  <div class='ocr_page' id='page_1' title='image "/cluster/home/n/w/nwhite01/storage/ocr_20150623/35/hvd.32044024473308/239.png"; bbox 0 0 3832 6394; ppageno 0'>
   <div class='ocr_carea' id='block_1_1' title="bbox 496 311 597 363">
    <p class='ocr_par' dir='ltr' id='par_1_1' title="bbox 496 311 597 363">
     <span class='ocr_line' id='line_1_1' title="bbox 496 311 597 363; baseline 0 -1"><span class='ocrx_word' id='word_1_1' title='bbox 496 311 597 363; x_wconf 75' lang='grc'><strong>467</strong></span> 
     </span>
    </p>
   </div>
   <div class='ocr_carea' id='block_1_2' title="bbox 1663 298 2037 406">
    <p class='ocr_par' dir='ltr' id='par_1_2' title="bbox 1663 298 2037 379">
     <span class='ocr_line' id='line_1_2' title="bbox 1663 298 2037 379; baseline 0.013 -5"><span class='ocrx_word' id='word_1_2' title='bbox 1663 321 1722 376; x_wconf 85' lang='lat' dir='ltr'><strong>s.</strong></span> <span class='ocrx_word' id='word_1_3' title='bbox 1763 298 2037 379; x_wconf 72' lang='lat' dir='ltr'><strong>cnsCon</strong></span> 
     </span>
    </p>
   </div>
   <div class='ocr_carea' id='block_1_3' title="bbox 2151 298 3659 406">
    <p class='ocr_par' dir='ltr' id='par_1_3' title="bbox 2151 324 3659 406">
     <span class='ocr_line' id='line_1_3' title="bbox 2151 324 3659 406; baseline 0.017 -27"><span class='ocrx_word' id='word_1_4' title='bbox 2151 324 2472 384; x_wconf 81' lang='lat' dir='ltr'><strong>I‘IIEOLOGI</strong></span> <span class='ocrx_word' id='word_1_5' title='bbox 3581 353 3659 406; x_wconf 71' lang='lat'><strong>468</strong></span> 
     </span>
    </p>
   </div>
   <div class='ocr_carea' id='block_1_4' title="bbox 495 422 2037 518">
    <p class='ocr_par' dir='ltr' id='par_1_4' title="bbox 495 422 2037 500">
     <span class='ocr_line' id='line_1_4' title="bbox 495 422 2037 500; baseline 0.012 -26"><span class='ocrx_word' id='word_1_6' title='bbox 495 425 598 475; x_wconf 77' lang='lat' dir='ltr'><strong>ritu</strong></span> <span class='ocrx_word' id='word_1_7' title='bbox 641 422 894 492; x_wconf 66' lang='lat' dir='ltr'><strong>praeditus</strong></span> <span class='ocrx_word' id='word_1_8' title='bbox 922 433 1024 478; x_wconf 86' lang='lat' dir='ltr'><strong>est.</strong></span> <span class='ocrx_word' id='word_1_9' title='bbox 1063 422 1172 478; x_wconf 84' lang='lat' dir='ltr'><strong>Nos</strong></span> <span class='ocrx_word' id='word_1_10' title='bbox 1208 434 1387 481; x_wconf 88' lang='lat' dir='ltr'><strong>autem</strong></span> <span class='ocrx_word' id='word_1_11' title='bbox 1427 441 1698 500; x_wconf 86' lang='lat' dir='ltr'><strong>veremur,</strong></span> <span class='ocrx_word' id='word_1_12' title='bbox 1726 451 1818 500; x_wconf 91' lang='lat' dir='ltr'><strong>ne,</strong></span> <span class='ocrx_word' id='word_1_13' title='bbox 1847 434 1906 492; x_wconf 76' lang='lat' dir='ltr'><strong>si</strong></span> <span class='ocrx_word' id='word_1_14' title='bbox 1934 451 2037 492; x_wconf 88' lang='lat' dir='ltr'><strong>cun</strong></span> 
     </span>
    </p>
   </div>
   <div class='ocr_carea' id='block_1_5' title="bbox 2151 422 3664 518">
    <p class='ocr_par' dir='ltr' id='par_1_5' title="bbox 2163 435 3664 518">
     <span class='ocr_line' id='line_1_5' title="bbox 2163 435 3664 518; baseline 0.016 -29"><span class='ocrx_word' id='word_1_15' title='bbox 2163 440 2312 511; x_wconf 79' lang='grc' dir='ltr'>παρά</span> <span class='ocrx_word' id='word_1_16' title='bbox 2356 441 2598 504; x_wconf 75' lang='grc' dir='ltr'><strong>τούτους,</strong></span> <span class='ocrx_word' id='word_1_17' title='bbox 2661 441 2734 512; x_wconf 81' lang='grc' dir='ltr'>μὴ</span> <span class='ocrx_word' id='word_1_18' title='bbox 2791 442 2962 512; x_wconf 86' lang='grc' dir='ltr'>μωροί</span> <span class='ocrx_word' id='word_1_19' title='bbox 2992 459 3134 504; x_wconf 87' lang='grc' dir='ltr'>τινες</span> <span class='ocrx_word' id='word_1_20' title='bbox 3164 435 3313 514; x_wconf 78' lang='grc' dir='ltr'>ὦμεν</span> <span class='ocrx_word' id='word_1_21' title='bbox 3338 444 3562 518; x_wconf 75' lang='grc' dir='ltr'>ἄρχοντες</span> <span class='ocrx_word' id='word_1_22' title='bbox 3583 457 3664 514; x_wconf 83' lang='grc' dir='ltr'><strong>Τά-</strong></span> 
     </span>
    </p>
   </div>
   <div class='ocr_carea' id='block_1_6' title="bbox 494 513 2055 594">
    <p class='ocr_par' dir='ltr' id='par_1_6' title="bbox 494 513 2055 594">
     <span class='ocr_line' id='line_1_6' title="bbox 494 513 2055 594; baseline 0.011 -28"><span class='ocrx_word' id='word_1_23' title='bbox 494 513 600 568; x_wconf 68' lang='lat' dir='ltr'><strong>iliis</strong></span> <span class='ocrx_word' id='word_1_24' title='bbox 629 529 1025 582; x_wconf 82' lang='lat' dir='ltr'><strong>comparemur,</strong></span> <span class='ocrx_word' id='word_1_25' title='bbox 1072 515 1219 570; x_wconf 97' lang='lat' dir='ltr'><strong>stulti</strong></span> <span class='ocrx_word' id='word_1_26' title='bbox 1273 518 1489 587; x_wconf 82' lang='lat' dir='ltr'><strong>quidam</strong></span> <span class='ocrx_word' id='word_1_27' title='bbox 1539 523 1810 594; x_wconf 85' lang='lat' dir='ltr'><strong>principes</strong></span> <span class='ocrx_word' id='word_1_28' title='bbox 1842 525 2055 583; x_wconf 84' lang='lat' dir='ltr'><strong>Taueos</strong></span> 
     </span>
    </p>
   </div>
   <div class='ocr_carea' id='block_1_7' title="bbox 487 604 2058 688">
    <p class='ocr_par' dir='ltr' id='par_1_7' title="bbox 487 604 2058 688">
     <span class='ocr_line' id='line_1_7' title="bbox 487 604 2058 688; baseline 0.008 -30"><span class='ocrx_word' id='word_1_29' title='bbox 487 605 663 659; x_wconf 86' lang='lat' dir='ltr'><strong>simus</strong></span> <span class='ocrx_word' id='word_1_30' title='bbox 692 604 758 670; x_wconf 80' lang='lat'><strong>“,</strong></span> <span class='ocrx_word' id='word_1_31' title='bbox 793 613 885 658; x_wconf 90' lang='lat' dir='ltr'><strong>aut</strong></span> <span class='ocrx_word' id='word_1_32' title='bbox 917 614 1200 661; x_wconf 75' lang='lat' dir='ltr'><strong>exactores</strong></span> <span class='ocrx_word' id='word_1_33' title='bbox 1231 607 1410 678; x_wconf 91' lang='lat' dir='ltr'><strong>spicas</strong></span> <span class='ocrx_word' id='word_1_34' title='bbox 1439 610 1677 682; x_wconf 75' lang='lat' dir='ltr'><strong>legentes</strong></span> <span class='ocrx_word' id='word_1_35' title='bbox 1699 653 1715 678; x_wconf 89' lang='lat'><strong>,</strong></span> <span class='ocrx_word' id='word_1_36' title='bbox 1749 625 1843 670; x_wconf 91' lang='lat' dir='ltr'><strong>aut</strong></span> <span class='ocrx_word' id='word_1_37' title='bbox 1888 632 2058 688; x_wconf 77' lang='lat' dir='ltr'><strong>popu-</strong></span> 
     </span>
    </p>
   </div>
   <div class='ocr_carea' id='block_1_8' title="bbox 491 695 2056 768">
    <p class='ocr_par' dir='ltr' id='par_1_8' title="bbox 491 695 2056 768">
     <span class='ocr_line' id='line_1_8' title="bbox 491 695 2056 768; baseline 0.01 -19"><span class='ocrx_word' id='word_1_38' title='bbox 491 695 600 750; x_wconf 90' lang='lat' dir='ltr'><strong>lum</strong></span> <span class='ocrx_word' id='word_1_39' title='bbox 644 697 783 752; x_wconf 80' lang='lat' dir='ltr'><strong>l‘also</strong></span> <span class='ocrx_word' id='word_1_40' title='bbox 825 698 1036 752; x_wconf 88' lang='lat' dir='ltr'><strong>beatum</strong></span> <span class='ocrx_word' id='word_1_41' title='bbox 1077 698 1320 756; x_wconf 89' lang='lat' dir='ltr'><strong>dicentes</strong></span> <span class='ocrx_word' id='word_1_42' title='bbox 1344 703 1429 768; x_wconf 71' lang='grc' dir='ltr'><strong>ἐς</strong></span> <span class='ocrx_word' id='word_1_43' title='bbox 1474 707 1665 759; x_wconf 85' lang='lat' dir='ltr'><strong>addam</strong></span> <span class='ocrx_word' id='word_1_44' title='bbox 1702 708 1863 762; x_wconf 90' lang='lat' dir='ltr'><strong>etiam</strong></span> <span class='ocrx_word' id='word_1_45' title='bbox 1912 710 2056 765; x_wconf 82' lang='lat' dir='ltr'><strong>beati</strong></span> 
     </span>
    </p>
   </div>
   <div class='ocr_carea' id='block_1_9' title="bbox 488 791 2058 862">
    <p class='ocr_par' dir='ltr' id='par_1_9' title="bbox 488 791 2058 862">
     <span class='ocr_line' id='line_1_9' title="bbox 488 791 2058 862; baseline 0.008 -18"><span class='ocrx_word' id='word_1_46' title='bbox 488 791 734 858; x_wconf 79' lang='lat' dir='ltr'><strong>dicti‘,et</strong></span> <span class='ocrx_word' id='word_1_47' title='bbox 761 793 956 862; x_wconf 90' lang='lat' dir='ltr'><strong>pedum</strong></span> <span class='ocrx_word' id='word_1_48' title='bbox 1001 802 1306 850; x_wconf 86' lang='lat' dir='ltr'><strong>vestrorum</strong></span> <span class='ocrx_word' id='word_1_49' title='bbox 1367 796 1512 851; x_wconf 91' lang='lat' dir='ltr'><strong>viam</strong></span> <span class='ocrx_word' id='word_1_50' title='bbox 1559 799 1839 855; x_wconf 76' lang='lat' dir='ltr'><strong>turbantes</strong></span> <span class='ocrx_word' id='word_1_51' title='bbox 1889 819 1902 855; x_wconf 92' lang='lat'><strong>:</strong></span> <span class='ocrx_word' id='word_1_52' title='bbox 1966 811 2058 855; x_wconf 90' lang='lat' dir='ltr'><strong>aut</strong></span> 
     </span>
    </p>
   </div>
   <div class='ocr_carea' id='block_1_10' title="bbox 489 869 2056 959">
    <p class='ocr_par' dir='ltr' id='par_1_10' title="bbox 489 869 2056 959">
     <span class='ocr_line' id='line_1_10' title="bbox 489 869 2056 959; baseline 0.008 -23"><span class='ocrx_word' id='word_1_53' title='bbox 489 869 736 942; x_wconf 48' lang='lat' dir='ltr'><strong>il&#39;lusores</strong></span> <span class='ocrx_word' id='word_1_54' title='bbox 755 885 1092 942; x_wconf 86' lang='lat' dir='ltr'><strong>dominantes</strong></span> <span class='ocrx_word' id='word_1_55' title='bbox 1120 889 1188 954; x_wconf 75' lang='grc'><strong>’⁷,</strong></span> <span class='ocrx_word' id='word_1_56' title='bbox 1242 896 1336 943; x_wconf 89' lang='lat' dir='ltr'><strong>aut</strong></span> <span class='ocrx_word' id='word_1_57' title='bbox 1360 889 1587 959; x_wconf 82' lang='lat' dir='ltr'><strong>juvenes</strong></span> <span class='ocrx_word' id='word_1_58' title='bbox 1618 892 1887 947; x_wconf 83' lang='lat' dir='ltr'><strong>antistites</strong></span> <span class='ocrx_word' id='word_1_59' title='bbox 1914 895 1958 925; x_wconf 79' lang='grc'><strong>³⁸</strong></span> <span class='ocrx_word' id='word_1_60' title='bbox 1993 910 2056 949; x_wconf 90' lang='lat' dir='ltr'><strong>ac</strong></span> 
     </span>
    </p>
   </div>
   <div class='ocr_carea' id='block_1_11' title="bbox 486 979 2055 1052">
    <p class='ocr_par' dir='ltr' id='par_1_11' title="bbox 486 979 2055 1052">
     <span class='ocr_line' id='line_1_11' title="bbox 486 979 2055 1052; baseline 0.006 -20"><span class='ocrx_word' id='word_1_61' title='bbox 486 979 768 1048; x_wconf 84' lang='lat' dir='ltr'><strong>prudentia</strong></span> <span class='ocrx_word' id='word_1_62' title='bbox 799 979 1019 1035; x_wconf 90' lang='lat' dir='ltr'><strong>minime</strong></span> <span class='ocrx_word' id='word_1_63' title='bbox 1049 981 1244 1047; x_wconf 88' lang='lat' dir='ltr'><strong>adulti,</strong></span> <span class='ocrx_word' id='word_1_64' title='bbox 1281 996 1350 1036; x_wconf 93' lang='lat' dir='ltr'><strong>ne</strong></span> <span class='ocrx_word' id='word_1_65' title='bbox 1378 996 1568 1051; x_wconf 90' lang='lat' dir='ltr'><strong>panem</strong></span> <span class='ocrx_word' id='word_1_66' title='bbox 1613 982 1826 1052; x_wconf 87' lang='lat' dir='ltr'><strong>quidem</strong></span> <span class='ocrx_word' id='word_1_67' title='bbox 1862 995 1917 1040; x_wconf 92' lang='lat' dir='ltr'><strong>et</strong></span> <span class='ocrx_word' id='word_1_68' title='bbox 1966 1001 2055 1041; x_wconf 90' lang='lat' dir='ltr'><strong>ve-</strong></span> 
     </span>
    </p>
   </div>
   <div class='ocr_carea' id='block_1_12' title="bbox 485 1072 2048 1148">
    <p class='ocr_par' dir='ltr' id='par_1_12' title="bbox 485 1072 2048 1148">
     <span class='ocr_line' id='line_1_12' title="bbox 485 1072 2048 1148; baseline 0.004 -23"><span class='ocrx_word' id='word_1_69' title='bbox 485 1072 796 1126; x_wconf 89' lang='lat' dir='ltr'><strong>stimentum</strong></span> <span class='ocrx_word' id='word_1_70' title='bbox 823 1074 892 1137; x_wconf 68' lang='lat'><strong>‘9,</strong></span> <span class='ocrx_word' id='word_1_71' title='bbox 924 1073 990 1128; x_wconf 90' lang='lat' dir='ltr'><strong>ad</strong></span> <span class='ocrx_word' id='word_1_72' title='bbox 1034 1075 1136 1128; x_wconf 90' lang='lat' dir='ltr'><strong>hoc</strong></span> <span class='ocrx_word' id='word_1_73' title='bbox 1171 1083 1230 1128; x_wconf 88' lang='lat' dir='ltr'><strong>ut</strong></span> <span class='ocrx_word' id='word_1_74' title='bbox 1269 1075 1592 1144; x_wconf 86' lang='lat' dir='ltr'><strong>quibusdam</strong></span> <span class='ocrx_word' id='word_1_75' title='bbox 1627 1076 1876 1147; x_wconf 81' lang='lat' dir='ltr'><strong>regendis</strong></span> <span class='ocrx_word' id='word_1_76' title='bbox 1909 1093 2048 1148; x_wconf 65' lang='lat' dir='ltr'><strong>prae-</strong></span> 
     </span>
    </p>
   </div>
   <div class='ocr_carea' id='block_1_13' title="bbox 485 1162 2046 1235">
    <p class='ocr_par' dir='ltr' id='par_1_13' title="bbox 485 1162 2046 1235">
     <span class='ocr_line' id='line_1_13' title="bbox 485 1162 2046 1235; baseline 0.004 -19"><span class='ocrx_word' id='word_1_77' title='bbox 485 1162 692 1228; x_wconf 87' lang='lat' dir='ltr'><strong>simus,</strong></span> <span class='ocrx_word' id='word_1_78' title='bbox 728 1163 1023 1228; x_wconf 82' lang='lat' dir='ltr'><strong>habentes;</strong></span> <span class='ocrx_word' id='word_1_79' title='bbox 1062 1175 1155 1218; x_wconf 91' lang='lat' dir='ltr'><strong>aut</strong></span> <span class='ocrx_word' id='word_1_80' title='bbox 1179 1166 1452 1234; x_wconf 71' lang='lat' dir='ltr'><strong>propheta:</strong></span> <span class='ocrx_word' id='word_1_81' title='bbox 1487 1165 1667 1235; x_wconf 91' lang='lat' dir='ltr'><strong>iniqua</strong></span> <span class='ocrx_word' id='word_1_82' title='bbox 1701 1166 1955 1222; x_wconf 87' lang='lat' dir='ltr'><strong>docentes</strong></span> <span class='ocrx_word' id='word_1_83' title='bbox 1980 1170 2046 1234; x_wconf 78' lang='grc'><strong>³⁸,</strong></span> 
     </span>
    </p>
   </div>
   <div class='ocr_carea' id='block_1_14' title="bbox 484 1255 2051 1328">
    <p class='ocr_par' dir='ltr' id='par_1_14' title="bbox 484 1255 2051 1328">
     <span class='ocr_line' id='line_1_14' title="bbox 484 1255 2051 1328; baseline 0.004 -22"><span class='ocrx_word' id='word_1_84' title='bbox 484 1263 577 1307; x_wconf 91' lang='lat' dir='ltr'><strong>aut</strong></span> <span class='ocrx_word' id='word_1_85' title='bbox 613 1255 884 1324; x_wconf 82' lang='lat' dir='ltr'><strong>principes</strong></span> <span class='ocrx_word' id='word_1_86' title='bbox 924 1255 1332 1318; x_wconf 87' lang='lat' dir='ltr'><strong>inobedientes,</strong></span> <span class='ocrx_word' id='word_1_87' title='bbox 1363 1265 1419 1310; x_wconf 91' lang='lat' dir='ltr'><strong>et</strong></span> <span class='ocrx_word' id='word_1_88' title='bbox 1473 1256 1617 1326; x_wconf 80' lang='lat' dir='ltr'><strong>digni</strong></span> <span class='ocrx_word' id='word_1_89' title='bbox 1657 1258 1746 1326; x_wconf 93' lang='lat' dir='ltr'><strong>qui</strong></span> <span class='ocrx_word' id='word_1_90' title='bbox 1781 1274 1902 1313; x_wconf 92' lang='lat' dir='ltr'><strong>cum</strong></span> <span class='ocrx_word' id='word_1_91' title='bbox 1953 1275 2051 1328; x_wconf 84' lang='lat' dir='ltr'><strong>pa-</strong></span> 
     </span>
    </p>
   </div>
   <div class='ocr_carea' id='block_1_15' title="bbox 485 1344 2048 1406">
    <p class='ocr_par' dir='ltr' id='par_1_15' title="bbox 485 1344 2048 1406">
     <span class='ocr_line' id='line_1_15' title="bbox 485 1344 2048 1406; baseline 0.004 -8"><span class='ocrx_word' id='word_1_92' title='bbox 485 1345 604 1400; x_wconf 90' lang='lat' dir='ltr'><strong>triis</strong></span> <span class='ocrx_word' id='word_1_93' title='bbox 628 1344 699 1399; x_wconf 90' lang='lat' dir='ltr'><strong>ob</strong></span> <span class='ocrx_word' id='word_1_94' title='bbox 731 1345 888 1400; x_wconf 84' lang='lat' dir='ltr'><strong>famis</strong></span> <span class='ocrx_word' id='word_1_95' title='bbox 925 1346 1173 1400; x_wconf 82' lang='lat' dir='ltr'><strong>duritiam</strong></span> <span class='ocrx_word' id='word_1_96' title='bbox 1213 1346 1255 1388; x_wconf 66' lang='grc'><strong>³⁸</strong></span> <span class='ocrx_word' id='word_1_97' title='bbox 1295 1346 1434 1401; x_wconf 91' lang='lat' dir='ltr'><strong>male</strong></span> <span class='ocrx_word' id='word_1_98' title='bbox 1467 1349 1771 1405; x_wconf 85' lang='lat' dir='ltr'><strong>audiamus.</strong></span> <span class='ocrx_word' id='word_1_99' title='bbox 1818 1349 1926 1404; x_wconf 82' lang='lat' dir='ltr'><strong>Aut</strong></span> <span class='ocrx_word' id='word_1_100' title='bbox 1957 1367 2048 1406; x_wconf 85' lang='lat' dir='ltr'><strong>sa-</strong></span> 
     </span>
    </p>
   </div>
   <div class='ocr_carea' id='block_1_16' title="bbox 482 1438 2044 1509">
    <p class='ocr_par' dir='ltr' id='par_1_16' title="bbox 482 1438 2044 1509">
     <span class='ocr_line' id='line_1_16' title="bbox 482 1438 2044 1509; baseline 0.004 -18"><span class='ocrx_word' id='word_1_101' title='bbox 482 1439 726 1493; x_wconf 84' lang='lat' dir='ltr'><strong>cerdotes</strong></span> <span class='ocrx_word' id='word_1_102' title='bbox 768 1438 923 1509; x_wconf 87' lang='lat' dir='ltr'><strong>longe</strong></span> <span class='ocrx_word' id='word_1_103' title='bbox 955 1441 1022 1493; x_wconf 89' lang='lat' dir='ltr'><strong>ab</strong></span> <span class='ocrx_word' id='word_1_104' title='bbox 1047 1454 1112 1494; x_wconf 92' lang='lat' dir='ltr'><strong>eo</strong></span> <span class='ocrx_word' id='word_1_105' title='bbox 1143 1441 1366 1504; x_wconf 89' lang='lat' dir='ltr'><strong>remoti,</strong></span> <span class='ocrx_word' id='word_1_106' title='bbox 1398 1450 1455 1499; x_wconf 88' lang='lat' dir='ltr'><strong>ut</strong></span> <span class='ocrx_word' id='word_1_107' title='bbox 1486 1441 1552 1495; x_wconf 89' lang='lat' dir='ltr'><strong>ad</strong></span> <span class='ocrx_word' id='word_1_108' title='bbox 1580 1456 1675 1496; x_wconf 93' lang='lat' dir='ltr'><strong>cor</strong></span> <span class='ocrx_word' id='word_1_109' title='bbox 1710 1441 2044 1498; x_wconf 87' lang='lat' dir='ltr'><strong>Hierusalem</strong></span> 
     </span>
    </p>
   </div>
   <div class='ocr_carea' id='block_1_17' title="bbox 482 1529 2041 1604">
    <p class='ocr_par' dir='ltr' id='par_1_17' title="bbox 482 1529 2041 1604">
     <span class='ocr_line' id='line_1_17' title="bbox 482 1529 2041 1604; baseline 0.004 -21"><span class='ocrx_word' id='word_1_110' title='bbox 482 1529 763 1598; x_wconf 92' lang='lat' dir='ltr'><strong>loquamur</strong></span> <span class='ocrx_word' id='word_1_111' title='bbox 785 1530 850 1594; x_wconf 83' lang='grc'><strong>³¹,</strong></span> <span class='ocrx_word' id='word_1_112' title='bbox 900 1545 1020 1599; x_wconf 80' lang='lat' dir='ltr'><strong>qua:</strong></span> <span class='ocrx_word' id='word_1_113' title='bbox 1069 1531 1248 1584; x_wconf 84' lang='lat' dir='ltr'><strong>omnia</strong></span> <span class='ocrx_word' id='word_1_114' title='bbox 1294 1531 1480 1597; x_wconf 88' lang='lat' dir='ltr'><strong>Isaias,</strong></span> <span class='ocrx_word' id='word_1_115' title='bbox 1520 1547 1616 1600; x_wconf 87' lang='lat' dir='ltr'><strong>per</strong></span> <span class='ocrx_word' id='word_1_116' title='bbox 1651 1532 1932 1604; x_wconf 87' lang='lat' dir='ltr'><strong>Seraphim</strong></span> <span class='ocrx_word' id='word_1_117' title='bbox 1985 1546 2041 1590; x_wconf 91' lang='lat' dir='ltr'><strong>et</strong></span> 
     </span>
    </p>
   </div>
   <div class='ocr_carea' id='block_1_18' title="bbox 481 1621 2042 1708">
    <p class='ocr_par' dir='ltr' id='par_1_18' title="bbox 481 1621 2042 1708">
     <span class='ocr_line' id='line_1_18' title="bbox 481 1621 2042 1708; baseline 0.004 -32"><span class='ocrx_word' id='word_1_118' title='bbox 481 1621 768 1677; x_wconf 90' lang='lat' dir='ltr'><strong>carbonem</strong></span> <span class='ocrx_word' id='word_1_119' title='bbox 801 1633 1055 1693; x_wconf 90' lang='lat' dir='ltr'><strong>purgatus</strong></span> <span class='ocrx_word' id='word_1_120' title='bbox 1092 1622 1158 1688; x_wconf 78' lang='grc'><strong>³³,</strong></span> <span class='ocrx_word' id='word_1_121' title='bbox 1198 1623 1417 1692; x_wconf 90' lang='lat' dir='ltr'><strong>pulchre</strong></span> <span class='ocrx_word' id='word_1_122' title='bbox 1448 1624 1774 1708; x_wconf 82' lang='lat' dir='ltr'><strong>exprobrat,</strong></span> <span class='ocrx_word' id='word_1_123' title='bbox 1807 1636 1861 1681; x_wconf 92' lang='lat' dir='ltr'><strong>et</strong></span> <span class='ocrx_word' id='word_1_124' title='bbox 1905 1642 2042 1683; x_wconf 87' lang='lat' dir='ltr'><strong>con-</strong></span> 
     </span>
    </p>
   </div>
   <div class='ocr_carea' id='block_1_19' title="bbox 481 1723 733 1770">
    <p class='ocr_par' dir='ltr' id='par_1_19' title="bbox 481 1723 733 1770">
     <span class='ocr_line' id='line_1_19' title="bbox 481 1723 733 1770; baseline 0.004 -1"><span class='ocrx_word' id='word_1_125' title='bbox 481 1723 733 1770; x_wconf 89' lang='lat' dir='ltr'><strong>testatur.</strong></span> 
     </span>
    </p>
   </div>
   <div class='ocr_carea' id='block_1_20' title="bbox 2160 533 3662 616">
    <p class='ocr_par' dir='ltr' id='par_1_20' title="bbox 2160 533 3662 616">
     <span class='ocr_line' id='line_1_20' title="bbox 2160 533 3662 616; baseline 0.011 -36"><span class='ocrx_word' id='word_1_126' title='bbox 2160 550 2314 596; x_wconf 86' lang='grc' dir='ltr'>νεως,</span> <span class='ocrx_word' id='word_1_127' title='bbox 2333 533 2365 604; x_wconf 82' lang='grc' dir='ltr'>ἢ</span> <span class='ocrx_word' id='word_1_128' title='bbox 2384 533 2690 605; x_wconf 81' lang='grc' dir='ltr'><strong>πράκτορες</strong></span> <span class='ocrx_word' id='word_1_129' title='bbox 2714 533 3096 604; x_wconf 80' lang='grc' dir='ltr'>καλαμώμενοι</span> <span class='ocrx_word' id='word_1_130' title='bbox 3122 534 3254 606; x_wconf 71' lang='grc'>(37),</span> <span class='ocrx_word' id='word_1_131' title='bbox 3277 535 3309 607; x_wconf 77' lang='grc' dir='ltr'>ἢ</span> <span class='ocrx_word' id='word_1_132' title='bbox 3337 541 3662 616; x_wconf 66' lang='grc' dir='ltr'>μακαρίζοντας</span> 
     </span>
    </p>
   </div>
   <div class='ocr_carea' id='block_1_21' title="bbox 2159 624 3664 705">
    <p class='ocr_par' dir='ltr' id='par_1_21' title="bbox 2159 624 3664 705">
     <span class='ocr_line' id='line_1_21' title="bbox 2159 624 3664 705; baseline 0.007 -28"><span class='ocrx_word' id='word_1_133' title='bbox 2159 624 2248 677; x_wconf 78' lang='grc' dir='ltr'><strong>τὸν</strong></span> <span class='ocrx_word' id='word_1_134' title='bbox 2295 625 2421 678; x_wconf 79' lang='grc' dir='ltr'>λαὸν</span> <span class='ocrx_word' id='word_1_135' title='bbox 2445 626 2672 696; x_wconf 76' lang='grc' dir='ltr'>ψευδῶς·</span> <span class='ocrx_word' id='word_1_136' title='bbox 2711 625 3000 697; x_wconf 82' lang='grc' dir='ltr'><strong>προσθήσω</strong></span> <span class='ocrx_word' id='word_1_137' title='bbox 3031 626 3106 691; x_wconf 85' lang='grc' dir='ltr'><strong>δὲ,</strong></span> <span class='ocrx_word' id='word_1_138' title='bbox 3150 627 3245 680; x_wconf 81' lang='grc' dir='ltr'>καὶ</span> <span class='ocrx_word' id='word_1_139' title='bbox 3278 631 3664 705; x_wconf 69' lang='grc' dir='ltr'>μακαριζόμενα,</span> 
     </span>
    </p>
   </div>
   <div class='ocr_carea' id='block_1_22' title="bbox 2158 715 3667 803">
    <p class='ocr_par' dir='ltr' id='par_1_22' title="bbox 2158 715 3667 803">
     <span class='ocr_line' id='line_1_22' title="bbox 2158 715 3667 803; baseline 0.006 -35"><span class='ocrx_word' id='word_1_140' title='bbox 2158 716 2252 768; x_wconf 75' lang='grc' dir='ltr'><strong>καὶ</strong></span> <span class='ocrx_word' id='word_1_141' title='bbox 2273 715 2372 787; x_wconf 76' lang='grc' dir='ltr'><strong>τὴν</strong></span> <span class='ocrx_word' id='word_1_142' title='bbox 2403 716 2586 790; x_wconf 78' lang='grc' dir='ltr'>τρίϐον</span> <span class='ocrx_word' id='word_1_143' title='bbox 2608 716 2716 771; x_wconf 84' lang='grc' dir='ltr'>τῶν</span> <span class='ocrx_word' id='word_1_144' title='bbox 2758 717 2932 770; x_wconf 83' lang='grc' dir='ltr'>ποδῶν</span> <span class='ocrx_word' id='word_1_145' title='bbox 2962 716 3114 787; x_wconf 81' lang='grc' dir='ltr'>ὑμῶν</span> <span class='ocrx_word' id='word_1_146' title='bbox 3138 718 3500 788; x_wconf 75' lang='grc' dir='ltr'><strong>ταράσσοντες·</strong></span> <span class='ocrx_word' id='word_1_147' title='bbox 3527 728 3555 796; x_wconf 79' lang='grc' dir='ltr'>ἢ</span> <span class='ocrx_word' id='word_1_148' title='bbox 3597 734 3667 803; x_wconf 78' lang='grc' dir='ltr'><strong>ὲμ.</strong></span> 
     </span>
    </p>
   </div>
   <div class='ocr_carea' id='block_1_23' title="bbox 2158 806 3668 886">
    <p class='ocr_par' dir='ltr' id='par_1_23' title="bbox 2158 806 3668 886">
     <span class='ocr_line' id='line_1_23' title="bbox 2158 806 3668 886; baseline 0.007 -31"><span class='ocrx_word' id='word_1_149' title='bbox 2158 807 2382 860; x_wconf 87' lang='grc' dir='ltr'>παῑκται</span> <span class='ocrx_word' id='word_1_150' title='bbox 2401 806 2768 878; x_wconf 80' lang='grc' dir='ltr'>κυριεύοντες,</span> <span class='ocrx_word' id='word_1_151' title='bbox 2798 807 2831 879; x_wconf 80' lang='grc' dir='ltr'>ἢ</span> <span class='ocrx_word' id='word_1_152' title='bbox 2858 808 3128 863; x_wconf 79' lang='grc' dir='ltr'>νεανίσκοι</span> <span class='ocrx_word' id='word_1_153' title='bbox 3159 809 3449 880; x_wconf 83' lang='grc' dir='ltr'>προστάται</span> <span class='ocrx_word' id='word_1_154' title='bbox 3474 813 3568 886; x_wconf 79' lang='lat'>(38)</span> <span class='ocrx_word' id='word_1_155' title='bbox 3597 826 3668 876; x_wconf 65' lang='grc' dir='ltr'><strong>καὶ</strong></span> 
     </span>
    </p>
   </div>
   <div class='ocr_carea' id='block_1_24' title="bbox 2155 896 3668 982">
    <p class='ocr_par' dir='ltr' id='par_1_24' title="bbox 2155 896 3668 982">
     <span class='ocr_line' id='line_1_24' title="bbox 2155 896 3668 982; baseline 0.007 -32"><span class='ocrx_word' id='word_1_156' title='bbox 2155 896 2367 962; x_wconf 85' lang='grc' dir='ltr'>ἀτελεῖς</span> <span class='ocrx_word' id='word_1_157' title='bbox 2398 898 2497 970; x_wconf 81' lang='grc' dir='ltr'><strong>τὴν</strong></span> <span class='ocrx_word' id='word_1_158' title='bbox 2526 899 2808 970; x_wconf 82' lang='grc' dir='ltr'>φρόνησιν,</span> <span class='ocrx_word' id='word_1_159' title='bbox 2841 899 2961 970; x_wconf 75' lang='grc' dir='ltr'>μηδ’</span> <span class='ocrx_word' id='word_1_160' title='bbox 2986 901 3107 953; x_wconf 88' lang='grc' dir='ltr'>ὅσον</span> <span class='ocrx_word' id='word_1_161' title='bbox 3136 899 3245 970; x_wconf 77' lang='lat'>(39)</span> <span class='ocrx_word' id='word_1_162' title='bbox 3281 899 3437 972; x_wconf 79' lang='grc' dir='ltr'>ἄρτου</span> <span class='ocrx_word' id='word_1_163' title='bbox 3475 909 3554 960; x_wconf 80' lang='grc' dir='ltr'>καὶ</span> <span class='ocrx_word' id='word_1_164' title='bbox 3575 913 3668 982; x_wconf 81' lang='grc' dir='ltr'><strong>ἱμα-</strong></span> 
     </span>
    </p>
   </div>
   <div class='ocr_carea' id='block_1_25' title="bbox 2153 987 3671 1075">
    <p class='ocr_par' dir='ltr' id='par_1_25' title="bbox 2153 987 3671 1075">
     <span class='ocr_line' id='line_1_25' title="bbox 2153 987 3671 1075; baseline 0.007 -35"><span class='ocrx_word' id='word_1_165' title='bbox 2153 987 2269 1041; x_wconf 89' lang='grc' dir='ltr'>τίου</span> <span class='ocrx_word' id='word_1_166' title='bbox 2291 989 2426 1060; x_wconf 87' lang='grc' dir='ltr'>πρὸς</span> <span class='ocrx_word' id='word_1_167' title='bbox 2456 989 2517 1042; x_wconf 81' lang='grc' dir='ltr'><strong>τὸ</strong></span> <span class='ocrx_word' id='word_1_168' title='bbox 2554 989 2913 1060; x_wconf 83' lang='grc' dir='ltr'>καθηγεῖσθαί</span> <span class='ocrx_word' id='word_1_169' title='bbox 2937 1008 3096 1044; x_wconf 90' lang='grc' dir='ltr'>τινων</span> <span class='ocrx_word' id='word_1_170' title='bbox 3137 991 3499 1064; x_wconf 78' lang='grc' dir='ltr'>εὐποροῦντες·</span> <span class='ocrx_word' id='word_1_171' title='bbox 3523 1002 3551 1072; x_wconf 79' lang='grc' dir='ltr'>ἢ</span> <span class='ocrx_word' id='word_1_172' title='bbox 3575 1022 3671 1075; x_wconf 83' lang='grc' dir='ltr'>προ.</span> 
     </span>
    </p>
   </div>
   <div class='ocr_carea' id='block_1_26' title="bbox 2154 1080 3667 1160">
    <p class='ocr_par' dir='ltr' id='par_1_26' title="bbox 2154 1080 3667 1160">
     <span class='ocr_line' id='line_1_26' title="bbox 2154 1080 3667 1160; baseline 0.016 -30"><span class='ocrx_word' id='word_1_173' title='bbox 2154 1081 2314 1150; x_wconf 80' lang='grc' dir='ltr'>φῆται</span> <span class='ocrx_word' id='word_1_174' title='bbox 2363 1080 2705 1145; x_wconf 84' lang='grc' dir='ltr'>διδάσκοντες</span> <span class='ocrx_word' id='word_1_175' title='bbox 2750 1081 3009 1152; x_wconf 80' lang='grc' dir='ltr'>ἄνομα,ἢ</span> <span class='ocrx_word' id='word_1_176' title='bbox 3057 1082 3312 1153; x_wconf 83' lang='grc' dir='ltr'>ἄρχοντες</span> <span class='ocrx_word' id='word_1_177' title='bbox 3355 1085 3667 1160; x_wconf 72' lang='grc' dir='ltr'>ἀπειθοῦντες,</span> 
     </span>
    </p>
   </div>
   <div class='ocr_carea' id='block_1_27' title="bbox 2153 1172 3670 1251">
    <p class='ocr_par' dir='ltr' id='par_1_27' title="bbox 2153 1172 3670 1251">
     <span class='ocr_line' id='line_1_27' title="bbox 2153 1172 3670 1251; baseline 0.009 -27"><span class='ocrx_word' id='word_1_178' title='bbox 2153 1173 2247 1225; x_wconf 73' lang='grc' dir='ltr'><strong>καὶ</strong></span> <span class='ocrx_word' id='word_1_179' title='bbox 2288 1172 2474 1236; x_wconf 83' lang='grc' dir='ltr'>κακῶς</span> <span class='ocrx_word' id='word_1_180' title='bbox 2525 1173 2744 1226; x_wconf 82' lang='grc' dir='ltr'>ἀκούειν</span> <span class='ocrx_word' id='word_1_181' title='bbox 2801 1173 2940 1244; x_wconf 84' lang='grc' dir='ltr'>μετὰ</span> <span class='ocrx_word' id='word_1_182' title='bbox 2990 1174 3098 1229; x_wconf 84' lang='grc' dir='ltr'><strong>τῶν</strong></span> <span class='ocrx_word' id='word_1_183' title='bbox 3147 1176 3386 1248; x_wconf 83' lang='grc' dir='ltr'>πατρίων</span> <span class='ocrx_word' id='word_1_184' title='bbox 3435 1180 3670 1251; x_wconf 70' lang='grc' dir='ltr'>(40)-ἀξιοι</span> 
     </span>
    </p>
   </div>
   <div class='ocr_carea' id='block_1_28' title="bbox 2149 1262 3668 1344">
    <p class='ocr_par' dir='ltr' id='par_1_28' title="bbox 2149 1262 3668 1344">
     <span class='ocr_line' id='line_1_28' title="bbox 2149 1262 3668 1344; baseline 0.007 -30"><span class='ocrx_word' id='word_1_185' title='bbox 2149 1262 2236 1314; x_wconf 80' lang='grc' dir='ltr'><strong>διὰ</strong></span> <span class='ocrx_word' id='word_1_186' title='bbox 2262 1263 2421 1333; x_wconf 79' lang='grc' dir='ltr'>λιμοῦ</span> <span class='ocrx_word' id='word_1_187' title='bbox 2463 1262 2825 1334; x_wconf 79' lang='grc' dir='ltr'>σκληρότητα·</span> <span class='ocrx_word' id='word_1_188' title='bbox 2863 1264 2896 1334; x_wconf 83' lang='grc' dir='ltr'>ἢ</span> <span class='ocrx_word' id='word_1_189' title='bbox 2946 1264 3110 1334; x_wconf 85' lang='grc' dir='ltr'>ἱερεῖς</span> <span class='ocrx_word' id='word_1_190' title='bbox 3143 1264 3236 1317; x_wconf 89' lang='grc' dir='ltr'><strong>τοῦ</strong></span> <span class='ocrx_word' id='word_1_191' title='bbox 3278 1265 3448 1320; x_wconf 83' lang='grc' dir='ltr'>λαλεῖν</span> <span class='ocrx_word' id='word_1_192' title='bbox 3482 1272 3553 1334; x_wconf 82' lang='grc' dir='ltr'>εἰς</span> <span class='ocrx_word' id='word_1_193' title='bbox 3594 1273 3668 1344; x_wconf 79' lang='grc' dir='ltr'>τὴν</span> 
     </span>
    </p>
   </div>
   <div class='ocr_carea' id='block_1_29' title="bbox 2150 1355 3671 1433">
    <p class='ocr_par' dir='ltr' id='par_1_29' title="bbox 2150 1355 3671 1433">
     <span class='ocr_line' id='line_1_29' title="bbox 2150 1355 3671 1433; baseline -0.001 -25"><span class='ocrx_word' id='word_1_194' title='bbox 2150 1355 2376 1426; x_wconf 86' lang='grc' dir='ltr'>καρδίαν</span> <span class='ocrx_word' id='word_1_195' title='bbox 2419 1355 2772 1426; x_wconf 77' lang='grc' dir='ltr'>Ἰερουσαλὴμ</span> <span class='ocrx_word' id='word_1_196' title='bbox 2801 1355 3052 1409; x_wconf 87' lang='grc' dir='ltr'>πλεῖστον</span> <span class='ocrx_word' id='word_1_197' title='bbox 3083 1356 3392 1426; x_wconf 78' lang='grc' dir='ltr'>ἀπέχοντες,</span> <span class='ocrx_word' id='word_1_198' title='bbox 3425 1359 3458 1413; x_wconf 82' lang='grc' dir='ltr'><strong>ἀ</strong></span> <span class='ocrx_word' id='word_1_199' title='bbox 3482 1361 3538 1433; x_wconf 80' lang='grc' dir='ltr'><strong>δὴ</strong></span> <span class='ocrx_word' id='word_1_200' title='bbox 3565 1365 3671 1418; x_wconf 77' lang='grc' dir='ltr'>πάν-</span> 
     </span>
    </p>
   </div>
   <div class='ocr_carea' id='block_1_30' title="bbox 2148 1445 3670 1523">
    <p class='ocr_par' dir='ltr' id='par_1_30' title="bbox 2148 1445 3670 1523">
     <span class='ocr_line' id='line_1_30' title="bbox 2148 1445 3670 1523; baseline -0.001 -26"><span class='ocrx_word' id='word_1_201' title='bbox 2148 1461 2217 1498; x_wconf 85' lang='grc' dir='ltr'><strong>τα</strong></span> <span class='ocrx_word' id='word_1_202' title='bbox 2240 1447 2268 1498; x_wconf 87' lang='grc' dir='ltr'>ὁ</span> <span class='ocrx_word' id='word_1_203' title='bbox 2303 1445 2378 1515; x_wconf 85' lang='grc' dir='ltr'>τῷ</span> <span class='ocrx_word' id='word_1_204' title='bbox 2408 1445 2657 1516; x_wconf 70' lang='grc' dir='ltr'>Σεραφὶμ</span> <span class='ocrx_word' id='word_1_205' title='bbox 2692 1446 2787 1499; x_wconf 77' lang='grc' dir='ltr'>καὶ</span> <span class='ocrx_word' id='word_1_206' title='bbox 2808 1445 2885 1516; x_wconf 84' lang='grc' dir='ltr'>τῷ</span> <span class='ocrx_word' id='word_1_207' title='bbox 2908 1445 3136 1516; x_wconf 76' lang='grc' dir='ltr'>ἄνθρακι</span> <span class='ocrx_word' id='word_1_208' title='bbox 3166 1447 3449 1518; x_wconf 77' lang='grc' dir='ltr'>καθαρθεὶς</span> <span class='ocrx_word' id='word_1_209' title='bbox 3472 1451 3568 1523; x_wconf 61' lang='lat' dir='ltr'>(Il)</span> <span class='ocrx_word' id='word_1_210' title='bbox 3599 1455 3670 1508; x_wconf 72' lang='grc' dir='ltr'><strong>Ἠ-</strong></span> 
     </span>
    </p>
   </div>
   <div class='ocr_carea' id='block_1_31' title="bbox 2152 1538 3264 1610">
    <p class='ocr_par' dir='ltr' id='par_1_31' title="bbox 2152 1538 3264 1610">
     <span class='ocr_line' id='line_1_31' title="bbox 2152 1538 3264 1610; baseline 0.003 -20"><span class='ocrx_word' id='word_1_211' title='bbox 2152 1539 2306 1602; x_wconf 81' lang='grc' dir='ltr'><strong>σαῖας</strong></span> <span class='ocrx_word' id='word_1_212' title='bbox 2325 1539 2569 1607; x_wconf 76' lang='grc' dir='ltr'>ὀνειδίζει</span> <span class='ocrx_word' id='word_1_213' title='bbox 2603 1538 2781 1602; x_wconf 84' lang='grc' dir='ltr'>καλῶς</span> <span class='ocrx_word' id='word_1_214' title='bbox 2799 1539 2890 1591; x_wconf 75' lang='grc' dir='ltr'><strong>καὶ</strong></span> <span class='ocrx_word' id='word_1_215' title='bbox 2915 1539 3264 1610; x_wconf 78' lang='grc' dir='ltr'>μαρτύρεται.</span> 
     </span>
    </p>
   </div>
   <div class='ocr_carea' id='block_1_32' title="bbox 555 1798 2037 1882">
    <p class='ocr_par' dir='ltr' id='par_1_32' title="bbox 555 1804 2037 1882">
     <span class='ocr_line' id='line_1_32' title="bbox 555 1804 2037 1882; baseline 0.007 -24"><span class='ocrx_word' id='word_1_216' title='bbox 555 1804 709 1860; x_wconf 79' lang='lat' dir='ltr'><strong>LVII.</strong></span> <span class='ocrx_word' id='word_1_217' title='bbox 753 1805 858 1862; x_wconf 89' lang='lat' dir='ltr'><strong>Sed</strong></span> <span class='ocrx_word' id='word_1_218' title='bbox 901 1805 1132 1864; x_wconf 78' lang='lat' dir='ltr'><strong>fortasse</strong></span> <span class='ocrx_word' id='word_1_219' title='bbox 1161 1817 1366 1862; x_wconf 87' lang='lat' dir='ltr'><strong>tantum</strong></span> <span class='ocrx_word' id='word_1_220' title='bbox 1392 1810 1606 1879; x_wconf 90' lang='lat' dir='ltr'><strong>quidem</strong></span> <span class='ocrx_word' id='word_1_221' title='bbox 1638 1821 1722 1866; x_wconf 88' lang='lat' dir='ltr'><strong>est</strong></span> <span class='ocrx_word' id='word_1_222' title='bbox 1753 1812 1854 1867; x_wconf 91' lang='lat' dir='ltr'><strong>hoc</strong></span> <span class='ocrx_word' id='word_1_223' title='bbox 1883 1827 2037 1882; x_wconf 86' lang='lat' dir='ltr'><strong>opus,</strong></span> 
     </span>
    </p>
   </div>
   <div class='ocr_carea' id='block_1_33' title="bbox 2151 1798 3676 1882">
    <p class='ocr_par' dir='ltr' id='par_1_33' title="bbox 2217 1801 3676 1878">
     <span class='ocr_line' id='line_1_33' title="bbox 2217 1801 3676 1878; baseline 0.003 -20"><span class='ocrx_word' id='word_1_224' title='bbox 2217 1805 2342 1868; x_wconf 87' lang='lat' dir='ltr'><strong>NZ&#39;.</strong></span> <span class='ocrx_word' id='word_1_225' title='bbox 2389 1805 2511 1878; x_wconf 72' lang='grc' dir='ltr'><strong>’Ἆρ’</strong></span> <span class='ocrx_word' id='word_1_226' title='bbox 2551 1801 2644 1859; x_wconf 85' lang='grc' dir='ltr'><strong>οῦν</strong></span> <span class='ocrx_word' id='word_1_227' title='bbox 2675 1804 2737 1858; x_wconf 82' lang='grc' dir='ltr'><strong>τὸ</strong></span> <span class='ocrx_word' id='word_1_228' title='bbox 2760 1804 2870 1876; x_wconf 71' lang='grc'>(42)</span> <span class='ocrx_word' id='word_1_229' title='bbox 2900 1803 3000 1875; x_wconf 84' lang='grc' dir='ltr'><strong>μὲν</strong></span> <span class='ocrx_word' id='word_1_230' title='bbox 3027 1802 3186 1877; x_wconf 76' lang='grc' dir='ltr'>ἔργον</span> <span class='ocrx_word' id='word_1_231' title='bbox 3214 1805 3481 1871; x_wconf 88' lang='grc' dir='ltr'>τοσοῦτον,</span> <span class='ocrx_word' id='word_1_232' title='bbox 3509 1808 3591 1862; x_wconf 73' lang='grc' dir='ltr'><strong>καὶ</strong></span> <span class='ocrx_word' id='word_1_233' title='bbox 3605 1807 3676 1863; x_wconf 79' lang='grc' dir='ltr'>οὖ-</span> 
     </span>
    </p>
   </div>
   <div class='ocr_carea' id='block_1_34' title="bbox 480 1898 2045 1975">
    <p class='ocr_par' dir='ltr' id='par_1_34' title="bbox 480 1898 2045 1975">
     <span class='ocr_line' id='line_1_34' title="bbox 480 1898 2045 1975; baseline 0.006 -25"><span class='ocrx_word' id='word_1_234' title='bbox 480 1909 698 1967; x_wconf 86' lang='lat' dir='ltr'><strong>tamqne</strong></span> <span class='ocrx_word' id='word_1_235' title='bbox 748 1898 1028 1954; x_wconf 89' lang='lat' dir='ltr'><strong>molestum</strong></span> <span class='ocrx_word' id='word_1_236' title='bbox 1062 1910 1117 1956; x_wconf 91' lang='lat' dir='ltr'><strong>et</strong></span> <span class='ocrx_word' id='word_1_237' title='bbox 1149 1900 1477 1956; x_wconf 87' lang='lat' dir='ltr'><strong>laboriosum</strong></span> <span class='ocrx_word' id='word_1_238' title='bbox 1523 1903 1672 1957; x_wconf 89' lang='lat' dir='ltr'><strong>cordi</strong></span> <span class='ocrx_word' id='word_1_239' title='bbox 1702 1918 1864 1958; x_wconf 90' lang='lat' dir='ltr'><strong>sensu</strong></span> <span class='ocrx_word' id='word_1_240' title='bbox 1909 1921 2045 1975; x_wconf 68' lang='lat' dir='ltr'><strong>prae-</strong></span> 
     </span>
    </p>
   </div>
   <div class='ocr_carea' id='block_1_35' title="bbox 477 1991 2040 2077">
    <p class='ocr_par' dir='ltr' id='par_1_35' title="bbox 477 1991 2040 2077">
     <span class='ocr_line' id='line_1_35' title="bbox 477 1991 2040 2077; baseline 0.006 -35"><span class='ocrx_word' id='word_1_241' title='bbox 477 1991 609 2054; x_wconf 91' lang='lat' dir='ltr'><strong>dito,</strong></span> <span class='ocrx_word' id='word_1_242' title='bbox 629 2000 683 2045; x_wconf 90' lang='lat' dir='ltr'><strong>et</strong></span> <span class='ocrx_word' id='word_1_243' title='bbox 701 1991 969 2059; x_wconf 68' lang='lat' dir='ltr'><strong>maerenti,</strong></span> <span class='ocrx_word' id='word_1_244' title='bbox 990 2007 1052 2047; x_wconf 89' lang='lat' dir='ltr'><strong>ac</strong></span> <span class='ocrx_word' id='word_1_245' title='bbox 1067 2006 1192 2047; x_wconf 84' lang='lat' dir='ltr'><strong>vere</strong></span> <span class='ocrx_word' id='word_1_246' title='bbox 1214 1993 1352 2077; x_wconf 69' lang='lat' dir='ltr'><strong>tinea</strong></span> <span class='ocrx_word' id='word_1_247' title='bbox 1371 1994 1570 2048; x_wconf 87' lang='lat' dir='ltr'><strong>ossium</strong></span> <span class='ocrx_word' id='word_1_248' title='bbox 1586 1995 1631 2029; x_wconf 73' lang='grc'>³⁸</span> <span class='ocrx_word' id='word_1_249' title='bbox 1648 1996 1758 2050; x_wconf 90' lang='lat' dir='ltr'><strong>viro</strong></span> <span class='ocrx_word' id='word_1_250' title='bbox 1773 1996 2040 2065; x_wconf 87' lang='lat' dir='ltr'><strong>prudenti.</strong></span> 
     </span>
    </p>
   </div>
   <div class='ocr_carea' id='block_1_36' title="bbox 479 2078 2045 2154">
    <p class='ocr_par' dir='ltr' id='par_1_36' title="bbox 479 2078 2045 2154">
     <span class='ocr_line' id='line_1_36' title="bbox 479 2078 2045 2154; baseline 0.005 -18"><span class='ocrx_word' id='word_1_251' title='bbox 479 2081 676 2138; x_wconf 84' lang='lat' dir='ltr'><strong>Verum</strong></span> <span class='ocrx_word' id='word_1_252' title='bbox 709 2099 930 2154; x_wconf 87' lang='lat' dir='ltr'><strong>parvum</strong></span> <span class='ocrx_word' id='word_1_253' title='bbox 973 2093 1055 2139; x_wconf 91' lang='lat' dir='ltr'><strong>est</strong></span> <span class='ocrx_word' id='word_1_254' title='bbox 1095 2078 1391 2154; x_wconf 73' lang='lat' dir='ltr'><strong>periculum</strong></span> <span class='ocrx_word' id='word_1_255' title='bbox 1418 2125 1434 2150; x_wconf 94' lang='lat'><strong>,</strong></span> <span class='ocrx_word' id='word_1_256' title='bbox 1478 2095 1570 2140; x_wconf 89' lang='lat' dir='ltr'><strong>aut</strong></span> <span class='ocrx_word' id='word_1_257' title='bbox 1615 2102 1775 2142; x_wconf 92' lang='lat' dir='ltr'><strong>casus</strong></span> <span class='ocrx_word' id='word_1_258' title='bbox 1812 2089 1945 2145; x_wconf 88' lang='lat' dir='ltr'><strong>levis</strong></span> <span class='ocrx_word' id='word_1_259' title='bbox 1989 2098 2045 2144; x_wconf 89' lang='lat' dir='ltr'><strong>et</strong></span> 
     </span>
    </p>
   </div>
   <div class='ocr_carea' id='block_1_37' title="bbox 476 2175 2040 2246">
    <p class='ocr_par' dir='ltr' id='par_1_37' title="bbox 476 2175 2040 2246">
     <span class='ocr_line' id='line_1_37' title="bbox 476 2175 2040 2246; baseline 0.002 -18"><span class='ocrx_word' id='word_1_260' title='bbox 476 2175 899 2229; x_wconf 88' lang='lat' dir='ltr'><strong>contemnendus</strong></span> <span class='ocrx_word' id='word_1_261' title='bbox 921 2175 1028 2228; x_wconf 83' lang='lat' dir='ltr'><strong>?At</strong></span> <span class='ocrx_word' id='word_1_262' title='bbox 1051 2177 1329 2231; x_wconf 84' lang='lat' dir='ltr'><strong>enimvero</strong></span> <span class='ocrx_word' id='word_1_263' title='bbox 1353 2191 1603 2246; x_wconf 81' lang='lat' dir='ltr'><strong>magnum</strong></span> <span class='ocrx_word' id='word_1_264' title='bbox 1625 2177 1754 2231; x_wconf 88' lang='lat' dir='ltr'><strong>mihi</strong></span> <span class='ocrx_word' id='word_1_265' title='bbox 1779 2186 2040 2234; x_wconf 89' lang='lat' dir='ltr'><strong>terrorem</strong></span> 
     </span>
    </p>
   </div>
   <div class='ocr_carea' id='block_1_38' title="bbox 477 2265 2042 2334">
    <p class='ocr_par' dir='ltr' id='par_1_38' title="bbox 477 2265 2042 2334">
     <span class='ocr_line' id='line_1_38' title="bbox 477 2265 2042 2334; baseline 0.005 -17"><span class='ocrx_word' id='word_1_266' title='bbox 477 2265 762 2334; x_wconf 91' lang='lat' dir='ltr'><strong>injicinut,</strong></span> <span class='ocrx_word' id='word_1_267' title='bbox 800 2267 925 2321; x_wconf 90' lang='lat' dir='ltr'><strong>hinc</strong></span> <span class='ocrx_word' id='word_1_268' title='bbox 977 2266 1165 2322; x_wconf 85' lang='lat' dir='ltr'><strong>beatus</strong></span> <span class='ocrx_word' id='word_1_269' title='bbox 1195 2266 1398 2334; x_wconf 88' lang='lat' dir='ltr'><strong>Oseas,</strong></span> <span class='ocrx_word' id='word_1_270' title='bbox 1434 2269 1695 2323; x_wconf 87' lang='lat' dir='ltr'><strong>adversus</strong></span> <span class='ocrx_word' id='word_1_271' title='bbox 1722 2284 1820 2324; x_wconf 90' lang='lat' dir='ltr'><strong>nos</strong></span> <span class='ocrx_word' id='word_1_272' title='bbox 1861 2285 2042 2325; x_wconf 87' lang='lat' dir='ltr'><strong>sacer-</strong></span> 
     </span>
    </p>
   </div>
   <div class='ocr_carea' id='block_1_39' title="bbox 479 2357 2038 2430">
    <p class='ocr_par' dir='ltr' id='par_1_39' title="bbox 479 2357 2038 2430">
     <span class='ocr_line' id='line_1_39' title="bbox 479 2357 2038 2430; baseline 0.004 -20"><span class='ocrx_word' id='word_1_273' title='bbox 479 2358 632 2412; x_wconf 87' lang='lat' dir='ltr'><strong>dotes</strong></span> <span class='ocrx_word' id='word_1_274' title='bbox 666 2367 719 2412; x_wconf 92' lang='lat' dir='ltr'><strong>et</strong></span> <span class='ocrx_word' id='word_1_275' title='bbox 748 2357 1034 2427; x_wconf 66' lang='lat' dir='ltr'><strong>praefectos</strong></span> <span class='ocrx_word' id='word_1_276' title='bbox 1081 2358 1347 2425; x_wconf 86' lang='lat' dir='ltr'><strong>judicium</strong></span> <span class='ocrx_word' id='word_1_277' title='bbox 1385 2373 1505 2414; x_wconf 91' lang='lat' dir='ltr'><strong>esse</strong></span> <span class='ocrx_word' id='word_1_278' title='bbox 1545 2360 1728 2415; x_wconf 89' lang='lat' dir='ltr'><strong>dicens</strong></span> <span class='ocrx_word' id='word_1_279' title='bbox 1750 2401 1767 2428; x_wconf 94' lang='lat'><strong>,</strong></span> <span class='ocrx_word' id='word_1_280' title='bbox 1803 2362 1929 2430; x_wconf 87' lang='lat' dir='ltr'><strong>quia</strong></span> <span class='ocrx_word' id='word_1_281' title='bbox 1959 2362 2038 2416; x_wconf 88' lang='lat' dir='ltr'><strong>la-</strong></span> 
     </span>
    </p>
   </div>
   <div class='ocr_carea' id='block_1_40' title="bbox 474 2450 2038 2520">
    <p class='ocr_par' dir='ltr' id='par_1_40' title="bbox 474 2450 2038 2520">
     <span class='ocr_line' id='line_1_40' title="bbox 474 2450 2038 2520; baseline 0.004 -18"><span class='ocrx_word' id='word_1_282' title='bbox 474 2465 644 2519; x_wconf 90' lang='lat' dir='ltr'><strong>queus</strong></span> <span class='ocrx_word' id='word_1_283' title='bbox 665 2450 892 2518; x_wconf 70' lang='lat' dir='ltr'><strong>specula:</strong></span> <span class='ocrx_word' id='word_1_284' title='bbox 922 2451 1047 2504; x_wconf 83' lang='lat' dir='ltr'><strong>facti</strong></span> <span class='ocrx_word' id='word_1_285' title='bbox 1076 2467 1260 2506; x_wconf 90' lang='lat' dir='ltr'><strong>sumus</strong></span> <span class='ocrx_word' id='word_1_286' title='bbox 1283 2493 1299 2516; x_wconf 92' lang='lat'><strong>,</strong></span> <span class='ocrx_word' id='word_1_287' title='bbox 1339 2461 1395 2506; x_wconf 89' lang='lat' dir='ltr'><strong>et</strong></span> <span class='ocrx_word' id='word_1_288' title='bbox 1429 2452 1582 2520; x_wconf 83' lang='lat' dir='ltr'><strong>quasi</strong></span> <span class='ocrx_word' id='word_1_289' title='bbox 1613 2465 1728 2508; x_wconf 87' lang='lat' dir='ltr'><strong>rete</strong></span> <span class='ocrx_word' id='word_1_290' title='bbox 1755 2463 2038 2509; x_wconf 78' lang='lat' dir='ltr'><strong>extensum</strong></span> 
     </span>
    </p>
   </div>
   <div class='ocr_carea' id='block_1_41' title="bbox 474 2537 2040 2612">
    <p class='ocr_par' dir='ltr' id='par_1_41' title="bbox 474 2537 2040 2612">
     <span class='ocr_line' id='line_1_41' title="bbox 474 2537 2040 2612; baseline 0.004 -20"><span class='ocrx_word' id='word_1_291' title='bbox 474 2553 634 2608; x_wconf 89' lang='lat' dir='ltr'><strong>super</strong></span> <span class='ocrx_word' id='word_1_292' title='bbox 668 2537 958 2609; x_wconf 70' lang='lat' dir='ltr'><strong>Itabyeium</strong></span> <span class='ocrx_word' id='word_1_293' title='bbox 986 2539 1051 2602; x_wconf 80' lang='grc'><strong>³⁵,</strong></span> <span class='ocrx_word' id='word_1_294' title='bbox 1091 2541 1234 2610; x_wconf 91' lang='lat' dir='ltr'><strong>quod</strong></span> <span class='ocrx_word' id='word_1_295' title='bbox 1267 2541 1334 2596; x_wconf 90' lang='lat' dir='ltr'><strong>ab</strong></span> <span class='ocrx_word' id='word_1_296' title='bbox 1371 2541 1437 2595; x_wconf 90' lang='lat' dir='ltr'><strong>iis</strong></span> <span class='ocrx_word' id='word_1_297' title='bbox 1466 2541 1628 2596; x_wconf 76' lang='lat' dir='ltr'><strong>ﬁxum</strong></span> <span class='ocrx_word' id='word_1_298' title='bbox 1661 2553 1774 2610; x_wconf 90' lang='lat' dir='ltr'><strong>est,</strong></span> <span class='ocrx_word' id='word_1_299' title='bbox 1811 2545 1899 2612; x_wconf 89' lang='lat' dir='ltr'><strong>qui</strong></span> <span class='ocrx_word' id='word_1_300' title='bbox 1943 2545 2040 2598; x_wconf 92' lang='lat' dir='ltr'><strong>hu-</strong></span> 
     </span>
    </p>
   </div>
   <div class='ocr_carea' id='block_1_42' title="bbox 474 2631 2034 2706">
    <p class='ocr_par' dir='ltr' id='par_1_42' title="bbox 474 2631 2034 2706">
     <span class='ocr_line' id='line_1_42' title="bbox 474 2631 2034 2706; baseline 0.005 -21"><span class='ocrx_word' id='word_1_301' title='bbox 474 2643 660 2687; x_wconf 83' lang='lat' dir='ltr'><strong>manas</strong></span> <span class='ocrx_word' id='word_1_302' title='bbox 693 2631 901 2685; x_wconf 90' lang='lat' dir='ltr'><strong>animas</strong></span> <span class='ocrx_word' id='word_1_303' title='bbox 933 2640 1220 2696; x_wconf 85' lang='lat' dir='ltr'><strong>venantur,</strong></span> <span class='ocrx_word' id='word_1_304' title='bbox 1249 2633 1615 2704; x_wconf 89' lang='lat' dir='ltr'><strong>minitansque</strong></span> <span class='ocrx_word' id='word_1_305' title='bbox 1645 2650 1704 2690; x_wconf 90' lang='lat' dir='ltr'><strong>se</strong></span> <span class='ocrx_word' id='word_1_306' title='bbox 1731 2636 1995 2692; x_wconf 79' lang='lat' dir='ltr'><strong>facturum</strong></span> <span class='ocrx_word' id='word_1_307' title='bbox 2017 2679 2034 2706; x_wconf 89' lang='lat'><strong>,</strong></span> 
     </span>
    </p>
   </div>
   <div class='ocr_carea' id='block_1_43' title="bbox 475 2721 2035 2795">
    <p class='ocr_par' dir='ltr' id='par_1_43' title="bbox 475 2721 2035 2795">
     <span class='ocr_line' id='line_1_43' title="bbox 475 2721 2035 2795; baseline 0.006 -22"><span class='ocrx_word' id='word_1_308' title='bbox 475 2729 534 2774; x_wconf 92' lang='lat' dir='ltr'><strong>ut</strong></span> <span class='ocrx_word' id='word_1_309' title='bbox 566 2724 737 2775; x_wconf 75' lang='lat' dir='ltr'><strong>malos</strong></span> <span class='ocrx_word' id='word_1_310' title='bbox 785 2721 1076 2791; x_wconf 89' lang='lat' dir='ltr'><strong>prophetas</strong></span> <span class='ocrx_word' id='word_1_311' title='bbox 1123 2723 1444 2789; x_wconf 74' lang='lat' dir='ltr'><strong>demetat&quot;,</strong></span> <span class='ocrx_word' id='word_1_312' title='bbox 1492 2740 1557 2778; x_wconf 86' lang='lat' dir='ltr'><strong>ac</strong></span> <span class='ocrx_word' id='word_1_313' title='bbox 1589 2725 1802 2795; x_wconf 90' lang='lat' dir='ltr'><strong>judices</strong></span> <span class='ocrx_word' id='word_1_314' title='bbox 1847 2742 2035 2783; x_wconf 90' lang='lat' dir='ltr'><strong>eorum</strong></span> 
     </span>
    </p>
   </div>
   <div class='ocr_carea' id='block_1_44' title="bbox 474 2811 2038 2884">
    <p class='ocr_par' dir='ltr' id='par_1_44' title="bbox 474 2811 2038 2884">
     <span class='ocr_line' id='line_1_44' title="bbox 474 2811 2038 2884; baseline 0.004 -18"><span class='ocrx_word' id='word_1_315' title='bbox 474 2814 596 2880; x_wconf 87' lang='lat' dir='ltr'><strong>igne</strong></span> <span class='ocrx_word' id='word_1_316' title='bbox 639 2811 887 2868; x_wconf 87' lang='lat' dir='ltr'><strong>absumat</strong></span> <span class='ocrx_word' id='word_1_317' title='bbox 935 2813 1001 2879; x_wconf 77' lang='grc'><strong>³⁷,</strong></span> <span class='ocrx_word' id='word_1_318' title='bbox 1065 2829 1230 2883; x_wconf 83' lang='lat' dir='ltr'><strong>seque</strong></span> <span class='ocrx_word' id='word_1_319' title='bbox 1285 2815 1557 2884; x_wconf 87' lang='lat' dir='ltr'><strong>paulisper</strong></span> <span class='ocrx_word' id='word_1_320' title='bbox 1606 2817 1913 2884; x_wconf 87' lang='lat' dir='ltr'><strong>contineat,</strong></span> <span class='ocrx_word' id='word_1_321' title='bbox 1970 2832 2038 2873; x_wconf 86' lang='lat' dir='ltr'><strong>ne</strong></span> 
     </span>
    </p>
   </div>
   <div class='ocr_carea' id='block_1_45' title="bbox 474 2903 2034 2974">
    <p class='ocr_par' dir='ltr' id='par_1_45' title="bbox 474 2903 2034 2974">
     <span class='ocr_line' id='line_1_45' title="bbox 474 2903 2034 2974; baseline 0.002 -15"><span class='ocrx_word' id='word_1_322' title='bbox 474 2915 624 2971; x_wconf 83' lang='lat' dir='ltr'><strong>reges</strong></span> <span class='ocrx_word' id='word_1_323' title='bbox 663 2912 718 2955; x_wconf 89' lang='lat' dir='ltr'><strong>et</strong></span> <span class='ocrx_word' id='word_1_324' title='bbox 744 2903 1012 2971; x_wconf 85' lang='lat' dir='ltr'><strong>principes</strong></span> <span class='ocrx_word' id='word_1_325' title='bbox 1038 2912 1235 2972; x_wconf 82' lang='lat' dir='ltr'><strong>ungat,</strong></span> <span class='ocrx_word' id='word_1_326' title='bbox 1264 2904 1518 2973; x_wconf 89' lang='lat' dir='ltr'><strong>quoniam</strong></span> <span class='ocrx_word' id='word_1_327' title='bbox 1549 2904 1649 2959; x_wconf 81' lang='lat' dir='ltr'><strong>sibi</strong></span> <span class='ocrx_word' id='word_1_328' title='bbox 1679 2905 1807 2974; x_wconf 91' lang='lat' dir='ltr'><strong>ipsis</strong></span> <span class='ocrx_word' id='word_1_329' title='bbox 1834 2920 1898 2960; x_wconf 91' lang='lat' dir='ltr'><strong>ac</strong></span> <span class='ocrx_word' id='word_1_330' title='bbox 1931 2922 2034 2962; x_wconf 87' lang='lat' dir='ltr'><strong>non</strong></span> 
     </span>
    </p>
   </div>
   <div class='ocr_carea' id='block_1_46' title="bbox 445 2994 1169 3064">
    <p class='ocr_par' dir='ltr' id='par_1_46' title="bbox 445 2994 1169 3064">
     <span class='ocr_line' id='line_1_46' title="bbox 445 2994 1169 3064; baseline 0.001 -17"><span class='ocrx_word' id='word_1_331' title='bbox 445 3047 449 3054; x_wconf 80' lang='grc'><strong>,</strong></span> <span class='ocrx_word' id='word_1_332' title='bbox 472 3009 564 3062; x_wconf 83' lang='lat' dir='ltr'><strong>per</strong></span> <span class='ocrx_word' id='word_1_333' title='bbox 588 2994 758 3062; x_wconf 90' lang='lat' dir='ltr'><strong>ipsum</strong></span> <span class='ocrx_word' id='word_1_334' title='bbox 791 3005 1079 3064; x_wconf 82' lang='lat' dir='ltr'><strong>regnarunt</strong></span> <span class='ocrx_word' id='word_1_335' title='bbox 1103 2995 1169 3048; x_wconf 82' lang='grc'><strong>³⁸.</strong></span> 
     </span>
    </p>
   </div>
   <div class='ocr_carea' id='block_1_47' title="bbox 538 3083 2034 3157">
    <p class='ocr_par' dir='ltr' id='par_1_47' title="bbox 538 3083 2034 3157">
     <span class='ocr_line' id='line_1_47' title="bbox 538 3083 2034 3157; baseline 0.007 -19"><span class='ocrx_word' id='word_1_336' title='bbox 538 3083 716 3141; x_wconf 82' lang='lat' dir='ltr'><strong>LVIII.</strong></span> <span class='ocrx_word' id='word_1_337' title='bbox 752 3084 891 3140; x_wconf 92' lang='lat' dir='ltr'><strong>Hinc</strong></span> <span class='ocrx_word' id='word_1_338' title='bbox 917 3097 1095 3140; x_wconf 91' lang='lat' dir='ltr'><strong>autem</strong></span> <span class='ocrx_word' id='word_1_339' title='bbox 1124 3086 1339 3146; x_wconf 86' lang='lat' dir='ltr'><strong>divinus</strong></span> <span class='ocrx_word' id='word_1_340' title='bbox 1371 3086 1632 3157; x_wconf 83' lang='lat' dir='ltr'><strong>Micheas,</strong></span> <span class='ocrx_word' id='word_1_341' title='bbox 1659 3088 1790 3144; x_wconf 91' lang='lat' dir='ltr'><strong>Sion</strong></span> <span class='ocrx_word' id='word_1_342' title='bbox 1818 3090 1873 3145; x_wconf 71' lang='lat' dir='ltr'><strong>in</strong></span> <span class='ocrx_word' id='word_1_343' title='bbox 1909 3105 2034 3148; x_wconf 89' lang='lat' dir='ltr'><strong>san-</strong></span> 
     </span>
    </p>
   </div>
   <div class='ocr_carea' id='block_1_48' title="bbox 470 3178 2032 3252">
    <p class='ocr_par' dir='ltr' id='par_1_48' title="bbox 470 3178 2032 3252">
     <span class='ocr_line' id='line_1_48' title="bbox 470 3178 2032 3252; baseline 0.004 -20"><span class='ocrx_word' id='word_1_344' title='bbox 470 3178 720 3248; x_wconf 80' lang='lat' dir='ltr'><strong>guinibus</strong></span> <span class='ocrx_word' id='word_1_345' title='bbox 744 3179 1002 3234; x_wconf 67' lang='lat' dir='ltr'><strong>aediﬁcari</strong></span> <span class='ocrx_word' id='word_1_346' title='bbox 1032 3193 1136 3234; x_wconf 92' lang='lat' dir='ltr'><strong>non</strong></span> <span class='ocrx_word' id='word_1_347' title='bbox 1165 3178 1348 3234; x_wconf 81' lang='lat' dir='ltr'><strong>ferens</strong></span> <span class='ocrx_word' id='word_1_348' title='bbox 1367 3220 1382 3244; x_wconf 94' lang='lat'><strong>,</strong></span> <span class='ocrx_word' id='word_1_349' title='bbox 1417 3183 1683 3242; x_wconf 89' lang='lat' dir='ltr'><strong>utrumvis</strong></span> <span class='ocrx_word' id='word_1_350' title='bbox 1715 3184 2032 3252; x_wconf 91' lang='lat' dir='ltr'><strong>sanguinem</strong></span> 
     </span>
    </p>
   </div>
   <div class='ocr_carea' id='block_1_49' title="bbox 468 3269 2049 3342">
    <p class='ocr_par' dir='ltr' id='par_1_49' title="bbox 468 3269 2049 3342">
     <span class='ocr_line' id='line_1_49' title="bbox 468 3269 2049 3342; baseline 0.003 -18"><span class='ocrx_word' id='word_1_351' title='bbox 468 3269 796 3336; x_wconf 67' lang='lat' dir='ltr'><strong>intellexeris</strong></span> <span class='ocrx_word' id='word_1_352' title='bbox 817 3308 832 3334; x_wconf 89' lang='lat'><strong>,</strong></span> <span class='ocrx_word' id='word_1_353' title='bbox 860 3280 915 3324; x_wconf 88' lang='lat' dir='ltr'><strong>et</strong></span> <span class='ocrx_word' id='word_1_354' title='bbox 947 3270 1281 3338; x_wconf 84' lang='lat' dir='ltr'><strong>Hierusalem</strong></span> <span class='ocrx_word' id='word_1_355' title='bbox 1328 3271 1381 3325; x_wconf 94' lang='lat' dir='ltr'><strong>in</strong></span> <span class='ocrx_word' id='word_1_356' title='bbox 1417 3269 1696 3338; x_wconf 87' lang='lat' dir='ltr'><strong>injustitiis</strong></span> <span class='ocrx_word' id='word_1_357' title='bbox 1716 3316 1730 3339; x_wconf 92' lang='lat'><strong>,</strong></span> <span class='ocrx_word' id='word_1_358' title='bbox 1765 3272 2049 3342; x_wconf 60' lang='lat' dir='ltr'><strong>praefectis-</strong></span> 
     </span>
    </p>
   </div>
   <div class='ocr_carea' id='block_1_50' title="bbox 469 3361 2030 3433">
    <p class='ocr_par' dir='ltr' id='par_1_50' title="bbox 469 3361 2030 3433">
     <span class='ocr_line' id='line_1_50' title="bbox 469 3361 2030 3433; baseline 0.003 -20"><span class='ocrx_word' id='word_1_359' title='bbox 469 3361 719 3414; x_wconf 85' lang='lat' dir='ltr'><strong>nimirum</strong></span> <span class='ocrx_word' id='word_1_360' title='bbox 756 3361 871 3431; x_wconf 89' lang='lat' dir='ltr'><strong>ejus</strong></span> <span class='ocrx_word' id='word_1_361' title='bbox 920 3361 1027 3433; x_wconf 64' lang='lat'><strong>42</strong></span> <span class='ocrx_word' id='word_1_362' title='bbox 1071 3361 1122 3414; x_wconf 93' lang='lat' dir='ltr'><strong>in</strong></span> <span class='ocrx_word' id='word_1_363' title='bbox 1172 3361 1488 3416; x_wconf 82' lang='lat' dir='ltr'><strong>muneribus</strong></span> <span class='ocrx_word' id='word_1_364' title='bbox 1527 3361 1932 3431; x_wconf 80' lang='lat' dir='ltr'><strong>iudicantibus,</strong></span> <span class='ocrx_word' id='word_1_365' title='bbox 1977 3375 2030 3419; x_wconf 91' lang='lat' dir='ltr'><strong>et</strong></span> 
     </span>
    </p>
   </div>
   <div class='ocr_carea' id='block_1_51' title="bbox 469 3457 2032 3530">
    <p class='ocr_par' dir='ltr' id='par_1_51' title="bbox 469 3457 2032 3530">
     <span class='ocr_line' id='line_1_51' title="bbox 469 3457 2032 3530; baseline 0.004 -20"><span class='ocrx_word' id='word_1_366' title='bbox 469 3457 844 3512; x_wconf 79' lang='lat' dir='ltr'><strong>sacerdotibus</strong></span> <span class='ocrx_word' id='word_1_367' title='bbox 873 3457 994 3526; x_wconf 83' lang='lat' dir='ltr'><strong>ejus</strong></span> <span class='ocrx_word' id='word_1_368' title='bbox 1025 3457 1274 3512; x_wconf 86' lang='lat' dir='ltr'><strong>mercede</strong></span> <span class='ocrx_word' id='word_1_369' title='bbox 1321 3459 1796 3527; x_wconf 78' lang='lat' dir='ltr'><strong>respondentibus,</strong></span> <span class='ocrx_word' id='word_1_370' title='bbox 1825 3470 1878 3516; x_wconf 94' lang='lat' dir='ltr'><strong>et</strong></span> <span class='ocrx_word' id='word_1_371' title='bbox 1905 3475 2032 3530; x_wconf 87' lang='lat' dir='ltr'><strong>pro-</strong></span> 
     </span>
    </p>
   </div>
   <div class='ocr_carea' id='block_1_52' title="bbox 467 3549 2034 3621">
    <p class='ocr_par' dir='ltr' id='par_1_52' title="bbox 467 3549 2034 3621">
     <span class='ocr_line' id='line_1_52' title="bbox 467 3549 2034 3621; baseline 0.003 -21"><span class='ocrx_word' id='word_1_372' title='bbox 467 3549 644 3617; x_wconf 77' lang='lat' dir='ltr'><strong>phetis</strong></span> <span class='ocrx_word' id='word_1_373' title='bbox 686 3549 738 3603; x_wconf 92' lang='lat' dir='ltr'><strong>in</strong></span> <span class='ocrx_word' id='word_1_374' title='bbox 780 3551 1007 3619; x_wconf 89' lang='lat' dir='ltr'><strong>pecunia</strong></span> <span class='ocrx_word' id='word_1_375' title='bbox 1053 3549 1452 3617; x_wconf 86' lang='lat' dir='ltr'><strong>divinantibus;</strong></span> <span class='ocrx_word' id='word_1_376' title='bbox 1499 3566 1598 3620; x_wconf 91' lang='lat' dir='ltr'><strong>pro</strong></span> <span class='ocrx_word' id='word_1_377' title='bbox 1625 3551 1824 3621; x_wconf 85' lang='lat' dir='ltr'><strong>quibus</strong></span> <span class='ocrx_word' id='word_1_378' title='bbox 1873 3553 2034 3606; x_wconf 86' lang='lat' dir='ltr'><strong>rebus</strong></span> 
     </span>
    </p>
   </div>
   <div class='ocr_carea' id='block_1_53' title="bbox 467 3641 2030 3712">
    <p class='ocr_par' dir='ltr' id='par_1_53' title="bbox 467 3641 2030 3712">
     <span class='ocr_line' id='line_1_53' title="bbox 467 3641 2030 3712; baseline 0.001 -17"><span class='ocrx_word' id='word_1_379' title='bbox 467 3643 596 3710; x_wconf 87' lang='lat' dir='ltr'><strong>quid</strong></span> <span class='ocrx_word' id='word_1_380' title='bbox 629 3641 911 3696; x_wconf 82' lang='lat' dir='ltr'><strong>futurum?</strong></span> <span class='ocrx_word' id='word_1_381' title='bbox 943 3657 1135 3710; x_wconf 89' lang='lat' dir='ltr'><strong>nempe</strong></span> <span class='ocrx_word' id='word_1_382' title='bbox 1175 3652 1234 3703; x_wconf 88' lang='lat' dir='ltr'><strong>ut</strong></span> <span class='ocrx_word' id='word_1_383' title='bbox 1273 3641 1402 3706; x_wconf 84' lang='lat' dir='ltr'><strong>Sion</strong></span> <span class='ocrx_word' id='word_1_384' title='bbox 1455 3644 1608 3712; x_wconf 88' lang='lat' dir='ltr'><strong>quasi</strong></span> <span class='ocrx_word' id='word_1_385' title='bbox 1656 3659 1785 3710; x_wconf 74' lang='lat' dir='ltr'><strong>ager</strong></span> <span class='ocrx_word' id='word_1_386' title='bbox 1827 3651 2030 3708; x_wconf 87' lang='lat' dir='ltr'><strong>aretur,</strong></span> 
     </span>
    </p>
   </div>
   <div class='ocr_carea' id='block_1_54' title="bbox 468 3735 2033 3809">
    <p class='ocr_par' dir='ltr' id='par_1_54' title="bbox 468 3735 2033 3809">
     <span class='ocr_line' id='line_1_54' title="bbox 468 3735 2033 3809; baseline 0 -20"><span class='ocrx_word' id='word_1_387' title='bbox 468 3745 520 3809; x_wconf 62' lang='lat' dir='ltr'><strong>et</strong></span> <span class='ocrx_word' id='word_1_388' title='bbox 566 3735 897 3790; x_wconf 90' lang='lat' dir='ltr'><strong>Hierusalem</strong></span> <span class='ocrx_word' id='word_1_389' title='bbox 943 3745 1000 3790; x_wconf 94' lang='lat' dir='ltr'><strong>ut</strong></span> <span class='ocrx_word' id='word_1_390' title='bbox 1045 3750 1326 3805; x_wconf 87' lang='lat' dir='ltr'><strong>pomorum</strong></span> <span class='ocrx_word' id='word_1_391' title='bbox 1373 3736 1613 3791; x_wconf 89' lang='lat' dir='ltr'><strong>custodia</strong></span> <span class='ocrx_word' id='word_1_392' title='bbox 1656 3735 1762 3800; x_wconf 91' lang='lat' dir='ltr'><strong>sit,</strong></span> <span class='ocrx_word' id='word_1_393' title='bbox 1794 3745 1847 3789; x_wconf 89' lang='lat' dir='ltr'><strong>et</strong></span> <span class='ocrx_word' id='word_1_394' title='bbox 1879 3750 2033 3790; x_wconf 91' lang='lat' dir='ltr'><strong>mons</strong></span> 
     </span>
    </p>
   </div>
   <div class='ocr_carea' id='block_1_55' title="bbox 535 3824 3176 3919">
    <p class='ocr_par' dir='ltr' id='par_1_55' title="bbox 535 3824 3176 3919">
     <span class='ocr_line' id='line_1_55' title="bbox 535 3824 3176 3919; baseline -0.001 -14"><span class='ocrx_word' id='word_1_395' title='bbox 535 3850 990 3912; x_wconf 74' lang='lat' dir='ltr'><strong>&quot;Isa.XIx.II.</strong></span> <span class='ocrx_word' id='word_1_396' title='bbox 1065 3852 1111 3882; x_wconf 71' lang='grc' dir='ltr'>ιο</span> <span class='ocrx_word' id='word_1_397' title='bbox 1146 3824 1458 3915; x_wconf 70' lang='lat' dir='ltr'><strong>lsa.ix,16.</strong></span> <span class='ocrx_word' id='word_1_398' title='bbox 1540 3853 1583 3882; x_wconf 71' lang='grc' dir='ltr'>ιτ</span> <span class='ocrx_word' id='word_1_399' title='bbox 1625 3851 1723 3905; x_wconf 79' lang='lat' dir='ltr'><strong>ls’a.</strong></span> <span class='ocrx_word' id='word_1_400' title='bbox 1752 3866 1833 3914; x_wconf 88' lang='grc' dir='ltr'>ιιι,</span> <span class='ocrx_word' id='word_1_401' title='bbox 1863 3851 1951 3904; x_wconf 67' lang='lat' dir='ltr'><strong>te.</strong></span> <span class='ocrx_word' id='word_1_402' title='bbox 2029 3851 2310 3919; x_wconf 52' lang='grc' dir='ltr'>μιῆναι.</span> <span class='ocrx_word' id='word_1_403' title='bbox 2388 3851 2674 3914; x_wconf 74' lang='grc' dir='ltr'>²⁹ἰὺίι1.7.</span> <span class='ocrx_word' id='word_1_404' title='bbox 2754 3853 2798 3883; x_wconf 76' lang='grc' dir='ltr'>ιο</span> <span class='ocrx_word' id='word_1_405' title='bbox 2838 3851 2938 3904; x_wconf 87' lang='lat' dir='ltr'><strong>lsa.</strong></span> <span class='ocrx_word' id='word_1_406' title='bbox 2976 3867 3053 3911; x_wconf 77' lang='lat' dir='ltr'><strong>Ix,</strong></span> <span class='ocrx_word' id='word_1_407' title='bbox 3091 3850 3176 3904; x_wconf 86' lang='lat' dir='ltr'><strong>I5.</strong></span> 
     </span>
    </p>
   </div>
   <div class='ocr_carea' id='block_1_56' title="bbox 2146 1895 3674 1970">
    <p class='ocr_par' dir='ltr' id='par_1_56' title="bbox 2146 1895 3674 1970">
     <span class='ocr_line' id='line_1_56' title="bbox 2146 1895 3674 1970; baseline 0.001 -18"><span class='ocrx_word' id='word_1_408' title='bbox 2146 1916 2253 1961; x_wconf 84' lang='grc' dir='ltr'><strong>τως</strong></span> <span class='ocrx_word' id='word_1_409' title='bbox 2284 1897 2540 1956; x_wconf 83' lang='grc' dir='ltr'>ἐπίπονον</span> <span class='ocrx_word' id='word_1_410' title='bbox 2567 1899 2633 1969; x_wconf 79' lang='grc' dir='ltr'>τῇ</span> <span class='ocrx_word' id='word_1_411' title='bbox 2671 1895 2960 1967; x_wconf 82' lang='grc' dir='ltr'>αἰσθητικῇ</span> <span class='ocrx_word' id='word_1_412' title='bbox 3001 1895 3198 1968; x_wconf 66' lang='grc' dir='ltr'>καρδία</span> <span class='ocrx_word' id='word_1_413' title='bbox 3227 1897 3322 1950; x_wconf 80' lang='grc' dir='ltr'><strong>καὶ</strong></span> <span class='ocrx_word' id='word_1_414' title='bbox 3341 1897 3563 1970; x_wconf 83' lang='grc' dir='ltr'>λυπηρᾷ,</span> <span class='ocrx_word' id='word_1_415' title='bbox 3602 1904 3674 1954; x_wconf 76' lang='grc' dir='ltr'><strong>καὶ</strong></span> 
     </span>
    </p>
   </div>
   <div class='ocr_carea' id='block_1_57' title="bbox 2145 1989 3676 2061">
    <p class='ocr_par' dir='ltr' id='par_1_57' title="bbox 2145 1989 3676 2061">
     <span class='ocr_line' id='line_1_57' title="bbox 2145 1989 3676 2061; baseline 0.001 -17"><span class='ocrx_word' id='word_1_416' title='bbox 2145 1992 2313 2055; x_wconf 78' lang='grc' dir='ltr'>ὅντως</span> <span class='ocrx_word' id='word_1_417' title='bbox 2363 1991 2460 2061; x_wconf 81' lang='grc' dir='ltr'>σὴς</span> <span class='ocrx_word' id='word_1_418' title='bbox 2489 1989 2690 2043; x_wconf 84' lang='grc' dir='ltr'>ὀστέων</span> <span class='ocrx_word' id='word_1_419' title='bbox 2730 1989 2807 2061; x_wconf 81' lang='grc' dir='ltr'><strong>τῷ</strong></span> <span class='ocrx_word' id='word_1_420' title='bbox 2839 2006 2903 2058; x_wconf 87' lang='grc' dir='ltr'><strong>γε</strong></span> <span class='ocrx_word' id='word_1_421' title='bbox 2942 1990 3067 2043; x_wconf 82' lang='grc' dir='ltr'>νοῦν</span> <span class='ocrx_word' id='word_1_422' title='bbox 3104 1989 3300 2060; x_wconf 76' lang='grc' dir='ltr'>ἔχοντι.</span> <span class='ocrx_word' id='word_1_423' title='bbox 3333 1990 3536 2060; x_wconf 83' lang='grc' dir='ltr'>Μικρὸς</span> <span class='ocrx_word' id='word_1_424' title='bbox 3577 1992 3623 2044; x_wconf 80' lang='grc' dir='ltr'>δὲ</span> <span class='ocrx_word' id='word_1_425' title='bbox 3655 1995 3676 2045; x_wconf 82' lang='grc' dir='ltr'>ὁ</span> 
     </span>
    </p>
   </div>
   <div class='ocr_carea' id='block_1_58' title="bbox 2145 2080 3675 2153">
    <p class='ocr_par' dir='ltr' id='par_1_58' title="bbox 2145 2080 3675 2153">
     <span class='ocr_line' id='line_1_58' title="bbox 2145 2080 3675 2153; baseline 0.001 -18"><span class='ocrx_word' id='word_1_426' title='bbox 2145 2083 2406 2146; x_wconf 80' lang='grc' dir='ltr'>κίνδυνος,</span> <span class='ocrx_word' id='word_1_427' title='bbox 2438 2081 2470 2153; x_wconf 83' lang='grc' dir='ltr'>ἢ</span> <span class='ocrx_word' id='word_1_428' title='bbox 2504 2082 2564 2134; x_wconf 83' lang='grc' dir='ltr'><strong>τὸ</strong></span> <span class='ocrx_word' id='word_1_429' title='bbox 2595 2080 2798 2153; x_wconf 83' lang='grc' dir='ltr'>πτῶμα</span> <span class='ocrx_word' id='word_1_430' title='bbox 2845 2083 3353 2153; x_wconf 83' lang='grc' dir='ltr'>εὐκαταφρόνητον;</span> <span class='ocrx_word' id='word_1_431' title='bbox 3423 2083 3568 2136; x_wconf 80' lang='grc' dir='ltr'>Ἀλλά</span> <span class='ocrx_word' id='word_1_432' title='bbox 3606 2103 3675 2153; x_wconf 81' lang='grc' dir='ltr'><strong>μοι</strong></span> 
     </span>
    </p>
   </div>
   <div class='ocr_carea' id='block_1_59' title="bbox 2143 2174 3680 2246">
    <p class='ocr_par' dir='ltr' id='par_1_59' title="bbox 2143 2174 3680 2246">
     <span class='ocr_line' id='line_1_59' title="bbox 2143 2174 3680 2246; baseline 0.001 -19"><span class='ocrx_word' id='word_1_433' title='bbox 2143 2175 2310 2228; x_wconf 76' lang='grc' dir='ltr'>πολὺν</span> <span class='ocrx_word' id='word_1_434' title='bbox 2361 2175 2769 2232; x_wconf 85' lang='grc' dir='ltr'>ἐπανατείνεται</span> <span class='ocrx_word' id='word_1_435' title='bbox 2826 2174 2987 2243; x_wconf 77' lang='grc' dir='ltr'>φόόον</span> <span class='ocrx_word' id='word_1_436' title='bbox 3039 2175 3189 2228; x_wconf 78' lang='grc' dir='ltr'>ἐνθεν</span> <span class='ocrx_word' id='word_1_437' title='bbox 3245 2174 3346 2244; x_wconf 82' lang='grc' dir='ltr'><strong>μὲν</strong></span> <span class='ocrx_word' id='word_1_438' title='bbox 3391 2177 3419 2228; x_wconf 83' lang='grc' dir='ltr'>ὁ</span> <span class='ocrx_word' id='word_1_439' title='bbox 3453 2177 3680 2246; x_wconf 82' lang='grc' dir='ltr'>μακάριος</span> 
     </span>
    </p>
   </div>
   <div class='ocr_carea' id='block_1_60' title="bbox 2157 2263 3678 2340">
    <p class='ocr_par' dir='ltr' id='par_1_60' title="bbox 2157 2263 3678 2340">
     <span class='ocr_line' id='line_1_60' title="bbox 2157 2263 3678 2340; baseline 0.001 -20"><span class='ocrx_word' id='word_1_440' title='bbox 2157 2268 2334 2339; x_wconf 84' lang='grc' dir='ltr'>Ὠσηὲ,</span> <span class='ocrx_word' id='word_1_441' title='bbox 2363 2269 2500 2340; x_wconf 81' lang='grc' dir='ltr'>πρὸς</span> <span class='ocrx_word' id='word_1_442' title='bbox 2530 2269 2678 2339; x_wconf 82' lang='grc' dir='ltr'>ἡμᾶς</span> <span class='ocrx_word' id='word_1_443' title='bbox 2724 2263 2861 2320; x_wconf 79' lang='grc' dir='ltr'>εἶναι</span> <span class='ocrx_word' id='word_1_444' title='bbox 2890 2268 2951 2320; x_wconf 85' lang='grc' dir='ltr'>τὸ</span> <span class='ocrx_word' id='word_1_445' title='bbox 2981 2267 3156 2339; x_wconf 88' lang='grc' dir='ltr'>κρίμα</span> <span class='ocrx_word' id='word_1_446' title='bbox 3181 2267 3356 2336; x_wconf 83' lang='grc' dir='ltr'>λέγων</span> <span class='ocrx_word' id='word_1_447' title='bbox 3399 2270 3515 2332; x_wconf 81' lang='grc' dir='ltr'>τοὺς</span> <span class='ocrx_word' id='word_1_448' title='bbox 3547 2270 3678 2338; x_wconf 80' lang='grc' dir='ltr'>ἱερεῖς</span> 
     </span>
    </p>
   </div>
   <div class='ocr_carea' id='block_1_61' title="bbox 2143 2356 3682 2429">
    <p class='ocr_par' dir='ltr' id='par_1_61' title="bbox 2143 2356 3682 2429">
     <span class='ocr_line' id='line_1_61' title="bbox 2143 2356 3682 2429; baseline 0.003 -21"><span class='ocrx_word' id='word_1_449' title='bbox 2143 2356 2234 2408; x_wconf 84' lang='grc' dir='ltr'><strong>καὶ</strong></span> <span class='ocrx_word' id='word_1_450' title='bbox 2261 2357 2385 2419; x_wconf 81' lang='grc' dir='ltr'>τοὺς</span> <span class='ocrx_word' id='word_1_451' title='bbox 2412 2356 2694 2427; x_wconf 83' lang='grc' dir='ltr'>ἄρχοντας,</span> <span class='ocrx_word' id='word_1_452' title='bbox 2735 2357 2816 2410; x_wconf 83' lang='grc' dir='ltr'>ὅτι</span> <span class='ocrx_word' id='word_1_453' title='bbox 2869 2361 3036 2426; x_wconf 81' lang='grc' dir='ltr'>παγὶς</span> <span class='ocrx_word' id='word_1_454' title='bbox 3090 2359 3431 2429; x_wconf 80' lang='grc' dir='ltr'>ἐγενήθημεν</span> <span class='ocrx_word' id='word_1_455' title='bbox 3470 2362 3532 2429; x_wconf 79' lang='grc' dir='ltr'>τῇ</span> <span class='ocrx_word' id='word_1_456' title='bbox 3581 2377 3682 2412; x_wconf 77' lang='grc' dir='ltr'>σκο·</span> 
     </span>
    </p>
   </div>
   <div class='ocr_carea' id='block_1_62' title="bbox 2141 2446 3678 2520">
    <p class='ocr_par' dir='ltr' id='par_1_62' title="bbox 2141 2446 3678 2520">
     <span class='ocr_line' id='line_1_62' title="bbox 2141 2446 3678 2520; baseline 0.003 -22"><span class='ocrx_word' id='word_1_457' title='bbox 2141 2447 2240 2517; x_wconf 83' lang='grc' dir='ltr'>πιᾷ</span> <span class='ocrx_word' id='word_1_458' title='bbox 2272 2447 2403 2517; x_wconf 72' lang='grc'>(45),</span> <span class='ocrx_word' id='word_1_459' title='bbox 2445 2447 2541 2512; x_wconf 77' lang='grc' dir='ltr'>καὶ</span> <span class='ocrx_word' id='word_1_460' title='bbox 2569 2446 2642 2511; x_wconf 84' lang='grc' dir='ltr'>ὡς</span> <span class='ocrx_word' id='word_1_461' title='bbox 2657 2447 2866 2502; x_wconf 89' lang='grc' dir='ltr'>δίκτυον</span> <span class='ocrx_word' id='word_1_462' title='bbox 2889 2449 3245 2520; x_wconf 77' lang='grc' dir='ltr'>ἐκτεταμένον</span> <span class='ocrx_word' id='word_1_463' title='bbox 3287 2449 3473 2502; x_wconf 79' lang='grc' dir='ltr'>ἐπὶιτὸ</span> <span class='ocrx_word' id='word_1_464' title='bbox 3510 2450 3678 2502; x_wconf 74' lang='grc' dir='ltr'>Ἰταϐύ-</span> 
     </span>
    </p>
   </div>
   <div class='ocr_carea' id='block_1_63' title="bbox 2143 2539 3682 2613">
    <p class='ocr_par' dir='ltr' id='par_1_63' title="bbox 2143 2539 3682 2613">
     <span class='ocr_line' id='line_1_63' title="bbox 2143 2539 3682 2613; baseline 0.003 -23"><span class='ocrx_word' id='word_1_465' title='bbox 2143 2556 2255 2610; x_wconf 91' lang='grc' dir='ltr'>ριον</span> <span class='ocrx_word' id='word_1_466' title='bbox 2286 2539 2420 2609; x_wconf 66' lang='grc'>(44),</span> <span class='ocrx_word' id='word_1_467' title='bbox 2449 2539 2476 2591; x_wconf 86' lang='grc' dir='ltr'><strong>ὃ</strong></span> <span class='ocrx_word' id='word_1_468' title='bbox 2501 2541 2920 2612; x_wconf 82' lang='grc' dir='ltr'>καταπεπῆχθαι</span> <span class='ocrx_word' id='word_1_469' title='bbox 2943 2541 3054 2612; x_wconf 77' lang='grc'>(45)</span> <span class='ocrx_word' id='word_1_470' title='bbox 3079 2542 3181 2594; x_wconf 84' lang='grc' dir='ltr'>ὑπὸ</span> <span class='ocrx_word' id='word_1_471' title='bbox 3224 2541 3333 2605; x_wconf 77' lang='grc' dir='ltr'>τῶν</span> <span class='ocrx_word' id='word_1_472' title='bbox 3371 2542 3682 2613; x_wconf 67' lang='grc' dir='ltr'>ἀνθρωπίνας</span> 
     </span>
    </p>
   </div>
   <div class='ocr_carea' id='block_1_64' title="bbox 2140 2631 3682 2705">
    <p class='ocr_par' dir='ltr' id='par_1_64' title="bbox 2140 2631 3682 2705">
     <span class='ocr_line' id='line_1_64' title="bbox 2140 2631 3682 2705; baseline 0.001 -21"><span class='ocrx_word' id='word_1_473' title='bbox 2140 2631 2477 2702; x_wconf 85' lang='grc' dir='ltr'>ἀγρευόντων</span> <span class='ocrx_word' id='word_1_474' title='bbox 2504 2632 2702 2703; x_wconf 70' lang='grc' dir='ltr'>ψυχὰς,</span> <span class='ocrx_word' id='word_1_475' title='bbox 2733 2633 3074 2705; x_wconf 81' lang='grc' dir='ltr'>ἀποθερίζειν</span> <span class='ocrx_word' id='word_1_476' title='bbox 3103 2634 3210 2705; x_wconf 69' lang='grc'>(46)</span> <span class='ocrx_word' id='word_1_477' title='bbox 3240 2651 3301 2686; x_wconf 88' lang='grc' dir='ltr'><strong>τε</strong></span> <span class='ocrx_word' id='word_1_478' title='bbox 3332 2634 3458 2697; x_wconf 80' lang='grc' dir='ltr'>τοὺς</span> <span class='ocrx_word' id='word_1_479' title='bbox 3483 2634 3682 2704; x_wconf 77' lang='grc' dir='ltr'>φαύλους</span> 
     </span>
    </p>
   </div>
   <div class='ocr_carea' id='block_1_65' title="bbox 2139 2722 3682 2798">
    <p class='ocr_par' dir='ltr' id='par_1_65' title="bbox 2139 2722 3682 2798">
     <span class='ocr_line' id='line_1_65' title="bbox 2139 2722 3682 2798; baseline 0.003 -23"><span class='ocrx_word' id='word_1_480' title='bbox 2139 2722 2376 2778; x_wconf 85' lang='grc' dir='ltr'>ἀπειλῶν</span> <span class='ocrx_word' id='word_1_481' title='bbox 2407 2726 2710 2797; x_wconf 79' lang='grc' dir='ltr'>προφήτας,</span> <span class='ocrx_word' id='word_1_482' title='bbox 2736 2726 2828 2779; x_wconf 69' lang='grc' dir='ltr'>καὶ</span> <span class='ocrx_word' id='word_1_483' title='bbox 2851 2727 2981 2796; x_wconf 57' lang='grc' dir='ltr'><strong>πυρί⁵</strong></span> <span class='ocrx_word' id='word_1_484' title='bbox 3007 2727 3119 2798; x_wconf 68' lang='grc'>(47)</span> <span class='ocrx_word' id='word_1_485' title='bbox 3149 2728 3562 2783; x_wconf 78' lang='grc' dir='ltr'>καταναλίσκειν</span> <span class='ocrx_word' id='word_1_486' title='bbox 3585 2729 3682 2790; x_wconf 72' lang='grc' dir='ltr'>τοὺς</span> 
     </span>
    </p>
   </div>
   <div class='ocr_carea' id='block_1_66' title="bbox 2139 2815 3684 2891">
    <p class='ocr_par' dir='ltr' id='par_1_66' title="bbox 2139 2815 3684 2891">
     <span class='ocr_line' id='line_1_66' title="bbox 2139 2815 3684 2891; baseline 0.001 -23"><span class='ocrx_word' id='word_1_487' title='bbox 2139 2815 2330 2887; x_wconf 83' lang='grc' dir='ltr'>κριτὰς</span> <span class='ocrx_word' id='word_1_488' title='bbox 2345 2817 2544 2882; x_wconf 81' lang='grc' dir='ltr'>αὐτῶν,</span> <span class='ocrx_word' id='word_1_489' title='bbox 2583 2818 2792 2887; x_wconf 76' lang='grc' dir='ltr'>ἐφέξειν</span> <span class='ocrx_word' id='word_1_490' title='bbox 2826 2817 2938 2888; x_wconf 76' lang='grc'>(48)</span> <span class='ocrx_word' id='word_1_491' title='bbox 2969 2835 3028 2880; x_wconf 82' lang='grc' dir='ltr'><strong>τε</strong></span> <span class='ocrx_word' id='word_1_492' title='bbox 3066 2819 3258 2891; x_wconf 82' lang='grc' dir='ltr'>μικρὸν</span> <span class='ocrx_word' id='word_1_493' title='bbox 3287 2818 3384 2872; x_wconf 89' lang='grc' dir='ltr'><strong>τοῦ</strong></span> <span class='ocrx_word' id='word_1_494' title='bbox 3408 2820 3570 2890; x_wconf 86' lang='grc' dir='ltr'>χρίειν</span> <span class='ocrx_word' id='word_1_495' title='bbox 3608 2819 3684 2888; x_wconf 77' lang='grc' dir='ltr'><strong>βα-</strong></span> 
     </span>
    </p>
   </div>
   <div class='ocr_carea' id='block_1_67' title="bbox 2140 2907 3684 2979">
    <p class='ocr_par' dir='ltr' id='par_1_67' title="bbox 2140 2907 3684 2979">
     <span class='ocr_line' id='line_1_67' title="bbox 2140 2907 3684 2979; baseline 0.001 -19"><span class='ocrx_word' id='word_1_496' title='bbox 2140 2908 2288 2960; x_wconf 84' lang='grc' dir='ltr'>σιλέα</span> <span class='ocrx_word' id='word_1_497' title='bbox 2316 2907 2410 2960; x_wconf 79' lang='grc' dir='ltr'>καὶ</span> <span class='ocrx_word' id='word_1_498' title='bbox 2444 2909 2728 2979; x_wconf 82' lang='grc' dir='ltr'>ἄρχοντας·</span> <span class='ocrx_word' id='word_1_499' title='bbox 2764 2910 2844 2962; x_wconf 86' lang='grc' dir='ltr'><strong>ὅτι</strong></span> <span class='ocrx_word' id='word_1_500' title='bbox 2875 2911 3085 2973; x_wconf 81' lang='grc' dir='ltr'>ἑαυτοῖς</span> <span class='ocrx_word' id='word_1_501' title='bbox 3109 2909 3486 2973; x_wconf 79' lang='grc' dir='ltr'>ἐδασίλευσαν,</span> <span class='ocrx_word' id='word_1_502' title='bbox 3513 2909 3611 2964; x_wconf 78' lang='grc' dir='ltr'>ἀλλ’</span> 
     </span>
    </p>
   </div>
   <div class='ocr_carea' id='block_1_68' title="bbox 2135 2999 2408 3054">
    <p class='ocr_par' dir='ltr' id='par_1_68' title="bbox 2135 2999 2408 3054">
     <span class='ocr_line' id='line_1_68' title="bbox 2135 2999 2408 3054; baseline 0.004 -2"><span class='ocrx_word' id='word_1_503' title='bbox 2135 2999 2200 3052; x_wconf 82' lang='grc' dir='ltr'>δι’</span> <span class='ocrx_word' id='word_1_504' title='bbox 2223 2999 2408 3054; x_wconf 77' lang='grc' dir='ltr'>αὐτοῦ.</span> 
     </span>
    </p>
   </div>
   <div class='ocr_carea' id='block_1_69' title="bbox 2201 3089 3678 3166">
    <p class='ocr_par' dir='ltr' id='par_1_69' title="bbox 2201 3089 3678 3166">
     <span class='ocr_line' id='line_1_69' title="bbox 2201 3089 3678 3166; baseline 0.001 -23"><span class='ocrx_word' id='word_1_505' title='bbox 2201 3091 2335 3145; x_wconf 87' lang='lat' dir='ltr'><strong>NH&#39;.</strong></span> <span class='ocrx_word' id='word_1_506' title='bbox 2365 3089 2555 3144; x_wconf 87' lang='grc' dir='ltr'>Ἔνθεν</span> <span class='ocrx_word' id='word_1_507' title='bbox 2594 3091 2652 3145; x_wconf 86' lang='grc' dir='ltr'>δὲ</span> <span class='ocrx_word' id='word_1_508' title='bbox 2684 3093 2713 3146; x_wconf 85' lang='grc' dir='ltr'><strong>ὁ</strong></span> <span class='ocrx_word' id='word_1_509' title='bbox 2740 3090 2880 3156; x_wconf 86' lang='grc' dir='ltr'>θεῖος</span> <span class='ocrx_word' id='word_1_510' title='bbox 2921 3093 3160 3163; x_wconf 82' lang='grc' dir='ltr'>Μιχαίας</span> <span class='ocrx_word' id='word_1_511' title='bbox 3191 3094 3250 3146; x_wconf 78' lang='grc' dir='ltr'>οὐ</span> <span class='ocrx_word' id='word_1_512' title='bbox 3286 3093 3471 3166; x_wconf 82' lang='grc' dir='ltr'>φέρων</span> <span class='ocrx_word' id='word_1_513' title='bbox 3501 3091 3678 3152; x_wconf 77' lang='grc' dir='ltr'>οἰκοδο-</span> 
     </span>
    </p>
   </div>
   <div class='ocr_carea' id='block_1_70' title="bbox 2142 3181 3688 3257">
    <p class='ocr_par' dir='ltr' id='par_1_70' title="bbox 2142 3181 3688 3257">
     <span class='ocr_line' id='line_1_70' title="bbox 2142 3181 3688 3257; baseline 0 -23"><span class='ocrx_word' id='word_1_514' title='bbox 2142 3182 2418 3254; x_wconf 77' lang='grc' dir='ltr'>μουμένην</span> <span class='ocrx_word' id='word_1_515' title='bbox 2473 3181 2611 3237; x_wconf 87' lang='grc' dir='ltr'>Σιὼν</span> <span class='ocrx_word' id='word_1_516' title='bbox 2658 3185 2716 3236; x_wconf 81' lang='grc' dir='ltr'><strong>ἐν</strong></span> <span class='ocrx_word' id='word_1_517' title='bbox 2764 3183 3013 3255; x_wconf 81' lang='grc' dir='ltr'>αἵμασιν,</span> <span class='ocrx_word' id='word_1_518' title='bbox 3061 3185 3347 3257; x_wconf 80' lang='grc' dir='ltr'>ὁποτέροις</span> <span class='ocrx_word' id='word_1_519' title='bbox 3378 3184 3572 3255; x_wconf 83' lang='grc' dir='ltr'>βούλει,</span> <span class='ocrx_word' id='word_1_520' title='bbox 3613 3185 3688 3236; x_wconf 76' lang='grc' dir='ltr'><strong>καὶ</strong></span> 
     </span>
    </p>
   </div>
   <div class='ocr_carea' id='block_1_71' title="bbox 2151 3275 3691 3348">
    <p class='ocr_par' dir='ltr' id='par_1_71' title="bbox 2151 3275 3691 3348">
     <span class='ocr_line' id='line_1_71' title="bbox 2151 3275 3691 3348; baseline -0.001 -20"><span class='ocrx_word' id='word_1_521' title='bbox 2151 3275 2504 3347; x_wconf 81' lang='grc' dir='ltr'>Ἰερουσαλὴμ</span> <span class='ocrx_word' id='word_1_522' title='bbox 2535 3277 2592 3329; x_wconf 84' lang='grc' dir='ltr'><strong>ἐν</strong></span> <span class='ocrx_word' id='word_1_523' title='bbox 2610 3277 2862 3342; x_wconf 87' lang='grc' dir='ltr'>ἀδικίαις,</span> <span class='ocrx_word' id='word_1_524' title='bbox 2894 3277 3002 3330; x_wconf 84' lang='grc' dir='ltr'>τῶν</span> <span class='ocrx_word' id='word_1_525' title='bbox 3037 3279 3357 3348; x_wconf 73' lang='grc' dir='ltr'>ἡγουμένων</span> <span class='ocrx_word' id='word_1_526' title='bbox 3385 3279 3551 3348; x_wconf 78' lang='grc' dir='ltr'>αὐτῆς</span> <span class='ocrx_word' id='word_1_527' title='bbox 3579 3277 3691 3346; x_wconf 75' lang='grc' dir='ltr'>μετὰ</span> 
     </span>
    </p>
   </div>
   <div class='ocr_carea' id='block_1_72' title="bbox 2136 3368 3690 3442">
    <p class='ocr_par' dir='ltr' id='par_1_72' title="bbox 2136 3368 3690 3442">
     <span class='ocr_line' id='line_1_72' title="bbox 2136 3368 3690 3442; baseline 0 -22"><span class='ocrx_word' id='word_1_528' title='bbox 2136 3368 2324 3438; x_wconf 83' lang='grc' dir='ltr'>δώρων</span> <span class='ocrx_word' id='word_1_529' title='bbox 2355 3370 2668 3441; x_wconf 86' lang='grc' dir='ltr'>κρινόντων,</span> <span class='ocrx_word' id='word_1_530' title='bbox 2703 3369 2926 3424; x_wconf 75' lang='grc' dir='ltr'>καὶτῶν</span> <span class='ocrx_word' id='word_1_531' title='bbox 2970 3371 3158 3442; x_wconf 81' lang='grc' dir='ltr'>ἱερέων</span> <span class='ocrx_word' id='word_1_532' title='bbox 3200 3370 3398 3442; x_wconf 81' lang='grc' dir='ltr'>μισθοῦ</span> <span class='ocrx_word' id='word_1_533' title='bbox 3443 3370 3548 3440; x_wconf 67' lang='grc'>(49)</span> <span class='ocrx_word' id='word_1_534' title='bbox 3577 3371 3690 3421; x_wconf 82' lang='grc' dir='ltr'>ἀπο-</span> 
     </span>
    </p>
   </div>
   <div class='ocr_carea' id='block_1_73' title="bbox 2133 3461 3691 3534">
    <p class='ocr_par' dir='ltr' id='par_1_73' title="bbox 2133 3461 3691 3534">
     <span class='ocr_line' id='line_1_73' title="bbox 2133 3461 3691 3534; baseline -0.001 -22"><span class='ocrx_word' id='word_1_535' title='bbox 2133 3461 2487 3531; x_wconf 76' lang='grc' dir='ltr'>κρινομένων,</span> <span class='ocrx_word' id='word_1_536' title='bbox 2518 3462 2611 3513; x_wconf 78' lang='grc' dir='ltr'>καὶ</span> <span class='ocrx_word' id='word_1_537' title='bbox 2654 3461 2761 3514; x_wconf 83' lang='grc' dir='ltr'><strong>τῶν</strong></span> <span class='ocrx_word' id='word_1_538' title='bbox 2788 3461 3081 3532; x_wconf 80' lang='grc' dir='ltr'>προφητῶν</span> <span class='ocrx_word' id='word_1_539' title='bbox 3111 3461 3248 3532; x_wconf 87' lang='grc' dir='ltr'><strong>μετά</strong></span> <span class='ocrx_word' id='word_1_540' title='bbox 3294 3461 3555 3534; x_wconf 80' lang='grc' dir='ltr'>ἀργυρίου</span> <span class='ocrx_word' id='word_1_541' title='bbox 3582 3476 3691 3530; x_wconf 84' lang='grc' dir='ltr'>μαν-</span> 
     </span>
    </p>
   </div>
   <div class='ocr_carea' id='block_1_74' title="bbox 2130 3546 3693 3625">
    <p class='ocr_par' dir='ltr' id='par_1_74' title="bbox 2130 3546 3693 3625">
     <span class='ocr_line' id='line_1_74' title="bbox 2130 3546 3693 3625; baseline -0.003 -21"><span class='ocrx_word' id='word_1_542' title='bbox 2130 3551 2454 3620; x_wconf 82' lang='grc' dir='ltr'>τευομένων·</span> <span class='ocrx_word' id='word_1_543' title='bbox 2510 3551 2624 3605; x_wconf 84' lang='grc' dir='ltr'>ἀνθ’</span> <span class='ocrx_word' id='word_1_544' title='bbox 2679 3546 2753 3605; x_wconf 85' lang='grc' dir='ltr'>ὧν</span> <span class='ocrx_word' id='word_1_545' title='bbox 2801 3552 2853 3605; x_wconf 88' lang='grc' dir='ltr'><strong>τί</strong></span> <span class='ocrx_word' id='word_1_546' title='bbox 2893 3553 3214 3624; x_wconf 84' lang='grc' dir='ltr'>γενήσεσθαι</span> <span class='ocrx_word' id='word_1_547' title='bbox 3252 3551 3408 3625; x_wconf 82' lang='grc'>(50);</span> <span class='ocrx_word' id='word_1_548' title='bbox 3456 3551 3587 3604; x_wconf 83' lang='grc' dir='ltr'>Σιὼν</span> <span class='ocrx_word' id='word_1_549' title='bbox 3632 3548 3693 3610; x_wconf 69' lang='lat' dir='ltr'><strong>iii;</strong></span> 
     </span>
    </p>
   </div>
   <div class='ocr_carea' id='block_1_75' title="bbox 2131 3641 3691 3715">
    <p class='ocr_par' dir='ltr' id='par_1_75' title="bbox 2131 3641 3691 3715">
     <span class='ocr_line' id='line_1_75' title="bbox 2131 3641 3691 3715; baseline -0.003 -19"><span class='ocrx_word' id='word_1_550' title='bbox 2131 3643 2299 3714; x_wconf 80' lang='grc' dir='ltr'>ἀγρὸν</span> <span class='ocrx_word' id='word_1_551' title='bbox 2349 3643 2843 3714; x_wconf 86' lang='grc' dir='ltr'>ἀροτριαθήσεσθαι</span> <span class='ocrx_word' id='word_1_552' title='bbox 2898 3644 3032 3714; x_wconf 81' lang='grc'>(51),</span> <span class='ocrx_word' id='word_1_553' title='bbox 3090 3645 3184 3698; x_wconf 70' lang='grc' dir='ltr'><strong>καὶ¹</strong></span> <span class='ocrx_word' id='word_1_554' title='bbox 3238 3642 3594 3715; x_wconf 82' lang='grc' dir='ltr'>Ἰερουσαλὴμ</span> <span class='ocrx_word' id='word_1_555' title='bbox 3631 3641 3691 3702; x_wconf 78' lang='grc' dir='ltr'><strong>ὡς</strong></span> 
     </span>
    </p>
   </div>
   <div class='ocr_carea' id='block_1_76' title="bbox 2130 3733 3696 3806">
    <p class='ocr_par' dir='ltr' id='par_1_76' title="bbox 2130 3733 3696 3806">
     <span class='ocr_line' id='line_1_76' title="bbox 2130 3733 3696 3806; baseline -0.003 -19"><span class='ocrx_word' id='word_1_556' title='bbox 2130 3735 2574 3804; x_wconf 86' lang='grc' dir='ltr'>ὀπωροφυλάκιον</span> <span class='ocrx_word' id='word_1_557' title='bbox 2625 3736 2863 3798; x_wconf 80' lang='grc' dir='ltr'>ἔσεσθαι,</span> <span class='ocrx_word' id='word_1_558' title='bbox 2913 3736 3008 3788; x_wconf 77' lang='grc' dir='ltr'><strong>καὶ</strong></span> <span class='ocrx_word' id='word_1_559' title='bbox 3052 3736 3111 3789; x_wconf 84' lang='grc' dir='ltr'><strong>τὸ</strong></span> <span class='ocrx_word' id='word_1_560' title='bbox 3138 3735 3264 3806; x_wconf 77' lang='grc' dir='ltr'>ὅρος</span> <span class='ocrx_word' id='word_1_561' title='bbox 3310 3736 3409 3789; x_wconf 87' lang='grc' dir='ltr'><strong>τοῦ</strong></span> <span class='ocrx_word' id='word_1_562' title='bbox 3443 3733 3587 3788; x_wconf 71' lang='grc' dir='ltr'>οἴκου</span> <span class='ocrx_word' id='word_1_563' title='bbox 3631 3734 3696 3793; x_wconf 81' lang='grc' dir='ltr'>εἰς</span> 
     </span>
    </p>
   </div>
   <div class='ocr_carea' id='block_1_77' title="bbox 3273 3845 3694 3908">
    <p class='ocr_par' dir='ltr' id='par_1_77' title="bbox 3273 3845 3694 3908">
     <span class='ocr_line' id='line_1_77' title="bbox 3273 3845 3694 3908; baseline -0.014 -5"><span class='ocrx_word' id='word_1_564' title='bbox 3273 3850 3319 3882; x_wconf 83' lang='grc'><strong>⁸¹</strong></span> <span class='ocrx_word' id='word_1_565' title='bbox 3363 3850 3465 3903; x_wconf 82' lang='lat' dir='ltr'><strong>Isa.</strong></span> <span class='ocrx_word' id='word_1_566' title='bbox 3486 3861 3601 3908; x_wconf 87' lang='lat' dir='ltr'><strong>vttt,</strong></span> <span class='ocrx_word' id='word_1_567' title='bbox 3618 3845 3694 3898; x_wconf 65' lang='grc' dir='ltr'><strong>ει.</strong></span> 
     </span>
    </p>
   </div>
   <div class='ocr_carea' id='block_1_78' title="bbox 467 3917 2037 3988">
    <p class='ocr_par' dir='ltr' id='par_1_78' title="bbox 467 3921 2036 3987">
     <span class='ocr_line' id='line_1_78' title="bbox 467 3921 2036 3987; baseline -0.001 -13"><span class='ocrx_word' id='word_1_568' title='bbox 467 3923 511 3956; x_wconf 80' lang='grc'><strong>³²</strong></span> <span class='ocrx_word' id='word_1_569' title='bbox 551 3921 649 3976; x_wconf 88' lang='lat' dir='ltr'><strong>lsa.</strong></span> <span class='ocrx_word' id='word_1_570' title='bbox 695 3938 790 3987; x_wconf 75' lang='lat' dir='ltr'><strong>XL,</strong></span> <span class='ocrx_word' id='word_1_571' title='bbox 835 3922 889 3974; x_wconf 78' lang='grc'><strong>2.</strong></span> <span class='ocrx_word' id='word_1_572' title='bbox 968 3921 1012 3952; x_wconf 84' lang='grc'><strong>³³</strong></span> <span class='ocrx_word' id='word_1_573' title='bbox 1051 3921 1150 3975; x_wconf 88' lang='lat' dir='ltr'><strong>Isa.</strong></span> <span class='ocrx_word' id='word_1_574' title='bbox 1198 3937 1271 3986; x_wconf 81' lang='grc' dir='ltr'><strong>νι,</strong></span> <span class='ocrx_word' id='word_1_575' title='bbox 1316 3922 1368 3974; x_wconf 86' lang='lat'><strong>6.</strong></span> <span class='ocrx_word' id='word_1_576' title='bbox 1445 3921 1488 3952; x_wconf 63' lang='grc'><strong>³⁵</strong></span> <span class='ocrx_word' id='word_1_577' title='bbox 1518 3921 1674 3975; x_wconf 85' lang='lat' dir='ltr'><strong>Prov.</strong></span> <span class='ocrx_word' id='word_1_578' title='bbox 1711 3937 1820 3986; x_wconf 84' lang='lat' dir='ltr'><strong>xw,</strong></span> <span class='ocrx_word' id='word_1_579' title='bbox 1850 3922 1937 3975; x_wconf 72' lang='grc' dir='ltr'><strong>ὅθ.</strong></span> <span class='ocrx_word' id='word_1_580' title='bbox 2017 3923 2036 3952; x_wconf 83' lang='grc'><em>³</em></span> 
     </span>
    </p>
   </div>
   <div class='ocr_carea' id='block_1_79' title="bbox 2151 3917 3690 3988">
    <p class='ocr_par' dir='ltr' id='par_1_79' title="bbox 2151 3917 3690 3988">
     <span class='ocr_line' id='line_1_79' title="bbox 2151 3917 3690 3988; baseline -0.003 -14"><span class='ocrx_word' id='word_1_581' title='bbox 2151 3937 2208 3978; x_wconf 70' lang='grc' dir='ltr'><strong>ιο.</strong></span> <span class='ocrx_word' id='word_1_582' title='bbox 2239 3917 2304 3985; x_wconf 81' lang='lat' dir='ltr'><strong>v,</strong></span> <span class='ocrx_word' id='word_1_583' title='bbox 2349 3926 2402 3985; x_wconf 82' lang='lat' dir='ltr'><strong>I,</strong></span> <span class='ocrx_word' id='word_1_584' title='bbox 2427 3921 2480 3978; x_wconf 76' lang='grc'>2.</span> <span class='ocrx_word' id='word_1_585' title='bbox 2559 3921 2604 3953; x_wconf 72' lang='grc'><strong>³⁵</strong></span> <span class='ocrx_word' id='word_1_586' title='bbox 2641 3921 2764 3977; x_wconf 85' lang='lat' dir='ltr'><strong>Osc.</strong></span> <span class='ocrx_word' id='word_1_587' title='bbox 2794 3937 2869 3988; x_wconf 76' lang='lat' dir='ltr'><strong>vu,</strong></span> <span class='ocrx_word' id='word_1_588' title='bbox 2897 3921 2950 3976; x_wconf 86' lang='lat'><strong>5.</strong></span> <span class='ocrx_word' id='word_1_589' title='bbox 3028 3922 3071 3954; x_wconf 78' lang='grc'>³⁷</span> <span class='ocrx_word' id='word_1_590' title='bbox 3097 3923 3220 3976; x_wconf 87' lang='lat' dir='ltr'><strong>Ose.</strong></span> <span class='ocrx_word' id='word_1_591' title='bbox 3248 3936 3323 3974; x_wconf 87' lang='lat' dir='ltr'><strong>vu</strong></span> <span class='ocrx_word' id='word_1_592' title='bbox 3379 3921 3432 3972; x_wconf 89' lang='grc'><strong>7.</strong></span> <span class='ocrx_word' id='word_1_593' title='bbox 3511 3918 3555 3949; x_wconf 83' lang='grc'><strong>³⁸</strong></span> <span class='ocrx_word' id='word_1_594' title='bbox 3585 3917 3690 3972; x_wconf 82' lang='lat' dir='ltr'><strong>Ose.</strong></span> 
     </span>
    </p>
   </div>
   <div class='ocr_carea' id='block_1_80' title="bbox 467 3992 692 4057">
    <p class='ocr_par' dir='ltr' id='par_1_80' title="bbox 467 3992 692 4057">
     <span class='ocr_line' id='line_1_80' title="bbox 467 3992 692 4057; baseline -0.036 -4"><span class='ocrx_word' id='word_1_595' title='bbox 467 4007 584 4055; x_wconf 72' lang='grc' dir='ltr'>γιιι,</span> <span class='ocrx_word' id='word_1_596' title='bbox 637 3992 692 4057; x_wconf 68' lang='grc'>4.</span> 
     </span>
    </p>
   </div>
   <div class='ocr_carea' id='block_1_81' title="bbox 537 4128 2030 4204">
    <p class='ocr_par' dir='ltr' id='par_1_81' title="bbox 537 4128 2030 4204">
     <span class='ocr_line' id='line_1_81' title="bbox 537 4128 2030 4204; baseline 0.005 -24"><span class='ocrx_word' id='word_1_597' title='bbox 537 4128 652 4204; x_wconf 64' lang='grc' dir='ltr'>(ξξἸ)</span> <span class='ocrx_word' id='word_1_598' title='bbox 692 4129 1136 4204; x_wconf 73' lang='grc' dir='ltr'>Καλαμώμενοι.</span> <span class='ocrx_word' id='word_1_599' title='bbox 1176 4150 1193 4183; x_wconf 80' lang='grc' dir='ltr'><strong>ι</strong></span> <span class='ocrx_word' id='word_1_600' title='bbox 1228 4130 1521 4204; x_wconf 65' lang='lat' dir='ltr'><strong>Egnactores</strong></span> <span class='ocrx_word' id='word_1_601' title='bbox 1547 4133 1612 4187; x_wconf 88' lang='lat' dir='ltr'><strong>ad</strong></span> <span class='ocrx_word' id='word_1_602' title='bbox 1633 4131 1833 4202; x_wconf 87' lang='lat' dir='ltr'><strong>spicam</strong></span> <span class='ocrx_word' id='word_1_603' title='bbox 1862 4147 2030 4204; x_wconf 87' lang='lat' dir='ltr'><strong>usque</strong></span> 
     </span>
    </p>
   </div>
   <div class='ocr_carea' id='block_1_82' title="bbox 463 4200 1314 4268">
    <p class='ocr_par' dir='ltr' id='par_1_82' title="bbox 463 4200 1314 4268">
     <span class='ocr_line' id='line_1_82' title="bbox 463 4200 1314 4268; baseline -0.002 -11"><span class='ocrx_word' id='word_1_604' title='bbox 463 4200 777 4268; x_wconf 83' lang='lat' dir='ltr'><strong>spoliantes,</strong></span> <span class='ocrx_word' id='word_1_605' title='bbox 815 4219 833 4251; x_wconf 76' lang='grc' dir='ltr'><strong>ι</strong></span> <span class='ocrx_word' id='word_1_606' title='bbox 866 4214 917 4253; x_wconf 92' lang='grc' dir='ltr'><strong>ιιι</strong></span> <span class='ocrx_word' id='word_1_607' title='bbox 945 4203 993 4254; x_wconf 91' lang='lat' dir='ltr'><strong>iu</strong></span> <span class='ocrx_word' id='word_1_608' title='bbox 1022 4201 1088 4254; x_wconf 91' lang='lat' dir='ltr'><strong>Is.</strong></span> <span class='ocrx_word' id='word_1_609' title='bbox 1111 4217 1194 4265; x_wconf 90' lang='lat' dir='ltr'><strong>Ill,</strong></span> <span class='ocrx_word' id='word_1_610' title='bbox 1228 4201 1314 4255; x_wconf 72' lang='lat' dir='ltr'><strong>I2.</strong></span> 
     </span>
    </p>
   </div>
   <div class='ocr_carea' id='block_1_83' title="bbox 497 4269 2029 4351">
    <p class='ocr_par' dir='ltr' id='par_1_83' title="bbox 497 4269 2029 4351">
     <span class='ocr_line' id='line_1_83' title="bbox 497 4269 2029 4351; baseline 0.004 -27"><span class='ocrx_word' id='word_1_611' title='bbox 497 4339 510 4351; x_wconf 44' lang='lat'><em>.</em></span> <span class='ocrx_word' id='word_1_612' title='bbox 535 4269 648 4340; x_wconf 79' lang='lat'>(58)</span> <span class='ocrx_word' id='word_1_613' title='bbox 672 4273 748 4324; x_wconf 86' lang='grc' dir='ltr'><em>Ἦ</em></span> <span class='ocrx_word' id='word_1_614' title='bbox 773 4271 1078 4325; x_wconf 82' lang='grc' dir='ltr'>νεανίσκοι</span> <span class='ocrx_word' id='word_1_615' title='bbox 1128 4269 1477 4340; x_wconf 78' lang='grc' dir='ltr'>προστάται.</span> <span class='ocrx_word' id='word_1_616' title='bbox 1515 4289 1533 4322; x_wconf 81' lang='grc' dir='ltr'><strong>ι</strong></span> <span class='ocrx_word' id='word_1_617' title='bbox 1571 4272 1675 4327; x_wconf 85' lang='lat' dir='ltr'><strong>Aul</strong></span> <span class='ocrx_word' id='word_1_618' title='bbox 1699 4274 1846 4342; x_wconf 88' lang='lat' dir='ltr'><strong>pueri</strong></span> <span class='ocrx_word' id='word_1_619' title='bbox 1879 4273 2029 4342; x_wconf 86' lang='lat' dir='ltr'><strong>prin-</strong></span> 
     </span>
    </p>
   </div>
   <div class='ocr_carea' id='block_1_84' title="bbox 463 4355 661 4408">
    <p class='ocr_par' dir='ltr' id='par_1_84' title="bbox 463 4355 661 4408">
     <span class='ocr_line' id='line_1_84' title="bbox 463 4355 661 4408; baseline -0.01 -14"><span class='ocrx_word' id='word_1_620' title='bbox 463 4355 661 4408; x_wconf 63' lang='lat' dir='ltr'><strong>etpesu</strong></span> 
     </span>
    </p>
   </div>
   <div class='ocr_carea' id='block_1_85' title="bbox 2135 4129 3693 4202">
    <p class='ocr_par' dir='ltr' id='par_1_85' title="bbox 2135 4129 3693 4202">
     <span class='ocr_line' id='line_1_85' title="bbox 2135 4129 3693 4202; baseline -0.005 -16"><span class='ocrx_word' id='word_1_621' title='bbox 2135 4148 2286 4186; x_wconf 89' lang='lat' dir='ltr'><strong>oram</strong></span> <span class='ocrx_word' id='word_1_622' title='bbox 2351 4133 2475 4191; x_wconf 87' lang='lat' dir='ltr'><strong>cod.</strong></span> <span class='ocrx_word' id='word_1_623' title='bbox 2554 4133 2648 4188; x_wconf 85' lang='lat' dir='ltr'><strong>0r.</strong></span> <span class='ocrx_word' id='word_1_624' title='bbox 2733 4133 2804 4197; x_wconf 88' lang='lat' dir='ltr'><strong>I,</strong></span> <span class='ocrx_word' id='word_1_625' title='bbox 2872 4132 3161 4202; x_wconf 89' lang='lat' dir='ltr'><strong>ascriptum</strong></span> <span class='ocrx_word' id='word_1_626' title='bbox 3241 4130 3482 4185; x_wconf 83' lang='lat' dir='ltr'><strong>miriﬁce</strong></span> <span class='ocrx_word' id='word_1_627' title='bbox 3550 4129 3693 4202; x_wconf 68' lang='lat' dir='ltr'><strong>favet.</strong></span> 
     </span>
    </p>
   </div>
   <div class='ocr_carea' id='block_1_86' title="bbox 2140 4197 3700 4275">
    <p class='ocr_par' dir='ltr' id='par_1_86' title="bbox 2140 4197 3700 4275">
     <span class='ocr_line' id='line_1_86' title="bbox 2140 4197 3700 4275; baseline -0.001 -19"><span class='ocrx_word' id='word_1_628' title='bbox 2140 4205 2301 4275; x_wconf 65' lang='lat'><strong>:099;</strong></span> <span class='ocrx_word' id='word_1_629' title='bbox 2329 4202 2548 4275; x_wconf 75' lang='grc' dir='ltr'>ὑψηλὸν,</span> <span class='ocrx_word' id='word_1_630' title='bbox 2579 4202 2720 4275; x_wconf 78' lang='grc' dir='ltr'>οὕτω</span> <span class='ocrx_word' id='word_1_631' title='bbox 2746 4197 3240 4275; x_wconf 14' lang='grc' dir='ltr'>καλούμενονν,ᾃμίαν</span> <span class='ocrx_word' id='word_1_632' title='bbox 3257 4202 3398 4275; x_wconf 14' lang='grc' dir='ltr'>νέχον</span> <span class='ocrx_word' id='word_1_633' title='bbox 3433 4198 3628 4275; x_wconf 74' lang='grc' dir='ltr'>πηγῂν,</span> <span class='ocrx_word' id='word_1_634' title='bbox 3650 4197 3700 4275; x_wconf 56' lang='grc' dir='ltr'>ἐξ</span> 
     </span>
    </p>
   </div>
   <div class='ocr_carea' id='block_1_87' title="bbox 2138 4265 3700 4348">
    <p class='ocr_par' dir='ltr' id='par_1_87' title="bbox 2138 4265 3700 4348">
     <span class='ocr_line' id='line_1_87' title="bbox 2138 4265 3700 4348; baseline -0.004 -22"><span class='ocrx_word' id='word_1_635' title='bbox 2138 4268 2175 4348; x_wconf 71' lang='grc' dir='ltr'>ᾖ</span> <span class='ocrx_word' id='word_1_636' title='bbox 2201 4265 2460 4348; x_wconf 36' lang='grc' dir='ltr'>*ἑὰ-θηρία</span> <span class='ocrx_word' id='word_1_637' title='bbox 2476 4265 2804 4348; x_wconf 62' lang='grc' dir='ltr'>συνέρχεται</span> <span class='ocrx_word' id='word_1_638' title='bbox 2832 4265 3006 4348; x_wconf 74' lang='grc' dir='ltr'>πίνειν</span> <span class='ocrx_word' id='word_1_639' title='bbox 3055 4265 3217 4348; x_wconf 65' lang='grc' dir='ltr'>ῦδωρ.</span> <span class='ocrx_word' id='word_1_640' title='bbox 3253 4265 3418 4348; x_wconf 68' lang='grc' dir='ltr'>Ἔστι</span> <span class='ocrx_word' id='word_1_641' title='bbox 3457 4265 3615 4348; x_wconf 44' lang='grc' dir='ltr'>δὲέν,</span> <span class='ocrx_word' id='word_1_642' title='bbox 3647 4265 3700 4333; x_wconf 81' lang='grc' dir='ltr'>τῇ</span> 
     </span>
    </p>
   </div>
   <div class='ocr_carea' id='block_1_88' title="bbox 2139 4330 3699 4425">
    <p class='ocr_par' dir='ltr' id='par_1_88' title="bbox 2139 4330 3699 4425">
     <span class='ocr_line' id='line_1_88' title="bbox 2139 4330 3699 4425; baseline -0.002 -28"><span class='ocrx_word' id='word_1_643' title='bbox 2139 4330 2415 4425; x_wconf 64' lang='grc' dir='ltr'>Ϋοιλιλαίᾲ,</span> <span class='ocrx_word' id='word_1_644' title='bbox 2438 4414 2450 4425; x_wconf 46' lang='lat'><em>.</em></span> <span class='ocrx_word' id='word_1_645' title='bbox 2473 4330 2904 4425; x_wconf 36' lang='grc' dir='ltr'>ἓνθαλὲἶθηρευον</span> <span class='ocrx_word' id='word_1_646' title='bbox 2951 4343 3021 4425; x_wconf 55' lang='grc' dir='ltr'><strong>τά</strong></span> <span class='ocrx_word' id='word_1_647' title='bbox 3051 4330 3232 4425; x_wconf 53' lang='grc' dir='ltr'>ὅρνέα.</span> <span class='ocrx_word' id='word_1_648' title='bbox 3265 4343 3366 4425; x_wconf 68' lang='grc' dir='ltr'><strong>καὶ</strong></span> <span class='ocrx_word' id='word_1_649' title='bbox 3417 4341 3509 4422; x_wconf 46' lang='grc' dir='ltr'>τά,</span> <span class='ocrx_word' id='word_1_650' title='bbox 3528 4330 3699 4425; x_wconf 43' lang='grc' dir='ltr'>κτήῃξ</span> 
     </span>
    </p>
   </div>
   <div class='ocr_carea' id='block_1_89' title="bbox 533 4409 2037 4507">
    <p class='ocr_par' dir='ltr' id='par_1_89' title="bbox 533 4409 2033 4507">
     <span class='ocr_line' id='line_1_89' title="bbox 533 4409 2033 4507; baseline 0.005 -43"><span class='ocrx_word' id='word_1_651' title='bbox 533 4409 644 4480; x_wconf 79' lang='grc'>(59)</span> <span class='ocrx_word' id='word_1_652' title='bbox 671 4410 820 4507; x_wconf 77' lang='grc' dir='ltr'>Μηδ’</span> <span class='ocrx_word' id='word_1_653' title='bbox 847 4410 1016 4507; x_wconf 71' lang='grc' dir='ltr'>ὅσον,</span> <span class='ocrx_word' id='word_1_654' title='bbox 1053 4422 1158 4507; x_wconf 70' lang='lat' dir='ltr'><strong>etc.</strong></span> <span class='ocrx_word' id='word_1_655' title='bbox 1190 4429 1209 4462; x_wconf 81' lang='grc' dir='ltr'><strong>ι</strong></span> <span class='ocrx_word' id='word_1_656' title='bbox 1249 4411 1327 4467; x_wconf 84' lang='lat' dir='ltr'><strong>Ne</strong></span> <span class='ocrx_word' id='word_1_657' title='bbox 1342 4411 1556 4482; x_wconf 91' lang='lat' dir='ltr'><strong>quidem</strong></span> <span class='ocrx_word' id='word_1_658' title='bbox 1598 4422 1797 4474; x_wconf 88' lang='lat' dir='ltr'><strong>tantum</strong></span> <span class='ocrx_word' id='word_1_659' title='bbox 1831 4416 2033 4478; x_wconf 83' lang='lat' dir='ltr'><strong>haben-</strong></span> 
     </span>
    </p>
   </div>
   <div class='ocr_carea' id='block_1_90' title="bbox 2151 4409 3701 4507">
    <p class='ocr_par' dir='ltr' id='par_1_90' title="bbox 2151 4409 3701 4507">
     <span class='ocr_line' id='line_1_90' title="bbox 2151 4409 3701 4507; baseline 0.001 -1"><span class='ocrx_word' id='word_1_660' title='bbox 2151 4409 2380 4507; x_wconf 72' lang='grc' dir='ltr'><strong>ιΜοηεζ</strong></span> <span class='ocrx_word' id='word_1_661' title='bbox 2401 4414 2544 4507; x_wconf 62' lang='grc' dir='ltr'><strong>ῆιξξιε</strong></span> <span class='ocrx_word' id='word_1_662' title='bbox 2595 4414 2664 4467; x_wconf 68' lang='grc' dir='ltr'>ίιθ</span> <span class='ocrx_word' id='word_1_663' title='bbox 2705 4409 2920 4507; x_wconf 39' lang='lat' dir='ltr'><strong>ilices:</strong></span> <span class='ocrx_word' id='word_1_664' title='bbox 2979 4409 3701 4507; x_wconf 59' lang='lat' dir='ltr'><strong>&#39;°&quot;.§el”liil’.‘i&quot;f:l&#39;l.=.‘lﬁ°</strong></span> 
     </span>
    </p>
   </div>
   <div class='ocr_carea' id='block_1_91' title="bbox 466 4484 1171 4549">
    <p class='ocr_par' dir='ltr' id='par_1_91' title="bbox 466 4484 1171 4549">
     <span class='ocr_line' id='line_1_91' title="bbox 466 4484 1171 4549; baseline 0.004 -18"><span class='ocrx_word' id='word_1_665' title='bbox 466 4489 569 4540; x_wconf 88' lang='lat' dir='ltr'><strong>tes,</strong></span> <span class='ocrx_word' id='word_1_666' title='bbox 599 4491 858 4549; x_wconf 83' lang='lat' dir='ltr'><strong>quantum</strong></span> <span class='ocrx_word' id='word_1_667' title='bbox 879 4485 1008 4536; x_wconf 83' lang='lat' dir='ltr'><strong>satis</strong></span> <span class='ocrx_word' id='word_1_668' title='bbox 1035 4484 1124 4537; x_wconf 91' lang='lat' dir='ltr'><strong>sit.</strong></span> <span class='ocrx_word' id='word_1_669' title='bbox 1151 4503 1171 4534; x_wconf 72' lang='grc' dir='ltr'><strong>ι</strong></span> 
     </span>
    </p>
   </div>
   <div class='ocr_carea' id='block_1_92' title="bbox 536 4551 2036 4623">
    <p class='ocr_par' dir='ltr' id='par_1_92' title="bbox 536 4551 2036 4623">
     <span class='ocr_line' id='line_1_92' title="bbox 536 4551 2036 4623; baseline 0.003 -19"><span class='ocrx_word' id='word_1_670' title='bbox 536 4551 648 4621; x_wconf 72' lang='grc'>(40)</span> <span class='ocrx_word' id='word_1_671' title='bbox 679 4553 969 4617; x_wconf 70' lang='grc' dir='ltr'>Πατρέων.</span> <span class='ocrx_word' id='word_1_672' title='bbox 1007 4571 1025 4603; x_wconf 82' lang='grc' dir='ltr'><strong>ι</strong></span> <span class='ocrx_word' id='word_1_673' title='bbox 1049 4553 1188 4623; x_wconf 73' lang='lat' dir='ltr'><strong>Cum</strong></span> <span class='ocrx_word' id='word_1_674' title='bbox 1225 4554 1486 4623; x_wconf 59' lang='lat' dir='ltr'><strong>paternis,</strong></span> <span class='ocrx_word' id='word_1_675' title='bbox 1519 4553 1735 4609; x_wconf 80' lang='lat' dir='ltr'><strong>familiis</strong></span> <span class='ocrx_word' id='word_1_676' title='bbox 1773 4574 1790 4607; x_wconf 83' lang='grc'>›</span> <span class='ocrx_word' id='word_1_677' title='bbox 1830 4555 2036 4610; x_wconf 80' lang='lat' dir='ltr'><strong>scilicet</strong></span> 
     </span>
    </p>
   </div>
   <div class='ocr_carea' id='block_1_93' title="bbox 467 4621 2038 4703">
    <p class='ocr_par' dir='ltr' id='par_1_93' title="bbox 467 4621 2038 4703">
     <span class='ocr_line' id='line_1_93' title="bbox 467 4621 2038 4703; baseline 0.005 -31"><span class='ocrx_word' id='word_1_678' title='bbox 467 4631 612 4703; x_wconf 46' lang='lat' dir='ltr'><strong>«Haut</strong></span> <span class='ocrx_word' id='word_1_679' title='bbox 644 4623 935 4692; x_wconf 89' lang='lat' dir='ltr'><strong>capitibus.</strong></span> <span class='ocrx_word' id='word_1_680' title='bbox 967 4642 984 4680; x_wconf 71' lang='grc' dir='ltr'><strong>ι</strong></span> <span class='ocrx_word' id='word_1_681' title='bbox 1019 4621 1240 4694; x_wconf 82' lang='lat' dir='ltr'><strong>Vulgata</strong></span> <span class='ocrx_word' id='word_1_682' title='bbox 1277 4633 1328 4679; x_wconf 90' lang='lat' dir='ltr'><strong>et</strong></span> <span class='ocrx_word' id='word_1_683' title='bbox 1360 4621 1522 4677; x_wconf 87' lang='lat' dir='ltr'><strong>Hebr.</strong></span> <span class='ocrx_word' id='word_1_684' title='bbox 1565 4643 1583 4674; x_wconf 80' lang='grc' dir='ltr'><strong>ι</strong></span> <span class='ocrx_word' id='word_1_685' title='bbox 1621 4625 1729 4681; x_wconf 88' lang='lat' dir='ltr'><strong>Diis</strong></span> <span class='ocrx_word' id='word_1_686' title='bbox 1771 4635 1862 4679; x_wconf 88' lang='lat' dir='ltr'><strong>aut</strong></span> <span class='ocrx_word' id='word_1_687' title='bbox 1895 4626 2038 4694; x_wconf 86' lang='lat' dir='ltr'><strong>judi-</strong></span> 
     </span>
    </p>
   </div>
   <div class='ocr_carea' id='block_1_94' title="bbox 458 4693 2030 4884">
    <p class='ocr_par' dir='ltr' id='par_1_94' title="bbox 458 4693 2030 4884">
     <span class='ocr_line' id='line_1_94' title="bbox 458 4693 2030 4834; baseline -0.004 -10"><span class='ocrx_word' id='word_1_688' title='bbox 665 4711 1009 4831; x_wconf 51' lang='lat' dir='ltr'><strong>kaﬁapOslg.</strong></span> <span class='ocrx_word' id='word_1_689' title='bbox 1043 4763 1209 4834; x_wconf 82' lang='lat' dir='ltr'><strong>Regg.</strong></span> <span class='ocrx_word' id='word_1_690' title='bbox 1230 4763 1341 4829; x_wconf 87' lang='lat' dir='ltr'><strong>bm,</strong></span> <span class='ocrx_word' id='word_1_691' title='bbox 1373 4781 1419 4829; x_wconf 83' lang='grc' dir='ltr'>ι’,</span> <span class='ocrx_word' id='word_1_692' title='bbox 1440 4779 1494 4831; x_wconf 85' lang='grc' dir='ltr'><strong>ιι,</strong></span> <span class='ocrx_word' id='word_1_693' title='bbox 1515 4773 1625 4819; x_wconf 86' lang='lat' dir='ltr'><strong>tres</strong></span> <span class='ocrx_word' id='word_1_694' title='bbox 1653 4763 1826 4830; x_wconf 84' lang='lat' dir='ltr'><strong>Colb.,</strong></span> <span class='ocrx_word' id='word_1_695' title='bbox 1861 4763 1952 4820; x_wconf 87' lang='lat' dir='ltr'><strong>Or.</strong></span> <span class='ocrx_word' id='word_1_696' title='bbox 1981 4765 2030 4832; x_wconf 84' lang='lat' dir='ltr'><strong>I,</strong></span> 
     </span>
     <span class='ocr_line' id='line_1_95' title="bbox 458 4831 825 4884; baseline 0.003 -1"><span class='ocrx_word' id='word_1_697' title='bbox 458 4831 825 4884; x_wconf 75' lang='grc' dir='ltr'>καθαοισθείς.</span> 
     </span>
    </p>
   </div>
   <div class='ocr_carea' id='block_1_95' title="bbox 460 4848 2029 4973">
    <p class='ocr_par' dir='ltr' id='par_1_95' title="bbox 460 4848 2029 4973">
     <span class='ocr_line' id='line_1_96' title="bbox 460 4848 825 4902; baseline 0.003 -19"><span class='ocrx_word' id='word_1_698' title='bbox 460 4848 825 4902; x_wconf 80' lang='grc' dir='ltr'>καυαρισυεις.</span> 
     </span>
     <span class='ocr_line' id='line_1_97' title="bbox 508 4899 2029 4973; baseline 0.003 -19"><span class='ocrx_word' id='word_1_699' title='bbox 508 4901 642 4973; x_wconf 74' lang='grc'>(42)</span> <span class='ocrx_word' id='word_1_700' title='bbox 678 4902 800 4970; x_wconf 79' lang='lat' dir='ltr'><strong>&#39;Ap‘</strong></span> <span class='ocrx_word' id='word_1_701' title='bbox 823 4899 936 4958; x_wconf 84' lang='grc' dir='ltr'>οὖν</span> <span class='ocrx_word' id='word_1_702' title='bbox 970 4905 1058 4957; x_wconf 86' lang='grc' dir='ltr'>τό.</span> <span class='ocrx_word' id='word_1_703' title='bbox 1108 4904 1198 4960; x_wconf 87' lang='lat' dir='ltr'><strong>Sic</strong></span> <span class='ocrx_word' id='word_1_704' title='bbox 1231 4919 1418 4964; x_wconf 89' lang='lat' dir='ltr'><strong>omnes</strong></span> <span class='ocrx_word' id='word_1_705' title='bbox 1461 4905 1642 4973; x_wconf 90' lang='lat' dir='ltr'><strong>codd.;</strong></span> <span class='ocrx_word' id='word_1_706' title='bbox 1691 4906 1752 4957; x_wconf 85' lang='grc' dir='ltr'>τό</span> <span class='ocrx_word' id='word_1_707' title='bbox 1776 4905 1924 4961; x_wconf 85' lang='lat' dir='ltr'><strong>deest</strong></span> <span class='ocrx_word' id='word_1_708' title='bbox 1978 4905 2029 4958; x_wconf 92' lang='lat' dir='ltr'><strong>in</strong></span> 
     </span>
    </p>
   </div>
   <div class='ocr_carea' id='block_1_96' title="bbox 456 4972 2027 5114">
    <p class='ocr_par' dir='ltr' id='par_1_96' title="bbox 456 4972 2027 5114">
     <span class='ocr_line' id='line_1_98' title="bbox 456 4972 2027 5114; baseline 0.003 -20"><span class='ocrx_word' id='word_1_709' title='bbox 456 4972 641 5112; x_wconf 53' lang='grc' dir='ltr'><strong>ει,(43)</strong></span> <span class='ocrx_word' id='word_1_710' title='bbox 721 5041 799 5109; x_wconf 77' lang='grc' dir='ltr'><strong>Τῇ</strong></span> <span class='ocrx_word' id='word_1_711' title='bbox 862 5042 1105 5114; x_wconf 75' lang='grc' dir='ltr'>σκοπιῇ.</span> <span class='ocrx_word' id='word_1_712' title='bbox 1183 5044 1487 5099; x_wconf 84' lang='lat' dir='ltr'><strong>Delevimus</strong></span> <span class='ocrx_word' id='word_1_713' title='bbox 1562 5045 2027 5114; x_wconf 65' lang='lat' dir='ltr'><strong>praepositionem,</strong></span> 
     </span>
    </p>
   </div>
   <div class='ocr_carea' id='block_1_97' title="bbox 456 5113 2029 5184">
    <p class='ocr_par' dir='ltr' id='par_1_97' title="bbox 456 5113 2029 5184">
     <span class='ocr_line' id='line_1_99' title="bbox 456 5113 2029 5184; baseline 0.003 -21"><span class='ocrx_word' id='word_1_714' title='bbox 456 5114 534 5184; x_wconf 80' lang='grc' dir='ltr'><strong>ἐν,</strong></span> <span class='ocrx_word' id='word_1_715' title='bbox 575 5115 807 5184; x_wconf 86' lang='lat' dir='ltr'><strong>quamin</strong></span> <span class='ocrx_word' id='word_1_716' title='bbox 846 5113 1005 5184; x_wconf 77' lang='lat' dir='ltr'><strong>nullis</strong></span> <span class='ocrx_word' id='word_1_717' title='bbox 1030 5115 1326 5180; x_wconf 77' lang='lat' dir='ltr'><strong>reperimus</strong></span> <span class='ocrx_word' id='word_1_718' title='bbox 1349 5116 1647 5170; x_wconf 90' lang='lat' dir='ltr'><strong>codicibus.</strong></span> <span class='ocrx_word' id='word_1_719' title='bbox 1682 5113 1796 5170; x_wconf 84' lang='lat' dir='ltr'><strong>Non</strong></span> <span class='ocrx_word' id='word_1_720' title='bbox 1838 5115 2029 5184; x_wconf 86' lang='lat' dir='ltr'><strong>legitur</strong></span> 
     </span>
    </p>
   </div>
   <div class='ocr_carea' id='block_1_98' title="bbox 456 5182 2025 5252">
    <p class='ocr_par' dir='ltr' id='par_1_98' title="bbox 456 5182 2025 5252">
     <span class='ocr_line' id='line_1_100' title="bbox 456 5182 2025 5252; baseline 0.004 -21"><span class='ocrx_word' id='word_1_721' title='bbox 456 5183 688 5235; x_wconf 75' lang='lat' dir='ltr'><strong>etiamin</strong></span> <span class='ocrx_word' id='word_1_722' title='bbox 721 5183 835 5250; x_wconf 91' lang='lat' dir='ltr'><strong>ipso</strong></span> <span class='ocrx_word' id='word_1_723' title='bbox 859 5182 1149 5248; x_wconf 69' lang='lat' dir='ltr'><strong>Scriptum</strong></span> <span class='ocrx_word' id='word_1_724' title='bbox 1177 5193 1347 5250; x_wconf 77' lang='lat' dir='ltr'><strong>textu,</strong></span> <span class='ocrx_word' id='word_1_725' title='bbox 1376 5200 1474 5241; x_wconf 91' lang='lat' dir='ltr'><strong>nec</strong></span> <span class='ocrx_word' id='word_1_726' title='bbox 1503 5186 1557 5252; x_wconf 87' lang='lat' dir='ltr'><strong>in</strong></span> <span class='ocrx_word' id='word_1_727' title='bbox 1591 5186 1721 5241; x_wconf 90' lang='lat' dir='ltr'><strong>edit.</strong></span> <span class='ocrx_word' id='word_1_728' title='bbox 1759 5182 2025 5250; x_wconf 76' lang='lat' dir='ltr'><strong>Romana,</strong></span> 
     </span>
    </p>
   </div>
   <div class='ocr_carea' id='block_1_99' title="bbox 459 5252 2030 5393">
    <p class='ocr_par' dir='ltr' id='par_1_99' title="bbox 459 5252 2030 5393">
     <span class='ocr_line' id='line_1_101' title="bbox 459 5252 825 5309; baseline 0.003 -6"><span class='ocrx_word' id='word_1_729' title='bbox 459 5252 682 5309; x_wconf 73' lang='lat' dir='ltr'><strong>Veneta.</strong></span> <span class='ocrx_word' id='word_1_730' title='bbox 719 5264 825 5306; x_wconf 91' lang='lat' dir='ltr'><strong>etc.</strong></span> 
     </span>
     <span class='ocr_line' id='line_1_102' title="bbox 461 5321 2030 5393; baseline 0.004 -21"><span class='ocrx_word' id='word_1_731' title='bbox 461 5391 467 5393; x_wconf 17' lang='grc' dir='ltr'><strong>Α</strong></span> <span class='ocrx_word' id='word_1_732' title='bbox 528 5321 638 5393; x_wconf 59' lang='grc' dir='ltr'>(μ)</span> <span class='ocrx_word' id='word_1_733' title='bbox 673 5322 1014 5389; x_wconf 79' lang='grc' dir='ltr'>Ἰταϐύριον.</span> <span class='ocrx_word' id='word_1_734' title='bbox 1048 5323 1282 5388; x_wconf 86' lang='lat' dir='ltr'><strong>Thabor,</strong></span> <span class='ocrx_word' id='word_1_735' title='bbox 1314 5335 1369 5377; x_wconf 92' lang='lat' dir='ltr'><strong>ut</strong></span> <span class='ocrx_word' id='word_1_736' title='bbox 1393 5325 2030 5393; x_wconf 69' lang='lat' dir='ltr'><strong>habentHebrara,Aqui-</strong></span> 
     </span>
    </p>
   </div>
   <div class='ocr_carea' id='block_1_100' title="bbox 460 5391 2026 5479">
    <p class='ocr_par' dir='ltr' id='par_1_100' title="bbox 460 5391 2026 5479">
     <span class='ocr_line' id='line_1_103' title="bbox 460 5391 2026 5479; baseline -0.005 -37"><span class='ocrx_word' id='word_1_737' title='bbox 460 5391 926 5479; x_wconf 46' lang='lat' dir='ltr'><strong>!:‘t.§ymmachus..</strong></span> <span class='ocrx_word' id='word_1_738' title='bbox 962 5395 1137 5479; x_wconf 52' lang='lat' dir='ltr'><strong>(que;</strong></span> <span class='ocrx_word' id='word_1_739' title='bbox 1179 5393 1502 5479; x_wconf 65' lang='lat' dir='ltr'><strong>Harherinus</strong></span> <span class='ocrx_word' id='word_1_740' title='bbox 1539 5395 1602 5479; x_wconf 75' lang='lat' dir='ltr'><strong>in_</strong></span> <span class='ocrx_word' id='word_1_741' title='bbox 1633 5397 1901 5479; x_wconf 36' lang='lat' dir='ltr'><strong>mar-giae;</strong></span> <span class='ocrx_word' id='word_1_742' title='bbox 1930 5391 2026 5479; x_wconf 55' lang='grc' dir='ltr'><strong>ἐτη</strong></span> 
     </span>
    </p>
   </div>
   <div class='ocr_carea' id='block_1_101' title="bbox 457 5460 2024 5532">
    <p class='ocr_par' dir='ltr' id='par_1_101' title="bbox 457 5460 2024 5532">
     <span class='ocr_line' id='line_1_104' title="bbox 457 5460 2024 5532; baseline 0.004 -21"><span class='ocrx_word' id='word_1_743' title='bbox 457 5460 675 5532; x_wconf 70' lang='grc' dir='ltr'>ωαϐώρ.</span> <span class='ocrx_word' id='word_1_744' title='bbox 735 5461 956 5530; x_wconf 81' lang='lat' dir='ltr'><strong>Joseph.</strong></span> <span class='ocrx_word' id='word_1_745' title='bbox 1006 5464 1180 5532; x_wconf 84' lang='lat' dir='ltr'><strong>Anliq.</strong></span> <span class='ocrx_word' id='word_1_746' title='bbox 1215 5465 1247 5515; x_wconf 93' lang='grc' dir='ltr'>Ι.</span> <span class='ocrx_word' id='word_1_747' title='bbox 1285 5480 1336 5520; x_wconf 86' lang='lat' dir='ltr'><strong>v.</strong></span> <span class='ocrx_word' id='word_1_748' title='bbox 1388 5481 1436 5518; x_wconf 90' lang='lat' dir='ltr'><strong>c.</strong></span> <span class='ocrx_word' id='word_1_749' title='bbox 1474 5467 1525 5529; x_wconf 80' lang='lat' dir='ltr'><strong>I,</strong></span> <span class='ocrx_word' id='word_1_750' title='bbox 1591 5460 1778 5519; x_wconf 61' lang='lat' dir='ltr'><strong>habetw</strong></span> <span class='ocrx_word' id='word_1_751' title='bbox 1817 5464 2024 5518; x_wconf 72' lang='grc' dir='ltr'>Ἰταϐύ-</span> 
     </span>
    </p>
   </div>
   <div class='ocr_carea' id='block_1_102' title="bbox 462 5531 2020 5598">
    <p class='ocr_par' dir='ltr' id='par_1_102' title="bbox 462 5531 2020 5598">
     <span class='ocr_line' id='line_1_105' title="bbox 462 5531 2020 5598; baseline 0.005 -18"><span class='ocrx_word' id='word_1_752' title='bbox 462 5546 595 5598; x_wconf 85' lang='grc' dir='ltr'>ριον.</span> <span class='ocrx_word' id='word_1_753' title='bbox 632 5531 796 5585; x_wconf 84' lang='lat' dir='ltr'><strong>Porro</strong></span> <span class='ocrx_word' id='word_1_754' title='bbox 837 5552 853 5580; x_wconf 87' lang='grc'><strong>‹</strong></span> <span class='ocrx_word' id='word_1_755' title='bbox 902 5550 1054 5586; x_wconf 70' lang='grc' dir='ltr'>ιιιυιιε</span> <span class='ocrx_word' id='word_1_756' title='bbox 1089 5531 1149 5586; x_wconf 89' lang='lat' dir='ltr'><strong>in</strong></span> <span class='ocrx_word' id='word_1_757' title='bbox 1184 5534 1422 5590; x_wconf 69' lang='lat' dir='ltr'><strong>Galilzca.</strong></span> <span class='ocrx_word' id='word_1_758' title='bbox 1485 5556 1501 5587; x_wconf 77' lang='grc' dir='ltr'><strong>ι</strong></span> <span class='ocrx_word' id='word_1_759' title='bbox 1544 5544 1600 5588; x_wconf 85' lang='grc' dir='ltr'><strong>ιιι</strong></span> <span class='ocrx_word' id='word_1_760' title='bbox 1651 5536 1839 5589; x_wconf 90' lang='lat' dir='ltr'><strong>scribit</strong></span> <span class='ocrx_word' id='word_1_761' title='bbox 1873 5535 2020 5589; x_wconf 87' lang='lat' dir='ltr'><strong>Hier.</strong></span> 
     </span>
    </p>
   </div>
   <div class='ocr_carea' id='block_1_103' title="bbox 460 5599 2018 5670">
    <p class='ocr_par' dir='ltr' id='par_1_103' title="bbox 460 5599 2018 5670">
     <span class='ocr_line' id='line_1_106' title="bbox 460 5599 2018 5670; baseline 0.005 -20"><span class='ocrx_word' id='word_1_762' title='bbox 460 5601 552 5653; x_wconf 84' lang='lat' dir='ltr'><strong>lib.</strong></span> <span class='ocrx_word' id='word_1_763' title='bbox 582 5614 621 5662; x_wconf 86' lang='lat' dir='ltr'><strong>I,</strong></span> <span class='ocrx_word' id='word_1_764' title='bbox 648 5599 847 5653; x_wconf 82' lang='lat' dir='ltr'><strong>Comm.</strong></span> <span class='ocrx_word' id='word_1_765' title='bbox 882 5603 935 5654; x_wconf 86' lang='lat' dir='ltr'><strong>in</strong></span> <span class='ocrx_word' id='word_1_766' title='bbox 969 5603 1098 5657; x_wconf 74' lang='lat' dir='ltr'><strong>Osee</strong></span> <span class='ocrx_word' id='word_1_767' title='bbox 1131 5621 1180 5658; x_wconf 91' lang='lat' dir='ltr'><strong>c.</strong></span> <span class='ocrx_word' id='word_1_768' title='bbox 1214 5622 1265 5666; x_wconf 73' lang='grc' dir='ltr'><strong>ν,</strong></span> <span class='ocrx_word' id='word_1_769' title='bbox 1298 5615 1351 5658; x_wconf 88' lang='lat' dir='ltr'><strong>ct</strong></span> <span class='ocrx_word' id='word_1_770' title='bbox 1404 5606 1540 5661; x_wconf 92' lang='lat' dir='ltr'><strong>libro</strong></span> <span class='ocrx_word' id='word_1_771' title='bbox 1572 5605 1647 5658; x_wconf 84' lang='lat' dir='ltr'><strong>De</strong></span> <span class='ocrx_word' id='word_1_772' title='bbox 1678 5622 1816 5659; x_wconf 85' lang='lat' dir='ltr'><strong>nom.</strong></span> <span class='ocrx_word' id='word_1_773' title='bbox 1854 5605 2018 5670; x_wconf 77' lang='lat' dir='ltr'><strong>Hebr.</strong></span> 
     </span>
    </p>
   </div>
   <div class='ocr_carea' id='block_1_104' title="bbox 441 5673 2012 5745">
    <p class='ocr_par' dir='ltr' id='par_1_104' title="bbox 441 5673 2012 5745">
     <span class='ocr_line' id='line_1_107' title="bbox 441 5673 2012 5745; baseline 0.005 -24"><span class='ocrx_word' id='word_1_774' title='bbox 441 5689 481 5731; x_wconf 61' lang='grc' dir='ltr'><strong>,ι</strong></span> <span class='ocrx_word' id='word_1_775' title='bbox 526 5684 840 5745; x_wconf 67' lang='lat' dir='ltr'><strong>nemorosus</strong></span> <span class='ocrx_word' id='word_1_776' title='bbox 873 5673 981 5745; x_wconf 79' lang='lat' dir='ltr'><strong>ille,</strong></span> <span class='ocrx_word' id='word_1_777' title='bbox 1022 5675 1224 5745; x_wconf 65' lang='lat' dir='ltr'><strong>iuthio</strong></span> <span class='ocrx_word' id='word_1_778' title='bbox 1257 5692 1490 5745; x_wconf 81' lang='lat' dir='ltr'><strong>aucupes</strong></span> <span class='ocrx_word' id='word_1_779' title='bbox 1537 5676 1946 5739; x_wconf 82' lang='lat' dir='ltr'><strong>exercebantur,</strong></span> <span class='ocrx_word' id='word_1_780' title='bbox 1996 5695 2012 5722; x_wconf 72' lang='grc' dir='ltr'><strong>ι</strong></span> 
     </span>
    </p>
   </div>
   <div class='ocr_carea' id='block_1_105' title="bbox 459 5739 2016 5816">
    <p class='ocr_par' dir='ltr' id='par_1_105' title="bbox 459 5739 2016 5816">
     <span class='ocr_line' id='line_1_108' title="bbox 459 5739 2016 5816; baseline 0.005 -24"><span class='ocrx_word' id='word_1_781' title='bbox 459 5739 684 5815; x_wconf 65' lang='grc' dir='ltr'>(ςξιίὺυδ</span> <span class='ocrx_word' id='word_1_782' title='bbox 738 5739 922 5794; x_wconf 79' lang='lat' dir='ltr'><strong>Grotio</strong></span> <span class='ocrx_word' id='word_1_783' title='bbox 983 5754 1032 5795; x_wconf 80' lang='lat' dir='ltr'><strong>et</strong></span> <span class='ocrx_word' id='word_1_784' title='bbox 1070 5739 1314 5810; x_wconf 75' lang='lat' dir='ltr'><strong>Kiinkhi;</strong></span> <span class='ocrx_word' id='word_1_785' title='bbox 1376 5739 1568 5816; x_wconf 77' lang='lat' dir='ltr'><strong>quibus</strong></span> <span class='ocrx_word' id='word_1_786' title='bbox 1618 5746 1890 5806; x_wconf 83' lang='lat' dir='ltr'><strong>Scholium</strong></span> <span class='ocrx_word' id='word_1_787' title='bbox 1953 5747 2016 5800; x_wconf 81' lang='lat' dir='ltr'><strong>ad</strong></span> 
     </span>
    </p>
   </div>
   <div class='ocr_carea' id='block_1_106' title="bbox 2108 4479 3704 4551">
    <p class='ocr_par' dir='ltr' id='par_1_106' title="bbox 2108 4479 3704 4551">
     <span class='ocr_line' id='line_1_109' title="bbox 2108 4479 3704 4551; baseline -0.008 -11"><span class='ocrx_word' id='word_1_788' title='bbox 2108 4479 2114 4511; x_wconf 62' lang='grc' dir='ltr'><strong>ί</strong></span> <span class='ocrx_word' id='word_1_789' title='bbox 2141 4500 2332 4551; x_wconf 84' lang='lat' dir='ltr'><strong>aquam</strong></span> <span class='ocrx_word' id='word_1_790' title='bbox 2362 4483 2609 4538; x_wconf 64' lang='lat' dir='ltr'><strong>bihiturm</strong></span> <span class='ocrx_word' id='word_1_791' title='bbox 2645 4495 2840 4551; x_wconf 77' lang='lat' dir='ltr'><strong>coeunt</strong></span> <span class='ocrx_word' id='word_1_792' title='bbox 2877 4483 3025 4538; x_wconf 68' lang='lat' dir='ltr'><strong>ferte.</strong></span> <span class='ocrx_word' id='word_1_793' title='bbox 3056 4483 3149 4537; x_wconf 88' lang='lat' dir='ltr'><strong>Est</strong></span> <span class='ocrx_word' id='word_1_794' title='bbox 3192 4482 3450 4537; x_wconf 88' lang='lat' dir='ltr'><strong>autemin</strong></span> <span class='ocrx_word' id='word_1_795' title='bbox 3477 4479 3704 4551; x_wconf 64' lang='lat' dir='ltr'><strong>Galilwa,</strong></span> 
     </span>
    </p>
   </div>
   <div class='ocr_carea' id='block_1_107' title="bbox 2141 4545 3701 4622">
    <p class='ocr_par' dir='ltr' id='par_1_107' title="bbox 2141 4545 3701 4622">
     <span class='ocr_line' id='line_1_110' title="bbox 2141 4545 3701 4622; baseline -0.005 -17"><span class='ocrx_word' id='word_1_796' title='bbox 2141 4545 2230 4609; x_wconf 76' lang='lat' dir='ltr'><strong>ubi</strong></span> <span class='ocrx_word' id='word_1_797' title='bbox 2261 4553 2507 4615; x_wconf 75' lang='lat' dir='ltr'><strong>volucres</strong></span> <span class='ocrx_word' id='word_1_798' title='bbox 2534 4568 2598 4608; x_wconf 89' lang='lat' dir='ltr'><strong>ac</strong></span> <span class='ocrx_word' id='word_1_799' title='bbox 2621 4547 2814 4622; x_wconf 78' lang='lat' dir='ltr'><strong>pecora</strong></span> <span class='ocrx_word' id='word_1_800' title='bbox 2838 4556 3189 4608; x_wconf 85' lang='lat' dir='ltr'><strong>venabantur.</strong></span> <span class='ocrx_word' id='word_1_801' title='bbox 3225 4571 3244 4604; x_wconf 77' lang='grc' dir='ltr'><strong>ι</strong></span> <span class='ocrx_word' id='word_1_802' title='bbox 3275 4550 3591 4622; x_wconf 76' lang='lat' dir='ltr'><strong>(Silvestria</strong></span> <span class='ocrx_word' id='word_1_803' title='bbox 3632 4545 3701 4622; x_wconf 49' lang='lat' dir='ltr'><strong>ni:</strong></span> 
     </span>
    </p>
   </div>
   <div class='ocr_carea' id='block_1_108' title="bbox 2137 4613 3701 4693">
    <p class='ocr_par' dir='ltr' id='par_1_108' title="bbox 2137 4613 3701 4693">
     <span class='ocr_line' id='line_1_111' title="bbox 2137 4613 3701 4693; baseline -0.006 -15"><span class='ocrx_word' id='word_1_804' title='bbox 2137 4613 2352 4687; x_wconf 81' lang='lat' dir='ltr'><strong>mirum,</strong></span> <span class='ocrx_word' id='word_1_805' title='bbox 2404 4634 2461 4676; x_wconf 92' lang='lat' dir='ltr'><strong>ut</strong></span> <span class='ocrx_word' id='word_1_806' title='bbox 2514 4613 2715 4677; x_wconf 71' lang='lat' dir='ltr'><strong>indicat</strong></span> <span class='ocrx_word' id='word_1_807' title='bbox 2761 4623 2887 4678; x_wconf 84' lang='lat' dir='ltr'><strong>Bas.</strong></span> <span class='ocrx_word' id='word_1_808' title='bbox 2932 4639 3030 4693; x_wconf 83' lang='lat' dir='ltr'><strong>per</strong></span> <span class='ocrx_word' id='word_1_809' title='bbox 3058 4637 3241 4677; x_wconf 87' lang='lat' dir='ltr'><strong>vocem</strong></span> <span class='ocrx_word' id='word_1_810' title='bbox 3271 4613 3541 4693; x_wconf 81' lang='grc' dir='ltr'>ἀγρίων),</span> <span class='ocrx_word' id='word_1_811' title='bbox 3575 4613 3701 4688; x_wconf 86' lang='lat' dir='ltr'><strong>quod</strong></span> 
     </span>
    </p>
   </div>
   <div class='ocr_carea' id='block_1_109' title="bbox 2137 4693 3156 4753">
    <p class='ocr_par' dir='ltr' id='par_1_109' title="bbox 2137 4693 3156 4753">
     <span class='ocr_line' id='line_1_112' title="bbox 2137 4693 3156 4753; baseline -0.005 -4"><span class='ocrx_word' id='word_1_812' title='bbox 2137 4711 2241 4753; x_wconf 85' lang='lat' dir='ltr'><strong>non</strong></span> <span class='ocrx_word' id='word_1_813' title='bbox 2277 4694 2375 4746; x_wconf 88' lang='lat' dir='ltr'><strong>nisi</strong></span> <span class='ocrx_word' id='word_1_814' title='bbox 2401 4693 2532 4746; x_wconf 90' lang='lat' dir='ltr'><strong>locis</strong></span> <span class='ocrx_word' id='word_1_815' title='bbox 2555 4694 2856 4748; x_wconf 87' lang='lat' dir='ltr'><strong>nemorosis</strong></span> <span class='ocrx_word' id='word_1_816' title='bbox 2885 4693 3156 4747; x_wconf 88' lang='lat' dir='ltr'><strong>convenit.</strong></span> 
     </span>
    </p>
   </div>
   <div class='ocr_carea' id='block_1_110' title="bbox 2205 4755 3698 4833">
    <p class='ocr_par' dir='ltr' id='par_1_110' title="bbox 2205 4755 3698 4833">
     <span class='ocr_line' id='line_1_113' title="bbox 2205 4755 3698 4833; baseline -0.007 -16"><span class='ocrx_word' id='word_1_817' title='bbox 2205 4764 2317 4833; x_wconf 69' lang='lat'>(45)</span> <span class='ocrx_word' id='word_1_818' title='bbox 2371 4761 2855 4833; x_wconf 61' lang='lat' dir='ltr'><strong>Karaaerzrjxaat.</strong></span> <span class='ocrx_word' id='word_1_819' title='bbox 2909 4761 2999 4817; x_wconf 91' lang='lat' dir='ltr'><strong>Sic</strong></span> <span class='ocrx_word' id='word_1_820' title='bbox 3050 4762 3204 4833; x_wconf 79' lang='lat' dir='ltr'><strong>Regii</strong></span> <span class='ocrx_word' id='word_1_821' title='bbox 3235 4775 3436 4816; x_wconf 88' lang='lat' dir='ltr'><strong>omnes</strong></span> <span class='ocrx_word' id='word_1_822' title='bbox 3484 4767 3540 4814; x_wconf 86' lang='lat' dir='ltr'><strong>et</strong></span> <span class='ocrx_word' id='word_1_823' title='bbox 3565 4755 3698 4812; x_wconf 87' lang='lat' dir='ltr'><strong>Colb.</strong></span> 
     </span>
    </p>
   </div>
   <div class='ocr_carea' id='block_1_111' title="bbox 2136 4831 3457 4902">
    <p class='ocr_par' dir='ltr' id='par_1_111' title="bbox 2136 4831 3457 4902">
     <span class='ocr_line' id='line_1_114' title="bbox 2136 4831 3457 4902; baseline -0.004 -15"><span class='ocrx_word' id='word_1_824' title='bbox 2136 4831 2376 4887; x_wconf 82' lang='lat' dir='ltr'><strong>Savilius</strong></span> <span class='ocrx_word' id='word_1_825' title='bbox 2417 4848 2542 4887; x_wconf 86' lang='lat' dir='ltr'><strong>vero</strong></span> <span class='ocrx_word' id='word_1_826' title='bbox 2568 4831 2704 4902; x_wconf 86' lang='lat' dir='ltr'><strong>apud</strong></span> <span class='ocrx_word' id='word_1_827' title='bbox 2735 4832 2968 4886; x_wconf 86' lang='lat' dir='ltr'><strong>Montac.</strong></span> <span class='ocrx_word' id='word_1_828' title='bbox 2999 4831 3457 4902; x_wconf 83' lang='grc' dir='ltr'>καταπέπηκται.</span> 
     </span>
    </p>
   </div>
   <div class='ocr_carea' id='block_1_112' title="bbox 2165 4896 3702 5003">
    <p class='ocr_par' dir='ltr' id='par_1_112' title="bbox 2165 4896 3702 5003">
     <span class='ocr_line' id='line_1_115' title="bbox 2165 4896 3702 5003; baseline -0.007 -45"><span class='ocrx_word' id='word_1_829' title='bbox 2165 4904 2317 5003; x_wconf 52' lang='grc' dir='ltr'><strong>μδ)</strong></span> <span class='ocrx_word' id='word_1_830' title='bbox 2373 4896 2766 4970; x_wconf 78' lang='grc' dir='ltr'>Ἀποθερίζειν</span> <span class='ocrx_word' id='word_1_831' title='bbox 2828 4919 2912 4956; x_wconf 85' lang='grc' dir='ltr'><strong>τε.</strong></span> <span class='ocrx_word' id='word_1_832' title='bbox 2973 4903 3104 4974; x_wconf 81' lang='lat' dir='ltr'><strong>Reg.</strong></span> <span class='ocrx_word' id='word_1_833' title='bbox 3156 4919 3204 4965; x_wconf 84' lang='lat'><strong>2,</strong></span> <span class='ocrx_word' id='word_1_834' title='bbox 3257 4896 3363 4970; x_wconf 79' lang='lat' dir='ltr'><strong>pro</strong></span> <span class='ocrx_word' id='word_1_835' title='bbox 3414 4901 3499 4963; x_wconf 88' lang='grc' dir='ltr'><strong>τέ,</strong></span> <span class='ocrx_word' id='word_1_836' title='bbox 3557 4896 3702 4952; x_wconf 87' lang='lat' dir='ltr'><strong>habet</strong></span> 
     </span>
    </p>
   </div>
   <div class='ocr_carea' id='block_1_113' title="bbox 2203 5040 3706 5116">
    <p class='ocr_par' dir='ltr' id='par_1_113' title="bbox 2203 5040 3706 5116">
     <span class='ocr_line' id='line_1_116' title="bbox 2203 5040 3706 5116; baseline -0.004 -19"><span class='ocrx_word' id='word_1_837' title='bbox 2203 5043 2316 5115; x_wconf 77' lang='grc'>(47)</span> <span class='ocrx_word' id='word_1_838' title='bbox 2352 5042 2466 5096; x_wconf 80' lang='grc' dir='ltr'><strong>Καὶ</strong></span> <span class='ocrx_word' id='word_1_839' title='bbox 2492 5043 2656 5110; x_wconf 79' lang='grc' dir='ltr'>πυρί.</span> <span class='ocrx_word' id='word_1_840' title='bbox 2698 5041 2823 5096; x_wconf 65' lang='lat' dir='ltr'><strong>Haec</strong></span> <span class='ocrx_word' id='word_1_841' title='bbox 2847 5043 3067 5116; x_wconf 71' lang='lat' dir='ltr'><strong>quidem</strong></span> <span class='ocrx_word' id='word_1_842' title='bbox 3092 5056 3191 5095; x_wconf 82' lang='lat' dir='ltr'><strong>vox</strong></span> <span class='ocrx_word' id='word_1_843' title='bbox 3233 5055 3347 5116; x_wconf 81' lang='lat' dir='ltr'><strong>non</strong></span> <span class='ocrx_word' id='word_1_844' title='bbox 3387 5052 3476 5094; x_wconf 88' lang='lat' dir='ltr'><strong>est</strong></span> <span class='ocrx_word' id='word_1_845' title='bbox 3502 5040 3556 5092; x_wconf 92' lang='lat' dir='ltr'><strong>in</strong></span> <span class='ocrx_word' id='word_1_846' title='bbox 3599 5051 3706 5116; x_wconf 67' lang='lat' dir='ltr'><strong>pro-</strong></span> 
     </span>
    </p>
   </div>
   <div class='ocr_carea' id='block_1_114' title="bbox 2131 5053 3704 5193">
    <p class='ocr_par' dir='ltr' id='par_1_114' title="bbox 2131 5053 3704 5193">
     <span class='ocr_line' id='line_1_117' title="bbox 2203 5053 3704 5160; baseline -0.004 -63"><span class='ocrx_word' id='word_1_847' title='bbox 2203 5053 2316 5115; x_wconf 69' lang='grc' dir='ltr'>(Η)</span> <span class='ocrx_word' id='word_1_848' title='bbox 2352 5053 2466 5096; x_wconf 72' lang='lat' dir='ltr'><strong>Ital</strong></span> <span class='ocrx_word' id='word_1_849' title='bbox 2492 5053 2656 5110; x_wconf 76' lang='grc' dir='ltr'>πυρί.</span> <span class='ocrx_word' id='word_1_850' title='bbox 2699 5053 2823 5096; x_wconf 68' lang='lat' dir='ltr'><strong>Haec</strong></span> <span class='ocrx_word' id='word_1_851' title='bbox 2855 5053 3067 5124; x_wconf 74' lang='lat' dir='ltr'><strong>quidem</strong></span> <span class='ocrx_word' id='word_1_852' title='bbox 3092 5056 3191 5095; x_wconf 82' lang='lat' dir='ltr'><strong>vox</strong></span> <span class='ocrx_word' id='word_1_853' title='bbox 3233 5055 3347 5095; x_wconf 88' lang='lat' dir='ltr'><strong>non</strong></span> <span class='ocrx_word' id='word_1_854' title='bbox 3387 5053 3476 5094; x_wconf 85' lang='lat' dir='ltr'><strong>est</strong></span> <span class='ocrx_word' id='word_1_855' title='bbox 3502 5056 3556 5092; x_wconf 86' lang='lat' dir='ltr'><strong>tn</strong></span> <span class='ocrx_word' id='word_1_856' title='bbox 3599 5053 3704 5160; x_wconf 57' lang='grc' dir='ltr'><strong>ιίζο·</strong></span> 
     </span>
     <span class='ocr_line' id='line_1_118' title="bbox 2131 5111 3704 5193; baseline -0.008 -25"><span class='ocrx_word' id='word_1_857' title='bbox 2131 5114 2323 5193; x_wconf 58' lang='lat' dir='ltr'><strong>pheta;</strong></span> <span class='ocrx_word' id='word_1_858' title='bbox 2367 5129 2564 5193; x_wconf 83' lang='lat' dir='ltr'><strong>_veru_tn</strong></span> <span class='ocrx_word' id='word_1_859' title='bbox 2613 5128 2790 5193; x_wconf 39' lang='lat' dir='ltr'><strong>cum:</strong></span> <span class='ocrx_word' id='word_1_860' title='bbox 2837 5112 3064 5193; x_wconf 54' lang='lat' dir='ltr'><strong>Chhanr</strong></span> <span class='ocrx_word' id='word_1_861' title='bbox 3092 5130 3110 5164; x_wconf 78' lang='grc' dir='ltr'><strong>ι</strong></span> <span class='ocrx_word' id='word_1_862' title='bbox 3149 5111 3318 5193; x_wconf 68' lang='lat' dir='ltr'><strong>verbo</strong></span> <span class='ocrx_word' id='word_1_863' title='bbox 3363 5119 3556 5193; x_wconf 79' lang='lat' dir='ltr'><strong>utatur</strong></span> <span class='ocrx_word' id='word_1_864' title='bbox 3597 5121 3704 5193; x_wconf 23' lang='lat' dir='ltr'><strong>qi?!</strong></span> 
     </span>
    </p>
   </div>
   <div class='ocr_carea' id='block_1_115' title="bbox 2130 5182 3707 5253">
    <p class='ocr_par' dir='ltr' id='par_1_115' title="bbox 2130 5182 3707 5253">
     <span class='ocr_line' id='line_1_119' title="bbox 2130 5182 3707 5253; baseline -0.006 -18"><span class='ocrx_word' id='word_1_865' title='bbox 2130 5185 2410 5253; x_wconf 80' lang='lat' dir='ltr'><strong>appellatis</strong></span> <span class='ocrx_word' id='word_1_866' title='bbox 2453 5184 2615 5236; x_wconf 83' lang='lat' dir='ltr'><strong>etiam</strong></span> <span class='ocrx_word' id='word_1_867' title='bbox 2651 5182 2872 5236; x_wconf 87' lang='lat' dir='ltr'><strong>urbibus</strong></span> <span class='ocrx_word' id='word_1_868' title='bbox 2895 5197 3030 5253; x_wconf 5' lang='lat' dir='ltr'><strong>quae,</strong></span> <span class='ocrx_word' id='word_1_869' title='bbox 3053 5183 3175 5251; x_wconf 82' lang='lat' dir='ltr'><strong>igne</strong></span> <span class='ocrx_word' id='word_1_870' title='bbox 3198 5182 3515 5249; x_wconf 81' lang='lat' dir='ltr'><strong>perierunt,</strong></span> <span class='ocrx_word' id='word_1_871' title='bbox 3549 5182 3707 5248; x_wconf 79' lang='lat' dir='ltr'><strong>potuit</strong></span> 
     </span>
    </p>
   </div>
   <div class='ocr_carea' id='block_1_116' title="bbox 2129 5251 3707 5322">
    <p class='ocr_par' dir='ltr' id='par_1_116' title="bbox 2129 5251 3707 5322">
     <span class='ocr_line' id='line_1_120' title="bbox 2129 5251 3707 5322; baseline -0.006 -15"><span class='ocrx_word' id='word_1_872' title='bbox 2129 5251 2422 5322; x_wconf 67' lang='lat' dir='ltr'><strong>Gregorius</strong></span> <span class='ocrx_word' id='word_1_873' title='bbox 2472 5253 2574 5321; x_wconf 84' lang='lat' dir='ltr'><strong>hac</strong></span> <span class='ocrx_word' id='word_1_874' title='bbox 2600 5268 2732 5316; x_wconf 86' lang='lat' dir='ltr'><strong>voce</strong></span> <span class='ocrx_word' id='word_1_875' title='bbox 2763 5254 2859 5316; x_wconf 89' lang='lat' dir='ltr'><strong>uti,</strong></span> <span class='ocrx_word' id='word_1_876' title='bbox 2895 5263 2948 5306; x_wconf 90' lang='lat' dir='ltr'><strong>et</strong></span> <span class='ocrx_word' id='word_1_877' title='bbox 2981 5251 3122 5305; x_wconf 88' lang='lat' dir='ltr'><strong>illam</strong></span> <span class='ocrx_word' id='word_1_878' title='bbox 3161 5253 3460 5322; x_wconf 88' lang='lat' dir='ltr'><strong>proposito</strong></span> <span class='ocrx_word' id='word_1_879' title='bbox 3489 5263 3590 5304; x_wconf 93' lang='lat' dir='ltr'><strong>suo</strong></span> <span class='ocrx_word' id='word_1_880' title='bbox 3627 5259 3707 5298; x_wconf 90' lang='lat' dir='ltr'><strong>ac-</strong></span> 
     </span>
    </p>
   </div>
   <div class='ocr_carea' id='block_1_117' title="bbox 2129 5325 3042 5377">
    <p class='ocr_par' dir='ltr' id='par_1_117' title="bbox 2129 5325 3042 5377">
     <span class='ocr_line' id='line_1_121' title="bbox 2129 5325 3042 5377; baseline 0 -2"><span class='ocrx_word' id='word_1_881' title='bbox 2129 5325 2490 5377; x_wconf 87' lang='lat' dir='ltr'><strong>commodare.</strong></span> <span class='ocrx_word' id='word_1_882' title='bbox 3036 5335 3042 5341; x_wconf 90' lang='lat'>&#39;</span> 
     </span>
    </p>
   </div>
   <div class='ocr_carea' id='block_1_118' title="bbox 2199 5390 3178 5462">
    <p class='ocr_par' dir='ltr' id='par_1_118' title="bbox 2199 5390 3178 5462">
     <span class='ocr_line' id='line_1_122' title="bbox 2199 5390 3178 5462; baseline -0.001 -16"><span class='ocrx_word' id='word_1_883' title='bbox 2199 5395 2309 5462; x_wconf 69' lang='grc'>(48)</span> <span class='ocrx_word' id='word_1_884' title='bbox 2356 5392 2639 5461; x_wconf 66' lang='grc' dir='ltr'>Ἐφέεειν.</span> <span class='ocrx_word' id='word_1_885' title='bbox 2674 5390 2805 5462; x_wconf 80' lang='lat' dir='ltr'><strong>Reg.</strong></span> <span class='ocrx_word' id='word_1_886' title='bbox 2834 5408 2881 5455; x_wconf 91' lang='lat' dir='ltr'><strong>r,</strong></span> <span class='ocrx_word' id='word_1_887' title='bbox 2917 5391 3178 5460; x_wconf 82' lang='grc' dir='ltr'>ἐφέλξειν.</span> 
     </span>
    </p>
   </div>
   <div class='ocr_carea' id='block_1_119' title="bbox 2199 5462 3672 5534">
    <p class='ocr_par' dir='ltr' id='par_1_119' title="bbox 2199 5462 3672 5534">
     <span class='ocr_line' id='line_1_123' title="bbox 2199 5462 3672 5534; baseline 0.007 -20"><span class='ocrx_word' id='word_1_888' title='bbox 2199 5463 2590 5531; x_wconf 67' lang='grc' dir='ltr'>(49)]ί1ισθοῦ.</span> <span class='ocrx_word' id='word_1_889' title='bbox 2625 5462 2789 5522; x_wconf 83' lang='lat' dir='ltr'><strong>Coisl.</strong></span> <span class='ocrx_word' id='word_1_890' title='bbox 2820 5465 2870 5528; x_wconf 80' lang='grc'>1,</span> <span class='ocrx_word' id='word_1_891' title='bbox 2905 5462 3098 5533; x_wconf 81' lang='grc' dir='ltr'>μισθῷ.</span> <span class='ocrx_word' id='word_1_892' title='bbox 3281 5531 3296 5534; x_wconf 28' lang='grc' dir='ltr'>ᾼ</span> <span class='ocrx_word' id='word_1_893' title='bbox 3397 5529 3500 5534; x_wconf 88' lang='lat'>_____</span> <span class='ocrx_word' id='word_1_894' title='bbox 3587 5526 3616 5534; x_wconf 51' lang='grc' dir='ltr'><strong>Α</strong></span> <span class='ocrx_word' id='word_1_895' title='bbox 3663 5524 3672 5534; x_wconf 83' lang='grc'><strong>,</strong></span> 
     </span>
    </p>
   </div>
   <div class='ocr_carea' id='block_1_120' title="bbox 2197 5523 3706 5603">
    <p class='ocr_par' dir='ltr' id='par_1_120' title="bbox 2197 5523 3706 5603">
     <span class='ocr_line' id='line_1_124' title="bbox 2197 5523 3706 5603; baseline -0.009 -14"><span class='ocrx_word' id='word_1_896' title='bbox 2197 5523 2308 5603; x_wconf 81' lang='grc'>(50)</span> <span class='ocrx_word' id='word_1_897' title='bbox 2338 5535 2396 5587; x_wconf 88' lang='grc' dir='ltr'>Τί</span> <span class='ocrx_word' id='word_1_898' title='bbox 2426 5534 2809 5602; x_wconf 77' lang='grc' dir='ltr'>γενήσεσθαι.</span> <span class='ocrx_word' id='word_1_899' title='bbox 2832 5523 3017 5598; x_wconf 50' lang='lat' dir='ltr'><strong>{Quid</strong></span> <span class='ocrx_word' id='word_1_900' title='bbox 3045 5523 3304 5588; x_wconf 62' lang='lat' dir='ltr'><strong>futurum?</strong></span> <span class='ocrx_word' id='word_1_901' title='bbox 3341 5549 3363 5582; x_wconf 83' lang='grc'><strong><em>›</em></strong></span> <span class='ocrx_word' id='word_1_902' title='bbox 3397 5529 3524 5584; x_wconf 81' lang='lat' dir='ltr'><strong>Bill.</strong></span> <span class='ocrx_word' id='word_1_903' title='bbox 3549 5523 3706 5592; x_wconf 72' lang='lat' dir='ltr'><strong>«Quid</strong></span> 
     </span>
    </p>
   </div>
   <div class='ocr_carea' id='block_1_121' title="bbox 2129 5604 2344 5658">
    <p class='ocr_par' dir='ltr' id='par_1_121' title="bbox 2129 5604 2344 5658">
     <span class='ocr_line' id='line_1_125' title="bbox 2129 5604 2344 5658; baseline -0.009 -3"><span class='ocrx_word' id='word_1_904' title='bbox 2129 5604 2282 5658; x_wconf 76' lang='lat' dir='ltr'><strong>fore?</strong></span> <span class='ocrx_word' id='word_1_905' title='bbox 2326 5624 2344 5653; x_wconf 71' lang='grc' dir='ltr'><strong>ι</strong></span> 
     </span>
    </p>
   </div>
   <div class='ocr_carea' id='block_1_122' title="bbox 2196 5665 3704 5745">
    <p class='ocr_par' dir='ltr' id='par_1_122' title="bbox 2196 5665 3704 5745">
     <span class='ocr_line' id='line_1_126' title="bbox 2196 5665 3704 5745; baseline -0.005 -22"><span class='ocrx_word' id='word_1_906' title='bbox 2196 5675 2307 5742; x_wconf 76' lang='grc'>(51)</span> <span class='ocrx_word' id='word_1_907' title='bbox 2348 5674 2914 5743; x_wconf 68' lang='grc' dir='ltr'>Ἄροτριίιθήσεσθαι.</span> <span class='ocrx_word' id='word_1_908' title='bbox 2944 5673 3071 5745; x_wconf 74' lang='lat' dir='ltr'><strong>Reg.</strong></span> <span class='ocrx_word' id='word_1_909' title='bbox 3107 5691 3149 5739; x_wconf 88' lang='lat' dir='ltr'><strong>r,</strong></span> <span class='ocrx_word' id='word_1_910' title='bbox 3173 5665 3704 5742; x_wconf 78' lang='grc' dir='ltr'>ἀροτριωθήσεσθαι.</span> 
     </span>
    </p>
   </div>
   <div class='ocr_carea' id='block_1_123' title="bbox 2126 5745 2941 5815">
    <p class='ocr_par' dir='ltr' id='par_1_123' title="bbox 2126 5745 2941 5815">
     <span class='ocr_line' id='line_1_127' title="bbox 2126 5745 2941 5815; baseline -0.006 -14"><span class='ocrx_word' id='word_1_911' title='bbox 2126 5748 2273 5801; x_wconf 66' lang='lat' dir='ltr'><strong>Coll).</strong></span> <span class='ocrx_word' id='word_1_912' title='bbox 2321 5747 2370 5806; x_wconf 69' lang='lat' dir='ltr'><strong>ii,</strong></span> <span class='ocrx_word' id='word_1_913' title='bbox 2405 5745 2941 5815; x_wconf 72' lang='grc' dir='ltr'>ἀροτριασθήσετθαι.</span> 
     </span>
    </p>
   </div>
   <div class='ocr_carea' id='block_1_124' title="bbox 2130 4975 2159 5025">
    <p class='ocr_par' dir='ltr' id='par_1_124' title="bbox 2130 4975 2159 5025">
     <span class='ocr_line' id='line_1_128' title="bbox 2130 4975 2159 5025; baseline 0 0"><span class='ocrx_word' id='word_1_914' title='bbox 2130 4975 2159 5025; x_wconf 85' lang='grc' dir='ltr'><strong>δ</strong></span> 
     </span>
    </p>
   </div>
  </div>
