3832 6394
537 321 642 378 475

1746 319 1806 374 S.
1850 314 2180 376 GREGORII
2222 314 2572 374 THEOLOGI
3650 329 3723 387 ηδ

537 453 594 496 et
635 439 1033 511 interpretem?
1073 437 1356 506 Quomodo
1393 453 1515 507 qua:
1566 439 1875 509 pastoribus
1924 437 2118 509 praeci-

2228 437 2354 509 ρίων
2379 437 2471 491 καὶ
2490 436 2779 509 θεαμάτων
2794 436 2907 508 (97)
2930 455 2943 502 ;
2973 437 3098 501 Πῶς
3130 437 3226 508 μὲν
3247 437 3280 492 ἂ
3302 441 3408 502 τοῖς
3436 447 3625 510 ὅκοποῖς
3643 451 3710 519 (98

537 535 638 605 pit,
665 534 770 589 hoc
803 540 886 587 est
923 546 990 586 ne
1021 531 1208 586 vitium
1234 530 1582 602 gladiumque
1607 532 1704 601 ipsi
1731 531 2122 602 supervenien-

539 638 647 681 tcm
704 625 923 680 silentio
961 622 1346 679 dissimulent?
1383 624 1524 693 quod
1566 624 1822 678 nimirum
1867 623 1972 678 hoc
2022 637 2122 677 nec

538 718 691 787 ipsis,
720 730 822 772 nec
849 717 916 771 iis
951 717 1042 786 qui
1069 726 1327 785 peccant,
1358 717 1490 771 utile
1520 717 1757 771 futurum
1793 716 1899 784 sit;
1931 723 2121 772 contra

535 819 712 864 autem
735 849 750 875 ,
778 809 1080 880 praevidere
1110 823 1175 863 ac
1201 811 1603 878 praenuntiare,
1641 808 1885 878 utrisque
1918 807 2124 862 utilita-

537 912 642 956 tem
672 901 958 955 allaturum
992 899 1060 954 sit
1082 900 1166 966 5‘;
1203 901 1245 954 si
1283 899 1358 952 illi
1390 899 1605 968 quidem
1648 899 1904 964 dixerint,
1939 899 1993 953 lii
2023 914 2122 952 au-

537 1003 644 1050 tem
679 993 992 1048 audierint:
1024 993 1106 1048 sin
1156 993 1367 1057 minus,
1409 1001 1466 1046 at
1503 992 1568 1046 iis
1607 1002 1753 1047 certe
1785 992 1876 1062 qui
1918 992 2124 1047 denun-

539 1086 746 1140 tiariut.

609 1201 775 1259 LXV.
808 1203 927 1269 Quo
953 1201 1078 1255 item
1108 1202 1272 1255 modo
1303 1199 1464 1253 alium
1495 1213 1616 1254 eum
1649 1197 1930 1268 impetum,
1960 1213 2120 1268 quem

537 1295 590 1349 in
628 1304 875 1362 pasmres
912 1292 1073 1356 facit,
1106 1305 1247 1346 nunc
1288 1293 1338 1345 iu
1369 1290 1454 1345 his
1489 1289 1700 1354 verbis,
1738 1287 1828 1344 Vra
1855 1306 2012 1357 super
2047 1305 2122 1343 me

535 1387 669 1451 erit,
715 1396 762 1439 et
795 1386 1012 1438 nuntius
1053 1399 1212 1452 super
1249 1384 1529 1446 nuntium,
1566 1391 1612 1434 et
1641 1381 1772 1435 uisio
1801 1398 1831 1434 a
1874 1382 2120 1451 propheta

537 1476 853 1546 requiratur,
883 1486 928 1528 et
962 1474 1046 1528 lea:
1073 1491 1106 1528 α
1142 1473 1409 1527 sacerdote
1436 1472 1660 1542 peribit,
1702 1483 1746 1525 et
1781 1472 2057 1526 consilium
2090 1489 2122 1525 a

535 1566 828 1619 senioribus
845 1565 924 1629 ⁵⁹;
949 1578 1088 1617 nunc
1128 1576 1340 1615 rursum
1375 1560 1427 1614 in
1460 1561 1562 1624 bis,
1603 1557 1715 1613 Fili
1746 1559 2000 1622 hominis,
2035 1557 2122 1611 dic

536 1658 658 1724 ipsi,
686 1656 761 1710 Tu
785 1673 837 1709 es
866 1663 1008 1708 terra
1036 1670 1135 1707 non
1164 1653 1452 1720 compluta,
1481 1667 1574 1704 nec
1601 1651 1779 1719 pluvia
1803 1651 1937 1703 venit
1966 1663 2125 1718 super

540 1758 590 1801 te
618 1749 670 1800 in
695 1748 781 1800 die
804 1748 940 1800 irae:
971 1744 1126 1814 cujus
1155 1742 1390 1811 pra'fecti
1426 1742 1482 1794 in
1515 1741 1683 1794 medio
1714 1739 1827 1807 ejus
1851 1738 1982 1792 velut
2017 1738 2123 1791 leo-

2223 528 2616 592 διακελεύεται,
2657 529 2731 602 μὴ
2760 531 3115 601 κατασιωπᾷν
3164 529 3259 602 τὴν
3294 531 3500 598 κακίαν,
3544 537 3622 591 καὶ
3657 543 3705 615 τὴ

2223 622 2594 695 ἐπερχομένην
2625 623 2736 693 (99)
2779 621 2954 696 ταύτῃ
3001 623 3302 694 ῥομφαίαν;
3339 624 3411 689 ὡς
3440 625 3552 681 οὔτε
3590 633 3720 699 aurai,

2222 713 2380 767 τοῦτο
2427 712 2757 778 λυσιτελοῦν,
2809 714 2933 768 οὔτε
2978 719 3089 780 τοῖς
3128 717 3518 789 ἁμαρτάνουσι·
3569 723 3646 778 τοῦ
3687 729 3722 782 ἃ

2225 805 2540 876 προϊδέσθαι
2576 807 2669 860 καὶ
2706 806 3052 880 προκηρῦξαι
3094 809 3168 879 (1)
3198 811 3526 885 ἀμφοτέρους
3562 816 3723 888 ὀνήσον-

2222 911 2333 962 τος,
2365 895 2415 948 ει
2446 897 2494 949 οῖ
2527 896 2622 967 μὲν
2659 897 2885 965 εἴποιεν,
2921 900 2969 951 oi
2999 899 3055 952 δὲ
3093 899 3400 970 ἀκούσαιεν,
3427 904 3458 974 ἢ
3486 907 3667 973 πάντως
3682 928 3727 980 γε

2221 989 2349 1051 τοὺς
2383 987 2747 1060 μηνύσαντας.

2295 1189 2416 1241 ΞΕ’.
2451 1187 2575 1254 Πῶς
2620 1188 2677 1242 δὲ
2707 1189 2806 1262 τὴν
2843 1189 3009 1263 ἄλλην
3041 1190 3409 1263 καταδρομὴν,
3442 1192 3505 1264 ἢν
3551 1198 3730 1252 ποιεῖται

2222 1281 2363 1335 κατὰ
2403 1281 2510 1335 τῶν
2555 1283 2971 1353 ποιμαινόντων,
3023 1284 3118 1338 νῦν
3167 1284 3265 1354 μὲν
3321 1286 3378 1338 ὲν
3431 1286 3617 1352 τούτοις
3651 1295 3730 1355 τοῖς

2224 1373 2493 1443 ῥήμασιν·
2531 1373 2676 1426 Οὐαὶ
2725 1373 2824 1426 ἐπὶ
2861 1375 2997 1428 οὐαί
3044 1375 3238 1440 ἔσται,
3272 1376 3370 1430 καὶ
3412 1378 3631 1448 ἀγγελία
3659 1383 3731 1434 ἐπὶ

2220 1463 2523 1533 ἀγγελίαν,
2550 1463 2647 1517 καὶ
2669 1463 3133 1534 ἐκζητηθήσεται
3154 1466 3364 1536 ὅρασις
3382 1469 3447 1523 ἐκ
3465 1471 3730 1540 προφήτου,

2223 1555 2319 1608 καὶ
2353 1556 2537 1625 νόμος
2569 1556 2875 1610 ἀπολεῖται
2919 1558 2986 1622 ἐξ
3036 1558 3264 1627 ἱερέως,
3313 1559 3410 1614 καὶ
3460 1562 3636 1632 ,ϐουλὴ
3684 1567 3731 1618 ἐκ

2223 1647 2640 1717 πρεσϐυτέρων
2657 1667 2670 1680 ·
2699 1648 2793 1702 νῦν
2816 1649 2872 1702 δὲ
2901 1651 2959 1702 ἐν
2987 1651 3219 1715 ἐκείνοις
3237 1651 3397 1706 πάλιν
3421 1670 3434 1683 ·
3463 1654 3548 1707 Υἱὲ
3564 1655 3732 1724 ἀνθρώ-

2224 1757 2363 1804 που,
2392 1735 2568 1793 εἷπον
2603 1738 2761 1814 αὐζῇ
2782 1757 2796 1771 ·
2833 1741 2916 1794 Σὺ
2948 1740 3006 1795 εἷ
3029 1741 3105 1812 γῆ
3142 1745 3214 1796 οὐ
3276 1743 3352 1814 (2)
3408 1745 3730 1817 βρεχομέιη,

538 1855 630 1894 nes
659 1840 921 1908 rugientes
941 1877 955 1901 ,
994 1837 1250 1906 rapientes
1279 1833 1494 1898 rapinas
1517 1873 1532 1898 ,
1574 1832 1876 1886 devorantes
1913 1831 2118 1883 animas

2228 1830 2364 1886 οὐδὲ
2396 1830 2569 1897 ὑετὸς
2593 1830 2829 1902 ἐγένετο
2854 1834 2950 1887 ἐπὶ
2983 1833 3058 1887 σὲ
3090 1834 3160 1888 ἐν
3191 1835 3383 1905 ἡμέρᾳ
3413 1835 3603 1907 ὀργῆςο
3625 1835 3732 1908 ἦςοι

536 1934 594 1986 in
622 1931 854 1998 potentia
876 1931 943 1983 °°.
993 1928 1057 1981 Et
1097 1925 1368 1982 nonnullis
1402 1923 1700 1992 interjectis
1746 1937 1761 1976 :
1807 1922 2119 1978 Sacerdotes

536 2023 652 2092 ejus
679 2023 1078 2076 contemnebant
1106 2017 1270 2087 legem
1295 2031 1483 2079 meam,
1511 2025 1556 2068 et
1592 2011 1896 2084 polluebant
1919 2011 2118 2068 Sancta

534 2125 692 2166 mea:
723 2113 858 2165 inter
884 2109 1110 2178 profana
1147 2123 1193 2160 et
1226 2119 1414 2160 sancta
1435 2144 1452 2169 ,
1505 2105 1721 2173 inquit,
1755 2102 1884 2156 nihil
1942 2101 2122 2154 discri-

534 2204 694 2257 minis
729 2202 1072 2264 statuebant,
1104 2200 1196 2254 sed
1239 2199 1415 2252 omnia
1455 2213 1618 2250 unum
1663 2197 1738 2249 eis
1782 2203 1962 2259 erant,
2005 2199 2056 2248 et‘
2089 2207 2121 2246 a

537 2294 780 2349 Sabbatis
807 2295 934 2347 meis
980 2293 1160 2346 oculos
1207 2307 1330 2345 suos
1382 2287 1726 2358 aperiebant,
1763 2298 1811 2340 et
1858 2287 1914 2339 in
1950 2285 2120 2340 medio

533 2403 716 2441 eorum
764 2384 1239 2456 coinquinabar“.
1300 2381 1868 2451 Consumpturumque
1916 2395 2009 2444 se,
2068 2388 2123 2434 et

534 2479 822 2546 parietem,
863 2485 916 2530 et
957 2490 1050 2530 eos
1086 2475 1178 2544 qui
1215 2488 1343 2529 eum
1379 2472 1606 2536 liniunt,
1651 2472 1890 2526 minatur
1912 2471 1978 2535 “,
2019 2471 2121 2525 hoc

534 2578 640 2631 est,
669 2584 765 2622 eos
791 2568 880 2638 qui
915 2576 1178 2638 peccant,
1215 2576 1270 2622 et
1300 2580 1392 2621 eos
1425 2565 1518 2634 qui
1553 2565 1888 2634 peccantium
1927 2564 2119 2618 delicta

535 2662 803 2731 obteguut
835 2677 849 2716 :
880 2661 1024 2731 quod
1059 2660 1322 2714 malorum
1354 2658 1657 2728 principum
1691 2668 1745 2714 et
1774 2657 2119 2713 sacerdotum

539 2762 657 2818 est,
706 2768 770 2808 ac
805 2753 1022 2808 domum
1062 2751 1278 2806 lsraelis
1323 2750 1375 2805 in
1417 2758 1788 2806 transversum
1823 2749 2119 2822 agentium,

541 2843 843 2901 secundum
898 2845 1060 2902 corda
1112 2857 1247 2911 sua,
1283 2842 1588 2898 abalienata
1635 2842 1688 2898 in
1740 2841 2124 2913 cupiditatibus

540 2935 677 2993 suis.

610 3223 794 3280 LXVI.
837 3223 989 3282 Mitto
1018 3237 1138 3293 qua:
1170 3221 1236 3276 de
1273 3219 1339 3275 iis
1362 3217 1620 3283 disserit,
1656 3217 1748 3288 qui
1781 3216 1988 3287 seipsos
2029 3231 2120 3287 pa-

537 3307 716 3383 scunt,
751 3327 805 3372 et
839 3317 922 3370 lac
957 3315 1285 3381 comedunt,
1318 3321 1372 3368 et
1401 3312 1539 3368 lanis
1574 3319 1847 3379 teguntur,
1890 3317 1945 3364 et
1979 3308 2122 3380 quod

535 3424 783 3464 crassum
816 3416 921 3473 est,
951 3407 1223 3478 iugulant,
1261 3420 1479 3476 gregem
1517 3412 1696 3459 autem
1728 3417 1835 3457 non
1871 3409 2120 3471 pascunt,

536 3517 671 3564 nec,
707 3501 850 3570 quod
890 3499 1166 3554 iullrmum
1214 3506 1333 3564 est,
1385 3495 1772 3560 corroborant,
1819 3509 1938 3558 nec,
1980 3494 2124 3563 quod

537 3593 876 3646 confractum
901 3630 916 3655 ,
950 3590 1208 3660 alligant,
1242 3603 1376 3655 nec,
1413 3586 1556 3657 quod
1591 3595 1777 3652 errat,
1826 3585 2120 3650 reducunt,

537 3699 658 3748 nec,
691 3682 833 3752 quod
861 3683 1047 3752 periit,
1082 3681 1399 3749 requirunt,
1438 3695 1571 3746 nec,
1599 3679 1744 3749 quod
1775 3677 1986 3733 ﬁrmum
2018 3687 2122 3743 est,

537 3773 956 3838 conservant“,
989 3773 1087 3829 sed
1123 3772 1308 3827 labore
1331 3771 1647 3834 conticiunt,
1678 3785 1742 3826 ac
1769 3769 1835 3826 de
1861 3769 2122 3825 industria

535 3876 768 3922 enecant
797 3885 811 3920 :
844 3865 943 3932 sic,
973 3873 1033 3919 ut
1057 3879 1186 3919 oves
1213 3863 1281 3918 ob
1308 3872 1585 3933 pastorum
1608 3861 1718 3934 46
1741 3861 1998 3931 iuopiam',
2030 3877 2125 3932 per

536 3973 752 4012 omnem
768 3971 1019 4026 campum
1045 3965 1100 4009 et
1123 3966 1358 4010 montem
1382 3955 1638 4024 dispersae
1659 3955 1788 4016 sint,
1812 3962 1975 4023 atque
2006 3968 2124 4008 om-

539 4049 699 4104 nibus
731 4049 922 4103 avibus
949 4058 1001 4103 et
1033 4047 1221 4102 bestiis
1254 4047 1447 4117 praeda:
1473 4046 1694 4110 fuerint,
1727 4045 1869 4116 quod
1911 4061 2015 4100 non
2044 4060 2125 4102 es-

536 4150 641 4206 set,
671 4140 762 4210 qui
792 4138 1176 4210 requireretac
1196 4137 1565 4196 reduceret“.
1597 4138 1734 4206 Quid
1763 4139 1972 4210 postea?
2000 4137 2122 4193 Vivo

535 4249 653 4302 ego,
684 4232 810 4286 dicit
842 4230 1101 4285 Dominus
1132 4271 1146 4295 ,
1182 4247 1278 4300 pro
1307 4247 1368 4285 eo
1398 4231 1536 4302 quod
1568 4231 1680 4285 hwc
1717 4233 1792 4284 ita
1825 4247 1880 4285 se
1909 4231 2120 4295 habent,

536 4334 692 4393 atque
719 4339 839 4378 oves
874 4339 1004 4378 mea!
1032 4323 1084 4377 in
1123 4327 1360 4391 pra'dam
1395 4323 1646 4393 fuerunt,
1689 4339 1808 4378 ecce
1844 4339 1936 4394 ego
1966 4339 2124 4392 super

535 4426 798 4486 pastores,
822 4424 871 4477 et
898 4417 1163 4486 requiram
1188 4431 1305 4470 oves
1331 4432 1472 4470 meas
1498 4417 1561 4470 de
1593 4416 1833 4470 manibus
1858 4432 2036 4471 eorum
2053 4417 2119 4481 ⁸⁵,

2221 1924 2625 1994 ἀφηγούμενοι
2658 1923 2906 1994 ἐνμέσῳ
2925 1924 3136 1994 αὐτῆς,
3169 1927 3249 1993 ὡς
3276 1927 3515 1995 λέοντες
3539 1930 3732 2001 ὠρυόμε.

2221 2030 2336 2076 νοι,
2364 2010 2724 2080 ἁρπάζοντες
2755 2013 3129 2085 ἁρπάγματα,
3159 2016 3366 2084 ψυχὰς
3389 2021 3734 2088 κατεσθίοι-τες

2221 2106 2291 2159 ἐν
2319 2105 2663 2174 δυναστείᾳ·
2702 2107 2794 2160 καὶ
2829 2108 2944 2178 μετ’
2980 2107 3164 2176 ὀλίγα·
3203 2113 3266 2162 01
3297 2110 3468 2178 ἱερεῖς
3491 2112 3650 2180 αὐτῆς
3681 2115 3733 2184 (5)

2221 2198 2477 2265 ήθέτουν
2512 2200 2700 2270 νόμον
2719 2219 2860 2270 μου,
2895 2202 2992 2256 καὶ
3020 2204 3350 2270 ἐϐεϐήλουν
3369 2207 3438 2258 τὰ
3466 2207 3588 2274 ἄγιά
3608 2225 3697 2276 μου
3720 2225 3730 2239 ⁸

2216 2292 2504 2361 βεϐήλοις
2549 2311 2612 2347 τε
2661 2295 2758 2348 καὶ
2811 2296 3024 2365 ἁγίοις,
3080 2298 3267 2368 φησὶν,
3321 2301 3392 2353 οὐ
3425 2299 3730 2366 διέστελλον,

2222 2382 2382 2436 ἀλλὰ
2419 2383 2614 2437 πάντα
2635 2381 2713 2455 ἦν
2735 2386 2938 2454 αὐτοῖς
2967 2387 3057 2448 ἐν,
3087 2390 3184 2442 καὶ
3213 2389 3475 2458 ἀπύ,τῶν
3491 2390 3734 2446 σαϐϐάτων

2217 2490 2336 2541 μου
2375 2473 2841 2543 παρεκάλυπτον
2873 2477 3012 2546 τοὺς
3052 2479 3402 2548 ὀφθαλμοὺς
3435 2480 3627 2544 αὐτῶν,
3664 2481 3732 2535 καί

2222 2563 2634 2634 ἐϐεϐηλούμην
2670 2569 2740 2620 ἐν
2791 2568 2961 2638 μέσῳ
3007 2569 3208 2624 αὐτῶν
3235 2588 3249 2602 ·
3309 2573 3568 2626 συντελεῖν
3601 2590 3646 2625 τε
3671 2574 3733 2626 τὸν

2221 2660 2417 2729 τοῖχον,
2473 2660 2568 2713 καὶ
2621 2661 2747 2723 τοὺς
2795 2661 3116 2731 ἀλείφοντας
3147 2664 3311 2718 αὑτὸν
3353 2666 3598 2719 ἀπειλῶν·
3632 2667 3677 2719 τὸ
3695 2666 3733 2719 δέ

2202 2747 2360 2820 εὲστι,
2386 2748 2512 2812 τοὺς
2555 2749 2973 2822 ἁμαρτάνοντας
3001 2752 3076 2823 (4)
3106 2754 3199 2806 καὶ
3229 2756 3359 2818 τοὺς
3395 2755 3732 2824 συγκαλύπτω-

2221 2859 2351 2906 τας·
2388 2843 2526 2914 ὅπερ
2581 2838 2722 2897 εἶναι
2761 2844 2950 2898 κακῶν
3001 2847 3282 2918 ἀρχόντων
3342 2848 3433 2901 καὶ
3467 2849 3734 2919 ἱερέων,καὶ

2223 2935 2632 3006 πλαγιαζόντων
2676 2937 2753 3008 (5)
2783 2938 2875 2992 τὸν
2915 2933 3064 2993 οἶκον
3096 2941 3192 2993 τοῦ
3247 2940 3464 3012 Ἰσραὴλ
3511 2941 3631 2995 κατὰ
3668 2941 3734 3002 τὰς

2224 3028 2453 3100 καρδίας
2485 3029 2664 3082 αὐτῶν
2687 3029 2788 3094 τὰς
2820 3028 3344 3103 ἁπηλλοτριωμένας
3392 3032 3447 3086 ὲν
3478 3034 3575 3095 τοῖς
3595 3030 3734 3084 imbue

2148 3155 2194 3214 ο
2229 3122 2476 3194 μήμασιν
2510 3121 2588 3194 (6)
2619 3122 2820 3179 αὐτῶν.

2294 3232 2429 3302 ΞΕῖῆ
2463 3235 2572 3287 Καὶ
2611 3233 2802 3288 σιωπῶ
2829 3234 3008 3304 λέγειν
3053 3236 3155 3290 ὅσα
3200 3238 3466 3311 περὶτῶν
3499 3237 3736 3309 βοσκόντων

2223 3329 2451 3391 ἑαυτοὺς
2480 3327 2810 3395 διαλέγεται,
2864 3327 2924 3380 τὸ
2954 3327 3097 3396 γάλα
3128 3329 3536 3391 κατεσθιόντων,
3585 3328 3658 3381 καὶ
3689 3326 3737 3378 τὰ

2223 3421 2345 3493 ἔρια
2378 3419 2876 3492 περιϐαλλομένων,
2912 3421 3006 3474 καὶ
3051 3421 3112 3474 τὸ
3159 3421 3311 3492 παχὺ
3361 3419 3736 3491 σφαζόντωνβ),

2222 3515 2361 3569 ἀλλά
2397 3515 2471 3587 μὴ
2523 3515 2922 3587 ποιμαινόντων
2962 3515 3029 3569 τά
3060 3516 3336 3589 πρόϐατα,
3389 3517 3446 3570 τὸ
3501 3514 3737 3586 ὴσθενηκὸς

2223 3609 2323 3662 οὐκ
2355 3608 2732 3678 ἐνισχυόντων,
2760 3607 2851 3660 καὶ
2895 3606 2956 3660 τὺ
2992 3607 3457 3679 συντετριμμένον,
3485 3607 3540 3660 οὐ
3569 3603 3734 3658 καταδε-

2226 3700 2524 3772 σμούντων,
2558 3700 2653 3758 καὶ
2671 3700 2732 3754 τὸ
2753 3699 3098 3772 πλανώμενον
3117 3701 3218 3754 οὐκ
3236 3697 3734 3772 ὲπιστρεφόντων,καὶ

2223 3795 2282 3847 τὸ
2320 3793 2597 3856 ἀπολωλὸς
2648 3794 2751 3848 οὐκ
2811 3792 3207 3866 ἐπιζητούντων,
3253 3795 3353 3862 καὶ
3380 3793 3442 3846 τὸ
3474 3788 3659 3864 ἰσχυρὸν
3695 3790 3736 3844 οὗ

2225 3883 2597 3952 φυλαττόντων
2624 3922 2640 3948 ,
2699 3883 2836 3936 ἀλλὰ
2887 3883 3072 3955 μόχθῳ
3131 3882 3630 3955 κατεργαζομένων,
3672 3880 3736 3933 xz".

2225 3977 2368 4031 κατά
2401 3978 2635 4050 σπουδὴν
2669 3978 3014 4032 ἀπολλύντων
3037 3996 3050 4009 ·
3095 3978 3170 4042 ὡς
3201 3978 3523 4051 διεσπάρθαι
3549 3977 3608 4030 τὰ
3643 3975 3736 4045 πρόο

2223 4069 2363 4124 ϐατα
2413 4070 2553 4124 κατά
2607 4070 2808 4135 παντὸς
2855 4069 3038 4124 πεδίου
3079 4070 3173 4124 καὶ
3209 4068 3393 4142 ὅρους,
3445 4068 3582 4140 παρὰ
3613 4066 3736 4135 τὸνμὴ

2223 4157 2362 4216 εἶναι
2394 4162 2679 4234 ποιμένας,
2723 4163 2818 4216 καὶ
2851 4160 3102 4231 γενέσθαι
3141 4161 3482 4233 κατάϐρωμα
3526 4161 3640 4213 πᾶσι
3667 4173 3736 4209 πε-

2221 4255 2418 4316 τεινοῖς
2445 4253 2539 4306 καὶ
2573 4251 2780 4324 θηρίοις
2812 4252 2912 4325 (8),
2959 4252 3059 4305 οὐκ
3104 4251 3256 4315 όντος
3310 4251 3405 4306 τοῦ
3450 4248 3738 4322 ὲκζητοῦντος
3782 4267 3789 4280 ·

2223 4345 2314 4398 καὶ
2350 4344 2788 4417 ἐπιστρέφοντος.
2831 4339 2965 4397 Εἶτα
2988 4343 3075 4409 τί;
3106 4341 3198 4397 Ζῶ
3220 4343 3358 4414 ἐγὼ,
3396 4344 3523 4415 φησὶ
3553 4343 3636 4415 (9),
3669 4338 3737 4394 λέ·

2229 4454 2318 4505 γει
2345 4437 2578 4505 Κύριος,
2609 4437 2762 4510 ἀντὶδ
2773 4438 2879 4492 τοῦ
2915 4437 3102 4493 ταῦτα
3137 4438 3328 4509 οὕτως
3360 4437 3540 4507 ἔχειν,
3565 4434 3644 4496 καί
3674 4449 3737 4501 τε·

535 4521 702 4579 atque
746 4521 840 4562 eas
883 4507 1100 4576 quidem
1142 4506 1390 4577 colligam
1435 4506 1676 4576 mihique
1719 4499 2000 4576 asseram;
2040 4507 2118 4563 illi

2228 4499 2445 4606 νέσθαι
2479 4499 2852 4602 τάνπρόϐατά
2879 4550 3000 4603 μου
3030 4535 3118 4600 είς
3161 4499 3493 4603 προνομήν,
3531 4529 3640 4584 ἰδοὺ
3657 4499 3738 4597 ἐγὼ

601 4733 646 4808 ξξ
683 4729 879 4808 Ez_ech.
912 4745 1107 4808 xxxiii,
1132 4799 1145 4808 _
1168 4727 1292 4808 24:».
1335 4727 1787 4808 __5_'_Er.ecli._\'_t_t,
1814 4727 1944 4808 36.“
1985 4729 2032 4808 δέ
2054 4727 2256 4808 _Ezech.
2286 4746 2430 4798 xm,
2497 4730 2601 4798 24,
2633 4731 2724 4786 9.5.
2798 4732 2842 4764 “
2900 4732 3032 4788 ibid.
3068 4731 3159 4788 26.
3213 4732 3279 4808 1⁸⁸
3302 4731 3498 4788 Ezech.
3525 4743 3635 4793 xm,
3677 4719 3739 4776 l5.

532 4802 579 4834 ⁸³
608 4802 806 4855 Ezech.
839 4815 1019 4864 xxxrv,
1057 4799 1173 4853 24.
1252 4798 1298 4830 “
1335 4799 1466 4854 ibid.
1503 4800 1556 4852 8.
1637 4799 1681 4829 ⁸⁸
1717 4799 1846 4854 ibid.
1879 4798 1981 4866 10,
2011 4798 2099 4853 li.

603 4999 714 5070 (97)
748 4997 1082 5068 Θεαμὰτων.
1117 5015 1137 5048 ι
1177 4996 1479 5070 Visionum,
1521 5014 1539 5048 ι
1580 4996 1918 5070 malim,_p_r_o
1961 5009 2113 5053 more

531 5067 1057 5141 Scripturm,'q_uain
1084 5087 1103 5118 (
1146 5069 1597 5141 spectaculorum,
1646 5087 1664 5119 ι
1701 5067 2005 5141 _utBillius.

603 5135 717 5212 (98)
747 5138 874 5212 Μξν
898 5135 1085 5212 ἆ-ζοῖς
1111 5135 1388 5212 σκοποῖς.
1414 5138 1494 5212 Att
1516 5153 1668 5212 oram
1701 5138 1836 5212 Reg.
1879 5153 1933 5212 ιι,
1975 5137 2112 5212 sexti-

533 5207 678 5278 ptum
699 5207 734 5265 ἐ
772 5207 1037 5263 Ἐνταῦθα
1066 5209 1193 5271 τοὺς
1234 5207 1509 5279 ἀρχιερεῖς
1547 5207 1718 5276 λέγει.
1749 5207 1884 5273 luto,
1915 5207 2112 5279 inquit,

530 5283 722 5336 Camb.
765 5300 783 5332 ‹
819 5281 1221 5349 Speculatores,
1275 5278 1546 5347 ’qua’voce
1587 5281 1721 5333 nihil
1773 5278 2114 5334 communius

533 5354 584 5406 in
608 5352 911 5406 Ezechiele.
960 5367 980 5400 ι

601 5421 712 5507 (99)
758 5417 1224 5490 Ἐπερχομένην.
1266 5418 1432 5493 Regg.
1472 5418 1567 5474 let
1604 5427 1642 5486 ι,
1673 5419 1976 5491 ἐρχομένην
2019 5417 2111 5472 ἐπὶ

531 5508 723 5561 ταυτῃ.

608 5547 700 5625 (εἴ
728 5560 1128 5630 Προκηρῦξαι.
1166 5560 1280 5615 Duo
1302 5560 1472 5630 Regg.
1507 5569 1561 5616 et
1581 5560 1772 5616 Comb.
1798 5560 1998 5615 addunt
2025 5560 2080 5630 η.
2155 5597 2174 5606 -

574 5631 685 5714 ~(2)
717 5629 806 5714 ζῆ
837 5629 935 5686 οὐ,
955 5631 1156 5686 Omnes
1187 5647 1324 5702 pene
1355 5629 1577 5688 codices
1613 5641 1668 5686 et
1714 5630 1854 5685 LXX
1894 5629 2112 5695 habent,

534 5702 935 5840 “laetanda
992 5772 1049 5828 lu
1091 5773 1224 5844 Reg.
1279 5788 1336 5842 y,
1376 5777 1443 5831 ad
1491 5789 1641 5831 oram
1698 5773 1978 5839 scribitur,
2024 5771 2118 5826 αὑ-

2217 5012 2342 5051 των.

2290 5066 2549 5153 (4),Τοξιζς
2567 5064 3038 5153 ᾀμαρςᾴνοντας.
3089 5063 3183 5120 Sic
3224 5079 3354 5119 mss.
3400 5074 3594 5120 omnes.
3622 5054 3742 5110 Deos

2219 5137 2346 5202 τούς
2382 5139 2435 5191 in
2473 5137 2648 5192 Paris.
2680 5137 2812 5194 edit.

2291 5210 2366 5286 (ὃ)
2392 5208 2866 5286 ῌᾸαπιαζόντων.
2897 5205 3304 5286 s_lu_obliquurn
3336 5203 3567 5286 ﬂectunt.
3600 5217 3618 5286 ξ

2291 5252 2368 5352 2‘63
2392 5252 3738 5352 τὲἕιέιῑιὶῆλιὶιῖεῖνῠιέεῑξιῖῒἧξξέίτι-έῖεδηειιυς..

2291 5344 2369 5420 l7)
2405 5344 2777 5419 Σφαζόντών.
2809 5347 2996 5420 Camb.
3012 5344 3508 5420 Δκατασφαζόνςιτων.

2291 5413 2369 5490 (Β)
2405 5413 2564 5477 ΙΪᾶσι
2589 5419 2881 5485 πετεινοῖς
2929 5418 3027 5472 καὶ
3058 5413 3302 5490 θηρίοις.
3323 5413 3521 5490 _Verba
3552 5413 3657 5463 sunt
3680 5414 3740 5490 rx

2227 5483 2479 5554 lsfx'vrlt.
2507 5492 2560 5555 6,
2589 5502 2680 5544 aut
2707 5491 2817 5544 Jer.
2856 5483 3052 5552 'xxxtv,
3078 5483 3168 5552 20,
3198 5498 3287 5541 aut
3321 5483 3740 5555 Ezech._surut.,

2222 5564 2339 5649 {et
2370 5551 2562 5644 nisls,
2591 5561 2678 5615 17.
2712 5561 2825 5615 Duo
2847 5559 3010 5630 Regg.
3039 5551 3160 5630 post
3183 5557 3467 5621 πετεινοῖς,
3487 5551 3741 5607 addunt?”

2222 5650 2472 5705 ουρανου.

2298 5699 2372 5775 (9)
2400 5705 2576 5774 Φησί.
2604 5703 2764 5760 Dccst
2796 5703 2847 5758 iu
2876 5701 3082 5758 duobus
3116 5699 3282 5771 Regg.
