3832 6394
150 399 229 453 177
1203 393 1464 450 ORATIO
1506 396 1571 451 11.
1612 425 1651 435 -

1770 394 2225 452 POLOGETICA.

3214 403 3317 458 478

146 516 217 569 ἐπὶ
243 510 357 575 τοὺς
375 506 669 575 ποιμένας,
696 509 793 562 καὶ
825 509 1128 577 ἐκζόιτήσω
1150 512 1219 565 τὰ
1241 515 1505 583 πρόϐατά
1523 535 1642 586 μου

1766 526 1922 572 tutem
1947 558 1964 585 ,
1999 518 2113 572 haec
2161 524 2217 572 et
2252 517 2337 571 illa
2377 518 2666 586 patientur,
2700 535 2818 589 quae
2857 518 3101 575 videlicet
3151 522 3317 576 malos

145 607 197 658 lx
237 600 335 654 τῶν
372 594 573 666 χειρῶν
619 597 839 665 αὐτῶν,
894 600 988 652 καὶ
1034 601 1102 653 τὰ
1157 602 1256 671 μὲν
1300 605 1511 671 συνάξω
1559 608 1652 660 καὶ

144 692 504 764 ιεεριποιήσομαι
534 688 675 757 (10)⁶
729 692 780 743 οἱ
817 692 873 744 δὲ
906 692 974 745 τὰ
1020 694 1112 745 καὶ
1142 693 1211 746 τὰ
1260 694 1564 759 πείσονται,
1616 696 1651 750 ἃ

142 790 237 848 τοὺς
258 783 434 845 κακοὺς
466 781 727 850 ποιμένας
750 783 917 847 είκὸς.

191 874 286 925 ΞΖ’.
318 869 441 922 Ἀλλ’
476 868 560 921 ἶνα
588 870 683 941 μὴ,
714 869 783 922 τὰ
814 872 1029 925 πάντων
1063 873 1155 926 καὶ
1204 874 1414 938 πάντας
1452 876 1650 947 ἀπαρι-

142 961 245 1032 θμού
252 976 387 1031 μενος
400 958 518 1019 τοὺς
532 959 835 1029 προφήτας,
854 961 1061 1033 μακρὸν
1071 963 1338 1016 ἀποτείνω
1349 963 1503 1032 λόγον
1518 966 1649 1034 (11),

138 1054 228 1114 ἑνὸς
254 1046 583 1119 ἐπιμνησθεὶς
610 1047 690 1100 ἔτι
720 1049 815 1102 τοῦ
846 1050 954 1121 πρὸ
978 1051 1077 1120 τῆς
1103 1051 1349 1116 πλάσεως
1371 1055 1647 1125 ἐγνωσμέ-

138 1157 225 1203 νου,
248 1138 328 1191 καὶ
349 1138 408 1189 ἐκ
432 1136 640 1205 μήτρας
668 1137 1004 1207 ἡγιασμένου
1044 1139 1343 1211 (Ἱερεμίας
1362 1136 1428 1211 ἦν
1453 1137 1651 1211 οὗτος),

136 1232 231 1291 τοὺς
257 1226 455 1288 λοιποὺς
486 1225 887 1297 ὑπερϐήσομαι.
925 1230 1089 1298 Ζητεῖ
1147 1230 1246 1298 μὲν
1303 1222 1457 1294 οὗτος
1512 1233 1651 1305 ὑπὲρ

137 1318 328 1388 κεφαλῆς
347 1316 498 1386 ὕδωρ,
538 1318 631 1370 καὶ
659 1321 773 1381 τοῖς
800 1318 1098 1390 ὀφθαλμοῖς
1138 1321 1321 1392 πηγὴν
1376 1322 1649 1395 δακρύων,

136 1414 200 1464 ἵνα
220 1408 404 1481 κλαύσῃ
419 1408 552 1478 πρὸς
584 1408 739 1475 ἀξίαν
767 1410 858 1463 τὸν
901 1412 1144 1484 Ἰσραήλ·
1179 1413 1425 1485 ὀδύρεται
1466 1415 1522 1469 δὲ
1554 1416 1651 1487 οὐχ

134 1496 257 1569 ἧττον
285 1498 371 1551 καὶ
398 1496 502 1550 τῶν
527 1498 883 1569 προεστώτων
915 1501 1013 1573 τὴν
1050 1503 1370 1576 μοχθηρίαν.

182 1591 283 1643 ΞΗ¹.
304 1588 453 1655 Λέγει
488 1590 589 1658 μὲν
614 1590 764 1661 αὐτῷ
781 1591 1186 1663 διελεγχόμενος
1216 1595 1325 1667 (12)
1358 1598 1491 1667 πρὸς
1528 1598 1653 1662 τοὺς

135 1684 305 1766 ἱερεῖςὸ
332 1680 454 1744 Θεᾶς
473 1697 486 1710 °
528 1684 592 1735 Ol
640 1683 816 1751 ἱερεῖς
854 1687 965 1739 οὐκ
989 1681 1190 1751 εἶπαν,
1220 1688 1337 1742 ποῦ
1367 1689 1500 1743 ἐστι
1532 1692 1649 1744 Κύ-

128 1789 254 1843 plac;
280 1773 367 1826 καί
397 1776 448 1827 oi
479 1774 866 1844 ἀντεχόμενοι
891 1776 997 1831 τοῦ
1024 1781 1214 1848 νόμου
1234 1798 1351 1850 μου
1380 1782 1493 1835 οὐκ
1521 1782 1654 1850 ήπί·

1752 622 2000 678 pastores
2032 610 2138 668 nati
2169 620 2587 664 consentaneum
2620 620 2721 669 est.

1828 853 2034 909 LXVII.
2070 855 2175 909 Sed
2214 871 2279 911 ne
2309 872 2547 911 omnium
2583 874 2760 920 voces.
2791 866 2949 927 atque
2978 874 3165 911 oumes
3195 873 3318 929 pro-

1756 945 1947 1015 phetas
1969 960 2315 1011 enumerans,
2340 961 2642 1001 sermonem
2668 948 2720 1002 in
2746 948 2958 1017 longum
2985 948 3315 1017 protraham,

1752 1045 2033 1107 postquam
2062 1039 2220 1090 unius
2241 1038 2414 1091 adlmc
2436 1038 2700 1104 Jeremiaa,
2734 1050 3023 1109 antequam
3053 1038 3315 1094 formare-

1758 1138 1869 1193 tur,
1906 1130 2131 1198 cogniti,
2159 1129 2303 1183 etab
2330 1130 2443 1199 ipsa
2472 1130 2626 1183 vulva
2656 1130 2977 1183 sanetilicati
2999 1130 3063 1195 “,
3094 1134 3317 1186 mentio-

1752 1234 1873 1274 nem
1904 1220 2102 1289 fecero,
2138 1220 2371 1290 reliquos
2408 1236 2597 1275 omnes
2636 1222 2943 1290 praeteribo.
2974 1221 3175 1288 Quaerit
3198 1221 3317 1291 qui-

1753 1312 1874 1368 dem
1923 1314 2011 1368 hic
2057 1314 2218 1384 capiti
2266 1329 2497 1383 aquam,
2530 1324 2582 1366 et
2614 1314 2783 1368 oculis
2823 1313 3022 1369 fontem
3055 1314 3317 1384 Iacryma-

1754 1420 1894 1469 rum,
1922 1416 1980 1460 ut
2014 1405 2260 1460 Israelem
2289 1420 2386 1475 pro
2412 1404 2672 1475 dignitate
2698 1405 2876 1473 lugeat
2900 1405 2941 1435 ⁸⁷
2969 1422 2982 1457 :
3014 1420 3116 1458 non
3141 1404 3318 1458 minus

1754 1508 1933 1551 autem
1960 1498 2261 1551 antistitum
2297 1497 2458 1550 etiam
2493 1496 2888 1564 improbitatem
2918 1496 3181 1564 deplorat.

1823 1586 2054 1644 LXVIII.
2094 1588 2170 1642 Ac
2216 1587 2358 1641 Deus
2403 1588 2615 1657 quidem
2660 1586 2966 1640 sacerdotes
2996 1600 3314 1654 coarguens,

1753 1679 1837 1733 his
1870 1679 1934 1733 ad
1963 1694 2084 1733 eum
2116 1678 2295 1731 verbis
2326 1678 2496 1731 utitur
2526 1697 2539 1732 :
2577 1676 2883 1730 Sacerdotes
2908 1691 3010 1727 non
3041 1675 3313 1739 dixerunt,

1756 1765 1853 1821 Ubi
1879 1779 1954 1823 est
1984 1769 2281 1821 Dominus?
2312 1778 2358 1819 et
2393 1768 2482 1837 qui
2511 1766 2670 1837 legem
2703 1783 2870 1819 meam
2904 1764 3314 1833 complectebau-

133 1865 308 1919 σταντό
329 1882 421 1934 με,
454 1865 554 1919 καὶ
597 1870 651 1920 οἱ
675 1868 954 1937 ποιμένες
974 1871 1239 1938 ἠσέϐουν
1266 1875 1354 1938 εις
1384 1874 1506 1943 ἐμέ,
1550 1876 1651 1928 Ag-

1766 1871 1860 1927 'ur,
1891 1862 2180 1915 nesciebant
2212 1876 2331 1913 me:
2365 1869 2412 1913 et
2442 1869 2677 1927 pastores
2708 1858 2863 1927 impie
2890 1857 3107 1926 agebant
3135 1856 3317 1909 adver-

133 1974 193 2025 γει
214 1956 258 2009 δὲ
282 1957 429 2021 αὐτὸς
460 1957 621 2013 πάλιν
647 1976 661 1990 ο
708 1959 995 2029 Ποιμένες
1045 1964 1522 2032 ἠφρονεύοναντο,
1556 1968 1651 2020 καὶ

131 2050 195 2100 τὸν
232 2047 416 2119 Κύριον
450 2050 553 2102 οὐκ
579 2048 913 2124 ἐξεζήτησαν
948 2054 1080 2124 (15),
1112 2055 1207 2107 καὶ
1238 2054 1327 2109 διὰ
1356 2055 1516 2109 τοῦτο
1549 2058 1650 2111 ούκ

132 2138 274 2209 ἐνόησε
296 2140 397 2211 (14)
427 2142 575 2194 πᾶσα
610 2142 643 2211 ἡ
669 2142 830 2213 νομὴ,
856 2144 949 2196 καὶ
976 2144 1489 2217 διεσκορπίσθησαν.
1518 2150 1651 2202 Ποι-

126 2228 262 2294 μέιές
283 2245 357 2292 τε,
390 2230 544 2300 φησὶ,
575 2232 792 2285 πολλοὶ
826 2232 1161 2303 διέφθειραν
1194 2234 1300 2287 τὸν
1329 2236 1652 2304 ἀμπελῶνά

126 2338 213 2387 μου
232 2336 245 2350 ⁸
269 2322 561 2390 ἐμόλυναν
594 2324 709 2392 τὴν
730 2326 944 2395 μερίδα
960 2346 1077 2397 μου
1112 2328 1226 2395 τὴν
1239 2325 1435 2385 οὖσαν
1452 2330 1651 2384 ἐπιθυυ

127 2410 297 2478 μητὶιν,
323 2412 596 2468 δεδόσθαι
622 2418 709 2483 εἰς
735 2417 849 2487 τὴν
863 2419 1087 2487 ἔρημον
1108 2420 1221 2490 (15)
1247 2420 1491 2475 ἄϐατον.
1518 2419 1651 2477 Εἶτα

134 2503 232 2572 πρὸς
263 2504 444 2568 αὐτοὺς
483 2506 596 2577 (16)
625 2508 788 2562 πάλιν
827 2510 1171 2564 ἀποτείνεται
1206 2512 1331 2576 τοὺς
1364 2514 1647 2584 ποιμέναςο

129 2589 196 2655 Ὠ,
221 2598 265 2647 cl
284 2597 556 2665 ποιμένες
587 2602 641 2652 al
676 2601 1057 2666 ἀπολλύντες
1080 2603 1175 2656 καὶ
1203 2603 1652 2673 διασκορπίζων-

132 2703 199 2751 req
230 2689 289 2741 τὰ
314 2692 575 2757 πρόϐατα
600 2691 713 2760 τῆς
758 2692 945 2763 νομῆς
990 2712 1105 2764 μου
1124 2712 1138 2725 ·
1181 2695 1277 2749 διὰ
1313 2698 1487 2751 τοῦτο
1512 2697 1652 2751 τάδε

127 2776 247 2844 λέγει
275 2782 475 2851 Κύριος
518 2782 621 2834 ἐπὶ
673 2783 815 2849 τοὺς
868 2786 1295 2853 ποιμαίνοντας
1348 2786 1454 2838 τὸν
1500 2788 1653 2840 λαόν

125 2886 226 2933 μιυ·
270 2872 441 2945 Ὑμεῖς
464 2874 934 2943 διεσκορπίσατε
965 2878 1033 2931 τὰ
1076 2878 1339 2946 πρόϐατά
1360 2897 1500 2948 μου,
1552 2879 1650 2933 καὶ

126 2962 364 3023 ἑξεώσατε
396 2968 574 3030 αὐτὰ,
608 2970 704 3021 καὶ
734 2972 844 3023 οὐκ
862 2970 1288 3039 ἐπεσκέψασθε
1315 2970 1486 3024 αὐτὰο
1524 2970 1652 3025 ὶδοὺ

126 3052 208 3119 ἐγὼ
228 3056 420 3111 ἐκδικῶ
457 3060 553 3128 ἐφ’
586 3059 760 3130 ὑμᾶς,
788 3062 939 3116 κατὰ
966 3062 1037 3116 τὰ
1078 3064 1311 3133 πονηρὰ
1344 3064 1651 3131 ἐπιτηδεύ-

120 3162 239 3210 ματα
276 3149 448 3218 ὑμῶν.
504 3152 820 3217 Ἀλαλάζειν
871 3172 930 3208 τε
981 3155 1228 3226 βούλεται
1283 3156 1409 3221 τοὺς
1453 3158 1647 3229 ποιμέ-

125 3254 194 3299 νας
228 3240 342 3309 (17),
383 3244 474 3296 καί
498 3246 801 3300 κόπτεσθαι
845 3248 971 3311 τοὺς
998 3249 1186 3320 κριοὺς
1210 3247 1318 3301 τῶν
1342 3249 1648 3320 προϐάτων,

1766 3248 1810 3293 ιι
1836 3237 2199 3293 iuterIiciantu

122 3326 223 3384 διότι
242 3332 629 3406 ἐπληρώθησαν
658 3339 712 3390 αἱ
743 3337 946 3409 ἡμέραι
975 3338 1152 3392 αὐτῶν
1182 3340 1262 3402 είς
1293 3342 1527 3411 σφαγήν.

171 3416 271 3483 ΞΘΙ,
291 3422 393 3473 Καὶ
414 3423 465 3474 τί
491 3424 674 3493 μοιτὰ
706 3425 911 3477 παλαιὰ
939 3426 1049 3495 (18)
1078 3425 1286 3494 λέγεινς
1313 3428 1409 3491 Τίς
1436 3428 1512 3491 δὲ,
1543 3430 1654 3493 τοῖς

124 3502 289 3561 Παύλου
306 3509 490 3563 κανόσι
514 3512 615 3564 καὶ
634 3512 779 3583 ὅροις
792 3512 982 3565 ἑαυτὸν
1004 3514 1391 3584 παρεκτείνων,
1408 3514 1501 3579 οὓς
1526 3520 1653 3587 περὶ

125 3595 379 3651 ἐπισκόπων
404 3600 499 3651 καὶ
535 3599 925 3671 πρεσϐυτέρων
958 3601 1136 3666 ἔταξε,
1190 3603 1485 3674 νηφαλίους
1512 3606 1648 3675 (19),

125 3680 350 3753 σώφρονας
374 3685 533 3750 εἶναι,
574 3687 647 3757 μὴ
681 3688 989 3759 παροίνους,
1021 3688 1096 3760 μὴ
1117 3690 1385 3761 πλήκτας,
1419 3690 1637 3744 διδακτι·

124 3772 235 3834 χοῦς,
265 3774 529 3844 ἀλήπτους
567 3778 626 3832 ἐν
658 3778 792 3829 πᾶσι
811 3778 904 3831 καὶ
935 3777 1247 3845 ἀνεπάφους
1274 3778 1386 3849 (20)
1412 3782 1523 3843 τοῖς
1553 3796 1650 3832 που

124 3866 279 3930 νηροῖς,
311 3867 367 3919 ού
397 3868 533 3922 πολὺ
575 3868 636 3921 τὸ
678 3868 969 3938 διαφεῦγον
1010 3870 1232 3941 εὑρήσει
1280 3869 1380 3941 τὴν
1414 3870 1520 3925 τῶν
1553 3889 1653 3925 κα-

122 3954 247 4017 νὸνων
283 3958 594 4030 εὐθύτητα;
636 3960 701 4012 Τί
738 3960 827 4014 δαὶ
860 3960 973 4033 (2:)
1018 3961 1052 4014 ἃ
1085 3964 1198 4025 τοῖς
1230 3961 1501 4034 μαθηταῖς
1545 3964 1650 4033 Ἰη-

125 4044 217 4111 σοῦς
242 4050 320 4101 ἐπὶ
339 4051 396 4102 τὸ
414 4053 686 4123 κήρυγμα
708 4052 940 4123 πέμπων
959 4053 1271 4124 νομοθετεῖ;
1294 4047 1369 4108 ὧν
1396 4055 1457 4107 τὸ
1483 4054 1651 4124 κεφά-

121 4136 251 4203 λαιον,
282 4141 363 4195 ἴνα
393 4143 470 4215 μὴ
494 4143 572 4197 τὰ
606 4142 727 4197 καθ’
755 4144 986 4199 ἕκαστον
1010 4144 1173 4214 λέγω,
1203 4146 1481 4211 τοιούτους
1511 4142 1651 4201 εἶναι

125 4226 193 4297 τὴν
218 4230 417 4304 ἀρετὴν,
451 4236 551 4288 καὶ
583 4233 757 4297 οὕτως
790 4234 1069 4298 εὐσταλεῖς
1100 4234 1211 4305 (22)
1244 4236 1338 4288 καὶ
1372 4235 1648 4307 μετρίους,

124 4320 192 4372 καὶ
219 4322 287 4377 ἔτι
316 4327 424 4397 (Ξὸ)
472 4326 760 4394 συντόμως
805 4327 997 4387 εἰπεῖν,
1039 4326 1341 4398 οὐρανίους,
1388 4327 1526 4380 ὥστε
1554 4329 1651 4399 οὐχ

122 4408 244 4483 ἦττον
261 4418 340 4473 διὰ
366 4420 456 4473 τὸν
488 4421 692 4493 τρόπον
719 4420 918 4487 αὐτῶν,
960 4420 992 4491 ἦ
1019 4419 1105 4479 διὰ
1132 4420 1224 4473 τὸν
1257 4420 1413 4489 λόγον
1440 4419 1650 4491 τρέχειν

120 4503 164 4553 τὸ
183 4506 504 4578 Εὑαγγέλιον.

1751 1968 1865 2006 sum
1895 1968 1975 2006 me
1992 1951 2057 2003 “.
2098 1951 2217 2020 Ipse
2258 1960 2436 2005 autem
2474 1965 2687 2004 rursum
2720 1950 2794 2002 ait
2825 1967 2838 2001 :
2872 1946 3119 2001 Pastores
3160 1946 3317 2000 stulte

1752 2054 1991 2113 egerunt,
2026 2053 2073 2097 et
2105 2043 2388 2096 Dominum
2422 2059 2525 2095 non
2550 2042 2866 2111 quwsierunt
2897 2056 2914 2093 :
2945 2056 3008 2092 ac
3046 2049 3315 2107 prapterea

1751 2152 1878 2205 grex
1911 2138 2177 2189 universus
2206 2152 2307 2189 non
2341 2134 2615 2199 intellexit,
2656 2145 2705 2187 et
2741 2133 2962 2200 dispersi
2991 2144 3106 2185 sunt
3127 2133 3191 2185 ‘9.
3227 2134 3317 2185 At-

1751 2242 1855 2296 que
1881 2227 1985 2280 alio
2020 2226 2177 2280 loco:
2212 2224 2371 2280 Multi
2407 2235 2640 2293 pastores
2686 2223 2920 2278 demoliti
2964 2234 3083 2276 sunt
3112 2225 3315 2277 vineam

1752 2335 1954 2383 meam;
1992 2318 2474 2371 contaminaverunt
2520 2329 2717 2386 partem
2765 2334 2931 2372 meam
2991 2317 3314 2370 desiderabi—

1751 2412 1887 2478 lem;
1928 2416 2057 2466 adeo
2093 2422 2149 2466 ut
2189 2413 2244 2465 in
2282 2413 2476 2465 inviam
2525 2411 2855 2465 solitudinem
2902 2412 3111 2464 redacta
3160 2411 3227 2463 sit
3247 2412 3314 2463 7°.

1752 2503 1869 2557 Mox
1903 2505 1954 2557 in
1984 2504 2151 2557 malos
2186 2513 2429 2572 pastores
2462 2519 2672 2557 rursum
2711 2503 2981 2556 invehitur
3011 2521 3025 2557 :
3070 2502 3158 2556 γω
3199 2519 3299 2571 pa-

1751 2598 2003 2660 storibus,
2023 2597 2110 2665 qui
2140 2598 2442 2665 disperdunt
2468 2606 2513 2649 et
2545 2596 2842 2663 dispergunt
2869 2612 3073 2665 gregem
3103 2610 3312 2663 pascute

1752 2705 1896 2743 mew.
1935 2687 2062 2742 Ideo
2102 2688 2211 2741 lucc
2243 2689 2372 2740 dicit
2406 2686 2661 2740 Dominus
2709 2690 2779 2739 ad
2822 2704 2907 2740 eos
2958 2689 3047 2757 qui
3097 2697 3315 2753 pascunt

1750 2778 1996 2848 papulum
2026 2795 2193 2831 meum
2225 2780 2247 2831 :'
2279 2777 2380 2832 Vos
2422 2779 2743 2847 dispersistis
2784 2794 2985 2847 gregem
3029 2794 3194 2831 meum
3216 2816 3231 2842 ,
3268 2787 3317 2829 et

1752 2871 1976 2939 ejecistis
2005 2887 2113 2935 eos,
2141 2882 2186 2924 et
2217 2887 2318 2924 non
2344 2869 2615 2923 visitastis.
2647 2868 2779 2922 Ecce
2802 2886 2893 2938 ego
2917 2868 3139 2921 ulciscar
3159 2884 3317 2938 super

1754 2979 1871 3026 vos,
1930 2964 2211 3016 secundum
2265 2961 2524 3015 malitiam
2588 2962 2881 3015 studiorum
2942 2962 3312 3015 vestrorum“.

1753 3055 1890 3121 Quin
1916 3055 2079 3109 etiam
2110 3063 2355 3124 pastores
2399 3053 2639 3121 ululare,
2687 3063 2850 3120 atque
2902 3052 3099 3108 arietes
3135 3054 3314 3107 ovium

1752 3145 2006 3217 plangere
2034 3146 2209 3215 jubet,
2249 3144 2498 3213 quoniam
2536 3144 2739 3215 impleti
2775 3152 2902 3198 sunt
2943 3144 3060 3198 dies
3101 3158 3309 3207 eorum,

2208 3253 2231 3291 r
2246 3238 2306 3291 τ’.
2908 3240 2913 3247 ’

1826 3413 2014 3470 LXIX.
2061 3412 2255 3469 Verum
2285 3414 2412 3483 quia
2442 3414 2663 3484 antiqua
2692 3413 2927 3485 colligo?
2959 3413 3317 3483 Quotusquis-

1754 3518 1859 3573 que
1884 3515 1995 3572 est,
2042 3504 2132 3574 qui
2178 3505 2221 3559 si
2270 3506 2333 3559 ad
2374 3520 2608 3560 canones
2636 3520 2729 3559 eos
2756 3513 2809 3559 et
2841 3503 3052 3575 regulas
3082 3504 3314 3572 seipsum

1754 3597 1955 3665 exigat,
1986 3612 2122 3666 quas
2149 3595 2347 3651 Paulus
2370 3597 2433 3651 de
2457 3597 2722 3664 episcopis
2747 3606 2800 3651 et
2830 3595 3161 3666 presbyteris
3185 3611 3317 3651 eou-

1754 3686 1956 3749 Stituit,
1987 3702 2177 3757 nempe
2205 3686 2311 3758 47
2344 3696 2401 3741 ιιι
2426 3686 2592 3741 sobrii
2621 3696 2674 3740 et
2704 3686 2881 3754 pudici
2911 3687 3052 3751 sint,
3089 3701 3194 3740 non
3232 3687 3314 3738 vi-

1758 3780 1980 3843 nolenti,
2008 3796 2111 3834 non
2141 3793 2506 3847 percussores,
2531 3779 2596 3831 ad
2623 3778 2919 3833 docendum
2952 3778 3148 3842 idonei,
3183 3776 3315 3831 irre-

1754 3872 2141 3943 prehensibiles
2171 3871 2223 3925 in
2252 3871 2502 3928 omnibus
2526 3870 2770 3937 rebus",
2800 3879 2961 3940 atque
2985 3869 3308 3940 bujusmodi,

1756 3974 1813 4019 ut
1845 3963 1911 4018 ab
1946 3964 2208 4031 improbis
2240 3963 2430 4035 attingi
2462 3970 2761 4031 nequeant,
2794 3978 2901 4018 nou
2935 3976 3054 4017 sese
3081 3977 3110 4015 a
3150 3975 3316 4016 cano-

1755 4071 1882 4111 num
1911 4056 2235 4112 rectitudine
2263 4040 2590 4125 permultuin
2614 4055 2803 4110 abesse
2821 4054 3152 4125 comperiet?
3177 4053 3314 4119 Quid

1752 4164 1813 4206 ea
1837 4148 2088 4214 referam,
2115 4163 2235 4218 quae
2259 4148 2415 4204 Jesus
2437 4146 2715 4217 discipulis
2741 4147 2876 4213 suis,
2894 4147 2959 4201 ad
2982 4145 3318 4217 praedicatio-

1753 4256 1874 4297 nem
1904 4256 2000 4296 eos
2032 4242 2272 4305 mittens,
2306 4240 2703 4310 prmscribit“?
2732 4255 2960 4309 quorum
2997 4255 3064 4293 ne
3105 4236 3314 4307 singula

1751 4334 2036 4403 explicem,
2072 4335 2183 4389 haec
2206 4320 2414 4389 suuima
2442 4343 2545 4398 est,
2574 4340 2633 4386 ut
2663 4333 2862 4387 virtute
2892 4331 3022 4386 tales
3054 4330 3197 4395 sint,
3230 4340 3315 4384 st-

1752 4440 1856 4494 que
1882 4425 1956 4479 ita
1986 4426 2222 4495 expediti
2254 4442 2316 4479 ac
2344 4426 2599 4489 modesti,
2624 4432 2699 4491 et,
2727 4434 2784 4478 ut
2805 4438 2910 4478 uno
2933 4422 3095 4477 verbo
3117 4422 3316 4483 dicam,

1754 4514 2034 4579 ctelestes,
2075 4524 2133 4570 ut
2165 4531 2272 4571 non
2307 4517 2484 4571 minus
2524 4516 2592 4570 ob
2628 4531 2813 4570 eorum
2844 4515 3006 4570 vitam
3040 4523 3094 4568 et
3117 4526 3316 4575 mores,

123 4618 243 4670 quam
280 4611 344 4663 ob
386 4626 698 4665 sermonem
745 4619 905 4679 atque
947 4610 1246 4664 doctrinam
1295 4608 1642 4678 Evangelium
1678 4611 1903 4666 currat?

175 4743 210 4817 αξ
238 4742 424 4817 larem.
459 4765 509 4811 ι,
549 4749 604 4803 5.
682 4749 724 4779 δ’
754 4747 951 4801 Jerem.
984 4764 1060 4808 Ix,
1095 4748 1147 4801 I.
1222 4748 1267 4779 ⁸⁸
1292 4747 1492 4804 .Ierem.
1525 4764 1584 4812 ιι,
1614 4749 1646 4803 8

1766 4752 1781 4783 ⁵
1804 4748 2006 4807 Jerem.
2037 4766 2092 4817 ιι,
2116 4749 2205 4805 21.

2281 4748 2547 4804 "Jerem.
2579 4764 2673 4811 ιιι,
2706 4747 2788 4801 10.
2849 4747 2889 4777 ⁷¹
2914 4746 3112 4801 Jerem.
3159 4760 3316 4810 χχιιι,

123 4808 159 4872 1.
182 4812 224 4865 2.
279 4815 320 4848 ⁷³
346 4808 544 4872 Jerem.
583 4833 711 4889 xxv,
741 4817 829 4872 '54.
905 4819 951 4849 ⁷³
978 4818 997 4869 1
1028 4818 1165 4872 'l‘im.
1196 4834 1278 4883 ιιι,
1303 4819 1357 4881 2,
1387 4819 1448 4885 5;
1492 4808 1598 4874 Tit.
1628 4836 1643 4873 ι

1787 4820 1839 4875 9.
1916 4820 1964 4853 ⁷⁸
1993 4808 2183 4878 Matth.
2212 4837 2266 4885 Χ,
2296 4819 2367 4884 9;
2403 4818 2531 4873 Luc.
2564 4834 2637 4882 Ix,
2662 4808 2721 4872 ’5.

169 4928 261 4995 (10)
300 4934 791 5002 Περιποιήσομαι.
832 4951 852 4985 ι
892 4933 1200 5002 Acquiram,
1237 4954 1255 4988 ι
1302 4936 1444 5003 quod
1496 4934 1642 4989 Seri-
1675 4942 1721 5000 ῐ)

120 5004 253 5073 Plura).
275 5012 352 5055 est
380 5005 643 5069 verbum;
681 5005 758 5057 vel
784 5003 921 5059 forte
950 5019 1012 5059 ex
1050 5006 1206 5073 Isaia,
1235 5024 1254 5058 ι
1292 5006 1586 5071 redimam;
1616 5025 1634 5060 ι

119 5066 195 5130 vel,
225 5086 240 5118 ι
272 5074 520 5138 servabo,
554 5066 784 5128 tutabor.
832 5094 851 5126 ι

168 5139 206 5213 (1
218 5140 261 5213 1)
291 5143 498 5209 Λόγον.
536 5143 673 5212 Reg.
710 5161 757 5206 ι’,
780 5143 870 5198 τὸν
891 5144 1069 5213 λόγον.

167 5208 264 5286 ll?)
287 5208 771 5286 Διελεγχόμὲγος.
801 5208 1065 5270 Βυάειεὶιες
1104 5233 1122 5267 ι
1160 5215 1465 5286 disceptans
1521 5229 1642 5268 cum

116 5282 462 5338 sacerdotibus.
491 5305 511 5336 ο

295 5351 716 5420 Ἐξεζήτησαν.
754 5352 941 5411 Comb.
980 5375 998 5406 ι
1035 5355 1419 5424 exquisieruut.
1462 5372 1478 5405 ι

152 5417 254 5499 lli)
285 5424 401 5499 0b»
434 5417 679 5499 ἐνόὴσε,
709 5424 920 5499 Comb._
946 5426 1073 5496 legit
1114 5417 1214 5478 οὐκ
1265 5425 1510 5499 ἐνόησαν,
1552 5424 1645 5478 καὶ

117 5494 395 5563 τξᾷσεινομή,
427 5504 535 5548 etc.
579 5512 597 5545 ι
632 5494 743 5548 Νοιι
778 5494 1176 5557 intellexerunt,
1220 5506 1275 5549 et
1308 5494 1485 5550 ou’mis
1515 5511 1646 5563 grex

116 5554 494 5635 dissipatits'iest.
540 5564 683 5635 rSic
724 5566 943 5635 Vulgata
975 5576 1030 5621 et
1058 5554 1230 5620 Nobil.

1816 4936 1927 5007 (17)
1976 4936 2125 5003 Τοὺς
2174 4936 2493 5006 πταμένας(
2530 4934 2658 5003 Reg.
2699 4941 2737 4999 t,
2793 4933 2887 4985 καὶ
2939 4932 3065 4993 τοὺς
3128 4929 3321 4999 ποιμέ-

1749 5022 1868 5070 νας.

1825 5076 2052 5150 (18)]’ὰ
2076 5075 2388 5150 παλαιά-ι
2426 5074 2576 5150 Quid
2603 5070 3254 5150 attttqua_cotriniemoro?
3294 5088 3313 5121 ι

1757 5142 2007 5201 Nonnulli
2050 5148 2244 5201 habent
2279 5165 2291 5200 :
2324 5146 2389 5197 Τί
2418 5146 2619 5216 πολλὰ)
2660 5164 2676 5197 ι
2718 5144 2855 5210 Quid
2886 5142 3086 5196 multa?
3118 5161 3134 5189 ι

1827 5216 1937 5289 (19)
1974 5219 2341 5286 Νηφαλίους.
2362 5216 2493 5284 Reg.
2526 5218 2561 5282 l,
2580 5216 2899 5289 vqcpaleoug.

1827 5252 1914 5285 μυ
1974 5252 2341 5286 μιιγανιιυυς.
2362 5252 2493 5284 μνη.
2526 5252 2561 5282 .,
2590 5252 2899 5289 νηγμηευυς.

1826 5252 1938 5369 (20)
1992 5289 2384 5369 Ἀνεπάεβουςἱ
2435 5290 2545 5368 l\‘ou
2589 5290 2725 5341 male
2750 5287 2935 5339 Comb.
2972 5301 2990 5333 ι
3025 5290 3173 5336 extra
3205 5296 3323 5335 ont-

1756 5373 1876 5411 nem
1910 5357 2277 5425 improborum
2307 5357 2651 5413 calumniam.
2691 5376 2709 5408 ι

1970 5429 2029 5482 Τί
2052 5428 2168 5480 δαί.
2201 5428 2328 5499 Alii,
2357 5426 2408 5478 τί
2439 5425 2515 5479 δέ.

1821 5496 1935 5569 (⁷22)
1953 5498 2313 5569 Εὐσταλεῖς.
2348 5500 2537 5551 Comb.
2566 5516 2606 5569 ί(
2643 5496 2778 5569 frugi
2813 5497 3053 5550 homines
3099 5510 3163 5549 ac
3203 5511 3319 5569 mo-

1749 5566 1922 5625 desti.
1950 5567 2058 5623 Nec
2094 5572 2227 5623 bene
2258 5568 2464 5629 Billius,
2506 5586 2523 5617 ι
2564 5566 2759 5635 inquit,
2787 5570 3052 5636 expediti;
3086 5584 3103 5616 ι
3132 5566 3321 5621 melius

290 5634 389 5699 Εὶς
414 5634 531 5701 τὴν
548 5634 791 5703 ἔρημον.
826 5630 988 5691 Deest
1014 5636 1114 5706 τήν
1151 5638 1203 5689 iu
1243 5635 1491 5691 omnibus
1517 5651 1651 5705 pene

1766 5640 1997 5700 ludzpus,
2023 5654 2180 5703 quem
2223 5654 2439 5708 sequor.
2478 5655 2546 5708 »ς

116 5700 366 5755 codicibus.

170 5769 263 5845 (lli)
297 5774 449 5841 Ιιρός
479 5776 724 5841 αὐτούς.
763 5796 781 5828 ι
821 5776 876 5828 In
910 5778 1053 5845 ipsos
1072 5784 1334 5845 pastores.
1369 5794 1386 5825 ι
1409 5775 1648 5832 Graecum

116 5852 197 5892 nou
224 5844 371 5899 hath
402 5845 633 5911 κακούς,
677 5864 693 5895 ι
731 5842 979 5909 ιιιίιιοε,”›
1016 5842 1083 5899 ut
1104 5846 1276 5901 reddit
1311 5844 1431 5899 lhll.

1820 5708 1930 5779 (25)
1949 5709 2054 5761 Καὶ
2073 5708 2181 5779 ἔτι.
2201 5708 2274 5761 Ita
2294 5705 2474 5761 decem
2497 5707 2662 5779 [ἴβεις.
2726 5724 2819 5765 sex
2843 5707 3019 5770 Colb.,
3058 5707 3189 5774 Jes.,
3226 5705 3318 5759 0r.

1754 5783 1801 5845 1,
1832 5778 1888 5837 et
1912 5780 2062 5841 Pass.
2092 5778 2217 5833 I’ar.
2245 5779 2329 5832 ed.
2360 5778 2449 5831 καὶ
2471 5779 2517 5829 εἰ
2537 5778 2636 5830 δεῖ.
