3832 6394
527 314 629 370 47)

1762 326 1819 378 S.
1863 323 2198 381 GREGORII
2234 323 2584 381 TIIEOLOGI
3664 337 3741 385 48a

603 432 767 490 LXX.
810 434 937 491 Mihi
963 452 1091 493 vero
1121 437 1369 493 timorem
1400 441 1667 496 incutiunt
1708 445 1870 498 etiam
1913 446 2104 501 Phari-

2280 446 2355 499 U’.
2412 446 2542 516 Ἐμὲ
2575 445 2631 498 δὲ
2679 443 2904 513 φοϐοὖσι
2951 442 3044 496 καὶ
3079 440 3463 511 ὀνειδιζόμενοι
3510 442 3741 513 Φαρισαῖοι

532 528 626 580 szei
654 528 869 595 probris
897 532 1128 592 onerati,
1153 541 1206 584 et
1223 533 1414 585 scribae
1434 535 1706 605 redarguti
1728 556 1739 591 :
1760 538 1959 607 quibus
1984 554 2107 593 cum

533 632 630 671 nos
658 618 859 672 virtute
890 619 1051 689 longe
1086 622 1397 691 superiores
1430 638 1552 679 esse
1577 628 1891 690 debeamus,
1911 645 2108 699 quem-

530 709 817 763 admodum
856 712 1013 766 nobis
1051 722 1380 784 praeceptum
1415 726 1528 782 est,
1566 718 1611 772 si
1655 722 1811 775 modo
1848 721 2108 775 caelorum

536 816 761 869 regnum
788 805 1045 872 consequi
1072 805 1339 873 cupimus,
1374 817 1530 877 turpe
1553 809 1795 879 profecto
1830 811 1994 866 fuerit
2019 852 2034 872 .
2065 813 2109 867 si

530 893 668 962 ipsis
698 894 865 948 etiam
908 897 1119 965 pejores
1153 899 1525 968 inveniamur;
1562 904 1696 955 adeo
1737 914 1795 957 ιιι
1838 905 1935 974 ipsi
1971 920 2110 973 quo-

532 998 661 1053 que,
703 996 984 1053 serpentes
1013 987 1360 1056 appellemur,
1399 999 1449 1041 et
1473 992 1743 1059 genimina
1781 994 2108 1060 viperarum,

536 1084 592 1128 et
620 1075 783 1130 duces
814 1080 938 1130 ca‘ci
958 1120 973 1141 ,
1003 1080 1228 1133 culicem
1261 1080 1525 1143 colantes,
1554 1091 1607 1135 ct
1638 1084 1903 1137 camelnm
1930 1085 2113 1153 deglu-

535 1170 770 1234 tieutcs,
805 1180 858 1224 et
903 1171 1152 1241 sepulcra
1190 1182 1415 1229 extet'ne
1450 1176 1666 1244 quidem
1723 1178 1989 1246 pulchra,
2030 1181 2112 1232 in-

538 1272 691 1315 tcrne
721 1273 900 1316 autem
925 1266 1236 1329 sordida,et
1261 1269 1577 1337 paropsides
1610 1270 1663 1323 in
1694 1272 1931 1339 speciem
1956 1289 2112 1325 mun-

535 1357 615 1408 da:
638 1356 706 1420 ⁷⁵,
742 1354 954 1424 aliaque
986 1357 1200 1423 omnia,
1244 1374 1365 1428 qum
1402 1360 1475 1414 illi
1503 1371 1557 1415 et.
1584 1372 1710 1427 sunt
1738 1374 1791 1417 et
1824 1365 2115 1418 nominau-

536 1458 642 1500 111Γ.

606 1541 792 1595 LXXI.
837 1542 889 1595 In
932 1543 1016 1597 his
1054 1560 1155 1612 ego
1197 1545 1619 1612 cogitationibus
1659 1548 1776 1602 dies
1817 1559 2115 1621 noctesque

535 1648 727 1688 versor
754 1652 767 1688 :
799 1634 920 1688 Ilaec
952 1636 1213 1690 medullas
1243 1638 1407 1691 etiam
1448 1652 1595 1693 meas
1621 1639 1884 1709 eliquant,
1918 1652 1971 1694 et
1994 1658 2115 1696 car-

537 1740 635 1778 nes
668 1725 985 1789 coniiciunt,
1015 1742 1114 1781 nec
1145 1743 1231 1781 me
1259 1730 1516 1783 audacem
1537 1745 1659 1783 esse
1674 1731 1875 1795 sinunt,
1900 1746 1964 1785 ac
1990 1734 2113 1786 sub-

537 1816 644 1869 lata
688 1816 828 1871 facie
880 1818 1156 1873 incedere.
1188 1820 1312 1874 Ilaec
1347 1822 1588 1874 animum
1628 1837 1804 1875 meum
1830 1823 2113 1890 dejiciunt,

535 1919 591 1959 et
616 1894 847 1967 tuentem
872 1913 1215 1975 contrahunt,
1246 1924 1298 1969 et
1324 1915 1519 1984 linguae
1542 1915 1814 1970 vinculum
1842 1916 2112 1984 injiciunt,

536 1998 873 2068 faciuntque,
908 2011 965 2054 ut
999 2018 1103 2056 non
1137 2009 1202 2059 de
1230 2006 1575 2074 praefectura,
1613 2022 1713 2061 nec
1744 2008 1809 2062 de
1838 2010 2117 2079 corrigen-

536 2095 620 2148 dis
652 2105 707 2148 et
756 2097 1123 2164 gubernaudis
1167 2098 1289 2152 aliis
1323 2101 1552 2169 cogitem
1578 2141 1593 2166 ,
1632 2100 1685 2153 id
1729 2102 1871 2169 quod
1904 2104 2114 2156 exube-

536 2189 710 2242 rantis
754 2190 1032 2259 cujusdam
1075 2190 1350 2247 facultatis
1394 2202 1509 2257 est;
1556 2193 1649 2248 sed
1680 2197 1951 2263 quomodo
2000 2197 2116 2264 ipse

534 2280 838 2334 venientem
889 2282 1024 2336 iram
1075 2283 1311 2353 eli'ugere
1343 2324 1357 2348 ,
1410 2294 1572 2355 atque
1621 2300 1651 2338 a
1708 2285 1825 2339 vitii
1868 2287 2115 2356 rubigine

539 2370 789 2424 ummihil
833 2373 1097 2441 meipsum
1139 2374 1400 2429 abradere
1443 2390 1657 2443 queam.
1697 2374 1925 2447 Purgari
1968 2379 2115 2447 prius

535 2471 787 2529 oportet,
823 2462 1020 2518 deinde
1057 2480 1323 2535 purgare;
1371 2469 1640 2537 sapientia
1672 2469 1905 2532 instrui,
1956 2480 2118 2540 atque

539 2555 611 2606 ita
646 2555 860 2608 demum
894 2556 1031 2610 alios
1070 2559 1339 2627 sapientia
1372 2561 1680 2627 instruere;
1732 2562 1822 2616 lux
1862 2562 1976 2616 ﬁeri
2006 2602 2020 2627 ,
2065 2574 2120 2617 ct

540 2644 676 2700 alios
719 2646 1064 2716 illuminare;
1114 2652 1180 2704 ad
1227 2649 1394 2705 Deum
1436 2654 1905 2723 appropinquare,
1948 2664 2003 2709 et
2040 2655 2115 2709 ita

540 2740 675 2794 alios
701 2742 1003 2807 adducere;
1037 2744 1393 2811 sanctiﬁcari,
1427 2755 1477 2799 et
1511 2756 1697 2812 postea
1730 2746 2117 2813 sanetiﬁcare;

539 2848 662 2885 cum
720 2832 970 2887 manibus
1019 2837 1248 2903 ducere,
1316 2851 1435 2891 cum
1500 2839 1783 2906 prudentia
1834 2840 2116 2895 consilium

538 2924 689 2980 dare.
1204 2918 1205 2921 “

611 3014 819 3072 LXXII.
864 3016 1089 3083 Quando
1122 3019 1287 3088 igitur
1311 3022 1423 3075 haec
1447 3030 1626 3085 erunt,
1666 3022 1912 3092 inquient
1943 3015 2118 3080 homi-

540 3123 637 3162 nes
670 3109 735 3162 ad
765 3110 947 3163 omnia
986 3110 1213 3175 celeres,
1243 3127 1344 3166 nec
1369 3114 1502 3168 satis
1542 3115 1686 3169 cauti
1710 3157 1724 3179 ,
1759 3116 1916 3173 l‘acile
1942 3118 2117 3172 aedili-

538 3209 748 3269 cantes,
779 3213 835 3256 et
869 3202 1189 3260 diruentes?
1217 3204 1445 3270 Quando
1471 3207 1692 3261 lucerna
1725 3224 1885 3278 supra
1915 3212 2117 3267 cande-

539 3292 746 3346 labrum
772 3294 858 3347 7‘?
898 3293 998 3349 Ubi
1037 3295 1296 3349 talentum
1327 3298 1415 3351 7'?
1458 3298 1536 3353 sic
1579 3301 1721 3353 enim
1762 3303 1988 3370 gratiam
2020 3319 2118 3358 vo-

536 3396 686 3441 cant.
714 3385 838 3441 Haac
862 3387 923 3451 ii,
948 3388 1038 3455 qui
1064 3388 1303 3441 amicitia
1324 3404 1483 3458 quam
1510 3390 1772 3461 religione
1797 3391 2116 3449 fervidiores

536 3487 682 3534 sunt.
717 3478 944 3544 Quando
994 3480 1108 3533 hinc
1158 3488 1352 3542 erunt,
1390 3490 1443 3535 et
1476 3496 1595 3551 quae
1647 3496 1763 3537 mea
1802 3493 1884 3537 est
1936 3484 2073 3537 ratio
2101 3524 2116 3549 ,

537 3570 803 3636 qumritis,
840 3570 940 3624 viri
974 3570 1299 3626 fortissimi?
1333 3571 1409 3627 Ne
1443 3586 1685 3627 extrema
1714 3576 1929 3644 quidem
1962 3591 2116 3630 sene-

537 3672 661 3716 ctus
708 3662 835 3715 huic
880 3661 959 3715 rei
998 3664 1334 3730 praestituta,
1386 3662 1598 3729 longum
1652 3673 1859 3732 tempus
1907 3665 2114 3719 censeri

537 3757 719 3809 debet.
745 3755 1009 3811 Senectus
1041 3757 1185 3810 enim
1212 3772 1331 3809 cum
1366 3756 1653 3825 prudentia
1697 3756 1984 3824 conjuncta
2016 3758 2115 3811 imo

538 3846 723 3913 perita:
758 3845 1031 3914 iuventuti
1074 3855 1333 3915 praestat,
1381 3858 1436 3901 et
1489 3848 1834 3902 considerata
1891 3850 2116 3906 tarditas

540 3937 854 3992 inconsuitre
884 3939 1210 4003 temeritati,
1248 3948 1301 3993 et
1334 3940 1500 3994 breve
1544 3955 1769 4009 regnum
1798 3980 1814 4006 ,
1846 3941 2116 3996 diuturna:

538 4029 850 4100 tyrannidi;
888 4030 1341 4099 quemadmodum
1370 4042 1423 4085 et
1455 4031 1649 4099 exigua
1682 4033 1857 4102 portio
1893 4032 2113 4089 maximi

536 4115 719 4184 pretii,
749 4116 935 4170 nmltis
961 4117 1155 4171 vilibus
1183 4128 1238 4173 et
1263 4120 1582 4189 periculosis
1606 4122 1821 4190 opibus,
1846 4131 1900 4177 et
1922 4138 2112 4193 parum

538 4206 657 4259 auri
690 4206 874 4264 multis
899 4208 1101 4277 plumbi
1136 4209 1290 4265 libris
1315 4252 1331 4276 ,
1378 4219 1433 4267 et
1465 4227 1630 4282 parva
1660 4212 1749 4267 lux
1776 4214 2115 4269 densissimis

539 4300 797 4357 tenebris.

609 4388 842 4447 LXXIII.
892 4392 1106 4463 Alioqui
1156 4394 1448 4449 verendum
1478 4405 1600 4461 est,
1653 4411 1721 4451 ne
1754 4397 1962 4452 lubrica
1998 4398 2112 4455 bmc

2213 537 2307 591 xui
2338 537 2693 607 γραμματεῖς
2727 533 3103 604 ἐλεγχόμενοι·
3162 525 3237 585 ὧν
3279 530 3523 603 αἰσχρὸν,
3565 534 3609 585 εί
3640 535 3742 589 πολὺ

2215 631 2481 699 περιεῖναι
2528 627 2645 680 δέον
2684 626 2781 697 τὴν
2817 625 3040 695 ἀρετὴν,
3077 625 3152 688 ὡς
3184 622 3599 694 διατετάγμεθα,
3636 626 3679 677 εί
3706 644 3741 679 τι

2211 717 2464 789 δεοίμεθα
2507 716 2607 787 τῆς
2651 716 2758 769 τῶν
2807 713 3055 787 οὐρανῶν
3106 712 3401 784 βασιλείας,
3432 712 3527 766 καὶ
3558 714 3647 785 τὴν
3668 733 3742 768 κα-

2214 810 2333 863 κίαν
2367 807 2689 879 φαινοίμεθα
2724 807 2834 875 (24)
2881 807 3127 878 χείρους
3159 804 3302 859 ὥστε
3335 805 3427 858 xui
3452 804 3599 872 ὄφεις
3635 808 3744 860 εἰκό-

2210 919 2319 965 τως
2362 901 2429 955 ἂν
2481 900 2592 971 (25)
2638 898 2889 964 ἀκοῦσαι,
2924 898 3016 953 xui
3062 898 3378 969 γεννήματα
3415 897 3644 967 ἐχιδνῶν,
3674 901 3745 952 xui

2212 997 2396 1067 ὁδηγοὶ
2447 996 2658 1065 τυφλοὶ,
2712 996 2802 1048 τὸν
2853 994 3091 1049 κώνωπα
3154 993 3509 1057 διυλίζοντες,
3557 994 3641 1045 καὶ
3671 998 3745 1065 τὴν

2214 1090 2458 1159 κάμηλον
2494 1088 2897 1151 καταπίνοντες,
2931 1088 3028 1141 xui
3052 1086 3214 1155 τάφοι
3253 1087 3487 1157 ῥυπαροὶ
3512 1086 3575 1137 τὰ
3612 1086 3744 1147 ἔνδον,

2217 1181 2332 1250 μετ’
2363 1180 2693 1251 εὐπρεπείας
2734 1178 2834 1249 τῆς
2881 1177 3079 1242 ἔξωθεν
3110 1178 3205 1230 xui
3236 1176 3527 1249 παροψίδες
3554 1176 3747 1248 καθαραὶ

2213 1270 2272 1323 τὸ
2304 1271 2643 1340 φαινόμενον,
2694 1271 2787 1323 xui
2834 1268 3002 1323 τᾶλλα
3029 1270 3131 1322 ὅσα
3165 1269 3362 1322 ἐκεῖνοι
3394 1269 3493 1321 καὶ
3540 1270 3636 1320 εἰσὶ
3678 1271 3749 1320 καὶ

2213 1360 2489 1418 ἀκούουσι.

2286 1549 2407 1599 OA'.
2443 1545 2665 1608 Τούτοις
2716 1544 2826 1613 ἐγὼ
2865 1545 3080 1616 σύνειμι
3127 1544 3222 1597 xui
3271 1544 3488 1615 νύκτωρ
3535 1543 3639 1614 (26)
3681 1547 3753 1597 κα).

2218 1638 2336 1709 μεθ’
2386 1638 2600 1709 ἡμέραν
2653 1640 2765 1699 τοῖς
2813 1636 3124 1706 λογισμοῖς·
3173 1634 3348 1688 ταῦτά
3406 1652 3495 1706 μοι
3547 1634 3651 1704 (27)
3684 1634 3753 1685 τὸν

2220 1732 2414 1803 μυελὸν
2461 1732 2715 1801 ἐκτήκει,
2756 1729 2850 1783 καὶ
2896 1729 3107 1799 δαπανᾷ
3147 1728 3246 1792 τὰς
3288 1728 3516 1799 σάρκας,
3563 1729 3650 1781 xui
3678 1728 3753 1781 οὐκ

2216 1828 2280 1899 ἐᾷ
2314 1825 2515 1896 Θρασὺν
2551 1820 2687 1877 εἶναι
2721 1824 2816 1877 xui
2857 1824 2970 1879 ἄνω
3008 1822 3272 1893 βλέποντα
3302 1822 3447 1891 (28)·
3476 1820 3642 1875 ταῦτά
3687 1840 3753 1892 μοι

2215 1923 2461 1974 ταπεινοί
2484 1918 2581 1990 τὴν
2616 1919 2815 1989 ψυχὴν,
2857 1918 2950 1971 xui
2978 1916 3068 1969 τὸν
3108 1914 3233 1969 νοῦν
3268 1915 3564 1977 συστέλλει,
3595 1917 3681 1969 xui
3705 1920 3753 1985 τῇ

2218 2011 2439 2084 γλώσσῃ
2467 2010 2665 2081 δεσμὸν
2701 2010 2979 2082 ἐπιτίθησι
3008 2010 3141 2083 (29),
3173 2010 3267 2064 xui
3304 2010 3362 2063 ού
3393 2010 3521 2078 περὶ
3558 2026 3756 2079 προστα-

2218 2105 2335 2167 σίας
2367 2099 2504 2155 εἷναι
2538 2104 2683 2154 ποιεῖ
2722 2102 2811 2154 τὸν
2852 2102 3031 2170 λόγον,
3068 2102 3187 2155 οὐδὲ
3216 2101 3311 2154 τοῦ
3353 2100 3645 2171 κατορθοῦν
3669 2102 3754 2169 (50)

2216 2192 2407 2255 ἄλλους
2440 2191 2532 2244 xui
2583 2190 2899 2257 διευθύνειν,
2944 2190 2973 2244 ὃ
3024 2190 3226 2261 πολλῆς
3267 2191 3384 2242 ἐστι
3430 2191 3528 2261 τῆς
3570 2208 3754 2261 7.59:0)-

2217 2285 2367 2348 σίας·
2396 2284 2511 2336 ἁλλ’
2538 2285 2685 2346 ὅπως
2716 2283 2780 2336 ἂν
2817 2283 2979 2347 αὐτὸς
3016 2283 3116 2354 τὴν
3155 2282 3456 2354 ἐρχομένην
3484 2283 3644 2354 ὀργὴν
3668 2284 3754 2351 (Si)

2215 2376 2555 2445 διαφύγοιμι,
2582 2377 2676 2430 καὶ
2712 2375 2904 2447 μικρόν
2934 2394 2985 2429 τι
3011 2375 3105 2431 τοῦ
3146 2375 3224 2428 ἰοῦ
3252 2375 3353 2443 τῆς
3399 2376 3593 2438 κακίας
3621 2376 3757 2443 ἐμαυς

2214 2472 2306 2524 τὸν
2358 2470 2703 2541 ἀποξέσαιμι.
2744 2469 3102 2540 Καθαρθῆναι
3143 2468 3255 2539 (52)
3282 2469 3365 2523 δεῖ
3400 2468 3626 2538 πρῶτον,
3664 2462 3757 2519 εἶτα

2217 2562 2489 2633 καθᾶραι·
2542 2563 2889 2633 σοφισθῆναι,
2938 2562 3034 2615 xui
3066 2561 3208 2615 οὓτω
3254 2562 3498 2631 σοφίσαι·
3542 2560 3758 2628 γενέσθαι

2218 2656 2365 2727 φῶς,
2417 2655 2507 2709 καὶ
2556 2656 2817 2725 φωτίσαι’
2857 2655 3075 2723 ἐγγίσαι
3107 2654 3244 2724 Θεῷ,
3286 2656 3380 2708 xui
3422 2655 3759 2726 προσαγαγεῖν

2218 2748 2437 2811 ἄλλους’
2474 2748 2816 2817 ἁγιασθῆναι,
2842 2748 2934 2801 καὶ
2961 2747 3215 2815 ἁγιάσαι’
3247 2750 3644 2819 χειραγωγῆσαι
3669 2746 3757 2816 (55)

2224 2839 2361 2911 μετὰ
2389 2838 2609 2911 χειρῶν,
2641 2839 3040 2911 συμϐουλεῦσαι
3072 2841 3210 2911 μετὰ
3241 2840 3522 2902 συνέσεως.

2291 3017 2411 3069 OB'.
2451 3015 2588 3068 Πότε
2635 3032 2728 3068 ουν
2776 3032 2927 3068 εσται
2960 3014 3152 3078 ταῦτα,
3200 3015 3364 3082 φασὶν
3396 3014 3444 3065 οξ
3496 3015 3671 3082 ταχεῖς
3708 3012 3759 3063 τὰ

2220 3108 2419 3171 πάντα,
2450 3108 2544 3161 xui
2574 3108 2675 3160 ούκ
2719 3106 2997 3176 ἀσφαλεῖς,
3031 3109 3079 3159 οἱ
3109 3105 3318 3178 Ῐρᾳδίως
3366 3104 3757 3175 οἰκοδομοῦντες,

2218 3200 2311 3253 xui
2340 3198 2729 3265 καταλύοντες;
2759 3199 2870 3252 Καὶ
2901 3197 3105 3269 πηνίκα
3139 3200 3167 3251 ὀ
3200 3196 3392 3269 λύχνος
3432 3199 3521 3251 ἐπὶ
3560 3195 3655 3267 τὴν
3692 3196 3761 3247 λυ-

2218 3290 2405 3360 χνίαν;
2454 3290 2564 3345 Καὶ
2614 3291 2715 3344 πού
2768 3290 2831 3343 τὸ
2892 3290 3151 3347 τάλαντον
3172 3306 3197 3354 ;-
3238 3288 3381 3342 οὓτω
3434 3290 3496 3341 τὸ
3546 3289 3762 3358 χάρισμα

2216 3382 2483 3451 λέγοντες.
2513 3382 2697 3437 Ταῦτα
2735 3386 2783 3436 oi
2818 3382 3139 3453 θερμότεροι
3174 3380 3273 3449 τὴν
3310 3381 3546 3451 φιλίανῆ
3579 3382 3672 3450 τὴν
3702 3381 3763 3431 εὑ-

2218 3475 2462 3529 λάϐειαν.
2507 3476 2644 3529 Πότε
2684 3474 2880 3537 ταῦτα,
2916 3476 3011 3528 καὶ
3049 3474 3131 3537 τίς
3168 3475 3196 3526 ὁ
3228 3474 3359 3545 ἐμὸς
3390 3474 3563 3543 λόγος,
3593 3468 3637 3526 ὧ
3666 3490 3763 3540 γενο

2216 3566 2516 3631 ναιότατοι;
2570 3566 2643 3619 Οὐ
2702 3566 2887 3637 μακρὰ
2953 3565 3285 3638 προθεσμία,
3335 3566 3455 3619 οὐδὲ
3500 3565 3671 3635 γῆρας
3718 3566 3763 3615 τὸ

2218 3656 2463 3727 ἔσχατον.
2516 3658 2802 3728 Κρείσσων
2874 3656 2982 3728 γὰρ
3040 3656 3202 3710 πολιὰ
3272 3656 3410 3727 μετὰ
3482 3659 3764 3729 φρονήσεως

2216 3749 2541 3803 ἀπαιδεύτου
2596 3750 2879 3821 νεότητος,
2930 3751 3023 3805 xui
3095 3749 3453 3820 λελογισμένη
3522 3748 3764 3820 βραδύττς

2216 3844 2413 3914 τάχους
2473 3845 2918 3917 ἁπερισκέπτου·
2972 3844 3066 3897 xui
3130 3843 3495 3913 ὀλιγοχρόνιος
3546 3841 3766 3911 βασιλεία

2219 3938 2434 4007 μακράς
2457 3936 2798 4009 τυραννίδος’
2830 3936 2904 4000 ὼς
2928 3938 3020 3989 xui
3047 3936 3201 4005 ὀλίγη
3230 3937 3388 4006 μερὶς
3413 3934 3564 4004 τιμία
3590 3933 3763 3999 πολλῆς

2214 4030 2460 4099 κτήσεως
2501 4028 2612 4099 (54)
2654 4028 2848 4099 ἀτίμου
2878 4030 2973 4081 καὶ
3006 4028 3279 4099 σφαλερᾶς
3307 4025 3443 4095 (55),
3473 4026 3561 4078 xui
3592 4024 3765 4096 χρυσᾶ

2214 4119 2396 4187 ὀλίγος
2442 4118 2706 4190 μολύϐδου
2756 4119 3176 4184 πολυταλάντου,
3204 4120 3297 4172 καὶ
3327 4117 3520 4172 πολλοῦ
3566 4118 3767 4175 σκότους

2213 4215 2391 4282 ὀλίγον
2424 4214 2560 4285 φῶς.

2284 4401 2401 4453 Ol".
2432 4400 2504 4453 Τὸ
2528 4399 2584 4453 δὲ
2613 4400 2747 4470 ταχὺ
2778 4397 2936 4452 τοῦτο
2970 4397 3063 4451 xui
3091 4396 3377 4469 σφαλερὸν,
3405 4396 3497 4449 xui
3521 4394 3643 4447 λίαν
3668 4407 3769 4443 κατ·

533 4475 810 4549 celeritas,
845 4500 1190 4557 prazcepsque
1221 4487 1490 4552 studium,
1538 4490 1834 4546 seminibus
1864 4491 1969 4546 illis
2001 4507 2105 4546 non

2227 4494 2652 4566 εσπουδασμένον
2683 4493 2815 4566 (56),
2840 4493 2914 4566 μὴ
2942 4492 3050 4547 τῶν
3086 4491 3413 4563 σπερμάτων
3432 4488 3658 4551 ἐκείνοις
3677 4483 3773 4556 (57)

600 4662 647 4695 "
678 4662 866 4719 Matth.
895 4681 1052 4729 nm,
1081 4666 1267 4723 25:25.
1342 4670 1388 4701 ⁷⁸
1418 4669 1608 4724 Matth.
1638 4686 1692 4737 v,
1725 4670 1811 4724 15.
1846 4672 1890 4704 ⁷⁷
1920 4670 2108 4727 Matth.

2227 4689 2259 4736 γ,
2287 4673 2372 4727 15.

603 4819 719 4894 (21)
774 4824 1164 4894 φαινοίμεθα.
1221 4824 1312 4879 Sic
1352 4824 1501 4893 Regii
1543 4825 1790 4880 undecim
1820 4864 1836 4889 ,
1878 4839 2106 4894 quatuor

531 4890 710 5012 (Σοὲιιη
769 4890 880 4947 Jes.
924 4890 1017 4948 0r.
1059 4898 1122 4960 1,
1178 4895 1357 4951 Passa
1391 4890 1459 4951 ef
1502 4896 1690 4952 Camb.
1754 4894 1854 4951 Ed.
1896 4890 2109 4969 ’φαινό-

532 4978 599 5031 με
639 4977 693 5017 α.

530 5032 1001 5166 εἰὲἓτῗζὲἰκότως
1053 5034 1149 5091 ἂν.
1181 5037 1255 5091 Ila
1309 5037 1443 5110 Reg.
1496 5052 1550 5097 et
1594 5046 1749 5102 Colb.
1796 5048 1852 5103 In
1895 5043 1983 5101 ed.
2048 5043 2116 5097 ἂν

604 5173 717 5256 (25)
745 5174 855 5228 Καὶ
882 5176 1134 5256 νύκτωρ..
1167 5176 1243 5232 Ita
1272 5189 1393 5234 octo
1424 5180 1589 5256 Regg.
1611 5202 1704 5242 sex
1737 5188 1915 5255 CoIb.,
1936 5188 2027 5243 0r.
2055 5187 2109 5251 1,

529 5252 636 5296 etc.
675 5244 831 5298 Deest
849 5247 942 5299 καί
978 5249 1028 5301 in
1063 5244 1148 5303 ed.

745 5317 933 5390 ζᾳῦτά
949 5334 1070 5385 μοι.
1095 5318 1221 5383 Alii,
1248 5337 1368 5390 μου.

625 5383 716 5453 28)
744 5384 912 5440 Εἶναι
938 5383 1044 5469 irai
1072 5390 1193 5469 ἀπίω
1208 5383 1541 5469 βλέποι-τα.
1576 5397 1665 5452 Sic
1694 5400 1889 5469 legitur
1913 5400 1965 5452 in
1986 5406 2111 5452 octo

530 5450 1107 5535 Reg.,}cptem_Collt.,
1134 5450 1268 5525 πρέ..
1300 5462 1393 5535 ρι’.
1417 5466 1463 5528 1,
1488 5450 2110 5535 διεκοὴιὶξεᾷούδὲ-ποξ

535 5523 806 5607 ρεύεςξθαξ.
842 5526 1055 5607 Habent
1089 5523 1267 5587 tamen
1306 5523 1513 5604 Roga],
1557 5523 1690 5601 t,'et
1726 5523 1877 5596 Colb.
1908 5556 1981 5607 ut,
2017 5539 2113 5593 καὶ

532 5594 859 5665 πορεύεσθαι
887 5599 1016 5652 ἄνω.

753 5668 1105 5760 Ξτιῃτίρῃρνι.
1136 5673 1354 5760 Ilieg._y,
1376 5678 1637 5760 ἐντίθησι.

604 5733 1102 5824 -Ῐξρξτορθίίῦικ
1134 5733 1381 5801 Conubia
1412 5752 1476 5805 ad
1506 5733 1755 5807 virtutem
1788 5760 2112 5824 componere

532 5812 586 5859 et
617 5803 867 5878 dirigere.
896 5803 919 5861 Β

2291 4828 2401 4900 (51)
2433 4827 2670 4897 Ὀργήν.
2691 4826 2828 4900 Beg.
2857 4827 2894 4900 Ι,
2924 4828 3213 4900 ῥομφαίαν.

2293 4896 2405 4969 (52)
2441 4896 2843 4969 Κώσρθῆνιιι.
2874 4896 3002 4969 Reg.
3028 4896 3063 4960 Ι,
3098 4900 3246 4951 addit
3283 4898 3412 4969 γάρ.
3444 4896 3772 4969 Additione-

2226 4967 2480 5041 cessaria,
2515 4969 2561 5023 si
2602 4980 2721 5037 post
2754 4968 3091 5041 καθαρθῆναι
3132 4969 3277 5041 legas
3321 4968 3420 5035 δεῖ,
3449 4984 3571 5041 cum
3620 4967 3773 5041 Iiillio,

2224 5041 2373 5103 Par.,
2412 5039 2547 5094 Gab.
2581 5053 2634 5093 et
2664 5056 2794 5094 mss.
2842 5038 3022 5109 Regiis
3074 5041 3183 5099 bm,
3228 5039 3263 5099 I,
3290 5048 3327 5100 l,
3368 5056 3423 5101 Χ,
3447 5038 3605 5093 Culh.
3632 5038 3682 5109 7,
3712 5053 3773 5088 m.

2226 5112 2476 5173 Alioquin
2510 5110 2687 5164 hiulca
2733 5110 2871 5165 I‘uret
2897 5108 3089 5165 oratio.
3119 5109 3214 5162 Sin
3256 5120 3436 5162 autem
3484 5108 3676 5176 legeris
3700 5122 3774 5156 xu-

2227 5181 2495 5250 θαρθῆναι
2523 5180 2579 5235 δέ
2601 5197 2722 5235 cum
2760 5180 2886 5235 Bas.
2920 5196 3074 5244 mss.,
3119 5180 3250 5246 Iieg.
3280 5195 3331 5244 a,
3366 5181 3458 5242 bu,
3488 5194 3541 5242 η,
3578 5195 3623 5243 r,
3648 5194 3698 5239 υ,
3732 5191 3772 5237 z,

2216 5250 2368 5307 Colh.
2393 5253 2451 5316 5,
2487 5252 2541 5318 4,
2573 5253 2629 5315 It,
2661 5252 2697 5315 i,
2727 5262 2781 5306 et
2811 5252 2988 5313 Pass.,
3018 5250 3287 5305 constabit
3314 5266 3525 5303 sensus.

2287 5324 2399 5394 (55)
2443 5322 2909 5392 Χειραγωγῆσαι.
2959 5323 3093 5376 bal).
3152 5339 3170 5371 ι
3215 5322 3465 5376 manibus
3504 5320 3777 5380 deducere,

2213 5395 2493 5464 prudentia
2520 5394 2820 5447 consulere.
2856 5412 2873 5445 ι

2285 5466 2397 5534 (54)
2419 5465 2719 5532 κτήσεως.
2748 5464 2804 5517 lu
2835 5464 2919 5517 ed.
2955 5463 3202 5527 κτίσεως,
3224 5477 3407 5533 prave.

2287 5536 2401 5604 (55)
2430 5534 2761 5604 Σφαλερᾱς.
2799 5552 2817 5585 ι
2849 5534 3172 5604 ιδιιιιορὶιηιε.
3205 5553 3224 5586 ι

2285 5598 2398 5679 (56)
2446 5598 3091 5675 Κατεᾰπονυδασμένον.
3138 5603 3329 5659 Camb.
3382 5611 3774 5670 κατεσπευσμε·

2217 5695 2325 5732 νον.

2288 5747 2500 5818 (57)Μὴ
2517 5747 2637 5821 τῷν
2646 5745 3003 5821 σπερμάτων
3015 5744 3387 5821 έκείνριςδξρ
3403 5743 3775 5821 ιρνεωῐξεεεί.

2220 5837 2311 5879 sex
2345 5814 2519 5887 Coll).,
2550 5819 2643 5875 Or.
2686 5821 2737 5889 1,
2762 5814 2883 5875 Ἰθς.
2929 5828 2981 5875 et
3017 5817 3165 5874 Pass.
3201 5816 3255 5871 In
3301 5818 3384 5873 ed.
3424 5815 3553 5871 Par.
3581 5814 3659 5889 μὴ
3680 5814 3778 5872 τοῖς
