1916 3197
69 179 106 208 683

587 165 715 194 ORATIO
732 164 765 193 ll.
787 180 820 185 —-
839 163 1090 193 APOLOGETICA.

1596 164 1649 192 486

66 238 129 275 ἡμᾶς,
145 231 258 265 δέξασθαι
273 229 366 265 ψυχῶν
391 227 544 275 ἡγεμονίαν
564 224 809 275 καὶᾼπροστασίαν,

865 230 946 258 quam
961 227 991 250 ut
1010 222 1060 258 ipsi
1076 226 1205 257 praestare
1218 221 1373 256 possimus,
1395 221 1524 266 nimirum
1541 222 1648 249 anima-

66 271 101 313 ,ξὲιι
112 282 180 318 μήπω
194 277 255 313 μηδὲ
269 274 461 311 ποιμαίνεσθαι
474 272 566 304 καλῶς
578 271 812 318 μαθόνταςγῄμᾶς,

65 316 116 365 μηδέ
136 316 304 359 καθαρθέντας
328 320 378 355 τὴν
405 319 494 355 ψυχὴν
519 319 581 345 ὅσον
607 317 694 365 ἄξιον,
716 316 813 365 έπειτα

63 363 155 409 ᾇτοξμνης
167 368 313 396 ἐπιστατεῖν
332 365 523 400 πιστευθῆναι·
540 364 588 391 καὶ
608 363 694 390 ταῦτα
714 363 743 390 ὲν
755 371 813 389 και-

62 421 104 456 ροῖς
115 415 236 446 τοιούτοις,
251 413 280 439 ὲν
292 409 333 444 οἷς
355 411 496 447 ἀγαπητὸν
512 411 618 446 ὁρῶντα
634 410 696 442 τοὺς
716 409 812 441 ἄλλους

60 455 102 493 ἂνω
112 463 150 490 καὶ
161 462 227 488 κάτω
240 457 438 494 στρεφομένους
453 457 508 493 (58)
525 465 556 483 τε
575 457 623 484 καὶ
640 455 813 491 ταρασσομέ-

58 518 112 541 νους,
123 506 227 543 φυγόντα
248 504 319 539 φυγῇ
338 504 370 530 ὲκ
391 502 439 529 τοῦ
459 502 542 538 μέσου
557 501 626 538 (59),
640 501 692 528 ὑπὸ
708 501 811 536 σκέπην

58 553 247 589 ἀναχωρήσαντα,
269 549 360 576 λαϐεῖν
378 548 434 585 (60)
452 548 498 575 τοῦ
520 547 639 584 πονηροῦ
655 547 704 582 τὴν
725 546 810 581 ζάλην

57 601 90 628 καὶ
108 599 149 634 τὴν
165 596 353 631 σκοτόμαιναν·
375 594 457 630 ἡνίκα
484 594 598 630 πολεμεῖ
621 593 670 629 μὲν
686 592 811 629 ἀλλήλοις

57 647 79 673 τὰ
93 644 157 681 μέλη,
168 642 265 677 οἴχεται
279 641 308 668 δὲ
323 641 371 677 τῆς
388 641 509 676 ἀγάπης,
523 641 547 667 εί
562 639 609 667 καί
625 648 650 666 τι
666 637 701 675 ἦν
717 638 810 673 λείψα-

55 699 93 721 νον,
108 689 183 723 ὄνομα
198 687 224 713 δὲ
239 686 315 712 κενὸν
331 685 418 717 ἄλλως
431 686 445 712 ὁ
460 685 562 721 ἱερεὺς,
583 683 746 720 ἐκχυθείσης
763 684 808 711 ἐπ’

55 737 159 772 ἄρχοντας
171 731 376 766 ὲξουδενώσεως,
390 731 485 767 ὥσπερ
498 730 616 767 εἴρηται.

79 866 125 894 08‘.
143 865 193 892 Καὶ
208 864 263 891 εἴθε
280 864 357 892 κενόν
375 864 447 901 (61)·
472 864 530 891 νυνὶ
549 864 578 891 δὲ
603 863 729 900 τρέποιτο
749 864 806 899 (62)

865 278 925 298 rum
940 269 1088 304 imperium
1110 276 1143 296 ac
1164 268 1351 303 praefecturam
1368 259 1491 302 accipere
1505 288 1513 301 ,
1534 275 1649 303 cumque

864 324 898 344 ne
913 320 986 344 recte
1003 316 1113 351 quidem
1128 314 1203 350 pasci
1218 315 1307 341 adhuc
1325 313 1460 347 sciamus,
1478 321 1529 342 nec
1544 314 1646 346 animo,

863 366 993 397 quantum
1008 369 1058 397 par
1071 366 1130 394 est,
1147 361 1254 396 purgati
1269 361 1354 388 simus
1364 382 1372 394 ,
1385 362 1458 396 gregi
1472 361 1648 396 gubernando

862 407 1077 442 praefici:idque
1103 406 1257 440 hujusmodi
1284 407 1470 440 temporibus.
1499 407 1526 434 in
1550 406 1648 440 quibus

862 453 991 488 praeclare
1003 460 1064 480 cum
1079 459 1111 480 eo
1124 452 1223 488 agitur,
1238 452 1284 487 qui
1299 452 1366 479 alios
1379 459 1488 480 sursum
1502 452 1645 480 deorsum-

862 504 915 532 que
931 496 1027 531 jactari
1043 504 1076 524 ac
1089 496 1241 532 perturbari
1257 496 1443 531 conspiciens,
1462 497 1548 525 eil‘uso
1565 505 1645 526 cursu

862 543 895 569 de
912 542 1001 570 medio
1014 541 1118 577 fugiat,
1140 549 1173 569 ac
1188 542 1238 569 sub
1251 542 1341 570 locum
1359 542 1474 577 aliquem
1491 551 1506 570 a
1526 544 1647 578 periculo

863 591 948 614 tutum
963 588 1108 621 secedens,
1127 587 1203 622 pravi
1220 587 1291 615 illius
1306 592 1494 621 tempestatem
1511 594 1538 616 et
1553 589 1647 625 calig‘-

860 640 923 660 nem
937 633 1012 661 vitet.
1028 633 1094 665 Hoc,
1111 634 1235 668 inquam,
1250 638 1382 668 tempore,
1398 642 1452 670 quo
1466 636 1585 663 membra
1603 636 1646 663 in-

861 682 903 706 ter
917 686 946 706 se
963 684 1091 714 pugnant,
1104 684 1131 707 et
1146 680 1167 707 si
1182 680 1247 715 quid
1264 680 1407 707 charitalis
1416 685 1567 715 supererat,
1581 682 1645 709 abs-

860 723 945 757 cedit,
961 729 1042 759 atque
1057 724 1138 752 inane
1166 724 1223 759 jam
1237 732 1335 753 nomen
1350 730 1392 753 est
1405 726 1543 760 sacerdos,
1561 726 1645 754 eﬂ‘usa

859 769 998 803 videlicet,
1014 775 1043 798 ut
1055 770 1202 806 Scriptum
1216 771 1307 800 verbis
1321 777 1391 805 utar,
1408 772 1435 800 iu
1449 772 1523 808 ipsos
1537 781 1645 809 quoque

858 816 994 852 principes
1011 818 1210 852 contemptione
1221 818 1245 834 "

894 860 1012 889 LXXIX.
1030 863 1119 898 Atque
1141 863 1245 890 utinam
1267 863 1349 891 inane
1370 868 1458 898 esset;
1484 872 1555 893 nunc
1581 873 1646 894 vero

52 914 79 943 εἰς
97 910 204 944 κεφαλὰς
227 909 317 936 ἀθέων
341 911 358 945 ὴ
385 909 553 945 βλασφημία.
577 909 661 942 Φόϐος
684 910 712 936 δὲ
734 909 806 942 ἄπας

864 913 979 936 vertatur
995 909 1022 936 in
1045 909 1189 944 impiorum
1212 909 1300 945 capita
1318 910 1494 945 blasphemia.
1511 910 1643 939 Caeterum

52 957 168 993 ἐξώρισται
192 955 244 982 τῶν
270 956 379 991 ψυχῶν·
410 955 585 991 ἀντεισῆκται
614 956 642 982 δὲ
665 956 805 983 ἀναίδεια·

50 1003 82 1030 τοῦ
100 1002 246 1038 βουλομένου
263 1002 318 1038 (65)
339 1002 367 1028 δὲ
388 1003 404 1038 ή
425 1002 535 1036 γνῶσις,
558 1002 605 1029 καὶ
617 1002 652 1029 τὰ
669 1001 738 1038 βάθη
759 1002 807 1029 τοῦ

51 1048 190 1083 Πνεύματης-
208 1047 309 1079 πάντες
333 1048 361 1074 δέ
378 1049 461 1083 ἐσμεν
478 1047 533 1083 (64)
557 1048 679 1080 εὐσεϐεῖς
695 1048 724 1082 ἐξ
749 1049 808 1081 ἐνὸς

50 1095 108 1129 μόνου
129 1094 172 1121 τοῦ
202 1094 419 1128 καταγινώσκειν
456 1094 545 1121 ἄλλων
578 1094 634 1129 (65)
666 1094 805 1121 ἀσέϐειαν.

50 1140 156 1175 Χρώμεϐα
171 1139 198 1166 δὲ
211 1140 356 1171 δικασταῖς
371 1141 427 1172 τοῖς
448 1140 539 1171 ἀθέοις
555 1139 621 1175 (66),
635 1140 683 1167 καὶ
701 1140 808 1175 ῥιπτοῦ-

48 1194 82 1220 μεν
94 1185 123 1211 τὰ
142 1185 205 1219 ἅγια
221 1186 280 1217 τοῖς
294 1185 368 1216 κυσὶ,
392 1185 440 1211 καὶ
464 1185 597 1220 βάλλομεν
612 1186 675 1217 τοὺς
698 1193 808 1220 μαργα-

49 1231 104 1265 ρίτας
115 1230 263 1266 ἔμπροσθεν
287 1230 340 1257 τῶν
364 1230 472 1266 χοίρων,
498 1230 621 1267 βεὸήλοις
646 1231 741 1263 ἀκοαῖς
759 1232 807 1258 καὶ

46 1277 119 1312 (nisi;
133 1276 165 1304 τὰ
181 1276 241 1303 θεῖα
255 1276 477 1312 δημοσιεύοντες·
496 1277 544 1304 καὶ
557 1277 607 1308 τὰς
627 1276 681 1304 τῶν
702 1277 808 1313 ἐχθρῶν

46 1323 105 1357 sald;
125 1322 261 1358 ἐπιμελῶς
281 1322 471 1358 ὲκπληροῦμεν
485 1324 509 1349 οἱ
526 1322 647 1355 δείλαιοι,
663 1324 710 1350 καὶ
733 1332 808 1359 πορ-

45 1369 139 1400 νεύοντες
158 1370 187 1396 ὲν
207 1370 268 1401 τοῖς
290 1369 502 1404 ἐπιτηδεύμασιν
517 1370 596 1405 ἡμῶν
613 1370 662 1397 οὐκ
682 1370 807 1405 αἰσχυνό-

46 1413 103 1447 μεθα.
123 1414 269 1440 Μωαῦῖται
286 1414 314 1440 δὲ
342 1414 389 1441 καὶ
414 1415 588 1450 Ἀμμανῖται,
607 1413 647 1447 οἷς
670 1415 723 1441 οὐδ’
743 1415 807 1451 ἐξῆν

44 1460 143 1494 παριέναι
171 1460 227 1496 (67)
263 1460 306 1492 είς
334 1460 496 1496 Ἐκκλησίαν
525 1461 627 1497 Κυρίου
652 1461 722 1496 (68),
750 1463 808 1499 ¹τοῖς

44 1504 179 1537 ἁγιωτάτοις
190 1504 274 1540 ἡμῶν
290 1504 497 1540 ἐμϐατεύουσιν,
513 1506 672 1542 Ἡνοίξαμεν
684 1507 711 1533 δὲ
725 1508 808 1535 πᾶσιν

42 1548 62 1574 ὠ
77 1549 151 1581 πύλας
162 1550 352 1586 δικαιοσύνης,
372 1551 441 1578 ἀλλὰ
457 1551 542 1587 θύρας
560 1552 693 1588 λοιδορίας
712 1562 742 1580 τε
760 1554 807 1580 καὶ

858 957 945 980 metus
959 953 1048 981 omnis
1059 961 1092 981 ex
1105 954 1203 982 animis
1216 954 1310 990 pulsus
1326 960 1378 988 est,
1393 956 1419 983 in
1432 956 1544 991 ejusque
1555 956 1643 985 locum

857 999 1002 1033 subrogata
1019 1000 1184 1035 impudentia
1199 1008 1206 1027 :
1220 1005 1315 1036 estque
1328 1002 1447 1036 cujusvis
1464 1003 1577 1030 scientia
1590 1024 1598 1036 ,
1617 1010 1645 1031 et

857 1045 990 1078 profunda
1009 1045 1128 1080 Spiritus
1138 1047 1162 1063 ’τ
1174 1055 1182 1074 :
1196 1051 1278 1082 atque
1291 1055 1387 1076 omnes
1412 1056 1445 1076 ex
1464 1049 1517 1077 hoc
1536 1058 1590 1078 uno
1606 1051 1643 1086 pii

857 1096 950 1117 sumus
960 1109 968 1121 ,
982 1091 1053 1124 quod
1069 1090 1137 1119 alios
1152 1092 1299 1127 impietatis
1312 1093 1483 1121 damnamus.
1504 1093 1644 1122 Iudicibus

857 1143 939 1172 porro
952 1136 985 1164 iis
997 1137 1141 1170 utimur",
1157 1138 1202 1173 qui
1216 1138 1270 1166 Deo
1280 1139 1378 1166 bellum
1393 1140 1557 1174 indixerunt,
1568 1143 1645 1170 cani-

858 1181 962 1217 busque
975 1187 1068 1211 sancta
1081 1184 1247 1218 projicimus,
1263 1189 1345 1220 atque
1360 1185 1393 1213 ad
1406 1194 1548 1220 porcorum
1562 1188 1644 1223 pedes

857 1229 1020 1264 margaritas
1034 1229 1217 1263 fmittimus”,
1237 1231 1358 1265 profanis
1378 1233 1489 1260 auribus
1504 1239 1531 1261 et
1545 1234 1645 1262 animis

857 1274 976 1302 divinam
993 1275 1144 1303 doctrinam
1160 1276 1428 1312 evulgantes:atque
1446 1279 1642 1314 hostium,vot:t

857 1320 948 1347 miseri
964 1320 1058 1349 sedulo
1072 1321 1228 1356 explemus,
1250 1327 1277 1350 et
1291 1323 1319 1350 in
1340 1324 1580 1354 adinventionibus
1591 1333 1642 1353 no-

856 1365 922 1393 stris
930 1365 988 1393 sine
1000 1366 1054 1394 ullo
1065 1368 1223 1403 pudure51
1235 1368 1400 1396 fornicamur
1408 1370 1427 1396 ί.
1441 1369 1565 1398 Moabitae
1578 1378 1645 1399 vero

857 1417 884 1441 ct
898 1413 1070 1446 Ammonitae,
1086 1413 1187 1448 quibus
1201 1422 1234 1441 ne
1247 1413 1353 1442 Domini
1366 1416 1475 1451 quidem
1491 1415 1643 1444 Ecclesiae:

857 1459 961 1495 ingredi
978 1459 1110 1492 licebat”,
1135 1460 1161 1487 in
1179 1467 1211 1487 ea
1227 1468 1287 1496 qua:
1307 1462 1376 1496 apud
1399 1470 1450 1490 nos
1470 1464 1643 1491 sanctissima

856 1510 930 1537 sunt,
945 1504 1108 1539 irrumpunt.
1125 1506 1164 1532 Ac
1178 1513 1228 1533 nos
1241 1506 1377 1541 omnibus,
1392 1514 1445 1534 non
1456 1508 1568 1540 iustitiae
1581 1516 1645 1543 por-

858 1550 929 1582 tas',
944 1550 991 1577 sed
1007 1550 1213 1583 maledicentiae,
1234 1556 1388 1586 mutumque
1404 1552 1430 1579 in
1445 1560 1495 1580 nos
1507 1553 1581 1587 ipsos
1597 1561 1645 1580 au-

42 1595 76 1629 τῆς
92 1597 145 1622 κατ’
170 1596 298 1632 ἀλλήλων
322 1585 510 1633 θρασύτητος·
529 1598 576 1625 καὶ
601 1585 679 1630 οὗτος
696 1599 807 1635 ἄριστος

864 1595 942 1623 iacias
953 1596 1050 1631 januas
1064 1596 1230 1630 aperuimus.
1258 1585 1352 1631 Atque,
1361 1597 1403 1624 hic
1417 1599 1487 1632 apud
1507 1585 1556 1626 nos
1572 1600 1645 1634 opti—

40 1641 96 1674 ἡμῖν,
116 1642 162 1677 οὐχ
188 1641 219 1674 ὃς
243 1642 281 1669 ἂν
306 1642 361 1677 (69)
388 1644 457 1678 μηδὲ
479 1644 555 1679 ῥῆμα
583 1644 700 1680 πρόηται
723 1645 807 1681 ἀργὸν

40 1686 96 1721 φόῦῳ
116 1687 191 1720 Θεοῦ,
210 1688 273 1715 ἀλλ’
296 1688 325 1720 ὃς
347 1689 380 1716 ἂν
396 1690 464 1726 τύχῃ
486 1690 598 1718 πλεῖστα
622 1690 667 1717 τὸν
694 1691 807 1726 πλησίον

38 1731 103 1758 είπὼν
127 1734 235 1767 κακῶς,
267 1735 286 1770 ἢ
313 1735 471 1772 διαρρήδην,
496 1736 511 1771 ἢ
540 1737 569 1763 ἐν
585 1737 741 1772 αἰνίγμασι·
762 1737 808 1764 καὶ

39 1776 76 1802 ὑπὸ
91 1778 134 1813 τὴν
150 1779 283 1813 γλῶσσαν
301 1779 383 1806 αὐτοῦ
403 1780 527 1816 στρέφων
548 1780 631 1807 κόπον
653 1781 699 1807 καὶ
716 1780 806 1813 πόνον,

38 1821 48 1855 ἢ
61 1823 91 1848 ἰὸν
102 1824 230 1859 ἀσπίδων,
248 1826 340 1851 είπεῖν
355 1826 527 1861 οἰκειότερον.

61 1868 93 1895 11'.
111 1870 256 1906 Τηροῦμεν
271 1871 302 1898 δὲ
326 1871 375 1903 τὰς
394 1871 514 1906 ἀλλήλων
536 1871 681 1907 ἁμαρτίας,
698 1871 746 1907 οὐχ
765 1872 820 1899 ἵνα.

37 1912 203 1951 θρηνήσωμεν,
218 1917 282 1944 ἀλλ’
299 1917 342 1944 ἴνα
353 1917 525 1953 ὀνειδίσωμεν
535 1926 542 1933 ·
553 1918 606 1944 οὐδ’
619 1918 661 1945 ἵνα
680 1917 808 1953 θεραπεύ-

36 1967 115 1994 unitati,
134 1963 191 1989 ἀλλ’
207 1964 255 1990 ἵνα
277 1962 497 1999 προσπλήξωμεν
514 1963 581 1998 (70),
602 1965 649 1990 καὶ
663 1963 809 1998 ἀπολογίαν

35 2004 119 2041 ἔχωμεν
136 2008 190 2044 (Ἡ)
215 2009 275 2036 τῶν
304 2010 443 2045 ἡμετέρων
467 2010 559 2037 κακῶν
576 2010 611 2037 τὰ
630 2009 684 2037 τῶν
697 2010 809 2047 πλησίον

33 2053 163 2087 τραύματα.
178 2056 300 2088 Κακοὺς
315 2055 343 2081 δὲ
355 2056 402 2082 καὶ
413 2056 531 2090 ἀγαθοὺς
545 2057 592 2092 οὐχ
606 2058 619 2083 ὁ
630 2057 738 2093 τρόπος,
752 2057 809 2084 ἀλλ’

34 2096 177 2132 ἠδιάστασις
190 2101 241 2127 καὶ
256 2101 276 2136 ή
291 2100 365 2135 φιλία
380 2100 435 2137 (72)
445 2101 655 2138 χαρακτηρίζει·
672 2103 719 2130 καὶ
732 2102 749 2129 ἃ
762 2103 810 2138 σή-

859 1649 919 1669 mus
934 1641 1058 1674 habetur,
1077 1648 1128 1668 non
1142 1642 1198 1675 qui,
1217 1641 1264 1669 Dei
1282 1647 1354 1669 metu
1371 1643 1509 1677 praeditus,
1528 1651 1562 1671 ne
1584 1652 1645 1671 ver-

859 1687 922 1714 bum
952 1687 1060 1722 quidem
1092 1687 1209 1714 otiosum
1244 1687 1368 1722 plurimis
1399 1688 1569 1722 maledictis,
1603 1691 1645 1717 vel

859 1738 970 1768 aperte,
985 1733 1026 1760 vel
1044 1734 1150 1761 occulte
1168 1733 1274 1766 ﬁxerit;
1299 1741 1330 1761 ac
1346 1734 1396 1761 sub
1414 1734 1503 1769 lingua
1522 1735 1643 1763 laborem

859 1785 887 1807 et
902 1780 1020 1819 dolorem
1035 1779 1054 1811 δ,
1070 1784 1134 1812 aut,
1151 1784 1179 1806 ut
1196 1779 1286 1814 aptius
1301 1779 1405 1814 loquar,
1420 1788 1553 1808 venenum
1570 1782 1644 1816 aspi-

862 1824 923 1852 dum
934 1825 945 1840 ⁸
962 1824 1119 1851 versaverit.

896 1869 1005 1897 LXXX.
1030 1869 1087 1897 lluc
1114 1869 1235 1902 accedit,
1251 1870 1322 1905 quod
1342 1870 1386 1898 alii
1403 1870 1517 1898 aliorum
1535 1876 1645 1906 peccata

860 1915 1046 1948 observamus,
1058 1923 1110 1943 non
1128 1921 1157 1943 ut
1168 1916 1316 1951 lugeamus,
1331 1916 1377 1944 sed
1392 1923 1421 1944 ut
1435 1917 1644 1952 exprobremus;

860 1970 948 1998 neque
959 1967 989 1989 ιιι
1009 1962 1169 1989 medicinam
1188 1962 1341 1993 aﬂ‘eramus,
1360 1964 1407 1990 sed
1422 1968 1451 1990 ut
1473 1971 1572 1991 novum
1589 1964 1648 1991 vul-

861 2016 911 2036 nus
927 2008 1098 2044 inﬂigamus,
1126 2013 1207 2043 atque
1236 2016 1250 2035 a
1275 2009 1460 2044 proximorum
1490 2010 1648 2037 vulneribus

860 2055 1062 2083 excusationem
1082 2054 1153 2081 vitiis
1169 2054 1268 2082 nostris
1286 2060 1419 2090 petamus.
1435 2055 1494 2083 Jam
1512 2063 1576 2083 vero
1591 2064 1648 2083 ma-

861 2101 901 2129 los
911 2106 937 2129 et
952 2101 1047 2133 bonos,
1063 2108 1116 2127 non
1135 2101 1190 2127 vita
1202 2122 1209 2134 ,
1228 2101 1275 2128 sed
1292 2101 1441 2134 dissensio,
1458 2101 1499 2129 vel
1510 2102 1645 2135 amicitia,

32 2175 72 2216 ,δέ
84 2176 146 2216 [ξδδι.
159 2188 216 2212 ενι,
229 2181 280 2208 ιο.
321 2181 437 2208 "ICor.
454 2189 484 2214 ιι,
502 2182 544 2209 l0.
584 2181 606 2198 ⁸⁸
624 2181 710 2209 lCor.
723 2190 760 2215 vt,
773 2182 798 2211 1.

869 2180 893 2196 ”
910 2180 1002 2207 Matth.
1022 2188 1070 2213 vn,
1087 2180 1113 2207 6.
1153 2180 1244 2208 'Psal.
1258 2188 1301 2214 cv,
1320 2180 1365 2208 '59.
1404 2180 1414 2196 ²
1430 2180 1509 2209 Dcut.
1524 2182 1603 2214 x'xm,
1619 2181 1646 2208 5.

31 2209 107 2241 ‘Psal.
123 2222 196 2249 στι-ι,
210 2209 262 2244 ⁷19.
309 2216 319 2231 ⁸
330 2216 399 2244 Psal.
415 2225 442 2249 x,
459 2209 562 2252 7'seqq.
600 2218 610 2233 ⁵
625 2217 696 2245 Psal.
717 2209 775 2250 xui,
793 2209 809 2244 3

873 2223 985 2248 Lxxxtx,
999 2216 1026 2244 4.

55 2292 103 2333 (56)
117 2297 364 2333 ξτρρςρομένους.
374 2297 411 2324 Ita
424 2298 488 2330 Reg.
501 2298 635 2331 undecim,
646 2304 708 2326 octo
716 2298 804 2331 Colb.,
822 2288 844 2316 θ

117 2325 170 2359 ιεὲ.
190 2325 288 2361 ἰῑυῖει.
304 2333 329 2367 1,
342 2325 477 2361 ἐκλΕάίίί
492 2342 554 2361 vero
568 2325 805 2369 Bas.'et7Par.rtps-'

107 2375 146 2396 υς-

81 2373 146 2398 νους.

120 2402 170 2430 Ἐκ
183 2404 244 2431 τοῦ
259 2404 374 2439 μέσου.
389 2403 453 2438 Reg.
470 2412 495 2436 ιι,
508 2404 540 2431 ἐκ
556 2403 648 2439 μέσου.

53 2434 104 2474 (60).
125 2434 315 2467 Aufidia-In
339 2447 386 2467 ora
411 2434 561 2473 R'i-gfbm,‘
582 2438 735 2474 appingitur
758 2447 809 2472 φυ-

26 2469 79 2535 ξεξν.
97 2470 124 2498 in
142 2474 223 2502 Cclb.
244 2474 274 2507 7,
299 2475 369 2501 intra
388 2469 472 2502 lineas
490 2469 573 2502 veteri
598 2469 689 2506 niani,
718 2474 733 2510 ἢ
756 2469 807 2509 ερυ-

40 2510 78 2531 εν.

40 2510 78 2531 ειν.

51 2539 98 2578 (Gl)
109 2544 163 2570 Καὶ
175 2545 242 2572 etas
260 2545 365 2572 κενόν.
384 2543 528 2578 Gregorius
540 2544 578 2571 sic
593 2543 720 2579 loquitur,
731 2544 807 2577 juxta

28 2571 104 2615 mihi,
125 2586 158 2605 eo
181 2571 261 2615 quod
274 2571 465 2615 principesac
479 2571 635 2613 pontiﬁces:
650 2571 720 2614 quos
731 2571 808 2606 insc-

25 2613 105 2644 ctatur.
120 2622 174 2642 non
190 2613 488 2643 modo—omnivirtute
514 2615 646 2648 destituti,
658 2613 719 2642 ’sed
735 2615 807 2642 vitiis

24 2647 130 2676 Omnibus
144 2650 244 2678 referti
260 2656 367 2679 essent.

25 2714 30 2719 ,
51 2681 276 2723 (ίὶλΐρέποιτο.
307 2693 359 2713 etc.
384 2685 478 2714 Comb.
500 2694 510 2711 ι
531 2684 625 2712 Vertat
640 2685 711 2713 Deus
728 2691 806 2711 omen

24 2722 45 2741 In
53 2721 133 2755 capita
151 2721 321 2755 impiorum.
338 2730 347 2746 ι

34 2751 329 2790 ,(ῧόὶΒουλῇμένου.
348 2760 370 2781 ι·
381 2754 503 2784 Volentis
521 2754 807 2790 cujuslibetestrscien-

24 2788 59 2826 lla.
72 2788 125 2816 »ιω
138 2788 225 2826 supra
252 2799 336 2818 num.
349 2790 394 2825 50,
415 2800 424 2816 ι
441 2791 519 2818 nobis
542 2788 609 2819 satis
623 2796 664 2818 est
679 2789 804 2822 voluisse,

22 2822 46 2846 Id
57 2822 227 2857 sapientiam.
248 2836 258 2852 ι

20 2886 37 2915 ὃ.
47 2856 230 2919 (ἱρέων-τες
241 2861 281 2889 δέ
292 2862 397 2897 ἐσμεν.
409 2862 460 2891 Alii
472 2862 592 2892 scribunt
606 2862 634 2889 δὲ
651 2860 743 2897 ἐσμέν.
753 2860 805 2888 Alii

60 2902 133 2927 σμεν.

895 2297 950 2333 (65)
967 2298 1096 2333 ΙζΑλλιινικη
1113 2297 1189 2325 Pass.
1203 2298 1235 2325 ad
1267 2305 1351 2332 marg.
1370 2297 1505 2333 ἀλλήλων.
1524 2297 1570 2325 Sic
1584 2296 1646 2324 Bas.

859 2332 902 2360 ed.
918 2338 944 2360 ct
963 2332 1113 2360 Gabrielius
1130 2341 1159 2358 ε(
1181 2333 1249 2359 alter
1259 2333 1369 2360 alterius
1379 2332 1548 2359 damnamus.
1564 2342 1573 2358 ι

896 2367 952 2402 (66)
978 2367 1100 2400 Ἀθέοις.
1127 2378 1136 2392 ι
1153 2367 1252 2401 impiis,
1281 2368 1377 2402 quibus
1404 2376 1454 2394 nec
1478 2368 1547 2394 Deus
1570 2367 1614 2394 sit.
1635 2377 1645 2393 ›

861 2402 955 2429 Comb.
972 2410 983 2427 ι
1003 2403 1163 2434 inﬁdelibus,
1187 2403 1286 2436 impiis.
1302 2403 1411 2434 ercis,
1432 2408 1460 2430 ut
1474 2404 1541 2430 bene
1562 2402 1645 2433 Elias.

865 2446 875 2463 ι
895 2437 1093 2472 provinciarum
1115 2439 1274 2464 rectoribus.
1294 2449 1302 2462 ι

898 2470 1108 2508 (θηηαριέναι.
1119 2473 1153 2498 Itu
1163 2479 1263 2505 septem
1273 2473 1366 2506 [tegg.,
1377 2470 1647 2508 Colbtomnesqles,

863 2506 949 2534 Hervi
961 2507 1014 2535 Alii
1028 2515 1092 2535 vero
1106 2513 1220 2543 quatuor
1232 2508 1315 2543 Regg.
1331 2508 1425 2535 (10ml).
1440 2506 1523 2535 Cois].
1535 2507 1561 2540 1,
1577 2515 1648 2543 παρ-

861 2544 952 2614 dﬂigi)
969 2578 1089 2614 Κυρίου.
1105 2577 1180 2605 Pass.
1191 2578 1233 2614 (ad
1249 2585 1335 2614 marg.
1353 2577 1432 2605 Θεοῦ.

910 2613 954 2644 69)
968 2614 1020 2646 Ὃς
1032 2613 1079 2639 ἄν.
1094 2614 1174 2640 Deest
1190 2613 1216 2639 in
1228 2614 1271 2640 ed.
1285 2613 1329 2640 ἄν.

909 2648 952 2684 70)
968 2648 1224 2683 Προσπλήξωμεν.
1237 2648 1391 2676 Gabrielius
1406 2648 1497 2681 vertit,
1509 2656 1519 2673 ‹
1540 2647 1649 2675 exulce-

860 2691 1108 2780 :el(qlli).'l:‘xwyer.
1127 2718 1172 2746 Sic
1189 2726 1284 2746 omnes
1310 2725 1379 2754 pene
1405 2718 1524 2746 codices.
1551 2705 1648 2749 ‘Pauci,

875 2763 967 2780 νοιιεν.

874 2763 967 2790 χομεν.

875 2789 878 2790 ⁷
897 2789 953 2824 (72)
982 2789 1078 2816 Φιλία.
1106 2789 1214 2824 Septem
1235 2789 1332 2824 Regg.,
1354 2793 1415 2816 octo
1438 2789 1529 2822 Colb.,
1563 2789 1636 2815 Coisl

861 2825 962 2865 habent
986 2825 1122 2865 ὁμοδοξία,
1141 2824 1516 2865 hcconsensiouopiuionum:
1543 2833 1568 2865 ι.Δ
1588 2823 1649 2865 ipsc

858 2860 953 2928 gigas
974 2859 1104 2896 ex(“mm
1118 2859 1193 2896 φίλία
1219 2860 1247 2888 in
1263 2860 1305 2888 ed.
1323 2859 1397 2894 Bas.,
1418 2863 1445 2888 et
1461 2859 1571 2895 scripsit
1583 2859 1648 2895 ὀμο-

982 2789 1078 2816 Φιλία.
1106 2789 1214 2824 Septem
1235 2789 1332 2824 Regg.,
1354 2793 1415 2816 octo
1438 2788 1529 2822 Colb.,
1563 2787 1636 2815 Coisl
