3832 6394
171 344 250 401 ιεθ
1223 320 1480 380 ORATIO
1518 323 1585 382 Π.
1625 355 1651 367 -

1773 325 2241 391 Ρ()1.ΟΟΕΤΙΟΑ.

3226 334 3330 388 490

221 456 302 511 ιπν
333 449 430 505 Νῦν
468 444 522 498 δέ
563 443 668 496 είσί
700 459 842 506 τινες
882 444 930 495 οἱ
972 443 1064 496 καὶ
1094 443 1223 514 περὶ
1259 443 1468 515 μικρῶν
1518 446 1651 499 πολε¹

1843 447 2126 503 LXXXIII.
2168 449 2319 505 Nunc
2340 458 2520 505 autem
2550 448 2789 504 nonnulli
2818 457 2964 515 sunt,
2998 449 3087 518 qui
3113 449 3179 503 de
3204 464 3332 519 par-

167 549 363 624 μοῦντες,
394 537 475 592 καὶ
505 536 583 597 εἰς
615 534 765 588 οὐδὲν
801 535 1010 605 ὄφελος,
1043 536 1135 590 καὶ
1166 538 1471 600 κοινωνοὺς,
1508 537 1667 602 ὅσους

161 642 213 697 ἂν
237 638 477 693 δύνωνται,
508 626 603 680 τοῦ
629 626 799 680 κακοῦ
834 627 1358 698 προσλαμϐάνοντες,
1383 628 1501 682 λίαν
1524 630 1667 699 ἀμα-

162 735 245 796 0(7);
270 727 349 783 καὶ
376 721 625 795 θρασέως.
662 716 797 775 Εἶτα
830 721 940 792 (89)
972 722 1063 774 ἐπὶ
1095 724 1316 794 πᾶσινή
1348 722 1546 788 πίστις,
1573 725 1665 778 καὶ

154 822 277 877 τοῦτο
313 816 365 869 τὸ
402 811 586 882 σεμνὸν
631 810 799 882 ὃνομα
850 811 959 883 (90)
997 816 1116 876 ταῖς
1163 814 1319 878 ίδίαις
1357 816 1535 869 αὐτῶν
1574 834 1663 886 φι-

155 912 391 973 λονεικίαις
426 907 886 978 παρασυρόμενον.
926 910 1019 962 Ἐκ
1050 909 1106 963 δὲ
1132 910 1356 975 τούτων,
1388 912 1464 975 ὡς
1501 913 1563 967 τὸ
1592 914 1664 966 εί-

149 1004 238 1068 κδς,
260 997 534 1072 μισούμεθα
563 997 659 1068 μὲν
692 998 750 1049 ὲν
784 1000 892 1062 τοῖς
916 997 1112 1063 ἔθνεσι,
1147 999 1242 1053 κα).
1273 999 1301 1052 ὂ
1332 999 1522 1053 τούτου
1558 1019 1658 1072 χαο

149 1094 423 1158 λεπώτερον,
450 1088 568 1143 οὐδὲ
605 1091 775 1141 εἰπεῖν
805 1088 1017 1161 ἔχομεν,
1057 1091 1132 1155 ὡς
1163 1093 1222 1145 ού
1255 1091 1473 1156 δικαίως
1493 1110 1505 1123 ’
1545 1094 1658 1147 δια-

145 1181 408 1254 ϐεϐλήμεθα
432 1178 485 1233 δὲ
514 1177 737 1232 καὶτῶν
762 1179 1046 1251 ἡμετέρων
1076 1184 1189 1245 τοῖς
1209 1183 1656 1253 ἐπιεικεστέροις-

145 1276 265 1328 ούόὲν
294 1270 726 1343 γὰρ-θαυμαστὸν
750 1274 799 1325 εἰ
822 1275 934 1337 τοῖς
969 1271 1227 1338 πλείοσιν,
1252 1274 1301 1327 οἳ
1325 1274 1475 1345 μόλις
1511 1278 1576 1331 ἄν
1607 1294 1659 1329 τι

144 1364 329 1421 καὶτῶν
351 1362 525 1416 καλῶν
552 1362 894 1433 ἀποδέχοιπο
921 1365 1053 1433 (91).

190 1633 274 1685 IIA'
307 1627 645 1682 Τεκταίνουσι
684 1628 741 1680 δὲ
787 1629 878 1681 ἐπὶ
919 1629 1027 1683 τῶν
1068 1630 1251 1685 νώτων
1283 1632 1393 1703 (92)
1418 1635 1570 1705 ἡμῶν
1608 1637 1655 1689 oi

138 1721 432 1796 ἁμαρτωλοίο
468 1721 563 1773 καὶ
604 1719 639 1773 ἃ
677 1721 797 1773 κατ’
836 1720 1079 1792 ἀλλήλων
1115 1724 1455 1796 ἐπινοοῦμεν,
1517 1728 1658 1782 κατὰ

1774 540 1853 595 vis
1883 540 2042 594 etiam
2074 543 2233 596 rebus
2257 582 2272 608 ,
2314 558 2412 597 nec
2439 541 2728 611 quidquam
2780 542 3025 596 utilitatis
3058 538 3333 596 alfercnti-

1772 631 1890 695 hus,
1926 631 2301 701 digladientur,
2333 636 2616 704 sociosque
2653 635 2802 700 mali,
2825 648 3173 705 quoscunque
3197 638 3358 703 pos-'

1771 723 1896 791 sint,
1933 728 2215 781 admodum
2245 729 2489 799 imperite
2520 743 2584 783 ac
2620 737 2822 783 temere
2851 727 3140 782 asciscant.
3168 725 3331 781 Post-

1770 828 1939 884 eaque
1964 816 2050 872 his
2080 821 2331 875 omnibus
2365 821 2499 877 fides
2535 821 2865 890 praetexitur,
2905 828 3065 888 atque
3085 829 3328 873 sanctum

1769 914 1825 958 et
1855 909 2213 963 venerandum
2252 910 2351 964 hoc
2391 925 2585 964 nomen
2636 909 2860 978 privatis
2891 922 3077 961 eorum
3107 917 3329 962 conten.

1771 998 2004 1054 tionibus
2033 999 2371 1056 distrahitur.
2406 1002 2485 1056 Ac
2514 1001 2739 1071 proinde
2759 1040 2773 1063 ,
2815 1008 2874 1054 ut
2904 1007 3325 1054 consentaneum

1768 1097 1870 1151 est,
1911 1087 2037 1142 odio
2062 1089 2275 1157 quidem
2310 1090 2451 1159 apud
2490 1100 2679 1159 gentes
2730 1089 3041 1159 flagramus,
3075 1091 3328 1158 quodque

1767 1178 1986 1247 gravius
2011 1190 2113 1244 est,
2143 1195 2361 1236 causam
2394 1181 2594 1236 nullam
2639 1182 2830 1236 allerre
2856 1182 3325 1251 possumus,quin

1760 1269 1882 1336 jure
1921 1285 1985 1325 ac
2008 1273 2219 1326 merito.
2246 1271 2399 1342 Apud
2425 1284 2641 1328 nostros
2672 1283 2848 1327 autem
2867 1311 2883 1335 ,
2913 1271 3075 1326 etiam
3109 1270 3329 1342 probio-

1767 1376 1855 1415 res
1900 1370 1953 1417 et
2018 1363 2310 1428 faciliores,
2365 1365 2586 1420 infamia
2640 1365 2964 1420 laboramus.
3017 1363 3133 1420 Non
3181 1365 3325 1419 enim

1766 1455 1984 1518 mirum,
2014 1455 2058 1511 si
2082 1457 2219 1515 apud
2250 1457 2668 1521 multitudinem,
2710 1473 2830 1527 qua:
2856 1458 2945 1510 vix
2968 1455 3170 1524 aliquid
3191 1456 3317 1511 boni

1764 1546 1926 1613 proba
1937 1547 2024 1599 rit.

1834 1633 2115 1690 LXXXIV.
2158 1639 2327 1708 Supra
2357 1640 2512 1695 dorsa
2550 1648 2732 1695 nostra
2776 1639 3042 1695 fabricant
3072 1648 3320 1709 peccato-

1762 1740 1850 1781 res
1875 1727 1921 1793 ",
1953 1738 2145 1800 etquae
2186 1732 2274 1784 alii
2304 1734 2355 1785 in
2388 1731 2520 1788 alios
2554 1733 2942 1802 cxcogitamus,
2975 1747 3038 1786 ea
3067 1732 3323 1787 adversus

136 1818 313 1870 πάντων
352 1812 531 1883 ιχουσι
552 1828 565 1843 ⁸
590 1814 702 1865 ’καὶ
726 1813 1025 1906 γεγόναμεν
1057 1815 1280 1889 θέατρον
1308 1820 1491 1873 καινὸν
1526 1822 1651 1889 (95),

1773 1832 1949 1876 omnes
1980 1821 2214 1877 habent:
2243 1838 2306 1878 ac
2339 1824 2701 1892 Spectaculum
2732 1839 2926 1878 novum
2962 1822 3087 1878 facti
3113 1837 3320 1887 sumus,

135 1907 211 1959 οὐκ
234 1904 462 1973 ἀγγέλοις
490 1901 586 1955 καὶ
614 1902 941 1974 ἀνθρώποις,
966 1899 1076 1959 οἷον
1100 1909 1128 1960 ὁ
1154 1910 1526 1976 γενναιότατος
1552 1912 1651 1965 τῶν

1773 1925 1867 1965 non
1900 1913 2103 1982 angelis
2126 1924 2183 1969 et
2207 1915 2511 1970 hominibus
2531 1918 2571 1979 “,
2600 1926 2655 1970 ut
2682 1916 2767 1970 ille
2793 1916 3115 1971 athletarum
3144 1914 3324 1970 fortis-

132 1997 336 2067 ἀθλητῶν
365 1995 474 2066 (94)
498 1995 731 2059 Παῦλος,
768 1996 905 2066 πρὸς
932 1997 1028 2061 τὰς
1061 1997 1233 2069 ἀρχὰς
1264 2001 1355 2053 καὶ
1383 2002 1480 2066 τὰς
1513 2002 1659 2067 ἐξου-

136 2091 226 2152 σίας
254 2086 660 2157 ἀγωνιζόμενος,
690 2087 826 2142 ἀλλὰ
851 2091 984 2143 πᾶσι
1018 2090 1214 2162 μικροῦ
1241 2095 1351 2152 τοῖς
1382 2100 1656 2166 πονηροῖς,

130 2183 201 2234 καὶ
223 2180 303 2233 ἐπὶ
327 2178 521 2242 παντὸς
550 2180 742 2252 καιροῦ
776 2181 869 2234 καὶ
900 2181 1088 2245 τόπου,
1116 2184 1174 2237 ὲν
1202 2185 1449 2257 ἀγοραῖς,
1473 2189 1529 2240 ὲν
1562 2190 1658 2241 πό-

130 2290 214 2335 τοις
233 2270 352 2341 (95),
380 2272 435 2323 ἐν
460 2270 841 2341 εὐφροσύναις,
874 2264 1223 2328 ἐν’πένθεσιν.
1262 2277 1399 2347 Ἤδη
1429 2279 1485 2331 δὲ
1522 2297 1657 2352 προ-

126 2364 319 2433 ήλθομεν
338 2362 428 2415 καὶ
453 2361 617 2433 μέχρι
642 2364 737 2432 τῆς
773 2366 996 2436 σκηνῆς,
1024 2365 1053 2417 ὃ
1079 2366 1274 2438 μικροῦ
1314 2369 1409 2421 καὶ
1438 2370 1658 2441 δακρύω

126 2454 260 2521 λέγων
293 2452 422 2523 (96),
461 2454 561 2505 καὶ
594 2452 734 2522 μετά
759 2453 865 2508 τῶν
898 2455 1306 2525 ἀσελγεστάτων
1336 2460 1620 2531 γελώμεθα
1640 2478 1653 2489 ⁸

122 2548 193 2600 καὶ
216 2547 351 2600 οὐδὲν
371 2545 514 2599 οὕτω
540 2546 768 2616 τερπνὸν
793 2546 900 2600 τῶν
927 2549 1286 2619 ἀκουσμάτων
1324 2553 1418 2605 καὶ
1454 2553 1658 2624 θεαμά-

122 2654 220 2701 των,
246 2637 315 2700 ὡς
348 2636 679 2708 Χριστιανὸς
700 2638 1149 2709 κωμῳδούμενος.

171 2728 259 2780 III-3'
294 2728 475 2781 Ταῦτα
525 2728 641 2797 (97)
681 2730 812 2800 ἡμῖν
844 2732 873 2784 ό
910 2730 1045 2802 πρὸς
1090 2731 1351 2803 ἀλλήλους
1389 2736 1653 2807 πόλεμος*

120 2820 256 2875 ταῦτα
285 2820 390 2891 (98)
423 2821 475 2873 oi.
518 2819 641 2873 λίαν
674 2821 815 2893 ὑπὲρ
846 2821 938 2875 τοῦ
976 2823 1181 2892 ἀγαθοῦ
1214 2826 1308 2878 καὶ
1339 2827 1514 2898 πράου
1553 2847 1655 2900 μα-

118 2914 293 2984 χόμενοι
312 2930 325 2944 ·
353 2912 529 2966 ταῦτα
568 2915 617 2966 οί
648 2914 808 2967 πλέον
845 2914 957 2983 (99)
986 2916 1305 2983 ἀγαπῶντες
1341 2918 1431 2971 τὸν
1459 2919 1588 2973 Θεὸν
1623 2921 1654 2992 ἢ

116 3007 210 3060 ὅσον
234 3005 521 3077 συμφέρεν
555 3006 651 3059 καὶ
678 3006 925 3061 παλαίειν
950 3008 1047 3077 μὲν
1075 3009 1175 3061 ούκ
1193 3009 1400 3074 ἔξεστιν
1420 3010 1523 3076 ἔξω
1550 3012 1657 3067 τῶν

116 3097 494 3168 νενομισμένων,
526 3097 640 3151 οὐδ’
669 3096 796 3152 ἄλλο
825 3114 878 3151 τι
907 3098 1298 3167 ἀγωνίζεσθαι·
1328 3102 1360 3172 ἢ
1398 3104 1659 3174 καταϐοή-

118 3206 235 3241 σεται
254 3190 325 3260 (l)
350 3190 446 3244 καὶ
478 3188 940 3261 ἀτιμασθήσεται,
980 3191 1074 3243 καὶ
1102 3191 1293 3245 ἀπολεῖ
1328 3192 1426 3264 τὴν
1447 3195 1603 3266 νίκην
1627 3199 1651 3249 ό

1773 3216 1865 3255 ton
1899 3201 2059 3268 licet;
2087 3215 2175 3258 aut
2211 3203 2408 3275 alioqui
2438 3206 2678 3259 omnium
2711 3206 3041 3261 clamoribus
3077 3207 3322 3277 exagita-
3418 3260 3421 3263 .

112 3281 381 3336 ὶκπαλαίων
392 3285 411 3349 (
415 3283 542 3354 2),1')
574 3280 701 3336 ἄλλο
721 3299 774 3335 τι
800 3280 874 3354 μὴ
896 3280 1076 3346 καλῶς
1094 3282 1508 3356 ἀγωνιζόμενος,
1529 3289 1661 3360 μηδὲ

112 3373 221 3425 κατὰ
249 3374 320 3442 (3)
359 3375 489 3437 τοὺς
530 3372 824 3443 κειμένους
852 3373 1133 3444 ὄρους“τῆς
1167 3375 1425 3442 ἀγωνίας,
1456 3378 1560 3431 κᾶν
1582 3380 1659 3449 (4)

110 3460 168 3513 ἇτι
188 3467 413 3530 γενναῖος
528 3463 633 3517 καὶ
668 3461 1093 3533 τεχνικώτατοςο
1134 3464 1272 3535 ὑπὲρ
1310 3466 1542 3535 Χριστοῦ
1580 3468 1657 3537 (5)

190 3556 491 3623 ἀγωνιεῖται
560 3572 648 3618 τις
695 3556 756 3609 ού
818 3555 957 3608 κατά
1009 3555 1264 3626 Χριστὸν,
1317 3555 1508 3612 ἔπειτα
1561 3577 1658 3630 χα-

107 3647 263 3713 ριεῖται
294 3645 365 3719 (6)
394 3649 461 3717 τῇ
498 3647 720 3717 εἰρήνῃ,
754 3645 1005 3716 πολεμῶν
1042 3646 1182 3717 ὑπὲρ
1229 3647 1399 3717 αὐτῆς
1444 3649 1519 3712 ὼς
1555 3652 1654 3703 οὐκ

106 3734 272 3802 ἐξεστις

154 4024 256 4090 ΠΤ
292 4026 404 4079 Καὶ
449 4027 502 4078 οἱ
544 4026 651 4096 μὲν
685 4023 935 4094 δαίμονες
980 4024 1289 4093 φρίττουσιν
1322 4024 1400 4085 είς
1439 4021 1517 4074 ἔτι
1560 4023 1653 4075 καὶ

100 4113 171 4165 νῦν
209 4115 439 4186 Χριστοῦ
501 4114 865 4185 καλουμένου,
904 4112 997 4165 καὶ
1017 4113 1136 4165 οὐδὲ
1179 4114 1282 4166 ὑπὸ
1334 4114 1430 4183 τῆς
1459 4113 1654 4174 κακίας

101 4207 223 4277 ἡμῶν
252 4208 500 4281 ἐξίτηλος
540 4208 768 4277 γέγονεν
800 4209 833 4278 ἡ
862 4206 956 4260 τοῦ
979 4207 1240 4277 ὀνόματος
1266 4207 1451 4260 τούτου
1498 4207 1655 4261 δύνα-

193 4324 325 4383 Psal.
356 4340 603 4390 cxxvm,
632 4324 687 4381 '5.

146 4462 241 4531 (89)
288 4462 455 4519 Εἶτα.
488 4464 625 4519 Bill.
659 4462 712 4515 in
766 4461 938 4530 prima
978 4460 1042 4513 ed
1103 4478 1120 4508 ‹
1159 4459 1349 4531 hisque
1399 4458 1645 4531 omnibus

93 4527 417 4599 postmodum.
456 4553 476 4586 ι
519 4534 669 4588 Elin
703 4527 836 4596 Elia,
874 4549 893 4582 ι
930 4534 1129 4597 et‘pOsl
1158 4527 1269 4599 haec
1293 4528 1535 4599 munia.)

148 4602 242 4675 (90)
273 4607 529 4675 Ὀνομα.
566 4603 800 4663 Nomen.
832 4621 849 4652 ‹
874 4600 995 4675 lidei
1016 4596 1038 4664 ,
1069 4616 1098 4675 ζ
1125 4598 1319 4675 velunt
1350 4596 1459 4675 vult
1480 4597 1640 4661 Elias,

94 4694 106 4721 ι
139 4666 447 4746 Christiani,
486 4695 508 4726 ›
544 4675 684 4746 dum
709 4688 768 4726 se
798 4671 1022 4746 quisque
1060 4666 1415 4746 Catholicum.
1441 4666 1603 4746 jactat
1627 4704 1641 4727 ,

92 4742 151 4793 vel
172 4745 317 4797 etiam
350 4765 370 4796 ‹
414 4745 656 4803 Christi,
697 4761 715 4793 ι
752 4735 1047 4795 ιη’άίεὸιτιε
1095 4754 1147 4789 n.
1188 4737 1274 4789 86.
1322 4735 1416 4790 Vel
1472 4737 1646 4804 potius

93 4829 114 4887 ¢_
135 4816 436 4881 sacerdotis,
479 4834 500 4867 ι
536 4814 701 4887 juxta
726 4827 877 4887 num.
909 4806 1390 4887 78,-idque_forsan
1419 4820 1644 4887 sequen-

87 4878 437 4951 tiapostulant,
477 4878 616 4939 cum
649 4883 715 4936 iis
758 4879 1143 4934 moderatiores
1191 4878 1356 4929 laicos
1386 4884 1639 4942 opponat.

93 4971 107 4997 ι
139 4950 261 5025 Istud
311 4970 446 5024 ergo
510 4968 718 5025 nomen
780 4951 1143 5025 distorquetur
1202 4960 1265 5025 ac
1319 4952 1645 5025 praepostere

91 5022 305 5089 trahitur,
337 5017 475 5078 fait
500 5023 727 5086 Comh.,
764 5038 782 5071 ί
825 5021 949 5073 (Ιιιιη
983 5018 1108 5089 illud
1142 5017 1495 5089 quisquesibi
1530 5017 1646 5066 vin-

86 5093 220 5153 dicat,
258 5086 501 5149 nominis
531 5086 1266 5163 ριόὺι-ο,καθυ6ριζόμενος,
1294 5093 1350 5139 ιιι
1373 5087 1484 5155 ipse
1502 5091 1645 5156 post-

86 5162 264 5234 modum
304 5161 623 5234 Gregorius
645 5161 897 5234 explicat.
938 5178 955 5209 ι

135 5232 229 5307 (91)
265 5224 737 5307 ᾲἈποδέχοιντοζ
772 5224 1436 5307 (1011),-[ηηάποδέχωνται.

264 5305 397 5358 Ἐπὶ
421 5295 554 5357 τῶλὶο
582 5300 809 5356 νώτων.
838 5297 999 5353 Coisl.
1038 5297 1088 5359 1,
1113 5295 1203 5370 τὸν
1229 5295 1410 5349 νῶτον.

132 5365 229 5443 (95)
263 5376 520 5430 Καινόν.
556 5374 732 5442 Regg.
763 5371 962 5440 plures,
1004 5365 1181 5419 κοινόν
1214 5382 1232 5415 ι
1262 5380 1573 5429 commune,
1621 5383 1640 5417 ›

79 5442 188 5507 Quod
218 5447 441 5508 prmfert
482 5444 688 5499 Comh.

132 5505 229 5581 194)
250 5516 373 5567 Τών
389 5511 712 5580 ἀθλητῶν.
732 5511 894 5581 Deest
914 5508 965 5562 in
987 5505 1118 5575 Reg.
1146 5505 1196 5581 1.

131 5573 225 5652 (95)
300 5586 406 5640 Ἐν
469 5573 712 5648 πότοις.
756 5580 963 5634 Habent
1001 5573 1244 5629 nonnulli
1274 5574 1477 5637 τόποις.
1541 5573 1647 5630 Sed

107 5667 148 5703 τί]
157 5668 226 5706 νε.

80 5665 228 5793 Ρῐῖθξ)
240 5726 516 5794 Δακρύω.
532 5724 577 5777 Α
589 5719 925 5794 Ιίἰδακρύων.
944 5718 1035 5794 Sic
1047 5714 1331 5786 Apostolus
1342 5713 1408 5769 ad
1422 5712 1552 5770 Phili
1560 5727 1646 5785 pp.

78 5789 248 5865 111,18,
278 5789 495 5849 κλαίων
520 5794 696 5861 λέγω,
732 5789 926 5844 (ηιξκιε
957 5789 1096 5841 dico.
1132 5803 1152 5835 ι
1489 5798 1503 5813 ε

367 5888 671 5947 ΡΑτιτοι..
708 5881 824 5942 Gn.
860 5875 1123 5940 XXXV.

1758 2001 1929 2057 simus
1968 2002 2196 2070 Paulus,
2232 2006 2491 2063 adversus
2537 2009 2867 2077 principatus
2905 2018 2959 2062 et
2986 2007 3323 2077 potestates'

1760 2103 2015 2162 certans;
2055 2098 2149 2151 sed
2200 2098 2449 2152 omnibus
2496 2101 2876 2168 propemodum
2931 2098 3208 2167 improbis.
3269 2106 3326 2151 et

1756 2187 1901 2240 omni
1939 2196 2178 2259 tempore
2210 2205 2273 2245 ac
2314 2191 2451 2258 loco,
2488 2193 2538 2246 in
2571 2192 2721 2253 foris.
2750 2193 2802 2245 iu
2833 2192 3115 2256 conviviis,
3151 2192 3203 2246 in
3230 2206 3321 2246 vo-

1756 2279 2071 2349 luptatibus,
2105 2285 2157 2337 in
2187 2285 2442 2341 luctibus.
2474 2285 2591 2340 Jam
2625 2298 2799 2341 autem
2821 2288 2983 2342 etiam
3011 2288 3076 2341 ad
3102 2302 3320 2342 scenam

1757 2386 1926 2440 usque
1958 2375 2278 2441 prodiimus,
2304 2379 2443 2446 quod
2478 2393 2611 2446 pene
2639 2379 2938 2450 lacrymans
2959 2379 3102 2444 dico,
3127 2387 3181 2432 et
3199 2394 3319 2433 cum

1757 2463 2198 2531 impudicissimis
2228 2468 2465 2523 ridemur
2496 2486 2512 2524 :
2549 2478 2647 2523 nec
2677 2470 2839 2523 ullum
2873 2478 2982 2523 tam
3020 2470 3317 2539 jucundqu

1757 2571 2030 2622 acroama.
2066 2569 2120 2612 et
2159 2561 2519 2628 spectaculum
2552 2570 2673 2623 est,
2710 2576 2869 2632 quam
2902 2577 3023 2616 cum
3059 2561 3320 2617 Christia-

1757 2662 1858 2702 nus
1882 2650 2103 2704 comicis
2121 2651 2326 2705 cavillis
2368 2653 2670 2707 incessitur.
3348 2702 3355 2705 ι

1828 2740 1932 2811 53
1975 2741 2233 2798 LXXXV.
2277 2744 2400 2800 llaec
2428 2747 2579 2801 nobis
2613 2747 2923 2802 intestinum
2955 2746 3149 2802 bellum
3179 2756 3322 2802 attu-

1755 2830 1819 2885 lit
1853 2850 1865 2886 :
1900 2833 2015 2889 haec
2047 2834 2079 2888 ii
2106 2835 2195 2904 qui
2226 2851 2323 2905 pro
2354 2837 2494 2891 bono
2524 2837 2613 2892 illo
2640 2847 2695 2893 et
2722 2846 3001 2893 mansueto
3036 2839 3321 2895 lmmodice

1755 2934 2027 2994 pugnant:
2066 2926 2176 2981 haec
2208 2927 2243 2981 ii
2276 2928 2364 2998 qui
2409 2930 2570 2984 Deum
2605 2929 2721 2999 plus
2754 2938 2959 2995 amant,
3001 2944 3161 3000 quam
3191 2930 3322 2986 utile

1755 3016 1842 3071 sit.
1871 3018 1932 3072 Et
1962 3020 2173 3088 quidem
2205 3030 2399 3091 praeter
2442 3037 2505 3077 ea
2541 3038 2659 3091 qua:
2688 3023 2890 3093 legibus
2922 3033 3122 3078 statuta
3151 3035 3272 3078 sunt
3299 3064 3315 3091 ,

1758 3107 1969 3175 luctari,
2010 3111 2092 3165 vel
2123 3112 2265 3165 aliud
2294 3114 2560 3183 quoddam
2594 3114 2902 3169 certaminis
2946 3128 3113 3183 genus
3162 3114 3314 3169 obire

1762 3292 1929 3360 hitur,
1960 3294 2358 3365 ignominiaque
2379 3296 2659 3363 afficietur,
2696 3313 2759 3353 ac
2792 3299 3034 3353 victOria:
3054 3299 3317 3369 iacturam

1760 3384 1943 3459 faciet,
1971 3388 2062 3456 qui
2094 3402 2372 3458 perperam
2395 3388 2627 3444 luctatus
2653 3389 2833 3456 fuerit,
2860 3398 2954 3443 aut
2982 3390 3125 3445 aliud
3151 3393 3320 3460 quod-

1759 3477 1881 3531 dam
1913 3481 2223 3535 certaminis
2255 3496 2423 3552 genus
2460 3498 2563 3536 non
2598 3492 2742 3537 recte
2784 3482 2980 3537 obierit
3003 3521 3017 3547 ,
3043 3497 3141 3538 nec
3162 3481 3318 3549 juxta

1759 3570 2079 3625 constitutas
2110 3573 2423 3629 certaminis
2454 3573 2698 3642 regulas,
2735 3572 3079 3642 quantumvis
3114 3573 3312 3642 alioqui

1759 3657 1914 3714 fortis
1944 3663 2034 3725 sit,
2066 3664 2302 3733 artisque
2332 3664 2723 3733 peritissimus:
2751 3678 2851 3734 pro
2873 3663 3089 3718 Christo
3108 3672 3311 3731 autem,

1760 3764 1864 3803 non
1906 3761 1961 3805 ut
2004 3752 2219 3809 Christo
2249 3764 2458 3822 gratum
2489 3766 2602 3816 est,
2647 3754 2910 3824 quispiam
2944 3753 3220 3824 pugnabit,
3254 3768 3317 3807 ac

1758 3841 1952 3897 deinde
1980 3855 2186 3913 gratum
2208 3849 2323 3916 paci
2359 3846 2539 3913 faciet,
2578 3863 2674 3916 pro
2695 3862 2782 3913 ea,
2804 3863 2913 3901 non
2948 3858 3003 3900 ut
3028 3846 3183 3909 licet,
3207 3844 3321 3901 bel-

1756 3932 1866 3986 lum
1897 3936 2125 4001 gerens?

1830 4021 2113 4079 LXXXVI.
2152 4027 2231 4079 Ac
2256 4027 2524 4081 daemones
2555 4027 2770 4095 quidem
2803 4028 3099 4085 etiamnum
3128 4041 3319 4097 vocato

1760 4110 1974 4168 Christo
2000 4116 2422 4170 contremiscunt
2447 4116 2513 4180 θ’,
2532 4131 2628 4171 nec
2650 4117 2719 4171 oh
2735 4126 2970 4171 nostram
3005 4119 3319 4188 improbita-
3386 4142 3395 4146 ·

1764 4213 1867 4256 tem
1898 4204 2056 4273 hujus
2109 4206 2343 4261 nominis
2376 4207 2458 4261 vis
2492 4207 2771 4262 imminuta
2809 4217 2863 4262 et
2902 4210 3166 4264 exstincta
3190 4220 3312 4266 est:

794 4322 815 4354 ⁸
844 4323 862 4377 1
894 4323 1019 4378 Cor.
1046 4338 1119 4389 ιν,
1140 4323 1192 4377 9.
1268 4325 1288 4355 ν
1313 4324 1511 4393 Ephes.
1545 4340 1618 4388 vr,
1652 4322 1736 4376 12.
1802 4324 1847 4353 "
1876 4321 1990 4376 Jac.
2026 4323 2196 4389 11,19.

1822 4458 1930 4529 (97)
1967 4460 2156 4513 Ταῦτα
2188 4460 2348 4529 ἡμῖν.
2376 4460 2561 4514 Comh.
2587 4457 2752 4512 Ταῦθ’
2780 4460 2930 4529 ἡμῖν.

1818 4528 1927 4597 (98)
1962 4530 2149 4583 Ταῦτα
2164 4528 2235 4586 ol.
2264 4530 2367 4583 Alii
2402 4530 2553 4583 ταῦθ’
2579 4531 2654 4582 οἱ.

1839 4598 1926 4663 99)
1949 4598 2160 4653 ludor.
2186 4601 2314 4663 Reg.
2344 4602 2451 4663 bm,
2484 4599 2682 4653 πλεῖον.

1839 4601 1926 4668 99)
1949 4601 2160 4653 Πλέον.
2186 4601 2258 4654 Re
2301 4638 2314 4653 .
2344 4602 2451 4663 bm,
2484 4601 2682 4653 πλεῖον.

1817 4601 2471 4742 (1)-Ἢ-καταόοτῗοήεται.
2500 4670 2733 4742 llegg.g,
2758 4668 2795 4735 1,
2814 4679 2863 4742 e_t
2887 4670 3038 4726 Colb.
3060 4672 3182 4742 m,ﬁ
3212 4669 3318 4742 γὰρ

1747 4737 2239 4811 καταϐληθήσεται.
2274 4740 2363 4795 Sic
2390 4740 2552 4811 etiam
2583 4737 2802 4811 videtur
2836 4740 3029 4811 legisse
3059 4737 3191 4795 Gali.
3227 4737 3315 4807 qu'i

1747 4809 1928 4870 vertit,
1968 4809 1987 4860 ‹
2027 4809 2358 4879 explodatur.
2401 4828 2419 4860 ι
2480 4809 2610 4863 Item
2657 4809 2822 4864 Coisl.
2878 4809 2932 4875 l',

1748 4893 1831 4931 ma
1841 4893 1917 4931 r2.

1819 4894 2330 5018 Ἐκπαλιιίωτκ
2364 4940 2551 5018 Comb-
2601 4960 2619 4992 ‘
2661 4941 2751 5018 ‘1".1
2792 4942 2945 5018 alim."
2982 4943 3217 5018 “0'3"”
3246 4963 3309 5000 ac

1747 5011 2092 5141 gymnasuca:
2127 5021 2269 5081 leges
2297 5012 2632 5080 permiJunt.
2672 5030 2690 5062 ι
2719 5011 2793 5064 Ita
2831 5013 3039 5079 Heins.,
3071 5013 3232 5081 Elias,
3258 5029 3312 5071 «ιι

1800 5089 1885 5141 ah.

1800 5089 1885 5141 ah.

1820 5158 1896 5226 (5)
1918 5152 2083 5222 Μηδὲ
2103 5150 2437 5226 κατάηΜιιΙε
2465 5152 2588 5205 Par.
2621 5152 2709 5205 ed.
2739 5162 2924 5205 contra
2953 5155 3193 5208 omnium
3227 5172 3317 5208 ro-

1750 5222 1925 5281 dicum
1959 5228 2135 5286 fidem,
2165 5222 2322 5293 μετὰ.

1820 5297 1897 5366 (4)
1931 5295 2056 5351 Κᾶν
2075 5289 2176 5346 ὅτι
2192 5289 2480 5362 γενναῖος.
2520 5289 2687 5361 Regg.
2708 5290 2958 5358 quinque,
2989 5291 3140 5347 Colb.
3184 5310 3316 5364 qua-

1750 5375 1891 5431 tuor,
1918 5369 1950 5419 ὁ
1982 5367 2243 5433 γενναῖος.

1821 5430 1898 5518 (5)
1976 5430 2154 5503 Ὑπὲρ
2208 5430 2482 5501 Χριστοῦ.
2516 5430 2683 5502 Regg.
2749 5447 2808 5497 n,
2875 5441 2930 5486 et
2993 5432 3102 5493 Jes.
3178 5435 3319 5507 ύτὲρ

1750 5508 1883 5561 Θεοῦ
1893 5546 1905 5559 .

1824 5578 1900 5649 (6)
1948 5574 2239 5644 Χαριεῖται
2272 5570 2603 5649 τῇεὶρήνῃ.
2641 5590 2661 5649 ς
2692 5572 2925 5649 gratum
2968 5572 3130 5649 faciet
3176 5576 3315 5645 paci.

1752 5640 2001 5709 llo'c'cst,
2031 5640 2052 5697 Β
2087 5648 2257 5714 inquit
2293 5643 2459 5709 Elias,
2505 5662 2523 5694 ι
2556 5640 2655 5712 ipsi
2685 5641 2921 5707 Christo,
2955 5644 3045 5712 qui
3074 5655 3157 5701 cst
3178 5640 3189 5645 ⁷
3211 5659 3317 5715 pax

1753 5729 1956 5772 nostra.
1994 5736 2011 5767 ι

2920 5869 2992 5927 16

2974 4820 3023 4867 et
3056 4811 3209 4866 Pass.
3261 4813 3312 4863 in
3394 4826 3397 4829 λ
