3832 6394
477 328 582 383 495

1671 323 1728 379 S.
1776 322 2102 380 GREGORII
2142 323 2488 381 THEOLOGI
3567 346 3647 406 496

484 447 764 502 consilium
805 446 981 516 potius
1023 459 1198 498 meum
1239 453 1293 496 ct
1337 445 1670 512 pruoetniam
1719 461 2032 515 magnOpere

2145 447 2233 500 καὶ
2282 447 2483 518 σφόδρα
2537 447 2794 516 ὲπαινῆτε
2842 447 2954 518 (58)
3021 448 3120 520 τῆς
3171 452 3489 523 προμηθείας
3539 462 3644 534 (39).

485 537 739 604 probetis.
782 535 954 589 Audio
982 533 1190 602 quidem
1226 548 1289 586 ex
1334 533 1448 602 ipso
1475 531 1636 597 Muse,
1669 549 1776 602 quo
1806 545 2043 603 tempore

484 627 627 682 Deus
659 625 757 694 ipsi
791 623 1003 677 oracula
1037 624 1246 689 edebat,
1271 623 1411 691 quod
1439 637 1558 677 cum
1582 625 1761 691 plures
1787 624 1853 676 ad
1889 639 2044 678 mon-

485 729 590 772 tem
631 715 787 771 acciti
829 713 1076 777 fuissent,
1129 713 1266 768 inter
1298 728 1433 783 quos
1481 714 1660 768 Aaron
1707 714 1870 768 etiam
1899 723 2039 780 erat,

484 809 691 864 duobus
731 806 872 871 ﬁliis,
907 806 1077 874 iisque
1118 805 1518 871 sacerdoubus,
1542 806 1846 871 comitatus,
1876 816 1930 862 et
1955 823 2042 862 se-

481 899 757 970 ptuaginta
790 892 1032 952 seniores
1061 912 1279 952 senatus
1306 897 1374 962 ³⁸,
1404 897 1584 952 caeteri
1609 897 1826 967 quidem
1853 913 2040 955 omnes

481 1011 509 1046 e
535 993 822 1061 longinquo
865 990 1092 1046 adorare
1118 991 1252 1061 jussi
1293 999 1440 1053 sunt,
1469 990 1642 1048 Moses
1683 1001 1860 1045 autem
1895 992 2040 1046 solus

482 1081 958 1154 appropinquavit,
1007 1082 1158 1151 plebs
1208 1096 1337 1136 vero
1386 1081 1541 1136 simul
1589 1097 1692 1136 non
1747 1083 2036 1136 ascendit:

485 1189 734 1242 tanquam
777 1173 1027 1228 videlicet
1063 1188 1170 1228 non
1206 1174 1443 1226 omnium
1485 1184 1628 1228 esset
1657 1173 1723 1227 ad
1750 1173 1914 1227 Deum
1942 1189 2039 1243 ap-

477 1268 851 1336 propinquare,
885 1265 978 1332 sed
1004 1279 1190 1318 eorum
1229 1263 1505 1331 duntaxat,
1530 1263 1620 1333 qui
1665 1263 1756 1316 Dei
1788 1263 2036 1334 gloriam,

478 1358 642 1412 hlosis
663 1357 852 1423 instar,
888 1370 1078 1423 capere
1102 1364 1340 1425 possent.
1369 1356 1544 1424 Atque
1572 1356 1734 1409 etiam
1753 1364 1878 1409 ante
1901 1356 2034 1420 haec,

480 1465 600 1503 eum
632 1449 858 1518 primum
889 1447 970 1501 lex
1004 1446 1255 1513 ferretur,
1285 1445 1419 1501 alios
1443 1446 1656 1516 quidem
1690 1446 1953 1508 buccinm,
1983 1455 2038 1500 et

479 1540 716 1609 fulgura,
741 1550 796 1593 et
821 1539 1074 1604 tonitrua,
1109 1549 1161 1592 et
1192 1538 1360 1608 caligo
1394 1553 1455 1592 ac
1499 1553 1657 1593 mons
1700 1546 1852 1614 lotus.
1889 1537 2036 1593 fumo

477 1631 851 1693 circumfusus,
883 1639 938 1685 et
984 1629 1263 1684 horrenda:
1302 1629 1456 1682 mina:
1485 1629 1550 1692 ³⁸,
1573 1629 1735 1682 etiam
1785 1614 1844 1682 si»
1877 1630 2035 1683 bestia

477 1733 699 1778 montem
735 1723 977 1792 tetigerit,
1017 1722 1278 1790 lapidibus
1329 1721 1643 1790 opprimetur
1668 1721 1734 1786 ‘°,
1755 1730 1914 1790 atque
1944 1721 2032 1774 alii

2157 539 2360 591 Ἀκούω
2389 540 2485 609 μὲν
2506 537 2667 591 αὑτοῦ
2703 538 2946 602 Μωσέως
2977 537 3109 610 (40),
3149 541 3310 612 ἡνίκα
3339 545 3647 619 ἐχρημάτιζεν

2143 629 2289 699 αὐτῷ
2314 633 2341 683 ό
2368 629 2517 719 Θεὸς,
2552 629 2653 719 ὅτι,
2693 629 2950 684 πλειόνων
2999 633 3079 695 είς
3119 631 3180 685 τὸ
3209 632 3331 704 ὄρος
3361 645 3649 719 προσκεκλη,

2144 721 2339 790 μένων,
2361 715 2434 773 ὧν
2468 715 2548 783 εἷς
2568 715 2634 790 ἦν
2657 721 2750 774 καὶ
2789 720 2995 792 Ἀαρὼν
3035 724 3131 776 σὺν
3159 727 3269 788 τοῖς
3300 729 3442 781 ’παισί⁵
3465 734 3560 797 τοῖς
3578 715 3652 792 δύο

2139 814 2251 875 τοῖς
2282 811 2506 883 ἱερεῦσι,
2531 813 2624 865 καὶ
2657 812 3026 884 ἑϐδομήκοντα
3052 814 3425 888 πρεσϐυτέρων
3462 823 3548 893 τῆς
3583 844 3653 895 γε.

2145 901 2362 971 ρουσίας
2392 901 2524 972 (41),
2560 903 2610 954 οί
2659 903 2754 974 μὲν
2797 902 2972 956 λοιποὶ
3015 907 3381 977 προσκυνῆσαι
3417 911 3653 984 πόρρωθεν

2140 990 2557 1062 ἐκελεύσθησαν,
2595 993 2809 1062 ἐγγίσαι
2834 993 2889 1046 δὲ
2921 995 3123 1066 Μωσῆς
3175 995 3351 1066 μόνος,
3383 1000 3440 1052 οὐ
3473 1017 3657 1060 συναναα

2141 1081 2296 1152 ϐῆναι
2319 1082 2376 1135 δὲ
2403 1084 2432 1136 ό
2465 1083 2592 1149 λαὸς
2623 1083 2698 1148 ὡς
2737 1085 2798 1137 οὐ
2824 1084 3040 1138 πάντων
3074 1085 3224 1150 δντος
3259 1086 3365 1158 (42)
3389 1089 3509 1144 Θεοῦ
3537 1097 3656 1162 γενέ.

2141 1173 2263 1226 σθαι
2293 1174 2541 1246 πλησίον,
2577 1174 2714 1247 πλὴν
2748 1175 2802 1229 εἷ
2829 1195 2912 1242 τις
2945 1178 3084 1232 κατὰ
3113 1179 3314 1233 Μωσέα
3343 1180 3467 1234 Θεοῦ
3505 1188 3656 1258 χωρῇ.

2141 1281 2228 1317 σαι
2269 1265 2425 1332 δόξαν
2455 1267 2782 1337 δυνάμενος’
2817 1269 2910 1323 καὶ
2942 1269 3022 1322 ἔτι
3055 1270 3160 1341 πρὸ
3207 1270 3407 1326 τούτων
3453 1275 3506 1326 ὲν
3541 1279 3654 1352 ἀρχῇ

2138 1357 2238 1427 τῆς
2287 1357 2624 1429 νομοθεσίας,
2671 1361 2797 1425 τοὺς
2850 1361 2947 1432 μὲν
2990 1361 3181 1427 ἄλλους
3229 1364 3546 1436 σάλπιγγες,
3587 1376 3660 1428 καὶ

2138 1450 2428 1520 ἀστραπαὶ,
2467 1452 2558 1505 καὶ¹
2597 1452 2834 1525 βρονταὶ,
2865 1455 2957 1508 καὶ
2982 1455 3197 1526 γνόφος,
3229 1457 3322 1510 καὶ
3349 1458 3462 1513 ὅλον
3503 1479 3660 1519 καπνι-

2137 1541 2358 1614 ζόμενον
2387 1546 2445 1600 τὸ
2468 1545 2610 1616 ὅρος,
2640 1548 2730 1601 καὶ
2764 1549 2982 1603 ἀπειλαὶ
3011 1550 3318 1624 φρικώδεις,
3349 1554 3461 1607 κᾶν
3489 1559 3663 1626 θηρίον

2136 1631 2268 1701 θίγῃ
2289 1634 2392 1688 τοῦ
2413 1634 2604 1702 ὄρους,
2623 1639 3176 1708 λιθοϐοληθήσεται,
3206 1645 3298 1695 καὶ
3323 1643 3454 1698 ἄλλα
3476 1650 3661 1705 τοιαῦτα

2134 1723 2359 1795 δείματα
2386 1726 2508 1798 ἵστη
2541 1729 2711 1793 κάτω,
2745 1731 2839 1784 καὶ
2880 1733 3020 1802 μέγα
3045 1729 3113 1805 ἦν
3145 1735 3346 1802 αὐτοῖς,
3387 1739 3543 1810 μόνης
3573 1742 3663 1812 (45)

477 1815 779 1886 huiusmodi
807 1826 1038 1869 terrores
1072 1813 1310 1868 inferiori
1343 1813 1458 1867 loco
1488 1813 1771 1877 sistebant,
1794 1813 2032 1904 abunde.-

2145 1819 2362 1873 ἀκοῦσαι
2396 1821 2494 1891 τῆς
2511 1821 2605 1875 τοῦ
2633 1822 2768 1876 Θεοῦ
2799 1825 3003 1895 φωνῆς,
3026 1823 3084 1881 εὖ
3114 1829 3256 1898 μάλα
3291 1831 3662 1904 ἁγνισαμένοις·

477 1925 582 1980 que
611 1907 841 1977 amplum
871 1907 1000 1974 ipsis
1030 1915 1143 1960 erat
1173 1904 1248 1959 vel
1278 1904 1445 1959 solam
1479 1904 1569 1957 Dei
1613 1917 1796 1957 vocem
1825 1877 2032 1967 audire,

478 2000 635 2066 idque
688 2011 808 2050 cum
835 1995 1072 2062 apprime
1119 1995 1323 2062 seipsos
1373 1991 1747 2062 puriﬁcassent
1798 2009 1813 2046 :
1861 1991 2035 2046 Moses

477 2098 731 2144 autemet
769 2087 1032 2152 ascendit,
1065 2096 1120 2139 et
1163 2082 1355 2139 nubem
1399 2082 1779 2155 ingreditur“,
1807 2092 1860 2137 et
1893 2083 2035 2153 leges

478 2197 540 2234 ac
566 2179 773 2234 tabulas
804 2178 1028 2247 accipit;
1051 2177 1206 2246 vulgo
1236 2177 1472 2245 quidem,
1494 2176 1681 2228 littera:
1707 2190 1721 2240 ;
1743 2174 1808 2228 iis
1833 2183 2032 2239 autem,

475 2273 563 2343 qui
592 2286 750 2340 supra
780 2270 968 2337 vulgus
1001 2279 1308 2338 assurgunt,
1344 2268 1565 2336 spiritus
1586 2267 1652 2318 δ’.

545 2365 722 2420 XCIII.
750 2363 922 2418 Audio
961 2364 1086 2417 item
1118 2362 1182 2416 de
1211 2360 1396 2415 Nadab
1422 2371 1476 2414 et
1518 2361 1716 2425 Abiud,
1747 2358 1888 2429 quod
1913 2374 2032 2414 cum

477 2458 647 2512 solum
683 2456 858 2510 alieno
885 2455 1006 2523 igne
1034 2455 1186 2507 litura
1219 2451 1593 2516 adolevissent,
1624 2450 1798 2505 alieno
1825 2465 2036 2520 quoque

478 2555 597 2620 igne
628 2548 884 2618 assumpti
937 2545 1220 2608 fuerint“,
1255 2559 1351 2612 per
1377 2543 1427 2597 id
1469 2543 1744 2606 nimirum,
1782 2557 1888 2612 quo
1931 2543 2034 2596 im-

478 2642 622 2711 piunt
661 2638 870 2693 facinus
899 2635 1006 2707 56
1038 2631 1638 2722 perpctt'arantnpuniti
1660 2671 1674 2694 ,
1707 2641 1864 2700 atque
1894 2630 2032 2685 idem

478 2729 628 2784 exitii
658 2727 799 2796 quod
848 2735 901 2780 et
943 2722 1254 2793 impietatis,
1291 2721 1500 2789 tempus
1529 2735 1594 2775 ac
1647 2721 1818 2774 locum
1870 2721 2032 2776 nacti.

477 2825 556 2876 Ac
584 2833 653 2875 ne
690 2827 842 2888 pater
869 2815 1082 2886 quidem
1128 2814 1328 2877 Aaron,
1362 2812 1448 2880 qui
1503 2811 1795 2866 secundum
1835 2810 2032 2866 Mosen:

481 2915 680 2983 primas
705 2910 846 2980 apud
881 2909 1044 2962 Deum
1099 2905 1395 2968 obtinebat,
1420 2904 1578 2958 saluti
1620 2904 1751 2972 ipsis
1793 2918 1913 2960 esse
1942 2919 2036 2974 po-

480 3006 598 3060 luit.
625 3002 762 3070 Quin
794 2999 920 3054 illud
950 3007 1283 3066 compertum
1322 2995 1514 3059 habeo,
1556 3003 1609 3050 et
1636 2993 1750 3048 Ileli
1781 2995 2034 3050 sacerdo-

479 3104 677 3164 tcnt,et
705 3091 990 3162 aliquando
1008 3099 1188 3160 postea
1214 3087 1379 3144 01am
1403 3103 1416 3150 ;
1450 3086 1593 3140 illum
1625 3087 1839 3156 quidem
1866 3085 2034 3141 scele-

2136 1910 2342 1980 Μωσῆς
2370 1911 2427 1964 δὲ
2453 1911 2547 1965 καὶ
2584 1913 2788 1979 ἄνεισι,
2831 1916 2924 1969 καὶ
2957 1917 3054 1987 τῆς
3083 1918 3311 1990 νεφέλης
3350 1922 3474 1974 εἴσω
3496 1927 3665 1995 χωρεῖ,

2135 2004 2227 2056 καὶ
2251 2003 2641 2074 νομοθετεῖται,
2671 2008 2765 2060 καὶ
2789 2007 3000 2079 δέχεται
3025 2010 3235 2075 πλάκας
3260 2030 3274 2043 °
3304 2016 3414 2077 τοῖς
3444 2016 3535 2084 μὲν
3559 2019 3665 2071 πολ-

2134 2092 2244 2157 λοῖς
2270 2094 2368 2157 τὰς
2399 2094 2492 2147 τοῦ
2531 2096 2874 2168 γράμματος,
2919 2103 3029 2164 τοῖς
3063 2100 3120 2154 δὲ
3162 2103 3302 2174 ὑπὲρ
3332 2107 3453 2170 τοὺς
3475 2108 3668 2175 πολλοὺς

2133 2187 2232 2250 τὰς
2257 2187 2350 2240 τοῦ
2376 2188 2703 2260 πνεύματος.

2205 2364 2300 2430 ιιΓ.
2347 2364 2551 2419 Ἀκούω
2581 2365 2637 2418 δὲ
2659 2367 2841 2420 Ναδὰϐ
2871 2371 2962 2423 καὶ
3003 2371 3231 2438 Ἀϐιοὺδ,
3260 2374 3363 2439 ὅτι,
3413 2375 3540 2449 ξένῳ
3563 2379 3670 2448 πυρὶ

2135 2454 2495 2526 θυμιάσαντες
2531 2457 2709 2528 μόνον,
2747 2458 2880 2532 ξένῳ
2913 2463 3024 2534 (44)
3059 2465 3152 2518 καὶ
3197 2467 3548 2542 ἀνηλώθησαν
3593 2490 3670 2526 κο-

2135 2545 2418 2612 λασθέντες
2467 2549 2532 2602 δι’
2561 2544 2635 2604 ὧν
2685 2553 2979 2625 ἠσέϐησαν,
3013 2557 3104 2609 καὶ
3135 2558 3225 2611 τὸν
3258 2559 3423 2615 αὑτὸν
3455 2563 3674 2634 εὑρόντες

2134 2637 2230 2707 τῆς
2255 2639 2548 2704 ἀπωλείας,
2578 2641 2636 2694 ὃν
2667 2644 2757 2696 καὶ
2794 2644 2892 2716 τῆς
2917 2645 3166 2712 ἀσεϐείας
3186 2651 3378 2720 καιρὸν
3403 2652 3496 2706 καὶ
3513 2654 3669 2708 τόπον·

2135 2730 2227 2782 καὶ
2246 2731 2364 2784 ούδὲ
2399 2732 2604 2804 Ἀαρὼν
2629 2735 2828 2805 ἤρκεσε
2864 2737 2998 2809 πρὸς
3034 2741 3304 2813 σωτηρίαν
3327 2745 3509 2807 αὐτοῖς
3533 2746 3560 2798 ό
3586 2763 3675 2799 πτι-

2133 2822 2255 2893 τὴρ,
2282 2824 2310 2874 ό
2339 2825 2578 2889 Μωσέως
2607 2827 2758 2898 παρὰ
2787 2827 2906 2900 Θεῷ
2933 2830 3202 2902 δεύτερος.
3243 2834 3501 2890 Γινώσκω
3523 2837 3573 2890 δὲ
3600 2840 3675 2892 καὶ

2147 2912 2292 2964 Ἠλεὶ
2326 2913 2436 2983 (45)
2463 2916 2552 2968 τὸν
2579 2917 2749 2988 ἱερέα,
2783 2920 2874 2972 καὶ
2903 2921 3098 2992 μικρὸν
3132 2921 3360 2996 ὕστερον
3400 2924 3574 2991 Ὀζᾶν,
3601 2928 3676 2980 τὸν

2136 3004 2235 3074 μὲν
2266 3006 2402 3076 ὑπὲρ
2434 3007 2532 3077 τῆς
2564 3010 2671 3062 τῶν
2697 3011 2898 3066 παίδων
2942 3016 3286 3086 παρανομίας
3335 3019 3676 3091 ἀπαιτηθέντα

2134 3095 2306 3166 δίκην,
2335 3099 2399 3168 ἣν
2431 3099 2670 3171 ἐτόλμων
2703 3103 2843 3156 κατά
2865 3103 2974 3157 τῶν
3010 3105 3207 3160 θυσιῶν
3236 3108 3346 3180 πρὸ
3375 3111 3563 3183 καιροῦ
3590 3113 3679 3164 τῶν

479 3189 552 3242 ris
588 3181 996 3252 filiorum,quod
1029 3181 1286 3235 adversus
1318 3177 1578 3232 sacrilicia
1605 3178 2030 3243 couunittebant,

2145 3167 2374 3259 λεϐήτων
2419 3167 2786 3266 ἀπαρχόμενοι
2815 3196 2947 3268 (46),
2990 3201 3083 3252 καὶ
3111 3167 3419 3258 ταῦταεούκ
3448 3167 3680 3276 ἀποῗεχιί-

470 3266 613 3333 ὐΙιιιε
641 3288 765 3332 ante
791 3286 998 3344 tempus
1033 3273 1348 3332 delibantes,
1387 3285 1575 3338 poenas
1605 3269 2036 3338 pependisse,id-

475 3388 578 3442 que
608 3385 728 3426 cum
751 3383 936 3424 eorum
961 3364 1286 3435 impietatem
1317 3379 1420 3418 non
1447 3363 1604 3418 modo
1634 3378 1737 3416 nou
1759 3363 2032 3431 probaret,

478 3465 571 3518 sed
602 3462 763 3518 etiam
795 3473 1030 3530 persaepe
1053 3458 1196 3527 ipsos
1212 3455 1549 3526 objurgassct
1568 3454 1646 3508 ιιι
1675 3455 1812 3508 Itunc
1831 3463 2033 3516 autem,

475 3556 617 3626 quod
647 3569 826 3609 arcam
857 3568 887 3606 a
933 3552 1068 3606 bove
1121 3550 1432 3605 distractam
1469 3546 1838 3602 tantummodo
1863 3545 2037 3601 conti-

477 3651 662 3719 gisset,
693 3661 812 3702 eam
851 3643 1064 3713 quidem
1099 3655 1363 3704 servasse,
1384 3640 1554 3708 ipsum
1583 3648 1758 3692 autem
1789 3639 2034 3706 periisse,

479 3741 587 3795 Deo
625 3738 879 3792 nimirum
927 3735 1029 3789 bac
1080 3733 1288 3791 ratione
1346 3747 1484 3785 arcae
1544 3745 1652 3784 sua:
1705 3731 2033 3784 venerationi

475 3829 786 3885 consulente
801 3829 868 3880 ”.

547 3921 728 3976 XCIV.
776 3918 910 3973 Illud
945 3917 1166 3985 insuper
1193 3914 1326 3981 scio,
1371 3928 1437 3968 ne
1488 3927 1770 3983 corporum
1819 3912 2034 3980 quidem

475 4013 623 4067 labes
651 4012 704 4064 in
728 4007 1117 4070 sacerdotibus,
1149 4015 1239 4060 aut
1271 4004 1587 4070 sacriﬁciis,
1624 4019 1654 4057 a
1688 4019 1913 4059 censura
1937 4005 2036 4058 iut-

480 4117 669 4156 tuunes
701 4100 993 4165 exstitisse,
1013 4112 1199 4152 verum
1223 4095 1428 4166 legibus
1447 4095 1520 4149 ita
1553 4094 1818 4149 sancitum
1846 4092 2033 4161 luisse,

475 4204 533 4246 ut
588 4191 810 4262 perfecti
859 4189 1095 4260 perlecta
1125 4185 1442 4244 oﬂerrcnt“
1464 4226 1479 4250 ,
1506 4187 1573 4241 ad
1604 4185 2030 4256 signiﬁcandam,

474 4295 533 4338 ut
569 4285 778 4355 opinor,
830 4283 1022 4336 animae
1064 4282 1446 4350 integritatem.
1488 4278 1597 4332 Nec
1645 4277 2028 4333 sacerdotalem

473 4375 687 4440 stolam,
717 4384 810 4428 aut
834 4389 930 4430 vas
975 4373 1190 4443 aliquod
1221 4386 1437 4427 sacrum
1469 4369 1638 4425 cuivis
1679 4369 1938 4437 attingere
1967 4368 2030 4422 Ii-

473 4467 666 4521 cuisse.
714 4467 823 4524 Nec
868 4465 1134 4521 sacriﬁcia
1184 4465 1296 4534 ipsa
1355 4478 1383 4516 a
1417 4462 1630 4532 quibus,
1668 4469 1722 4514 et
1757 4477 1862 4530 quo
1893 4469 2026 4515 tem-

2139 3295 2297 3347 μενον
2329 3280 2504 3334 αὐτῶν
2525 3283 2621 3355 τὴν
2649 3285 2920 3351 ἀσέϐειαν,
2950 3286 3085 3341 ἀλλά
3107 3288 3276 3342 πολλά
3301 3292 3324 3361 (
3329 3291 3424 3364 47)
3453 3290 3682 3357 πολλάκις

2137 3371 2563 3443 ἐπιτιμήσαντα·
2620 3377 2708 3430 τὸν
2759 3377 2836 3442 δὲ,
2888 3379 2999 3445 ὅτι,
3055 3380 3265 3451 ψαύσας
3315 3384 3421 3456 τῆς
3470 3384 3680 3438 κιϐωτοῦ

2139 3465 2294 3534 μόνον
2315 3468 2772 3541 περισπασθείσης
2806 3470 2914 3540 (48)
2941 3472 3046 3526 ὑπὸ
3071 3473 3164 3526 τοῦ
3198 3476 3431 3548 μόσχου,
3461 3479 3557 3550 τὴν
3600 3479 3683 3548 μὲν

2136 3558 2522 3628 περιεσώσατο,
2580 3562 2738 3626 αὑτὸς
2790 3563 2845 3616 δὲ
2877 3564 3141 3634 ἀπώλετο,
3191 3567 3558 3638 φυλάσσοντος
3603 3570 3682 3623 τοῦ

2135 3649 2268 3701 (θεοῦ
2302 3652 2366 3720 τῇ
2403 3651 2616 3723 κιϐωτῷ
2649 3654 2710 3706 τὸ
2736 3654 3045 3726 σεϐάσμιον.

2205 3921 2293 3984 ιιΔν
2309 3917 2435 3972 Οἶδα
2454 3921 2498 3974 δ’
2512 3921 2683 3990 ἔγωγε
2716 3923 2848 3994 μηδὲ
2873 3925 2996 3988 τοὺς
3022 3926 3078 3978 ὲν
3100 3929 3212 3990 τοῖς
3235 3927 3462 4001 σώμασι
3486 3933 3689 4005 μώμους

2131 4006 2239 4059 τῶν
2271 4011 2482 4081 ἱερέων,
2508 4013 2540 4083 ἢ
2567 4013 2673 4066 τῶν
2701 4013 2954 4085 θυμάτων
2979 4015 3376 4086 ἀνεξετάστους
3427 4023 3689 4095 μένοντας,

2131 4097 2267 4150 ἀλλά
2279 4099 2513 4166 τελείους
2529 4102 2705 4156 τέλεια
2729 4106 3019 4176 προσάγειν
3040 4107 3150 4179 (49)
3170 4113 3562 4184 νενομισμένον
3574 4114 3688 4183 (50),

2132 4188 2415 4260 σύμϐολον,
2442 4188 2612 4264 οἶμαι,
2641 4195 2796 4250 τοῦτο
2827 4197 2924 4269 τῆς
2957 4199 3097 4253 κατά
3123 4200 3300 4274 ψυχὴν
3343 4204 3654 4276 ἀρτιότητος
3674 4218 3686 4233 °

2133 4283 2265 4354 μηδὲ
2327 4286 2512 4358 στολῆς
2571 4289 2668 4360 τῆς
2717 4290 3078 4363 ίερατικῆς,ἢ
3125 4296 3358 4361 σκεύους
3407 4299 3555 4362 τινὸς
3597 4297 3693 4352 τῶν

2129 4374 2298 4443 ἁγίων
2329 4377 2521 4446 ψαύειν
2576 4382 2736 4434 παντὶ
2785 4382 3000 4455 θεμιτὸν
3055 4384 3114 4439 δν
3139 4401 3153 4414 '
3206 4388 3342 4461 μηδὲ
3375 4390 3480 4455 τὰς
3518 4391 3692 4453 θυσίας

2129 4466 2318 4530 αύτάς,
2351 4469 2440 4539 ὑφ’
2471 4464 2566 4533 ὧν,
2597 4472 2692 4525 καὶ
2727 4474 2836 4539 ὅτε,
2865 4476 2960 4547 καὶ
3000 4470 3060 4530 οὗ
3093 4477 3167 4548 μὴ
3199 4479 3313 4549 (51)
3341 4482 3591 4552 καθῆκον
3615 4479 3692 4553 ἦν,

546 4561 589 4592 ³⁸
624 4560 1164 4635 Esod._xxtv,_I_-9._
1200 4559 1244 4592 ³⁸
1275 4557 1454 4635 Exod.
1487 4571 1598 4635 δικ,
1799 4555 1962 4611 Hebr.
1997 4574 2026 4635 ξι

2145 4561 2220 4616 18.
2261 4564 2342 4635 ηιξ
2375 4565 2540 4621 Exod.
2569 4583 2676 4632 nx,
2709 4567 2795 4633 12,
2825 4570 2923 4633 15;
2961 4569 3122 4626 Ιίνδτ.
3156 4589 3252 4635 xu,
3283 4575 3379 4632 20.
3462 4577 3505 4608 “
3540 4579 3693 4632 Exod.

471 4647 617 4698 xxtv,
671 4631 849 4685 1548.
956 4631 1002 4661 δ’
1043 4629 1082 4683 II
1125 4628 1245 4684 Cor.
1283 4645 1373 4690 III,
1424 4626 1542 4681 6-8.

542 4797 652 4868 (58)
693 4797 1023 4865 Ἐπαιήτε.
1058 4795 1191 4860 Jes.,
1219 4796 1368 4850 Colb.
1405 4811 1476 4857 tn,
1501 4797 1789 4851 ἐπαινεῖτε.

545 4865 655 4938 (59)
680 4869 1064 4937 Προμηθείας.
1097 4867 1190 4922 0r.
1222 4868 1358 4938 I,_et
1394 4867 1499 4920 duo
1531 4869 1661 4938 Reg.
1691 4865 2020 4938 προθυμίας,

471 4937 528 4991 lu
556 4935 737 4992 'Coisl.’
761 4935 811 5003 I,
840 4938 1066 5007 aliisque
1090 4935 1376 4998 nonnullis,
1395 4937 1664 5007 sequitur,
1701 4935 1906 5007 φράσω-
1931 4935 2024 5007 καὶ

473 5009 606 5080 πρὸς
627 5010 788 5080 ὑμᾶς,
819 5027 836 5059 ι
856 5003 1104 5080 indicare
1143 5007 1294 5080 vobis
1325 5003 1571 5080 debeo.__t
1600 5003 1854 5074 Agnoscit
1878 5003 2026 5058 Ruti-

472 5073 592 5140 nus,
627 5073 814 5146 recipit
844 5076 1058 5137 Comb.,
1081 5076 1282 5144 respuit
1317 5073 1640 5146 Gabrielius.

563 5148 651 5214 40)
687 5144 960 5212 Μωσέως.
999 5147 1122 5200 Mss.
1150 5146 1406 5214 Μωῦσῆς,
1442 5156 1495 5197 et
1521 5144 1815 5214 Μωυσέως.

563 5149 629 5201 40
687 5149 960 5212 Μωσέως.
999 5149 1122 5200 Mss.
1150 5149 1406 5214 Μωῦσῆς,
1442 5156 1495 5197 et
1521 5149 1815 5206 Μωῦσέως.

563 5149 652 5290 41)
673 5219 1100 5290 ,Πρεσὸυτέρων
1143 5214 1251 5282 τῆς
1273 5215 1602 5290 περουσίιῑς.
1626 5213 1787 5278 LXX,
1810 5232 1829 5266 ι
1860 5213 2026 5270 Senes

474 5285 908 5349 de'se'niuribus;
940 5307 959 5339 ι
997 5286 1136 5342 Oliv.
1165 5305 1182 5336 ι
1219 5301 1249 5339 e
1284 5285 1502 5338 Senatu.
1543 5304 1562 5336 ι

539 5356 647 5428 (42)
680 5360 762 5428 Οὐ
785 5427 788 5428 ν
809 5357 1053 5428 πάντων,
1082 5355 1270 5428 ὄντος.
1307 5354 1437 5428 Reg.
1464 5370 1515 5420 a,
1553 5356 1625 5428 οὐ⁸
1649 5355 1863 5428 πάντων
1895 5355 2020 5408 οἴων

467 5421 640 5500 ὄντων’
672 5427 827 5483 Θεοῦ.
864 5431 992 5500 lleg.
1046 5427 1082 5493 l,
1111 5426 1316 5500 πάντας
1353 5421 1462 5479 οἷόν
1505 5443 1563 5500 τε
1597 5425 1753 5500 Geor}.
1813 5425 1958 5500 Reg._
1983 5435 2021 5490 ι,

469 5498 670 5565 pariter
729 5501 898 5566 prima
943 5489 1132 5560 't'uanu,
1164 5504 1216 5550 et
1261 5496 1314 5550 in
1377 5498 1620 5566 margine
1652 5489 1763 5566 οἷόν
1810 5489 2023 5566 «asc?

469 5569 644 5620 cunila
706 5565 830 5621 vero
889 5584 1048 5622 manu
1105 5568 1230 5620 οἴων
1257 5584 1338 5620 τε.
1389 5565 1517 5636 Reg.
1552 5580 1601 5632 z,
1663 5565 1828 5630 ὅντως
1864 5565 2034 5632 Θεοῦ..

537 5637 646 5708 (45)
675 5639 896 5704 Μάνης.
922 5638 1054 5692 Tres
1080 5637 1233 5692 Coll).
1264 5637 1460 5708 μόνοις.

539 5706 649 5774 144)
679 5708 855 5773 Ξένῳ.
891 5708 1019 5774 Reg.
1053 5725 1103 5769 τι,
1137 5706 1322 5771 ξένως.

538 5777 646 5850 (45)
676 5777 781 5832 Kal
821 5779 1002 5833 Ἡλεί.
1045 5779 1101 5833 lu
1134 5779 1372 5850 pluribus
1407 5779 1557 5835 deest
1599 5777 1709 5832 καί.
1745 5775 1877 5846 Reg.
1910 5777 2022 5845 bm,

1654 4627 1699 4658 “
1730 4628 1854 4680 Lev.
1887 4643 1940 4688 χ,
1993 4629 2046 4690 τ,
2073 4629 2126 4683 2.

471 4704 517 4734 ⁸⁸
548 4703 716 4757 Levit.
750 4718 862 4766 ut,
888 4702 990 4767 l7;
1027 4716 1172 4764 χχιι,
1210 4699 1274 4754 l8
1312 4711 1366 4753 et
1415 4713 1527 4767 seq.
1559 4699 1752 4763 ;Dent.
1800 4713 1956 4762 ιινιιι,
1996 4699 2082 4754 15.

2064 4809 2106 4863 ι)
2134 4813 2178 4860 r,
2205 4796 2260 4849 δὲ
2292 4795 2424 4851 Ἦλί.
2450 4797 2611 4852 Gabr.
2656 4799 2776 4852 Ἠλε

2257 4632 2345 4686 “l
2378 4635 2508 4705 Reg.
2549 4653 2624 4702 tt,
2677 4632 2918 4705 I2,’ll,r
2956 4640 3040 4695 25.
3148 4643 3193 4674 ⁵⁵
3219 4632 3258 4699 Il
3315 4646 3460 4718 Reg.
3493 4663 3567 4713 vt,
3593 4648 3693 4705 6-8.

2201 4866 2771 4950 (κεϐλἌπαρχόμενοι.
2805 4871 2937 4944 Reg.
2967 4889 3014 4940 r,
3032 4874 3348 4946 ἁπτόμενοι.
3389 4897 3410 4930 ι
3457 4877 3696 4934 Caruiutn

2132 4948 2396 5006 prtttttttas
2430 4948 2821 5006 praeripienlcs.
2863 4960 2881 4992 ι

2201 5005 2351 5086 (47)..
2369 5005 2592 5062 Πολλά.
2636 5009 2796 5086 Deest
2850 5012 2907 5086 in_
2951 5011 3118 5086 Regg.
3176 5031 3223 5086 r.
3268 5025 3320 5086 ﬁt,
3374 5016 3495 5073 Jes.
3523 5027 3574 5071 et
3619 5019 3696 5071 ed.

2131 5076 2251 5199 illas.
2314 5076 2444 5148 Reg.
2497 5093 2624 5132 vero
2681 5079 2717 5143 I,
2770 5090 2824 5136 et
2869 5076 3096 5138 Conth
3119 5076 3316 5139 πολλὰ⁷
3353 5090 3457 5142 καὶ
3511 5087 3696 5140 πολλά-

2175 5199 2874 5358 Ξ(ἐξ)’Περιονπαονθιῖίσης.
2911 5221 3044 5296 Reg.
3077 5227 3116 5289 l,
3141 5235 3194 5281 et
3220 5226 3420 5283 Comb.
3449 5243 3702 5299 περιτρα-

2175 5326 2671 5440 Ῑὶὸἶῇροοςάπειν.
2691 5361 2781 5440 S_ic
2799 5364 2946 5440 Regii
2968 5367 3235 5440 undecim,
3254 5370 3563 5440 caeterique
3575 5380 3701 5435 pene

2127 5443 2322 5550 omnes!
2349 5431 2505 5484 codd.
2547 5432 2620 5484 Ita
2655 5434 2813 5488 etiam
2843 5431 2991 5490 Pass.
3016 5448 3120 5491 etc.
3152 5437 3205 5490 In
3227 5440 3315 5492 ed.
3362 5431 3500 5493 Par'.
3539 5431 3698 5508 προς-

2127 5515 2295 5551 αγαγε
2324 5516 2370 5551 ν.

2125 5515 2806 5707 Ξζζξῖἱῗὲζᾷεἴομισμένον.
2846 5594 2864 5626 ι
2893 5575 3188 5632 Sancitum.
3225 5596 3243 5630 ι
3272 5577 3499 5645 Billius,
3534 5594 3702 5630 «cotu-

2199 5708 2310 5790 (S'l)
2347 5711 2450 5762 Kal
2483 5706 2557 5790 οὗ
2600 5712 2706 5790 ly).
2763 5714 2852 5790 Sic
2881 5731 3010 5790 mss.
3065 5733 3268 5783 omnes,
3323 5720 3380 5790 ip
3420 5735 3562 5789 aque
3587 5716 3695 5772 Bdii

2125 5783 2302 5834 versio
2333 5783 2583 5848 postulat.
2617 5783 2740 5837 Par.
2776 5785 2860 5838 ed.
2891 5788 2980 5838 καὶ
3002 5790 3060 5840 οὐ
3099 5789 3190 5861 μή.

2130 5305 2170 5340 π
