3776 6532
118 417 198 473 5M
1193 394 1448 449 ORATIO
1489 393 1552 447 Il.
1595 421 1662 431 —
1699 386 2194 444 APOLOGETICA.

3197 375 3300 430 5οἳ

116 527 224 585 Θεοῦ
239 521 543 595 παράταξιν,
572 519 734 590 μήπω
756 516 846 570 τὸν
871 517 915 568 Χ
924 530 1105 586 ριστου
1147 510 1375 582 σταυρὸν
1409 509 1482 572 ὡς
1505 507 1643 578 ἀνὴρ

1768 521 1830 557 ur
1857 504 1937 568 ﬂ;
1971 517 2072 557 nec
2101 502 2154 556 in
2190 501 2279 556 Dei
2307 499 2500 554 castris
2527 499 2897 560 recensentur,
2935 488 3170 545 nondum
3202 495 3310 545 ι1ιεο,

115 621 256 689 α’ρειν
268 614 570 682 δυνάμενος,
585 610 749 679 μήπω
767 606 898 678 μηδὲ
921 605 1029 677 (80)
1044 603 1170 657 ἄλλο
1182 621 1230 656 τι
1251 601 1410 672 μέλος
1420 600 1493 652 ὣν
1513 599 1641 661 ἴσως

114 712 200 764 τῶν
247 703 598 775 τιμιωτέρων.
635 700 826 752 ἔπειτα
887 699 966 760 εἰς
1017 694 1256 765 κεφαλὴν
1308 691 1644 758 καταστῆναι,

113 794 308 870 Χριστοῦ
347 790 712 861 πληρώματος
734 788 944 854 δέξεται
976 786 1183 857 χαίρων
1211 785 1304 836 καὶ
1331 781 1638 853 προθυμού-

114 903 271 962 μενοςς
305 886 415 937 Ούκ
444 882 633 952 ἔμοιγε
670 881 828 952 κριτῇ
870 877 964 932 καὶ
1019 875 1306 947 συμϐούλῳ
1352 873 1499 945 (81)⁶
1525 872 1637 925 ἀλλ’

112 976 233 1040 οὗτος
257 979 283 1030 δ
312 975 489 1044 φόϐων
521 972 794 1045 μέγιστος,
829 964 983 1033 οὗτος
1039 971 1067 1022 ὁ
1112 966 1368 1022 κινδύνων
1419 963 1641 1034 ἔσχατος

115 1068 244 1123 παντὶ
261 1066 331 1135 τῷ
358 1063 594 1117 συνιέντι
624 1064 717 1117 καὶ
737 1060 828 1115 τοῦ
842 1058 1276 1130 κατορθουμένου
1307 1058 1368 1111 τὸ
1392 1057 1639 1128 μέγεθος,

115 1161 187 1214 καὶ
209 1161 296 1228 τῆς
322 1155 647 1225 διαμαρτίας
677 1154 769 1207 τὸν
793 1151 912 1206 δλεθ
921 1169 1030 1219 ρον.

77 1487 84 1497 ,
165 1429 210 1481 P'
240 1426 419 1488 ’Δλλος
447 1425 547 1494 μὲν
573 1416 664 1475 οὖν
701 1418 905 1472 πλείτω
945 1415 1064 1469 κατ’
1109 1413 1401 1485 ἐμπορίαν,
1435 1411 1638 1479 ἔλεγον,

115 1521 185 1573 καὶ
211 1518 311 1588 (82)
341 1516 408 1569 τὰ
437 1514 631 1586 μακρὰ
655 1505 1087 1582 διαπεραιούσθω
1115 1506 1348 1576 πελάγη,
1381 1505 1475 1558 καὶ
1509 1519 1643 1572 συμ-

114 1607 320 1679 φερέσθω
344 1608 457 1668 τοῖς
485 1605 710 1674 ἀνέμοις
736 1600 824 1654 ἀεὶ
867 1599 961 1652 κα)⁹
1008 1599 1122 1660 τοῖς
1177 1596 1385 1667 κύμασι
1433 1593 1644 1665 μεγάλα

113 1699 184 1750 καὶ
205 1695 485 1766 κερδήσων,
508 1692 576 1746 ἂν
606 1692 747 1745 οὕτω
777 1691 934 1760 τύχῃ,
969 1688 1062 1742 καὶ
1088 1686 1466 1752 κινδυνεύσων,
1498 1686 1645 1747 ὅστις

114 1785 537 1848 πλευστικώτατος
573 1785 607 1857 ἢ
647 1782 1094 1856 ὲμπορικώτατος
1126 1781 1236 1851 (85)
1258 1797 1270 1809 ’
1315 1779 1436 1849 ἐμοὶ
1467 1778 1510 1831 δ’
1552 1774 1643 1831 οὖν

116 1875 427 1948 αἱρετώτερον
457 1847 553 1928 ἐπὶ
712 1847 955 1942 ἀνέχοντι
987 1870 1119 1940 (8-1),
1150 1847 1403 1938 βραχεῖαν
1434 1866 1642 1921 αὔλακα
1677 1847 1715 1902 Β

117 1970 323 2038 τέμνοντι
348 1967 440 2020 καὶ
467 1966 750 2034 γλυκεῖαν,
784 1961 1066 2034 πόρρωθεν
1092 1959 1455 2030 ἀσπαζομένῳ
1479 1958 1642 2030 κέρδη

117 2059 188 2110 καὶ
210 2059 488 2121 Θάλασσαν,
525 2056 627 2126 ζῇν
649 2054 819 2117 οὕτως
842 2055 988 2115 ὅπως
1011 2051 1074 2104 ἂν
1107 2051 1346 2120 δύνωμαι
1380 2051 1475 2103 σὺν
1493 2048 1643 2118 ὀλίγῃ

120 2151 190 2203 καὶ
220 2152 375 2224 μικρᾷ
411 2152 478 2220 τῇ
539 2147 724 2220 μάζῃ,
773 2145 866 2198 καὶ
908 2144 1019 2214 βίον
1059 2144 1238 2197 ἕλκειν
1299 2141 1511 2210 ἀσφαλῆ
1555 2141 1647 2192 καὶ

123 2242 385 2312 ἀκύμαντον
420 2240 560 2311 (85),
601 2240 634 2311 ἢ
669 2238 878 2310 μακρὸν
907 2237 1263 2308 ἀναρριπτεῖν
1289 2234 1397 2304 (86)
1427 2235 1518 2285 κα)⁵
1549 2232 1644 2303 μέ-

130 2311 304 2401 (αννὲπὶ
331 2333 590 2404 μεγάλοις
624 2330 836 2402 κέρδεσι
860 2328 1122 2381 κίνδυνον.
1159 2311 1163 2324 ’

173 2513 274 2567 PA’.
315 2509 532 2583 Ὑψηλῷ
569 2510 669 2581 μὲν
694 2507 800 2577 γὰρ
827 2504 994 2576 ζημία
1025 2503 1085 2555 τὸ
1117 2502 1189 2573 μὴ
1214 2502 1476 2570 ἐγχειρεῖν
1534 2499 1649 2569 μεί-

125 2603 227 2666 ζοει.
274 2603 398 2672 μηδὲ
452 2602 567 2672 (87)
600 2602 679 2663 εἰς
711 2599 929 2660 πλείους
961 2594 1244 2648 διατείνειν
1288 2590 1384 2661 τὴν
1418 2591 1613 2662 ἀρετὴν
1633 2632 1646 2653 ,

124 2695 208 2749 ἀλλ’
235 2696 315 2748 ἐπὶ
345 2695 557 2766 μικρῶν
585 2691 854 2754 ἵστασθαι,
883 2683 993 2742 οἷον
1031 2686 1248 2758 μεγάλῳ
1286 2685 1424 2753 φωτὶ
1460 2685 1650 2755 μικρὸν

127 2780 235 2838 οἷκον
245 2784 600 2856 αὐγάζοντα,ἥ
617 2782 886 2852 πανοπλίᾳ
899 2780 1114 2848 νεανικῇ
1130 2776 1286 2846 σῶμα
1300 2775 1544 2829 παιδικὸν
1559 2793 1650 2829 πε-

133 2878 420 2946 ιιπκέποντα·
431 2875 618 2948 μικρῴ
629 2875 684 2928 δὲ
697 2875 806 2943 (88)
821 2872 1087 2942 ἀσφάλεια
1104 2870 1271 2941 μικρὰ
1285 2869 1649 2940 φορτίζεσθαι,

131 2967 231 3022 ἀλλὰ
255 2967 339 3039 μὴ,
371 2971 482 3030 τοῖς
511 2967 654 3038 ὑπὲρ
684 2965 911 3034 δύναμιν
952 2961 1141 3020 ἑαυτὸν
1166 2959 1483 3014 ὑποτιθέντα
1516 2958 1650 3029 (89),

133 3058 296 3125 γέλωτά
321 3077 377 3112 τε
431 3057 781 3128 ὀφλισκάνειν
833 3053 988 3125 ὁμοῦ,
1031 3053 1124 3107 καὶ
1177 3052 1519 3122 προστιθέναι
1562 3051 1653 3102 τὸν

1743 596 1902 662 nique
1948 591 2152 646 Christi
2201 603 2416 644 crucem
2449 598 2702 656 tanquam
2738 583 2820 637 vir
2845 581 2986 636 ferre
3016 588 3214 648 queat,
3238 593 3300 630 ac

1741 698 1808 736 ne
1850 681 1993 735 aliud
2025 677 2291 748 quoddam
2341 678 2574 730 fortasse
2593 671 2952 742 .prazstantius
2995 669 3298 724 membrum

1743 775 1832 840 sit,
1859 773 1980 827 lxeto
2009 782 2186 826 tamen
2233 771 2503 838 alacrique
2540 770 2719 822 animo
2752 783 2810 823 se
2837 766 3148 822 Christiano
3189 775 3304 816 cre-

1743 867 1815 920 tui
1851 874 2012 933 caput
2042 863 2297 919 constitui
2329 863 2613 934 patietur?
2650 860 2762 914 Νοη
2813 860 3074 930 profecto,
3107 859 3149 911 si
3177 855 3299 926 qui-

1740 957 1860 1012 dem
1892 956 2117 1012 consilio
2144 970 2264 1008 meo
2311 970 2375 1009 ac
2400 955 2606 1022 judicio
2635 953 2886 1008 standum
2931 948 3161 1020 putabit.
3208 947 3303 1001 Est

1741 1049 1937 1118 quippe
1959 1048 2048 1101 hic
2080 1057 2263 1100 metus
2282 1046 2518 1100 omnium
2543 1044 2829 1108 maximus,
2871 1041 2975 1096 hoc
3007 1036 3300 1111 periculum

1742 1145 1980 1200 omnium
2015 1141 2430 1212 gravissimum,
2465 1140 2592 1194 huic
2643 1135 2857 1205 quidem
2895 1140 3042 1186 certe
3073 1170 3088 1196 ,
3122 1129 3212 1198 qui
3247 1137 3302 1180 et

1741 1248 1915 1303 operae
1947 1231 2203 1302 praeclare
2235 1238 2445 1283 navata:
2473 1223 2895 1290 magnitudinem
2921 1261 2937 1284 ,
2968 1230 3024 1273 et
3055 1219 3132 1273 rei
3161 1215 3300 1270 infe-

1743 1324 1917 1378 liciter
1946 1331 2109 1392 gestae
2133 1320 2424 1390 perniciem
2457 1314 2722 1382 intelligit.

1813 1413 1875 1466 C.
1909 1412 2060 1466 Alius
2091 1411 2274 1482 igitur,
2303 1420 2508 1462 mecum
2550 1405 2662 1479 ipse
2684 1400 2952 1462 dicebam,
2984 1404 3302 1450 mercatura:

1743 1518 1905 1557 causa
1935 1503 2166 1568 naviget,
2195 1509 2250 1552 et
2279 1497 2433 1566 longa
2458 1493 2626 1548 maria
2646 1476 2907 1558 'trajiciat,
2939 1498 2995 1542 et
3023 1501 3142 1541 cum
3170 1499 3298 1537 ven-

1744 1597 1812 1649 tis
1844 1609 1906 1648 ae
1934 1592 2182 1647 fluctibus
2202 1601 2461 1659 perpetuo
2485 1585 2758 1654 conﬂigat,
2803 1595 2992 1649 magna
3027 1578 3126 1631 .vel
3154 1577 3302 1633 lucra

1745 1688 2008 1748 facturus,
2041 1684 2084 1736 si
2115 1684 2184 1736 ita
2216 1696 2372 1736 casus
2393 1679 2594 1742 tulerit,
2619 1675 2703 1730 vel
2727 1672 2963 1744 pericula
3007 1669 3303 1730 subiturus,

1744 1779 1991 1848 quisquis
2046 1776 2305 1829 nimirum
2335 1773 2421 1826 vel
2471 1769 2754 1841 navigandi
2784 1766 3000 1838 peritia,
3030 1762 3111 1817 vel
3143 1774 3306 1831 nego-

1747 1870 1912 1922 tiandi
1950 1876 2067 1920 arte
2090 1865 2309 1920 excellit
2337 1883 2349 1918 :
2381 1864 2510 1917 mihi
2543 1877 2669 1916 vero
2697 1860 2874 1929 potius
2899 1866 3060 1925 atque
3093 1852 3307 1924 optabi-

1746 1962 1848 2014 lius
1877 1968 1958 2012 est
1988 2000 2004 2024 ,
2033 1959 2082 2012 in
2113 1967 2253 2010 terra
2284 1955 2536 2024 degenti,
2573 1961 2733 2020 atque
2755 1950 3003 2017 exiguum
3038 1960 3224 2000 arvum
3256 1953 3311 1999 et

1745 2053 1898 2107 dulce
1927 2049 2154 2104 sulcauti
2180 2088 2194 2111 ,
2220 2063 2283 2101 ac
2333 2046 2479 2100 lucra
2534 2055 2588 2098 et
2619 2057 2767 2096 mare
2798 2039 2981 2110 procul
3011 2037 3263 2093 salutanti
3291 2073 3308 2099 ,

1745 2145 1926 2198 vivere
1949 2153 2006 2195 ut
2032 2150 2216 2210 potero
2246 2153 2368 2192 cum
2400 2150 2570 2205 pauca
2608 2143 2658 2188 et
2689 2132 2879 2202 exigua
2913 2146 3085 2193 maza,
3119 2128 3309 2181 vitam-

1746 2250 1848 2305 que
1883 2244 2049 2289 tutam
2083 2243 2136 2286 et
2169 2226 2510 2297 tranquillam
2543 2225 2740 2278 ducere
2761 2261 2782 2286 ,,
2824 2236 2984 2291 quam
3020 2219 3089 2272 ob
3121 2219 3306 2285 ingen-

1750 2337 1830 2382 tes
1859 2335 2096 2394 quaestus
2140 2336 2304 2392 grave
2351 2333 2414 2373 ac
2459 2317 2766 2371 diuturnum
2810 2311 3104 2382 perieulum
3137 2310 3311 2364 susci-

1714 2457 1724 2469 .
1750 2431 1893 2487 pere.

1817 2505 1902 2561 Cl.
1937 2505 2144 2558 Etenim
2175 2498 2386 2557 sublimi
2412 2498 2626 2567 quidem
2653 2495 2768 2549 viro
2792 2493 3171 2548 detrimentum
3196 2498 3301 2552 est,

1751 2599 1860 2671 59
1891 2587 1977 2653 res
2003 2608 2222 2666 magnas
2250 2607 2354 2646 non
2381 2588 2621 2659 aggredi,
2657 2601 2754 2641 nec
2797 2585 3048 2638 virtutem
3083 2582 3148 2636 ad
3173 2579 3312 2633 mul-

1754 2701 1837 2744 tos
1869 2701 2164 2759 propagare
2190 2725 2203 2747 ,
2235 2685 2328 2738 sed
2359 2684 2413 2737 in
2442 2681 2621 2751 parvis
2647 2677 2945 2732 consistere
2971 2713 2986 2738 ,
3017 2688 3122 2727 non
3156 2685 3312 2726 secus

1750 2799 1817 2837 ac
1847 2783 1890 2837 si
1920 2795 2116 2849 magno
2161 2777 2361 2830 lumine
2391 2785 2612 2842 parvam
2665 2771 2879 2823 domum
2915 2765 3143 2818 illustret
3171 2803 3186 2827 ,
3222 2770 3315 2815 aut

1752 2875 1998 2930 virilibus
2030 2870 2197 2923 armis
2224 2865 2429 2937 puerile
2456 2876 2650 2930 corpus
2671 2861 2907 2930 ohtegat.
2932 2857 3107 2911 Parvo
3137 2864 3318 2909 autem

1753 2966 1899 3021 salus
1929 2965 1981 3017 in
2011 2978 2075 3016 eo
2102 2959 2346 3015 consistit
2373 2997 2388 3021 ,
2421 2967 2480 3009 ut
2521 2967 2748 3024 parvum
2797 2964 2934 3004 onus
2960 2949 3190 3013 subeat,
3222 2960 3320 2998 nec

1756 3057 1820 3111 iis
1852 3055 2008 3108 rebus
2033 3065 2154 3120 qua:
2180 3049 2322 3102 vires
2354 3046 2521 3116 ipsius
2544 3042 2846 3107 excedunt,
2882 3039 3118 3109 seipsum
3147 3036 3316 3105 subji—

135 3149 324 3203 κίνδυνον
342 3166 354 3180 ⁸
387 3153 583 3223 ὥσπερ
615 3167 679 3218 γε
705 3148 800 3204 καὶ
833 3146 1039 3215 πύργον
1067 3145 1363 3214 οἰκοδομεῖν
1388 3145 1486 3196 οὐκ
1514 3142 1652 3212 ἄλλῳ

1766 3146 1929 3206 ciens,
1968 3140 2124 3196 simul
2150 3148 2205 3192 et
2242 3138 2408 3190 risum
2440 3135 2675 3198 moieat,
2711 3139 2764 3184 et
2803 3129 3097 3198 periculum
3126 3125 3316 3192 adjun-

136 3241 214 3298 τινὶ
235 3242 490 3314 προσῆκεν
517 3240 631 3313 (90)
664 3240 698 3310 ἢ
719 3239 777 3304 ὃς
807 3239 921 3309 ἔχει
950 3235 1017 3290 τὰ
1043 3237 1180 3306 πρὸς
1202 3235 1562 3306 ἀπαρτισμὸν,
1581 3234 1656 3298 ὡς

137 3333 298 3400 ὴκούσα
305 3353 413 3405 μεν.

191 3594 288 3650 AB'.
325 3597 506 3666 Ἔχετε
549 3595 648 3665 τὴν
677 3593 966 3662 ἀπολογίαν
1009 3593 1106 3664 τὴν
1159 3595 1295 3663 ὑπὲρ
1329 3595 1424 3664 τῆς
1458 3595 1656 3665 φυγῆς,

145 3686 212 3738 καὶ
235 3686 344 3750 ἴσως
373 3688 431 3740 ού
469 3687 722 3758 μετρίαν.
758 3688 823 3738 Ἃ
853 3686 949 3756 μὲν
976 3681 1067 3740 οὖν
1100 3703 1164 3756 με
1213 3687 1304 3754 ἀφ’
1332 3687 1483 3756 ὑμῶν
1513 3688 1657 3757 ἀπή-

145 3791 288 3846 γαγεν,
330 3775 371 3834 ὦ
411 3781 558 3850 φίλοι
609 3780 704 3831 κα)¹
739 3778 974 3846 ἀδελφοὶ,
1005 3777 1259 3849 λυπηρῶς
1301 3780 1397 3848 μὲν
1423 3780 1540 3848 ἐμοὶ
1567 3781 1660 3832 καὶ

148 3871 241 3941 ὑμῖν
266 3876 398 3938 ῑσως,
447 3872 763 3940 ἀναγκαίως
790 3871 832 3924 δ’
877 3867 991 3935 οὖν,
1020 3871 1094 3934 ὼς
1125 3870 1251 3939 γοῦν
1279 3871 1498 3942 ἐμαυτῷ
1540 3873 1660 3925 τότε

149 3964 336 4032 ἐδόκουν,
367 3968 540 4022 ταῦτα
557 3965 1063 4036 ἑστιν-ἐπανήγαγε
1096 3964 1151 4016 δέ
1177 3981 1242 4034 με
1279 3964 1392 4034 (91)
1431 3965 1662 4036 μάλιστα

153 4057 256 4123 μὲνὸ
279 4061 398 4131 πρὸς
426 4062 574 4131 ὑμᾶς
608 4058 791 4122 πόθος,
822 4057 913 4110 καὶ
939 4056 1000 4108 τὸ
1022 4054 1447 4108 ἀντιποθούντων
1477 4057 1663 4109 αἰσθάε

152 4148 321 4203 ιιεσθαι⁸
361 4153 506 4208 οὐδὲν
536 4153 647 4223 γὰρ
677 4150 849 4212 οὕτως
877 4148 1092 4219 ἰσχυρὸν
1127 4148 1261 4219 πρὸς
1306 4149 1543 4218 ἀγάπην,
1589 4149 1664 4213 ὡς

155 4236 460 4313 ἀντιδιδομένη
483 4242 752 4305 διάθεσις·

1761 3246 1866 3305 gat.
1892 3228 2347 3300 Quemadmodum
2378 3223 2585 3279 scilicet
2610 3235 2707 3275 nec
2734 3220 2822 3274 alii
2851 3218 3097 3288 cuiquam
3127 3216 3318 3270 turrim

1758 3326 2024 3379 :edilicare
2056 3317 2308 3374 convenit
2340 3312 2408 3379 ⁷⁸,
2440 3326 2602 3383 quam
2653 3310 2702 3363 ei
2736 3309 2825 3380 qui
2871 3323 2932 3363 ea
2977 3307 3171 3362 habeat
3201 3319 3321 3374 qua:

1759 3416 1823 3470 ad
1864 3410 2248 3482 perficiendum
2281 3404 2650 3474 requiruntur,
2691 3410 2751 3454 ut
2776 3415 2841 3454 ex
2870 3398 3144 3468 Scriptura
3170 3397 3326 3450 audi-

1759 3521 1954 3562 νιιιιυε.

1973 3594 2194 3650 Habetis
2226 3600 2465 3647 nostram
2509 3590 2574 3645 de
2622 3587 2744 3656 fuga
2803 3556 3200 3654 purgationem,
3259 3594 3324 3630 ac

1763 3691 2001 3747 fortasse
2034 3687 2154 3756 plus
2188 3699 2342 3753 aequo
2369 3680 2654 3749 prolixam.
2679 3676 2804 3731 Haec
2837 3682 2983 3738 sunt,
3019 3687 3051 3727 o
3081 3669 3239 3724 amici
3272 3677 3327 3722 et

1763 3784 1960 3838 fratres
1986 3823 2001 3846 ,
2034 3793 2156 3849 quae
2180 3790 2266 3830 me
2291 3817 2306 3840 ,
2341 3774 2470 3828 mihi
2501 3771 2720 3842 quidem
2772 3765 3000 3821 moleste
3025 3804 3041 3829 ,
3076 3777 3140 3818 ac
3168 3761 3326 3816 vobis

1763 3876 1926 3930 etiam
1963 3872 2193 3926 fortasse
2223 3907 2240 3933 ,
2267 3865 2362 3921 sed
2419 3875 2599 3918 tamen
2637 3857 2942 3915 necessario
2974 3895 2989 3920 ,
3045 3863 3104 3908 ut
3135 3852 3327 3908 saltem

1763 3965 1896 4022 mihi
1931 3974 2042 4017 tum
2081 3957 2343 4030 temporis
2373 3955 2682 4019 videbatur,
2711 3967 2741 4005 a
2775 3947 2929 4003 vobis
2963 3944 3326 3999 abduxerunt.

1763 4057 1834 4111 At
1874 4068 2004 4108 vero
2035 4066 2120 4105 me
2146 4050 2212 4103 ad
2241 4047 2473 4103 reditum
2505 4041 2871 4112 impulerunt,
2923 4035 3159 4089 maxime
3206 4031 3330 4101 qui-

1763 4145 1886 4200 dem
1917 4141 2080 4199 vestri
2111 4137 2438 4194 desiderium
2461 4176 2475 4200 ,
2510 4142 2563 4188 et
2591 4130 2717 4200 quia
2744 4143 2840 4182 vos
2867 4135 3052 4180 mutuo
3087 4121 3191 4176 mei
3238 4122 3331 4174 de-

1766 4235 1967 4293 siderio
2029 4230 2201 4287 teneri
2246 4227 2541 4283 sentiebam
2582 4243 2595 4277 :
2644 4235 2818 4290 neque
2849 4219 2991 4273 enim
3033 4214 3331 4286 quidquam

1767 4329 1833 4382 ad
1867 4337 2102 4380 amorem
2136 4323 2210 4376 ita
2249 4319 2462 4374 ﬁrmum
2491 4332 2555 4371 ac
2588 4314 2870 4369 robustum
2894 4318 2999 4373 est,
3027 4315 3086 4361 ut
3113 4317 3333 4359 mutuus

1769 4417 2009 4474 affectus.

207 4505 301 4562 PF’.
335 4511 586 4583 Δεύτερον
616 4509 671 4562 δὲ
695 4510 728 4578 ἡ
764 4507 868 4579 ἐμὴ
902 4506 1139 4578 φροντὶς,
1175 4506 1233 4558 τὸ
1253 4505 1381 4575 ὲμὸν
1407 4506 1584 4577 ἔργον,

1837 4509 1966 4564 (3111.
1996 4505 2194 4562 Deinde
2221 4519 2336 4558 mea
2363 4503 2478 4556 haec
2501 4513 2629 4555 cura
2653 4536 2668 4561 ,
2703 4508 2854 4549 meus
2882 4491 2975 4546 hic
3009 4489 3180 4551 labor,
3231 4488 3336 4548 hoc

159 4597 236 4651 τῶν
254 4602 390 4673 laper
419 4603 620 4672 γονέων
646 4600 812 4662 ,πολιά
835 4601 928 4653 καὶ
951 4598 1221 4661 ἀσθένεια,
1247 4600 1331 4651 ἐπ’
1362 4599 1484 4668 ἐμοὶ
1507 4599 1664 4656 πλέον

161 4685 261 4758 ἢτῷ
284 4693 438 4762 χρόνῳ
463 4691 802 4762 καμνόντων,
840 4687 1087 4760 Ἀϐραὰμ
1112 4686 1262 4740 τοῦδε
1287 4688 1381 4741 τοῦ
1406 4677 1667 4760 πατριάρ-

162 4794 247 4846 χου,
271 4786 353 4853 τῆς
377 4784 562 4855 τιμίας
579 4782 702 4852 ἐμοὶ¹
726 4780 969 4850 κεφαλῆς
998 4781 1091 4833 κα)⁸
1121 4780 1236 4850 μετ’
1269 4780 1517 4848 ἀγγέλων
1552 4781 1663 4850 (92)

214 4913 248 4942 τ’
270 4912 404 4968 Num.
436 4933 473 4979 ι,
514 4916 566 4968 5.
657 4913 701 4941 '"'
729 4911 861 4966 Luc.
918 4927 1032 4975 Juv,
1060 4911 1149 4964 28.

217 5050 304 5122 (80)
326 5053 494 5120 Μηδέ.
533 5051 632 5104 Alii
653 5052 793 5122 μηδ’.

219 5103 306 5192 ζει)
324 5103 849 5192 ξιὲὶλέὸύλῳδιεέεε.
879 5135 922 5172 r.
959 5117 1116 5173 Addit
1145 5113 1442 5187 χρώμενος,
1462 5112 1553 5167 sed
1587 5127 1669 5166 re-

173 5191 347 5243 centiori
375 5191 549 5247 manu.

241 5257 312 5328 8‘2)
338 5264 454 5318 Kal.
493 5265 650 5317 Deest
671 5261 723 5314 in
757 5259 922 5328 Regg.
952 5267 991 5325 t,
1023 5274 1072 5320 Ζ,
1095 5264 1149 5310 et
1171 5254 1320 5328 Colb.
1346 5256 1398 5321 5,
1423 5270 1492 5308 m.

239 5321 310 5399 83)
336 5321 986 5394 Πλευιηίκώτιιτοςῖιαὶ⁷
1004 5324 1493 5399 νέμπορικῇὼτᾳτος.
1537 5322 1585 5375 Μ
1593 5321 1670 5375 al-

175 5392 252 5448 letn
278 5392 342 5454 sic
361 5406 614 5456 reddere:
669 5419 685 5451 ι
723 5392 1106 5468 Navigandi'et
1156 5392 1414 5468 faciendae
1456 5407 1668 5468 merca-

178 5472 276 5541 utne
295 5472 537 5525 desiderio
569 5465 884 5541 ﬂagrans}
925 5465 1580 5541 l‘lon_enim__de_peritis,
1615 5473 1672 5515 ut

178 5535 356 5604 videtur,
383 5543 469 5595 sed
497 5542 562 5596 de
593 5533 892 5596 teiuerariis
925 5536 1158 5604 loquitur
1176 5533 1506 5603 I‘heologus.

349 5611 655 5701 Ἁνέχοντι.
689 5609 924 5701 Οολὺκξὶι,
947 5607 1020 5701 av
1053 5605 1248 5701 ἔχρντιι.
1273 5604 1510 5701 ἑΙίνὶδίιιέ

181 5672 726 5807 ⁸1εἶξαιέἑιιῦλιιιντον.
763 5672 917 5735 Colb.
947 5678 1000 5742 h,
1037 5672 1130 5728 καὶ
1149 5672 1439 5729 ἀκίνδυνον.
1468 5672 1669 5729 Forsan

236 5813 322 5887 (8‘5)
356 5819 765 5893 Ἀναρῤιπτεῖν.
823 5819 973 5878 Coll).
1009 5834 1080 5888 m,
1127 5817 1177 5874 in
1234 5817 1494 5887 margine,
1548 5815 1669 5867 ἀνα-

1771 4613 1893 4666 est,
1924 4609 2228 4655 sanctorum
2287 4601 2568 4665 parentum
2617 4587 2851 4643 canities
2898 4592 2954 4637 et
3000 4579 3332 4641 infirmitas,

1773 4702 1890 4745 mea
1940 4703 2103 4742 causa
2141 4684 2309 4754 magis
2359 4695 2518 4751 quam
2568 4683 2849 4732 senectute
2874 4713 2890 4738 ,
2926 4668 3285 4724 laborantium
3317 4703 3333 4726 ,

1774 4779 1953 4848 hujus,
1981 4753 2562 4845 inquam,oatriarchae
2604 4762 2854 4828 Abrahae,
2887 4755 3178 4822 venerandi
3203 4753 3366 4822 mihi“

1774 5045 2088 5119 λαμϐάνειν.
2118 5041 2244 5119 _Se_d
2271 5039 2580 5119 primanvox
2633 5037 2910 5092 retinenda
2964 5043 3018 5089 et
3054 5031 3334 5097 vertenda,

1780 5135 1799 5168 ι
1829 5109 1914 5172 me
1939 5117 1990 5168 in
2022 5112 2311 5180 periculum
2337 5109 2626 5180 coniicere.
2663 5127 2680 5160 ι

1849 5187 1960 5255 (87)
1988 5179 2175 5255 Μηὸῖιέἓ
2202 5179 2388 5255 (ξοιῑιὶλ.
2423 5179 2564 5255 μηδ’.

1849 5248 1958 5322 (88)
1984 5248 2183 5322 Μικρῷ
2215 5249 2301 5322 δέ.
2331 5248 2520 5322 Cottii}.
2548 5248 2725 5322 μικρῷ
2751 5248 2793 5298 δ’

1985 5327 1996 5344 '
2013 5309 2387 5398 Υπόιξιθέντα.
2413 5309 2780 5398 εοωὺκιὶθέιιι,
2830 5315 3154 5398 ύποτιθέντα
3172 5309 3340 5383 χρεώ-

1778 5386 2264 5468 στὴνξεινετιίιιι
2289 5405 2405 5444 sese
2428 5389 2718 5468 obnoxium
2744 5388 2989 5468 l'aciatac
3019 5386 3286 5468 subjiciat.
3315 5400 3333 5432 ι

1847 5455 2356 5538 (90)--Προσῆκεκ
2429 5461 2559 5529 Ιὶθε.
2615 5461 2733 5522 bm,
2801 5467 2854 5511 et
2912 5455 3099 5512 Comb.
3167 5468 3340 5522 προσ-

1782 5536 1955 5610 ήκειν,
1976 5536 2091 5610 Non
2124 5536 2279 5610 male.

1853 5608 1961 5680 (91)
1995 5599 2445 5680 Ἐπῳηῖγαγεδέ
2465 5615 2559 5680 με.
2589 5615 2612 5680 ι¹
2633 5596 2712 5651 Me
2735 5605 2915 5680 autem
2956 5595 3338 5650 reduxerunt.)

1781 5669 1870 5734 Sic
1908 5669 2086 5741 plures
2113 5669 2245 5743 Reg.
2276 5669 2428 5743 codd.
2459 5672 2518 5743 _l_n
2548 5669 2634 5743 ed.
2660 5685 2739 5743 ps
2765 5669 2938 5743 dcest.

1850 5737 1958 5822 (9‘2)
1984 5748 2118 5801 Μετ’
2145 5737 2432 5813 ἀγγέων.
2457 5739 2576 5792 Ruf.
2601 5757 2616 5789 ι
2647 5737 2827 5808 Angeli
2845 5737 3015 5793 instar
3037 5745 3338 5806 aspectusa
