3776 6564
491 364 598 419 505
1696 368 1752 421 S.
1795 365 2119 423 GREGORII
2162 364 2507 421 THEOLOGI
3627 364 3712 418 5οι

492 482 707 551 capitis,
740 490 899 550 atque
918 497 1036 535 cum
1069 480 1273 551 angelis
1307 483 1645 548 numerandi,
1670 495 1724 538 et
1747 484 1944 549 Same,
1966 501 2061 540 nos

2185 482 2587 554 ιριθμουμένης,
2632 480 2725 533 καὶ
2772 481 3005 551 Σάρρας,
3038 480 3137 549 τῆς
3170 478 3269 533 καὶ
3300 477 3417 548 (9⁸5)
3456 495 3719 548 πνευματι-

494 574 547 626 in
599 573 719 627 ﬁdei
742 572 987 626 doctrina
1020 573 1375 642 Spiritualiter
1403 574 1755 644 parturientis
1783 595 1796 631 :
1827 562 2053 645 quorum

2185 572 2274 635 ιὼς
2305 569 2602 638 ὼδινούσης
2637 571 2783 639 ἡμᾶς
2806 570 2861 621 ἐν
2892 571 2956 639 τῇ
2991 568 3316 638 διδασκαλίᾳ
3351 567 3453 636 τῆς
3496 568 3713 634 πίστεως,

493 664 758 717 senectuti
796 663 1019 717 baculus
1053 677 1195 729 esse,
1224 672 1386 733 atque
1416 666 1788 721 infirmitatem
1818 683 1918 737 ope
1950 668 2060 721 ful-

2185 656 2231 713 iv
2259 661 2511 730 γενέσθαι
2545 660 2813 729 βακτηρία
2848 657 2926 728 τῷ
2966 660 3131 731 γήρᾳ.
3168 659 3265 712 καὶ
3295 658 3600 731 ὑπερείδειν
3641 661 3716 731 τὴν

494 754 607 807 cire
634 791 649 815 ,
693 768 811 806 cum
850 754 993 807 inter
1024 754 1194 822 prima
1232 757 1495 810 vovisscm
1518 797 1532 822 ,
1566 758 1721 826 idque
1745 759 1906 811 etiam
1962 774 2057 829 pro

2185 753 2462 813 ισθένειαν,
2492 751 2595 803 τῶν
2626 750 2858 821 πρώτων
2895 749 3056 820 εὐχὴν
3087 750 3415 821 εὐξάμενος,
3452 750 3543 801 καὶ
3569 750 3714 819 μέντοι

493 844 634 897 virili
663 858 779 897 mea
804 846 1177 913 priestitissem
1205 890 1220 913 ,
1254 849 1388 900 adeo
1427 856 1485 900 ut
1518 849 1904 918 philosophiam
1928 865 2060 919 quo-

493 950 599 1003 que
626 934 817 1004 ipsam,
853 950 955 1004 qua
983 951 1082 991 nec
1104 938 1374 1006 possessio
1402 938 1531 1003 ulla,
1552 956 1651 993 nec
1675 956 1864 995 nomen
1894 941 2058 994 ullum

494 1025 626 1079 mihi
664 1026 882 1081 charius
916 1035 1000 1082 est
1024 1068 1039 1092 ,
1070 1031 1641 1099 contempserim,vel,
1678 1040 1735 1085 ut
1779 1032 1963 1109 verius
1987 1032 2064 1086 lo-

496 1131 653 1184 quar,
688 1115 742 1170 id
788 1117 1056 1186 imprimis
1111 1119 1544 1188 philosophatus,
1581 1135 1647 1173 ne
1694 1120 2059 1192 philosophari

496 1206 732 1271 viderer,
764 1222 868 1261 non
902 1208 1019 1271 tuli,
1050 1209 1118 1264 ob
1157 1226 1322 1265 unum
1355 1210 1477 1264 vitae
1501 1212 1833 1280 propositum
1864 1212 2064 1267 laboris

499 1298 601 1351 mei
656 1298 886 1354 fructum
924 1301 1052 1354 mihi
1104 1300 1471 1366 intercidere,
1511 1316 1574 1355 ac
1632 1302 2061 1358 benedictionem

498 1388 788 1460 exstingui,
830 1404 989 1459 quam
1021 1393 1184 1447 etiam
1229 1403 1446 1448 sanctus
1481 1395 1698 1463 quidam
1732 1395 1860 1451 olim
1889 1397 2067 1452 subri-

497 1479 681 1545 puisse
711 1480 926 1548 dicitnr,
964 1491 1117 1551 patre
1153 1498 1249 1553 per
1272 1484 1448 1539 cibum
1488 1500 1550 1541 ac
1582 1488 1807 1555 pilorum
1850 1487 2070 1558 ﬁgmen~

504 1583 613 1624 tum
650 1571 1040 1638 circumvento,
1070 1590 1133 1630 ac
1170 1592 1227 1631 re
1256 1577 1392 1651 bona
1425 1618 1440 1640 ,
1472 1594 1575 1632 non
1610 1579 1743 1634 bene
1767 1620 1782 1644 ,
1816 1595 1910 1649 per
1938 1581 2069 1635 insi-

504 1662 619 1716 dias
647 1672 861 1731 captata
892 1666 956 1717 ⁷⁸.
994 1666 1073 1721 Ac
1113 1667 1246 1720 duas
1284 1669 1496 1737 quidem
1533 1670 1630 1724 has
1662 1685 1855 1726 causas
1886 1673 2066 1731 habui.

2162 845 2254 897 καὶ
2292 841 2582 912 πληρώσας
2623 842 2826 912 ταύτην
2858 842 2998 912 (94),
3030 841 3200 910 ὁπόση
3247 839 3489 909 δύναμις
3510 856 3522 869 ο
3552 840 3618 901 ὡς
3644 842 3718 893 καὶ

2164 933 2479 1004 φιλοσοφίας
2515 933 2786 1003 ὑπεριδεῖν
2820 932 3008 1000 αὐτῆς,
3034 930 3133 1010 rei},
3158 932 3386 984 πάντων
3404 929 3528 999 ἐμοὶ
3557 947 3715 999 τιμιωο

2164 1024 2322 1076 τάτου
2365 1024 2643 1093 κτήματος
2672 1022 2765 1075 καὶ
2803 1021 3085 1095 ὀνόματος,
3118 1021 3149 1092 ἢ
3176 1020 3237 1073 τό
3269 1038 3339 1089 γε
3394 1019 3717 1097 ἀληθέστερον

2168 1118 2359 1178 εἰπεῖν,
2387 1115 2447 1167 τὺ
2481 1115 2553 1185 μὴ
2588 1114 2893 1183 φιλοσοφεῖν
2938 1113 3050 1185 (95)
3088 1112 3235 1176 δόξαι
3279 1110 3505 1183 πρῶτον
3544 1110 3717 1179 φιλοσο-

2169 1208 2367 1277 φήσας,
2399 1207 2497 1258 οὐκ
2521 1206 2727 1275 ἤνεγκα
2758 1206 3034 1258 διαπεσεῖν
3057 1222 3147 1275 μοι
3173 1204 3267 1257 τὸν
3302 1202 3505 1273 μόχθον
3530 1204 3590 1255 ἐκ
3618 1206 3717 1272 μιᾶς

2170 1298 2495 1361 ὑποθέσεως,
2532 1296 2651 1349 οὐδὲ
2682 1297 3047 1366 καταλυθῆναι
3100 1296 3197 1367 τὴν
3254 1294 3534 1362 εὐλογίαν,
3567 1294 3625 1363 ἦν
3646 1298 3716 1347 καὶ

2170 1389 2363 1458 κλέψαι
2406 1405 2488 1451 τις
2513 1388 2612 1459 ἤδη
2646 1387 2752 1440 τῶν
2788 1387 2952 1440 πάλαι
2990 1385 3099 1455 (96)
3134 1386 3301 1439 ὁσίων
3335 1386 3576 1452 λέγεται,
3607 1383 3717 1453 βρώ-

2174 1497 2302 1551 ματι
2332 1480 2420 1532 τὸν
2453 1480 2660 1550 πατέρα
2687 1480 2779 1532 καὶ
2804 1480 3005 1550 τριχῶν
3038 1478 3322 1547 πλάσματι
3369 1475 3713 1545 σοφισάμενος,

2172 1572 2265 1623 καῖ
2285 1571 2342 1623 τὸ
2372 1570 2531 1624 καλδν
2554 1571 2614 1623 οὐ
2651 1570 2829 1633 καλῶς
2860 1571 2968 1639 (97)
3015 1569 3082 1622 δι’
3118 1568 3420 1636 ἐπιϐουλῆς
3446 1566 3716 1636 θηρασάμε-

2174 1678 2279 1723 νος.
2305 1660 2407 1713 Δύο
2443 1662 2539 1729 μὲν
2562 1660 2623 1730 δὴ
2661 1659 2830 1713 ταῦτα
2854 1661 2948 1731 τῆς
2982 1660 3123 1730 ἐμῆς
3154 1660 3333 1729 ἥττης
3346 1657 3453 1710 καὶ
3482 1656 3714 1729 ἡμερότη·

503 1767 598 1806 cur
648 1768 839 1809 manus
894 1758 1107 1811 tandem
1148 1759 1333 1813 darem
1361 1799 1374 1821 ,
1408 1760 1691 1831 leuemque
1727 1772 1781 1816 et
1803 1766 2069 1832 placidum

2185 1769 2264 1812 τος
2316 1750 2482 1804 αἴτια.
2523 1752 2629 1804 Καὶ
2668 1750 2796 1813 ἴσως
2829 1752 2927 1804 οὐκ
2958 1749 3178 1817 ἄτοπον,
3224 1748 3560 1819 ἀμφοτέροις
3599 1748 3711 1800 ὲκεί-

506 1858 593 1897 me
621 1847 934 1913 prteherem.
988 1847 1096 1902 Nec
1130 1849 1361 1905 fortasse
1393 1851 1685 1905 absurdum
1741 1854 1837 1907 fuit
1859 1897 1873 1919 ,
1909 1857 2069 1909 ratio-

2185 1861 2284 1906 νοις
2312 1846 2423 1913 (98)
2453 1840 2593 1909 εἶξαι
2620 1845 2710 1896 καὶ
2750 1843 3102 1913 ὑποχωρῆσαι
3131 1843 3257 1905 τοὺς
3280 1840 3599 1910 λογισμοὺς,
3621 1840 3714 1889 ἐπεὶ

508 1950 629 1990 nem
662 1937 831 2004 ipsam
861 1939 1069 1994 duabus
1103 1942 1187 1995 his
1210 1943 1388 1997 causis
1410 1944 1621 2007 cedere,
1644 1946 2071 2015 quandoquidem

2185 1937 2263 1988 mi
2292 1936 2385 1995 τοῦ
2417 1935 2667 1988 νικᾶσθαι
2702 1932 2890 2005 καιρὸς
2921 1934 3053 2004 (99),
3080 1933 3269 2002 ὥσπερ
3307 1928 3465 2001 οἶμαι
3496 1930 3583 1982 καὶ
3605 1945 3709 1982 παν-

512 2028 735 2082 cedendi
768 2044 977 2098 quoque
1006 2042 1212 2101 tempus
1237 2045 1339 2097 est,
1371 2045 1428 2089 ut
1455 2044 1508 2090 et
1535 2036 1670 2091 alius
1697 2038 1935 2105 cujusvis
1960 2040 2031 2094 rei
2056 2058 2069 2093 :

2185 2030 2260 2093 τὸς
2289 2031 2611 2100 πράγματος
2642 2029 2717 2098 (1)
2741 2047 2756 2060 ο
2796 2030 2886 2081 καὶ⁵
2929 2031 3173 2098 κρεῖττον
3192 2024 3479 2096 ¹ἡττδὶσθαι
3507 2021 3707 2090 mm

510 2130 838 2190 praestatque
865 2124 974 2193 60
1002 2125 1220 2179 honeste
1266 2127 1403 2181 vinei
1433 2168 1446 2192 ,
1485 2144 1641 2197 quam
1678 2130 1974 2199 periculose
2020 2142 2075 2186 et

2185 2124 2322 2191 nxq‘tv
2344 2121 2658 2189 ἐπισφαλῶς
2690 2122 2784 2173 καὶ
2810 2120 3080 2190 ἀθέσμως.

510 2213 721 2271 nefarie
748 2217 981 2271 vincere.

574 2304 706 2361 CIV.
741 2306 986 2361 Accessit
1028 2317 1084 2363 et
1114 2310 1215 2362 alia
1246 2324 1407 2365 causa
1442 2350 1458 2374 ,
1488 2326 1661 2381 eaque
1688 2316 1905 2369 maximi
1964 2331 2075 2370 mo-

2243 2322 2337 2376 PA'
2371 2324 2563 2395 Τρίτον
2592 2324 2648 2375 δὲ
2682 2322 2710 2375 ὃ
2744 2323 2837 2375 καὶ
2872 2322 3146 2392 μέγιστον,
3178 2312 3275 2374 καὶ
3308 2321 3375 2392 δὴ
3398 2318 3552 2373 τοῦτο
3572 2316 3705 2370 εἰπὼν

508 2397 700 2462 menti,
740 2412 901 2466 quam
926 2413 1048 2452 cum
1072 2400 1246 2454 adhuc
1277 2417 1598 2469 exposuero,
1636 2404 1870 2473 reliquas
1890 2420 2075 2461 omnes

2185 2415 2299 2475 ἔτι,
2371 2416 2439 2467 τὰ
2484 2413 2645 2467 λοιπὰ
2698 2415 3063 2484 σιωπήσομαι.
3124 2404 3708 2482 Ἐμνήσθηνῆμερὼν

512 2489 728 2545 silentio
763 2490 1062 2557 praeteribo.
1099 2491 1293 2546 Memor
1323 2493 1401 2562 [ui
1425 2495 1624 2549 dierum
1652 2497 1990 2566 antiquorum
2006 2498 2073 2565 3°,

2185 2506 2455 2574 ἀρχαίων,
2487 2506 2580 2559 καὶ
2603 2505 2739 2576 πρός
2770 2521 2891 2557 τινα
2911 2503 3020 2556 τῶν
3050 2502 3306 2557 παλαιῶν
3344 2502 3584 2571 ἱστοριῶν
3609 2501 3706 2553 ἁνα-

511 2591 674 2651 atque
697 2583 761 2636 ad
786 2592 1021 2637 veterem
1048 2585 1332 2651 quamdam
1362 2586 1638 2639 historiam
1664 2587 2080 2652 ascendi,illinc-

503 2686 614 2742 que
661 2671 791 2726 mihi
842 2672 941 2742 ipsi
990 2672 1274 2727 consilium
1305 2675 1370 2727 ad
1426 2689 1513 2729 res
1564 2685 1855 2745 prtesentes
1913 2680 2073 2734 traxi.

506 2762 693 2831 Neque
742 2763 885 2817 enim
922 2763 1072 2818 nobis
1109 2764 1161 2816 in
1216 2776 1448 2818 mentem
1483 2768 1705 2831 veniat,
1740 2769 2076 2834 existimare,

506 2868 571 2909 ea
633 2863 837 2909 temere
905 2855 1206 2909 litterarum
1274 2858 1636 2913 monumentis
1700 2861 2077 2916 commendata

510 2943 701 3007 fuisse,
740 2954 904 3014 atque
936 2945 1147 3001 inanem
1181 2948 1467 3017 quamdam
1501 2964 1682 3004 rerum
1710 2959 1761 3004 et
1792 2952 2077 3007 verborum

513 3035 725 3089 turbam
773 3051 894 3091 esse
923 3076 938 3101 ,
973 3039 1038 3091 ad
1085 3037 1433 3094 oblectandos
1485 3042 1819 3095 audientium
1872 3045 2081 3100 animos

512 3129 892 3197 compositam,
922 3145 985 3184 ac
1014 3130 1157 3185 velut
1182 3132 1470 3200 quamdam
1497 3134 1707 3188 aurium
1740 3134 2072 3203 illecebram,

512 3220 651 3273 ultra
683 3219 1005 3290 voluptatem
1039 3224 1179 3277 haud
1213 3238 1332 3278 sese
1362 3225 1742 3295 porrigentem.
1781 3226 1906 3282 Haec
1941 3244 2071 3284 sane

512 3313 698 3367 ludant
745 3314 964 3378 fabulae,
1017 3325 1071 3368 et
1100 3315 1358 3383 gentiles;
1392 3317 1485 3388 qui
1519 3319 1585 3372 de
1622 3320 1846 3373 veritate
1875 3336 2064 3389 parum

2174 2595 2415 2667 δραμὼν,
2487 2596 2694 2649 ἐκεῖθεν
2746 2595 2970 2648 εἴλκυσα
3028 2593 3343 2666 ωμὸουλὴν
3400 2594 3475 2664 (2)
3528 2590 3707 2663 ἐμαυτῷ

2180 2688 2311 2758 πρὸς
2346 2688 2414 2741 τὰ
2461 2687 2737 2757 παρόντασ
2791 2687 2865 2757 μὴ
2919 2686 3027 2757 γὰρ
3063 2687 3182 2757 εἰκῆ
3238 2686 3418 2740 ταῦτα
3451 2683 3705 2753 συγγεγρά-

2178 2779 2309 2848 φθαι
2349 2780 2426 2849 (⁸5)
2460 2778 2788 2849 νομίζωμεν,
2822 2778 2957 2848 μηδὲ
2993 2777 3147 2847 ὄχλον
3178 2777 3358 2841 ἄλλως
3396 2772 3530 2829 εἶναι
3569 2772 3707 2843 ῥημά-

2177 2888 2285 2923 των
2342 2887 2401 2922 τε
2454 2870 2547 2922 καὶ
2599 2869 2938 2940 πραγμάτων
2964 2909 2978 2934 ,
3030 2868 3392 2938 ψυχαγωγίας
3445 2867 3592 2921 ἕνεκα
3623 2862 3702 2916 τῶν

2180 2963 2482 3015 ἀκουόντων
2535 2961 2888 3030 συγκείμενα,
2953 2962 3048 3014 καὶ
3080 2954 3189 3013 οἷον
3236 2960 3410 3030 ἀκοῆς
3458 2975 3509 3011 τι
3552 2956 3701 3023 δέλεαρ

2184 3054 2342 3124 μέχρι
2362 3053 2460 3122 τῆς
2479 3053 2672 3123 ἡδονῆς
2699 3051 3004 3122 ἱστάμενον.
3022 3050 3203 3103 Ταῦτα
3225 3052 3326 3121 μὲν
3352 3048 3630 3113 παιζόντων
3646 3044 3701 3111 (ι)

2184 3143 2341 3213 μῦθοι
2367 3145 2460 3196 καὶ
2492 3144 2773 3215 Ἕλληνες,
2809 3144 2878 3206 οἳ,
2915 3145 3013 3213 τῆς
3045 3142 3309 3212 ἀληθείας
3342 3142 3494 3207 ὀλίγα
3530 3136 3700 3209 φροντί-

2177 3237 2377 3300 ζοντες,
2416 3237 2494 3307 τῷ
2516 3236 2710 3308 κομψῴ
2731 3237 2837 3289 τῶν
2862 3236 3201 3307 πλασμάτων
3235 3238 3334 3290 καὶ
3364 3237 3439 3306 τῷ
3457 3235 3602 3304 λίχνῳ
3623 3229 3701 3283 τῶν

2174 3327 2366 3393 λέξεων
2396 3331 2487 3381 καὶ
2516 3329 2681 3400 ἀκοὴν
2709 3329 2803 3381 κα)⁸
2830 3327 3005 3399 ψυχὴν
3038 3327 3411 3397 γοητεύουσιν.

513 3405 747 3470 solliciti,
778 3406 1151 3476 ﬁgmentorum
1214 3420 1510 3477 venustate,
1569 3426 1633 3466 ac
1684 3413 1969 3469 verborum
2020 3417 2283 3476 lenocinio
2345 3423 2496 3491 quasi
2535 3422 2832 3493 prmstigias
2871 3423 3130 3491 quasdam
3180 3422 3405 3476 auribus
3448 3411 3697 3487 atqueani-

516 3498 617 3551 mis
647 3496 947 3553 offundunt.

590 3589 697 3644 CV.
734 3592 805 3644 At
829 3608 929 3647 nos
953 3634 967 3659 ,
998 3596 1088 3662 qui
1128 3594 1350 3664 spiritus
1394 3594 1724 3667 diligentiam
1779 3597 1862 3651 vel
1906 3614 2074 3669 usque

517 3682 584 3733 ad
617 3683 787 3737 levem
816 3686 1023 3752 apicem
1052 3694 1101 3740 et
1126 3686 1318 3740 lineam
1352 3688 1640 3754 trahimus,
1667 3704 1959 3759 nunquam,
1981 3707 2077 3747 nec

515 3775 658 3829 enim
689 3775 773 3829 fas
804 3788 904 3839 est,
937 3793 1004 3831 ne
1033 3778 1283 3832 minimas
1319 3780 1532 3846 quidem
1575 3782 1816 3833 actiones
1846 3783 2002 3838 abiis
2047 3799 2076 3836 a

518 3866 713 3933 quibus
769 3868 1043 3923 memoria:
1074 3869 1296 3938 prodita:
1325 3879 1472 3932 sunt,
1521 3880 1718 3927 temere
1752 3874 2081 3943 perscriptas

520 3966 576 4010 et
609 3958 936 4023 elaboratas,
989 3961 1358 4029 memoriaque
1397 3961 1463 4014 ad
1492 3960 1604 4015 haec
1633 3975 1802 4029 usque
1865 3970 2072 4032 tempo-

522 4063 582 4101 ra
627 4059 974 4105 conservatas
1018 4066 1138 4105 esse
1191 4052 1545 4107 concedemus
1589 4069 1604 4105 ε
1655 4067 1839 4108 verum
1884 4063 1941 4107 ιιι
1985 4069 2083 4110 ηοε

523 4138 952 4195 submouitiones
1001 4150 1057 4195 et
1109 4142 1429 4199 documenta
1470 4143 1525 4197 iu
1584 4153 1833 4214 promptu
1884 4145 2085 4201 habea-

594 4255 638 4284 ⁷⁹
668 4254 801 4309 Gen.
834 4269 1004 4321 xxvu,
1028 4255 1092 4309 ‘21
1122 4271 1275 4326 seqq.
1353 4257 1396 4287 ⁸⁰
1428 4257 1570 4313 Psal.
1594 4274 1758 4328 exul,
1795 4261 1850 4316 5.

596 4390 706 4461 (95)
737 4390 851 4462 Τῆς
886 4393 1006 4445 καί.
1037 4392 1129 4446 Sic
1161 4392 1322 4462 Regg.
1345 4393 1580 4461 quinque
1602 4402 1656 4447 et
1685 4394 1902 4451 totidem
1931 4394 2079 4451 Colb.

2252 3601 2350 3653 PE’
2389 3602 2578 3669 Ἡμεῖς
2602 3600 2680 3662 δὲ,
2725 3600 2773 3652 οἱ
2806 3599 2897 3653 καὶ
2933 3599 3090 3669 μέχρι
3119 3599 3191 3668 (5)
3226 3600 3327 3665 τῆς
3354 3595 3600 3667 τυχούσης
3634 3606 3699 3640 κε·

2191 3692 2345 3762 ραίπις
2403 3691 2497 3744 καὶ
2534 3691 2796 3761 γραμμῆς
2851 3690 2926 3761 (6)
2984 3689 3076 3743 τοῦ
3111 3689 3420 3759 πνεύματος
3471 3686 3558 3755 τὴν
3582 3679 3696 3747 ἀκρί-

2184 3786 2335 3836 ϐειαν
2357 3784 2432 3853 (7)
2452 3783 2716 3847 ἕλκοντες,
2745 3782 2939 3836 οὔποτε
2968 3783 3249 3854 δεξόμεθα,
3286 3783 3348 3834 οὐ
3368 3780 3471 3848 γὰρ
3489 3776 3555 3847 (8)
3569 3774 3693 3829 ὅσιον.

2185 3878 2303 3929 οὐδὲ
2328 3876 2424 3939 τὰς
2452 3877 2740 3947 ἐλαχίστας
2768 3875 2996 3946 πράξεις
3030 3877 3151 3946 εἰκῆ
3201 3870 3587 3939 σπουδασθῆναι
3610 3863 3693 3922 τοῖς

2185 3969 2552 4041 ἀναγράψασι,
2581 3969 2677 4023 καὶ
2709 3970 2869 4039 μέχρι
2898 3968 2992 4021 τοῦ
3028 3968 3293 4040 παρόντος
3336 3966 3513 4038 μνήμῃ
3547 3959 3695 4011 διασω·

2186 4058 2379 4129 θῆναι·
2432 4061 2545 4114 ἀλλ’
2575 4062 2639 4113 ἵν’
2678 4062 2836 4131 ἡμεῖς
2867 4060 2937 4130 (9)
2987 4060 3197 4131 ἔχωμεν
3258 4057 3600 4127 ὑπομνήματα
3624 4044 3690 4098 καὶ

2186 4151 2529 4223 παιδεύματα
2556 4153 2654 4222 τῆς
2680 4152 2785 4205 τῶν
2810 4154 3034 4224 ὁμοίων,
3081 4154 3133 4206 el.’
3162 4168 3294 4206 ποτε
3326 4145 3571 4219 συμπέσοι
3599 4154 3688 4191 και-

2260 4394 2371 4464 (98)
2416 4396 2733 4464 Ἐκείνοιςπ
2776 4392 2865 4447 Sic
2895 4393 3027 4461 Reg.
3055 4392 3280 4464 μεθίει.
3315 4392 3370 4453 2,
3397 4381 3604 4464 et_Colb.
3634 4391 3685 4464 n7.

530 4459 749 4542 aliique.
788 4460 875 4542 Bis
910 4474 1199 4549 esnntattre,
1233 4459 1395 4545 earue
1429 4459 1633 4549 δέησθε
1674 4474 1727 4549 et
1750 4465 1967 4549 spiritu,
1995 4480 2085 4536 ge—
2117 4481 2163 4540 υ
2189 4466 2283 4549 qui.
2321 4459 2372 4517 in
2427 4466 2639 4519 modum
2686 4462 2873 4532 glussa:
2922 4459 3144 4518 ascribit
3173 4479 3186 4514 :
3241 4459 3570 4531 ὑποχωρῆσαι
3620 4459 3687 4499 και

525 4531 698 4600 ιιίιιιιη
731 4546 789 4583 se
820 4531 1417 4600 signiﬁeatGregorius.
1453 4532 1608 4587 Deest
1635 4533 1726 4585 καί
1750 4531 1802 4589 in
1838 4534 1961 4589 Par.

750 4598 997 4673 Ταύτην.
1028 4602 1157 4671 Heg.
1201 4598 1445 4673 ιζαὺτήν.

620 4670 710 4738 95)
738 4669 809 4724 Τὸ
828 4669 936 4740 μὴν
948 4669 1323 4740 φιλοσοφεῖν,
1359 4669 1464 4728 etc.
1499 4691 1518 4724 ι
1565 4674 1811 4729 Ostendit
1847 4674 1934 4729 hic
1960 4674 2087 4729 Gre-

527 4740 731 4809 gorius,
771 4759 789 4790 ›
830 4740 1214 4807 inquitGahr.,
1248 4761 1267 4795 ι
1304 4760 1360 4797 se
1400 4745 1614 4812 quidem
1646 4760 1914 4811 nunquam
1949 4744 2089 4799 litte-

532 4826 711 4863 rarum
762 4812 952 4865 studiis
1002 4827 1217 4879 operam
1262 4814 1393 4866 dare
1444 4813 1736 4873 destitisse,
1774 4815 1866 4868 sed
1912 4814 1982 4868 ita
2036 4815 2085 4869 id

526 4880 724 4946 egisse,
745 4891 801 4935 ut
829 4882 971 4935 aliud
994 4896 1152 4951 agere
1182 4882 1475 4937 videretur.
1492 4902 1509 4933 ι
1532 4882 1682 4936 Colb.
1705 4884 1756 4945 7,
1772 4884 1822 4936 in
1848 4885 2086 4951 margine

530 4951 607 5024 sic
664 4951 881 5024 exponit
919 4950 1159 5024 :_'_l‘oGto
1194 4953 1403 5021 πρῶτον
1464 4953 1847 5023 ἐφιλοσόφησα,
1897 4950 2085 5024 τὸμὴ

525 5020 702 5072 δοκεῖν
723 5016 859 5090 εἶναι
893 5021 1193 5090 φιλόσοφος.

602 5090 714 5159 (96)
753 5089 874 5143 Τῶν
904 5089 1109 5144 πάλαι.
1150 5092 1280 5159 Reg.
1314 5092 1349 5153 1,
1379 5092 1483 5144 τῶν
1510 5092 1770 5145 παλαιῶν.

750 5160 1070 5233 Οὐᾼκαλῶς.
1092 5163 1144 5215 III
1173 5160 1300 5233 “eg.
1327 5179 1392 5233 tt,
1420 5172 1471 5213 et
1500 5163 1631 5233 Colh
1678 5164 1730 5223 5,
1764 5172 1817 5215 et
1844 5178 1915 5225 m,
1948 5162 2087 5233 istud

532 5231 795 5287 scholium
844 5231 1033 5300 legitur
1065 5248 1077 5281 :
1112 5231 1266 5285 Κατὰ
1292 5232 1350 5284 τὸ
1380 5232 1697 5301 φαινόμενον
1726 5232 1964 5301 δηλονότι
1995 5232 2085 5285 τοῦ

530 5302 875 5375 γραμματος,
925 5301 986 5353 οὐ
1020 5302 1159 5375 κατὰ
1191 5301 1561 5375 τὸ-νοούμενον
1606 5304 1696 5355 καὶ
1721 5303 2089 5375 κρυπτόμενον

528 5371 654 5425 τοο
685 5372 1013 5443 πνεύματος.
1068 5372 1185 5438 Quo
1232 5373 1569 5443 signiﬁcatur
1616 5379 1683 5427 de
1721 5371 1901 5427 Jacobi
1948 5375 2088 5428 facto

531 5443 875 5497 statuendum
907 5445 976 5494 ita
1015 5457 1155 5505 esse,
1194 5462 1211 5491 ι
1237 5444 1414 5512 specie
1438 5442 1687 5496 nimirum
1713 5458 1774 5497 ac
1795 5444 2086 5498 secundum

533 5513 793 5574 litteram,
827 5527 930 5565 non
970 5522 1144 5565 autem
1199 5512 1806 5582 secundunrspiritum,
1856 5513 2090 5582 illudque

536 5582 679 5649 quod
736 5583 1047 5652 intelligitur
1079 5598 1141 5635 ac
1203 5582 1352 5635 latet.
1391 5599 1409 5632 ›
1478 5580 1547 5636 Ut
1579 5591 1635 5634 ut
1678 5588 1766 5645 sit,
1812 5601 1832 5633 ι
1862 5580 2025 5649 patet,
2066 5603 2083 5635 ι

537 5652 721 5721 inquit
752 5651 1021 5715 Comhel'.,
1054 5671 1072 5703 ι
1107 5652 1363 5721 Gregorio
1410 5653 1631 5706 minime
1670 5654 1945 5719 probatam
1970 5668 2090 5709 esse

538 5720 900 5791 patrifactam
950 5738 976 5775 a
1000 5720 1500 5785 Jacobo’frandem,
1535 5738 1696 5791 quam
1743 5724 1826 5778 iStt
1855 5724 2088 5777 scholia—

532 5798 654 5851 stze,
669 5790 945 5861 Augustini
962 5793 1198 5861 vestigiis
1216 5790 1832 5857 inhazreutes,’excusare
1851 5793 2049 5848 volunt.
2064 5813 2080 5845 ι

2189 4535 2374 4687 Ῠῖῒθαέί
2421 4603 2711 4658 Νίκάσθαι
2763 4605 2984 4671 καιρόςο
3038 4602 3174 4673 Reg.
3233 4602 3279 4669 l,
3340 4594 3567 4656 νικᾶσθαι
3615 4601 3685 4638 κα-

2186 4675 2334 4813 λωδ)
2385 4742 2616 4809 Παντὸς
2657 4743 3019 4813 πράγματος.
3066 4741 3229 4797 Coisl.
3281 4743 3329 4804 Ι,
3387 4733 3533 4790 παντὶ
3586 4722 3684 4793 πρά·

2187 4830 2743 4954 γμῶῗέυμὸουλήν.
2782 4882 2913 4954 Reg.
2938 4897 2992 4951 y,
3026 4883 3359 4954 συμπλοκήν,

2257 4946 2333 5017 (ὅ)
2369 4946 2832 5024 Συγγεγράφθαι.
2866 4946 3015 5025 ἰα-ε,
3058 4946 3109 5017 οξ
3144 4964 3198 5008 et
3229 4946 3376 5007 Colb.
3420 4974 3459 5007 ι,
3494 4946 3680 5003 @7191-

2190 5024 2710 5189 φεῗέῗῆαιζόντοέν.
2733 5092 2950 5189 Attice,
2984 5108 3080 5189 pr?
3117 5090 3486 5189 ﬁltCé‘Cw‘O’aV.1

2189 5164 2311 5227 lius,
2342 5179 2405 5219 ac
2439 5174 2585 5219 certe
2625 5163 2883 5227 Basilius;
2917 5162 3218 5226 παιζόντων
3249 5160 3364 5215 ἀντὶ
3405 5160 3486 5207 του
3528 5160 3632 5203 παις

2188 5251 2383 5287 τωσαν.

2471 5304 2565 5357 καὶ
2597 5304 2788 5373 μέχρι.
2822 5303 2955 5374 Reg.
2987 5303 3023 5367 I,
3052 5302 3204 5357 Colb.
3243 5316 3315 5365 m,
3347 5297 3392 5349 ot
3431 5289 3564 5361 μέχρι
3606 5274 3673 5330 καὶ

2188 5377 2336 5517 τῆῖίὶ)
2369 5442 2673 5514 Γραμμῆς.
2733 5444 2906 5517 lilalim
2941 5443 3164 5517 reddere
3202 5461 3219 5493 ι
3263 5432 3538 5493 litterulam.
3571 5438 3585 5469 ι
3613 5410 3667 5464 νε¹

2191 5513 2639 5577 cuntGahrielim
2678 5532 2697 5565 ι
2742 5514 3017 5567 minimam
3052 5513 3305 5567 litteram.
3334 5527 3350 5560 ι

2261 5586 2336 5655 (7)
2390 5586 2743 5659 Ἀκρὶᾅειανζ
2781 5584 2962 5659 Bill._¢
2991 5583 3493 5659 sinceri“uel”;’7,L
3565 5619 3661 5659 ms!

2261 5621 2337 5727 itii
2386 5621 2961 5724 ὁ¹ὺ”³’ξοῖίῖῗ’ἰιεξῖ”ἰ,’
2991 5621 3512 5733 ”ιὶ’ὁῖὗξ”ἷιῖξ’”ὸιᾷιιιι›.
3565 5621 3662 5678 me

2190 5728 2338 5868 γάῗξξ)
2378 5796 2535 5852 Ἀλλ’
2558 5796 2631 5849 ἵν’
2664 5794 2847 5863 ἡμεῖς.
2879 5793 2968 5850 Sic
2992 5792 3155 5865 Regg.
3177 5798 3388 5862 septem,
3416 5788 3502 5832 ειο
