3776 6564
109 413 221 469 505

1245 419 1506 476 ORATIO
1544 421 1606 476 ll.
1646 454 1714 464 -
1753 422 2254 479 APOLOGETICA.

3238 423 3346 479 506

109 528 229 598 ρὸς,
256 524 595 593 διασκέψεως
616 541 632 557 ·
658 525 796 580 ὥστε
831 526 897 580 τὰ
928 530 1025 599 μὲν
1048 529 1264 599 φεύγειν
1283 572 1298 595 ,
1333 532 1400 585 τὰ
1433 533 1489 586 δὲ
1521 535 1677 605 αἱρεῖ-

1794 551 1948 600 mus,
2010 536 2205 603 quibus
2266 537 2330 589 de
2398 534 2587 588 iisdem
2646 533 2846 598 rebus,
2901 533 2947 587 si
3006 532 3081 587 ita
3142 540 3350 603 tempus

110 618 256 679 σθαι,
286 612 398 671 οἷον
433 616 625 670 κανόσι
652 618 763 670 τισὶ
789 618 883 672 καὶ
920 617 1130 684 τύποις,
1181 625 1291 686 τοῖς
1328 622 1687 695 προλαϐοῦσιν

109 709 367 779 ἑπόμενοι
404 706 833 779 παραδείγμασι.

178 989 307 1053 κεῖν
342 986 445 1050 Τίς
470 984 565 1041 οὖν
605 990 637 1060 ἡ
672 989 882 1059 ἱστορία
927 989 1022 1042 κα).
1071 989 1232 1044 πόθεν
1278 990 1310 1061 ή
1367 988 1684 1059 συμϐουλίη

100 1079 223 1133 ουδὲ
275 1080 389 1149 γὰρ
447 1081 627 1150 χεῖρον
681 1081 809 1145 ἴσως
840 1082 1139 1152 ἀσφαλείας
1200 1081 1312 1152 (10)
1361 1081 1544 1134 ἕνεκεν
1575 1080 1684 1134 τῶν

103 1170 319 1223 πολλῶν
353 1170 607 1225 διελθεῖν.
647 1172 882 1242 Ἔφευγε
918 1174 1011 1226 καὶ
1044 1174 1224 1236 Ἰωνᾶς
1258 1172 1364 1226 ἀπὸ
1397 1172 1683 1243 προσώπου

100 1261 195 1313 τοῦ
242 1261 411 1325 Θεοῦ,
471 1261 669 1333 μᾶλλον
724 1263 779 1317 δὲ
829 1265 1050 1334 φεύγειν
1108 1263 1280 1335 ᾤετο*
1341 1264 1475 1318 ἀλλά
1522 1251 1697 1318 κατε·-¹

103 1351 285 1421 λήφθη
345 1352 463 1423 (Η)
513 1354 758 1423 πελάγει,
791 1356 886 1409 καὶ
937 1355 1187 1426 χειμῶνι,
1220 1356 1313 1409 καὶ
1341 1355 1549 1427 κλήρῳ,
1591 1358 1684 1409 καὶ

102 1442 306 1514 γαστρὶ
356 1446 581 1516 κήτους,
624 1446 717 1499 καὶ
750 1448 1034 1518 τριημέρῳ
1083 1449 1246 1516 ταφῇ,
1297 1446 1462 1499 τύπον
1486 1446 1681 1518 ἐχούσῃ

105 1537 413 1609 μυστηρίου
460 1538 726 1607 μείζονος.
767 1538 906 1591 Ἀλλ’
938 1540 1141 1602 ἐκεῖνος
1183 1539 1300 1609 μὲν,
1334 1537 1425 1589 ἴνα
1467 1537 1539 1609 μὴ
1584 1538 1681 1609 τὴν

105 1628 445 1698 σκυθρωπὴν
476 1630 572 1682 καὶ
603 1629 801 1682 ἄτοπον
832 1629 1091 1697 ἀγγελίαν
1144 1628 1370 1699 ἀγγείλῃ
1418 1628 1527 1697 (li)
1569 1630 1681 1691 τοῖς

98 1719 441 1783 Νινευῖταις,
473 1720 568 1773 καὶ
601 1721 739 1791 μετὰ
773 1720 928 1774 τοῦτο
967 1720 1207 1791 ψεύστης
1242 1719 1378 1789 ἁλῷ,
1418 1718 1681 1789 σωθείσης

100 1812 160 1877 τῇ
192 1810 467 1879 μετανοίᾳ
508 1811 609 1881 τῆς
640 1810 878 1873 πόλεως’
931 1811 991 1861 οὐ
1042 1809 1149 1879 γὰρ
1174 1812 1238 1880 τῇ
1276 1808 1515 1879 σωτηρίᾳ
1568 1808 1677 1877 (15)

100 1896 203 1949 τῶν
232 1899 497 1969 πονηρῶν
528 1899 924 1970 ἐδυσχέραινεν,
974 1898 1107 1952 ἀλλά
1154 1900 1254 1968 τὴν
1286 1898 1556 1951 διακονίαν
1584 1896 1676 1951 τοῦ

99 1988 326 2056 ψεύδους
372 1990 657 2060 ᾐσχύνετο,
704 1992 795 2043 καὶ
842 1985 951 2043 οἷον
997 1989 1314 2061 ἐζηλοτύπει
1338 1990 1438 2060 τῆς
1468 2007 1675 2061 προφη-

99 2080 248 2143 τείας
279 2082 342 2134 τὸ
377 2082 715 2147 ἀξιόπιστον,
740 2083 878 2152 ὅπερ
909 2082 965 2133 ὲν
988 2080 1135 2151 αὐτῷ
1166 2080 1533 2151 καταλυθῆναι
1561 2082 1674 2151 (14)

104 2168 346 2245 κενδυνος
369 2166 464 2240 ἦν,
508 2171 568 2223 οὐ
612 2171 921 2242 δυναμένων
951 2170 1055 2223 τῶν
1092 2170 1297 2223 πολλῶν
1323 2172 1549 2224 συνιδεῖν
1579 2175 1678 2243 τῆς

102 2261 187 2313 τοῦ
214 2261 356 2315 Θεοῦ
394 2263 526 2333 περὶ
552 2262 724 2316 ταῦτα
750 2262 1061 2333 οἰκονομίας
1092 2262 1150 2315 τὸ
1180 2262 1359 2332 βάθος.

1790 625 2007 689 tulerit,
2065 624 2473 687 consultemus;
2526 632 2691 693 atque
2736 624 2840 678 alia
2902 623 3204 693 fugiamus,
3246 625 3349 679 alia

1787 714 2214 782 amplectamur,
2298 714 2480 782 priora
2551 714 2803 770 videlicet
2880 714 3168 785 exempla,
3242 731 3348 770 non

1789 821 1945 861 secus
2005 822 2069 861 ac
2126 821 2358 862 canones
2409 806 2667 876 quosdam
2719 815 2775 862 et
2822 807 3081 878 regulas,
3119 823 3351 878 sequen.

1789 906 1867 952 tes

1854 984 1989 1041 CVI.
2039 986 2169 1053 Qua:
2214 987 2374 1056 igitur
2410 990 2523 1042 haec
2560 987 2782 1042 historia
2813 998 2895 1042 est
2918 1026 2935 1052 ,
2971 997 3026 1042 et
3059 988 3200 1043 unde
3244 988 3347 1043 hoc

1786 1077 2066 1132 consilium
2094 1078 2118 1129 ?
2173 1092 2348 1145 neque
2369 1080 2511 1132 enim
2543 1079 2937 1133 incommodum
2976 1081 3203 1136 fortasse
3233 1080 3347 1135 l‘ne—

1787 1168 1880 1231 rit,
1909 1168 2034 1232 hoc,
2068 1178 2126 1222 ut
2151 1168 2505 1237 complurium
2538 1170 2813 1224 securitati
2866 1170 3204 1238 consulatur,
3223 1188 3345 1228 ora-

1786 1259 1929 1313 tione
1990 1258 2289 1329 complecti.
2346 1260 2608 1331 Fugiebat
2659 1275 2874 1331 quoque
2922 1260 3091 1317 tiones
3137 1278 3169 1317 a
3206 1262 3344 1317 facie

1784 1348 1993 1405 Domini
2021 1390 2035 1416 ,
2071 1351 2153 1405 vel
2184 1355 2360 1420 potius
2395 1352 2578 1421 lugere
2609 1351 2869 1422 putabat;
2907 1368 3095 1408 verum
3120 1371 3149 1408 a
3175 1356 3332 1419 mari,

1782 1454 1837 1497 et
1868 1453 2206 1514 tempestate,
2260 1460 2324 1499 ac
2368 1453 2539 1508 sorte,
2575 1445 2789 1514 eetiqne
2814 1454 3025 1512 ventre,
3053 1456 3213 1516 atque
3253 1448 3347 1503 trio

1782 1533 1957 1586 duana
1983 1533 2255 1602 sepultura
2280 1572 2295 1597 ,
2328 1531 2549 1601 majoris
2577 1531 2815 1603 mysterii
2853 1531 3072 1600 ﬁguram
3102 1543 3343 1600 gerente,

1782 1622 2199 1691 comprehensus
2219 1632 2303 1676 est
2326 1622 2392 1680 ⁸³.
2417 1621 2537 1676 llaec
2557 1636 2719 1691 porro
2745 1622 2990 1676 ineundae
3024 1621 3161 1691 fugae
3186 1637 3347 1677 causa

1782 1714 1881 1783 ipsi
1912 1725 2069 1779 erat,
2111 1716 2250 1782 quod
2286 1723 2583 1774 vereretur,
2614 1727 2679 1766 ne
2726 1728 2847 1766 eum
2881 1713 3087 1767 tristem
3131 1721 3183 1765 et
3210 1729 3347 1783 pra:-

1781 1816 2047 1875 posterum
2088 1805 2338 1859 Ninivitis
2368 1805 2614 1858 nuntium
2641 1804 2871 1867 tulisset,
2905 1804 3144 1873 periculo
3189 1814 3341 1873 post—

1780 1912 1841 1949 ea
1885 1910 1977 1964 per
2030 1895 2397 1964 paenitentiam
2438 1893 2658 1947 liberata
2705 1894 2943 1955 civitate.
2990 1894 3217 1948 mendax
3254 1895 3338 1949 in.

1780 1988 2071 2041 veniretur.
2105 1986 2219 2040 Non
2245 1987 2387 2041 enim
2408 1966 2770 2053 improborum
2803 1986 3080 2040 hominum
3108 1986 3337 2040 salutem

1780 2092 1921 2146 aegre
1954 2076 2193 2142 ferebat,
2230 2077 2320 2132 sed
2360 2076 2626 2131 mendacii
2657 2078 3014 2132 ministerium
3051 2077 3200 2132 obire
3231 2094 3341 2146 pra:

1782 2170 1983 2238 pudore
2010 2184 2114 2222 non
2146 2168 2450 2223 sustinebat
2474 2207 2491 2231 ,
2522 2182 2586 2220 ac
2615 2169 2909 2237 prophetiae
2945 2170 3100 2223 [idem
3125 2180 3179 2224 et
3228 2185 3328 2223 au-

1784 2261 2087 2316 ctoritatem
2126 2260 2268 2313 velut
2299 2260 2563 2329 zelotypia
2610 2260 2839 2329 quadam
2898 2264 3339 2331 prosequebatur,

103 2372 215 2424 qua:
241 2355 494 2424 quidem,
533 2371 599 2410 ne
644 2355 700 2410 in
748 2370 863 2424 lpSO
886 2355 1337 2424 exstingueretur.
1367 2356 1660 2424 periculum
1702 2364 1839 2418 erat,
1875 2354 2127 2408 nimirum
2186 2353 2426 2422 imperita
2492 2353 2833 2408 multitudine
2893 2370 3013 2424 qua:
3063 2356 3227 2410 divini
3287 2357 3341 2409 in

103 2445 414 2515 huiusmodi
450 2448 612 2501 rebus
633 2446 844 2501 consilii
872 2445 1205 2500 altitudinem
1239 2447 1542 2515 perspicere
1564 2463 1667 2500 non
1708 2446 1867 2500 valet.

164 2545 264 2597 PZ’
321 2543 416 2607 Ὦς
469 2542 529 2595 δὲ
566 2542 676 2611 ἐγώ
730 2540 840 2612 (15)
889 2558 1031 2604 τινος
1079 2542 1288 2611 ἥκουσα
1335 2542 1498 2612 σοφοῦ
1546 2540 1674 2614 περὶ

103 2634 267 2689 ταῦτα
300 2633 522 2705 ἀνδρὸς,
552 2635 652 2687 οὐκ
672 2634 885 2697 ἀτόπως
913 2632 1230 2705 βοηθοῦντος
1255 2632 1333 2705 τῷ
1365 2635 1675 2705 φαινομένῳ

105 2726 192 2795 τῆς
228 2725 479 2795 ἱστορίας
507 2725 713 2796 ἀτόπῳ,
760 2725 853 2778 καὶ
889 2725 1072 2779 ἱκανοῦ
1117 2724 1440 2780 καταλαϐεῖν
1486 2725 1675 2798 ἀνδρὸς

108 2821 381 2887 πρικρήτου
415 2816 717 2897 βαθύτητα,
752 2818 873 2871 οὐδὲ
904 2817 1081 2871 ταῦτα
1111 2811 1177 2887 ἦν
1205 2816 1240 2870 ἃ
1277 2817 1368 2870 τὸν
1411 2818 1676 2889 μακάριον

117 2907 293 2961 Ἰωνᾶν
343 2910 523 2961 ἐποίει
559 2909 790 2978 φυγάδα,
826 2910 918 2962 καὶ
972 2910 1052 2972 είς
1097 2909 1321 2979 Ἰόππην
1351 2909 1546 2979 ἤγαγε,
1582 2908 1676 2964 καὶ

109 2998 161 3062 ἐξ
201 2999 430 3071 Ἰόππης
459 3000 736 3070 ἀνήγαγεν
759 2998 851 3051 ἐπὶ
883 2998 1146 3070 Θαρσεῖς,
1198 2998 1423 3065 πελάγει
1453 2996 1677 3049 πιστεύ-

110 3106 268 3142 σαντα
298 3091 404 3161 τὴν
428 3089 622 3143 ἑαυτοῦ
657 3091 862 3160 κλοπήν
893 3090 1037 3159 (16)·
1068 3089 1189 3143 οὔτε
1211 3090 1318 3161 γὰρ
1345 3090 1559 3157 ἀγνοεῖν
1582 3087 1674 3141 τοῦ

1802 2526 1940 2612 ³61
1977 2539 2128 2596 CVll.
2172 2540 2239 2596 Ut
2270 2551 2447 2596 autem
2478 2558 2506 2595 a
2541 2542 2656 2596 viro
2704 2541 2935 2612 quodam
2971 2542 3022 2596 in
3064 2543 3148 2599 his
3184 2545 3342 2600 rebus

1768 2632 1979 2685 erudito
2005 2630 2209 2700 accepi,
2241 2630 2560 2685 absurditati
2595 2633 2668 2696 ei,
2692 2647 2851 2700 quam
2883 2632 3106 2687 historia
3139 2648 3248 2703 pra:
3279 2650 3340 2689 se

1771 2720 2004 2786 ferebat,
2037 2737 2141 2777 non
2173 2722 2404 2776 absurde
2435 2733 2782 2780 suceurrente
2802 2766 2818 2792 ,
2845 2734 3004 2795 atque
3033 2725 3098 2779 ad
3125 2726 3341 2783 intimos

1774 2811 2044 2882 prophetat
2084 2828 2273 2868 sensus
2316 2815 2693 2883 percipiendas
2727 2816 2940 2883 idoneo,
2981 2832 3049 2872 ne
3082 2818 3194 2872 haec
3220 2819 3346 2888 qui-

1780 2901 1902 2956 dem
1958 2917 2117 2957 causa
2158 2904 2373 2957 beatum
2419 2903 2633 2960 Jonam'
2668 2907 2719 2961 in
2769 2907 2950 2978 fugam
2979 2909 3299 2979 conjiciebat
3328 2952 3344 2972 .

1781 3005 1941 3062 atque
1970 2995 2023 3049 in
2063 2994 2284 3065 Joppem
2307 3034 2323 3059 ,
2354 3006 2409 3050 et
2444 3013 2510 3052 ex
2549 2996 2718 3068 Joppe
2744 3015 2957 3054 rursum
3006 3000 3057 3054 in
3092 3000 3345 3057 Tharseis

1781 3085 2029 3149 ducebat,
2054 3087 2134 3140 sui
2176 3089 2343 3156 ipsius
2371 3087 2569 3141 furtum
2600 3090 2731 3144 mari
2761 3092 3207 3145 committentem.
3245 3091 3346 3145 Ne-

108 3180 231 3232 Θεοῦ
264 3181 362 3249 τὴν
405 3182 671 3247 ἐπίνοιαν,
706 3180 992 3252 προφήτην
1038 3196 1101 3249 γε
1147 3180 1299 3244 ὄντα,
1339 3178 1483 3241 εἰκὸς
1517 3177 1676 3230 αὐτὸν

1792 3194 1885 3248 quo
1924 3180 2069 3232 enim
2100 3179 2389 3235 verisimile
2417 3191 2519 3246 est,
2551 3198 2694 3248 eum,
2728 3199 2849 3237 eum
2889 3183 3147 3253 propheta
3180 3193 3343 3249 esset,

108 3266 195 3341 ἦν’
230 3274 313 3324 ὅτι
343 3272 437 3325 διὰ
468 3273 573 3343 τῆς
600 3273 849 3343 ἀπειλῆς,
877 3273 937 3325 τὸ
969 3272 1045 3343 μὴ
1068 3272 1258 3325 παθεῖν
1280 3272 1349 3323 τὰ
1383 3272 1481 3341 τῆς
1519 3272 1675 3323 ἁπειο

110 3362 200 3431 λῆς
252 3363 566 3427 Νινευῖταις
600 3362 1047 3435 ἐπραγματεύετο
1096 3363 1233 3417 κατά
1282 3363 1378 3433 τὴν
1439 3362 1676 3432 μεγάλην

112 3456 263 3509 αὑτοῦ
302 3456 499 3523 σοφίαν
531 3456 670 3525 (17),
700 3457 793 3509 καὶ
823 3456 964 3509 κατά
998 3456 1065 3513 τά
1094 3455 1489 3528 ἁνεξερεύνητα
1514 3454 1676 3508 αὑτοῦ

112 3547 366 3616 κρίματα,
394 3548 489 3599 καὶ
513 3545 621 3599 τῶν
647 3545 779 3599 ὁδῶν
802 3545 966 3600 αὐτοῦ
986 3547 1046 3599 τὸ
1078 3545 1477 3615 ἀνεξιχνίαστόν
1507 3561 1563 3596 τε
1586 3546 1679 3598 καὶ

113 3639 524 3707 ἀκατάληπτον·
581 3636 716 3701 οὔτ’,
766 3638 923 3709 εἴπερ
987 3639 1273 3709 ἠπίστατο,
1322 3637 1396 3708 μὴ
1454 3636 1678 3691 ἀκολου-

115 3726 263 3796 θῆται
282 3726 421 3797 Θεῷ,
453 3728 521 3779 δι’
551 3720 613 3780 οῦ
640 3744 745 3799 περ
767 3726 1016 3781 ἐϐούλετο
1039 3728 1238 3798 τρόπου
1263 3725 1358 3798 τὴν
1409 3726 1678 3797 σωτηρίαν

116 3820 330 3884 ἐκείνοις
367 3819 748 3891 μηχανωμένῳ
770 3820 899 3889 (18).
931 3820 1004 3873 Τὸ
1032 3820 1087 3873 δὲ
1113 3820 1177 3891 δὴ
1220 3821 1313 3872 καὶ
1341 3819 1568 3883 οἴεσθαι,
1603 3818 1679 3883 ὡς

119 3912 443 3983 ἀποκρύψειν
483 3912 595 3981 (19)
627 3913 816 3965 ἑαυτὸν
845 3911 921 3983 τῷ
948 3913 1175 3982 πελάγει
1200 3914 1430 3984 ἤλπισεν
1471 3913 1674 3979 Ἰωνᾶς,

119 4005 202 4056 καὶ
250 4004 339 4057 τόν
374 4004 550 4075 μέγαν
599 4004 877 4076 ὀφθαλμὸν
914 4006 1007 4059 τοῦ
1046 4005 1181 4059 Θεοῦ
1230 4005 1580 4078 διαλήσεσθαι
1611 4009 1676 4077 τῇ

122 4100 276 4167 φυγῇ,
313 4098 388 4168 μὴ
425 4098 523 4151 κα)⁸
562 4096 839 4162 παντελῶς
893 4096 1092 4151 ἄτοπον
1210 4100 1304 4152 κα).
1334 4098 1678 4161 ἀπαίδευτον,

122 4190 206 4241 καὶ
235 4190 328 4261 οὐχ
359 4191 511 4253 ὅπως
540 4191 670 4261 περὶ
729 4193 1010 4263 προφήτου
1065 4191 1415 4246 πιστεύεσθαι
1457 4192 1566 4262 (‘20)
1605 4191 1681 4244 δί-

124 4297 281 4345 καιον,
314 4279 430 4333 ἀλλ’
458 4280 582 4334 οὐδὲ
610 4282 738 4353 περὶ
769 4280 927 4336 ἀλλου
954 4283 1099 4346 τινὸς
1136 4282 1244 4336 τῶν
1271 4283 1396 4338 νοῦν
1428 4284 1677 4353 ἐχόντων,

159 4472 201 4504 ⁸³
230 4471 349 4527 Jon.
375 4486 416 4537 1,
438 4469 473 4524 3
500 4479 554 4526 et
582 4482 735 4539 seqq.
817 4466 863 4499 "
903 4464 1060 4520 Rom.
1091 4481 1170 4530 XI,
1198 4464 1286 4518 55.

1783 3270 1875 3324 Dei
1910 3271 2191 3325 consilium
2229 3272 2539 3341 ignorasse;
2584 3288 2681 3341 pro
2712 3274 2915 3341 ingenti
2954 3274 3205 3327 nimirum
3244 3290 3343 3328 sua

1782 3366 2040 3434 sapientia
2065 3406 2080 3431 ,
2115 3375 2168 3421 et
2198 3366 2635 3422 inscrutabilibus
2656 3368 2879 3436 judiciis
2909 3369 3114 3438 viisque
3144 3370 3345 3435 imper-

1783 3457 2187 3527 vestigabilibus
2221 3467 2382 3527 atque
2409 3457 3044 3527 incompreltensibilibus
3074 3460 3142 3525 “,
3174 3460 3222 3512 id
3252 3474 3347 3529 per

1785 3549 1959 3603 minas
1998 3549 2239 3618 agentis,
2276 3559 2332 3603 nt
2363 3566 2430 3605 ne
2480 3567 2540 3606 ea
2561 3592 2574 3614 ,
2607 3566 2725 3620 quze
2753 3551 2911 3605 minae
2940 3550 3213 3614 ferebant,
3255 3550 3349 3604 Ni-

1786 3642 1965 3696 nivita:
1994 3650 2305 3710 paterentur
2338 3660 2351 3696 :
2387 3657 2506 3708 nec,
2542 3643 2585 3697 si
2619 3643 2831 3712 quidem
2868 3643 2970 3695 hoe
3002 3654 3343 3711 perspectum

1787 3733 2039 3797 habebat,
2071 3732 2176 3787 Deo
2204 3735 2426 3804 obsequi
2459 3749 2761 3798 recusasse,
2788 3748 2895 3802 quo
2921 3732 3135 3787 volebat
3160 3735 3341 3797 modo,

1787 3826 2013 3881 salutem
2042 3824 2146 3879 illis
2172 3824 2501 3894 procuranti.
2533 3822 2666 3879 Illud
2700 3838 2861 3894 porro
2889 3824 3220 3887 existimare,
3257 3821 3349 3877 Jo-

1786 3934 1905 3972 nam
1942 3919 1993 3971 in
2029 3931 2176 3987 spem
2210 3918 2484 3972 inductum
2521 3917 2684 3971 fuisse
2708 3955 2724 3980 ,
2774 3915 2892 3970 fore
2917 3954 2932 3980 ,
2968 3921 3027 3967 ut
3066 3915 3198 3967 mari
3230 3926 3351 3967 sese

1784 4011 2169 4075 absconderet,
2212 4024 2572 4079 magnumque
2604 4009 2695 4063 Dei
2748 4007 2961 4063 oculum
2997 4006 3238 4069 falleret,
3279 4020 3345 4058 an

1785 4115 1890 4154 non
1944 4099 2179 4167 ineptum
2220 4114 2439 4168 prorsus
2498 4109 2553 4154 et
2597 4099 2888 4153 absurdum
2941 4097 3124 4161 fuerit,
3185 4107 3348 4165 atque

1784 4192 2081 4262 indignum,
2111 4193 2254 4261 quod
2299 4208 2405 4247 non
2444 4192 2619 4247 dicam
2654 4193 2718 4247 de
2743 4191 3026 4262 propheta,
3072 4189 3349 4254 credatur,

1786 4285 1880 4342 sed
1911 4300 1977 4340 ne
2005 4285 2071 4340 de
2101 4285 2206 4339 alio
2232 4286 2446 4355 quidem
2477 4286 2585 4341 ullo
2622 4293 2803 4339 mente
2828 4284 3052 4354 praedito
3075 4321 3090 4346 ,
3119 4295 3182 4335 ac
3214 4280 3353 4336 divi-

187 4646 289 4717 (lO)
320 4582 708 4717 ’ᾼά-εσαλειας.
754 4646 983 4715 Exponit
1014 4644 1159 4699 Elias
1187 4659 1200 4695 :
1243 4662 1261 4694 ι
1289 4642 1384 4717 _Ne
1430 4642 1672 4711 plerique
1707 4644 1754 4703 ι)
1779 4640 1952 4717 Cnlb..
1986 4648 2089 4691 etc.
2136 4636 2362 4717 Basilius
2406 4602 2537 4717 vero.
2567 4634 2793 4717 etmElias
2840 4634 2981 4717 hunc
3036 4631 3346 4717 viruinsaf

126 4713 307 4779 etrent,
340 4715 481 4784 fuga:
506 4731 658 4778 meae,
688 4717 771 4771 vel
803 4713 1004 4772 reditus
1033 4728 1248 4768 causam
1288 4713 1617 4784 ignorantes.
1651 4729 1669 4761 ι

185 4786 287 4855 (11)
309 4782 692 4853 Κατελήφθη.
715 4788 768 4839 In
783 4786 924 4841 banc
946 4799 1127 4840 vocem
1152 4782 1418 4855 majorest
1434 4782 1681 4837 codicum

130 4867 173 4909 et
192 4853 544 4924 interpretum
578 4870 895 4919 consensus,
931 4870 1092 4924 quam
1127 4864 1183 4907 ut
1212 4853 1544 4908 retineamus
1589 4868 1683 4903 κα-

126 4926 379 4995 τελείφθη,
405 4925 557 4995 quod
581 4925 776 4995 habent
799 4925 950 4995 editi,

148 4991 288 5119 (ἐξ)
345 4991 663 5063 "Aman.
718 4994 851 5051 Tres
916 4993 1108 5065 Regii,
1160 4992 1267 5048 duo
1316 4991 1466 5048 Colh.
1517 4992 1686 5059 ἀναγ-

148 5083 197 5119 νει
228 5082 280 5119 n.

352 5132 436 5203 Τῇ
486 5133 771 5202 σωτηρίᾳ.
833 5133 967 5202 Reg.
1026 5149 1080 5201 n,
1147 5132 1203 5189 in
1256 5148 1372 5198 ora,
1423 5131 1521 5202 τὴν
1577 5146 1687 5183 σωκ

130 5220 218 5259 τηρ
238 5226 321 5259 αν.

238 5226 299 5260 αν
306 5247 321 5262 ο

130 5220 772 5399 τηζίῗῖὶίαῖαλυθῆναι.
794 5292 813 5327 ι
846 5274 975 5341 Qua:
993 5288 1061 5329 ne
1079 5272 1518 5338 labefactaretur,
1551 5271 1688 5340 peri-

133 5360 183 5399 αι
204 5364 284 5399 um
300 5361 393 5399 era
462 5365 483 5398 ι

133 5357 284 5401 Cille
300 5357 436 5401 erat.
462 5365 483 5398 ι

190 5418 291 5488 (l5)
342 5418 437 5482 Ὡς
476 5414 547 5468 δὲ
577 5415 713 5488 ἐγώ,
762 5428 870 5488 etc.
910 5415 966 5469 In
1019 5414 1246 5488 quodam
1299 5413 1484 5468 Graaco
1516 5410 1681 5488 scho-

314 5476 553 5557 legi-tur;
597 5476 877 5557 Ὦριγένην
912 5476 1097 5557 σαφῶς
1130 5476 1547 5557 αἰνίττεταιηοῦ
1585 5480 1679 5557 καί

136 5552 673 5629 ὶξήγησινίὲπιιξέρει,
693 5552 1083 5629 εὑρισκομένην
1114 5553 1297 5629 σαφῷς
1322 5555 1378 5606 ὲν
1402 5555 1515 5629 τοῖς
1539 5552 1677 5629 κατὰ

137 5602 1674 5703 τι·ιττάξίξξῆῇῆίιξθξιξῑἵειςιηζδῖ-ίέιιςω⁷εῑέηίηέ

139 5706 233 5766 est,
251 5698 400 5765 cujus
425 5695 585 5766 etiam
625 5695 1012 5766 expositionem
1044 5695 1302 5762 adjungit,
1328 5702 1674 5766 qum__aperte

142 5764 182 5816 in
204 5761 338 5821 illius
366 5768 418 5820 in
458 5765 648 5821 Jonam
680 5761 1070 5821 commentario
1097 5761 1355 5818 occurrit.
1383 5781 1400 5814 ι
1440 5761 1561 5815 llzee
1590 5776 1673 5816 ea-

144 5838 240 5890 dem
282 5838 481 5894 habent
506 5837 593 5891 alii
638 5837 818 5909 plures
845 5836 1146 5894 scholiasta:
1186 5836 1237 5889 in
1273 5835 1426 5891 codd.
1472 5832 1669 5905 Regiis,

1788 4710 2019 4778 pientem
2065 4722 2183 4778 esse
2230 4705 2739 4778 Mct_hodium_]‘yri
2791 4704 3103 4767 episcopum
3147 4701 3349 4754 diserte

1787 4773 2071 4832 inllirmant.
2117 4777 2190 4829 Ex
2230 4776 2422 4844 quibus
2453 4773 2932 4844 manifestnmﬁest,
2962 4786 3070 4839 quo
3111 4779 3349 4844 tempore

1789 4849 2060 4903 scribebat
2090 4842 2259 4911 Elias,
2300 4844 2571 4898 exstitisse
2603 4842 2854 4895 lilethodii
2902 4842 3347 4911 commentarium

1791 4919 1843 4972 in
1891 4916 2106 4982 Jonam,
2153 4907 2414 4985 siquidem
2453 4914 2595 4985 hanc
2647 4911 3142 4985 interpretationem
3191 4907 3350 4985 sein

1791 4987 2040 5042 Methodii
2069 4977 2457 5043 commentario
2487 4983 2679 5052 legisse
2720 4977 2963 5052 teStaAtnr.
2993 4977 3351 5052 Cetnbelisius

1790 5072 1889 5112 nec
1922 5057 2229 5125 Origenem,
2263 5069 2363 5108 nec
2405 5046 2733 5106 Metlfodium
2760 5068 2788 5104 a
2829 5048 3089 5125 Gregorio
3126 5046 3353 5116 intelligi

1789 5136 1959 5196 putat,
1989 5119 2081 5180 séd
2126 5125 2289 5178 alium
2325 5125 2490 5196 ipsius
2531 5124 2786 5196 temporis
2830 5119 3289 5196 virum_doctu_tu,
3320 5132 3351 5169 a

1787 5188 1896 5266 quo
1931 5188 1980 5251 id
2015 5196 2282 5257 audierat,
2311 5188 2423 5249 sive
2452 5194 2498 5248 is
2530 5195 2611 5247 vir
2639 5188 2827 5248 doctus
2858 5191 2909 5244 in
2944 5188 3177 5259 Origene
3208 5188 3350 5255 lege-

1792 5277 1896 5330 rat,
1922 5267 2034 5321 sive
2064 5267 2177 5331 ipse
2207 5266 2504 5319 invenerat.

1855 5324 1967 5407 (l6)
2007 5324 2443 5406 Meminiteg.
2472 5349 2504 5404 y
2533 5331 2823 5404 σωτηρίαν,
2854 5338 2909 5385 et
2939 5328 3005 5382 ad
3048 5341 3199 5381 oram
3230 5324 3355 5379 κλο-

1784 5424 1912 5462 πην.

1828 5408 1962 5548 ήόθ)
2000 5474 2161 5531 Κατὰ
2209 5475 2324 5541 τὴν
2372 5473 2642 5544 μεγάλην
2694 5470 2879 5548 αὑτοῦ
2931 5468 3174 5536 σοφίαν.
3230 5465 3353 5519 Ηωο

1781 5544 1973 5602 deSunt
2005 5551 2053 5600 in
2076 5547 2241 5616 llegg.
2270 5561 2457 5616 novem
2490 5544 2846 5616 τιθεῖ-0011).

1852 5619 1963 5686 (18)
2002 5607 2443 5685 Μηχᾶἑῖωμέννῳ.
2470 5614 2641 5686 _L'ois|.
2667 5613 2718 5677 1,
2746 5607 3164 5686 μηχανωμένου.

1852 5679 1959 5758 (19)
2011 5679 2421 5755 Ἀἐὸκρύψεηᾶ
2467 5684 2641 5758 ltegg.
2667 5693 2705 5749 ι,
2734 5679 3125 5758 ἀπέκρύπτειν.
3253 5744 3311 5758 Α-

1852 5744 1961 5827 (20)
2002 5744 2409 5812 ῙΙιστεῦεᾶθαι.
2467 5744 2664 5824 11ιςιέξἸ.
2692 5744 2764 5810 ἐι
2814 5744 3017 5817 Cdmb.
3056 5744 3353 5815 πιστευθῆ..

1780 5846 1883 5883 ναι.
