1912 3256
288 178 339 206 519

888 179 915 206 S.
937 180 1101 210 GREGORII
1123 182 1294 212 THEOLOGI

1853 193 1891 221 520

284 243 346 264 cere
362 234 535 263 licet:Facti
559 244 650 262 sumus
675 235 745 262 nobis
774 237 801 262 in
821 239 987 266 saturitatem
999 240 1031 274 “,
1059 245 1203 276 antequam
1219 247 1323 277 gustum
1345 242 1426 270 ullum
1454 243 1539 272 nostri
1565 246 1766 283 specimenque
1787 250 1891 284 pmbuii

290 289 398 314 semus;
416 282 486 316 quod
505 281 580 308 valde
597 282 748 308 mirandum
763 286 814 309 est.

318 328 373 364 69
389 327 420 356 ll.
438 327 492 355 Nec
503 335 567 355 vero
582 335 632 355 nos
644 334 672 354 ut
684 328 804 362 hospites
817 329 963 365 collegistis
974 331 1008 363 ".
1021 339 1053 358 au

1152 331 1189 358 θ’.
1204 331 1259 358 Καὶ
1276 331 1336 358 οὐδὲ
1350 331 1387 364 ὠς
1408 331 1499 365 ξένους
1515 333 1589 368 ἡμᾶς
1613 335 1815 370 συνηγάτ-ητε,
1828 339 1842 374 ἢ
1856 348 1890 366 συ-

283 373 433 405 nobiscum,
448 377 476 399 ιιι
490 372 601 407 aliquid,
616 374 687 409 quod
703 374 831 408 majorem
848 376 1064 404 connniseratio-

283 426 344 447 nem
362 426 417 453 prze
433 425 462 445 se
478 418 558 450 ferat,
571 418 671 450 dicam,
683 418 790 447 collecti
801 420 876 451 estis,
890 421 914 457 [si
930 421 1000 448 nulla
1013 422 1065 450 alia

282 471 323 496 re,
339 470 371 490 ac
386 467 461 491 certe
473 467 609 498 praecepto
625 463 717 491 divino
725 465 862 492 -commoti
880 474 887 492 :
904 473 955 493 nec:
969 471 997 493 ut
1017 475 1066 495 no-

282 517 344 536 vum
362 509 496 543 negotium
512 509 731 543 aggredientibus
756 518 865 538 manum
886 512 1064 546 porrexistis,

282 562 332 582 nec
351 559 379 582 ut
394 555 495 582 timidis
512 555 631 581 animum
646 555 806 588 addidistis,
828 564 877 585 nec
891 563 920 583 ut
934 557 988 584 vim
1004 565 1066 593 per-

281 600 368 635 pessis
393 600 519 627 solatium
545 599 673 627 attulistis
689 610 695 628 :
712 601 759 628 sed
778 601 930 629 infcstivam
944 622 952 635 ,
971 610 1066 631 vereor

282 646 383 678 dicere,
398 647 445 673 sed
461 646 603 674 dicendum
618 650 658 674 est
675 652 780 679 tamen,
801 648 877 674 nobis
893 647 1063 676 festivitatem

282 691 454 725 reddidistis,
468 692 658 727 przeludiisque
674 692 785 720 minime
800 692 896 721 faustis
917 701 966 721 nos
986 701 1065 722 exce-

281 737 372 770 pistis,
387 744 419 765 ac
433 737 619 765 celebritatem
633 738 763 765 maestitia
775 737 901 770 dilnistis,
915 743 1007 773 utpote
1020 747 1066 767 vo-

282 783 335 814 bis,
348 783 418 817 quod
431 783 464 810 ad
477 784 669 811 cumulandum
680 784 805 819 gaudium
816 784 926 811 maximi
937 786 1064 813 tuomenti

283 833 354 861 erat,
367 829 516 856 victoribus
528 829 612 862 meis,
628 837 680 857 non
698 829 770 856 enim
784 837 845 857 vere
857 830 969 857 dixerim
987 839 1064 858 ama-

289 874 393 901 toribus
417 879 565 901 carentem.
588 874 663 902 Adeo
679 874 757 902 facile
777 874 803 901 in
821 880 1002 910 contemptum
1018 884 1065 904 ve-

1121 376 1237 412 νήχθητε
1250 376 1310 412 μεθ’
1325 377 1415 412 ἡμῶν,
1433 377 1465 404 ῐν¹
1476 378 1544 405 εἴπω
1558 388 1585 406 τι
1604 380 1836 417 συμπαθέστερον,
1846 385 1890 411 ταύ-

1118 431 1178 457 την,
1195 423 1220 448 εί
1237 420 1292 458 μὴ’
1303 431 1330 449 τι
1344 423 1417 455 ἄλλο,
1437 424 1487 459 τὴν
1501 424 1613 460 ἐντολὴν
1636 426 1805 460 αἰδεσθέντες
1823 430 1891 465 (82‘)-

1118 468 1178 495 οὐδὲ
1190 468 1227 500 ὡς
1244 469 1410 504 ἀρχομένους
1421 470 1677 506 ἐχειραγωγήσατε,
1694 473 1754 500 οὐδὲ
1767 474 1801 506 ὡς
1811 475 1891 509 δειλοὺς

1119 512 1292 548 ὲθαρσύνατε,
1307 513 1366 540 οὐδὲ
1380 512 1417 545 ὼς
1433 514 1591 549 βιασθέντας
1610 518 1816 552 παρεκαλέσατι
1826 529 1832 536 ·
1848 522 1891 548 ἀλλ’

1118 556 1244 592 ἀιέορτον
1261 558 1336 592 ἡμῖν,
1366 558 1436 584 ὀκνῶ
1462 559 1512 594 μὲν
1537 561 1639 594 είπεῖν,
1660 563 1779 598 είρήσθω
1789 564 1813 591 δὲ
1824 566 1889 601 ὅμως,

1119 604 1287 639 πεποιήκατε
1303 602 1352 639 τὴν
1370 603 1477 640 ἑορτὴν,
1502 606 1548 632 καὶ
1562 608 1724 643 προοιμίοις
1741 610 1788 636 οὒκ
1802 611 1889 644 ἀγαθοῖς

1117 650 1192 684 ἡμᾶς
1218 649 1393 683 ὲδεξιώσασθε
1415 650 1486 686 (85)·
1515 652 1562 679 καὶ
1589 654 1624 689 τῇ
1654 655 1803 692 πανηγύρει
1825 660 1888 693 κατή-

1117 702 1195 728 φειαν
1212 695 1386 730 κατεμίξατε,
1402 696 1432 723 τὸ
1447 697 1574 732 μέγιστον
1588 701 1631 731 εἰς
1644 700 1743 737 ἡδονὴν
1754 702 1800 729 οὐκ
1813 704 1888 739 Excisa

1115 740 1177 771 τοὺς
1189 741 1271 775 ἐμοὺς
1285 742 1396 777 νικητὰς
1408 743 1488 777 ὑμᾶς,
1500 744 1531 769 οὐ
1544 745 1599 780 γὰρ
1620 746 1742 781 ἐραστὰς
1754 749 1832 774 εἰπεῖν
1841 750 1887 785 ἀλη-

1116 785 1171 817 θές.
1187 784 1280 818 Οὕτως
1293 788 1529 825 εὐκαταφρόνητον
1547 791 1623 817 ἅπαν
1636 792 1668 818 τὸ
1685 792 1781 828 ῥᾳδίως
1793 784 1887 829 νικώμεν-

1114 840 1160 858 νον
1170 840 1177 847 ·
1190 833 1237 859 καὶ
1250 833 1430 868 θεραπεύεται
1456 835 1505 871 μὲν
1525 836 1556 863 τὸ
1572 836 1690 873 ὑψηλὸν,
1710 838 1885 874 ἁτιμάζεταιδὲ

1114 878 1144 904 τὸ
1159 878 1218 914 Θεῷ
1234 880 1454 916 ταπεινούμενον.

284 919 336 953 nit,
353 920 481 955 quidquid
496 920 574 949 facile
604 926 747 956 superatur
762 932 770 949 :
787 927 867 957 atque
897 927 926 950 ut
959 924 1009 950 coli
1043 929 1070 951 et
1098 925 1236 953 obschari
1259 927 1323 954 solet
1337 948 1344 960 ,
1368 929 1413 964 qui
1437 929 1505 958 altos
1528 931 1642 966 spiritus
1659 932 1747 967 gerit;
1767 933 1800 960 ita
1814 939 1884 960 contra

282 965 361 993 facile
374 966 566 999 contemnitur,
580 967 625 1001 qui
643 966 697 994 Deo
712 973 742 994 se
756 966 885 994 humilem
899 975 931 994 ac
947 969 1107 997 submissum
1125 970 1236 1005 praebet.

317 1010 360 1038 Ill.
386 1010 455 1044 Quid
471 1011 574 1039 vultis?
590 1011 732 1040 Judicione
753 1017 782 1040 ut
797 1013 933 1041 vobiscum
949 1021 1057 1042 conten-

1148 1016 1183 1042 I".
1201 1017 1234 1043 Τί
1250 1016 1394 1052 βούλεσθε;
1408 1020 1503 1055 Κριθῶ
1516 1021 1584 1057 (85⁸)
1603 1021 1676 1057 πρὸς
1686 1022 1768 1057 ὑμᾶς,
1785 1024 1799 1058 ῆ
1811 1024 1883 1059 κριτὴς

280 1060 358 1091 dam,
381 1065 415 1085 an
439 1062 468 1085 ιιι
494 1063 585 1085 vester
603 1059 660 1093 ipse
676 1059 726 1085 siin
738 1058 820 1093 judex
832 1059 844 1086 ?
857 1060 1018 1087 sententiam
1033 1066 1062 1087 nt

280 1104 382 1135 feram,
407 1111 441 1130 an
465 1108 494 1130 ut
518 1104 671 1138 accipiam?
695 1103 762 1131 Nam
783 1110 924 1140 utrumque
941 1106 1060 1133 futurum

279 1157 370 1184 spero,
385 1153 414 1176 ut
427 1148 486 1176 sive
500 1149 532 1176 de
547 1157 590 1176 me
601 1149 733 1184 judicium
750 1150 862 1182 feratur,
876 1150 962 1178 victor
974 1152 1061 1179 disce-

278 1195 339 1222 dam
356 1204 363 1221 :
382 1195 439 1222 sive
459 1194 492 1222 de
510 1202 591 1222 causa
608 1196 797 1230 pronuntiem,
818 1196 890 1230 juste
912 1205 943 1224 ac
967 1198 1061 1225 merito

279 1248 328 1267 vos
348 1241 538 1268 condemnem.
555 1241 665 1268 Crimen
686 1247 774 1269 autem
788 1247 907 1270 vestrum
925 1243 987 1270 illud
1002 1249 1060 1276 est,

277 1287 349 1322 quod
369 1294 538 1321 nequaquam
557 1287 584 1313 in
599 1295 692 1314 amore
711 1287 787 1315 nobis
808 1289 991 1323 respondctis;
1013 1297 1061 1317 nec

278 1340 327 1368 pro
338 1340 371 1359 eo
383 1333 453 1367 quod
474 1332 550 1359 vobis
565 1340 666 1360 rnorem
682 1333 831 1368 gessimus,
850 1334 927 1361 nobis
941 1335 1059 1361 vicissim

278 1378 407 1405 honorem
424 1377 590 1411 repentlitis;
607 1385 656 1405 nec
668 1386 728 1405 eam
745 1386 815 1406 nunc
831 1379 980 1406 animorum
1001 1380 1059 1406 ala-

277 1422 402 1449 critatem
427 1420 545 1454 aiIertis,
570 1429 630 1456 qua:
654 1422 719 1449 inihi
743 1422 776 1449 ad
797 1424 864 1451 bene
883 1424 917 1451 de
942 1424 1017 1451 vobis
1033 1425 1059 1452 in

277 1472 414 1503 posterum
432 1468 593 1503 sperandum
611 1469 732 1503 pignoris
748 1469 807 1497 loco
822 1469 858 1497 sit
873 1479 879 1497 :
897 1470 977 1505 idque
996 1478 1057 1498 cum

277 1512 359 1539 etiam
377 1513 398 1540 si
414 1514 471 1547 ipsa
488 1514 647 1546 accesserit,
671 1514 715 1541 vix
742 1518 831 1542 tamen
854 1516 919 1543 satis
940 1515 1059 1551 locuples

1114 1061 1253 1097 γένωμαι;
1274 1064 1377 1097 ἐνέγκω
1391 1064 1491 1100 ψῆφον,
1505 1065 1522 1102 ἢ
1541 1067 1682 1103 δέξωμαις
1702 1070 1755 1095 Καὶ
1765 1070 1812 1105 γὰρ
1827 1072 1882 1105 νική‹

1114 1115 1170 1133 σειν
1182 1107 1293 1140 ἐλπίζω,
1305 1110 1473 1145 κρινόμενος,
1488 1113 1534 1139 καὶ
1549 1114 1782 1150 καταψηφιεῖσθαι
1793 1116 1881 1148 δικαίως

1113 1152 1337 1188 ἀποφαινόμενος.
1352 1155 1388 1181 Τὸ
1406 1156 1434 1182 δὲ
1449 1156 1584 1193 ἔγκλημα,
1603 1160 1646 1186 ὅτι
1660 1159 1697 1196 μὴ
1714 1162 1768 1192 τοῖς
1779 1161 1835 1193 ἴσοις
1847 1163 1880 1196 μέ-

1113 1206 1187 1233 τροις
1200 1198 1254 1234 (8ί)
1268 1200 1412 1235 ἀμείϐεσθε
1424 1202 1474 1237 τῆς
1487 1203 1598 1239 ἀγάπης
1618 1206 1704 1241 ἡμᾶς,
1719 1207 1784 1241 μηδὲ
1797 1208 1838 1242 τῆς
1849 1208 1880 1233 εὶ-

1115 1243 1234 1276 πειθείας
1252 1244 1300 1280 τὴν
1319 1246 1401 1282 τιμὴν
1418 1247 1573 1281 ἁντιδίδοτε,
1592 1251 1662 1286 μηδὲ
1683 1250 1713 1278 τὸ
1728 1251 1814 1287 μέλλον
1828 1252 1878 1287 (86⁸)

1113 1289 1248 1323 ἐγγυᾶσθε
1271 1292 1303 1326 τῇ
1327 1291 1374 1318 νῦν
1387 1293 1537 1330 προθυμίᾳ,
1559 1295 1640 1330 μόγις
1658 1297 1706 1323 καὶ
1725 1298 1788 1332 μετὰ
1803 1299 1879 1332 ταύτης

1114 1335 1288 1370 πιστευθῆναι
1299 1335 1446 1373 δυνάμενον
1455 1347 1462 1354 ο
1483 1340 1575 1377 ἐπειδὴ
1588 1341 1754 1379 θερμότερος
1766 1344 1829 1375 ἄπας
1840 1345 1877 1379 ἀρ-

1112 1379 1235 1414 χόμενος.
1269 1381 1365 1414 Ἄλλος
1388 1383 1417 1410 δὲ
1432 1383 1497 1411 ἄλλο
1525 1394 1551 1412 τι
1582 1388 1777 1424 προτιμότερον
1796 1389 1878 1415 τίθεσθε

1113 1425 1221 1452 καὶτοῦ
1244 1427 1358 1454 παλαιοῦ
1384 1430 1431 1456 καὶ
1452 1430 1498 1457 τοῦ
1521 1432 1584 1459 νέου
1614 1435 1743 1469 ποιμένος
1756 1435 1814 1471 (85),
1826 1436 1876 1470 μήτε

1111 1470 1160 1506 τὴν
1185 1471 1280 1499 πολιὰν
1304 1473 1467 1510 αἰδούμενοι,
1491 1477 1560 1512 μήτε
1580 1478 1631 1506 τὴν
1651 1480 1763 1508 νεόττιτσ.
1782 1489 1876 1511 προσκι-

1112 1515 1235 1551 λούμενοι
1240 1537 1247 1543 .

277 1567 390 1594 sponsor
413 1567 473 1587 esse
492 1565 570 1595 queat
594 1560 672 1588 oiilcii
697 1562 722 1589 in
746 1563 864 1590 futurum
888 1564 1056 1598 praestandi:
1078 1565 1203 1598 quoniam
1233 1565 1321 1593 acrior
1340 1574 1372 1594 ac
1388 1568 1536 1597 ferventior
1552 1571 1643 1605 quivis
1673 1580 1733 1600 esse
1745 1573 1870 1604 solel.cum

277 1607 376 1641 aliquid
390 1608 553 1642 auspicatur.
564 1608 635 1641 Quin
647 1609 736 1643 potius
766 1610 810 1637 alii
840 1610 893 1637 alia
916 1611 1031 1643 habetis,
1054 1618 1113 1645 quae
1132 1616 1159 1638 et
1171 1613 1255 1639 veteri
1277 1610 1304 1640 et
1322 1621 1391 1643 novo
1409 1617 1509 1650 pastori
1526 1619 1694 1653 przeferatis,
1713 1629 1760 1648 nec
1775 1622 1874 1648 canitiem

277 1655 380 1683 honore
393 1660 603 1690 prosequentes,
624 1664 674 1684 nec
693 1656 840 1690 iuvenilem
855 1663 961 1685 aetatem
980 1659 1143 1686 excitantes.

314 1702 358 1729 IV.
383 1702 526 1730 Enimvero
549 1711 575 1730 ιιι
594 1704 745 1739 Evangeliis
769 1705 840 1733 lauta
866 1711 894 1733 et
917 1706 1057 1740 magnifica

1146 1705 1183 1733 A'.
1198 1707 1308 1734 Δεῖπνόν
1337 1709 1411 1736 ἐστιν
1436 1710 1465 1737 ὲν
1490 1713 1546 1744 τοῖς
1570 1713 1747 1748 Εὑαγγελίοις
1764 1713 1871 1749 λαμπρὸν.

277 1754 354 1774 caena
362 1752 403 1775 est
412 1747 443 1780 “,
456 1753 482 1775 et
491 1748 575 1775 honus
585 1757 616 1776 ac
628 1749 739 1777 festivus
750 1751 919 1785 convivator,
930 1756 957 1779 et
967 1752 1058 1784 amici,

278 1798 305 1820 et
319 1793 472 1820 convivium
485 1814 492 1825 ,
510 1799 538 1822 ut
553 1795 578 1821 in
597 1795 642 1822 filii
660 1797 761 1831 nuptiis
774 1798 807 1830 η,
821 1797 1056 1832 iucundissimum.

276 1836 469 1865 Convocantur
490 1838 527 1865 illi
541 1859 548 1871 ,
573 1847 623 1866 nec
650 1845 738 1867 tamen
758 1842 888 1869 veniunt:
905 1850 985 1876 quam
1001 1850 1057 1870 rem

275 1882 336 1917 ipse
350 1884 448 1910 acerbe
463 1883 565 1915 ferens,
577 1889 605 1911 ut
617 1885 649 1912 iis
660 1893 719 1919 qua:
734 1886 893 1914 intermedia
909 1893 980 1921 sunt,
993 1888 1056 1916 mali

277 1927 376 1954 ominis
392 1927 493 1955 vitandi
508 1935 588 1955 causa
601 1949 608 1962 ,
630 1931 833 1964 prmtermissis,
850 1933 939 1960 minus
961 1940 1056 1968 aspere

276 1973 385 2008 loquar,
397 1973 458 2000 aliis
473 1974 626 2002 hominibus
638 1976 790 2004 convivium
803 1985 880 2005 suum
892 1979 1055 2014 implendum

274 2019 394 2046 curat".
416 2018 471 2046 lioc
487 2020 597 2054 quidem
612 2022 713 2049 utinam
729 2022 798 2051 Deus
811 2032 825 2050 a
841 2025 917 2052 vobis
930 2031 1032 2054 avertat
1046 2037 1053 2055 :

273 2065 320 2092 sed
344 2069 431 2092 tamen
443 2085 451 2097 ,
474 2066 608 2099 quomodo
629 2067 654 2094 id
671 2067 770 2095 leniter
785 2070 955 2106 proloquar?
971 2073 1055 2101 subli-

273 2110 344 2137 mius
360 2113 406 2136 aut
422 2109 581 2138 insolentius
597 2119 702 2139 mecum
717 2113 810 2148 egistis
821 2134 828 2146 ,
844 2122 925 2149 quain
939 2117 976 2144 iiii
992 2117 1054 2152 qni,

273 2156 327 2191 7o
340 2163 399 2184 cum
412 2156 514 2183 invitati
525 2163 626 2191 essent,
639 2166 743 2186 comam
759 2160 913 2189 insultando
926 2164 1052 2198 repudia-

272 2205 351 2233 runt,
368 2206 448 2236 atqne
463 2202 622 2229 invitantem
636 2205 797 2232 contumelia
816 2205 966 2234 atiecerunt
982 2217 988 2235 :
1006 2216 1053 2236 vos

273 2252 400 2279 namque,
415 2253 475 2273 cum
493 2254 543 2274 nec
557 2248 694 2281 extranei,
715 2256 763 2276 nec
776 2257 809 2277 ex
823 2258 915 2278 eorum
928 2272 935 2285 ,
955 2253 999 2286 qui
1017 2254 1051 2281 ad

273 2290 380 2325 nuptias
398 2291 555 2327 invitantur,
570 2300 681 2321 numero
694 2294 762 2326 sitis.
776 2296 822 2331 qui
839 2305 881 2324 me
895 2299 984 2332 potius
1002 2298 1052 2333 ipsi

307 2379 328 2394 ¹¹
340 2378 392 2406 lsa.
408 2387 428 2412 ι,
444 2380 487 2407 M.
528 2381 548 2397 “
563 2380 656 2409 Matth.
671 2390 735 2416 xxv,
751 2383 795 2410 55.
835 2384 857 2401 ¹⁸
870 2384 935 2413 Luc.
951 2394 1005 2418 xrv,
1023 2387 1066 2415 i6.

1114 1752 1161 1779 καὶ
1186 1753 1272 1786 δεξιὸς
1296 1755 1439 1792 ἑστιάτωρ,
1467 1758 1513 1784 καὶ
1526 1759 1609 1793 φίλοι,
1641 1760 1732 1787 καὶτὸ
1753 1760 1872 1795 συμπόσιον

1110 1797 1218 1831 ἣδιστον
1228 1805 1234 1813 ·
1250 1799 1306 1826 υἱοῦ
1320 1800 1373 1835 γὰρ
1397 1801 1494 1837 γάμος.
1511 1804 1566 1830 Καὶ
1579 1806 1594 1831 ό
1613 1806 1663 1840 μὲν
1677 1806 1799 1840 συγκαλεῖ
1813 1804 1871 1838 (85'),

1110 1845 1135 1870 oi
1154 1844 1182 1871 δὲ
1197 1845 1227 1871 οὐ
1249 1846 1439 1881 συνέρχονταν
1455 1850 1469 1875 ὁ
1489 1849 1517 1875 δὲ
1533 1851 1700 1884 ἀγανακτεῖ·
1722 1843 1766 1878 xit
1779 1851 1870 1885 παρίημι

1109 1890 1143 1917 τὰ
1159 1891 1188 1917 ἐν
1204 1892 1278 1927 μέσῳ
1294 1892 1336 1919 διὰ
1363 1893 1392 1920 τὺ
1407 1893 1546 1931 δύσφημον
1559 1905 1566 1912 ⁸
1586 1898 1645 1925 ἀλλ’
1663 1899 1678 1925 ὃ
1693 1898 1793 1934 μέτριον
1806 1897 1870 1923 εἰπεῖν

1108 1935 1175 1972 (86),
1193 1937 1225 1963 δι’
1237 1937 1323 1965 ἄλλων
1337 1940 1436 1976 πληροῖ
1454 1941 1484 1967 τὸ
1506 1944 1667 1978 συμπόσιον.
1685 1945 1767 1971 Τοῦτο
1786 1942 1826 1978 μὲν
1836 1938 1868 1967 οὖν

1106 1983 1300 2018 ἁπευχόμεθα*
1327 1985 1406 2021 ὑμεῖς
1432 1987 1459 2013 δὲ
1486 1988 1613 2016 τοσοῦτον
1637 1990 1744 2017 ἐκείνων
1767 1985 1868 2024 γεγόνατέ

1108 2037 1151 2064 μοι
1164 2029 1233 2064 (πῶς
1260 2031 1329 2057 είπω
1344 2032 1438 2067 πράως
1448 2033 1467 2068 ;)
1483 2034 1645 2072 ὑψηλότεροι
1662 2037 1715 2072 (87)
1730 2036 1745 2071 ἢ
1764 2033 1867 2071 θρασύτε-

1109 2082 1162 2109 ροι,
1177 2075 1238 2101 ὅσον
1259 2077 1283 2102 οἱ
1306 2077 1354 2112 μὲν
1371 2079 1533 2114 κεκλημένοι
1558 2082 1605 2108 τοῦ
1632 2082 1736 2108 δείπνου
1754 2077 1867 2112 κατεξανί-

1109 2128 1228 2153 στανται,
1249 2122 1294 2148 καὶ
1307 2123 1376 2150 κατὰ
1388 2124 1434 2150 τοῦ
1448 2126 1614 2161 κεκληκότος
1627 2127 1775 2163 ὑϐρίζουσιν
1785 2134 1791 2141 η
1807 2123 1866 2160 ὑμεῖς

1106 2165 1146 2198 δὲ,
1162 2167 1192 2193 οὺ
1208 2167 1262 2195 τῶν
1282 2168 1380 2201 ἔξωθεν
1399 2169 1484 2202 ὄντες,
1510 2172 1570 2199 οὐδὲ
1587 2174 1642 2200 τῶν
1659 2172 1818 2208 κεκλημένων
1832 2168 1865 2195 ἐπὶ

1106 2212 1167 2244 τοὺς
1196 2214 1311 2249 γάμους,
1330 2214 1387 2241 ἀλλ’
1413 2216 1489 2243 αὐτοὶ
1509 2219 1721 2253 συγκαλέσαντες
1742 2218 1814 2253 ἡμᾶς,
1829 2213 1863 2241 καί

1103 2257 1137 2291 τῇ
1156 2257 1214 2293 ἱερᾷ
1233 2259 1288 2295 (88)
1306 2260 1390 2296 ταύτῃ
1412 2263 1534 2299 τραπέζῃ
1555 2266 1758 2301 προσδήσαντες,
1778 2263 1816 2289 καὶ
1828 2258 1861 2286 τοῦ

1105 2304 1248 2338 νυμφῶνος
1271 2305 1319 2341 τὴν
1347 2306 1527 2344 λαμπρότητα
1556 2312 1769 2347 παραδείξαντες,
1789 2308 1861 2334 ἔπειτα

1105 2389 1127 2405 ¹¹
1143 2389 1238 2418 Matth.
1251 2400 1318 2426 mi,
1334 2393 1360 2421 2.
1400 2395 1422 2411 “
1439 2396 1504 2424 ibid.
1522 2398 1565 2426 10.

306 2452 373 2509 (εἴ)
394 2454 596 2489 Αἱὸεσθέντες.
621 2466 630 2483 ι
652 2458 774 2486 Divinlttn
788 2465 947 2496 prteceptum
974 2470 1050 2491 reve-
1067 2466 1089 2495 D
1104 2470 1220 2509 regeret,
1237 2473 1379 2509 postquam
1403 2472 1570 2509 §azimorum
1590 2471 1857 2509 episcopusrordinams

269 2486 325 2515 liti.
347 2497 356 2514 ι

388 2522 608 2561 Ἑδεξιώσαᾳθε.
626 2527 707 2555 Gabr.
722 2529 891 2561 ὲδεξιὼσατε.

318 2557 373 2592 83')
393 2559 495 2593 Κριθῶ.
514 2569 523 2586 ‹
538 2560 654 2589 Judicer.
674 2572 683 2588 ι

387 2594 434 2627 Μὴ
450 2594 511 2628 τοῖς
527 2595 605 2637 ισοις
618 2596 746 2637 μέςροις.
766 2608 775 2624 ι
790 2600 866 2637 Quod
884 2609 935 2627 non
958 2609 1048 2635 parem

270 2629 480 2667 nobisAanioretn
497 2629 651 2667 rependitis.
667 2629 944 2667 Nnn’pari‘mensura.
958 2629 973 2662 ἰ

305 2662 373 2697 (84⁸)
392 2663 475 2703 Μηρὲ
490 2662 661 2703 repsit/lar,
672 2672 726 2695 etc.
739 2662 753 2693 ἰ
766 2668 895 2703 Atquede
912 2670 1000 2699 futuro
1015 2680 1048 2699 ne

268 2704 300 2723 ea
315 2705 384 2725 nunc
400 2699 505 2732 quidem
521 2701 659 2728 alacritate
675 2699 823 2737 spondetis‘,
841 2713 900 2740 quae
918 2705 1002 2734 futuri
1013 2707 1047 2734 ii-

270 2732 383 2768 detnrvel
395 2733 450 2768 ipsa
460 2741 575 2768 praesens
589 2741 716 2768 prmstare
731 2738 771 2764 vix
785 2744 884 2768 nosset.
900 2750 909 2767 ι

370 2749 383 2759 ;.
395 2749 450 2766 ,μοι
460 2749 575 2767 Plancus
590 2749 716 2767 priIJSIHI'U
731 2749 771 2764 νη
785 2749 884 2767 νυδδει.
900 2750 909 2767 ι

305 2743 329 2758 ιιι
345 2743 383 2759 vet
395 2743 450 2766 ipsa
460 2743 575 2768 prasens
589 2743 716 2770 prmstare
731 2745 771 2764 Vtx
785 2744 884 2770 posset.
900 2750 909 2767 ι

305 2766 359 2805 (85)
379 2767 434 2805 καὶ
452 2768 504 2795 τοῦ
521 2770 592 2798 νέου
608 2771 758 2805 ποιμένος.
774 2773 823 2801 llic
838 2775 921 2802 haeret
937 2776 1047 2804 Combe-

269 2800 355 2846 ﬁsius,
369 2807 396 2828 et
410 2803 532 2844 ignorare
552 2813 581 2832 se
604 2800 712 2846 fatetur,
728 2800 760 2846 ajn
778 2800 1047 2846 haeciiriﬁnéi'iiié-

269 2838 376 2881 Eliytelro
387 2839 537 2878 conveniat,
551 2848 583 2866 an
598 2841 835 2881 potiusnepiscppo,
847 2846 891 2881 qui
903 2838 958 2881 iam
970 2838 1063 2874 εἶναί..

269 2871 393 2899 mortibus
408 2873 480 2901 curis
496 2881 556 2901 cum
577 2871 654 2909 patre
679 2871 835 2905 Ecclesium,
850 2871 1042 2910 ᾱέίῖξῆὶέτίἇὲη

1104 2499 1216 2543 Ῑιιέτῇιη
1226 2499 1371 2543 {for-sitan
1388 2499 1578 2543 >Gregorius,"i
1593 2499 1758 2543 iitiquiiﬁvir:
1772 2507 1855 2533 ductus.

1107 2543 1116 2560 ι
1133 2536 1231 2563 relictis
1246 2537 1372 2571 Sazimis,
1388 2541 1413 2567 in
1432 2536 1600 2571 solitudinem
1616 2536 1647 2571 se
1666 2541 1778 2572 contulit,
1791 2547 1804 2566 θ
1816 2545 1855 2572 Ψ¹³

1104 2576 1118 2595 a
1131 2575 1205 2612 patre
1216 2576 1242 2598 et
1258 2574 1351 2612 amicis
1364 2582 1514 2609 revocatus,
1526 2578 1564 2606 sic
1575 2579 1600 2606 in
1611 2577 1738 2612 frequenti
1747 2578 1854 2603 conventu

1102 2605 1251 2647 spolivsnos
1269 2610 1444 2647 crepitverba
1462 2605 1559 2640 facere.
1577 2623 1586 2638 ι
1642 2605 1667 2612 γ’
1748 2645 1769 2647 η
1822 2641 1827 2647 ,

1121 2639 1205 2681 .(δδ“)
1226 2642 1278 2681 Καὶ
1291 2639 1382 2678 δ’μὲν
1393 2647 1549 2681 συγκαλεῖ.
1566 2656 1576 2673 ι
1596 2649 1633 2675 Ac
1658 2647 1700 2674 ille
1713 2645 1805 2681 quidem
1822 2641 1853 2667 in-

1101 2676 1177 2715 vitat,
1197 2676 1244 2709 ipsi
1261 2676 1349 2706 autein
1367 2687 1419 2707 non
1439 2676 1565 2715 'veniunt,
1587 2683 1630 2710 ille
1646 2676 1731 2709 autem
1755 2680 1853 2711 indis”

1100 2714 1152 2740 lur,
1167 2720 1175 2735 ι
1193 2716 1246 2737 etc.

1134 2745 1197 2783 (85)»
1219 2746 1298 2783 Ἀλλ’
1312 2747 1328 2774 ὃ
1341 2749 1460 2783 μέτριον
1482 2751 1587 2779 εἰπεῖν.
1608 2751 1698 2779 Comb.
1710 2749 1737 2775 τὸ
1753 2746 1849 2783 μέτριυνν

1099 2787 1107 2803 ι
1129 2781 1197 2813 quod
1217 2782 1287 2809 dictu
1307 2781 1399 2811 mitius
1415 2791 1465 2813 est.
1483 2796 1492 2812 I

1113 2814 1187 2857 ,(87)
1212 2815 1422 2853 ’Υψ-ηλότεροι,
1444 2826 1496 2850 etc.
1520 2830 1530 2848 ι
1550 2821 1641 2857 Maiori
1657 2821 1725 2848 iactu
1749 2813 1849 2846 etauda-

1096 2855 1147 2876 cia.
1169 2859 1178 2875 ι

1130 2884 1185 2919 (88)
1209 2885 1248 2919 Τῇ
1260 2887 1332 2922 ἱερᾷ.
1349 2898 1358 2914 ι
1375 2889 1464 2919 Sacra:
1481 2891 1542 2919 huic
1559 2899 1664 2921 mensa.
1676 2899 1686 2915 ι
