3832 6394
167 373 240 431 521

494 351 750 409 ORATIO
791 350 881 408 Ill.
921 380 989 392 —-
1026 351 1117 405 AD
1156 349 1290 404 EOS
1326 350 1445 419 QUI
1483 348 1694 405 lPSUM
1735 346 2170 404 ACCIVERANT
2212 348 2347 403 NEC
2382 346 2919 405 OCCURRERANT.

3234 353 3337 410 522

174 476 489 538 ηταλιπύντες
525 468 670 540 ἡμᾶς
708 467 867 522 τοῦτο
901 466 1010 539 γὰρ
1044 466 1196 536 ὑμῶν
1252 466 1311 518 τὸ
1367 468 1657 535 γενναιότα·

1779 467 2233 532 convocaveritis,
2264 482 2326 522 ac
2356 476 2716 525 sacrosanctae
2741 483 2940 524 mensae
2976 473 3336 532 astrinxeritis

168 592 229 628 τον
252 568 343 641 (89)
368 583 380 597 ·
411 568 437 619 ό
464 563 554 633 μὲν
592 561 683 613 ἐπὶ
706 560 796 613 τὸν
836 558 965 611 ἴδιον
994 558 1183 627 ἀγρὸν,
1213 559 1241 610 ὁ
1272 557 1329 610 δὲ
1352 559 1444 610 ἐπὶ
1468 557 1528 610 τὸ
1551 557 1671 621 ζεῦ-

1778 557 2108 627 thalamique
2149 559 2403 630 nuptialis
2438 561 2776 629 splendorem
2805 561 3154 618 ostenderitis
3181 568 3336 621 nobis

168 681 232 734 ro;
251 660 343 715 τῶν
378 655 503 727 βοῶν
522 652 581 705 τὸ
610 651 874 721 νεώνητον
893 650 1031 718 (90),
1058 650 1087 701 ὁ
1105 649 1161 701 δὲ
1196 650 1287 702 ἐπὶ
1310 649 1407 720 τὴν
1442 652 1657 718 γυναῖκα

1776 650 1953 705 subito
1980 651 2180 707 relictis
2212 654 2332 723 (hoc
2348 653 2490 705 enim
2510 652 2720 707 facinus
2738 662 2972 708 vestrum
3004 663 3085 710 est
3113 658 3335 725 praecla-

161 760 232 824 τὴν
260 752 549 819 νεόνυμφον,
601 744 630 797 ό
681 744 738 798 δὲ
771 742 927 809 ἄλλος
978 744 1065 795 ἐπ’
1092 741 1219 796 ἄλλο
1240 759 1289 794 τι
1313 740 1423 795 τῶν
1461 742 1657 814 μικρῶς

1778 743 2075 814 rissimum)
2102 763 2115 800 :
2147 746 2284 800 alius
2307 747 2373 801 ad
2404 761 2590 815 agrum
2612 754 2789 810 suum,
2811 746 2944 801 alius
2964 747 3029 801 ad
3056 748 3334 817 parboum

152 844 429 914 διεσπάρητε
478 838 565 893 καὶ
596 835 1001 907 ἁπεπηδήσατε,
1046 834 1217 906 μικρὰ
1255 834 1350 887 τοῦ
1387 834 1657 905 νυμφῶνος

1780 850 1968 890 recens
1998 846 2258 905 emptum,
2290 836 2427 891 alius
2454 838 2520 891 ad
2549 852 2769 890 uxorem
2801 837 3107 904 nuperrime
3136 837 3189 891 in
3220 850 3335 890 ma=

150 938 239 1008 (9i)
270 933 351 988 καὶ
381 928 468 984 τοῦ
495 927 724 998 νυμφίου
755 927 1153 998 φροντίσαντες.

1781 928 2088 982 trimonium
2119 938 2390 998 acceptam
2413 929 2477 994 ¹⁷,
2497 928 2636 982 alius
2649 928 2713 981 ad
2737 927 2877 982 aliud
2901 928 3185 998 quodpiam
3205 928 3338 983 levis

150 1030 363 1102 ponderis
383 1023 642 1093 negotium
676 1022 1007 1092 prosiliistis,
1038 1037 1101 1077 ac
1142 1022 1367 1091 dispersi
1400 1021 1554 1085 estis,
1580 1036 1743 1091 parva
1793 1022 2017 1091 ratione
2041 1024 2244 1089 habita,
2292 1038 2411 1078 cum
2461 1021 2681 1076 thalami
2727 1020 3085 1086 connubialis,
3122 1030 3230 1075 tum
3264 1020 3336 1091 ip-

147 1128 240 1177 sius
265 1121 414 1176 etiam
442 1116 647 1185 sponsi.

200 1216 262 1268 E’.
285 1210 373 1264 Διὰ
402 1207 555 1261 τοῦτο
593 1205 832 1276 ἀθυμίας
875 1205 1211 1278 ἐνεπλήσθην
1253 1204 1365 1276 (9‘2)
1412 1205 1505 1258 κα)⁸
1530 1204 1665 1259 ἀπο-

140 1307 272 1380 ρίας·
296 1302 351 1354 οὺ
388 1298 491 1371 γὰρ
519 1297 547 1349 ὅ
608 1297 870 1355 πέπονθα.
920 1299 1302 1368 σιωπήσομαι·
1348 1298 1438 1350 καὶ
1472 1296 1666 1369 μικροῦ

142 1398 221 1469 μὲν
246 1394 451 1462 ἀνέσχον
470 1390 558 1442 τὸν
588 1388 763 1457 λόγον,
784 1390 843 1442 ὂν
866 1389 1240 1460 δωροφορῆσαι
1259 1388 1570 1459 διενοούμην
1590 1388 1668 1460 τῷ

141 1491 289 1560 γάμῳ,
318 1486 372 1537 τὸ
418 1481 700 1536 κάλλιπον
733 1475 807 1535 ὧν
851 1477 996 1552 εἶχον
1040 1482 1134 1535 καὶ
1182 1479 1537 1551 τιμιώτατον·
1574 1499 1666 1552 μι-

138 1580 243 1654 κροῦ
266 1580 315 1631 δὲ
348 1578 472 1647 ὑμῖν
508 1574 769 1645 ὲπαφῆκα
807 1576 922 1637 τοῖς
954 1572 1308 1643 ποθουμένοις
1344 1572 1476 1643 (9'5),
1514 1575 1663 1627 ἐπει-

1853 1208 1915 1263 ν.
1953 1207 2244 1277 Propterea
2276 1220 2509 1261 mmrorc
2537 1214 2696 1273 atque
2725 1203 2888 1257 animi
2925 1203 3200 1257 anxietate
3229 1203 3333 1256 im-

1778 1297 1948 1367 pictus
1978 1314 2129 1362 sum;
2167 1313 2264 1351 nec
2293 1298 2434 1350 enim
2463 1294 2591 1365 quid
2634 1294 2762 1347 mihi
2799 1294 3089 1357 acciderit,
3122 1294 3333 1349 silentio

1778 1398 1950 1460 tegam
1973 1405 1986 1454 ;
2014 1390 2249 1458 nihilque
2266 1388 2484 1458 pr0pius
2508 1386 2706 1440 factum
2728 1396 2831 1449 est,
2855 1402 3011 1455 quam
3044 1397 3100 1440 ut
3126 1402 3333 1441 sermo-

1778 1497 1935 1548 nem,
1982 1497 2139 1552 quem
2178 1483 2294 1536 loco
2332 1480 2569 1533 muneris
2606 1478 2859 1548 nuptialis
2898 1478 3095 1533 offerre
3131 1483 3334 1535 consti-

1776 1585 2007 1639 tueram,
2031 1588 2246 1643 quoque
2270 1589 2365 1628 nec
2391 1573 2670 1642 pulchrius
2693 1587 2792 1627 nec
2816 1574 3159 1642 praestantius
3182 1575 3335 1643 quid-

136 1673 183 1743 δή
205 1686 254 1738 γε
280 1667 416 1731 ἅπαξ
444 1664 764 1734 ὲξεόιὰσθην
788 1664 930 1734 (94)·
979 1662 1073 1717 ἅτε
1128 1662 1192 1734 δὴ
1229 1662 1488 1735 λαμπρᾶς
1525 1663 1657 1718 οὕτω

1775 1682 1934 1736 quam
1978 1667 2185 1731 habeo,
2228 1668 2365 1734 apud
2415 1682 2499 1722 me
2532 1667 2864 1722 continercm
2898 1685 2911 1721 :
2948 1667 3083 1721 nihil
3120 1684 3331 1723 rursum

134 1762 386 1831 λαϐόμενος
426 1754 757 1820 ὑποθέσεως,
811 1755 904 1808 καὶ
946 1754 1039 1807 τοῦ
1087 1754 1307 1826 φίλτρου
1346 1756 1445 1827 τὴν
1490 1757 1657 1825 γλῶσ-

1772 1761 2026 1830 propius,
2065 1775 2223 1829 quam
2256 1769 2314 1812 ut
2342 1759 2581 1825 ejusdem
2610 1758 2855 1814 aculeum
2894 1758 2945 1811 in
2990 1775 3083 1813 vos
3131 1760 3334 1814 amicos

136 1871 211 1908 σαν
239 1852 500 1921 θήγοντος,
530 1846 559 1899 ὃ
589 1847 652 1917 δὴ
689 1846 1020 1918 θερμότατον
1073 1849 1153 1910 είς
1204 1848 1537 1919 κατηγορίαν
1574 1850 1667 1902 καὶ

130 1940 483 2013 εὐπορώτατον,
537 1938 667 1991 ὅταν
707 1937 925 2006 γένηται
991 1936 1168 2006 ζῆλος,
1218 1937 1394 2008 λύπην
1448 1939 1513 1992 ὲκ
1568 1938 1665 2009 τῆς

134 2033 390 2106 ὑπεραῷίας
412 2027 738 2101 προσλαϐὼν
759 2028 871 2097 (95)
890 2028 1311 2100 ἀπροσδόκητον.
1336 2029 1402 2082 Et
1414 2047 1495 2093 τις
1511 2031 1665 2100 ὑμῶν

127 2126 289 2195 οίστρῳ
318 2121 543 2193 πληγεὶς
578 2118 901 2191 ὑπερώφθη,
933 2118 1185 2191 γνωρίζει
1230 2121 1291 2173 τὸ
1344 2121 1533 2186 πάθος,
1568 2124 1664 2175 καὶ

131 2216 454 2285 συγγνώσεται
482 2212 645 2267 τοῦτο
680 2212 929 2277 παθοῦσι,
965 2215 1055 2266 καὶ
1099 2212 1297 2282 ταύτης
1326 2214 1491 2281 ἐγγὺς
1512 2231 1664 2282 γενο-

126 2310 271 2378 μένοις
296 2308 402 2378 (96)
424 2307 527 2377 τῆς
554 2305 834 2368 ἀπονοίας.

1770 1866 1939 1918 meos,
1968 1853 2182 1919 quando
2204 1852 2333 1905 mihi
2362 1851 2528 1905 semel
2552 1851 2631 1905 vis
2656 1850 2813 1905 allata
2835 1860 2937 1913 est,
2968 1851 3289 1921 stringerent
3314 1871 3327 1906 :

1770 1954 1878 1997 tam
1914 1943 2242 1998 luculentum
2277 1942 2488 1996 scilicet
2522 1940 2786 1995 orationis
2817 1950 3191 2008 argumentum
3236 1956 3333 2011 na-

1767 2042 1904 2101 ctus,
1939 2050 2001 2088 ac
2035 2034 2194 2089 simul
2221 2047 2404 2087 amore
2434 2032 2667 2102 linguam
2697 2039 2956 2098 acuente,
2984 2030 3073 2100 qui
3113 2031 3331 2101 quidem

1769 2124 1834 2179 ad
1882 2125 2249 2179 accusandum
2297 2123 2596 2179 acerrimus
2649 2124 3164 2193 c0piosissimusque
3211 2133 3328 2191 est,

1769 2233 1888 2271 cum
1920 2220 1988 2271 ob
2023 2232 2307 2272 mmrorem
2355 2232 2421 2272 ex
2473 2218 2747 2287 inopinato
2792 2225 3098 2284 contemptu
3149 2232 3332 2272 susce-

1764 2318 1911 2377 ptum
1936 2310 1985 2361 in
2004 2309 2321 2379 zelotypiam
2352 2309 2634 2365 exarserit.
2655 2310 2711 2363 Si
2735 2310 2854 2377 quis
2869 2321 3104 2363 vestrum
3129 2312 3329 2365 amoris

125 2414 260 2457 (nstro
288 2399 521 2470 percitus
552 2411 619 2452 se
644 2398 953 2467 neglectum
972 2396 1175 2461 sensit,
1207 2398 1255 2450 is
1301 2397 1551 2451 nimirum
1616 2397 1721 2450 vim
1754 2395 1910 2466 hujus
1949 2398 2172 2453 affectus
2211 2399 2490 2467 intelligit,
2531 2412 2595 2451 ac
2635 2398 2858 2468 proinde
2886 2399 3038 2454 nobis
3076 2402 3175 2455 hoc
3203 2416 3329 2470 pas-

123 2497 371 2561 sis,atque
422 2490 478 2545 in
530 2490 674 2545 hanc
710 2490 999 2570 amentiam
1032 2487 1145 2544 fere
1178 2488 1441 2559 prolapsis
1479 2491 1737 2560 ignoscet.

174 2588 247 2655 ς’.
282 2586 413 2641 ‘AD.’
447 2586 578 2657 ἐμοὶ
629 2585 727 2656 μὲν
786 2599 912 2637 ουτε
942 2584 1037 2637 νῦν
1086 2584 1304 2656 θεμιτόν
1348 2588 1494 2639 ἐστιν
1516 2586 1667 2657 ὑμῶν

120 2700 157 2735 τι
178 2678 525 2748 καθάψασθαι,
558 2679 687 2749 μήτ’
715 2676 901 2730 ἄλλοτε
934 2676 1159 2746 γένοιτο.
1195 2678 1305 2730 Καὶ
1335 2677 1503 2731 ταῦτα
1538 2678 1667 2740 ἴσως

122 2773 229 2842 ὑπὲρ
252 2771 307 2823 τὸ
365 2770 596 2842 μέτριον
648 2769 760 2839 (97)
801 2768 1152 2840 καθηψάμην,
1191 2770 1287 2841 τῆς
1334 2772 1484 2841 ἱερᾶς
1542 2770 1663 2823 ποί-

120 2880 227 2932 μνης
256 2861 380 2930 (98),
415 2860 528 2914 τῶν
578 2860 881 2915 ἐπαινετῶν
912 2859 1146 2931 Χριστοῦ
1188 2860 1537 2933 θρεμμάτων.
1566 2863 1663 2932 τῆς

118 2952 234 3014 θείας
254 2952 643 3023 κληρονομίας,
674 2951 741 3004 δι’
779 2950 846 3021 ἣν
885 2952 994 3021 (99)
1042 2951 1294 3016 πλούσιος
1324 2952 1386 3005 σὺ
1420 2952 1517 3023 (1),
1560 2952 1663 3006 κᾶν

116 3039 168 3117 ᾖς
194 3043 363 3114 πένης.
393 3044 652 3097 Κάκεῖνά
673 3061 753 3097 σοι
775 3044 1004 3116 πρέπειν
1037 3043 1272 3114 ἡγοῦμαι
1308 3044 1377 3096 τὰ
1408 3046 1661 3116 ῥήματα·

1842 2583 1928 2637 Vl.
1973 2582 2167 2636 Verum
2201 2596 2300 2637 nec
2330 2596 2416 2637 me
2445 2580 2548 2637 hoc
2582 2589 2824 2650 tempore
2852 2580 3145 2649 quidquam
3176 2595 3331 2651 aspe-

1769 2678 1882 2731 rius
1910 2676 1962 2728 in
1990 2689 2085 2727 vos
2116 2672 2296 2727 dicere
2328 2670 2407 2727 fas
2439 2680 2540 2735 est,
2611 2686 2710 2725 nec
2748 2670 2881 2725 alias
2917 2686 3152 2740 unquam
3186 2672 3330 2724 acci-

1769 2767 1859 2822 dat
1886 2766 2069 2819 velim.
2101 2766 2276 2832 Atque
2301 2763 2463 2817 etiam
2498 2762 2617 2832 plus
2651 2777 2805 2831 atquo
2842 2761 3072 2816 fortasse
3102 2776 3194 2815 vos
3229 2761 3327 2814 hac

1768 2858 2010 2913 oratione
2038 2854 2450 2925 perstrinximus
2470 2893 2485 2918 ,
2519 2870 2613 2909 vos
2632 2893 2645 2916 ,
2676 2855 2894 2923 inquam
2916 2894 2930 2917 ,
2962 2868 3175 2907 sacrum
3208 2870 3329 2923 gre-

1768 2967 1905 3021 gem,
1940 2950 2224 3019 prmclaras
2255 2947 2451 3002 Christi
2485 2961 2632 3010 oves,
2668 2946 2901 2999 divinam
2937 2947 3325 3009 hmreditatcm,

1769 3056 1988 3112 prapter
2040 3055 2199 3109 quam
2246 3039 2498 3108 c0piosus
2544 3053 2604 3091 es
2646 3048 2703 3091 et
2746 3036 3016 3105 locuples,
3059 3052 3091 3089 ο
3144 3036 3325 3103 Pater,

114 3135 317 3202 Σχοινία
342 3134 618 3188 ἐπέπεσέ
646 3134 720 3205 (2)
751 3148 852 3188 σοι
893 3135 965 3187 ἐν
1005 3134 1127 3200 τοῖς
1163 3134 1529 3203 κρατίστοις’
1562 3137 1657 3191 καί

1772 3132 1980 3186 tametsi
2015 3131 2212 3199 alioqui
2245 3131 2434 3198 opibus
2474 3143 2685 3182 careas.
2733 3128 2811 3181 Ac
2850 3128 3013 3182 verba
3050 3127 3135 3180 illa
3178 3127 3326 3182 Scri-

111 3227 245 3295 τὰρή
268 3229 645 3297 κληρονομία
679 3242 794 3281 σου
829 3227 1116 3295 κρατίστη
1147 3228 1249 3303 σοι
1281 3226 1411 3281 ἐστι
1434 3245 1447 3257 ·
1473 3228 1567 3281 καὶ
1602 3230 1657 3281 ού

1772 3235 1935 3293 plura:
1982 3224 2074 3277 tibi
2118 3221 2406 3275 convenire
2449 3221 2686 3274 arbitror
2732 3236 2746 3273 :

111 3319 303 3388 παρήσω
337 3322 460 3383 ταῖς
490 3318 933 3391 ἀριθμουμέναις
966 3317 1075 3372 τῶν
1110 3318 1336 3383 πόλεων,
1394 3319 1514 3373 οὐδὲ
1553 3321 1661 3376 τῶν

109 3411 330 3481 ποιμνίων
355 3414 469 3476 τοῖς
504 3412 874 3475 πλατυτάτοις
922 3411 1068 3482 ἔχειν
1098 3428 1150 3465 τι
1173 3411 1333 3465 πλέον
1362 3412 1518 3484 ἡμῶν
1549 3412 1657 3466 τῶν

108 3500 264 3569 ὀλίγων
292 3507 390 3573 τῆς
456 3503 761 3573 ἐλαχίστης
815 3502 985 3574 φυλῆς
1014 3504 1073 3556 ὲν
1106 3504 1239 3566 υἱοῖς
1290 3504 1524 3575 Ἰσραὴλ,
1553 3504 1659 3559 τῶν

107 3592 355 3661 ὀλιγοστῶν
407 3596 468 3649 ὲν
499 3596 743 3665 χιλιάσιν
787 3593 977 3658 Ἰούδα,
1027 3596 1124 3665 τῆς
1159 3598 1361 3669 μικρᾶς
1413 3596 1659 3667 Βηθλεὲμ

107 3686 149 3736 ὲν
171 3687 393 3751 πόλεσιν,
424 3689 486 3740 ὲν
524 3682 561 3760 ἦ
599 3687 833 3758 Χριστὸς
862 3688 1141 3755 γεννᾶται,
1197 3688 1293 3740 νῦν
1326 3706 1384 3741 τε
1438 3690 1531 3743 καὶ
1563 3690 1655 3743 ἀπ’

106 3773 245 3843 ἀρχῆς
276 3776 455 3840 καλῶς
485 3778 590 3830 καὶ
620 3777 1019 3847 γινωσκόμενος
1045 3778 1138 3829 καὶ
1171 3779 1458 3849 σεϐόμενος
1481 3798 1494 3811 ·
1531 3783 1658 3853 παρ’

101 3861 162 3928 οἷς
183 3868 358 3940 Πατὴρ
395 3868 665 3937 ὑψοῦται,
715 3868 809 3922 κα).
850 3868 974 3933 Υἱὸς
1007 3868 1270 3934 ίσάζεται,
1315 3872 1406 3925 καὶ
1435 3872 1660 3943 Πνεῦμα

104 3956 223 4023 ἅγιον
244 3960 636 4025 συνδοξάζεται
662 3977 674 3990 ·
715 3959 1037 4031 συμψύχοις,
1068 3961 1128 4016 τὸ
1152 3962 1208 4015 ἓν
1234 3962 1510 4033 φρονοῦσι,
1551 3982 1657 4035 μη-

97 4044 163 4096 δέν
196 4047 284 4117 τῆς
332 4049 578 4119 Τριάδος
641 4046 1045 4119 ζημιουμένοις,
1107 4051 1138 4123 ἢ
1194 4052 1581 4123 ὑπερτιθεῖσιν,
1621 4054 1653 4123 ἢ

99 4136 494 4209 ἀποτέμνουσιν
542 4141 624 4204 ὡς
657 4142 704 4193 οἱ
740 4142 902 4194 κακοὶ
949 4142 1222 4214 διαιτηταὶ
1256 4146 1348 4198 καὶ
1392 4148 1657 4218 μετρηταὶ

98 4227 153 4297 (5)
176 4232 263 4301 τῆς
293 4231 589 4303 θεότητος,
633 4225 795 4285 δι’ὧν
820 4232 879 4286 ἓν
918 4250 971 4286 τι
1010 4234 1192 4302 πλέον,
1229 4235 1261 4307 ἢ
1302 4237 1475 4303 καλῶς
1523 4238 1654 4309 ἔχει,

97 4320 406 4390 σεμνύνουσι,
470 4325 540 4377 τὸ
599 4325 707 4377 πᾶν
764 4324 1109 4391 ὲλαττοῦντες
1166 4327 1257 4381 καὶ
1312 4328 1659 4401 καθυϐρίζον-

91 4424 176 4472 τες.

88 4604 114 4643 u
143 4522 185 4645 ἒ
207 4523 328 4581 Luc.
363 4542 497 4595 xiv,
540 4526 613 4585 £8
652 4542 772 4600 sqq.

138 4747 234 4820 (89)
268 4754 747 4823 Γενναιότατον.
789 4770 808 4805 ι
847 4753 1082 4808 Summae
1124 4753 1468 4823 ingenuitatis
1510 4753 1641 4808 faci-
1675 4760 1718 4814 D

84 4833 229 4897 nos.)
261 4822 483 4897 pictum
527 4824 984 4897 _iro_nice,_velut
1021 4823 1206 4878 fraude
1251 4826 1427 4893 potius
1478 4840 1637 4893 quam

84 4890 272 4954 simplici
300 4895 493 4949 animo
527 4893 899 4948 invitaverint.

133 4958 231 5038 (90)
270 4962 343 5038 Td
395 4962 737 5038 aes-mean
791 4963 883 5017 Sic
940 4962 1176 5017 melioris
1195 4970 1366 5038 _nolae
1402 4963 1634 5030 codices,

81 5030 278 5097 quinque
308 5030 491 5102 Regii.
536 5033 693 5089 Colb.
739 5042 991 5101 quatuor,
1042 5042 1146 5087 etc.
1194 5033 1486 5088 Pauciores
1514 5050 1635 5088 cum

80 5095 177 5149 Par.
211 5099 316 5152 τῶν
360 5103 686 5158 νεωνήτων.
728 5121 747 5153 ι
776 5102 891 5157 Νοιι
937 5118 1085 5158 (ξι-πο.
1120 5121 1140 5154 ι
1188 5104 1358 5158 inquit
1403 5103 1632 5158 Sancvz.

80 5103 177 5149 Par.
211 5103 316 5152 τῶν
360 5103 686 5225 νεωνὲτων.
728 5121 747 5153 ι
776 5103 891 5157 Νοιι
937 5118 1085 5172 ergo,
1120 5121 1140 5154 ι
1188 5104 1358 5173 inquit
1403 5103 1632 5175 Sancyg.

80 5177 215 5245 ctam
243 5175 389 5239 quod
414 5188 487 5245 se
556 5173 879 5245 eserueriut,
905 5189 1065 5243 quam
1093 5175 1233 5242 quod
1259 5175 1325 5228 ad
1345 5188 1439 5245 res
1464 5173 1636 5229 ﬂuxas

78 5236 707 5313 abierinticupiditatibus
740 5236 1165 5309 suisabstracti,
1205 5244 1402 5313 arguit.
1436 5263 1454 5295 ι

75 5307 226 5427 pagi)
268 5310 381 5365 Τοῦ
427 5312 786 5381 νυμφῶνος.
842 5314 998 5369 Deest
1037 5314 1089 5367 in
1134 5307 1335 5383 septe—in
1381 5313 1547 5384 Regg.
1582 5321 1637 5368 et

73 5418 742 5573 “Et-3311:0011...
778 5453 911 5524 Reg.
943 5453 994 5541 ι),
1024 5452 1138 5507 Col.
1173 5452 1229 5520 ι,
1259 5468 1331 5518 ιιι,
1358 5462 1412 5508 et
1444 5451 1632 5508 Comb.

98 5532 399 5661 diigvzyoiq
422 5598 631 5649 ποθου
652 5594 852 5651 λέγοις.
887 5610 906 5644 ι
945 5590 1149 5654 Ouibus
1188 5606 1298 5660 prie
1331 5606 1512 5648 amore
1540 5606 1635 5648 cu-

100 5657 247 5712 iebani
296 5666 531 5716 adesse.
577 5612 748 5716 siion
794 5664 927 5716 satis
978 5664 1248 5716 exnressit
1301 5661 1486 5716 Billius
1537 5678 1633 5716 uer

71 5657 531 5785 ςῑξξιῗίῖἓειιιὶὸεεε.
577 5681 599 5715 ι
627 5657 748 5719 Non
794 5664 927 5720 satis
978 5657 1248 5733 expressit
1301 5661 1486 5719 Billius
1537 5678 1633 5735 per

120 5771 703 5868 ιῦῖΐῦέἐεσιάσθην.
734 5802 863 5857 Colh
912 5803 965 5862 3.
1004 5803 1280 5860 ἐϐιάσθην.

315 5893 620 5956 Ριιτιιοι..
665 5896 781 5958 Gn.
828 5892 1091 5959 XXXV.

870 4530 913 4561 ⁸⁸
940 4528 1082 4584 Psal.
1112 4545 1199 4595 xv,
1232 4532 1285 4586 ϐ.
1363 4534 1403 4565 ¹⁹
1437 4532 1456 4588 i
1488 4535 1619 4606 Reg.
1650 4553 1724 4601 ix,
1752 4537 1840 4591 21.

2732 3236 2746 3273 :
2802 3218 2979 3273 Fames
3029 3221 3325 3273 ceciderunt

1768 3316 1862 3369 tibi
1905 3317 1959 3369 in
1991 3316 2258 3383 pra’claris
2280 3331 2301 3368 :
2322 3318 2513 3369 etenim
2550 3314 2831 3369 hereditas
2855 3326 2945 3369 tua
2968 3316 3223 3386 praeclara
3249 3326 3324 3370 est

1765 3411 1855 3463 tibi
1882 3410 1945 3463 ιε.
1980 3411 2088 3464 Nec
2112 3424 2236 3463 vero
2258 3409 2571 3472 concedam,
2600 3418 2657 3462 ut
2677 3408 3022 3477 amplissimae
3053 3410 3319 3471 civitates,

1763 3516 2057 3572 gregesque
2100 3500 2387 3565 latissimi,
2435 3501 2591 3555 nobis
2620 3500 2723 3554 ulla
2765 3500 2817 3554 in
2861 3515 2917 3554 re
2944 3500 3319 3569 praeferantur.

1763 3592 1851 3661 qui
1884 3592 2076 3661 exiguo
2109 3605 2334 3645 numero
2366 3606 2573 3655 sumus,
2599 3592 2687 3659 qui
2716 3592 2950 3647 minima!
2983 3592 3153 3646 tribus
3184 3593 3323 3646 inter

1767 3684 1905 3739 ﬁlios
1939 3683 2099 3739 Israel
2123 3723 2137 3747 ,
2170 3684 2258 3753 qui
2294 3684 2602 3752 paucissimi
2636 3684 2687 3738 in
2716 3683 2947 3738 millibus
2972 3682 3105 3738 Juda
3128 3684 3191 3748 ",
3229 3686 3322 3754 qui

1762 3774 2075 3828 Bethlehcm
2113 3790 2290 3844 parvae
2326 3774 2594 3839 civitatis,
2638 3776 2689 3828 in
2721 3790 2824 3843 qua
2858 3774 3103 3831 Christus
3142 3778 3318 3833 nasci-

1763 3865 1928 3929 tur",
1956 3875 2224 3933 recteque,
2255 3875 2311 3917 et
2349 3880 2513 3928 nunc,
2537 3874 2590 3918 et
2623 3880 2652 3918 a
2689 3866 2951 3935 principio
2977 3868 3321 3935 cognoscitur

1759 3966 1813 4010 ct
1845 3956 2040 4010 colitur
2070 3977 2080 4009 :
2120 3956 2222 4026 71
2261 3958 2398 4025 apud
2423 3971 2559 4026 quos
2580 3955 2740 4011 Pater
2764 3957 3055 4024 extollitur,
3076 3970 3129 4014 et
3156 3960 3321 4015 Filius

1757 4049 1978 4118 aequalis
2025 4050 2366 4119 Prmdicatur,
2406 4059 2461 4103 et
2497 4050 2730 4119 Spiritus
2760 4060 2982 4105 sanctus
3009 4053 3317 4120 congloriii-

1758 4154 1954 4197 catur:
1994 4142 2086 4212 qui
2135 4158 2241 4198 uno
2292 4142 2584 4211 eodemque
2644 4142 2824 4196 animo
2875 4158 3093 4207 sunms,
3155 4160 3317 4197 unum

1760 4234 2008 4301 idemque
2030 4235 2293 4288 sentimus
2309 4236 2377 4299 “,
2403 4250 2501 4289 nec
2525 4234 2709 4301 ullam,
2729 4234 2811 4287 vel
2836 4237 3213 4305 prmpouendo,
3237 4238 3318 4289 vel

1757 4327 2153 4393 abscindenda,
2181 4326 2462 4383 Trinitatis
2500 4328 2765 4397 iacturam
2813 4327 3040 4383 facimus
3074 4346 3086 4381 :
3128 4345 3317 4398 quem-

1758 4419 2045 4475 admodum
2079 4418 2235 4473 malis
2263 4420 2560 4474 divinitatis
2582 4421 2799 4475 arbitris
2831 4436 2895 4475 ac
2916 4421 3315 4476 dimensoribus

1944 4538 1988 4569 ιο
2020 4537 2178 4592 mea.
2209 4553 2258 4603 ν,
2290 4537 2353 4599 2;
2391 4537 2578 4593 Matth.
2612 4538 2737 4602 ιι,ι
2782 4551 2931 4608 seqq.
3010 4538 3050 4568 ιι
3084 4537 3315 4613 unum.

1814 4754 1923 4823 (95)
1967 4754 2346 4822 Προσλαόὠν.
2389 4756 2539 4812 Pass.
2580 4756 2778 4813 λαϐὼν.

1838 4825 1927 4897 96)
1978 4824 2186 4897 Ἐγγὺς
2214 4826 2579 4897 γετομένοις.
2607 4846 2625 4878 ι
2668 4828 2893 4897 Propius
2920 4830 3135 4887 delatis.
3177 4850 3201 4887 ι

1776 4942 1777 4945 η
1970 4895 2242 4971 ρὲἐζριον.
2277 4895 2515 4971 Quatuor
2549 4896 2704 4971 ροιι).
2738 4895 2977 4971 μέτρονι

1814 4963 1924 5039 (9_8_)
1966 4965 2247 5032 Ποίμνης.
2275 4966 2518 5039 subdunt
2538 4968 2672 5039 Gab.
2698 4963 2752 5023 et
2772 4963 2959 5025 Co'inb.
2980 4970 3119 5039 quod
3146 4970 3308 5025 etiam

1740 5033 1982 5111 pluribus
2024 5049 2150 5111 mss.
2197 5034 2543 5111 confirmatur
2573 5038 2747 5111 :_50‘OV
2781 5041 2872 5093 ἐπὶ
2918 5033 3012 5111 cip-
3037 5040 3185 5107 πόθῳ
3212 5040 3307 5093 τοῦ

1741 5102 1918 5158 κοινοῦ
1955 5102 2179 5180 πατρός.
2216 5104 2494 5180 cGregem
2524 5107 2609 5180 (ad
2636 5112 2932 5180 communis
2964 5102 3128 5180 patris
3156 5102 3308 5166 amo-

1740 5188 1851 5227 rem
1874 5174 2017 5242 quod
2048 5175 2258 5243 attinet)
2290 5174 2756 5232 laudatasChristi
2784 5174 2967 5241 ovem,

1934 5245 2035 5321 At”
2062 5243 2157 5321 ῆν.
2193 5244 2320 5315 Reg.
2345 5246 2405 5321 _i,
2436 5246 2691 5321 C0lb._m,
2718 5248 2783 5301 δι’
2799 5246 2886 5321 ἧς.

1834 5316 1884 5385 1)
1926 5315 2228 5388 Πλούσιος
2278 5316 2382 5380 σύ,
2419 5327 2534 5388 etc.
2583 5318 2710 5388 Reg.
2749 5315 2895 5383 u,'in
2945 5335 3114 5387 marg.
3151 5318 3311 5374 τοῦτο

1809 5322 1884 5447 ξς)
1926 5322 2228 5380 ιιλοῠσιος
2278 5322 2382 5380 σύ,
2430 5327 2534 5372 etc.
2583 5322 2710 5388 Reg.
2749 5336 2802 5383 ιι,
2846 5325 2895 5372 in
2945 5335 3114 5387 marg.
3151 5322 3305 5374 τοῦτο

1736 5401 1822 5508 ἷξε,
1886 5384 1993 5506 ’τὸν
2034 5384 2247 5457 πατέρα
2295 5386 2457 5456 φησι,
2498 5398 2602 5443 etc.
2644 5408 2663 5439 ι
2702 5388 2795 5444 llis
2835 5400 3038 5462 patrem
3079 5390 3305 5459 alloqui-

1761 5471 1842 5507 ιΙΓ.
1886 5473 1904 5506 ι

1806 5524 1883 5594 (2)
1923 5522 2450 5599 ΑἘξτέπεσεεῐίεεε.
2487 5529 2742 5598 quinque,
2772 5531 2923 5586 Colb.
2958 5526 3087 5595 duo,
3121 5530 3214 5584 (ιτ.
3250 5534 3305 5595 1,

1735 5592 1884 5649 Pass.
1919 5594 2205 5683 ὲπὲπεπσογ.
2241 5592 2445 5665 Regii,
2488 5592 2754 5655 ἔπέπέσόν
2786 5618 2865 5653 σοι
2896 5603 2952 5655 ὲν
2979 5592 3090 5665 τοῖς
3118 5592 3306 5683 κρατιὲ

1739 5682 1883 5729 στοις
1920 5682 2034 5719 σου.
2072 5665 2279 5721 Tillem.
2314 5685 2424 5737 μοι.

1808 5737 1886 5807 (3)
1925 5737 2236 5805 Μετρηταί.
2276 5738 2404 5808 Reg.
2433 5754 2460 5794 r
2512 5741 2781 5813 μερισταί.

2950 5902 3024 5961 ﬂ
