3832 6394
537 360 642 415 59.5

1675 373 1677 376 ‘
1733 353 1789 410 S.
1831 351 2155 411 GBEGORII
2195 351 2543 418 THEOLOGI
3612 368 3686 427 53;

535 496 633 534 usu
670 476 843 540 venit,
877 475 963 544 qui
993 476 1114 529 dum
1161 489 1324 530 unum
1358 474 1626 544 quoddam
1651 513 1664 538 ,
1729 473 2011 543 plusquam
2077 487 2174 543 par
2212 471 2320 536 sit,
2369 471 2657 552 attollunt,
2709 468 3018 526 universum
3071 470 3424 537 imminuunt,
3459 474 3686 555 injuring,"

532 575 794 631 alliciunt.

603 673 711 727 νη.
747 675 854 728 Vos
888 686 1018 725 vero
1049 672 1090 728 si
1127 671 1252 741 quid
1280 667 1406 722 mihi
1436 667 1726 737 gratiﬁcari
1750 677 1833 722 est
1861 667 2087 732 animus,

2268 664 2337 715 Z'.
2380 659 2570 728 Ὑμεῖς
2600 657 2677 720 δὲ,
2709 656 2763 709 εῐ
2787 674 2840 709 τι
2870 655 3159 728 χαρίζεσθέ
3188 656 3264 728 (4)
3289 676 3393 728 μοι’
3429 661 3482 715 τδ
3505 665 3611 736 ὲμδν
3629 688 3681 737 γε·

528 781 624 820 vos
659 766 876 835 inquam
907 763 1231 832 agricultura
1257 775 1373 814 mea
1394 762 1461 823 ”,
1485 760 1639 814 vinea
1663 775 1780 814 mea
1800 760 1866 825 ’³,
1891 759 2096 814 viscera
2141 799 2152 812 .

531 873 645 911 mea
663 859 731 921 “,
761 866 854 911 aut
893 856 1198 911 communis
1230 854 1410 924 potius
1438 852 1684 907 Parentis
1712 852 1869 920 huius
1904 852 2094 917 nostri,

536 965 557 1002 ,ι
586 965 694 1018 quo
716 964 810 1018 per
838 947 1183 1018 Evangelium
1210 948 1260 1000 in
1278 945 1494 1000 Christo
1520 944 1685 1014 geniti
1711 945 1979 1009 sumus",
1997 959 2096 999 nos

528 1039 741 1105 quidem
775 1039 937 1093 etiam
969 1041 1113 1106 ipsos
1146 1037 1305 1092 colite
1331 1046 1494 1105 atque
1522 1037 1808 1090 observate
1837 1052 1852 1101 ;
1886 1050 2094 1104 :rquum

528 1142 609 1184 est
641 1131 816 1196 enim,
854 1145 975 1184 cum
1012 1144 1105 1184 vos
1137 1129 1387 1183 omnibus
1437 1128 1598 1180 rebus
1645 1126 2042 1196 praetulerimus
2079 1140 2094 1178 :

527 1236 626 1274 vos
655 1229 821 1275 testes
851 1220 1007 1282 estis,
1041 1228 1094 1272 et
1123 1219 1212 1287 qui
1244 1218 1346 1272 hoc
1382 1217 1494 1270 sive
1533 1215 1814 1285 imperium
1858 1215 1970 1269 sive
2005 1215 2098 1268 mi-

526 1312 811 1367 nisterium
851 1311 972 1365 ﬁdei
1007 1320 1205 1364 nostra:
1260 1309 1667 1362 commiserunt.
1705 1305 1810 1373 Et,
1844 1307 1887 1360 si
1925 1306 1972 1360 ei
2005 1305 2096 1374 qui

525 1405 644 1472 plus
669 1402 890 1466 amavit,
931 1402 1048 1470 plus
1073 1401 1381 1465 debetur",
1418 1414 1648 1468 quanam
1679 1413 1933 1452 mensura
1963 1398 2094 1453 cha-

528 1499 740 1552 ritatem
773 1511 891 1550 eam
920 1495 1132 1558 metiar,
1163 1510 1266 1562 qua
1293 1508 1388 1546 vos
1416 1491 1545 1545 mihi
1573 1491 1810 1545 charitas
1833 1505 1950 1543 mea
1977 1498 2096 1542 tan-

527 1603 687 1658 quam
726 1602 834 1641 :nre
867 1586 1044 1640 alieno
1083 1584 1366 1639 devinxit?
1403 1582 1513 1636 lino
1551 1581 1943 1650 vobismetipsis
1977 1595 2093 1634 ma-

527 1679 638 1748 gis,
672 1677 1081 1744 commissaeque
1114 1674 1368 1744 imagini,
1407 1682 1461 1728 et
1495 1673 1543 1726 ei
1579 1673 1667 1741 qui
1716 1671 2014 1736 commisit,
2042 1679 2096 1726 et

526 1769 728 1825 Christi
781 1767 1163 1838 passionibus,
1215 1775 1268 1818 et
1302 1764 1415 1834 spei
1451 1765 1572 1817 vitae
1613 1763 1804 1816 futurae
1835 1763 2093 1816 honorem

528 1859 791 1914 habeatis.
850 1858 905 1911 ld
960 1872 1119 1926 porro
1173 1854 1572 1924 asscquemini,
1626 1853 1669 1907 si
1709 1868 1825 1907 eam
1879 1853 2090 1922 quidem

529 1953 684 2006 ﬁdem
717 1953 944 2004 teneatis
972 1989 986 2014 ,
1018 1963 1177 2018 quam
1215 1949 1502 2017 accepistis
1523 1987 1538 2011 ,
1569 1956 1620 2000 et
1654 1947 1705 2000 in
1737 1961 1841 2016 qua
1877 1946 2089 2000 educati

2209 753 2429 822 ὡργιον,
2452 752 2494 820 ,ἢ
2525 749 2766 819 ἄμπελος
2795 751 2829 819 ή
2862 747 2987 820 ἐμὴ,
3010 748 3078 802 τὶ
3107 749 3212 820 ἐμὰ
3249 751 3524 824 σπλάγχνα,
3551 760 3695 827 μᾶλλο,

2199 843 2254 895 δὲ
2269 841 2360 894 τοῦ
2374 841 2552 894 κοινοῦ
2568 841 2680 893 Πατ
2689 840 2777 911 ρὸς
2790 840 2968 911 ἡμῶν.
2980 839 3073 904 οὒς
3091 840 3166 910 (5)
3185 833 3335 904 οὗτος
3366 845 3417 896 έν
3443 844 3622 921 Χριστῷ
3636 853 3695 906 διὰ

2199 931 2292 984 τοῦ
2315 930 2647 999 Εύαγγελίου
2672 931 2978 1004 ἐγέννησεν,
3003 931 3238 984 αἰδεῖσθε
3261 931 3334 1002 (6)
3360 935 3450 1003 μὲν
3469 940 3550 990 καὶ
3567 943 3696 1012 ἡμᾶς’

2198 1021 2402 1075 δίκαιον
2422 1021 2549 1092 γὰρ,
2581 1021 2629 1073 οἳ
2664 1021 2880 1074 πάντων
2924 1021 3067 1092 ὑμᾶς
3110 1025 3558 1096 προετιμήσαμεν*
3585 1032 3698 1102 ὑμεῖς

2202 1114 2493 1184 μάρτυρες,
2529 1115 2623 1166 καὶ
2655 1114 2702 1165 οἳ
2729 1112 2933 1183 ταύτην
2964 1116 3094 1184 ἡμῖν
3117 1115 3503 1185 ἐγχειρίσαντες
3519 1121 3599 1192 τὴν
3622 1128 3698 1180 εἴτε

2199 1205 2640 1275 ἡγεμονίαν,εῐτε
2668 1205 2960 1258 διακονίαν·
2986 1205 3144 1259 καὶεί
3173 1206 3248 1277 τῷ
3272 1207 3443 1262 πλεῖον
3463 1211 3690 1288 (7)ἀγαπή

2201 1311 2352 1347 σαντι
2367 1294 2527 1346 πλέον
2539 1294 2808 1363 ὀφείλεται
2824 1293 2921 1365 (8),
2937 1295 3054 1358 πῶς
3068 1299 3321 1367 μετρήσω
3339 1298 3430 1369 τὴν
3450 1301 3701 1380 ἀγάπην,ἦ;

2200 1387 2500 1458 ὑποχρέους
2523 1387 2598 1454 (9)
2622 1387 2766 1456 ὑμᾶς
2777 1387 2866 1440 διὰ
2883 1387 2983 1458 τῆς
3005 1390 3143 1459 ἐμῆς
3165 1389 3355 1442 ἔλαϐον
3377 1407 3391 1454 ;
3412 1393 3703 1466 αἰδεῖσθεῌθ)

2196 1481 2250 1533 δὲ
2278 1481 2437 1534 πλέον
2461 1481 2605 1552 ὑμᾶς
2637 1482 2863 1546 αὐτοὺς,
2897 1483 2990 1535 καὶ
3029 1483 3126 1552 τὴν
3162 1483 3524 1538 πιστευθείσαν
3551 1491 3702 1555 εἰκόνα,

2197 1573 2292 1628 καὶ
2313 1573 2404 1626 τὸν
2428 1573 2812 1640 πιστεύσαντα,
2854 1576 2947 1627 καὶ
2976 1575 3041 1628 τὰ
3071 1574 3310 1646 Χριστοῦ
3342 1577 3500 1649 πάθη,
3533 1582 3610 1633 καὶ
3640 1583 3706 1647 ’.ὰς

2199 1663 2408 1718 ἐκεῖθεν
2424 1663 2662 1726 ἐλπίδας,
2679 1664 2861 1716 πίστιν
2880 1663 2990 1734 (11)
3008 1663 3105 1733 μὲν
3118 1663 3334 1733 ἔχοντες
3356 1666 3420 1734 ἣν
3443 1668 3704 1740 παρειλήφα-

2196 1773 2276 1818 τε,
2291 1749 2438 1829 καὶ
2463 1755 2852 1826 συνετράφητε,
2870 1751 3066 1827 μεθ’ἦς
3087 1757 3178 1808 καὶ
3200 1754 3450 1818 σώζεσθε,
3467 1759 3551 1812 καὶ
3567 1760 3711 1824 σώζειν

2197 1847 2388 1910 ἄλλους
2419 1847 2770 1900 πιστεύεσθε·
2808 1847 2867 1900 ού
2892 1847 3000 1917 γὰρ
3027 1847 3258 1913 πολλῶν,
3295 1843 3353 1901 εὖ
3387 1850 3512 1910 ίστε.
3537 1853 3588 1904 τὸ
3616 1854 3711 1924 ὑμέ-

2197 1955 2352 2010 τερον
2381 1940 2660 2008 καύχημα.
2698 1939 2770 1990 Τὸ
2809 1937 2866 1991 δὲ
2909 1938 3131 2002 εὐσεϐὲς
3195 1938 3270 2010 μὴ
3310 1942 3367 1992 ἐν
3411 1941 3485 2012 τῷ
3511 1943 3714 2007 πολλάκις

524 2045 656 2098 estis
685 2084 698 2109 ,
730 2055 782 2097 et
813 2059 935 2097 cum
965 2059 1066 2112 qua
1110 2058 1212 2096 non
1248 2040 1404 2095 modo
1445 2040 1547 2110 ipsi
1573 2039 1817 2104 servari,
1846 2039 1939 2093 sed
1972 2037 2087 2093 aliis

2209 2032 2322 2102 περὶ
2348 2029 2482 2083 Θεοῦ
2517 2031 2717 2094 λαλεῖν,
2753 2029 2869 2083 ἀλλ’
2910 2032 2966 2082 ὲν
3014 2030 3092 2102 τῷ
3116 2031 3186 2084 τὰ
3230 2032 3399 2086 πλείω
3433 2037 3572 2105 σιγᾷν
3613 2033 3713 2091 εἶναι

524 2135 684 2190 etiam
710 2131 936 2188 salutem
969 2133 1164 2187 afferre
1192 2131 1506 2197 credimini;
1535 2147 1653 2200 qua:
1672 2131 1886 2200 quidem
1911 2139 2093 2184 vestra

524 2222 638 2274 laus
661 2221 964 2289 huiusmodi
995 2230 1097 2286 est,
1132 2229 1190 2274 ut
1220 2235 1325 2274 non
1355 2220 1506 2274 multi
1536 2236 1655 2275 eam
1681 2220 1782 2273 sibi
1813 2220 2089 2275 vindicare

521 2313 747 2382 possint.
789 2313 857 2364 At
890 2326 1016 2388 vero
1061 2312 1313 2381 pietatem
1357 2325 1458 2365 non
1497 2313 1549 2364 iu
1586 2311 1810 2364 multum
1849 2319 1904 2365 et
1951 2326 2093 2381 δωρεᾶ

521 2406 589 2457 de
640 2405 746 2458 Deo
791 2403 1056 2473 loquendo
1077 2446 1090 2469 ,
1128 2403 1220 2458 sed
1249 2412 1306 2456 ut
1335 2403 1622 2472 plurimum
1655 2404 1878 2457 tacendo
1900 2443 1916 2467 ,
1944 2405 2089 2473 posi-

523 2509 630 2551 tam
657 2496 1080 2566 esseiudicetis;
1113 2496 1290 2565 lingua
1317 2496 1480 2557 enim,
1517 2495 1618 2549 nisi
1652 2495 1864 2550 ratione
1889 2497 2089 2565 guber-

523 2599 698 2653 netur,
738 2589 789 2641 in
829 2589 1030 2657 lapsum
1064 2587 1221 2641 facile
1253 2588 1499 2642 homines
1540 2586 1807 2656 impellit,
1847 2601 2089 2654 semper-

522 2697 627 2751 que
655 2682 831 2734 minus
877 2681 1238 2751 periculosum
1288 2696 1408 2734 esse
1468 2681 1685 2745 audire,
1735 2695 1894 2749 quam
1948 2679 2089 2750 loqui

522 2772 846 2826 existimetis
871 2811 885 2834 ,
937 2786 999 2825 ac
1028 2773 1253 2841 proinde
1279 2772 1548 2827 lubentius
1583 2772 1646 2825 de
1673 2771 1782 2825 Deo
1817 2772 2090 2840 quidpiam

523 2863 765 2925 discatis,
802 2877 961 2932 quam
995 2863 1232 2918 doceatis
1261 2877 1276 2916 :
1313 2877 1514 2932 vosque
1547 2864 1620 2918 ita
1650 2864 1998 2932 comparetis,
2034 2874 2092 2918 ut

521 2953 798 3008 exactiore
828 2953 1016 3007 harum
1053 2963 1232 3008 rerum
1271 2955 1671 3009 examinatione
1701 2956 2092 3025 dispensatori-

522 3047 621 3098 bus
660 3045 816 3098 Verbi
851 3046 1060 3110 relicta,
1092 3060 1337 3100 sermone
1368 3046 1667 3109 minimum,
1698 3047 1950 3114 operibus
1980 3062 2092 3100 ma-

517 3137 619 3205 iori
669 3153 731 3192 ex
773 3147 924 3206 parte
965 3139 1129 3191 Deum
1164 3137 1353 3192 colatis
1385 3178 1400 3202 ,
1434 3137 1713 3209 magisque
1739 3139 1872 3208 legis
1900 3141 2091 3193 obser-

524 3228 772 3294 vatione,
816 3243 974 3297 quam
1029 3227 1353 3297 legislatoris
1397 3228 1556 3281 laude
1606 3238 1662 3282 et
1715 3229 2092 3296 praedicatione

523 3329 757 3373 vestrum
806 3334 931 3388 erga
986 3333 1108 3372 eum
1160 3333 1399 3372 amorem
1459 3317 1782 3382 declaretis,
1835 3319 2087 3372 nimirum

523 3413 649 3466 vitia
684 3413 982 3480 fugientes,
1025 3413 1275 3465 virtutem
1324 3419 1734 3471 consectantes,
1775 3411 1967 3478 spiritu
2005 3409 2090 3462 vi-

525 3513 706 3557 ventes
724 3503 790 3566 ’⁷,
821 3502 1045 3570 spiritus
1074 3501 1314 3570 vestigiis
1344 3500 1707 3567 ingredientes
1729 3539 1744 3561 ,
1788 3513 1961 3568 eoque
1998 3514 2090 3553 co-

2193 2120 2499 2190 τιθέμενοι·
2533 2121 2752 2190 γλῶσσα
2778 2121 2887 2194 γὰρ
2927 2121 3137 2187 ὄλισθος
3177 2121 3487 2194 ἀνθρώποις
3515 2125 3580 2196 μὴ
3610 2125 3719 2197 λόγῳ

2195 2212 2612 2284 κυϐερνωμένη·
2673 2215 2766 2266 καὶ
2801 2213 3216 2284 ἀκινδυνοτέραν
3263 2215 3433 2287 ἀκοὴν
3477 2215 3556 2268 ἀεὶ
3597 2217 3716 2284 λόγου

2193 2303 2523 2374 νομίζοντες,
2544 2303 2684 2357 ὥστε
2715 2304 2833 2374 (12)
2866 2323 2918 2358 τι
2947 2305 3235 2376 μανθάνειν
3250 2306 3423 2375 ἥδιον,
3450 2307 3482 2378 ἢ
3508 2306 3720 2360 διδάσκειν

2197 2397 2324 2469 περὶ
2349 2397 2484 2449 Θεοῦ
2512 2413 2527 2428 '
2581 2396 2678 2469 τὴν
2734 2398 2832 2467 μὲν
2881 2397 3278 2469 ἀκριϐεστέραν
3302 2398 3502 2451 τούτων
3531 2398 3720 2465 ἐξέτασιν

2194 2491 2305 2552 τοῖς
2333 2488 2637 2560 οἰκονόμοις
2674 2489 2766 2542 τοῦ
2801 2490 2960 2558 λόγου
3005 2489 3459 2561 παραχωροῦντες
3479 2507 3492 2520 '
3529 2491 3656 2543 αὐτοὶ
3682 2491 3723 2542 δὲ

2193 2581 2335 2651 λόγῳ
2355 2581 2454 2652 μὲν
2477 2580 2828 2645 εὐσεϐοῦντες
2850 2581 3153 2652 όλίγα(15),
3169 2581 3320 2652 ἔργῳ
3346 2581 3400 2634 δὲ
3427 2581 3722 2644 “nitelam,va

2194 2677 2262 2745 τῇ
2287 2676 2518 2745 τηρήσει
2553 2674 2659 2727 τῶν
2686 2675 2863 2744 νόμων
2905 2674 3103 2745 μᾶλλον
3155 2674 3187 2745 ἢ
3217 2673 3301 2744 τῷ
3359 2672 3634 2744 θαυμάζειν
3659 2673 3726 2724 τὸν

2195 2767 2493 2837 νομοθέτην
2517 2767 2627 2835 (14)
2655 2767 2715 2818 τὸ
2741 2767 2866 2839 περὶ
2887 2766 3049 2821 αὑτὸν
3083 2766 3194 2836 (15)
3217 2766 3445 2838 φίλτρον
3478 2762 3728 2817 ἐπιδεικνύ-

2198 2876 2370 2930 μενοι,
2420 2859 2712 2928 φεύγοντες
2771 2859 2988 2922 κακίαν,
3035 2857 3328 2921 διώκοντες
3366 2857 3578 2929 ἀρετὴν,
3606 2854 3729 2907 πνεύ-

2198 2968 2326 3022 ματι
2373 2949 2573 3015 ζῶντες
2625 2950 2758 3021 (16),
2816 2951 3080 3021 πνεύματι
3112 2950 3224 3021 (17)
3284 2949 3607 3019 στοιχοῦντες
3629 2946 3731 3015 (18),

2194 3044 2368 3114 τούτῳ
2389 3044 2488 3113 τὴν
2531 3033 2732 3112 γνῶσιν
2769 3043 3036 3108 ἕλκοντες,
3069 3043 3553 3114 ἐποικοδομοῦντες
3580 3039 3648 3111 τῷ
3664 3039 3733 3090 θε-

2197 3136 2364 3207 μελίῳ
2398 3137 2498 3207 τῆς
2551 3135 2805 3200 πίστεως,
2874 3139 2945 3208 μὴ
2990 3134 3146 3202 ξύλον
3201 3135 3344 3205 (19),
3410 3134 3540 3205 μηδὲ
3567 3133 3736 3205 χόρτον.

2196 3227 2332 3299 μηδὲ
2365 3228 2640 3298 καλάμην,
2703 3227 2834 3299 ὓλην
2869 3228 3068 3299 ἀσθενῆ
3096 3229 3188 3282 καὶ
3220 3229 3428 3300 ῥᾳδίως
3463 3223 3736 3293 δαπανωμέ-

2195 3335 2310 3390 νην,
2350 3319 2510 3390 ἡνίκα
2547 3319 2614 3373 ἂν
2653 3321 2784 3390 πυρὶ
2831 3319 3082 3392 κρίνηται
3115 3321 3183 3374 τὰ
3209 3320 3489 3392 ἡμέτερα,
3527 3317 3559 3387 ἢ
3590 3313 3740 3369 καθαι-

2199 3427 2360 3482 ρηται
2389 3410 2534 3477 (20)·
2576 3411 2711 3465 ἀλλὰ
2739 3412 2958 3482 χρυσὸν,
3003 3411 3270 3484 ἄργυρον,
3321 3412 3504 3476 λίθους
3541 3409 3741 3480 τιμίους.

2199 3501 2266 3554 τά
2297 3502 2526 3572 μένοντα
2547 3504 2644 3556 καὶ
2673 3504 2957 3574 ἱστάμενα.

523 3582 815 3665 gnitiouem
868 3591 1287 3655 attrahentes",
1337 3590 1688 3645 fundamento
1730 3590 1851 3644 ﬁdei
1898 3598 2356 3660 superstruentes,
2387 3607 2491 3647 non
2520 3592 2744 3662 lignum,
2805 3608 2908 3648 non
2981 3593 3199 3658 fenum,
3270 3609 3382 3648 non
3448 3591 3739 3660 stipulam",

527 3697 692 3746 levem
722 3691 1002 3744 materiam
1029 3689 1290 3758 facileque
1313 3691 1753 3750 consumendam,
1777 3701 1898 3740 cum
1921 3687 2162 3741 actiones
2192 3697 2391 3742 nostrae
2453 3688 2994 3758 igneiudicabuntur,
3057 3698 3148 3743 aut
3211 3690 3623 3758 purgabuntur;
3673 3687 3744 3739 scd

522 3797 711 3835 aurum
734 3821 750 3847 ,
799 3789 1114 3848 argentum,
1151 3778 1355 3847 lapides
1397 3777 1696 3846 pretiosos,
1736 3793 1821 3832 res
1855 3777 2036 3832 ﬁrmas
2075 3787 2128 3832 et
2165 3778 2405 3833 stabiles.

593 3876 699 3945 72
741 3873 873 3928 Vlll.
927 3872 1052 3926 Haec
1082 3871 1240 3926 velim
1281 3870 1531 3937 faciatis,
1574 3881 1735 3939 atque
1790 3871 2091 3940 huiusmodi

521 3945 621 4021 nos
653 3967 872 4021 honoris
905 3979 1101 4034 genere
1126 3963 1584 4032 complectamiui,
1611 3963 1724 4016 sive
1749 3965 2091 4018 sermonibus

525 4055 724 4112 nostris
754 4055 978 4121 adsitis,
1017 4055 1130 4108 sive
1162 4053 1349 4107 abesse
1378 4052 1578 4106 malitis
1598 4094 1612 4117 ,
1647 4052 1758 4107 sive
1787 4056 2087 4108 orationum

525 4159 834 4200 nostrarum
868 4142 1164 4213 cupiditate
1193 4143 1487 4204 ducamini,
1515 4144 1629 4197 sive
1655 4143 1784 4211 quid
1812 4143 1953 4196 aliud
1985 4146 2086 4198 hu-

524 4239 607 4307 ius
641 4237 718 4292 rei
750 4237 928 4292 studio
961 4236 1237 4304 antiquius
1278 4235 1524 4289 habeatis
1557 4251 1570 4288 :
1597 4250 1660 4289 ac
1687 4234 1781 4288 ﬁlii
1820 4235 1913 4289 Dei
1944 4236 2086 4305 puri,

524 4339 577 4384 et
605 4330 720 4384 sine
755 4328 1170 4399 reprehensione
1195 4365 1209 4391 ,
1244 4326 1297 4380 in
1326 4325 1504 4381 medio
1531 4341 1710 4396 pravae
1737 4341 1801 4380 ac
1829 4341 2095 4396 perversae

595 4470 674 4523 "l
704 4468 830 4524 Cor.
861 4483 943 4532 ut,
973 4467 1026 4522 9:
1137 4469 1181 4498 ”
1210 4466 1308 4520 lsa.
1360 4481 1412 4534 ν,
1450 4466 1504 4520 1.

523 4542 569 4572 ³⁸
599 4541 736 4594 Psal.
778 4554 942 4592 cxvm
964 4577 977 4601 ,
1012 4537 1134 4592 151.
1211 4538 1255 4569 ⁸³
1283 4538 1298 4590 1
1323 4537 1447 4592 Cor.
1483 4551 1569 4601 tu,
1601 4536 1693 4600 11,
1722 4534 1809 4590 ιε.

1613 4464 1659 4538 βξ
1687 4463 1912 4538 Philem.
1969 4466 2056 4524 12.
2141 4470 2187 4501 ⁸⁵
2213 4467 2233 4522 1
2263 4470 2382 4526 Cor.
2420 4487 2493 4538 ιν,
2523 4472 2607 4526 15.

2276 3873 2358 3927 Η’.
2387 3871 2573 3924 Ταῦτα
2597 3871 2909 3942 πράσσοιτε,
2945 3871 3037 3925 καὶ
3068 3871 3285 3936 τούτοις
3306 3873 3465 3945 ἡμᾶς
3501 3869 3609 3940 (21)
3633 3864 3750 3931 δοξά-

2193 3960 2335 4026 ζοιτε
2365 3961 2476 4014 εἴτε
2503 3962 2768 4032 παρόντες
2801 3964 2910 4016 εἴτε
2953 3963 3202 4028 ἀπόντες,
3246 3963 3366 4016 εἴτε
3398 3958 3749 4033 μεταποιούμεο

2191 4071 2270 4108 νοι
2303 4054 2411 4108 τῶν
2461 4055 2744 4127 ἡμετέρων
2789 4055 2980 4124 λόγων,
3015 4056 3124 4108 εἴτε
3147 4055 3282 4109 ἄλλο
3317 4056 3435 4126 (22)
3463 4073 3517 4108 τι
3538 4048 3752 4124 προτιμό-

2189 4163 2345 4218 τερον
2377 4147 2598 4216 ᾰγοντες
2617 4164 2630 4178 °
2670 4149 2763 4202 καὶ
2793 4147 3030 4217 γίνοισθε
3071 4148 3184 4218 (25)
3212 4148 3392 4202 τέκνα
3415 4145 3551 4200 Θεοῦ
3575 4139 3752 4210 καθαρὰ

2194 4240 2288 4292 καὶ
2311 4238 2608 4311 άμώμητα,
2628 4242 2685 4293 ὲν
2715 4241 2864 4311 μέσῳ
2885 4241 3074 4309 γενεᾶς
3105 4241 3338 4304 σκολιᾶς
3375 4239 3476 4294 καὶ
3506 4238 3758 4306 διεστραμ-

2204 4331 2370 4404 μένης
2395 4349 2408 4364 ⁹
2436 4335 2530 4387 καὶ
2558 4334 2632 4405 μὴ
2667 4335 3045 4407 περιπλέκοιτο
3077 4334 3206 4405 ὑμῖν
3233 4334 3310 4388 τὰ
3336 4333 3454 4386 τῶν
3485 4329 3658 4398 κύκλῳ
3685 4341 3758 4376 πει

2716 4471 2762 4503 "
2791 4471 2924 4527 Luc.
2969 4486 3066 4536 vu,
3105 4471 3196 4527 45.
3306 4471 3358 4504 ’⁷
3385 4471 3552 4526 Rom.
3580 4481 3669 4530 xu,
3692 4462 3759 4516 11.

595 4677 672 4748 (4)
712 4675 1047 4748 Χαρίζεσθε.
1087 4674 1220 4729 Tres
1261 4674 1422 4745 Begg.
1464 4672 1796 4745 χαρίζοισθε.
1822 4670 1972 4727 Colb.
2015 4687 2087 4738 ιη,

2209 4695 2220 4728 ι
2249 4675 2444 4730 Paucis
2461 4687 2706 4748 sermone
2728 4675 2981 4740 pietatem
3003 4671 3309 4743 iactantes,
3330 4674 3533 4742 maiori
3555 4688 3620 4728 ex
3636 4677 3762 4742 parte

520 4745 859 4817 χαρίζεσθαι.

593 4813 668 4887 (ῖς)
704 4816 886 4882 Οὓς...
911 4815 1255 4885 ἐγέννησεν.
1297 4835 1315 4867 ι
1355 4819 1400 4869 Α
1433 4830 1606 4884 quo...
1639 4813 2043 4887 genitigsumus.
2066 4834 2086 4867 ι

522 4882 612 4941 Sic
646 4882 886 4955 profecto
927 4882 1257 4950 vertendum,
1296 4903 1396 4940 non
1428 4882 1579 4949 vero,
1623 4882 1679 4938 ut
1709 4882 1916 4948 Billius,
1949 4902 1967 4934 ι
1997 4899 2090 4954 ger

523 4957 615 5010 niti
642 4957 802 5021 estis;
829 4975 846 5006 ι
880 4957 1114 5024 alioquin
1136 4975 1162 5007 γ
1194 4957 1493 5010 communis
1521 4969 1714 5025 parens
1745 4973 1763 5004 ι
1791 4969 1899 5009 non
1925 4964 2089 5008 esset.

595 5026 671 5096 (ιϐ)
715 5025 1053 5096 Αὶὸεἷσθε.ι
1089 5025 1492 5096 Βθνετειηίιιί.)

619 5097 670 5166 7)
711 5096 946 5149 Πλεῖον.
975 5095 1222 5166 Nonnulli
1245 5095 1427 5166 πλέον.
1457 5095 1552 5148 Ed.
1591 5095 1712 5149 Bas.
1749 5093 2018 5146 πλεῖστον.

619 5097 670 5166 7)
711 5097 946 5149 Πλεῖον.
975 5097 1222 5148 Nonnulli
1250 5097 1427 5148 πλέον.
1457 5097 1552 5148 Ed.
1591 5097 1704 5149 Bas.

591 5097 670 5237 (8)
724 5167 1063 5237 Ὀφείλεται.
1097 5164 1208 5218 Duo
1239 5165 1408 5235 Regii,
1444 5166 1704 5234 ὀφείλετε.

597 5234 673 5307 (9)
724 5234 1109 5303 'Tnozpéovc.
1131 5254 1148 5284 ‹
1173 5237 1285 5301 Qua
1319 5234 1413 5288 vos
1447 5237 1734 5290 obstrictos
1768 5249 1884 5288 mea
1918 5234 2092 5288 chari-

528 5317 634 5360 late
668 5310 871 5360 aceeni.
911 5327 928 5357 ι

596 5324 1042 5499 ῥίὲϐἰᾷξὲἓεῖί-θε.
1105 5393 1125 5427 ι
1173 5375 1442 5430 Honorem
1494 5376 1758 5455 habeatis.
1795 5393 1813 5427 ι
1867 5373 2092 5440 Billius,

614 5464 661 5498 HI
705 5463 786 5499 ΟΜ
820 5463 879 5499 IS.
916 5467 933 5497 ι

529 5465 549 5497 ‹
597 5458 879 5515 habebitis.
916 5467 933 5497 ι

598 5516 705 5586 (11)
746 5517 978 5570 Πίστιν.
1016 5535 1034 5568 r
1065 5516 1270 5571 Fidem.
1302 5535 1320 5566 ι
1362 5515 1547 5569 Billius
1592 5517 1775 5571 addit:
1813 5535 1834 5570 ι
1877 5519 2096 5573 minime

529 5587 765 5648 dubiam,
801 5605 819 5638 ι
863 5603 982 5654 quae
1005 5604 1126 5641 cum
1158 5602 1186 5639 a
1216 5586 1405 5642 Graeco
1435 5587 1633 5649 absint,
1663 5588 1976 5644 tlelevimus.

602 5656 931 5727 (12)]Ὠστε
977 5674 1052 5709 τι.
1106 5657 1196 5710 Sic
1241 5668 1472 5726 quatuor
1525 5657 1708 5727 Regii,
1765 5668 1818 5711 et
1874 5660 2092 5714 totidem

526 5725 675 5798 Colb.
695 5726 899 5798 Cnuih.
945 5727 1174 5798 Ὠςὼἕστι
1205 5725 1509 5797 μανθάνειν.
1543 5725 1671 5797 Reg.
1699 5743 1752 5798 y.
1775 5728 1913 5782 ὥστε
1938 5729 2018 5782 τό.

598 5797 709 5865 (15)
761 5796 980 5866 Ὀλίγα.
1030 5795 1160 5867 [ἶνες.
1209 5795 1269 5868 g,
1321 5799 1501 5870 ὀλίγῳ.
1549 5795 1643 5853 Sid
1688 5795 1845 5854 venit
1900 5799 2088 5857 Comb.

2195 4761 2367 4816 opere
2390 4744 2756 4816 praeferentes.
2794 4761 2812 4794 ι

2265 4811 2778 4887 (14)”Νομοθέζην.
2820 4814 2958 4887 Reg.
2977 4812 3041 4887 i,_
3057 4811 3248 4884 νόμον.

2407 4875 2620 4956 Atii/6r.
2655 4875 2869 4956 Reg._y,
2897 4875 3103 4938 αὐτῶν.

2267 4949 2378 5026 (16)
2419 4953 2668 5018 Ζῶντες.
2705 4949 2888 5008 Βῖιιῐυε
2915 4956 2968 5008 in
2993 4970 3161 5024 marg.
3191 4953 3352 5011 forte
3375 4955 3622 5021 ζέοντες,
3646 4969 3664 5005 ι
3684 4949 3770 5020 spi-

2196 5027 2303 5081 ritu
2339 5028 2628 5080 ferVentes.
2665 5042 2684 5074 ι

2270 5094 2386 5167 (17)
2404 5092 2836 5167 -Στοιχοῦντεᾳ
2874 5114 2893 5147 r
2917 5095 3302 5161 lncedentes,»
3338 5110 3447 5152 seu
3485 5115 3505 5146 ι
3528 5092 3774 5149 ambulau-

2203 5176 2306 5222 tes.
2339 5164 2572 5220 r'Galat.
2600 5179 2655 5230 ν,
2688 5165 2778 5219 25'.

2267 5236 2380 5307 (18)
2422 5235 2634 5307 Τούτῳ.
2669 5234 2801 5307 Reg.
2830 5251 2884 5300 a,
2913 5235 3138 5290 τούτων.

2268 5299 2640 5378 (19)-Ξύλοῷθ.
2691 5299 2906 5378 βεριειη
2948 5307 3138 5376 Regg.,
3170 5315 3434 5378 quatuor
3465 5304 3643 5369 Colb.,
3686 5299 3779 5356 λιες.

2199 5374 2502 5462 ξύλίαλξθιοχ
2520 5375 2610 5462 [μὴ
2644 5374 2834 5445 χόρτον
2849 5391 2963 5462 Δριό
2988 5374 3130 5462 Δμηδὲ
3159 5376 3401 5462 χόρτον.

2273 5446 2384 5518 (20)
2423 5446 2818 5518 quqipngai.
2837 5446 3008 5518 ‘Abest
3031 5446 3067 5518 α
3095 5448 3305 5518 Βρεκι.

2272 5508 2386 5588 (‘21)
2437 5508 2624 5585 Ἥμᾶςῖ
2671 5508 2990 5580 δοξάζοιτε.
3048 5508 3398 5572 ouu'cutb.
3457 5516 3605 5588 ὑμᾶς
3651 5508 3784 5576 auii-

2091 5627 2093 5629 -
2202 5605 2376 5641 σοιτε.

2270 5659 2384 5728 (22)
2425 5658 2604 5710 Ἄλλο
2649 5673 2725 5708 τι.
2768 5654 2860 5728 _Sic
2896 5664 3136 5728 quatuor
3163 5655 3369 5727 Regii,
3416 5667 3530 5728 etc.
3597 5723 3613 5728 _
3705 5718 3748 5728 .,.

2271 5716 2383 5798 (25)
2423 5727 2723 5798 Γίνοισθε.
2773 5716 2927 5798 Reg.‘
2957 5741 3006 5794 a,
3046 5726 3201 5783 Colb.
3261 5716 3366 5796 ἦ),
3396 5723 3668 5797 γένοισθε.
3704 5716 3787 5776 Bil-

2200 5796 2303 5854 liuS
2327 5814 2392 5854 ex
2424 5797 2538 5852 Elia
2564 5796 2924 5866 γινώσκησθε.
