  <div class='ocr_page' id='page_1' title='image "/cluster/home/n/w/nwhite01/storage/ocr_20150623/35/hvd.32044024473308/272.png"; bbox 0 0 3832 6394; ppageno 0'>
   <div class='ocr_carea' id='block_1_1' title="bbox 168 388 2341 472">
    <p class='ocr_par' dir='ltr' id='par_1_1' title="bbox 168 388 2341 472">
     <span class='ocr_line' id='line_1_1' title="bbox 168 388 2341 472; baseline -0.008 -13"><span class='ocrx_word' id='word_1_1' title='bbox 168 413 248 472; x_wconf 67' lang='lat'><strong>57,5</strong></span> <span class='ocrx_word' id='word_1_2' title='bbox 1077 388 1334 449; x_wconf 81' lang='lat' dir='ltr'><strong>ORATIO</strong></span> <span class='ocrx_word' id='word_1_3' title='bbox 1375 389 1460 445; x_wconf 82' lang='lat' dir='ltr'><strong>IV.</strong></span> <span class='ocrx_word' id='word_1_4' title='bbox 1498 423 1564 432; x_wconf 84' lang='lat'><strong>-—-</strong></span> <span class='ocrx_word' id='word_1_5' title='bbox 1604 390 1882 447; x_wconf 77' lang='lat' dir='ltr'><strong>CONTRA</strong></span> <span class='ocrx_word' id='word_1_6' title='bbox 1919 389 2261 446; x_wconf 80' lang='lat' dir='ltr'><strong>JULIANUM</strong></span> <span class='ocrx_word' id='word_1_7' title='bbox 2300 389 2341 443; x_wconf 87' lang='lat' dir='ltr'><strong>l.</strong></span> 
     </span>
    </p>
   </div>
   <div class='ocr_carea' id='block_1_2' title="bbox 3229 384 3340 438">
    <p class='ocr_par' dir='ltr' id='par_1_2' title="bbox 3229 384 3340 438">
     <span class='ocr_line' id='line_1_2' title="bbox 3229 384 3340 438; baseline 0 -1"><span class='ocrx_word' id='word_1_8' title='bbox 3229 384 3292 438; x_wconf 56' lang='grc' dir='ltr'><strong>εἰ)</strong></span> <span class='ocrx_word' id='word_1_9' title='bbox 3307 384 3340 437; x_wconf 62' lang='grc' dir='ltr'>ι’</span> 
     </span>
    </p>
   </div>
   <div class='ocr_carea' id='block_1_3' title="bbox 180 499 1670 590">
    <p class='ocr_par' dir='ltr' id='par_1_3' title="bbox 180 503 1670 590">
     <span class='ocr_line' id='line_1_3' title="bbox 180 503 1670 590; baseline -0.02 -7"><span class='ocrx_word' id='word_1_10' title='bbox 180 524 334 590; x_wconf 69' lang='grc' dir='ltr'>Ἡσαΐᾳ</span> <span class='ocrx_word' id='word_1_11' title='bbox 359 507 803 583; x_wconf 54' lang='grc' dir='ltr'>σὐμςςθεγξασθαι.</span> <span class='ocrx_word' id='word_1_12' title='bbox 829 510 975 580; x_wconf 79' lang='grc' dir='ltr'>Πλὴν</span> <span class='ocrx_word' id='word_1_13' title='bbox 1003 509 1122 560; x_wconf 76' lang='grc' dir='ltr'>ὅσον</span> <span class='ocrx_word' id='word_1_14' title='bbox 1151 509 1178 559; x_wconf 88' lang='grc' dir='ltr'>ὁ</span> <span class='ocrx_word' id='word_1_15' title='bbox 1212 505 1323 576; x_wconf 85' lang='grc'>(67)</span> <span class='ocrx_word' id='word_1_16' title='bbox 1358 504 1454 574; x_wconf 81' lang='grc' dir='ltr'><strong>μὲν</strong></span> <span class='ocrx_word' id='word_1_17' title='bbox 1481 503 1572 556; x_wconf 73' lang='grc' dir='ltr'>ἐπὶ</span> <span class='ocrx_word' id='word_1_18' title='bbox 1593 503 1670 572; x_wconf 79' lang='grc' dir='ltr'>τῷ</span> 
     </span>
    </p>
   </div>
   <div class='ocr_carea' id='block_1_4' title="bbox 1788 499 3332 590">
    <p class='ocr_par' dir='ltr' id='par_1_4' title="bbox 1788 499 3332 571">
     <span class='ocr_line' id='line_1_4' title="bbox 1788 499 3332 571; baseline -0.003 -15"><span class='ocrx_word' id='word_1_19' title='bbox 1788 521 1871 557; x_wconf 81' lang='lat' dir='ltr'><strong>)lls</strong></span> <span class='ocrx_word' id='word_1_20' title='bbox 1899 505 2068 558; x_wconf 84' lang='lat' dir='ltr'><strong>Isaias</strong></span> <span class='ocrx_word' id='word_1_21' title='bbox 2095 503 2242 558; x_wconf 91' lang='lat' dir='ltr'><strong>vocis</strong></span> <span class='ocrx_word' id='word_1_22' title='bbox 2276 499 2610 558; x_wconf 77' lang='lat' dir='ltr'><strong>sublimitate</strong></span> <span class='ocrx_word' id='word_1_23' title='bbox 2651 502 2940 571; x_wconf 80' lang='lat' dir='ltr'><strong>praphetas</strong></span> <span class='ocrx_word' id='word_1_24' title='bbox 2966 512 3152 554; x_wconf 91' lang='lat' dir='ltr'><strong>omnes</strong></span> <span class='ocrx_word' id='word_1_25' title='bbox 3181 508 3332 553; x_wconf 84' lang='lat' dir='ltr'><strong>ante-</strong></span> 
     </span>
    </p>
   </div>
   <div class='ocr_carea' id='block_1_5' title="bbox 176 596 1664 684">
    <p class='ocr_par' dir='ltr' id='par_1_5' title="bbox 176 596 1664 684">
     <span class='ocr_line' id='line_1_5' title="bbox 176 596 1664 684; baseline -0.017 -14"><span class='ocrx_word' id='word_1_26' title='bbox 176 611 347 684; x_wconf 77' lang='grc' dir='ltr'>Ἰσραὴλ</span> <span class='ocrx_word' id='word_1_27' title='bbox 385 603 691 671; x_wconf 84' lang='grc' dir='ltr'>άθετήσαντι</span> <span class='ocrx_word' id='word_1_28' title='bbox 741 600 913 654; x_wconf 80' lang='grc' dir='ltr'>ταῦτα</span> <span class='ocrx_word' id='word_1_29' title='bbox 963 600 1116 652; x_wconf 83' lang='grc' dir='ltr'>καλεῖ</span> <span class='ocrx_word' id='word_1_30' title='bbox 1161 597 1254 651; x_wconf 69' lang='grc' dir='ltr'><strong>καὶ</strong></span> <span class='ocrx_word' id='word_1_31' title='bbox 1301 596 1664 668; x_wconf 76' lang='grc' dir='ltr'>μαρτύρεταιο</span> 
     </span>
    </p>
   </div>
   <div class='ocr_carea' id='block_1_6' title="bbox 170 687 1668 778">
    <p class='ocr_par' dir='ltr' id='par_1_6' title="bbox 170 687 1668 778">
     <span class='ocr_line' id='line_1_6' title="bbox 170 687 1668 778; baseline -0.013 -20"><span class='ocrx_word' id='word_1_32' title='bbox 170 708 254 778; x_wconf 78' lang='grc' dir='ltr'>ἐγὼ</span> <span class='ocrx_word' id='word_1_33' title='bbox 278 704 324 756; x_wconf 82' lang='grc' dir='ltr'><strong>δὲ</strong></span> <span class='ocrx_word' id='word_1_34' title='bbox 352 702 432 752; x_wconf 75' lang='grc' dir='ltr'>ἐπὶ</span> <span class='ocrx_word' id='word_1_35' title='bbox 460 693 721 763; x_wconf 82' lang='grc' dir='ltr'>τυράννῳ,</span> <span class='ocrx_word' id='word_1_36' title='bbox 773 692 866 744; x_wconf 72' lang='grc' dir='ltr'><strong>καὶ</strong></span> <span class='ocrx_word' id='word_1_37' title='bbox 911 691 1230 744; x_wconf 64' lang='grc' dir='ltr'>ἀθετσέσαντι</span> <span class='ocrx_word' id='word_1_38' title='bbox 1314 688 1408 741; x_wconf 74' lang='grc' dir='ltr'><strong>καὶ</strong></span> <span class='ocrx_word' id='word_1_39' title='bbox 1452 687 1668 739; x_wconf 77' lang='grc' dir='ltr'>πεσόντι</span> 
     </span>
    </p>
   </div>
   <div class='ocr_carea' id='block_1_7' title="bbox 165 783 897 865">
    <p class='ocr_par' dir='ltr' id='par_1_7' title="bbox 165 783 897 865">
     <span class='ocr_line' id='line_1_7' title="bbox 165 783 897 865; baseline -0.005 -26"><span class='ocrx_word' id='word_1_40' title='bbox 165 797 322 865; x_wconf 78' lang='grc' dir='ltr'>πτῶμα</span> <span class='ocrx_word' id='word_1_41' title='bbox 347 789 436 858; x_wconf 84' lang='grc' dir='ltr'>τῆς</span> <span class='ocrx_word' id='word_1_42' title='bbox 459 784 708 846; x_wconf 76' lang='grc' dir='ltr'>ἀσεϐείας</span> <span class='ocrx_word' id='word_1_43' title='bbox 731 783 897 846; x_wconf 81' lang='grc' dir='ltr'>ἄξιον.</span> 
     </span>
    </p>
   </div>
   <div class='ocr_carea' id='block_1_8' title="bbox 211 955 1669 1029">
    <p class='ocr_par' dir='ltr' id='par_1_8' title="bbox 211 955 1669 1029">
     <span class='ocr_line' id='line_1_8' title="bbox 211 955 1669 1029; baseline 0.022 -43"><span class='ocrx_word' id='word_1_44' title='bbox 211 969 258 1025; x_wconf 67' lang='grc' dir='ltr'>Γ,</span> <span class='ocrx_word' id='word_1_45' title='bbox 287 967 480 1024; x_wconf 58' lang='grc' dir='ltr'><strong>Ἄκουε,</strong></span> <span class='ocrx_word' id='word_1_46' title='bbox 515 958 607 1012; x_wconf 73' lang='grc' dir='ltr'><strong>καὶ</strong></span> <span class='ocrx_word' id='word_1_47' title='bbox 635 961 666 1029; x_wconf 85' lang='grc' dir='ltr'>ὴ</span> <span class='ocrx_word' id='word_1_48' title='bbox 697 957 792 1011; x_wconf 76' lang='grc' dir='ltr'>τοῦ</span> <span class='ocrx_word' id='word_1_49' title='bbox 831 957 1064 1029; x_wconf 83' lang='grc' dir='ltr'>μεγάλου</span> <span class='ocrx_word' id='word_1_50' title='bbox 1101 956 1480 1011; x_wconf 84' lang='grc' dir='ltr'>Κωνσταντίου</span> <span class='ocrx_word' id='word_1_51' title='bbox 1501 955 1669 1026; x_wconf 73' lang='grc' dir='ltr'>ψυχὴ.</span> 
     </span>
    </p>
   </div>
   <div class='ocr_carea' id='block_1_9' title="bbox 160 1048 1672 1122">
    <p class='ocr_par' dir='ltr' id='par_1_9' title="bbox 160 1048 1672 1122">
     <span class='ocr_line' id='line_1_9' title="bbox 160 1048 1672 1122; baseline -0.013 -4"><span class='ocrx_word' id='word_1_52' title='bbox 160 1065 198 1119; x_wconf 85' lang='grc' dir='ltr'><strong>εί</strong></span> <span class='ocrx_word' id='word_1_53' title='bbox 223 1077 293 1122; x_wconf 85' lang='grc' dir='ltr'><strong>τις</strong></span> <span class='ocrx_word' id='word_1_54' title='bbox 327 1052 560 1122; x_wconf 84' lang='grc' dir='ltr'>αἴσθησις</span> <span class='ocrx_word' id='word_1_55' title='bbox 597 1049 728 1122; x_wconf 84' lang='grc'>(68),</span> <span class='ocrx_word' id='word_1_56' title='bbox 773 1051 894 1103; x_wconf 84' lang='grc' dir='ltr'>ὅσαι</span> <span class='ocrx_word' id='word_1_57' title='bbox 929 1067 988 1103; x_wconf 87' lang='grc' dir='ltr'><strong>τε</strong></span> <span class='ocrx_word' id='word_1_58' title='bbox 1023 1049 1134 1121; x_wconf 87' lang='grc'><strong>(69)</strong></span> <span class='ocrx_word' id='word_1_59' title='bbox 1173 1049 1281 1121; x_wconf 85' lang='grc' dir='ltr'><strong>πρὸ</strong></span> <span class='ocrx_word' id='word_1_60' title='bbox 1323 1049 1483 1104; x_wconf 82' lang='grc' dir='ltr'>αὑτοῦ</span> <span class='ocrx_word' id='word_1_61' title='bbox 1523 1048 1672 1117; x_wconf 86' lang='grc' dir='ltr'>βασι-</span> 
     </span>
    </p>
   </div>
   <div class='ocr_carea' id='block_1_10' title="bbox 157 1140 1668 1218">
    <p class='ocr_par' dir='ltr' id='par_1_10' title="bbox 157 1140 1668 1218">
     <span class='ocr_line' id='line_1_10' title="bbox 157 1140 1668 1218; baseline -0.013 -8"><span class='ocrx_word' id='word_1_62' title='bbox 157 1156 263 1210; x_wconf 83' lang='grc' dir='ltr'>λέων</span> <span class='ocrx_word' id='word_1_63' title='bbox 299 1147 643 1218; x_wconf 80' lang='grc' dir='ltr'>φιλόχριστοι·</span> <span class='ocrx_word' id='word_1_64' title='bbox 677 1141 768 1196; x_wconf 77' lang='grc' dir='ltr'>τοῦ</span> <span class='ocrx_word' id='word_1_65' title='bbox 805 1143 860 1196; x_wconf 81' lang='grc' dir='ltr'>δὲ</span> <span class='ocrx_word' id='word_1_66' title='bbox 891 1142 1000 1213; x_wconf 88' lang='grc'>(70)</span> <span class='ocrx_word' id='word_1_67' title='bbox 1047 1143 1140 1194; x_wconf 72' lang='grc' dir='ltr'><strong>καὶ</strong></span> <span class='ocrx_word' id='word_1_68' title='bbox 1165 1141 1380 1194; x_wconf 84' lang='grc' dir='ltr'>πάντων</span> <span class='ocrx_word' id='word_1_69' title='bbox 1416 1140 1668 1211; x_wconf 80' lang='grc' dir='ltr'>μάλιστα,</span> 
     </span>
    </p>
   </div>
   <div class='ocr_carea' id='block_1_11' title="bbox 157 1231 1672 1313">
    <p class='ocr_par' dir='ltr' id='par_1_11' title="bbox 157 1231 1672 1313">
     <span class='ocr_line' id='line_1_11' title="bbox 157 1231 1672 1313; baseline -0.016 -19"><span class='ocrx_word' id='word_1_70' title='bbox 157 1249 239 1313; x_wconf 76' lang='grc' dir='ltr'><strong>ὅσῳ</strong></span> <span class='ocrx_word' id='word_1_71' title='bbox 263 1243 320 1310; x_wconf 76' lang='grc' dir='ltr'>τῇ</span> <span class='ocrx_word' id='word_1_72' title='bbox 357 1233 580 1308; x_wconf 76' lang='grc' dir='ltr'>Χριστοῦ</span> <span class='ocrx_word' id='word_1_73' title='bbox 612 1233 944 1304; x_wconf 80' lang='grc' dir='ltr'><strong>κληρονομίᾳ</strong></span> <span class='ocrx_word' id='word_1_74' title='bbox 977 1231 1346 1300; x_wconf 72' lang='grc' dir='ltr'><strong>συναυξηθεὶς,</strong></span> <span class='ocrx_word' id='word_1_75' title='bbox 1381 1232 1474 1284; x_wconf 73' lang='grc' dir='ltr'><strong>καὶ</strong></span> <span class='ocrx_word' id='word_1_76' title='bbox 1509 1231 1672 1302; x_wconf 73' lang='grc' dir='ltr'>αὐξή-</span> 
     </span>
    </p>
   </div>
   <div class='ocr_carea' id='block_1_12' title="bbox 157 1322 1668 1398">
    <p class='ocr_par' dir='ltr' id='par_1_12' title="bbox 157 1322 1668 1398">
     <span class='ocr_line' id='line_1_12' title="bbox 157 1322 1668 1398; baseline -0.006 -13"><span class='ocrx_word' id='word_1_77' title='bbox 157 1353 231 1397; x_wconf 72' lang='grc' dir='ltr'><strong>σας</strong></span> <span class='ocrx_word' id='word_1_78' title='bbox 260 1330 442 1398; x_wconf 77' lang='grc' dir='ltr'>ταύτην</span> <span class='ocrx_word' id='word_1_79' title='bbox 467 1328 546 1388; x_wconf 81' lang='grc' dir='ltr'><strong>είς</strong></span> <span class='ocrx_word' id='word_1_80' title='bbox 576 1325 824 1395; x_wconf 83' lang='grc' dir='ltr'>δύναμιν,</span> <span class='ocrx_word' id='word_1_81' title='bbox 861 1326 956 1379; x_wconf 75' lang='grc' dir='ltr'><strong>καὶ</strong></span> <span class='ocrx_word' id='word_1_82' title='bbox 996 1324 1172 1395; x_wconf 80' lang='grc' dir='ltr'>χρόνῳ</span> <span class='ocrx_word' id='word_1_83' title='bbox 1211 1322 1668 1393; x_wconf 75' lang='grc' dir='ltr'>βεϐαιωσάμενος,</span> 
     </span>
    </p>
   </div>
   <div class='ocr_carea' id='block_1_13' title="bbox 153 1411 1672 1482">
    <p class='ocr_par' dir='ltr' id='par_1_13' title="bbox 153 1411 1672 1482">
     <span class='ocr_line' id='line_1_13' title="bbox 153 1411 1672 1482; baseline -0.011 -1"><span class='ocrx_word' id='word_1_84' title='bbox 153 1429 260 1481; x_wconf 78' lang='grc' dir='ltr'>ὥστε</span> <span class='ocrx_word' id='word_1_85' title='bbox 300 1421 385 1474; x_wconf 73' lang='grc' dir='ltr'><strong>καὶ</strong></span> <span class='ocrx_word' id='word_1_86' title='bbox 428 1416 643 1470; x_wconf 85' lang='grc' dir='ltr'>πάντων</span> <span class='ocrx_word' id='word_1_87' title='bbox 675 1415 764 1468; x_wconf 84' lang='grc' dir='ltr'><strong>διὰ</strong></span> <span class='ocrx_word' id='word_1_88' title='bbox 810 1415 967 1468; x_wconf 77' lang='grc' dir='ltr'>τοῦτο</span> <span class='ocrx_word' id='word_1_89' title='bbox 1013 1413 1263 1482; x_wconf 84' lang='grc' dir='ltr'>γενέσθαι</span> <span class='ocrx_word' id='word_1_90' title='bbox 1304 1411 1411 1465; x_wconf 84' lang='grc' dir='ltr'><strong>τῶν</strong></span> <span class='ocrx_word' id='word_1_91' title='bbox 1455 1411 1672 1466; x_wconf 80' lang='grc' dir='ltr'>πώποτε</span> 
     </span>
    </p>
   </div>
   <div class='ocr_carea' id='block_1_14' title="bbox 153 1502 1670 1588">
    <p class='ocr_par' dir='ltr' id='par_1_14' title="bbox 153 1502 1670 1588">
     <span class='ocr_line' id='line_1_14' title="bbox 153 1502 1670 1588; baseline -0.017 -18"><span class='ocrx_word' id='word_1_92' title='bbox 153 1513 370 1588; x_wconf 68' lang='grc' dir='ltr'>βασιλέων</span> <span class='ocrx_word' id='word_1_93' title='bbox 417 1508 861 1577; x_wconf 82' lang='grc' dir='ltr'>ὀνομαστότατος,</span> <span class='ocrx_word' id='word_1_94' title='bbox 919 1505 1001 1575; x_wconf 81' lang='grc' dir='ltr'>(ὣ</span> <span class='ocrx_word' id='word_1_95' title='bbox 1032 1507 1130 1576; x_wconf 73' lang='grc' dir='ltr'>τῆς</span> <span class='ocrx_word' id='word_1_96' title='bbox 1183 1504 1443 1574; x_wconf 74' lang='grc' dir='ltr'><strong>ἐπηρείας</strong></span> <span class='ocrx_word' id='word_1_97' title='bbox 1501 1502 1670 1573; x_wconf 69' lang='lat'><strong>(71)!)</strong></span> 
     </span>
    </p>
   </div>
   <div class='ocr_carea' id='block_1_15' title="bbox 149 1596 1676 1677">
    <p class='ocr_par' dir='ltr' id='par_1_15' title="bbox 149 1596 1676 1677">
     <span class='ocr_line' id='line_1_15' title="bbox 149 1596 1676 1677; baseline -0.009 -18"><span class='ocrx_word' id='word_1_98' title='bbox 149 1609 352 1677; x_wconf 72' lang='grc' dir='ltr'>ἀγνόημα</span> <span class='ocrx_word' id='word_1_99' title='bbox 379 1600 610 1672; x_wconf 65' lang='grc' dir='ltr'>ἠγνόησε</span> <span class='ocrx_word' id='word_1_100' title='bbox 655 1600 856 1671; x_wconf 78' lang='grc' dir='ltr'>σφόδρα</span> <span class='ocrx_word' id='word_1_101' title='bbox 904 1599 1004 1668; x_wconf 79' lang='grc' dir='ltr'>τῆς</span> <span class='ocrx_word' id='word_1_102' title='bbox 1031 1597 1235 1660; x_wconf 77' lang='grc' dir='ltr'>οἰκείας</span> <span class='ocrx_word' id='word_1_103' title='bbox 1273 1596 1552 1658; x_wconf 76' lang='grc' dir='ltr'>εὐσεϐείας</span> <span class='ocrx_word' id='word_1_104' title='bbox 1584 1596 1676 1648; x_wconf 85' lang='grc' dir='ltr'><strong>ἀν-</strong></span> 
     </span>
    </p>
   </div>
   <div class='ocr_carea' id='block_1_16' title="bbox 152 1685 1669 1764">
    <p class='ocr_par' dir='ltr' id='par_1_16' title="bbox 152 1685 1669 1764">
     <span class='ocr_line' id='line_1_16' title="bbox 152 1685 1669 1764; baseline -0.007 -17"><span class='ocrx_word' id='word_1_105' title='bbox 152 1700 292 1764; x_wconf 70' lang='grc' dir='ltr'>ἀξιον*</span> <span class='ocrx_word' id='word_1_106' title='bbox 342 1692 526 1747; x_wconf 76' lang='grc' dir='ltr'>ἔλαθεν</span> <span class='ocrx_word' id='word_1_107' title='bbox 566 1692 874 1762; x_wconf 69' lang='grc' dir='ltr'>ἐπιτρέφων</span> <span class='ocrx_word' id='word_1_108' title='bbox 921 1691 1263 1760; x_wconf 85' lang='grc' dir='ltr'>Χριστιανοῖς</span> <span class='ocrx_word' id='word_1_109' title='bbox 1309 1686 1400 1741; x_wconf 78' lang='grc' dir='ltr'><strong>τὸν</strong></span> <span class='ocrx_word' id='word_1_110' title='bbox 1433 1685 1669 1758; x_wconf 76' lang='grc' dir='ltr'>Χριστοῦ</span> 
     </span>
    </p>
   </div>
   <div class='ocr_carea' id='block_1_17' title="bbox 147 1777 1671 1857">
    <p class='ocr_par' dir='ltr' id='par_1_17' title="bbox 147 1777 1671 1857">
     <span class='ocr_line' id='line_1_17' title="bbox 147 1777 1671 1857; baseline -0.01 -14"><span class='ocrx_word' id='word_1_111' title='bbox 147 1789 378 1857; x_wconf 76' lang='grc' dir='ltr'>πολέμιον,</span> <span class='ocrx_word' id='word_1_112' title='bbox 421 1785 515 1837; x_wconf 70' lang='grc' dir='ltr'><strong>καὶ</strong></span> <span class='ocrx_word' id='word_1_113' title='bbox 551 1784 707 1837; x_wconf 75' lang='grc' dir='ltr'>τοῦτο</span> <span class='ocrx_word' id='word_1_114' title='bbox 753 1783 910 1853; x_wconf 88' lang='grc' dir='ltr'>μόνον</span> <span class='ocrx_word' id='word_1_115' title='bbox 944 1781 1052 1834; x_wconf 82' lang='grc' dir='ltr'><strong>τῶν</strong></span> <span class='ocrx_word' id='word_1_116' title='bbox 1092 1781 1346 1834; x_wconf 81' lang='grc' dir='ltr'>ἁπάντων</span> <span class='ocrx_word' id='word_1_117' title='bbox 1385 1779 1442 1831; x_wconf 83' lang='grc' dir='ltr'>οὐ</span> <span class='ocrx_word' id='word_1_118' title='bbox 1493 1777 1671 1841; x_wconf 71' lang='grc' dir='ltr'>καλῶς</span> 
     </span>
    </p>
   </div>
   <div class='ocr_carea' id='block_1_18' title="bbox 1773 592 3330 662">
    <p class='ocr_par' dir='ltr' id='par_1_18' title="bbox 1773 592 3330 662">
     <span class='ocr_line' id='line_1_18' title="bbox 1773 592 3330 662; baseline -0.002 -15"><span class='ocrx_word' id='word_1_119' title='bbox 1773 595 1993 648; x_wconf 84' lang='lat' dir='ltr'><strong>cellens.</strong></span> <span class='ocrx_word' id='word_1_120' title='bbox 2028 594 2141 648; x_wconf 82' lang='lat' dir='ltr'><strong>Hoc</strong></span> <span class='ocrx_word' id='word_1_121' title='bbox 2171 610 2336 650; x_wconf 91' lang='lat' dir='ltr'><strong>unum</strong></span> <span class='ocrx_word' id='word_1_122' title='bbox 2375 593 2616 659; x_wconf 90' lang='lat' dir='ltr'><strong>interest,</strong></span> <span class='ocrx_word' id='word_1_123' title='bbox 2652 594 2792 662; x_wconf 90' lang='lat' dir='ltr'><strong>quod</strong></span> <span class='ocrx_word' id='word_1_124' title='bbox 2829 592 2917 647; x_wconf 90' lang='lat' dir='ltr'><strong>ille</strong></span> <span class='ocrx_word' id='word_1_125' title='bbox 2957 593 3024 647; x_wconf 93' lang='lat' dir='ltr'><strong>ob</strong></span> <span class='ocrx_word' id='word_1_126' title='bbox 3059 592 3330 655; x_wconf 88' lang='lat' dir='ltr'><strong>lsraelem,</strong></span> 
     </span>
    </p>
   </div>
   <div class='ocr_carea' id='block_1_19' title="bbox 1769 683 3328 754">
    <p class='ocr_par' dir='ltr' id='par_1_19' title="bbox 1769 683 3328 754">
     <span class='ocr_line' id='line_1_19' title="bbox 1769 683 3328 754; baseline 0.001 -20"><span class='ocrx_word' id='word_1_127' title='bbox 1769 684 1858 752; x_wconf 91' lang='lat' dir='ltr'><strong>qui</strong></span> <span class='ocrx_word' id='word_1_128' title='bbox 1892 683 1985 738; x_wconf 91' lang='lat' dir='ltr'><strong>Dei</strong></span> <span class='ocrx_word' id='word_1_129' title='bbox 2015 685 2182 754; x_wconf 81' lang='lat' dir='ltr'><strong>legem</strong></span> <span class='ocrx_word' id='word_1_130' title='bbox 2218 685 2495 754; x_wconf 87' lang='lat' dir='ltr'><strong>rejecerat,</strong></span> <span class='ocrx_word' id='word_1_131' title='bbox 2513 699 2574 738; x_wconf 88' lang='lat' dir='ltr'><strong>ea</strong></span> <span class='ocrx_word' id='word_1_132' title='bbox 2599 693 2754 738; x_wconf 80' lang='lat' dir='ltr'><strong>vacat</strong></span> <span class='ocrx_word' id='word_1_133' title='bbox 2785 693 2944 752; x_wconf 89' lang='lat' dir='ltr'><strong>atque</strong></span> <span class='ocrx_word' id='word_1_134' title='bbox 2967 691 3328 737; x_wconf 82' lang='lat' dir='ltr'><strong>contestatur:</strong></span> 
     </span>
    </p>
   </div>
   <div class='ocr_carea' id='block_1_20' title="bbox 1770 773 3330 846">
    <p class='ocr_par' dir='ltr' id='par_1_20' title="bbox 1770 773 3330 846">
     <span class='ocr_line' id='line_1_20' title="bbox 1770 773 3330 846; baseline -0.003 -16"><span class='ocrx_word' id='word_1_135' title='bbox 1770 790 1868 846; x_wconf 85' lang='lat' dir='ltr'><strong>ego</strong></span> <span class='ocrx_word' id='word_1_136' title='bbox 1889 785 2066 829; x_wconf 88' lang='lat' dir='ltr'><strong>autem</strong></span> <span class='ocrx_word' id='word_1_137' title='bbox 2097 777 2165 830; x_wconf 93' lang='lat' dir='ltr'><strong>ob</strong></span> <span class='ocrx_word' id='word_1_138' title='bbox 2194 785 2505 846; x_wconf 85' lang='lat' dir='ltr'><strong>tyrannum,</strong></span> <span class='ocrx_word' id='word_1_139' title='bbox 2540 775 2629 844; x_wconf 85' lang='lat' dir='ltr'><strong>qui</strong></span> <span class='ocrx_word' id='word_1_140' title='bbox 2658 785 2712 830; x_wconf 90' lang='lat' dir='ltr'><strong>et</strong></span> <span class='ocrx_word' id='word_1_141' title='bbox 2756 790 2872 830; x_wconf 91' lang='lat' dir='ltr'><strong>eam</strong></span> <span class='ocrx_word' id='word_1_142' title='bbox 2906 773 3112 844; x_wconf 89' lang='lat' dir='ltr'><strong>rejecit,</strong></span> <span class='ocrx_word' id='word_1_143' title='bbox 3149 781 3201 827; x_wconf 90' lang='lat' dir='ltr'><strong>et</strong></span> <span class='ocrx_word' id='word_1_144' title='bbox 3226 773 3330 826; x_wconf 83' lang='lat' dir='ltr'><strong>mi-</strong></span> 
     </span>
    </p>
   </div>
   <div class='ocr_carea' id='block_1_21' title="bbox 1772 865 3098 936">
    <p class='ocr_par' dir='ltr' id='par_1_21' title="bbox 1772 865 3098 936">
     <span class='ocr_line' id='line_1_21' title="bbox 1772 865 3098 936; baseline 0 -16"><span class='ocrx_word' id='word_1_145' title='bbox 1772 881 1914 930; x_wconf 87' lang='lat' dir='ltr'><strong>sere,</strong></span> <span class='ocrx_word' id='word_1_146' title='bbox 1947 877 2004 920; x_wconf 92' lang='lat' dir='ltr'><strong>ut</strong></span> <span class='ocrx_word' id='word_1_147' title='bbox 2035 867 2202 936; x_wconf 87' lang='lat' dir='ltr'><strong>ipsius</strong></span> <span class='ocrx_word' id='word_1_148' title='bbox 2228 866 2476 936; x_wconf 85' lang='lat' dir='ltr'><strong>impietas</strong></span> <span class='ocrx_word' id='word_1_149' title='bbox 2507 868 2852 930; x_wconf 87' lang='lat' dir='ltr'><strong>merebatur,</strong></span> <span class='ocrx_word' id='word_1_150' title='bbox 2883 865 3098 920; x_wconf 88' lang='lat' dir='ltr'><strong>occidit.</strong></span> 
     </span>
    </p>
   </div>
   <div class='ocr_carea' id='block_1_22' title="bbox 1843 953 3333 1021">
    <p class='ocr_par' dir='ltr' id='par_1_22' title="bbox 1843 953 3333 1021">
     <span class='ocr_line' id='line_1_22' title="bbox 1843 953 3333 1021; baseline -0.002 -12"><span class='ocrx_word' id='word_1_151' title='bbox 1843 955 1926 1009; x_wconf 91' lang='lat' dir='ltr'><strong>lll.</strong></span> <span class='ocrx_word' id='word_1_152' title='bbox 1959 955 2093 1010; x_wconf 82' lang='lat' dir='ltr'><strong>Audi</strong></span> <span class='ocrx_word' id='word_1_153' title='bbox 2123 957 2237 1010; x_wconf 88' lang='lat' dir='ltr'><strong>haec</strong></span> <span class='ocrx_word' id='word_1_154' title='bbox 2283 957 2445 1011; x_wconf 90' lang='lat' dir='ltr'><strong>etiam</strong></span> <span class='ocrx_word' id='word_1_155' title='bbox 2493 956 2794 1012; x_wconf 89' lang='lat' dir='ltr'><strong>Constantii</strong></span> <span class='ocrx_word' id='word_1_156' title='bbox 2846 955 3022 1021; x_wconf 80' lang='lat' dir='ltr'><strong>magni</strong></span> <span class='ocrx_word' id='word_1_157' title='bbox 3055 954 3258 1018; x_wconf 89' lang='lat' dir='ltr'><strong>anima,</strong></span> <span class='ocrx_word' id='word_1_158' title='bbox 3290 953 3333 1007; x_wconf 88' lang='lat' dir='ltr'><strong>si</strong></span> 
     </span>
    </p>
   </div>
   <div class='ocr_carea' id='block_1_23' title="bbox 1772 1045 3335 1116">
    <p class='ocr_par' dir='ltr' id='par_1_23' title="bbox 1772 1045 3335 1116">
     <span class='ocr_line' id='line_1_23' title="bbox 1772 1045 3335 1116; baseline 0 -19"><span class='ocrx_word' id='word_1_159' title='bbox 1772 1046 1892 1114; x_wconf 90' lang='lat' dir='ltr'><strong>quis</strong></span> <span class='ocrx_word' id='word_1_160' title='bbox 1925 1047 2149 1102; x_wconf 89' lang='lat' dir='ltr'><strong>mortuis</strong></span> <span class='ocrx_word' id='word_1_161' title='bbox 2173 1062 2360 1102; x_wconf 88' lang='lat' dir='ltr'><strong>sensus</strong></span> <span class='ocrx_word' id='word_1_162' title='bbox 2381 1057 2482 1113; x_wconf 90' lang='lat' dir='ltr'><strong>est,</strong></span> <span class='ocrx_word' id='word_1_163' title='bbox 2519 1062 2812 1116; x_wconf 88' lang='lat' dir='ltr'><strong>omnesque</strong></span> <span class='ocrx_word' id='word_1_164' title='bbox 2864 1062 3068 1108; x_wconf 89' lang='lat' dir='ltr'><strong>eorum.</strong></span> <span class='ocrx_word' id='word_1_165' title='bbox 3106 1046 3194 1114; x_wconf 86' lang='lat' dir='ltr'><strong>qui</strong></span> <span class='ocrx_word' id='word_1_166' title='bbox 3237 1045 3335 1098; x_wconf 79' lang='lat' dir='ltr'><strong>im-</strong></span> 
     </span>
    </p>
   </div>
   <div class='ocr_carea' id='block_1_24' title="bbox 1773 1136 3385 1208">
    <p class='ocr_par' dir='ltr' id='par_1_24' title="bbox 1773 1136 3385 1208">
     <span class='ocr_line' id='line_1_24' title="bbox 1773 1136 3385 1208; baseline -0.004 -16"><span class='ocrx_word' id='word_1_167' title='bbox 1773 1138 1980 1208; x_wconf 90' lang='lat' dir='ltr'><strong>perium</strong></span> <span class='ocrx_word' id='word_1_168' title='bbox 2010 1150 2134 1192; x_wconf 87' lang='lat' dir='ltr'><strong>ante</strong></span> <span class='ocrx_word' id='word_1_169' title='bbox 2163 1139 2334 1208; x_wconf 89' lang='lat' dir='ltr'><strong>ipsum</strong></span> <span class='ocrx_word' id='word_1_170' title='bbox 2363 1147 2668 1202; x_wconf 89' lang='lat' dir='ltr'><strong>tenuerunt,</strong></span> <span class='ocrx_word' id='word_1_171' title='bbox 2691 1137 2792 1208; x_wconf 86' lang='lat' dir='ltr'><strong>piae</strong></span> <span class='ocrx_word' id='word_1_172' title='bbox 2813 1136 3118 1206; x_wconf 84' lang='lat' dir='ltr'><strong>Christique</strong></span> <span class='ocrx_word' id='word_1_173' title='bbox 3154 1149 3336 1188; x_wconf 86' lang='lat' dir='ltr'><strong>aman-</strong></span> <span class='ocrx_word' id='word_1_174' title='bbox 3379 1147 3385 1152; x_wconf 88' lang='lat'>&#39;</span> 
     </span>
    </p>
   </div>
   <div class='ocr_carea' id='block_1_25' title="bbox 1773 1217 3338 1299">
    <p class='ocr_par' dir='ltr' id='par_1_25' title="bbox 1773 1217 3338 1299">
     <span class='ocr_line' id='line_1_25' title="bbox 1773 1217 3338 1299; baseline -0.004 -14"><span class='ocrx_word' id='word_1_175' title='bbox 1773 1243 1852 1286; x_wconf 93' lang='lat' dir='ltr'><strong>tes</strong></span> <span class='ocrx_word' id='word_1_176' title='bbox 1890 1231 2120 1284; x_wconf 61' lang='lat' dir='ltr'><strong>animai:</strong></span> <span class='ocrx_word' id='word_1_177' title='bbox 2157 1245 2338 1284; x_wconf 83' lang='lat' dir='ltr'><strong>verum</strong></span> <span class='ocrx_word' id='word_1_178' title='bbox 2371 1229 2458 1285; x_wconf 90' lang='lat' dir='ltr'><strong>ille</strong></span> <span class='ocrx_word' id='word_1_179' title='bbox 2501 1245 2608 1299; x_wconf 77' lang='lat' dir='ltr'><strong>pra:</strong></span> <span class='ocrx_word' id='word_1_180' title='bbox 2652 1217 2882 1294; x_wconf 66' lang='lat' dir='ltr'><strong>caeteris,</strong></span> <span class='ocrx_word' id='word_1_181' title='bbox 2916 1228 3005 1298; x_wconf 91' lang='lat' dir='ltr'><strong>qui</strong></span> <span class='ocrx_word' id='word_1_182' title='bbox 3034 1243 3153 1282; x_wconf 90' lang='lat' dir='ltr'><strong>cum</strong></span> <span class='ocrx_word' id='word_1_183' title='bbox 3179 1226 3338 1282; x_wconf 90' lang='lat' dir='ltr'><strong>simul</strong></span> 
     </span>
    </p>
   </div>
   <div class='ocr_carea' id='block_1_26' title="bbox 1773 1317 3334 1390">
    <p class='ocr_par' dir='ltr' id='par_1_26' title="bbox 1773 1317 3334 1390">
     <span class='ocr_line' id='line_1_26' title="bbox 1773 1317 3334 1390; baseline -0.004 -13"><span class='ocrx_word' id='word_1_184' title='bbox 1773 1337 1892 1377; x_wconf 93' lang='lat' dir='ltr'><strong>cum</strong></span> <span class='ocrx_word' id='word_1_185' title='bbox 1921 1321 2122 1377; x_wconf 86' lang='lat' dir='ltr'><strong>Christi</strong></span> <span class='ocrx_word' id='word_1_186' title='bbox 2153 1320 2468 1375; x_wconf 85' lang='lat' dir='ltr'><strong>haereditate</strong></span> <span class='ocrx_word' id='word_1_187' title='bbox 2519 1320 2798 1386; x_wconf 86' lang='lat' dir='ltr'><strong>crevisset,</strong></span> <span class='ocrx_word' id='word_1_188' title='bbox 2824 1334 3050 1390; x_wconf 85' lang='lat' dir='ltr'><strong>eamque</strong></span> <span class='ocrx_word' id='word_1_189' title='bbox 3084 1334 3180 1388; x_wconf 89' lang='lat' dir='ltr'><strong>pro</strong></span> <span class='ocrx_word' id='word_1_190' title='bbox 3201 1317 3334 1371; x_wconf 90' lang='lat' dir='ltr'><strong>viri-</strong></span> 
     </span>
    </p>
   </div>
   <div class='ocr_carea' id='block_1_27' title="bbox 1773 1410 3329 1483">
    <p class='ocr_par' dir='ltr' id='par_1_27' title="bbox 1773 1410 3329 1483">
     <span class='ocr_line' id='line_1_27' title="bbox 1773 1410 3329 1483; baseline -0.004 -14"><span class='ocrx_word' id='word_1_191' title='bbox 1773 1415 1874 1469; x_wconf 91' lang='lat' dir='ltr'><strong>bus</strong></span> <span class='ocrx_word' id='word_1_192' title='bbox 1921 1415 2176 1478; x_wconf 80' lang='lat' dir='ltr'><strong>auxisset,</strong></span> <span class='ocrx_word' id='word_1_193' title='bbox 2229 1414 2596 1483; x_wconf 88' lang='lat' dir='ltr'><strong>temporisque</strong></span> <span class='ocrx_word' id='word_1_194' title='bbox 2629 1412 2980 1466; x_wconf 86' lang='lat' dir='ltr'><strong>diuturnitate</strong></span> <span class='ocrx_word' id='word_1_195' title='bbox 3013 1410 3329 1463; x_wconf 77' lang='lat' dir='ltr'><strong>confirmas-</strong></span> 
     </span>
    </p>
   </div>
   <div class='ocr_carea' id='block_1_28' title="bbox 1775 1501 3331 1576">
    <p class='ocr_par' dir='ltr' id='par_1_28' title="bbox 1775 1501 3331 1576">
     <span class='ocr_line' id='line_1_28' title="bbox 1775 1501 3331 1576; baseline -0.004 -15"><span class='ocrx_word' id='word_1_196' title='bbox 1775 1513 1876 1571; x_wconf 89' lang='lat' dir='ltr'><strong>set,</strong></span> <span class='ocrx_word' id='word_1_197' title='bbox 1906 1505 2039 1559; x_wconf 88' lang='lat' dir='ltr'><strong>adeo</strong></span> <span class='ocrx_word' id='word_1_198' title='bbox 2072 1514 2130 1558; x_wconf 93' lang='lat' dir='ltr'><strong>ut</strong></span> <span class='ocrx_word' id='word_1_199' title='bbox 2167 1519 2232 1560; x_wconf 95' lang='lat' dir='ltr'><strong>eo</strong></span> <span class='ocrx_word' id='word_1_200' title='bbox 2272 1504 2490 1559; x_wconf 88' lang='lat' dir='ltr'><strong>nomine</strong></span> <span class='ocrx_word' id='word_1_201' title='bbox 2515 1516 2728 1568; x_wconf 89' lang='lat' dir='ltr'><strong>omnes,</strong></span> <span class='ocrx_word' id='word_1_202' title='bbox 2769 1502 2858 1571; x_wconf 91' lang='lat' dir='ltr'><strong>qui</strong></span> <span class='ocrx_word' id='word_1_203' title='bbox 2898 1516 3131 1576; x_wconf 79' lang='lat' dir='ltr'><strong>unquam</strong></span> <span class='ocrx_word' id='word_1_204' title='bbox 3165 1501 3331 1569; x_wconf 79' lang='lat' dir='ltr'><strong>impe—</strong></span> 
     </span>
    </p>
   </div>
   <div class='ocr_carea' id='block_1_29' title="bbox 1772 1594 3334 1666">
    <p class='ocr_par' dir='ltr' id='par_1_29' title="bbox 1772 1594 3334 1666">
     <span class='ocr_line' id='line_1_29' title="bbox 1772 1594 3334 1666; baseline -0.003 -14"><span class='ocrx_word' id='word_1_205' title='bbox 1772 1598 1856 1653; x_wconf 90' lang='lat' dir='ltr'><strong>rio</strong></span> <span class='ocrx_word' id='word_1_206' title='bbox 1913 1595 2067 1666; x_wconf 86' lang='lat' dir='ltr'><strong>potiti</strong></span> <span class='ocrx_word' id='word_1_207' title='bbox 2101 1596 2343 1662; x_wconf 78' lang='lat' dir='ltr'><strong>fuerant,</strong></span> <span class='ocrx_word' id='word_1_208' title='bbox 2381 1595 2662 1664; x_wconf 89' lang='lat' dir='ltr'><strong>splendore</strong></span> <span class='ocrx_word' id='word_1_209' title='bbox 2700 1594 2976 1663; x_wconf 80' lang='lat' dir='ltr'><strong>gloriaque</strong></span> <span class='ocrx_word' id='word_1_210' title='bbox 3028 1602 3334 1663; x_wconf 84' lang='lat' dir='ltr'><strong>superasset</strong></span> 
     </span>
    </p>
   </div>
   <div class='ocr_carea' id='block_1_30' title="bbox 1776 1684 3333 1758">
    <p class='ocr_par' dir='ltr' id='par_1_30' title="bbox 1776 1684 3333 1758">
     <span class='ocr_line' id='line_1_30' title="bbox 1776 1684 3333 1758; baseline -0.003 -16"><span class='ocrx_word' id='word_1_211' title='bbox 1776 1687 1841 1758; x_wconf 91' lang='lat' dir='ltr'><strong>(o</strong></span> <span class='ocrx_word' id='word_1_212' title='bbox 1880 1687 2130 1756; x_wconf 87' lang='lat' dir='ltr'><strong>injuriam</strong></span> <span class='ocrx_word' id='word_1_213' title='bbox 2187 1702 2248 1742; x_wconf 92' lang='lat' dir='ltr'><strong>ac</strong></span> <span class='ocrx_word' id='word_1_214' title='bbox 2305 1685 2455 1741; x_wconf 79' lang='lat' dir='ltr'><strong>nefas</strong></span> <span class='ocrx_word' id='word_1_215' title='bbox 2484 1689 2498 1740; x_wconf 86' lang='lat'>!</span> <span class='ocrx_word' id='word_1_216' title='bbox 2527 1687 2569 1754; x_wconf 88' lang='lat'><strong>),</strong></span> <span class='ocrx_word' id='word_1_217' title='bbox 2604 1686 2942 1757; x_wconf 80' lang='lat' dir='ltr'><strong>ignoratione</strong></span> <span class='ocrx_word' id='word_1_218' title='bbox 2999 1684 3182 1754; x_wconf 88' lang='lat' dir='ltr'><strong>lapsus</strong></span> <span class='ocrx_word' id='word_1_219' title='bbox 3221 1695 3333 1754; x_wconf 85' lang='lat' dir='ltr'><strong>est,</strong></span> 
     </span>
    </p>
   </div>
   <div class='ocr_carea' id='block_1_31' title="bbox 1776 1776 3335 1847">
    <p class='ocr_par' dir='ltr' id='par_1_31' title="bbox 1776 1776 3335 1847">
     <span class='ocr_line' id='line_1_31' title="bbox 1776 1776 3335 1847; baseline 0 -15"><span class='ocrx_word' id='word_1_220' title='bbox 1776 1779 1941 1845; x_wconf 90' lang='lat' dir='ltr'><strong>ipsius</strong></span> <span class='ocrx_word' id='word_1_221' title='bbox 1976 1778 2175 1847; x_wconf 90' lang='lat' dir='ltr'><strong>pietate</strong></span> <span class='ocrx_word' id='word_1_222' title='bbox 2204 1776 2487 1832; x_wconf 89' lang='lat' dir='ltr'><strong>admodum</strong></span> <span class='ocrx_word' id='word_1_223' title='bbox 2538 1777 2753 1845; x_wconf 87' lang='lat' dir='ltr'><strong>indigna</strong></span> <span class='ocrx_word' id='word_1_224' title='bbox 2788 1793 2801 1830; x_wconf 90' lang='lat'><strong>:</strong></span> <span class='ocrx_word' id='word_1_225' title='bbox 2834 1777 3153 1832; x_wconf 88' lang='lat' dir='ltr'><strong>Christianis</strong></span> <span class='ocrx_word' id='word_1_226' title='bbox 3178 1778 3335 1832; x_wconf 82' lang='lat' dir='ltr'><strong>Chri-</strong></span> 
     </span>
    </p>
   </div>
   <div class='ocr_carea' id='block_1_32' title="bbox 148 1867 1670 1960">
    <p class='ocr_par' dir='ltr' id='par_1_32' title="bbox 148 1868 1670 1951">
     <span class='ocr_line' id='line_1_32' title="bbox 148 1868 1670 1951; baseline -0.008 -19"><span class='ocrx_word' id='word_1_227' title='bbox 148 1873 675 1951; x_wconf 68' lang='grc' dir='ltr'>ἐφιλανθρωπεύσατο,</span> <span class='ocrx_word' id='word_1_228' title='bbox 716 1873 810 1926; x_wconf 73' lang='grc' dir='ltr'><strong>καὶ</strong></span> <span class='ocrx_word' id='word_1_229' title='bbox 847 1872 1018 1924; x_wconf 86' lang='grc' dir='ltr'>σῶσαι</span> <span class='ocrx_word' id='word_1_230' title='bbox 1061 1871 1155 1924; x_wconf 72' lang='grc' dir='ltr'><strong>καὶ</strong></span> <span class='ocrx_word' id='word_1_231' title='bbox 1205 1869 1519 1941; x_wconf 85' lang='grc' dir='ltr'>βασιλεῦσαι</span> <span class='ocrx_word' id='word_1_232' title='bbox 1563 1868 1670 1939; x_wconf 66' lang='grc'>(72)</span> 
     </span>
    </p>
   </div>
   <div class='ocr_carea' id='block_1_33' title="bbox 1788 1867 3336 1960">
    <p class='ocr_par' dir='ltr' id='par_1_33' title="bbox 1788 1867 3336 1939">
     <span class='ocr_line' id='line_1_33' title="bbox 1788 1867 3336 1939; baseline -0.001 -15"><span class='ocrx_word' id='word_1_233' title='bbox 1788 1870 1842 1924; x_wconf 76' lang='lat' dir='ltr'><strong>sti</strong></span> <span class='ocrx_word' id='word_1_234' title='bbox 1876 1869 1984 1939; x_wconf 83' lang='lat'><strong>79</strong></span> <span class='ocrx_word' id='word_1_235' title='bbox 2008 1870 2216 1924; x_wconf 86' lang='lat' dir='ltr'><strong>hostem</strong></span> <span class='ocrx_word' id='word_1_236' title='bbox 2275 1869 2509 1923; x_wconf 79' lang='lat' dir='ltr'><strong>insciens</strong></span> <span class='ocrx_word' id='word_1_237' title='bbox 2539 1868 2700 1932; x_wconf 87' lang='lat' dir='ltr'><strong>aluit,</strong></span> <span class='ocrx_word' id='word_1_238' title='bbox 2736 1869 2790 1922; x_wconf 93' lang='lat' dir='ltr'><strong>in</strong></span> <span class='ocrx_word' id='word_1_239' title='bbox 2839 1884 3011 1937; x_wconf 88' lang='lat' dir='ltr'><strong>eoque</strong></span> <span class='ocrx_word' id='word_1_240' title='bbox 3058 1885 3162 1923; x_wconf 91' lang='lat' dir='ltr'><strong>uno</strong></span> <span class='ocrx_word' id='word_1_241' title='bbox 3193 1867 3336 1923; x_wconf 88' lang='lat' dir='ltr'><strong>haud</strong></span> 
     </span>
    </p>
   </div>
   <div class='ocr_carea' id='block_1_34' title="bbox 94 1957 1669 2030">
    <p class='ocr_par' dir='ltr' id='par_1_34' title="bbox 94 1957 1669 2030">
     <span class='ocr_line' id='line_1_34' title="bbox 94 1957 1669 2030; baseline -0.008 -8"><span class='ocrx_word' id='word_1_242' title='bbox 94 1973 106 1987; x_wconf 87' lang='lat'><strong>&#39;</strong></span> <span class='ocrx_word' id='word_1_243' title='bbox 143 1972 208 2022; x_wconf 57' lang='grc' dir='ltr'>τίεν</span> <span class='ocrx_word' id='word_1_244' title='bbox 236 1967 404 2028; x_wconf 83' lang='grc' dir='ltr'>κακῶς</span> <span class='ocrx_word' id='word_1_245' title='bbox 442 1965 540 2018; x_wconf 79' lang='grc' dir='ltr'><strong>καὶ</strong></span> <span class='ocrx_word' id='word_1_246' title='bbox 588 1963 826 2016; x_wconf 79' lang='grc' dir='ltr'>σωθέντα</span> <span class='ocrx_word' id='word_1_247' title='bbox 863 1963 955 2015; x_wconf 81' lang='grc' dir='ltr'><strong>καὶ</strong></span> <span class='ocrx_word' id='word_1_248' title='bbox 991 1960 1414 2030; x_wconf 84' lang='grc' dir='ltr'>βασιλεύσαντα·</span> <span class='ocrx_word' id='word_1_249' title='bbox 1458 1960 1550 2012; x_wconf 69' lang='grc' dir='ltr'>καὶ</span> <span class='ocrx_word' id='word_1_250' title='bbox 1582 1957 1669 2011; x_wconf 81' lang='grc' dir='ltr'><strong>διὰ</strong></span> 
     </span>
    </p>
   </div>
   <div class='ocr_carea' id='block_1_35' title="bbox 143 2048 1671 2128">
    <p class='ocr_par' dir='ltr' id='par_1_35' title="bbox 143 2048 1671 2128">
     <span class='ocr_line' id='line_1_35' title="bbox 143 2048 1671 2128; baseline -0.007 -16"><span class='ocrx_word' id='word_1_251' title='bbox 143 2059 264 2112; x_wconf 73' lang='grc' dir='ltr'>τοῦτο</span> <span class='ocrx_word' id='word_1_252' title='bbox 306 2056 537 2128; x_wconf 87' lang='grc' dir='ltr'>μάλιστα</span> <span class='ocrx_word' id='word_1_253' title='bbox 586 2054 653 2107; x_wconf 79' lang='grc' dir='ltr'>ἂν</span> <span class='ocrx_word' id='word_1_254' title='bbox 683 2053 896 2124; x_wconf 83' lang='grc' dir='ltr'>ἡσθείη,</span> <span class='ocrx_word' id='word_1_255' title='bbox 930 2052 1115 2123; x_wconf 79' lang='grc' dir='ltr'>ὥσπερ</span> <span class='ocrx_word' id='word_1_256' title='bbox 1146 2054 1211 2122; x_wconf 86' lang='grc' dir='ltr'>τῇ</span> <span class='ocrx_word' id='word_1_257' title='bbox 1253 2048 1548 2104; x_wconf 84' lang='grc' dir='ltr'>καταλύσει</span> <span class='ocrx_word' id='word_1_258' title='bbox 1575 2051 1671 2120; x_wconf 77' lang='grc' dir='ltr'>τῆς</span> 
     </span>
    </p>
   </div>
   <div class='ocr_carea' id='block_1_36' title="bbox 141 2139 1671 2212">
    <p class='ocr_par' dir='ltr' id='par_1_36' title="bbox 141 2139 1671 2212">
     <span class='ocr_line' id='line_1_36' title="bbox 141 2139 1671 2212; baseline -0.005 -13"><span class='ocrx_word' id='word_1_259' title='bbox 141 2147 380 2207; x_wconf 73' lang='grc' dir='ltr'>ἀσεϐείας,</span> <span class='ocrx_word' id='word_1_260' title='bbox 421 2144 515 2196; x_wconf 79' lang='grc' dir='ltr'><strong>καὶ</strong></span> <span class='ocrx_word' id='word_1_261' title='bbox 569 2145 680 2205; x_wconf 86' lang='grc' dir='ltr'>τοῖς</span> <span class='ocrx_word' id='word_1_262' title='bbox 725 2141 1064 2210; x_wconf 76' lang='grc' dir='ltr'>Χριστιανῶν</span> <span class='ocrx_word' id='word_1_263' title='bbox 1113 2141 1430 2212; x_wconf 78' lang='grc' dir='ltr'>πράγμασιν</span> <span class='ocrx_word' id='word_1_264' title='bbox 1481 2141 1562 2202; x_wconf 86' lang='grc' dir='ltr'><strong>είς</strong></span> <span class='ocrx_word' id='word_1_265' title='bbox 1611 2139 1671 2191; x_wconf 82' lang='grc' dir='ltr'><strong>τὸ</strong></span> 
     </span>
    </p>
   </div>
   <div class='ocr_carea' id='block_1_37' title="bbox 142 2227 1672 2305">
    <p class='ocr_par' dir='ltr' id='par_1_37' title="bbox 142 2227 1672 2305">
     <span class='ocr_line' id='line_1_37' title="bbox 142 2227 1672 2305; baseline -0.007 -16"><span class='ocrx_word' id='word_1_266' title='bbox 142 2237 318 2305; x_wconf 78' lang='grc' dir='ltr'>ἀρχαῖον</span> <span class='ocrx_word' id='word_1_267' title='bbox 357 2231 779 2293; x_wconf 77' lang='grc' dir='ltr'>ἐπανελθοῦσιν,</span> <span class='ocrx_word' id='word_1_268' title='bbox 825 2230 966 2284; x_wconf 77' lang='grc' dir='ltr'>οὕτω</span> <span class='ocrx_word' id='word_1_269' title='bbox 1006 2230 1070 2299; x_wconf 80' lang='grc' dir='ltr'><strong>δὴ</strong></span> <span class='ocrx_word' id='word_1_270' title='bbox 1108 2231 1201 2282; x_wconf 74' lang='grc' dir='ltr'><strong>καὶ</strong></span> <span class='ocrx_word' id='word_1_271' title='bbox 1243 2228 1318 2298; x_wconf 82' lang='grc' dir='ltr'>τῷ</span> <span class='ocrx_word' id='word_1_272' title='bbox 1356 2227 1516 2297; x_wconf 79' lang='grc' dir='ltr'>λόγῳ.</span> <span class='ocrx_word' id='word_1_273' title='bbox 1567 2227 1672 2280; x_wconf 86' lang='grc' dir='ltr'><strong>Λό-</strong></span> 
     </span>
    </p>
   </div>
   <div class='ocr_carea' id='block_1_38' title="bbox 140 2319 1672 2396">
    <p class='ocr_par' dir='ltr' id='par_1_38' title="bbox 140 2319 1672 2396">
     <span class='ocr_line' id='line_1_38' title="bbox 140 2319 1672 2396; baseline -0.005 -18"><span class='ocrx_word' id='word_1_274' title='bbox 140 2343 208 2392; x_wconf 72' lang='grc' dir='ltr'><strong>γον</strong></span> <span class='ocrx_word' id='word_1_275' title='bbox 232 2325 328 2396; x_wconf 82' lang='grc' dir='ltr'>γὰρ</span> <span class='ocrx_word' id='word_1_276' title='bbox 358 2322 622 2394; x_wconf 78' lang='grc' dir='ltr'>ἀναθήσω</span> <span class='ocrx_word' id='word_1_277' title='bbox 656 2321 734 2392; x_wconf 83' lang='grc' dir='ltr'>τῷ</span> <span class='ocrx_word' id='word_1_278' title='bbox 764 2322 883 2393; x_wconf 88' lang='grc' dir='ltr'><strong>Θεῷ</strong></span> <span class='ocrx_word' id='word_1_279' title='bbox 928 2323 1276 2392; x_wconf 81' lang='grc' dir='ltr'>χαριστήριον</span> <span class='ocrx_word' id='word_1_280' title='bbox 1297 2360 1310 2384; x_wconf 95' lang='grc'><strong>,</strong></span> <span class='ocrx_word' id='word_1_281' title='bbox 1340 2320 1518 2390; x_wconf 89' lang='grc' dir='ltr'>πάσης</span> <span class='ocrx_word' id='word_1_282' title='bbox 1550 2319 1672 2371; x_wconf 87' lang='grc' dir='ltr'>ἀλό-</span> 
     </span>
    </p>
   </div>
   <div class='ocr_carea' id='block_1_39' title="bbox 138 2400 1672 2486">
    <p class='ocr_par' dir='ltr' id='par_1_39' title="bbox 138 2400 1672 2486">
     <span class='ocr_line' id='line_1_39' title="bbox 138 2400 1672 2486; baseline -0.005 -16"><span class='ocrx_word' id='word_1_283' title='bbox 138 2436 208 2486; x_wconf 76' lang='grc' dir='ltr'><strong>γου</strong></span> <span class='ocrx_word' id='word_1_284' title='bbox 237 2416 410 2479; x_wconf 83' lang='grc' dir='ltr'>θυσίας</span> <span class='ocrx_word' id='word_1_285' title='bbox 442 2400 739 2484; x_wconf 76' lang='grc' dir='ltr'>ἱερώτερόν</span> <span class='ocrx_word' id='word_1_286' title='bbox 768 2431 826 2466; x_wconf 88' lang='grc' dir='ltr'><strong>τε</strong></span> <span class='ocrx_word' id='word_1_287' title='bbox 860 2414 955 2466; x_wconf 78' lang='grc' dir='ltr'>καὶ</span> <span class='ocrx_word' id='word_1_288' title='bbox 995 2411 1394 2481; x_wconf 79' lang='grc' dir='ltr'>καθαρώτερον,</span> <span class='ocrx_word' id='word_1_289' title='bbox 1427 2411 1486 2462; x_wconf 82' lang='grc' dir='ltr'><strong>οὐ</strong></span> <span class='ocrx_word' id='word_1_290' title='bbox 1530 2409 1672 2463; x_wconf 80' lang='grc' dir='ltr'>κατὰ</span> 
     </span>
    </p>
   </div>
   <div class='ocr_carea' id='block_1_40' title="bbox 138 2503 1670 2576">
    <p class='ocr_par' dir='ltr' id='par_1_40' title="bbox 138 2503 1670 2576">
     <span class='ocr_line' id='line_1_40' title="bbox 138 2503 1670 2576; baseline -0.003 -15"><span class='ocrx_word' id='word_1_291' title='bbox 138 2511 230 2572; x_wconf 76' lang='grc' dir='ltr'>τοὺς</span> <span class='ocrx_word' id='word_1_292' title='bbox 267 2509 470 2576; x_wconf 80' lang='grc' dir='ltr'>ἐναγεῖς</span> <span class='ocrx_word' id='word_1_293' title='bbox 526 2506 742 2559; x_wconf 81' lang='grc' dir='ltr'>ἐκείνου</span> <span class='ocrx_word' id='word_1_294' title='bbox 802 2505 993 2573; x_wconf 82' lang='grc' dir='ltr'>λόγους</span> <span class='ocrx_word' id='word_1_295' title='bbox 1043 2505 1136 2557; x_wconf 73' lang='grc' dir='ltr'><strong>καὶ</strong></span> <span class='ocrx_word' id='word_1_296' title='bbox 1176 2503 1393 2574; x_wconf 83' lang='grc' dir='ltr'>λήρους,</span> <span class='ocrx_word' id='word_1_297' title='bbox 1428 2504 1522 2556; x_wconf 73' lang='grc' dir='ltr'><strong>καὶ</strong></span> <span class='ocrx_word' id='word_1_298' title='bbox 1573 2503 1670 2566; x_wconf 88' lang='grc' dir='ltr'><strong>τάς</strong></span> 
     </span>
    </p>
   </div>
   <div class='ocr_carea' id='block_1_41' title="bbox 136 2592 1671 2670">
    <p class='ocr_par' dir='ltr' id='par_1_41' title="bbox 136 2592 1671 2670">
     <span class='ocr_line' id='line_1_41' title="bbox 136 2592 1671 2670; baseline -0.003 -16"><span class='ocrx_word' id='word_1_299' title='bbox 136 2601 448 2670; x_wconf 76' lang='grc' dir='ltr'>ὲναγεστέρας</span> <span class='ocrx_word' id='word_1_300' title='bbox 472 2599 695 2663; x_wconf 78' lang='grc' dir='ltr'>θυσίας,</span> <span class='ocrx_word' id='word_1_301' title='bbox 730 2592 805 2652; x_wconf 82' lang='grc' dir='ltr'>ὧν</span> <span class='ocrx_word' id='word_1_302' title='bbox 839 2601 870 2665; x_wconf 79' lang='grc' dir='ltr'>ἡ</span> <span class='ocrx_word' id='word_1_303' title='bbox 919 2598 1200 2668; x_wconf 66' lang='grc' dir='ltr'>περιουσία</span> <span class='ocrx_word' id='word_1_304' title='bbox 1229 2597 1339 2667; x_wconf 77' lang='grc'>(75)</span> <span class='ocrx_word' id='word_1_305' title='bbox 1367 2598 1461 2649; x_wconf 80' lang='grc' dir='ltr'><strong>καὶ</strong></span> <span class='ocrx_word' id='word_1_306' title='bbox 1489 2597 1550 2650; x_wconf 86' lang='grc' dir='ltr'>τὺ</span> <span class='ocrx_word' id='word_1_307' title='bbox 1581 2596 1671 2649; x_wconf 85' lang='grc' dir='ltr'><strong>δυ-</strong></span> 
     </span>
    </p>
   </div>
   <div class='ocr_carea' id='block_1_42' title="bbox 135 2687 1671 2762">
    <p class='ocr_par' dir='ltr' id='par_1_42' title="bbox 135 2687 1671 2762">
     <span class='ocr_line' id='line_1_42' title="bbox 135 2687 1671 2762; baseline -0.001 -18"><span class='ocrx_word' id='word_1_308' title='bbox 135 2695 253 2746; x_wconf 70' lang='grc' dir='ltr'>νατὸν</span> <span class='ocrx_word' id='word_1_309' title='bbox 277 2692 526 2756; x_wconf 79' lang='grc' dir='ltr'>ἀσεεείας</span> <span class='ocrx_word' id='word_1_310' title='bbox 577 2688 645 2762; x_wconf 74' lang='grc' dir='ltr'>ἦν</span> <span class='ocrx_word' id='word_1_311' title='bbox 691 2691 948 2760; x_wconf 81' lang='grc' dir='ltr'>δύναμις,</span> <span class='ocrx_word' id='word_1_312' title='bbox 995 2691 1086 2744; x_wconf 73' lang='grc' dir='ltr'>καὶ</span> <span class='ocrx_word' id='word_1_313' title='bbox 1120 2690 1348 2759; x_wconf 78' lang='grc' dir='ltr'>ἄσοφος,</span> <span class='ocrx_word' id='word_1_314' title='bbox 1394 2689 1458 2741; x_wconf 84' lang='grc' dir='ltr'>ἵν’</span> <span class='ocrx_word' id='word_1_315' title='bbox 1498 2687 1671 2751; x_wconf 77' lang='grc' dir='ltr'>οὕτως</span> 
     </span>
    </p>
   </div>
   <div class='ocr_carea' id='block_1_43' title="bbox 133 2779 1669 2853">
    <p class='ocr_par' dir='ltr' id='par_1_43' title="bbox 133 2779 1669 2853">
     <span class='ocr_line' id='line_1_43' title="bbox 133 2779 1669 2853; baseline -0.003 -18"><span class='ocrx_word' id='word_1_316' title='bbox 133 2785 365 2853; x_wconf 70' lang='grc' dir='ltr'>ὀνομάσω,</span> <span class='ocrx_word' id='word_1_317' title='bbox 399 2784 606 2852; x_wconf 65' lang='grc' dir='ltr'><strong>σοφία.⁸</strong></span> <span class='ocrx_word' id='word_1_318' title='bbox 653 2784 774 2836; x_wconf 71' lang='grc' dir='ltr'>ἐπεὶ</span> <span class='ocrx_word' id='word_1_319' title='bbox 808 2784 901 2835; x_wconf 73' lang='grc' dir='ltr'><strong>και)⁸</strong></span> <span class='ocrx_word' id='word_1_320' title='bbox 947 2781 1058 2849; x_wconf 64' lang='grc'>(74)</span> <span class='ocrx_word' id='word_1_321' title='bbox 1087 2782 1236 2834; x_wconf 83' lang='grc' dir='ltr'>πᾶσα</span> <span class='ocrx_word' id='word_1_322' title='bbox 1267 2783 1300 2851; x_wconf 83' lang='grc' dir='ltr'>ἡ</span> <span class='ocrx_word' id='word_1_323' title='bbox 1339 2779 1436 2832; x_wconf 78' lang='grc' dir='ltr'>τοῦ</span> <span class='ocrx_word' id='word_1_324' title='bbox 1475 2780 1669 2841; x_wconf 84' lang='grc' dir='ltr'>αίῶνος</span> 
     </span>
    </p>
   </div>
   <div class='ocr_carea' id='block_1_44' title="bbox 133 2873 1668 2948">
    <p class='ocr_par' dir='ltr' id='par_1_44' title="bbox 133 2873 1668 2948">
     <span class='ocr_line' id='line_1_44' title="bbox 133 2873 1668 2948; baseline -0.004 -17"><span class='ocrx_word' id='word_1_325' title='bbox 133 2879 277 2931; x_wconf 79' lang='grc' dir='ltr'>τούτου</span> <span class='ocrx_word' id='word_1_326' title='bbox 302 2877 527 2948; x_wconf 84' lang='grc' dir='ltr'>δύναμίς</span> <span class='ocrx_word' id='word_1_327' title='bbox 544 2893 611 2929; x_wconf 83' lang='grc' dir='ltr'><strong>τε</strong></span> <span class='ocrx_word' id='word_1_328' title='bbox 634 2877 726 2928; x_wconf 70' lang='grc' dir='ltr'><strong>καὶ</strong></span> <span class='ocrx_word' id='word_1_329' title='bbox 752 2876 1028 2937; x_wconf 79' lang='grc' dir='ltr'>παίδευσις</span> <span class='ocrx_word' id='word_1_330' title='bbox 1057 2875 1112 2926; x_wconf 77' lang='grc' dir='ltr'>ἐν</span> <span class='ocrx_word' id='word_1_331' title='bbox 1145 2873 1323 2926; x_wconf 78' lang='grc' dir='ltr'>σκότει</span> <span class='ocrx_word' id='word_1_332' title='bbox 1351 2873 1668 2943; x_wconf 83' lang='grc' dir='ltr'>διαπορευο-</span> 
     </span>
    </p>
   </div>
   <div class='ocr_carea' id='block_1_45' title="bbox 131 2965 1665 3041">
    <p class='ocr_par' dir='ltr' id='par_1_45' title="bbox 131 2965 1665 3041">
     <span class='ocr_line' id='line_1_45' title="bbox 131 2965 1665 3041; baseline -0.003 -19"><span class='ocrx_word' id='word_1_333' title='bbox 131 2973 250 3041; x_wconf 74' lang='grc' dir='ltr'>μένη,</span> <span class='ocrx_word' id='word_1_334' title='bbox 283 2971 372 3023; x_wconf 68' lang='grc' dir='ltr'><strong>καὶ</strong></span> <span class='ocrx_word' id='word_1_335' title='bbox 402 2969 499 3022; x_wconf 76' lang='grc' dir='ltr'>τοῦ</span> <span class='ocrx_word' id='word_1_336' title='bbox 545 2969 650 3039; x_wconf 79' lang='grc' dir='ltr'><strong>τῆς</strong></span> <span class='ocrx_word' id='word_1_337' title='bbox 672 2968 927 3038; x_wconf 84' lang='grc' dir='ltr'>ἀληθείας</span> <span class='ocrx_word' id='word_1_338' title='bbox 955 2966 1130 3036; x_wconf 80' lang='grc' dir='ltr'>φωτὸς</span> <span class='ocrx_word' id='word_1_339' title='bbox 1156 2965 1346 3038; x_wconf 75' lang='grc' dir='ltr'>πόρρω</span> <span class='ocrx_word' id='word_1_340' title='bbox 1370 2965 1665 3018; x_wconf 70' lang='grc' dir='ltr'>πίπτουσω</span> 
     </span>
    </p>
   </div>
   <div class='ocr_carea' id='block_1_46' title="bbox 128 3057 1672 3133">
    <p class='ocr_par' dir='ltr' id='par_1_46' title="bbox 128 3057 1672 3133">
     <span class='ocr_line' id='line_1_46' title="bbox 128 3057 1672 3133; baseline -0.004 -18"><span class='ocrx_word' id='word_1_341' title='bbox 128 3064 267 3133; x_wconf 75' lang='grc' dir='ltr'>ἐκείνη</span> <span class='ocrx_word' id='word_1_342' title='bbox 299 3063 394 3132; x_wconf 75' lang='grc' dir='ltr'><strong>μὲν</strong></span> <span class='ocrx_word' id='word_1_343' title='bbox 424 3061 490 3133; x_wconf 81' lang='grc' dir='ltr'><strong>δὴ</strong></span> <span class='ocrx_word' id='word_1_344' title='bbox 521 3060 754 3129; x_wconf 79' lang='grc' dir='ltr'>τοιαύτη</span> <span class='ocrx_word' id='word_1_345' title='bbox 783 3060 876 3113; x_wconf 72' lang='grc' dir='ltr'><strong>καὶ</strong></span> <span class='ocrx_word' id='word_1_346' title='bbox 901 3058 1049 3131; x_wconf 81' lang='grc' dir='ltr'>παρὰ</span> <span class='ocrx_word' id='word_1_347' title='bbox 1074 3057 1351 3117; x_wconf 77' lang='grc' dir='ltr'>τοιούτοις,</span> <span class='ocrx_word' id='word_1_348' title='bbox 1377 3059 1469 3110; x_wconf 77' lang='grc' dir='ltr'><strong>καὶ</strong></span> <span class='ocrx_word' id='word_1_349' title='bbox 1493 3057 1672 3110; x_wconf 86' lang='grc' dir='ltr'>τοιαύ-</span> 
     </span>
    </p>
   </div>
   <div class='ocr_carea' id='block_1_47' title="bbox 127 3149 1669 3226">
    <p class='ocr_par' dir='ltr' id='par_1_47' title="bbox 127 3149 1669 3226">
     <span class='ocr_line' id='line_1_47' title="bbox 127 3149 1669 3226; baseline -0.005 -17"><span class='ocrx_word' id='word_1_350' title='bbox 127 3175 197 3218; x_wconf 67' lang='grc' dir='ltr'><strong>τας</strong></span> <span class='ocrx_word' id='word_1_351' title='bbox 222 3157 408 3226; x_wconf 77' lang='grc' dir='ltr'>ἔχουσα</span> <span class='ocrx_word' id='word_1_352' title='bbox 431 3155 537 3217; x_wconf 80' lang='grc' dir='ltr'><strong>τὰς</strong></span> <span class='ocrx_word' id='word_1_353' title='bbox 573 3153 914 3224; x_wconf 76' lang='grc' dir='ltr'>ἐπικαρπίας</span> <span class='ocrx_word' id='word_1_354' title='bbox 933 3195 948 3218; x_wconf 91' lang='grc'><strong>,</strong></span> <span class='ocrx_word' id='word_1_355' title='bbox 977 3151 1108 3202; x_wconf 74' lang='grc' dir='ltr'>ὡσεὶ</span> <span class='ocrx_word' id='word_1_356' title='bbox 1137 3149 1327 3219; x_wconf 82' lang='grc' dir='ltr'>χόρτος</span> <span class='ocrx_word' id='word_1_357' title='bbox 1361 3150 1497 3219; x_wconf 76' lang='grc' dir='ltr'>ταχὺ</span> <span class='ocrx_word' id='word_1_358' title='bbox 1536 3151 1669 3205; x_wconf 83' lang='grc' dir='ltr'>ἀπο-</span> 
     </span>
    </p>
   </div>
   <div class='ocr_carea' id='block_1_48' title="bbox 1775 1960 3335 2030">
    <p class='ocr_par' dir='ltr' id='par_1_48' title="bbox 1775 1960 3335 2030">
     <span class='ocr_line' id='line_1_48' title="bbox 1775 1960 3335 2030; baseline 0 -16"><span class='ocrx_word' id='word_1_359' title='bbox 1775 1969 1919 2016; x_wconf 90' lang='lat' dir='ltr'><strong>recte</strong></span> <span class='ocrx_word' id='word_1_360' title='bbox 1976 1961 2308 2015; x_wconf 86' lang='lat' dir='ltr'><strong>humanitate</strong></span> <span class='ocrx_word' id='word_1_361' title='bbox 2361 1975 2426 2015; x_wconf 88' lang='lat' dir='ltr'><strong>ac</strong></span> <span class='ocrx_word' id='word_1_362' title='bbox 2464 1961 2795 2024; x_wconf 77' lang='lat' dir='ltr'><strong>benignitate</strong></span> <span class='ocrx_word' id='word_1_363' title='bbox 2854 1975 2982 2014; x_wconf 93' lang='lat' dir='ltr'><strong>usus</strong></span> <span class='ocrx_word' id='word_1_364' title='bbox 3030 1960 3151 2025; x_wconf 84' lang='lat' dir='ltr'><strong>est,</strong></span> <span class='ocrx_word' id='word_1_365' title='bbox 3193 1961 3335 2030; x_wconf 91' lang='lat' dir='ltr'><strong>quod</strong></span> 
     </span>
    </p>
   </div>
   <div class='ocr_carea' id='block_1_49' title="bbox 1772 2052 3335 2123">
    <p class='ocr_par' dir='ltr' id='par_1_49' title="bbox 1772 2052 3335 2123">
     <span class='ocr_line' id='line_1_49' title="bbox 1772 2052 3335 2123; baseline 0.001 -18"><span class='ocrx_word' id='word_1_366' title='bbox 1772 2067 1894 2106; x_wconf 93' lang='lat' dir='ltr'><strong>eum</strong></span> <span class='ocrx_word' id='word_1_367' title='bbox 1933 2061 1985 2106; x_wconf 91' lang='lat' dir='ltr'><strong>et</strong></span> <span class='ocrx_word' id='word_1_368' title='bbox 2030 2052 2263 2107; x_wconf 81' lang='lat' dir='ltr'><strong>servavit</strong></span> <span class='ocrx_word' id='word_1_369' title='bbox 2307 2059 2360 2106; x_wconf 89' lang='lat' dir='ltr'><strong>et</strong></span> <span class='ocrx_word' id='word_1_370' title='bbox 2411 2053 2478 2107; x_wconf 91' lang='lat' dir='ltr'><strong>ad</strong></span> <span class='ocrx_word' id='word_1_371' title='bbox 2511 2052 2793 2122; x_wconf 89' lang='lat' dir='ltr'><strong>imperium</strong></span> <span class='ocrx_word' id='word_1_372' title='bbox 2851 2056 3052 2118; x_wconf 80' lang='lat' dir='ltr'><strong>evexit,</strong></span> <span class='ocrx_word' id='word_1_373' title='bbox 3079 2053 3168 2123; x_wconf 90' lang='lat' dir='ltr'><strong>qui</strong></span> <span class='ocrx_word' id='word_1_374' title='bbox 3202 2053 3335 2106; x_wconf 90' lang='lat' dir='ltr'><strong>male</strong></span> 
     </span>
    </p>
   </div>
   <div class='ocr_carea' id='block_1_50' title="bbox 1772 2143 3332 2214">
    <p class='ocr_par' dir='ltr' id='par_1_50' title="bbox 1772 2143 3332 2214">
     <span class='ocr_line' id='line_1_50' title="bbox 1772 2143 3332 2214; baseline 0.001 -16"><span class='ocrx_word' id='word_1_375' title='bbox 1772 2159 1834 2198; x_wconf 91' lang='lat' dir='ltr'><strong>ac</strong></span> <span class='ocrx_word' id='word_1_376' title='bbox 1863 2143 2072 2200; x_wconf 85' lang='lat' dir='ltr'><strong>funeste</strong></span> <span class='ocrx_word' id='word_1_377' title='bbox 2125 2153 2179 2199; x_wconf 90' lang='lat' dir='ltr'><strong>et</strong></span> <span class='ocrx_word' id='word_1_378' title='bbox 2231 2156 2472 2200; x_wconf 87' lang='lat' dir='ltr'><strong>servatus</strong></span> <span class='ocrx_word' id='word_1_379' title='bbox 2527 2155 2611 2201; x_wconf 89' lang='lat' dir='ltr'><strong>est</strong></span> <span class='ocrx_word' id='word_1_380' title='bbox 2662 2156 2717 2200; x_wconf 90' lang='lat' dir='ltr'><strong>et</strong></span> <span class='ocrx_word' id='word_1_381' title='bbox 2768 2145 3051 2214; x_wconf 89' lang='lat' dir='ltr'><strong>imperium</strong></span> <span class='ocrx_word' id='word_1_382' title='bbox 3110 2145 3332 2200; x_wconf 86' lang='lat' dir='ltr'><strong>admini—</strong></span> 
     </span>
    </p>
   </div>
   <div class='ocr_carea' id='block_1_51' title="bbox 1771 2235 3334 2305">
    <p class='ocr_par' dir='ltr' id='par_1_51' title="bbox 1771 2235 3334 2305">
     <span class='ocr_line' id='line_1_51' title="bbox 1771 2235 3334 2305; baseline 0.001 -16"><span class='ocrx_word' id='word_1_383' title='bbox 1771 2237 1980 2289; x_wconf 83' lang='lat' dir='ltr'><strong>stravit.</strong></span> <span class='ocrx_word' id='word_1_384' title='bbox 2013 2239 2190 2304; x_wconf 85' lang='lat' dir='ltr'><strong>Atque</strong></span> <span class='ocrx_word' id='word_1_385' title='bbox 2220 2236 2320 2290; x_wconf 88' lang='lat' dir='ltr'><strong>hac</strong></span> <span class='ocrx_word' id='word_1_386' title='bbox 2349 2235 2686 2305; x_wconf 90' lang='lat' dir='ltr'><strong>potissimum</strong></span> <span class='ocrx_word' id='word_1_387' title='bbox 2719 2238 2784 2292; x_wconf 89' lang='lat' dir='ltr'><strong>de</strong></span> <span class='ocrx_word' id='word_1_388' title='bbox 2821 2251 2984 2292; x_wconf 88' lang='lat' dir='ltr'><strong>causa</strong></span> <span class='ocrx_word' id='word_1_389' title='bbox 3014 2251 3134 2290; x_wconf 86' lang='lat' dir='ltr'><strong>eum</strong></span> <span class='ocrx_word' id='word_1_390' title='bbox 3162 2236 3334 2291; x_wconf 75' lang='lat' dir='ltr'><strong>credi-</strong></span> 
     </span>
    </p>
   </div>
   <div class='ocr_carea' id='block_1_52' title="bbox 1772 2325 3336 2397">
    <p class='ocr_par' dir='ltr' id='par_1_52' title="bbox 1772 2325 3336 2397">
     <span class='ocr_line' id='line_1_52' title="bbox 1772 2325 3336 2397; baseline 0.001 -18"><span class='ocrx_word' id='word_1_391' title='bbox 1772 2327 1964 2390; x_wconf 77' lang='lat' dir='ltr'><strong>derim,</strong></span> <span class='ocrx_word' id='word_1_392' title='bbox 1997 2337 2052 2379; x_wconf 90' lang='lat' dir='ltr'><strong>ut</strong></span> <span class='ocrx_word' id='word_1_393' title='bbox 2084 2341 2146 2380; x_wconf 79' lang='lat' dir='ltr'><strong>ex</strong></span> <span class='ocrx_word' id='word_1_394' title='bbox 2175 2327 2465 2395; x_wconf 85' lang='lat' dir='ltr'><strong>impietatis</strong></span> <span class='ocrx_word' id='word_1_395' title='bbox 2493 2327 2839 2397; x_wconf 87' lang='lat' dir='ltr'><strong>oppressione</strong></span> <span class='ocrx_word' id='word_1_396' title='bbox 2868 2342 3154 2397; x_wconf 89' lang='lat' dir='ltr'><strong>rerumque</strong></span> <span class='ocrx_word' id='word_1_397' title='bbox 3181 2325 3336 2381; x_wconf 79' lang='lat' dir='ltr'><strong>Ch&#39;ri-</strong></span> 
     </span>
    </p>
   </div>
   <div class='ocr_carea' id='block_1_53' title="bbox 1772 2418 3334 2487">
    <p class='ocr_par' dir='ltr' id='par_1_53' title="bbox 1772 2418 3334 2487">
     <span class='ocr_line' id='line_1_53' title="bbox 1772 2418 3334 2487; baseline 0.001 -17"><span class='ocrx_word' id='word_1_398' title='bbox 1772 2419 2068 2470; x_wconf 88' lang='lat' dir='ltr'><strong>stianarum</strong></span> <span class='ocrx_word' id='word_1_399' title='bbox 2136 2418 2203 2471; x_wconf 90' lang='lat' dir='ltr'><strong>ad</strong></span> <span class='ocrx_word' id='word_1_400' title='bbox 2258 2418 2545 2486; x_wconf 89' lang='lat' dir='ltr'><strong>pristinum</strong></span> <span class='ocrx_word' id='word_1_401' title='bbox 2612 2419 2951 2487; x_wconf 88' lang='lat' dir='ltr'><strong>splendorem</strong></span> <span class='ocrx_word' id='word_1_402' title='bbox 3007 2420 3216 2482; x_wconf 88' lang='lat' dir='ltr'><strong>reditu,</strong></span> <span class='ocrx_word' id='word_1_403' title='bbox 3256 2421 3334 2473; x_wconf 83' lang='lat' dir='ltr'><strong>sic</strong></span> 
     </span>
    </p>
   </div>
   <div class='ocr_carea' id='block_1_54' title="bbox 1773 2509 3333 2579">
    <p class='ocr_par' dir='ltr' id='par_1_54' title="bbox 1773 2509 3333 2579">
     <span class='ocr_line' id='line_1_54' title="bbox 1773 2509 3333 2579; baseline 0 -17"><span class='ocrx_word' id='word_1_404' title='bbox 1773 2510 1933 2562; x_wconf 87' lang='lat' dir='ltr'><strong>etiam</strong></span> <span class='ocrx_word' id='word_1_405' title='bbox 1967 2523 2028 2562; x_wconf 79' lang='lat' dir='ltr'><strong>ex</strong></span> <span class='ocrx_word' id='word_1_406' title='bbox 2070 2510 2170 2563; x_wconf 91' lang='lat' dir='ltr'><strong>hac</strong></span> <span class='ocrx_word' id='word_1_407' title='bbox 2223 2509 2464 2562; x_wconf 81' lang='lat' dir='ltr'><strong>oratione.</strong></span> <span class='ocrx_word' id='word_1_408' title='bbox 2516 2509 2808 2562; x_wconf 80' lang='lat' dir='ltr'><strong>maximam</strong></span> <span class='ocrx_word' id='word_1_409' title='bbox 2868 2509 3194 2579; x_wconf 86' lang='lat' dir='ltr'><strong>voluptatem</strong></span> <span class='ocrx_word' id='word_1_410' title='bbox 3243 2525 3333 2563; x_wconf 88' lang='lat' dir='ltr'><strong>ca-</strong></span> 
     </span>
    </p>
   </div>
   <div class='ocr_carea' id='block_1_55' title="bbox 1773 2599 3332 2670">
    <p class='ocr_par' dir='ltr' id='par_1_55' title="bbox 1773 2599 3332 2670">
     <span class='ocr_line' id='line_1_55' title="bbox 1773 2599 3332 2670; baseline 0.001 -17"><span class='ocrx_word' id='word_1_411' title='bbox 1773 2610 2010 2670; x_wconf 91' lang='lat' dir='ltr'><strong>pturum.</strong></span> <span class='ocrx_word' id='word_1_412' title='bbox 2038 2601 2355 2656; x_wconf 88' lang='lat' dir='ltr'><strong>Sermonem</strong></span> <span class='ocrx_word' id='word_1_413' title='bbox 2388 2600 2532 2654; x_wconf 91' lang='lat' dir='ltr'><strong>enim</strong></span> <span class='ocrx_word' id='word_1_414' title='bbox 2563 2599 2672 2654; x_wconf 88' lang='lat' dir='ltr'><strong>Deo</strong></span> <span class='ocrx_word' id='word_1_415' title='bbox 2706 2600 2758 2654; x_wconf 93' lang='lat' dir='ltr'><strong>in</strong></span> <span class='ocrx_word' id='word_1_416' title='bbox 2802 2601 2939 2670; x_wconf 85' lang='lat' dir='ltr'><strong>grati</strong></span> <span class='ocrx_word' id='word_1_417' title='bbox 2971 2602 3134 2656; x_wconf 90' lang='lat' dir='ltr'><strong>animi</strong></span> <span class='ocrx_word' id='word_1_418' title='bbox 3166 2601 3332 2670; x_wconf 82' lang='lat' dir='ltr'><strong>signi-</strong></span> 
     </span>
    </p>
   </div>
   <div class='ocr_carea' id='block_1_56' title="bbox 1774 2692 3332 2763">
    <p class='ocr_par' dir='ltr' id='par_1_56' title="bbox 1774 2692 3332 2763">
     <span class='ocr_line' id='line_1_56' title="bbox 1774 2692 3332 2763; baseline 0.002 -18"><span class='ocrx_word' id='word_1_419' title='bbox 1774 2692 2075 2746; x_wconf 84' lang='lat' dir='ltr'><strong>ﬁcatiouem</strong></span> <span class='ocrx_word' id='word_1_420' title='bbox 2112 2692 2324 2757; x_wconf 89' lang='lat' dir='ltr'><strong>dicabo,</strong></span> <span class='ocrx_word' id='word_1_421' title='bbox 2367 2693 2514 2748; x_wconf 91' lang='lat' dir='ltr'><strong>omni</strong></span> <span class='ocrx_word' id='word_1_422' title='bbox 2565 2692 2794 2746; x_wconf 84' lang='lat' dir='ltr'><strong>rationis</strong></span> <span class='ocrx_word' id='word_1_423' title='bbox 2845 2703 3065 2763; x_wconf 83' lang='lat' dir='ltr'><strong>experte</strong></span> <span class='ocrx_word' id='word_1_424' title='bbox 3115 2694 3332 2748; x_wconf 80' lang='lat' dir='ltr'><strong>victima</strong></span> 
     </span>
    </p>
   </div>
   <div class='ocr_carea' id='block_1_57' title="bbox 1771 2784 3334 2856">
    <p class='ocr_par' dir='ltr' id='par_1_57' title="bbox 1771 2784 3334 2856">
     <span class='ocr_line' id='line_1_57' title="bbox 1771 2784 3334 2856; baseline 0.003 -19"><span class='ocrx_word' id='word_1_425' title='bbox 1771 2784 2041 2851; x_wconf 80' lang='lat' dir='ltr'><strong>puriorem</strong></span> <span class='ocrx_word' id='word_1_426' title='bbox 2094 2793 2148 2838; x_wconf 91' lang='lat' dir='ltr'><strong>et</strong></span> <span class='ocrx_word' id='word_1_427' title='bbox 2181 2785 2531 2847; x_wconf 88' lang='lat' dir='ltr'><strong>sanctiorem,</strong></span> <span class='ocrx_word' id='word_1_428' title='bbox 2574 2799 2680 2839; x_wconf 91' lang='lat' dir='ltr'><strong>non</strong></span> <span class='ocrx_word' id='word_1_429' title='bbox 2727 2785 2882 2856; x_wconf 87' lang='lat' dir='ltr'><strong>juxta</strong></span> <span class='ocrx_word' id='word_1_430' title='bbox 2916 2785 3150 2840; x_wconf 76' lang='lat' dir='ltr'><strong>nefarias</strong></span> <span class='ocrx_word' id='word_1_431' title='bbox 3192 2785 3334 2841; x_wconf 87' lang='lat' dir='ltr'><strong>illius</strong></span> 
     </span>
    </p>
   </div>
   <div class='ocr_carea' id='block_1_58' title="bbox 1769 2877 3329 2948">
    <p class='ocr_par' dir='ltr' id='par_1_58' title="bbox 1769 2877 3329 2948">
     <span class='ocr_line' id='line_1_58' title="bbox 1769 2877 3329 2948; baseline 0.001 -18"><span class='ocrx_word' id='word_1_432' title='bbox 1769 2877 2040 2931; x_wconf 73' lang='lat' dir='ltr'><strong>orationes</strong></span> <span class='ocrx_word' id='word_1_433' title='bbox 2095 2891 2157 2930; x_wconf 89' lang='lat' dir='ltr'><strong>ac</strong></span> <span class='ocrx_word' id='word_1_434' title='bbox 2207 2891 2406 2946; x_wconf 77' lang='lat' dir='ltr'><strong>nugas,</strong></span> <span class='ocrx_word' id='word_1_435' title='bbox 2444 2877 2723 2948; x_wconf 82' lang='lat' dir='ltr'><strong>magisque</strong></span> <span class='ocrx_word' id='word_1_436' title='bbox 2782 2877 2986 2933; x_wconf 82' lang='lat' dir='ltr'><strong>nefaria</strong></span> <span class='ocrx_word' id='word_1_437' title='bbox 3031 2878 3329 2942; x_wconf 79' lang='lat' dir='ltr'><strong>sacrificia,</strong></span> 
     </span>
    </p>
   </div>
   <div class='ocr_carea' id='block_1_59' title="bbox 1771 2970 3335 3046">
    <p class='ocr_par' dir='ltr' id='par_1_59' title="bbox 1771 2970 3335 3046">
     <span class='ocr_line' id='line_1_59' title="bbox 1771 2970 3335 3046; baseline 0.006 -26"><span class='ocrx_word' id='word_1_438' title='bbox 1771 2983 1996 3038; x_wconf 85' lang='lat' dir='ltr'><strong>quorum</strong></span> <span class='ocrx_word' id='word_1_439' title='bbox 2054 2970 2364 3046; x_wconf 62' lang='lat' dir='ltr'><strong>praestantia</strong></span> <span class='ocrx_word' id='word_1_440' title='bbox 2396 2979 2450 3022; x_wconf 91' lang='lat' dir='ltr'><strong>et</strong></span> <span class='ocrx_word' id='word_1_441' title='bbox 2492 2970 2726 3038; x_wconf 91' lang='lat' dir='ltr'><strong>potentia</strong></span> <span class='ocrx_word' id='word_1_442' title='bbox 2763 2970 3055 3041; x_wconf 88' lang='lat' dir='ltr'><strong>impietatis</strong></span> <span class='ocrx_word' id='word_1_443' title='bbox 3098 2972 3335 3041; x_wconf 80' lang='lat' dir='ltr'><strong>potentia</strong></span> 
     </span>
    </p>
   </div>
   <div class='ocr_carea' id='block_1_60' title="bbox 1769 3061 3335 3133">
    <p class='ocr_par' dir='ltr' id='par_1_60' title="bbox 1769 3061 3335 3133">
     <span class='ocr_line' id='line_1_60' title="bbox 1769 3061 3335 3133; baseline 0 -18"><span class='ocrx_word' id='word_1_444' title='bbox 1769 3070 1903 3128; x_wconf 88' lang='lat' dir='ltr'><strong>erat,</strong></span> <span class='ocrx_word' id='word_1_445' title='bbox 1939 3068 1992 3115; x_wconf 87' lang='lat' dir='ltr'><strong>et</strong></span> <span class='ocrx_word' id='word_1_446' title='bbox 2026 3061 2305 3130; x_wconf 84' lang='lat' dir='ltr'><strong>insipiens,</strong></span> <span class='ocrx_word' id='word_1_447' title='bbox 2338 3070 2395 3115; x_wconf 90' lang='lat' dir='ltr'><strong>ut</strong></span> <span class='ocrx_word' id='word_1_448' title='bbox 2446 3061 2524 3115; x_wconf 93' lang='lat' dir='ltr'><strong>sic</strong></span> <span class='ocrx_word' id='word_1_449' title='bbox 2576 3061 2788 3130; x_wconf 90' lang='lat' dir='ltr'><strong>loquar,</strong></span> <span class='ocrx_word' id='word_1_450' title='bbox 2818 3063 3081 3132; x_wconf 85' lang='lat' dir='ltr'><strong>sapientia</strong></span> <span class='ocrx_word' id='word_1_451' title='bbox 3117 3081 3131 3126; x_wconf 90' lang='lat'><strong>;</strong></span> <span class='ocrx_word' id='word_1_452' title='bbox 3166 3063 3335 3133; x_wconf 87' lang='lat' dir='ltr'><strong>siqui-</strong></span> 
     </span>
    </p>
   </div>
   <div class='ocr_carea' id='block_1_61' title="bbox 1771 3151 3334 3221">
    <p class='ocr_par' dir='ltr' id='par_1_61' title="bbox 1771 3151 3334 3221">
     <span class='ocr_line' id='line_1_61' title="bbox 1771 3151 3334 3221; baseline 0.001 -16"><span class='ocrx_word' id='word_1_453' title='bbox 1771 3151 1890 3206; x_wconf 87' lang='lat' dir='ltr'><strong>dem</strong></span> <span class='ocrx_word' id='word_1_454' title='bbox 1932 3154 2111 3208; x_wconf 88' lang='lat' dir='ltr'><strong>omnis</strong></span> <span class='ocrx_word' id='word_1_455' title='bbox 2168 3152 2326 3221; x_wconf 83' lang='lat' dir='ltr'><strong>hujus</strong></span> <span class='ocrx_word' id='word_1_456' title='bbox 2370 3152 2551 3206; x_wconf 70' lang='lat' dir='ltr'><strong>smculi</strong></span> <span class='ocrx_word' id='word_1_457' title='bbox 2596 3153 2833 3221; x_wconf 90' lang='lat' dir='ltr'><strong>potentia</strong></span> <span class='ocrx_word' id='word_1_458' title='bbox 2881 3165 2936 3208; x_wconf 90' lang='lat' dir='ltr'><strong>et</strong></span> <span class='ocrx_word' id='word_1_459' title='bbox 2981 3154 3211 3208; x_wconf 88' lang='lat' dir='ltr'><strong>eruditio</strong></span> <span class='ocrx_word' id='word_1_460' title='bbox 3279 3153 3334 3206; x_wconf 89' lang='lat' dir='ltr'><strong>in</strong></span> 
     </span>
    </p>
   </div>
   <div class='ocr_carea' id='block_1_62' title="bbox 127 3241 1670 3321">
    <p class='ocr_par' dir='ltr' id='par_1_62' title="bbox 127 3241 1668 3319">
     <span class='ocr_line' id='line_1_62' title="bbox 127 3241 1668 3319; baseline -0.003 -24"><span class='ocrx_word' id='word_1_461' title='bbox 127 3248 444 3319; x_wconf 57' lang='grc' dir='ltr'>ξηραινομένη</span> <span class='ocrx_word' id='word_1_462' title='bbox 469 3288 484 3311; x_wconf 94' lang='grc'><strong>,</strong></span> <span class='ocrx_word' id='word_1_463' title='bbox 523 3247 627 3299; x_wconf 76' lang='grc' dir='ltr'><strong>καὶ</strong></span> <span class='ocrx_word' id='word_1_464' title='bbox 673 3245 802 3297; x_wconf 81' lang='grc' dir='ltr'>ὡσεὶ</span> <span class='ocrx_word' id='word_1_465' title='bbox 849 3243 1054 3313; x_wconf 87' lang='grc' dir='ltr'>λάχανα</span> <span class='ocrx_word' id='word_1_466' title='bbox 1096 3241 1256 3311; x_wconf 76' lang='grc' dir='ltr'>χλόης</span> <span class='ocrx_word' id='word_1_467' title='bbox 1302 3241 1436 3311; x_wconf 84' lang='grc' dir='ltr'>ταχὺ</span> <span class='ocrx_word' id='word_1_468' title='bbox 1467 3241 1668 3294; x_wconf 85' lang='grc' dir='ltr'>ἀποπί-</span> 
     </span>
    </p>
   </div>
   <div class='ocr_carea' id='block_1_63' title="bbox 1788 3241 3335 3321">
    <p class='ocr_par' dir='ltr' id='par_1_63' title="bbox 1793 3243 3335 3316">
     <span class='ocr_line' id='line_1_63' title="bbox 1793 3243 3335 3316; baseline 0.001 -19"><span class='ocrx_word' id='word_1_469' title='bbox 1793 3243 2008 3298; x_wconf 91' lang='lat' dir='ltr'><strong>enebris</strong></span> <span class='ocrx_word' id='word_1_470' title='bbox 2060 3243 2386 3309; x_wconf 75' lang='lat' dir='ltr'><strong>ambulat“,</strong></span> <span class='ocrx_word' id='word_1_471' title='bbox 2439 3252 2598 3314; x_wconf 78' lang='lat' dir='ltr'><strong>atque</strong></span> <span class='ocrx_word' id='word_1_472' title='bbox 2633 3261 2661 3298; x_wconf 91' lang='lat' dir='ltr'><strong>a</strong></span> <span class='ocrx_word' id='word_1_473' title='bbox 2697 3246 2938 3300; x_wconf 90' lang='lat' dir='ltr'><strong>veritatis</strong></span> <span class='ocrx_word' id='word_1_474' title='bbox 2971 3247 3092 3300; x_wconf 88' lang='lat' dir='ltr'><strong>luce</strong></span> <span class='ocrx_word' id='word_1_475' title='bbox 3142 3246 3335 3316; x_wconf 85' lang='lat' dir='ltr'><strong>procul</strong></span> 
     </span>
    </p>
   </div>
   <div class='ocr_carea' id='block_1_64' title="bbox 125 3331 1669 3402">
    <p class='ocr_par' dir='ltr' id='par_1_64' title="bbox 125 3331 1669 3402">
     <span class='ocr_line' id='line_1_64' title="bbox 125 3331 1669 3402; baseline -0.006 -10"><span class='ocrx_word' id='word_1_476' title='bbox 125 3357 308 3402; x_wconf 77' lang='grc' dir='ltr'>πτουσα,</span> <span class='ocrx_word' id='word_1_477' title='bbox 341 3341 437 3393; x_wconf 72' lang='grc' dir='ltr'>καὶ</span> <span class='ocrx_word' id='word_1_478' title='bbox 466 3335 820 3391; x_wconf 80' lang='grc' dir='ltr'>συναπιοῢσα</span> <span class='ocrx_word' id='word_1_479' title='bbox 839 3337 950 3397; x_wconf 82' lang='grc' dir='ltr'>τοῖς</span> <span class='ocrx_word' id='word_1_480' title='bbox 983 3333 1250 3402; x_wconf 84' lang='grc' dir='ltr'>πατράσιν</span> <span class='ocrx_word' id='word_1_481' title='bbox 1279 3331 1669 3402; x_wconf 79' lang='grc' dir='ltr'>ἀπολλυμένοις</span> 
     </span>
    </p>
   </div>
   <div class='ocr_carea' id='block_1_65' title="bbox 127 3423 1667 3500">
    <p class='ocr_par' dir='ltr' id='par_1_65' title="bbox 127 3423 1667 3500">
     <span class='ocr_line' id='line_1_65' title="bbox 127 3423 1667 3500; baseline -0.002 -20"><span class='ocrx_word' id='word_1_482' title='bbox 127 3432 214 3499; x_wconf 69' lang='grc' dir='ltr'>μετ’</span> <span class='ocrx_word' id='word_1_483' title='bbox 252 3432 398 3500; x_wconf 63' lang='grc' dir='ltr'>ἤχου.</span> <span class='ocrx_word' id='word_1_484' title='bbox 437 3429 539 3482; x_wconf 80' lang='grc' dir='ltr'>καὶ</span> <span class='ocrx_word' id='word_1_485' title='bbox 595 3425 1076 3499; x_wconf 74' lang='grc' dir='ltr'>περιφανεστέροις</span> <span class='ocrx_word' id='word_1_486' title='bbox 1107 3423 1203 3494; x_wconf 70' lang='grc' dir='ltr'>τὴν</span> <span class='ocrx_word' id='word_1_487' title='bbox 1247 3423 1450 3477; x_wconf 82' lang='grc' dir='ltr'>πτῶσιν</span> <span class='ocrx_word' id='word_1_488' title='bbox 1501 3423 1532 3494; x_wconf 77' lang='grc' dir='ltr'>ἢ</span> <span class='ocrx_word' id='word_1_489' title='bbox 1570 3423 1667 3494; x_wconf 75' lang='grc' dir='ltr'><strong>τὴν</strong></span> 
     </span>
    </p>
   </div>
   <div class='ocr_carea' id='block_1_66' title="bbox 121 3523 355 3578">
    <p class='ocr_par' dir='ltr' id='par_1_66' title="bbox 121 3523 355 3578">
     <span class='ocr_line' id='line_1_66' title="bbox 121 3523 355 3578; baseline 0.021 -6"><span class='ocrx_word' id='word_1_490' title='bbox 121 3523 355 3578; x_wconf 73' lang='grc' dir='ltr'>ἀτέεειαν.</span> 
     </span>
    </p>
   </div>
   <div class='ocr_carea' id='block_1_67' title="bbox 1773 3336 3331 3408">
    <p class='ocr_par' dir='ltr' id='par_1_67' title="bbox 1773 3336 3331 3408">
     <span class='ocr_line' id='line_1_67' title="bbox 1773 3336 3331 3408; baseline -0.001 -18"><span class='ocrx_word' id='word_1_491' title='bbox 1773 3336 1992 3390; x_wconf 87' lang='lat' dir='ltr'><strong>excidit.</strong></span> <span class='ocrx_word' id='word_1_492' title='bbox 2027 3337 2200 3406; x_wconf 86' lang='lat' dir='ltr'><strong>Atque</strong></span> <span class='ocrx_word' id='word_1_493' title='bbox 2256 3337 2344 3392; x_wconf 89' lang='lat' dir='ltr'><strong>illa</strong></span> <span class='ocrx_word' id='word_1_494' title='bbox 2385 3337 2596 3406; x_wconf 89' lang='lat' dir='ltr'><strong>quidem</strong></span> <span class='ocrx_word' id='word_1_495' title='bbox 2640 3336 2761 3392; x_wconf 88' lang='lat' dir='ltr'><strong>talis</strong></span> <span class='ocrx_word' id='word_1_496' title='bbox 2799 3348 2878 3393; x_wconf 87' lang='lat' dir='ltr'><strong>e‘st</strong></span> <span class='ocrx_word' id='word_1_497' title='bbox 2911 3345 2968 3392; x_wconf 91' lang='lat' dir='ltr'><strong>et</strong></span> <span class='ocrx_word' id='word_1_498' title='bbox 2997 3337 3139 3408; x_wconf 90' lang='lat' dir='ltr'><strong>apud</strong></span> <span class='ocrx_word' id='word_1_499' title='bbox 3179 3337 3331 3400; x_wconf 89' lang='lat' dir='ltr'><strong>tales,</strong></span> 
     </span>
    </p>
   </div>
   <div class='ocr_carea' id='block_1_68' title="bbox 1777 3428 3337 3498">
    <p class='ocr_par' dir='ltr' id='par_1_68' title="bbox 1777 3428 3337 3498">
     <span class='ocr_line' id='line_1_68' title="bbox 1777 3428 3337 3498; baseline 0.001 -19"><span class='ocrx_word' id='word_1_500' title='bbox 1777 3428 2006 3496; x_wconf 86' lang='lat' dir='ltr'><strong>taliaque</strong></span> <span class='ocrx_word' id='word_1_501' title='bbox 2041 3443 2219 3497; x_wconf 87' lang='lat' dir='ltr'><strong>operae</strong></span> <span class='ocrx_word' id='word_1_502' title='bbox 2265 3430 2434 3498; x_wconf 88' lang='lat' dir='ltr'><strong>pretia</strong></span> <span class='ocrx_word' id='word_1_503' title='bbox 2480 3430 2659 3492; x_wconf 88' lang='lat' dir='ltr'><strong>habet,</strong></span> <span class='ocrx_word' id='word_1_504' title='bbox 2691 3429 2844 3498; x_wconf 90' lang='lat' dir='ltr'><strong>quasi</strong></span> <span class='ocrx_word' id='word_1_505' title='bbox 2871 3428 3049 3484; x_wconf 76' lang='lat' dir='ltr'><strong>fenum</strong></span> <span class='ocrx_word' id='word_1_506' title='bbox 3082 3428 3337 3482; x_wconf 84' lang='lat' dir='ltr'><strong>velociter</strong></span> 
     </span>
    </p>
   </div>
   <div class='ocr_carea' id='block_1_69' title="bbox 1703 3517 3336 3587">
    <p class='ocr_par' dir='ltr' id='par_1_69' title="bbox 1703 3517 3336 3587">
     <span class='ocr_line' id='line_1_69' title="bbox 1703 3517 3336 3587; baseline 0.001 -17"><span class='ocrx_word' id='word_1_507' title='bbox 1703 3517 1710 3528; x_wconf 87' lang='lat'>‘</span> <span class='ocrx_word' id='word_1_508' title='bbox 1776 3532 2075 3581; x_wconf 87' lang='lat' dir='ltr'><strong>arescens,.</strong></span> <span class='ocrx_word' id='word_1_509' title='bbox 2105 3528 2158 3573; x_wconf 90' lang='lat' dir='ltr'><strong>et</strong></span> <span class='ocrx_word' id='word_1_510' title='bbox 2196 3520 2643 3587; x_wconf 89' lang='lat' dir='ltr'><strong>quemadmodum</strong></span> <span class='ocrx_word' id='word_1_511' title='bbox 2694 3520 2840 3574; x_wconf 90' lang='lat' dir='ltr'><strong>olera</strong></span> <span class='ocrx_word' id='word_1_512' title='bbox 2901 3520 3188 3574; x_wconf 91' lang='lat' dir='ltr'><strong>herbarum</strong></span> <span class='ocrx_word' id='word_1_513' title='bbox 3229 3517 3336 3572; x_wconf 91' lang='lat' dir='ltr'><strong>cito</strong></span> 
     </span>
    </p>
   </div>
   <div class='ocr_carea' id='block_1_70' title="bbox 123 3611 3329 3684">
    <p class='ocr_par' dir='ltr' id='par_1_70' title="bbox 123 3611 3329 3684">
     <span class='ocr_line' id='line_1_70' title="bbox 123 3611 3329 3684; baseline -0.001 -16"><span class='ocrx_word' id='word_1_514' title='bbox 123 3616 334 3670; x_wconf 75' lang='lat' dir='ltr'><strong>decidens</strong></span> <span class='ocrx_word' id='word_1_515' title='bbox 372 3613 441 3680; x_wconf 68' lang='grc'>⁸⁵,</span> <span class='ocrx_word' id='word_1_516' title='bbox 475 3631 546 3670; x_wconf 87' lang='lat' dir='ltr'><strong>ac</strong></span> <span class='ocrx_word' id='word_1_517' title='bbox 581 3614 743 3669; x_wconf 87' lang='lat' dir='ltr'><strong>simul</strong></span> <span class='ocrx_word' id='word_1_518' title='bbox 768 3629 887 3668; x_wconf 86' lang='lat' dir='ltr'><strong>cum</strong></span> <span class='ocrx_word' id='word_1_519' title='bbox 910 3611 1224 3683; x_wconf 89' lang='lat' dir='ltr'><strong>parentibus</strong></span> <span class='ocrx_word' id='word_1_520' title='bbox 1252 3611 1363 3666; x_wconf 91' lang='lat' dir='ltr'><strong>suis</strong></span> <span class='ocrx_word' id='word_1_521' title='bbox 1401 3611 1716 3675; x_wconf 85' lang='lat' dir='ltr'><strong>abscedens,</strong></span> <span class='ocrx_word' id='word_1_522' title='bbox 1743 3627 1860 3666; x_wconf 90' lang='lat' dir='ltr'><strong>cum</strong></span> <span class='ocrx_word' id='word_1_523' title='bbox 1889 3615 2064 3668; x_wconf 89' lang='lat' dir='ltr'><strong>sonitu</strong></span> <span class='ocrx_word' id='word_1_524' title='bbox 2105 3614 2534 3682; x_wconf 72' lang='lat' dir='ltr'><strong>pereuntibus“,</strong></span> <span class='ocrx_word' id='word_1_525' title='bbox 2595 3623 2755 3684; x_wconf 84' lang='lat' dir='ltr'><strong>atque</strong></span> <span class='ocrx_word' id='word_1_526' title='bbox 2782 3613 2851 3668; x_wconf 92' lang='lat' dir='ltr'><strong>ob</strong></span> <span class='ocrx_word' id='word_1_527' title='bbox 2891 3612 3098 3667; x_wconf 89' lang='lat' dir='ltr'><strong>ruinam</strong></span> <span class='ocrx_word' id='word_1_528' title='bbox 3140 3612 3329 3667; x_wconf 75' lang='lat' dir='ltr'><strong>clario-</strong></span> 
     </span>
    </p>
   </div>
   <div class='ocr_carea' id='block_1_71' title="bbox 122 3707 936 3776">
    <p class='ocr_par' dir='ltr' id='par_1_71' title="bbox 122 3707 936 3776">
     <span class='ocr_line' id='line_1_71' title="bbox 122 3707 936 3776; baseline 0.001 -19"><span class='ocrx_word' id='word_1_529' title='bbox 122 3708 235 3760; x_wconf 87' lang='lat' dir='ltr'><strong>ribus</strong></span> <span class='ocrx_word' id='word_1_530' title='bbox 265 3724 427 3776; x_wconf 85' lang='lat' dir='ltr'><strong>quam</strong></span> <span class='ocrx_word' id='word_1_531' title='bbox 471 3711 550 3760; x_wconf 85' lang='lat' dir='ltr'><strong>ob</strong></span> <span class='ocrx_word' id='word_1_532' title='bbox 585 3707 936 3775; x_wconf 86' lang='lat' dir='ltr'><strong>impietatem.</strong></span> 
     </span>
    </p>
   </div>
   <div class='ocr_carea' id='block_1_72' title="bbox 173 3799 1672 3873">
    <p class='ocr_par' dir='ltr' id='par_1_72' title="bbox 173 3799 1672 3873">
     <span class='ocr_line' id='line_1_72' title="bbox 173 3799 1672 3873; baseline -0.002 -17"><span class='ocrx_word' id='word_1_533' title='bbox 173 3808 213 3855; x_wconf 86' lang='grc' dir='ltr'><strong>Δ¹</strong></span> <span class='ocrx_word' id='word_1_534' title='bbox 260 3806 409 3873; x_wconf 78' lang='grc' dir='ltr'>Ἐμοὶ</span> <span class='ocrx_word' id='word_1_535' title='bbox 443 3804 507 3856; x_wconf 80' lang='grc' dir='ltr'><strong>δὲ</strong></span> <span class='ocrx_word' id='word_1_536' title='bbox 539 3802 731 3856; x_wconf 83' lang='grc' dir='ltr'>θύοντι</span> <span class='ocrx_word' id='word_1_537' title='bbox 769 3802 958 3855; x_wconf 83' lang='grc' dir='ltr'>θυσίαν</span> <span class='ocrx_word' id='word_1_538' title='bbox 989 3801 1244 3863; x_wconf 71' lang='grc' dir='ltr'>αἰνέσεως</span> <span class='ocrx_word' id='word_1_539' title='bbox 1275 3801 1512 3870; x_wconf 79' lang='grc' dir='ltr'>σήμερον</span> <span class='ocrx_word' id='word_1_540' title='bbox 1533 3840 1546 3864; x_wconf 93' lang='grc'><strong>,</strong></span> <span class='ocrx_word' id='word_1_541' title='bbox 1579 3799 1672 3853; x_wconf 69' lang='grc' dir='ltr'><strong>καὶ</strong></span> 
     </span>
    </p>
   </div>
   <div class='ocr_carea' id='block_1_73' title="bbox 117 3891 1672 3965">
    <p class='ocr_par' dir='ltr' id='par_1_73' title="bbox 117 3891 1672 3965">
     <span class='ocr_line' id='line_1_73' title="bbox 117 3891 1672 3965; baseline -0.001 -21"><span class='ocrx_word' id='word_1_542' title='bbox 117 3895 189 3962; x_wconf 71' lang='grc' dir='ltr'><strong>τὴν</strong></span> <span class='ocrx_word' id='word_1_543' title='bbox 209 3895 546 3965; x_wconf 82' lang='grc' dir='ltr'>ἀναίμακτον</span> <span class='ocrx_word' id='word_1_544' title='bbox 580 3892 695 3945; x_wconf 81' lang='grc' dir='ltr'><strong>τῶν</strong></span> <span class='ocrx_word' id='word_1_545' title='bbox 723 3891 896 3961; x_wconf 90' lang='grc' dir='ltr'>λόγων</span> <span class='ocrx_word' id='word_1_546' title='bbox 918 3892 1082 3961; x_wconf 82' lang='grc' dir='ltr'>τιμὴν</span> <span class='ocrx_word' id='word_1_547' title='bbox 1107 3891 1216 3960; x_wconf 76' lang='grc'>(75)</span> <span class='ocrx_word' id='word_1_548' title='bbox 1246 3891 1560 3954; x_wconf 80' lang='grc' dir='ltr'>άνάπτοντι,</span> <span class='ocrx_word' id='word_1_549' title='bbox 1590 3891 1672 3953; x_wconf 90' lang='grc' dir='ltr'><strong>τίς</strong></span> 
     </span>
    </p>
   </div>
   <div class='ocr_carea' id='block_1_74' title="bbox 122 3983 1668 4057">
    <p class='ocr_par' dir='ltr' id='par_1_74' title="bbox 122 3983 1668 4057">
     <span class='ocr_line' id='line_1_74' title="bbox 122 3983 1668 4057; baseline 0.001 -22"><span class='ocrx_word' id='word_1_550' title='bbox 122 3984 302 4057; x_wconf 72' lang='grc' dir='ltr'>ὓέατρον</span> <span class='ocrx_word' id='word_1_551' title='bbox 342 3987 691 4057; x_wconf 77' lang='grc' dir='ltr'>περιστήσει</span> <span class='ocrx_word' id='word_1_552' title='bbox 724 3985 834 4056; x_wconf 88' lang='grc'>(76)</span> <span class='ocrx_word' id='word_1_553' title='bbox 863 3988 930 4055; x_wconf 79' lang='grc' dir='ltr'>τῇ</span> <span class='ocrx_word' id='word_1_554' title='bbox 959 3984 1139 4054; x_wconf 85' lang='grc' dir='ltr'>χάριτι</span> <span class='ocrx_word' id='word_1_555' title='bbox 1170 3984 1566 4056; x_wconf 82' lang='grc' dir='ltr'>παρισούμενον</span> <span class='ocrx_word' id='word_1_556' title='bbox 1593 4000 1606 4048; x_wconf 92' lang='grc'><strong>;</strong></span> <span class='ocrx_word' id='word_1_557' title='bbox 1636 3983 1668 4054; x_wconf 83' lang='grc' dir='ltr'>ἢ</span> 
     </span>
    </p>
   </div>
   <div class='ocr_carea' id='block_1_75' title="bbox 113 4074 1672 4150">
    <p class='ocr_par' dir='ltr' id='par_1_75' title="bbox 113 4074 1672 4150">
     <span class='ocr_line' id='line_1_75' title="bbox 113 4074 1672 4150; baseline -0.001 -22"><span class='ocrx_word' id='word_1_558' title='bbox 113 4080 175 4142; x_wconf 76' lang='grc' dir='ltr'><strong>τίς</strong></span> <span class='ocrx_word' id='word_1_559' title='bbox 198 4082 487 4150; x_wconf 72' lang='grc' dir='ltr'>συνηχήσει</span> <span class='ocrx_word' id='word_1_560' title='bbox 525 4078 760 4147; x_wconf 84' lang='grc' dir='ltr'>γλῶσσα</span> <span class='ocrx_word' id='word_1_561' title='bbox 791 4075 1038 4128; x_wconf 78' lang='grc' dir='ltr'>τοσοῦτον</span> <span class='ocrx_word' id='word_1_562' title='bbox 1058 4117 1073 4140; x_wconf 96' lang='grc'><strong>,</strong></span> <span class='ocrx_word' id='word_1_563' title='bbox 1107 4075 1300 4128; x_wconf 87' lang='grc' dir='ltr'>ὁπόσον</span> <span class='ocrx_word' id='word_1_564' title='bbox 1332 4075 1426 4129; x_wconf 78' lang='grc' dir='ltr'><strong>καὶ</strong></span> <span class='ocrx_word' id='word_1_565' title='bbox 1477 4074 1672 4143; x_wconf 83' lang='grc' dir='ltr'>βούλο-</span> 
     </span>
    </p>
   </div>
   <div class='ocr_carea' id='block_1_76' title="bbox 120 4166 1668 4242">
    <p class='ocr_par' dir='ltr' id='par_1_76' title="bbox 120 4166 1668 4242">
     <span class='ocr_line' id='line_1_76' title="bbox 120 4166 1668 4242; baseline -0.003 -18"><span class='ocrx_word' id='word_1_566' title='bbox 120 4189 223 4239; x_wconf 70' lang='grc' dir='ltr'>μιι;</span> <span class='ocrx_word' id='word_1_567' title='bbox 253 4173 345 4235; x_wconf 82' lang='grc' dir='ltr'>Τίς</span> <span class='ocrx_word' id='word_1_568' title='bbox 393 4171 547 4242; x_wconf 80' lang='grc' dir='ltr'>ἀκοὴ</span> <span class='ocrx_word' id='word_1_569' title='bbox 586 4170 668 4240; x_wconf 82' lang='grc' dir='ltr'><strong>τῷ</strong></span> <span class='ocrx_word' id='word_1_570' title='bbox 700 4169 841 4239; x_wconf 82' lang='grc' dir='ltr'>λόγῳ</span> <span class='ocrx_word' id='word_1_571' title='bbox 893 4166 1482 4238; x_wconf 84' lang='grc' dir='ltr'>συμπροθυμηθήσεται</span> <span class='ocrx_word' id='word_1_572' title='bbox 1530 4167 1668 4237; x_wconf 87' lang='grc'>(77);</span> 
     </span>
    </p>
   </div>
   <div class='ocr_carea' id='block_1_77' title="bbox 115 4259 1674 4334">
    <p class='ocr_par' dir='ltr' id='par_1_77' title="bbox 115 4259 1674 4334">
     <span class='ocr_line' id='line_1_77' title="bbox 115 4259 1674 4334; baseline -0.003 -20"><span class='ocrx_word' id='word_1_573' title='bbox 115 4263 315 4334; x_wconf 75' lang='grc' dir='ltr'>Καὶγάρ</span> <span class='ocrx_word' id='word_1_574' title='bbox 343 4265 407 4316; x_wconf 83' lang='grc' dir='ltr'><strong>οὑ</strong></span> <span class='ocrx_word' id='word_1_575' title='bbox 441 4262 532 4334; x_wconf 84' lang='grc' dir='ltr'>τῷ</span> <span class='ocrx_word' id='word_1_576' title='bbox 573 4261 736 4331; x_wconf 84' lang='grc' dir='ltr'>Λόγῳ</span> <span class='ocrx_word' id='word_1_577' title='bbox 780 4261 936 4331; x_wconf 87' lang='grc' dir='ltr'>μόνον</span> <span class='ocrx_word' id='word_1_578' title='bbox 967 4261 999 4330; x_wconf 81' lang='grc' dir='ltr'>ἡ</span> <span class='ocrx_word' id='word_1_579' title='bbox 1037 4259 1123 4312; x_wconf 75' lang='grc' dir='ltr'>διὰ</span> <span class='ocrx_word' id='word_1_580' title='bbox 1155 4259 1312 4327; x_wconf 85' lang='grc' dir='ltr'>λόγου</span> <span class='ocrx_word' id='word_1_581' title='bbox 1362 4259 1472 4327; x_wconf 80' lang='grc'>(78)</span> <span class='ocrx_word' id='word_1_582' title='bbox 1515 4259 1674 4330; x_wconf 82' lang='grc' dir='ltr'>χάρις</span> 
     </span>
    </p>
   </div>
   <div class='ocr_carea' id='block_1_78' title="bbox 113 4345 1673 4427">
    <p class='ocr_par' dir='ltr' id='par_1_78' title="bbox 113 4345 1673 4427">
     <span class='ocr_line' id='line_1_78' title="bbox 113 4345 1673 4427; baseline -0.001 -23"><span class='ocrx_word' id='word_1_583' title='bbox 113 4355 380 4427; x_wconf 70' lang='grc' dir='ltr'>(ζιειοτάτη</span> <span class='ocrx_word' id='word_1_584' title='bbox 427 4355 583 4426; x_wconf 75' lang='grc' dir='ltr'>μετὰ</span> <span class='ocrx_word' id='word_1_585' title='bbox 607 4354 717 4406; x_wconf 81' lang='grc' dir='ltr'><strong>τῶν</strong></span> <span class='ocrx_word' id='word_1_586' title='bbox 740 4353 910 4407; x_wconf 81' lang='grc' dir='ltr'>ἄλλων</span> <span class='ocrx_word' id='word_1_587' title='bbox 932 4345 1006 4405; x_wconf 82' lang='grc' dir='ltr'>ὧν</span> <span class='ocrx_word' id='word_1_588' title='bbox 1024 4351 1363 4423; x_wconf 79' lang='grc' dir='ltr'>ὀνομάζεται,</span> <span class='ocrx_word' id='word_1_589' title='bbox 1387 4352 1480 4406; x_wconf 78' lang='grc' dir='ltr'><strong>καὶ</strong></span> <span class='ocrx_word' id='word_1_590' title='bbox 1504 4351 1673 4420; x_wconf 87' lang='grc' dir='ltr'>ταύτῃ</span> 
     </span>
    </p>
   </div>
   <div class='ocr_carea' id='block_1_79' title="bbox 111 4442 1673 4520">
    <p class='ocr_par' dir='ltr' id='par_1_79' title="bbox 111 4442 1673 4520">
     <span class='ocr_line' id='line_1_79' title="bbox 111 4442 1673 4520; baseline -0.001 -24"><span class='ocrx_word' id='word_1_591' title='bbox 111 4447 312 4516; x_wconf 65' lang='grc' dir='ltr'>χαίροντι</span> <span class='ocrx_word' id='word_1_592' title='bbox 338 4451 410 4519; x_wconf 82' lang='grc' dir='ltr'>τῇ</span> <span class='ocrx_word' id='word_1_593' title='bbox 444 4443 807 4520; x_wconf 83' lang='grc' dir='ltr'>προσηγορίᾳ</span> <span class='ocrx_word' id='word_1_594' title='bbox 838 4444 1198 4515; x_wconf 83' lang='grc' dir='ltr'>διαφερόντως</span> <span class='ocrx_word' id='word_1_595' title='bbox 1231 4444 1325 4498; x_wconf 71' lang='grc' dir='ltr'>καὶ</span> <span class='ocrx_word' id='word_1_596' title='bbox 1352 4446 1416 4513; x_wconf 83' lang='grc' dir='ltr'>τῇ</span> <span class='ocrx_word' id='word_1_597' title='bbox 1449 4442 1673 4512; x_wconf 85' lang='grc' dir='ltr'>δυνάμει</span> 
     </span>
    </p>
   </div>
   <div class='ocr_carea' id='block_1_80' title="bbox 112 4533 1674 4607">
    <p class='ocr_par' dir='ltr' id='par_1_80' title="bbox 112 4533 1674 4607">
     <span class='ocr_line' id='line_1_80' title="bbox 112 4533 1674 4607; baseline -0.001 -21"><span class='ocrx_word' id='word_1_598' title='bbox 112 4538 187 4607; x_wconf 63' lang='grc' dir='ltr'>τὴς</span> <span class='ocrx_word' id='word_1_599' title='bbox 220 4539 498 4603; x_wconf 62' lang='grc' dir='ltr'>κλίσεως·</span> <span class='ocrx_word' id='word_1_600' title='bbox 552 4537 702 4592; x_wconf 77' lang='grc' dir='ltr'>ἀλλὰ</span> <span class='ocrx_word' id='word_1_601' title='bbox 739 4535 972 4607; x_wconf 84' lang='grc' dir='ltr'>κάκείνῳ</span> <span class='ocrx_word' id='word_1_602' title='bbox 1006 4535 1290 4607; x_wconf 87' lang='grc' dir='ltr'>πρέπουσα</span> <span class='ocrx_word' id='word_1_603' title='bbox 1329 4535 1482 4604; x_wconf 85' lang='grc' dir='ltr'>δίκη,</span> <span class='ocrx_word' id='word_1_604' title='bbox 1533 4533 1674 4604; x_wconf 86' lang='grc' dir='ltr'>λόγῳ</span> 
     </span>
    </p>
   </div>
   <div class='ocr_carea' id='block_1_81' title="bbox 1852 3785 3336 3853">
    <p class='ocr_par' dir='ltr' id='par_1_81' title="bbox 1852 3785 3336 3853">
     <span class='ocr_line' id='line_1_81' title="bbox 1852 3785 3336 3853; baseline -0.003 0"><span class='ocrx_word' id='word_1_605' title='bbox 1852 3797 1940 3853; x_wconf 83' lang='lat' dir='ltr'><strong>1V.</strong></span> <span class='ocrx_word' id='word_1_606' title='bbox 1969 3797 2095 3852; x_wconf 81' lang='lat' dir='ltr'><strong>Mihi</strong></span> <span class='ocrx_word' id='word_1_607' title='bbox 2151 3805 2328 3853; x_wconf 87' lang='lat' dir='ltr'><strong>autem</strong></span> <span class='ocrx_word' id='word_1_608' title='bbox 2364 3797 2625 3852; x_wconf 89' lang='lat' dir='ltr'><strong>hodierno</strong></span> <span class='ocrx_word' id='word_1_609' title='bbox 2665 3797 2749 3850; x_wconf 89' lang='lat' dir='ltr'><strong>die</strong></span> <span class='ocrx_word' id='word_1_610' title='bbox 2791 3785 3113 3850; x_wconf 80' lang='lat' dir='ltr'><strong>sacriﬁcium</strong></span> <span class='ocrx_word' id='word_1_611' title='bbox 3167 3794 3336 3848; x_wconf 84' lang='lat' dir='ltr'><strong>laudis</strong></span> 
     </span>
    </p>
   </div>
   <div class='ocr_carea' id='block_1_82' title="bbox 1776 3886 3338 3958">
    <p class='ocr_par' dir='ltr' id='par_1_82' title="bbox 1776 3886 3338 3958">
     <span class='ocr_line' id='line_1_82' title="bbox 1776 3886 3338 3958; baseline -0.004 -13"><span class='ocrx_word' id='word_1_612' title='bbox 1776 3890 2100 3945; x_wconf 77' lang='lat' dir='ltr'><strong>sacrificanti</strong></span> <span class='ocrx_word' id='word_1_613' title='bbox 2126 3889 2190 3955; x_wconf 69' lang='grc'><strong>⁸⁷,</strong></span> <span class='ocrx_word' id='word_1_614' title='bbox 2238 3899 2397 3958; x_wconf 88' lang='lat' dir='ltr'><strong>atque</strong></span> <span class='ocrx_word' id='word_1_615' title='bbox 2448 3889 2784 3942; x_wconf 89' lang='lat' dir='ltr'><strong>incruentum</strong></span> <span class='ocrx_word' id='word_1_616' title='bbox 2827 3901 3132 3943; x_wconf 88' lang='lat' dir='ltr'><strong>sermonum</strong></span> <span class='ocrx_word' id='word_1_617' title='bbox 3175 3886 3338 3939; x_wconf 87' lang='lat' dir='ltr'><strong>hono-</strong></span> 
     </span>
    </p>
   </div>
   <div class='ocr_carea' id='block_1_83' title="bbox 1780 3978 3335 4049">
    <p class='ocr_par' dir='ltr' id='par_1_83' title="bbox 1780 3978 3335 4049">
     <span class='ocr_line' id='line_1_83' title="bbox 1780 3978 3335 4049; baseline -0.004 -13"><span class='ocrx_word' id='word_1_618' title='bbox 1780 3997 1888 4036; x_wconf 88' lang='lat' dir='ltr'><strong>rem</strong></span> <span class='ocrx_word' id='word_1_619' title='bbox 1920 3982 2028 4036; x_wconf 91' lang='lat' dir='ltr'><strong>Deo</strong></span> <span class='ocrx_word' id='word_1_620' title='bbox 2065 3981 2426 4043; x_wconf 88' lang='lat' dir='ltr'><strong>consecranti,</strong></span> <span class='ocrx_word' id='word_1_621' title='bbox 2461 3980 2582 4049; x_wconf 87' lang='lat' dir='ltr'><strong>quis</strong></span> <span class='ocrx_word' id='word_1_622' title='bbox 2626 3978 2888 4048; x_wconf 83' lang='lat' dir='ltr'><strong>ejusmodi</strong></span> <span class='ocrx_word' id='word_1_623' title='bbox 2929 3978 3198 4032; x_wconf 89' lang='lat' dir='ltr'><strong>theatrum</strong></span> <span class='ocrx_word' id='word_1_624' title='bbox 3237 3992 3335 4031; x_wconf 86' lang='lat' dir='ltr'><strong>ex-</strong></span> 
     </span>
    </p>
   </div>
   <div class='ocr_carea' id='block_1_84' title="bbox 1778 4069 3338 4142">
    <p class='ocr_par' dir='ltr' id='par_1_84' title="bbox 1778 4069 3338 4142">
     <span class='ocr_line' id='line_1_84' title="bbox 1778 4069 3338 4142; baseline -0.001 -16"><span class='ocrx_word' id='word_1_625' title='bbox 1778 4073 2015 4136; x_wconf 89' lang='lat' dir='ltr'><strong>hibebit,</strong></span> <span class='ocrx_word' id='word_1_626' title='bbox 2071 4072 2213 4141; x_wconf 91' lang='lat' dir='ltr'><strong>quod</strong></span> <span class='ocrx_word' id='word_1_627' title='bbox 2247 4072 2450 4142; x_wconf 74' lang='lat' dir='ltr'><strong>accepti</strong></span> <span class='ocrx_word' id='word_1_628' title='bbox 2493 4069 2746 4125; x_wconf 75' lang='lat' dir='ltr'><strong>beneficii</strong></span> <span class='ocrx_word' id='word_1_629' title='bbox 2788 4070 3205 4141; x_wconf 86' lang='lat' dir='ltr'><strong>magnitudinem</strong></span> <span class='ocrx_word' id='word_1_630' title='bbox 3244 4070 3338 4124; x_wconf 88' lang='lat' dir='ltr'><strong>ad-</strong></span> 
     </span>
    </p>
   </div>
   <div class='ocr_carea' id='block_1_85' title="bbox 1777 4163 3376 4250">
    <p class='ocr_par' dir='ltr' id='par_1_85' title="bbox 1777 4163 3376 4250">
     <span class='ocr_line' id='line_1_85' title="bbox 1777 4163 3376 4250; baseline -0.003 -29"><span class='ocrx_word' id='word_1_631' title='bbox 1777 4166 1990 4236; x_wconf 71' lang='lat' dir='ltr'><strong>aequet?</strong></span> <span class='ocrx_word' id='word_1_632' title='bbox 2017 4176 2108 4220; x_wconf 90' lang='lat' dir='ltr'><strong>aut</strong></span> <span class='ocrx_word' id='word_1_633' title='bbox 2141 4180 2258 4234; x_wconf 73' lang='lat' dir='ltr'><strong>quae</strong></span> <span class='ocrx_word' id='word_1_634' title='bbox 2298 4165 2498 4250; x_wconf 74' lang='lat' dir='ltr'><strong>lingua,</strong></span> <span class='ocrx_word' id='word_1_635' title='bbox 2532 4180 2627 4233; x_wconf 86' lang='lat' dir='ltr'><strong>pro</strong></span> <span class='ocrx_word' id='word_1_636' title='bbox 2654 4179 2718 4218; x_wconf 91' lang='lat' dir='ltr'><strong>eo</strong></span> <span class='ocrx_word' id='word_1_637' title='bbox 2751 4179 2814 4218; x_wconf 88' lang='lat' dir='ltr'><strong>ac</strong></span> <span class='ocrx_word' id='word_1_638' title='bbox 2841 4165 3016 4233; x_wconf 91' lang='lat' dir='ltr'><strong>cupio,</strong></span> <span class='ocrx_word' id='word_1_639' title='bbox 3057 4163 3216 4218; x_wconf 89' lang='lat' dir='ltr'><strong>simul</strong></span> <span class='ocrx_word' id='word_1_640' title='bbox 3253 4165 3338 4216; x_wconf 86' lang='lat' dir='ltr'><strong>in-</strong></span> <span class='ocrx_word' id='word_1_641' title='bbox 3369 4237 3376 4244; x_wconf 21' lang='grc' dir='ltr'><strong>ε</strong></span> 
     </span>
    </p>
   </div>
   <div class='ocr_carea' id='block_1_86' title="bbox 1779 4251 3335 4323">
    <p class='ocr_par' dir='ltr' id='par_1_86' title="bbox 1779 4251 3335 4323">
     <span class='ocr_line' id='line_1_86' title="bbox 1779 4251 3335 4323; baseline -0.003 -14"><span class='ocrx_word' id='word_1_642' title='bbox 1779 4255 2048 4310; x_wconf 83' lang='lat' dir='ltr'><strong>sonabit?</strong></span> <span class='ocrx_word' id='word_1_643' title='bbox 2083 4253 2210 4319; x_wconf 74' lang='lat' dir='ltr'><strong>Qua:</strong></span> <span class='ocrx_word' id='word_1_644' title='bbox 2264 4256 2412 4308; x_wconf 86' lang='lat' dir='ltr'><strong>auris</strong></span> <span class='ocrx_word' id='word_1_645' title='bbox 2460 4267 2640 4323; x_wconf 86' lang='lat' dir='ltr'><strong>parem</strong></span> <span class='ocrx_word' id='word_1_646' title='bbox 2707 4253 2940 4306; x_wconf 89' lang='lat' dir='ltr'><strong>sermoni</strong></span> <span class='ocrx_word' id='word_1_647' title='bbox 3005 4251 3335 4305; x_wconf 87' lang='lat' dir='ltr'><strong>alacritatem</strong></span> 
     </span>
    </p>
   </div>
   <div class='ocr_carea' id='block_1_87' title="bbox 1778 4342 3336 4414">
    <p class='ocr_par' dir='ltr' id='par_1_87' title="bbox 1778 4342 3336 4414">
     <span class='ocr_line' id='line_1_87' title="bbox 1778 4342 3336 4414; baseline -0.004 -14"><span class='ocrx_word' id='word_1_648' title='bbox 1778 4347 2001 4401; x_wconf 86' lang='lat' dir='ltr'><strong>allatura</strong></span> <span class='ocrx_word' id='word_1_649' title='bbox 2028 4354 2110 4400; x_wconf 89' lang='lat' dir='ltr'><strong>est</strong></span> <span class='ocrx_word' id='word_1_650' title='bbox 2135 4345 2158 4399; x_wconf 89' lang='lat'><strong>?</strong></span> <span class='ocrx_word' id='word_1_651' title='bbox 2187 4345 2369 4414; x_wconf 80' lang='lat' dir='ltr'><strong>Neque</strong></span> <span class='ocrx_word' id='word_1_652' title='bbox 2403 4345 2546 4399; x_wconf 90' lang='lat' dir='ltr'><strong>enim</strong></span> <span class='ocrx_word' id='word_1_653' title='bbox 2580 4347 2844 4398; x_wconf 81' lang='lat' dir='ltr'><strong>duntaxat</strong></span> <span class='ocrx_word' id='word_1_654' title='bbox 2884 4342 3077 4406; x_wconf 86' lang='lat' dir='ltr'><strong>Verbo,</strong></span> <span class='ocrx_word' id='word_1_655' title='bbox 3106 4357 3167 4396; x_wconf 89' lang='lat' dir='ltr'><strong>ea</strong></span> <span class='ocrx_word' id='word_1_656' title='bbox 3201 4343 3336 4409; x_wconf 83' lang='lat' dir='ltr'><strong>grati</strong></span> 
     </span>
    </p>
   </div>
   <div class='ocr_carea' id='block_1_88' title="bbox 1776 4433 3336 4507">
    <p class='ocr_par' dir='ltr' id='par_1_88' title="bbox 1776 4433 3336 4507">
     <span class='ocr_line' id='line_1_88' title="bbox 1776 4433 3336 4507; baseline -0.004 -12"><span class='ocrx_word' id='word_1_657' title='bbox 1776 4438 1940 4495; x_wconf 87' lang='lat' dir='ltr'><strong>animi</strong></span> <span class='ocrx_word' id='word_1_658' title='bbox 1953 4435 2293 4507; x_wconf 81' lang='lat' dir='ltr'><strong>signiﬁcatio,</strong></span> <span class='ocrx_word' id='word_1_659' title='bbox 2313 4451 2532 4506; x_wconf 66' lang='lat' dir='ltr'><strong>quaepcr</strong></span> <span class='ocrx_word' id='word_1_660' title='bbox 2545 4435 2705 4488; x_wconf 88' lang='lat' dir='ltr'><strong>verba</strong></span> <span class='ocrx_word' id='word_1_661' title='bbox 2722 4433 3044 4503; x_wconf 78' lang='lat' dir='ltr'><strong>rependitur,</strong></span> <span class='ocrx_word' id='word_1_662' title='bbox 3061 4433 3336 4502; x_wconf 82' lang='lat' dir='ltr'><strong>aptissima</strong></span> 
     </span>
    </p>
   </div>
   <div class='ocr_carea' id='block_1_89' title="bbox 1776 4518 3342 4600">
    <p class='ocr_par' dir='ltr' id='par_1_89' title="bbox 1776 4518 3342 4600">
     <span class='ocr_line' id='line_1_89' title="bbox 1776 4518 3342 4600; baseline -0.006 -14"><span class='ocrx_word' id='word_1_663' title='bbox 1776 4543 1828 4586; x_wconf 91' lang='lat' dir='ltr'><strong>et</strong></span> <span class='ocrx_word' id='word_1_664' title='bbox 1857 4518 2337 4600; x_wconf 72' lang='lat' dir='ltr'><strong>congrttetitissiitia</strong></span> <span class='ocrx_word' id='word_1_665' title='bbox 2364 4535 2466 4592; x_wconf 93' lang='lat' dir='ltr'><strong>est,</strong></span> <span class='ocrx_word' id='word_1_666' title='bbox 2487 4535 2671 4596; x_wconf 90' lang='lat' dir='ltr'><strong>utpote</strong></span> <span class='ocrx_word' id='word_1_667' title='bbox 2701 4537 2894 4595; x_wconf 72' lang='lat' dir='ltr'><strong>prmter</strong></span> <span class='ocrx_word' id='word_1_668' title='bbox 2919 4525 3020 4578; x_wconf 87' lang='lat' dir='ltr'><strong>alia</strong></span> <span class='ocrx_word' id='word_1_669' title='bbox 3053 4524 3342 4591; x_wconf 68' lang='lat' dir='ltr'><strong>vocabula,</strong></span> 
     </span>
    </p>
   </div>
   <div class='ocr_carea' id='block_1_90' title="bbox 160 4668 2365 4746">
    <p class='ocr_par' dir='ltr' id='par_1_90' title="bbox 160 4668 2365 4746">
     <span class='ocr_line' id='line_1_90' title="bbox 160 4668 2365 4746; baseline -0.007 -11"><span class='ocrx_word' id='word_1_670' title='bbox 160 4679 351 4736; x_wconf 77' lang='lat' dir='ltr'><strong>“Psal.</strong></span> <span class='ocrx_word' id='word_1_671' title='bbox 391 4695 601 4746; x_wconf 78' lang='lat' dir='ltr'><strong>Lxxxr,</strong></span> <span class='ocrx_word' id='word_1_672' title='bbox 633 4679 688 4734; x_wconf 84' lang='lat'><strong>5.</strong></span> <span class='ocrx_word' id='word_1_673' title='bbox 765 4677 810 4710; x_wconf 77' lang='lat'><strong>&quot;</strong></span> <span class='ocrx_word' id='word_1_674' title='bbox 839 4677 979 4732; x_wconf 83' lang='lat' dir='ltr'><strong>Psal.</strong></span> <span class='ocrx_word' id='word_1_675' title='bbox 1006 4692 1187 4743; x_wconf 81' lang='lat' dir='ltr'><strong>xxxvr,</strong></span> <span class='ocrx_word' id='word_1_676' title='bbox 1216 4676 1272 4734; x_wconf 78' lang='lat'><strong>2.</strong></span> <span class='ocrx_word' id='word_1_677' title='bbox 1350 4677 1396 4709; x_wconf 81' lang='lat'>“</span> <span class='ocrx_word' id='word_1_678' title='bbox 1442 4675 1584 4732; x_wconf 89' lang='lat' dir='ltr'><strong>Psal.</strong></span> <span class='ocrx_word' id='word_1_679' title='bbox 1612 4691 1686 4741; x_wconf 82' lang='lat' dir='ltr'><strong>rx,</strong></span> <span class='ocrx_word' id='word_1_680' title='bbox 1728 4674 1782 4728; x_wconf 88' lang='lat'><strong>7.</strong></span> <span class='ocrx_word' id='word_1_681' title='bbox 1855 4673 1898 4705; x_wconf 72' lang='grc'><strong>⁵⁷</strong></span> <span class='ocrx_word' id='word_1_682' title='bbox 1927 4671 2068 4727; x_wconf 88' lang='lat' dir='ltr'><strong>Psal.</strong></span> <span class='ocrx_word' id='word_1_683' title='bbox 2095 4685 2240 4736; x_wconf 72' lang='lat' dir='ltr'><strong>XLIX,</strong></span> <span class='ocrx_word' id='word_1_684' title='bbox 2277 4668 2365 4722; x_wconf 72' lang='lat'><strong>25.</strong></span> 
     </span>
    </p>
   </div>
   <div class='ocr_carea' id='block_1_91' title="bbox 161 4830 1670 4906">
    <p class='ocr_par' dir='ltr' id='par_1_91' title="bbox 161 4831 1664 4906">
     <span class='ocr_line' id='line_1_91' title="bbox 161 4831 1664 4906; baseline -0.002 -17"><span class='ocrx_word' id='word_1_685' title='bbox 161 4837 258 4906; x_wconf 76' lang='grc'>(67)</span> <span class='ocrx_word' id='word_1_686' title='bbox 297 4839 490 4891; x_wconf 80' lang='grc' dir='ltr'>Ὅσον</span> <span class='ocrx_word' id='word_1_687' title='bbox 509 4840 571 4892; x_wconf 85' lang='grc' dir='ltr'>ό.</span> <span class='ocrx_word' id='word_1_688' title='bbox 590 4835 672 4890; x_wconf 89' lang='lat' dir='ltr'><strong>Ita</strong></span> <span class='ocrx_word' id='word_1_689' title='bbox 689 4844 919 4906; x_wconf 89' lang='lat' dir='ltr'><strong>quatuor</strong></span> <span class='ocrx_word' id='word_1_690' title='bbox 945 4835 1136 4906; x_wconf 87' lang='lat' dir='ltr'><strong>Regg.,</strong></span> <span class='ocrx_word' id='word_1_691' title='bbox 1163 4842 1269 4890; x_wconf 90' lang='lat' dir='ltr'><strong>tres</strong></span> <span class='ocrx_word' id='word_1_692' title='bbox 1293 4833 1446 4890; x_wconf 88' lang='lat' dir='ltr'><strong>Colb.</strong></span> <span class='ocrx_word' id='word_1_693' title='bbox 1469 4831 1664 4888; x_wconf 90' lang='lat' dir='ltr'><strong>etedit.</strong></span> 
     </span>
    </p>
   </div>
   <div class='ocr_carea' id='block_1_92' title="bbox 1788 4830 1925 4906">
    <p class='ocr_par' dir='ltr' id='par_1_92' title="bbox 1790 4831 1925 4906">
     <span class='ocr_line' id='line_1_92' title="bbox 1790 4831 1925 4906; baseline -0.03 -22"><span class='ocrx_word' id='word_1_694' title='bbox 1790 4831 1925 4906; x_wconf 67' lang='lat' dir='ltr'><strong>or_!_»</strong></span> 
     </span>
    </p>
   </div>
   <div class='ocr_carea' id='block_1_93' title="bbox 108 4903 878 4962">
    <p class='ocr_par' dir='ltr' id='par_1_93' title="bbox 108 4903 878 4962">
     <span class='ocr_line' id='line_1_93' title="bbox 108 4903 878 4962; baseline 0.008 -10"><span class='ocrx_word' id='word_1_695' title='bbox 108 4903 200 4957; x_wconf 76' lang='grc' dir='ltr'><strong>ΛιιΙί</strong></span> <span class='ocrx_word' id='word_1_696' title='bbox 236 4903 368 4960; x_wconf 69' lang='lat' dir='ltr'><strong>Man.</strong></span> <span class='ocrx_word' id='word_1_697' title='bbox 402 4908 577 4962; x_wconf 89' lang='lat' dir='ltr'><strong>Deest</strong></span> <span class='ocrx_word' id='word_1_698' title='bbox 610 4909 644 4958; x_wconf 86' lang='lat'><em>6</em></span> <span class='ocrx_word' id='word_1_699' title='bbox 675 4903 726 4958; x_wconf 81' lang='lat' dir='ltr'><strong>in</strong></span> <span class='ocrx_word' id='word_1_700' title='bbox 759 4907 878 4960; x_wconf 91' lang='lat' dir='ltr'><strong>Par.</strong></span> 
     </span>
    </p>
   </div>
   <div class='ocr_carea' id='block_1_94' title="bbox 162 4973 1668 5043">
    <p class='ocr_par' dir='ltr' id='par_1_94' title="bbox 162 4973 1668 5043">
     <span class='ocr_line' id='line_1_94' title="bbox 162 4973 1668 5043; baseline -0.003 -14"><span class='ocrx_word' id='word_1_701' title='bbox 162 4976 260 5043; x_wconf 77' lang='lat'><strong>(68)</strong></span> <span class='ocrx_word' id='word_1_702' title='bbox 294 4978 366 5029; x_wconf 83' lang='lat' dir='ltr'><strong><em>El</em></strong></span> <span class='ocrx_word' id='word_1_703' title='bbox 407 4995 505 5043; x_wconf 85' lang='grc' dir='ltr'><strong>τις</strong></span> <span class='ocrx_word' id='word_1_704' title='bbox 553 4977 870 5041; x_wconf 83' lang='grc' dir='ltr'>αἴσθησις.</span> <span class='ocrx_word' id='word_1_705' title='bbox 931 4994 948 5025; x_wconf 75' lang='grc' dir='ltr'><strong>ι</strong></span> <span class='ocrx_word' id='word_1_706' title='bbox 982 4974 1038 5027; x_wconf 89' lang='lat' dir='ltr'><strong>Si</strong></span> <span class='ocrx_word' id='word_1_707' title='bbox 1094 4975 1220 5040; x_wconf 87' lang='lat' dir='ltr'><strong>quid</strong></span> <span class='ocrx_word' id='word_1_708' title='bbox 1261 4973 1507 5043; x_wconf 79' lang='lat' dir='ltr'><strong>defuncti</strong></span> <span class='ocrx_word' id='word_1_709' title='bbox 1541 4986 1668 5043; x_wconf 71' lang='lat' dir='ltr'><strong>sett-</strong></span> 
     </span>
    </p>
   </div>
   <div class='ocr_carea' id='block_1_95' title="bbox 110 5041 1667 5108">
    <p class='ocr_par' dir='ltr' id='par_1_95' title="bbox 110 5041 1667 5108">
     <span class='ocr_line' id='line_1_95' title="bbox 110 5041 1667 5108; baseline -0.003 -13"><span class='ocrx_word' id='word_1_710' title='bbox 110 5041 272 5100; x_wconf 51' lang='lat' dir='ltr'><strong>Iiant.)</strong></span> <span class='ocrx_word' id='word_1_711' title='bbox 316 5049 411 5102; x_wconf 86' lang='lat' dir='ltr'><strong>Sic</strong></span> <span class='ocrx_word' id='word_1_712' title='bbox 463 5041 752 5100; x_wconf 59' lang='lat' dir='ltr'><strong>Isne-rates</strong></span> <span class='ocrx_word' id='word_1_713' title='bbox 789 5045 975 5099; x_wconf 87' lang='lat' dir='ltr'><strong>iisdem</strong></span> <span class='ocrx_word' id='word_1_714' title='bbox 1017 5045 1218 5105; x_wconf 82' lang='lat' dir='ltr'><strong>verbis,</strong></span> <span class='ocrx_word' id='word_1_715' title='bbox 1263 5045 1354 5097; x_wconf 89' lang='lat' dir='ltr'><strong>sed</strong></span> <span class='ocrx_word' id='word_1_716' title='bbox 1390 5042 1546 5108; x_wconf 85' lang='lat' dir='ltr'><strong>paulo</strong></span> <span class='ocrx_word' id='word_1_717' title='bbox 1590 5041 1667 5093; x_wconf 87' lang='lat' dir='ltr'><strong>l&#39;u-</strong></span> 
     </span>
    </p>
   </div>
   <div class='ocr_carea' id='block_1_96' title="bbox 110 5111 1668 5186">
    <p class='ocr_par' dir='ltr' id='par_1_96' title="bbox 110 5111 1668 5186">
     <span class='ocr_line' id='line_1_96' title="bbox 110 5111 1668 5186; baseline 0.001 -24"><span class='ocrx_word' id='word_1_718' title='bbox 110 5116 230 5186; x_wconf 74' lang='lat' dir='ltr'><strong>sius:</strong></span> <span class='ocrx_word' id='word_1_719' title='bbox 264 5119 327 5170; x_wconf 79' lang='grc' dir='ltr'><strong>Εἴ</strong></span> <span class='ocrx_word' id='word_1_720' title='bbox 359 5135 448 5181; x_wconf 88' lang='grc' dir='ltr'><strong>τις</strong></span> <span class='ocrx_word' id='word_1_721' title='bbox 485 5117 657 5169; x_wconf 77' lang='grc' dir='ltr'>ἔστιν</span> <span class='ocrx_word' id='word_1_722' title='bbox 689 5114 1073 5186; x_wconf 18' lang='grc' dir='ltr'>αῖσθησιςίτοῖς</span> <span class='ocrx_word' id='word_1_723' title='bbox 1103 5111 1510 5186; x_wconf 80' lang='grc' dir='ltr'>τετελευτηκόσι</span> <span class='ocrx_word' id='word_1_724' title='bbox 1541 5111 1668 5186; x_wconf 77' lang='grc' dir='ltr'>περὶ</span> 
     </span>
    </p>
   </div>
   <div class='ocr_carea' id='block_1_97' title="bbox 105 5182 1668 5255">
    <p class='ocr_par' dir='ltr' id='par_1_97' title="bbox 105 5182 1668 5255">
     <span class='ocr_line' id='line_1_97' title="bbox 105 5182 1668 5255; baseline -0.002 -21"><span class='ocrx_word' id='word_1_725' title='bbox 105 5183 192 5255; x_wconf 72' lang='grc' dir='ltr'>τῶν</span> <span class='ocrx_word' id='word_1_726' title='bbox 219 5187 402 5240; x_wconf 73' lang='grc' dir='ltr'>ἐνθάδε</span> <span class='ocrx_word' id='word_1_727' title='bbox 460 5182 848 5255; x_wconf 69' lang='grc' dir='ltr'><strong>γιγνομὲνων.⁷</strong></span> <span class='ocrx_word' id='word_1_728' title='bbox 887 5204 904 5236; x_wconf 78' lang='grc' dir='ltr'><strong>ι</strong></span> <span class='ocrx_word' id='word_1_729' title='bbox 931 5185 985 5255; x_wconf 81' lang='lat' dir='ltr'><strong>Si</strong></span> <span class='ocrx_word' id='word_1_730' title='bbox 1035 5184 1159 5252; x_wconf 87' lang='lat' dir='ltr'><strong>quid</strong></span> <span class='ocrx_word' id='word_1_731' title='bbox 1199 5182 1382 5255; x_wconf 79' lang='lat' dir='ltr'><strong>eorum</strong></span> <span class='ocrx_word' id='word_1_732' title='bbox 1429 5182 1668 5255; x_wconf 40' lang='lat' dir='ltr'><strong>quae‘ltic</strong></span> 
     </span>
    </p>
   </div>
   <div class='ocr_carea' id='block_1_98' title="bbox 107 5241 1667 5373">
    <p class='ocr_par' dir='ltr' id='par_1_98' title="bbox 107 5241 1667 5373">
     <span class='ocr_line' id='line_1_98' title="bbox 107 5241 1667 5373; baseline -0.002 -67"><span class='ocrx_word' id='word_1_733' title='bbox 107 5253 216 5373; x_wconf 58' lang='grc' dir='ltr'>ἓιιιιι</span> <span class='ocrx_word' id='word_1_734' title='bbox 264 5241 512 5312; x_wconf 71' lang='grc' dir='ltr'>ιιεῐυιιείί</span> <span class='ocrx_word' id='word_1_735' title='bbox 541 5241 884 5312; x_wconf 65' lang='grc' dir='ltr'>ἐεὶιιὶδιιι.»</span> <span class='ocrx_word' id='word_1_736' title='bbox 940 5241 1287 5309; x_wconf 72' lang='grc' dir='ltr'>Οι·.’ίυιιειπὶ</span> <span class='ocrx_word' id='word_1_737' title='bbox 1350 5254 1401 5305; x_wconf 89' lang='lat' dir='ltr'><strong>iu</strong></span> <span class='ocrx_word' id='word_1_738' title='bbox 1447 5241 1667 5306; x_wconf 69' lang='lat' dir='ltr'><strong>laudem</strong></span> 
     </span>
     <span class='ocr_line' id='line_1_99' title="bbox 145 5338 355 5373; baseline 0 0"><span class='ocrx_word' id='word_1_739' title='bbox 145 5338 355 5373; x_wconf 64' lang='lat' dir='ltr'><strong>ratione-</strong></span> 
     </span>
    </p>
   </div>
   <div class='ocr_carea' id='block_1_99' title="bbox 145 5338 355 5390">
    <p class='ocr_par' dir='ltr' id='par_1_99' title="bbox 145 5338 355 5390">
     <span class='ocr_line' id='line_1_100' title="bbox 145 5338 355 5390; baseline 0.029 -16"><span class='ocrx_word' id='word_1_740' title='bbox 145 5338 355 5390; x_wconf 56' lang='grc' dir='ltr'>ηαστε.</span> 
     </span>
    </p>
   </div>
   <div class='ocr_carea' id='block_1_100' title="bbox 159 5393 1139 5463">
    <p class='ocr_par' dir='ltr' id='par_1_100' title="bbox 159 5393 1139 5463">
     <span class='ocr_line' id='line_1_101' title="bbox 159 5393 1139 5463; baseline -0.001 -17"><span class='ocrx_word' id='word_1_741' title='bbox 159 5395 258 5463; x_wconf 79' lang='grc'>(69)</span> <span class='ocrx_word' id='word_1_742' title='bbox 301 5398 476 5452; x_wconf 81' lang='grc' dir='ltr'>Ὅσαι</span> <span class='ocrx_word' id='word_1_743' title='bbox 514 5414 611 5450; x_wconf 85' lang='grc' dir='ltr'>τε.</span> <span class='ocrx_word' id='word_1_744' title='bbox 662 5393 898 5448; x_wconf 83' lang='lat' dir='ltr'><strong>Combef.</strong></span> <span class='ocrx_word' id='word_1_745' title='bbox 923 5394 1034 5447; x_wconf 82' lang='grc' dir='ltr'>ὅσοι</span> <span class='ocrx_word' id='word_1_746' title='bbox 1062 5409 1139 5463; x_wconf 62' lang='grc' dir='ltr'><strong>τε,</strong></span> 
     </span>
    </p>
   </div>
   <div class='ocr_carea' id='block_1_101' title="bbox 162 5459 1670 5533">
    <p class='ocr_par' dir='ltr' id='par_1_101' title="bbox 162 5459 1670 5533">
     <span class='ocr_line' id='line_1_102' title="bbox 162 5459 1670 5533; baseline -0.004 -16"><span class='ocrx_word' id='word_1_747' title='bbox 162 5459 260 5533; x_wconf 73' lang='grc' dir='ltr'>(Ἶθ)</span> <span class='ocrx_word' id='word_1_748' title='bbox 304 5467 415 5520; x_wconf 86' lang='grc' dir='ltr'><strong>Τοῦ</strong></span> <span class='ocrx_word' id='word_1_749' title='bbox 456 5467 556 5531; x_wconf 76' lang='grc' dir='ltr'><strong>δέ,</strong></span> <span class='ocrx_word' id='word_1_750' title='bbox 581 5476 701 5521; x_wconf 87' lang='lat' dir='ltr'><strong>etc.</strong></span> <span class='ocrx_word' id='word_1_751' title='bbox 733 5465 970 5518; x_wconf 76' lang='lat' dir='ltr'><strong>Combef.</strong></span> <span class='ocrx_word' id='word_1_752' title='bbox 995 5462 1088 5515; x_wconf 77' lang='grc' dir='ltr'>τοῦ</span> <span class='ocrx_word' id='word_1_753' title='bbox 1117 5461 1173 5514; x_wconf 86' lang='grc' dir='ltr'>δέ</span> <span class='ocrx_word' id='word_1_754' title='bbox 1199 5479 1284 5530; x_wconf 89' lang='grc' dir='ltr'>γε.</span> <span class='ocrx_word' id='word_1_755' title='bbox 1323 5479 1339 5511; x_wconf 80' lang='grc' dir='ltr'><strong>ι</strong></span> <span class='ocrx_word' id='word_1_756' title='bbox 1361 5459 1670 5533; x_wconf 65' lang='lat' dir='ltr'><strong>Illiusetiim</strong></span> 
     </span>
    </p>
   </div>
   <div class='ocr_carea' id='block_1_102' title="bbox 107 5530 1669 5602">
    <p class='ocr_par' dir='ltr' id='par_1_102' title="bbox 107 5530 1669 5602">
     <span class='ocr_line' id='line_1_103' title="bbox 107 5530 1669 5602; baseline -0.001 -19"><span class='ocrx_word' id='word_1_757' title='bbox 107 5530 213 5585; x_wconf 67' lang='lat' dir='ltr'><strong>vero</strong></span> <span class='ocrx_word' id='word_1_758' title='bbox 245 5530 503 5590; x_wconf 80' lang='lat' dir='ltr'><strong>maxime</strong></span> <span class='ocrx_word' id='word_1_759' title='bbox 541 5530 843 5596; x_wconf 80' lang='lat' dir='ltr'><strong>omnium,</strong></span> <span class='ocrx_word' id='word_1_760' title='bbox 895 5544 1094 5602; x_wconf 85' lang='lat' dir='ltr'><strong>quanto</strong></span> <span class='ocrx_word' id='word_1_761' title='bbox 1151 5547 1254 5585; x_wconf 87' lang='lat' dir='ltr'><strong>una</strong></span> <span class='ocrx_word' id='word_1_762' title='bbox 1302 5546 1420 5602; x_wconf 89' lang='lat' dir='ltr'><strong>cum</strong></span> <span class='ocrx_word' id='word_1_763' title='bbox 1467 5530 1669 5584; x_wconf 86' lang='lat' dir='ltr'><strong>Christi</strong></span> 
     </span>
    </p>
   </div>
   <div class='ocr_carea' id='block_1_103' title="bbox 107 5601 1672 5672">
    <p class='ocr_par' dir='ltr' id='par_1_103' title="bbox 107 5601 1672 5672">
     <span class='ocr_line' id='line_1_104' title="bbox 107 5601 1672 5672; baseline -0.001 -16"><span class='ocrx_word' id='word_1_764' title='bbox 107 5603 398 5662; x_wconf 64' lang='lat' dir='ltr'><strong>hereditate</strong></span> <span class='ocrx_word' id='word_1_765' title='bbox 439 5609 746 5668; x_wconf 85' lang='lat' dir='ltr'><strong>adauctus,</strong></span> <span class='ocrx_word' id='word_1_766' title='bbox 770 5601 941 5671; x_wconf 78' lang='lat' dir='ltr'><strong>eaque</strong></span> <span class='ocrx_word' id='word_1_767' title='bbox 973 5617 1066 5672; x_wconf 91' lang='lat' dir='ltr'><strong>pro</strong></span> <span class='ocrx_word' id='word_1_768' title='bbox 1094 5602 1294 5656; x_wconf 80' lang='lat' dir='ltr'><strong>viribus</strong></span> <span class='ocrx_word' id='word_1_769' title='bbox 1325 5601 1570 5665; x_wconf 89' lang='lat' dir='ltr'><strong>adaucta,</strong></span> <span class='ocrx_word' id='word_1_770' title='bbox 1611 5615 1672 5654; x_wconf 88' lang='lat' dir='ltr'><strong>ac</strong></span> 
     </span>
    </p>
   </div>
   <div class='ocr_carea' id='block_1_104' title="bbox 109 5673 1156 5740">
    <p class='ocr_par' dir='ltr' id='par_1_104' title="bbox 109 5673 1156 5740">
     <span class='ocr_line' id='line_1_105' title="bbox 109 5673 1156 5740; baseline 0 -17"><span class='ocrx_word' id='word_1_771' title='bbox 109 5678 338 5740; x_wconf 86' lang='lat' dir='ltr'><strong>temporis</strong></span> <span class='ocrx_word' id='word_1_772' title='bbox 364 5677 746 5730; x_wconf 87' lang='lat' dir='ltr'><strong>diuturnitate</strong></span> <span class='ocrx_word' id='word_1_773' title='bbox 775 5673 1112 5726; x_wconf 73' lang='lat' dir='ltr'><strong>coiilirmata.</strong></span> <span class='ocrx_word' id='word_1_774' title='bbox 1139 5691 1156 5723; x_wconf 77' lang='grc' dir='ltr'><strong>ι</strong></span> 
     </span>
    </p>
   </div>
   <div class='ocr_carea' id='block_1_105' title="bbox 164 5739 1675 5816">
    <p class='ocr_par' dir='ltr' id='par_1_105' title="bbox 164 5739 1675 5816">
     <span class='ocr_line' id='line_1_106' title="bbox 164 5739 1675 5816; baseline -0.001 -22"><span class='ocrx_word' id='word_1_775' title='bbox 164 5741 264 5813; x_wconf 84' lang='grc'>(71)</span> <span class='ocrx_word' id='word_1_776' title='bbox 306 5746 368 5798; x_wconf 85' lang='grc' dir='ltr'>Ὤ</span> <span class='ocrx_word' id='word_1_777' title='bbox 408 5745 544 5816; x_wconf 66' lang='grc' dir='ltr'>τῆς</span> <span class='ocrx_word' id='word_1_778' title='bbox 578 5742 897 5810; x_wconf 69' lang='grc' dir='ltr'>ἐπηρείας]</span> <span class='ocrx_word' id='word_1_779' title='bbox 931 5743 1156 5816; x_wconf 37' lang='grc' dir='ltr'>ῌίηκιο</span> <span class='ocrx_word' id='word_1_780' title='bbox 1189 5756 1403 5816; x_wconf 62' lang='lat' dir='ltr'><strong>gravem</strong></span> <span class='ocrx_word' id='word_1_781' title='bbox 1451 5739 1675 5816; x_wconf 75' lang='lat' dir='ltr'><strong>impres-</strong></span> 
     </span>
    </p>
   </div>
   <div class='ocr_carea' id='block_1_106' title="bbox 111 5810 1675 5876">
    <p class='ocr_par' dir='ltr' id='par_1_106' title="bbox 111 5810 1675 5876">
     <span class='ocr_line' id='line_1_107' title="bbox 111 5810 1675 5876; baseline -0.001 -10"><span class='ocrx_word' id='word_1_782' title='bbox 111 5810 316 5870; x_wconf 80' lang='lat' dir='ltr'><strong>tiancin!</strong></span> <span class='ocrx_word' id='word_1_783' title='bbox 350 5836 369 5870; x_wconf 75' lang='grc' dir='ltr'><strong>ι</strong></span> <span class='ocrx_word' id='word_1_784' title='bbox 391 5810 604 5874; x_wconf 73' lang='lat' dir='ltr'><strong>Camb.</strong></span> <span class='ocrx_word' id='word_1_785' title='bbox 652 5833 672 5866; x_wconf 77' lang='grc' dir='ltr'><strong>ι</strong></span> <span class='ocrx_word' id='word_1_786' title='bbox 697 5813 960 5870; x_wconf 80' lang='lat' dir='ltr'><strong>onoxam!</strong></span> <span class='ocrx_word' id='word_1_787' title='bbox 989 5832 1006 5863; x_wconf 86' lang='grc'><strong>›</strong></span> <span class='ocrx_word' id='word_1_788' title='bbox 1053 5810 1208 5868; x_wconf 51' lang='lat' dir='ltr'><strong>Edit.‘</strong></span> <span class='ocrx_word' id='word_1_789' title='bbox 1225 5811 1346 5868; x_wconf 90' lang='lat' dir='ltr'><strong>Bas.</strong></span> <span class='ocrx_word' id='word_1_790' title='bbox 1382 5828 1400 5862; x_wconf 72' lang='grc' dir='ltr'><strong>ι</strong></span> <span class='ocrx_word' id='word_1_791' title='bbox 1425 5812 1555 5876; x_wconf 83' lang='lat' dir='ltr'><strong>proh</strong></span> <span class='ocrx_word' id='word_1_792' title='bbox 1589 5811 1675 5865; x_wconf 91' lang='lat' dir='ltr'><strong>do-</strong></span> 
     </span>
    </p>
   </div>
   <div class='ocr_carea' id='block_1_107' title="bbox 1847 4890 3336 4968">
    <p class='ocr_par' dir='ltr' id='par_1_107' title="bbox 1847 4890 3336 4968">
     <span class='ocr_line' id='line_1_108' title="bbox 1847 4890 3336 4968; baseline -0.005 -17"><span class='ocrx_word' id='word_1_793' title='bbox 1847 4899 1970 4968; x_wconf 69' lang='lat'><strong>(72)</strong></span> <span class='ocrx_word' id='word_1_794' title='bbox 2008 4894 2394 4968; x_wconf 59' lang='lat' dir='ltr'><strong>Bao&#39;tleﬁo&#39;cy.</strong></span> <span class='ocrx_word' id='word_1_795' title='bbox 2451 4891 2632 4968; x_wconf 74' lang='lat' dir='ltr'><strong>Schol.</strong></span> <span class='ocrx_word' id='word_1_796' title='bbox 2696 4890 3021 4968; x_wconf 78' lang='grc' dir='ltr'>Βασιλεῦσαι</span> <span class='ocrx_word' id='word_1_797' title='bbox 3053 4892 3336 4968; x_wconf 47' lang='grc' dir='ltr'>Αποιῆσαι,</span> 
     </span>
    </p>
   </div>
   <div class='ocr_carea' id='block_1_108' title="bbox 1776 4960 3340 5036">
    <p class='ocr_par' dir='ltr' id='par_1_108' title="bbox 1776 4960 3340 5036">
     <span class='ocr_line' id='line_1_109' title="bbox 1776 4960 3340 5036; baseline -0.005 -14"><span class='ocrx_word' id='word_1_798' title='bbox 1776 4960 1958 5024; x_wconf 77' lang='lat' dir='ltr'><strong>Recte</strong></span> <span class='ocrx_word' id='word_1_799' title='bbox 1982 4969 2196 5036; x_wconf 84' lang='lat' dir='ltr'><strong>quidem</strong></span> <span class='ocrx_word' id='word_1_800' title='bbox 2233 4966 2297 5017; x_wconf 90' lang='lat' dir='ltr'><strong>ad</strong></span> <span class='ocrx_word' id='word_1_801' title='bbox 2327 4961 2568 5036; x_wconf 67' lang='lat' dir='ltr'><strong>Gregorii</strong></span> <span class='ocrx_word' id='word_1_802' title='bbox 2605 4971 2838 5015; x_wconf 90' lang='lat' dir='ltr'><strong>mentem</strong></span> <span class='ocrx_word' id='word_1_803' title='bbox 2863 4972 2916 5014; x_wconf 92' lang='lat' dir='ltr'><strong>et</strong></span> <span class='ocrx_word' id='word_1_804' title='bbox 2953 4965 3018 5014; x_wconf 89' lang='lat' dir='ltr'><strong>ad</strong></span> <span class='ocrx_word' id='word_1_805' title='bbox 3051 4960 3340 5031; x_wconf 67' lang='lat' dir='ltr'><strong>Scriptura:</strong></span> 
     </span>
    </p>
   </div>
   <div class='ocr_carea' id='block_1_109' title="bbox 1773 5033 2474 5103">
    <p class='ocr_par' dir='ltr' id='par_1_109' title="bbox 1773 5033 2474 5103">
     <span class='ocr_line' id='line_1_110' title="bbox 1773 5033 2474 5103; baseline -0.014 -9"><span class='ocrx_word' id='word_1_806' title='bbox 1773 5033 2054 5103; x_wconf 10' lang='lat' dir='ltr'><strong>sensulnﬁrl</strong></span> <span class='ocrx_word' id='word_1_807' title='bbox 2080 5036 2210 5103; x_wconf 81' lang='lat' dir='ltr'><strong>Reg.</strong></span> <span class='ocrx_word' id='word_1_808' title='bbox 2239 5050 2356 5096; x_wconf 89' lang='lat' dir='ltr'><strong>vm,</strong></span> <span class='ocrx_word' id='word_1_809' title='bbox 2387 5033 2474 5086; x_wconf 73' lang='grc'><strong>22.</strong></span> 
     </span>
    </p>
   </div>
   <div class='ocr_carea' id='block_1_110' title="bbox 1844 5102 3340 5179">
    <p class='ocr_par' dir='ltr' id='par_1_110' title="bbox 1844 5102 3340 5179">
     <span class='ocr_line' id='line_1_111' title="bbox 1844 5102 3340 5179; baseline -0.005 -19"><span class='ocrx_word' id='word_1_810' title='bbox 1844 5108 1956 5179; x_wconf 76' lang='lat'><strong>(&#39;73)</strong></span> <span class='ocrx_word' id='word_1_811' title='bbox 1993 5102 2108 5161; x_wconf 78' lang='grc' dir='ltr'>Ὧν</span> <span class='ocrx_word' id='word_1_812' title='bbox 2133 5102 2182 5179; x_wconf 60' lang='grc' dir='ltr'><strong>ξι)</strong></span> <span class='ocrx_word' id='word_1_813' title='bbox 2221 5103 2557 5172; x_wconf 79' lang='grc' dir='ltr'>περιουσία.</span> <span class='ocrx_word' id='word_1_814' title='bbox 2616 5121 2633 5152; x_wconf 76' lang='grc' dir='ltr'><strong>ι</strong></span> <span class='ocrx_word' id='word_1_815' title='bbox 2665 5102 2898 5169; x_wconf 85' lang='lat' dir='ltr'><strong>Quorum</strong></span> <span class='ocrx_word' id='word_1_816' title='bbox 2945 5103 3094 5169; x_wconf 86' lang='lat' dir='ltr'><strong>copia</strong></span> <span class='ocrx_word' id='word_1_817' title='bbox 3133 5111 3188 5156; x_wconf 86' lang='lat' dir='ltr'><strong>et</strong></span> <span class='ocrx_word' id='word_1_818' title='bbox 3238 5103 3340 5163; x_wconf 71' lang='lat' dir='ltr'><strong>vis,</strong></span> 
     </span>
    </p>
   </div>
   <div class='ocr_carea' id='block_1_111' title="bbox 1776 5176 2381 5246">
    <p class='ocr_par' dir='ltr' id='par_1_111' title="bbox 1776 5176 2381 5246">
     <span class='ocr_line' id='line_1_112' title="bbox 1776 5176 2381 5246; baseline -0.013 -13"><span class='ocrx_word' id='word_1_819' title='bbox 1776 5176 2067 5246; x_wconf 75' lang='lat' dir='ltr'><strong>impietatis</strong></span> <span class='ocrx_word' id='word_1_820' title='bbox 2096 5176 2175 5229; x_wconf 90' lang='lat' dir='ltr'><strong>vis</strong></span> <span class='ocrx_word' id='word_1_821' title='bbox 2204 5185 2339 5246; x_wconf 79' lang='lat' dir='ltr'><strong>erat.</strong></span> <span class='ocrx_word' id='word_1_822' title='bbox 2363 5192 2381 5225; x_wconf 78' lang='grc' dir='ltr'><strong>ι</strong></span> 
     </span>
    </p>
   </div>
   <div class='ocr_carea' id='block_1_112' title="bbox 1845 5240 3336 5364">
    <p class='ocr_par' dir='ltr' id='par_1_112' title="bbox 1845 5240 3336 5364">
     <span class='ocr_line' id='line_1_113' title="bbox 1845 5240 3336 5364; baseline -0.008 -64"><span class='ocrx_word' id='word_1_823' title='bbox 1845 5240 1954 5364; x_wconf 68' lang='grc'>(74)</span> <span class='ocrx_word' id='word_1_824' title='bbox 2007 5246 2161 5299; x_wconf 78' lang='grc' dir='ltr'>Ἐπεὶ</span> <span class='ocrx_word' id='word_1_825' title='bbox 2192 5244 2310 5298; x_wconf 81' lang='grc' dir='ltr'>καί.</span> <span class='ocrx_word' id='word_1_826' title='bbox 2337 5261 2354 5294; x_wconf 84' lang='grc' dir='ltr'><strong>ι</strong></span> <span class='ocrx_word' id='word_1_827' title='bbox 2385 5243 2715 5311; x_wconf 65' lang='lat' dir='ltr'><strong>Siquidem.»</strong></span> <span class='ocrx_word' id='word_1_828' title='bbox 2755 5241 2875 5296; x_wconf 87' lang='lat' dir='ltr'><strong>Bill.</strong></span> <span class='ocrx_word' id='word_1_829' title='bbox 2905 5259 2922 5290; x_wconf 77' lang='grc' dir='ltr'><strong>ι</strong></span> <span class='ocrx_word' id='word_1_830' title='bbox 2954 5240 3096 5294; x_wconf 82' lang='lat' dir='ltr'><strong>velut</strong></span> <span class='ocrx_word' id='word_1_831' title='bbox 3119 5240 3336 5294; x_wconf 61' lang='lat' dir='ltr'><strong>etL‘nn.»</strong></span> 
     </span>
     <span class='ocr_line' id='line_1_114' title="bbox 1870 5311 3336 5364; baseline -0.002 0"><span class='ocrx_word' id='word_1_832' title='bbox 1870 5319 1957 5364; x_wconf 66' lang='lat' dir='ltr'><strong>7m</strong></span> <span class='ocrx_word' id='word_1_833' title='bbox 2003 5317 2203 5364; x_wconf 63' lang='grc' dir='ltr'>Λόγων</span> <span class='ocrx_word' id='word_1_834' title='bbox 2235 5313 2434 5364; x_wconf 65' lang='lat' dir='ltr'><strong>“mir.</strong></span> <span class='ocrx_word' id='word_1_835' title='bbox 2481 5331 2500 5363; x_wconf 78' lang='grc' dir='ltr'><strong>ι</strong></span> <span class='ocrx_word' id='word_1_836' title='bbox 2538 5313 2857 5364; x_wconf 85' lang='lat' dir='ltr'><strong>Sermonum</strong></span> <span class='ocrx_word' id='word_1_837' title='bbox 2898 5311 3292 5364; x_wconf 89' lang='lat' dir='ltr'><strong>holocaustum.</strong></span> <span class='ocrx_word' id='word_1_838' title='bbox 3319 5327 3336 5359; x_wconf 78' lang='grc' dir='ltr'><strong>ι</strong></span> 
     </span>
    </p>
   </div>
   <div class='ocr_carea' id='block_1_113' title="bbox 1853 5311 3336 5388">
    <p class='ocr_par' dir='ltr' id='par_1_113' title="bbox 1853 5311 3336 5388">
     <span class='ocr_line' id='line_1_115' title="bbox 1853 5311 3336 5388; baseline -0.006 -19"><span class='ocrx_word' id='word_1_839' title='bbox 2000 5317 2203 5386; x_wconf 69' lang='grc' dir='ltr'>Λόγων</span> <span class='ocrx_word' id='word_1_840' title='bbox 2235 5313 2434 5388; x_wconf 45' lang='lat' dir='ltr'><strong>rimis}</strong></span> <span class='ocrx_word' id='word_1_841' title='bbox 2470 5331 2500 5388; x_wconf 73' lang='lat' dir='ltr'><strong>_t</strong></span> <span class='ocrx_word' id='word_1_842' title='bbox 2538 5313 2857 5388; x_wconf 66' lang='lat' dir='ltr'><strong>Sermouum</strong></span> <span class='ocrx_word' id='word_1_843' title='bbox 2893 5311 3292 5388; x_wconf 73' lang='lat' dir='ltr'><strong>holocaustum.</strong></span> <span class='ocrx_word' id='word_1_844' title='bbox 3319 5327 3336 5359; x_wconf 79' lang='grc' dir='ltr'><strong>ι</strong></span> 
     </span>
    </p>
   </div>
   <div class='ocr_carea' id='block_1_114' title="bbox 1845 5380 3346 5459">
    <p class='ocr_par' dir='ltr' id='par_1_114' title="bbox 1845 5380 3346 5459">
     <span class='ocr_line' id='line_1_116' title="bbox 1845 5380 3346 5459; baseline -0.008 -17"><span class='ocrx_word' id='word_1_845' title='bbox 1845 5380 1955 5459; x_wconf 78' lang='grc'>(76)</span> <span class='ocrx_word' id='word_1_846' title='bbox 1995 5380 2369 5459; x_wconf 32' lang='grc' dir='ltr'>Περιστνήοξε-ιι</span> <span class='ocrx_word' id='word_1_847' title='bbox 2398 5381 2581 5459; x_wconf 78' lang='lat' dir='ltr'><strong>Schol.</strong></span> <span class='ocrx_word' id='word_1_848' title='bbox 2599 5381 2788 5459; x_wconf 62' lang='grc' dir='ltr'>κύκλῳ</span> <span class='ocrx_word' id='word_1_849' title='bbox 2815 5383 3034 5459; x_wconf 64' lang='grc' dir='ltr'>στήσει,</span> <span class='ocrx_word' id='word_1_850' title='bbox 3086 5399 3118 5459; x_wconf 76' lang='lat'><strong>¢_</strong></span> <span class='ocrx_word' id='word_1_851' title='bbox 3136 5380 3346 5433; x_wconf 81' lang='lat' dir='ltr'><strong>audito-</strong></span> 
     </span>
    </p>
   </div>
   <div class='ocr_carea' id='block_1_115' title="bbox 1776 5451 3347 5522">
    <p class='ocr_par' dir='ltr' id='par_1_115' title="bbox 1776 5451 3347 5522">
     <span class='ocr_line' id='line_1_117' title="bbox 1776 5451 3347 5522; baseline -0.007 -10"><span class='ocrx_word' id='word_1_852' title='bbox 1776 5451 1894 5512; x_wconf 75' lang='grc' dir='ltr'>Γιιιίι</span> <span class='ocrx_word' id='word_1_853' title='bbox 1933 5451 2188 5512; x_wconf 74' lang='lat' dir='ltr'><strong>coronam</strong></span> <span class='ocrx_word' id='word_1_854' title='bbox 2216 5454 2509 5508; x_wconf 71' lang='lat' dir='ltr'><strong>exhibebit.</strong></span> <span class='ocrx_word' id='word_1_855' title='bbox 2535 5471 2554 5504; x_wconf 72' lang='grc' dir='ltr'><strong>ι</strong></span> <span class='ocrx_word' id='word_1_856' title='bbox 2599 5453 2730 5522; x_wconf 82' lang='lat' dir='ltr'><strong>Reg.</strong></span> <span class='ocrx_word' id='word_1_857' title='bbox 2758 5451 2868 5515; x_wconf 83' lang='lat' dir='ltr'><strong>btn,</strong></span> <span class='ocrx_word' id='word_1_858' title='bbox 2907 5451 3059 5507; x_wconf 79' lang='lat' dir='ltr'><strong>Coll).</strong></span> <span class='ocrx_word' id='word_1_859' title='bbox 3085 5451 3140 5515; x_wconf 79' lang='lat'><strong>5,</strong></span> <span class='ocrx_word' id='word_1_860' title='bbox 3173 5465 3347 5519; x_wconf 80' lang='grc' dir='ltr'>παρα-</span> 
     </span>
    </p>
   </div>
   <div class='ocr_carea' id='block_1_116' title="bbox 1777 5546 1981 5580">
    <p class='ocr_par' dir='ltr' id='par_1_116' title="bbox 1777 5546 1981 5580">
     <span class='ocr_line' id='line_1_118' title="bbox 1777 5546 1981 5580; baseline 0 0"><span class='ocrx_word' id='word_1_861' title='bbox 1777 5546 1981 5580; x_wconf 77' lang='grc' dir='ltr'>στησει.</span> 
     </span>
    </p>
   </div>
   <div class='ocr_carea' id='block_1_117' title="bbox 1843 5547 3346 5668">
    <p class='ocr_par' dir='ltr' id='par_1_117' title="bbox 1843 5547 3346 5668">
     <span class='ocr_line' id='line_1_119' title="bbox 1843 5547 3346 5668; baseline -0.005 -17"><span class='ocrx_word' id='word_1_862' title='bbox 1843 5547 2663 5668; x_wconf 48' lang='grc' dir='ltr'>(177).Συμπροθυμηθήσεται.</span> <span class='ocrx_word' id='word_1_863' title='bbox 2712 5591 2878 5664; x_wconf 85' lang='lat' dir='ltr'><strong>Regg.</strong></span> <span class='ocrx_word' id='word_1_864' title='bbox 2927 5608 2993 5660; x_wconf 89' lang='lat' dir='ltr'><strong>a,</strong></span> <span class='ocrx_word' id='word_1_865' title='bbox 3043 5588 3117 5655; x_wconf 86' lang='lat' dir='ltr'><strong>b,</strong></span> <span class='ocrx_word' id='word_1_866' title='bbox 3163 5587 3260 5648; x_wconf 69' lang='grc' dir='ltr'><strong>ον.</strong></span> <span class='ocrx_word' id='word_1_867' title='bbox 3295 5589 3346 5656; x_wconf 81' lang='grc'>1,</span> 
     </span>
    </p>
   </div>
   <div class='ocr_carea' id='block_1_118' title="bbox 1783 5667 2324 5740">
    <p class='ocr_par' dir='ltr' id='par_1_118' title="bbox 1783 5667 2324 5740">
     <span class='ocr_line' id='line_1_120' title="bbox 1783 5667 2324 5740; baseline -0.009 -20"><span class='ocrx_word' id='word_1_868' title='bbox 1783 5686 1846 5720; x_wconf 89' lang='grc' dir='ltr'><strong>συ</strong></span> <span class='ocrx_word' id='word_1_869' title='bbox 1854 5667 2067 5740; x_wconf 78' lang='grc' dir='ltr'>μπροθυ</span> <span class='ocrx_word' id='word_1_870' title='bbox 2077 5668 2324 5740; x_wconf 32' lang='grc' dir='ltr'>μῄσεται..</span> 
     </span>
    </p>
   </div>
   <div class='ocr_carea' id='block_1_119' title="bbox 1851 5727 3348 5808">
    <p class='ocr_par' dir='ltr' id='par_1_119' title="bbox 1851 5727 3348 5808">
     <span class='ocr_line' id='line_1_121' title="bbox 1851 5727 3348 5808; baseline 0.004 -19"><span class='ocrx_word' id='word_1_871' title='bbox 1851 5727 1961 5808; x_wconf 84' lang='grc'>(78)</span> <span class='ocrx_word' id='word_1_872' title='bbox 2011 5727 2208 5808; x_wconf 49' lang='grc' dir='ltr'><strong>ἸΙζὸιᾲ</strong></span> <span class='ocrx_word' id='word_1_873' title='bbox 2239 5735 2444 5804; x_wconf 76' lang='grc' dir='ltr'>λόγου.</span> <span class='ocrx_word' id='word_1_874' title='bbox 2492 5731 2769 5804; x_wconf 78' lang='lat' dir='ltr'><strong>ch._bm.</strong></span> <span class='ocrx_word' id='word_1_875' title='bbox 2802 5733 2837 5804; x_wconf 87' lang='grc' dir='ltr'><strong>ἡ</strong></span> <span class='ocrx_word' id='word_1_876' title='bbox 2882 5729 3069 5808; x_wconf 72' lang='grc' dir='ltr'>λόγου.</span> <span class='ocrx_word' id='word_1_877' title='bbox 3113 5727 3235 5792; x_wconf 82' lang='lat' dir='ltr'><strong>Bill.</strong></span> <span class='ocrx_word' id='word_1_878' title='bbox 3282 5745 3348 5795; x_wconf 71' lang='grc' dir='ltr'><strong>οι</strong></span> 
     </span>
    </p>
   </div>
   <div class='ocr_carea' id='block_1_120' title="bbox 1779 5800 2896 5883">
    <p class='ocr_par' dir='ltr' id='par_1_120' title="bbox 1779 5800 2896 5883">
     <span class='ocr_line' id='line_1_122' title="bbox 1779 5800 2896 5883; baseline -0.009 -16"><span class='ocrx_word' id='word_1_879' title='bbox 1779 5800 1999 5883; x_wconf 51' lang='grc' dir='ltr'>(Ξαίἰίίή</span> <span class='ocrx_word' id='word_1_880' title='bbox 2029 5806 2119 5860; x_wconf 79' lang='grc' dir='ltr'>τοῦ</span> <span class='ocrx_word' id='word_1_881' title='bbox 2149 5800 2332 5876; x_wconf 67' lang='grc' dir='ltr'>λόγουζ</span> <span class='ocrx_word' id='word_1_882' title='bbox 2577 5800 2600 5804; x_wconf 56' lang='grc'><strong><em>“</em></strong></span> <span class='ocrx_word' id='word_1_883' title='bbox 2825 5800 2836 5804; x_wconf 58' lang='grc'>⁷</span> <span class='ocrx_word' id='word_1_884' title='bbox 2882 5800 2896 5815; x_wconf 78' lang='grc'><strong><em>⁸</em></strong></span> 
     </span>
    </p>
   </div>
  </div>
