  <div class='ocr_page' id='page_1' title='image "/cluster/home/n/w/nwhite01/storage/ocr_20150623/35/hvd.32044024473308/273.png"; bbox 0 0 3832 6394; ppageno 0'>
   <div class='ocr_carea' id='block_1_1' title="bbox 493 267 603 327">
    <p class='ocr_par' dir='ltr' id='par_1_1' title="bbox 493 267 603 327">
     <span class='ocr_line' id='line_1_1' title="bbox 493 267 603 327; baseline 0 -2"><span class='ocrx_word' id='word_1_1' title='bbox 493 267 603 327; x_wconf 75' lang='lat'><strong>533</strong></span> 
     </span>
    </p>
   </div>
   <div class='ocr_carea' id='block_1_2' title="bbox 1722 274 2536 331">
    <p class='ocr_par' dir='ltr' id='par_1_2' title="bbox 1722 274 2536 331">
     <span class='ocr_line' id='line_1_2' title="bbox 1722 274 2536 331; baseline -0.004 0"><span class='ocrx_word' id='word_1_2' title='bbox 1722 278 1780 331; x_wconf 91' lang='lat' dir='ltr'><strong>S.</strong></span> <span class='ocrx_word' id='word_1_3' title='bbox 1821 274 2147 331; x_wconf 77' lang='lat' dir='ltr'><strong>GﬂEGORll</strong></span> <span class='ocrx_word' id='word_1_4' title='bbox 2189 274 2536 330; x_wconf 80' lang='lat' dir='ltr'><strong>TllEOLOGl</strong></span> 
     </span>
    </p>
   </div>
   <div class='ocr_carea' id='block_1_3' title="bbox 3591 275 3674 334">
    <p class='ocr_par' dir='ltr' id='par_1_3' title="bbox 3591 275 3674 334">
     <span class='ocr_line' id='line_1_3' title="bbox 3591 275 3674 334; baseline 0 0"><span class='ocrx_word' id='word_1_5' title='bbox 3591 275 3674 334; x_wconf 76' lang='lat'><strong>536</strong></span> 
     </span>
    </p>
   </div>
   <div class='ocr_carea' id='block_1_4' title="bbox 493 383 2076 461">
    <p class='ocr_par' dir='ltr' id='par_1_4' title="bbox 493 383 2054 461">
     <span class='ocr_line' id='line_1_4' title="bbox 493 383 2054 461; baseline 0.003 -19"><span class='ocrx_word' id='word_1_6' title='bbox 493 383 689 456; x_wconf 65' lang='lat' dir='ltr'><strong>quibus</strong></span> <span class='ocrx_word' id='word_1_7' title='bbox 718 387 1011 458; x_wconf 74' lang='lat' dir='ltr'><strong>appellatur</strong></span> <span class='ocrx_word' id='word_1_8' title='bbox 1030 427 1047 454; x_wconf 87' lang='lat'><strong>,</strong></span> <span class='ocrx_word' id='word_1_9' title='bbox 1070 388 1170 444; x_wconf 88' lang='lat' dir='ltr'><strong>hoc</strong></span> <span class='ocrx_word' id='word_1_10' title='bbox 1207 403 1419 461; x_wconf 91' lang='lat' dir='ltr'><strong>quoque</strong></span> <span class='ocrx_word' id='word_1_11' title='bbox 1445 390 1691 459; x_wconf 67' lang='lat' dir='ltr'><strong>nomine,</strong></span> <span class='ocrx_word' id='word_1_12' title='bbox 1721 408 1785 447; x_wconf 89' lang='lat' dir='ltr'><strong>ac</strong></span> <span class='ocrx_word' id='word_1_13' title='bbox 1822 393 2054 448; x_wconf 87' lang='lat' dir='ltr'><strong>nominis</strong></span> 
     </span>
    </p>
   </div>
   <div class='ocr_carea' id='block_1_5' title="bbox 2178 383 3674 461">
    <p class='ocr_par' dir='ltr' id='par_1_5' title="bbox 2178 385 3674 460">
     <span class='ocr_line' id='line_1_5' title="bbox 2178 385 3674 460; baseline -0.003 -14"><span class='ocrx_word' id='word_1_14' title='bbox 2178 392 2472 457; x_wconf 74' lang='grc' dir='ltr'>ιολάζεσθαι</span> <span class='ocrx_word' id='word_1_15' title='bbox 2530 389 2667 460; x_wconf 78' lang='grc' dir='ltr'>ὑπὲρ</span> <span class='ocrx_word' id='word_1_16' title='bbox 2721 388 2821 459; x_wconf 86' lang='grc' dir='ltr'><strong>τῆς</strong></span> <span class='ocrx_word' id='word_1_17' title='bbox 2865 389 2953 450; x_wconf 65' lang='grc' dir='ltr'>εἰς»</span> <span class='ocrx_word' id='word_1_18' title='bbox 2996 387 3196 456; x_wconf 82' lang='grc' dir='ltr'><strong>λόγους·</strong></span> <span class='ocrx_word' id='word_1_19' title='bbox 3233 388 3580 458; x_wconf 72' lang='grc' dir='ltr'><strong>παρανομίας·</strong></span> <span class='ocrx_word' id='word_1_20' title='bbox 3615 385 3674 446; x_wconf 76' lang='grc' dir='ltr'>ὧν</span> 
     </span>
    </p>
   </div>
   <div class='ocr_carea' id='block_1_6' title="bbox 491 478 2049 552">
    <p class='ocr_par' dir='ltr' id='par_1_6' title="bbox 491 478 2049 552">
     <span class='ocr_line' id='line_1_6' title="bbox 491 478 2049 552; baseline 0.003 -18"><span class='ocrx_word' id='word_1_21' title='bbox 491 479 545 534; x_wconf 85' lang='lat' dir='ltr'><strong>vi</strong></span> <span class='ocrx_word' id='word_1_22' title='bbox 578 488 634 534; x_wconf 84' lang='lat' dir='ltr'><strong>et</strong></span> <span class='ocrx_word' id='word_1_23' title='bbox 677 478 934 535; x_wconf 76' lang='lat' dir='ltr'><strong>facultate</strong></span> <span class='ocrx_word' id='word_1_24' title='bbox 969 480 1314 549; x_wconf 70' lang='lat' dir='ltr'><strong>singulariter</strong></span> <span class='ocrx_word' id='word_1_25' title='bbox 1343 483 1595 552; x_wconf 90' lang='lat' dir='ltr'><strong>gaudenti</strong></span> <span class='ocrx_word' id='word_1_26' title='bbox 1634 504 1647 538; x_wconf 87' lang='lat'><strong>:</strong></span> <span class='ocrx_word' id='word_1_27' title='bbox 1680 498 1867 540; x_wconf 85' lang='lat' dir='ltr'><strong>verum</strong></span> <span class='ocrx_word' id='word_1_28' title='bbox 1889 486 2049 539; x_wconf 89' lang='lat' dir='ltr'><strong>etiam</strong></span> 
     </span>
    </p>
   </div>
   <div class='ocr_carea' id='block_1_7' title="bbox 494 571 2049 644">
    <p class='ocr_par' dir='ltr' id='par_1_7' title="bbox 494 571 2049 644">
     <span class='ocr_line' id='line_1_7' title="bbox 494 571 2049 644; baseline 0.003 -18"><span class='ocrx_word' id='word_1_29' title='bbox 494 585 653 639; x_wconf 65' lang='lat' dir='ltr'><strong>pana</strong></span> <span class='ocrx_word' id='word_1_30' title='bbox 680 572 793 625; x_wconf 61' lang='lat' dir='ltr'><strong>haec</strong></span> <span class='ocrx_word' id='word_1_31' title='bbox 833 571 908 625; x_wconf 88' lang='lat' dir='ltr'><strong>illi</strong></span> <span class='ocrx_word' id='word_1_32' title='bbox 943 572 1165 641; x_wconf 85' lang='lat' dir='ltr'><strong>pulchre</strong></span> <span class='ocrx_word' id='word_1_33' title='bbox 1214 576 1491 639; x_wconf 77' lang='lat' dir='ltr'><strong>convenit,</strong></span> <span class='ocrx_word' id='word_1_34' title='bbox 1520 588 1579 630; x_wconf 85' lang='lat' dir='ltr'><strong>ut</strong></span> <span class='ocrx_word' id='word_1_35' title='bbox 1602 590 1699 644; x_wconf 90' lang='lat' dir='ltr'><strong>pro</strong></span> <span class='ocrx_word' id='word_1_36' title='bbox 1728 573 1793 631; x_wconf 78' lang='lat' dir='ltr'><strong>eo</strong></span> <span class='ocrx_word' id='word_1_37' title='bbox 1822 576 2049 642; x_wconf 84' lang='lat' dir='ltr'><strong>scelere,</strong></span> 
     </span>
    </p>
   </div>
   <div class='ocr_carea' id='block_1_8' title="bbox 496 662 2051 733">
    <p class='ocr_par' dir='ltr' id='par_1_8' title="bbox 496 662 2051 733">
     <span class='ocr_line' id='line_1_8' title="bbox 496 662 2051 733; baseline 0.006 -18"><span class='ocrx_word' id='word_1_38' title='bbox 496 663 635 730; x_wconf 81' lang='lat' dir='ltr'><strong>quod</strong></span> <span class='ocrx_word' id='word_1_39' title='bbox 660 662 711 719; x_wconf 89' lang='lat' dir='ltr'><strong>in</strong></span> <span class='ocrx_word' id='word_1_40' title='bbox 766 678 1041 718; x_wconf 86' lang='lat' dir='ltr'><strong>sermones</strong></span> <span class='ocrx_word' id='word_1_41' title='bbox 1068 666 1303 733; x_wconf 83' lang='lat' dir='ltr'><strong>admisit,</strong></span> <span class='ocrx_word' id='word_1_42' title='bbox 1331 681 1576 721; x_wconf 88' lang='lat' dir='ltr'><strong>sermone</strong></span> <span class='ocrx_word' id='word_1_43' title='bbox 1606 667 1895 723; x_wconf 84' lang='lat' dir='ltr'><strong>crucietur.</strong></span> <span class='ocrx_word' id='word_1_44' title='bbox 1916 667 2051 724; x_wconf 87' lang='lat' dir='ltr'><strong>Nam</strong></span> 
     </span>
    </p>
   </div>
   <div class='ocr_carea' id='block_1_9' title="bbox 2161 478 3671 549">
    <p class='ocr_par' dir='ltr' id='par_1_9' title="bbox 2161 478 3671 549">
     <span class='ocr_line' id='line_1_9' title="bbox 2161 478 3671 549; baseline -0.003 -9"><span class='ocrx_word' id='word_1_45' title='bbox 2161 486 2352 540; x_wconf 84' lang='grc' dir='ltr'>κοινῶν</span> <span class='ocrx_word' id='word_1_46' title='bbox 2414 483 2583 536; x_wconf 75' lang='grc' dir='ltr'><strong>ὄντων</strong></span> <span class='ocrx_word' id='word_1_47' title='bbox 2636 481 2874 549; x_wconf 82' lang='grc' dir='ltr'><strong>λογικοῖς</strong></span> <span class='ocrx_word' id='word_1_48' title='bbox 2925 479 3147 543; x_wconf 79' lang='grc' dir='ltr'>ἅπασιν,</span> <span class='ocrx_word' id='word_1_49' title='bbox 3205 478 3274 541; x_wconf 82' lang='grc' dir='ltr'><strong>ὡς</strong></span> <span class='ocrx_word' id='word_1_50' title='bbox 3338 478 3473 532; x_wconf 89' lang='grc' dir='ltr'><strong>ίδίων</strong></span> <span class='ocrx_word' id='word_1_51' title='bbox 3517 482 3671 548; x_wconf 77' lang='grc' dir='ltr'>αὐτοῦ,</span> 
     </span>
    </p>
   </div>
   <div class='ocr_carea' id='block_1_10' title="bbox 2157 569 3675 646">
    <p class='ocr_par' dir='ltr' id='par_1_10' title="bbox 2157 569 3675 646">
     <span class='ocr_line' id='line_1_10' title="bbox 2157 569 3675 646; baseline -0.008 -17"><span class='ocrx_word' id='word_1_52' title='bbox 2157 577 2499 646; x_wconf 88' lang='grc' dir='ltr'>Χριστιανοῖς</span> <span class='ocrx_word' id='word_1_53' title='bbox 2527 573 2853 644; x_wconf 79' lang='grc' dir='ltr'><strong>ἐφθόνησεν,</strong></span> <span class='ocrx_word' id='word_1_54' title='bbox 2887 570 3201 640; x_wconf 86' lang='grc' dir='ltr'><strong>ἀλογώτατα</strong></span> <span class='ocrx_word' id='word_1_55' title='bbox 3234 569 3360 642; x_wconf 74' lang='grc' dir='ltr'>περ).</span> <span class='ocrx_word' id='word_1_56' title='bbox 3394 570 3551 639; x_wconf 90' lang='grc' dir='ltr'>λόγων</span> <span class='ocrx_word' id='word_1_57' title='bbox 3586 574 3675 629; x_wconf 71' lang='grc' dir='ltr'>δια-</span> 
     </span>
    </p>
   </div>
   <div class='ocr_carea' id='block_1_11' title="bbox 2157 662 3387 739">
    <p class='ocr_par' dir='ltr' id='par_1_11' title="bbox 2157 662 3387 739">
     <span class='ocr_line' id='line_1_11' title="bbox 2157 662 3387 739; baseline -0.002 -18"><span class='ocrx_word' id='word_1_58' title='bbox 2157 666 2388 739; x_wconf 66' lang='grc' dir='ltr'>νοηθεὶς,</span> <span class='ocrx_word' id='word_1_59' title='bbox 2423 666 2452 717; x_wconf 87' lang='grc' dir='ltr'><strong>ό</strong></span> <span class='ocrx_word' id='word_1_60' title='bbox 2485 665 2722 730; x_wconf 83' lang='grc' dir='ltr'>πάντων,</span> <span class='ocrx_word' id='word_1_61' title='bbox 2756 664 2833 727; x_wconf 80' lang='grc' dir='ltr'>ὡς</span> <span class='ocrx_word' id='word_1_62' title='bbox 2861 662 3017 734; x_wconf 74' lang='grc' dir='ltr'><strong>ᾤετο,</strong></span> <span class='ocrx_word' id='word_1_63' title='bbox 3050 662 3387 732; x_wconf 80' lang='grc' dir='ltr'><strong>λογιώτατος.</strong></span> 
     </span>
    </p>
   </div>
   <div class='ocr_carea' id='block_1_12' title="bbox 496 753 3677 827">
    <p class='ocr_par' dir='ltr' id='par_1_12' title="bbox 496 753 3677 827">
     <span class='ocr_line' id='line_1_12' title="bbox 496 753 3677 827; baseline 0.001 -18"><span class='ocrx_word' id='word_1_64' title='bbox 496 770 616 809; x_wconf 90' lang='lat' dir='ltr'><strong>cum</strong></span> <span class='ocrx_word' id='word_1_65' title='bbox 655 754 726 809; x_wconf 86' lang='lat' dir='ltr'><strong>illi</strong></span> <span class='ocrx_word' id='word_1_66' title='bbox 772 756 1010 809; x_wconf 91' lang='lat' dir='ltr'><strong>omnium</strong></span> <span class='ocrx_word' id='word_1_67' title='bbox 1076 755 1281 811; x_wconf 85' lang='lat' dir='ltr'><strong>ratione</strong></span> <span class='ocrx_word' id='word_1_68' title='bbox 1340 759 1689 827; x_wconf 77' lang='lat' dir='ltr'><strong>praeditorum</strong></span> <span class='ocrx_word' id='word_1_69' title='bbox 1736 775 2048 815; x_wconf 89' lang='lat' dir='ltr'><strong>communes</strong></span> <span class='ocrx_word' id='word_1_70' title='bbox 2089 759 2218 821; x_wconf 88' lang='lat' dir='ltr'><strong>sint,</strong></span> <span class='ocrx_word' id='word_1_71' title='bbox 2257 773 2352 814; x_wconf 89' lang='lat' dir='ltr'><strong>eos</strong></span> <span class='ocrx_word' id='word_1_72' title='bbox 2392 767 2573 812; x_wconf 88' lang='lat' dir='ltr'><strong>tamen</strong></span> <span class='ocrx_word' id='word_1_73' title='bbox 2642 758 2754 826; x_wconf 85' lang='lat' dir='ltr'><strong>ipse</strong></span> <span class='ocrx_word' id='word_1_74' title='bbox 2822 765 3074 825; x_wconf 88' lang='lat' dir='ltr'><strong>tanquam</strong></span> <span class='ocrx_word' id='word_1_75' title='bbox 3101 755 3203 810; x_wconf 90' lang='lat' dir='ltr'><strong>sibi</strong></span> <span class='ocrx_word' id='word_1_76' title='bbox 3241 753 3525 822; x_wconf 79' lang='lat' dir='ltr'><strong>peculiares</strong></span> <span class='ocrx_word' id='word_1_77' title='bbox 3554 756 3677 813; x_wconf 84' lang='lat' dir='ltr'><strong>Chri-</strong></span> 
     </span>
    </p>
   </div>
   <div class='ocr_carea' id='block_1_13' title="bbox 496 844 3675 919">
    <p class='ocr_par' dir='ltr' id='par_1_13' title="bbox 496 844 3675 919">
     <span class='ocr_line' id='line_1_13' title="bbox 496 844 3675 919; baseline 0.002 -21"><span class='ocrx_word' id='word_1_78' title='bbox 496 844 687 899; x_wconf 86' lang='lat' dir='ltr'><strong>stianis</strong></span> <span class='ocrx_word' id='word_1_79' title='bbox 720 845 1024 911; x_wconf 89' lang='lat' dir='ltr'><strong>invidebat,</strong></span> <span class='ocrx_word' id='word_1_80' title='bbox 1050 846 1398 902; x_wconf 84' lang='lat' dir='ltr'><strong>stolidissime</strong></span> <span class='ocrx_word' id='word_1_81' title='bbox 1437 862 1571 904; x_wconf 91' lang='lat' dir='ltr'><strong>sane</strong></span> <span class='ocrx_word' id='word_1_82' title='bbox 1646 851 1714 906; x_wconf 91' lang='lat' dir='ltr'><strong>de</strong></span> <span class='ocrx_word' id='word_1_83' title='bbox 1783 851 2125 906; x_wconf 86' lang='lat' dir='ltr'><strong>sermonibus</strong></span> <span class='ocrx_word' id='word_1_84' title='bbox 2162 850 2426 919; x_wconf 85' lang='lat' dir='ltr'><strong>cogitans,</strong></span> <span class='ocrx_word' id='word_1_85' title='bbox 2472 849 2667 916; x_wconf 91' lang='lat' dir='ltr'><strong>homo,</strong></span> <span class='ocrx_word' id='word_1_86' title='bbox 2708 846 2911 918; x_wconf 88' lang='lat' dir='ltr'><strong>judicio</strong></span> <span class='ocrx_word' id='word_1_87' title='bbox 2944 862 3077 911; x_wconf 88' lang='lat' dir='ltr'><strong>suo,</strong></span> <span class='ocrx_word' id='word_1_88' title='bbox 3123 845 3424 902; x_wconf 82' lang='lat' dir='ltr'><strong>mortalium</strong></span> <span class='ocrx_word' id='word_1_89' title='bbox 3478 848 3675 905; x_wconf 87' lang='lat' dir='ltr'><strong>omnium</strong></span> 
     </span>
    </p>
   </div>
   <div class='ocr_carea' id='block_1_14' title="bbox 497 927 929 993">
    <p class='ocr_par' dir='ltr' id='par_1_14' title="bbox 497 927 929 993">
     <span class='ocr_line' id='line_1_14' title="bbox 497 927 929 993; baseline 0.005 -2"><span class='ocrx_word' id='word_1_90' title='bbox 497 927 929 993; x_wconf 72' lang='lat' dir='ltr'><strong>facundissimus.</strong></span> 
     </span>
    </p>
   </div>
   <div class='ocr_carea' id='block_1_15' title="bbox 462 1027 2048 1102">
    <p class='ocr_par' dir='ltr' id='par_1_15' title="bbox 462 1027 2048 1102">
     <span class='ocr_line' id='line_1_15' title="bbox 462 1027 2048 1102; baseline 0.005 -21"><span class='ocrx_word' id='word_1_91' title='bbox 462 1070 465 1073; x_wconf 93' lang='lat'><strong>.</strong></span> <span class='ocrx_word' id='word_1_92' title='bbox 566 1027 633 1084; x_wconf 68' lang='grc' dir='ltr'><strong>Υ.</strong></span> <span class='ocrx_word' id='word_1_93' title='bbox 674 1028 909 1082; x_wconf 86' lang='lat' dir='ltr'><strong>Primum</strong></span> <span class='ocrx_word' id='word_1_94' title='bbox 951 1028 1074 1098; x_wconf 86' lang='lat' dir='ltr'><strong>quia</strong></span> <span class='ocrx_word' id='word_1_95' title='bbox 1114 1030 1335 1086; x_wconf 87' lang='lat' dir='ltr'><strong>subdole</strong></span> <span class='ocrx_word' id='word_1_96' title='bbox 1370 1048 1435 1087; x_wconf 87' lang='lat' dir='ltr'><strong>ac</strong></span> <span class='ocrx_word' id='word_1_97' title='bbox 1481 1033 1727 1102; x_wconf 88' lang='lat' dir='ltr'><strong>improbe</strong></span> <span class='ocrx_word' id='word_1_98' title='bbox 1763 1048 1955 1089; x_wconf 90' lang='lat' dir='ltr'><strong>nomen</strong></span> <span class='ocrx_word' id='word_1_99' title='bbox 1982 1036 2048 1089; x_wconf 88' lang='lat' dir='ltr'><strong>ad</strong></span> 
     </span>
    </p>
   </div>
   <div class='ocr_carea' id='block_1_16' title="bbox 496 1119 2057 1189">
    <p class='ocr_par' dir='ltr' id='par_1_16' title="bbox 496 1119 2057 1189">
     <span class='ocr_line' id='line_1_16' title="bbox 496 1119 2057 1189; baseline 0.006 -18"><span class='ocrx_word' id='word_1_100' title='bbox 496 1119 802 1188; x_wconf 81' lang='lat' dir='ltr'><strong>opinionem</strong></span> <span class='ocrx_word' id='word_1_101' title='bbox 847 1120 1108 1185; x_wconf 85' lang='lat' dir='ltr'><strong>traduxit,</strong></span> <span class='ocrx_word' id='word_1_102' title='bbox 1143 1123 1295 1189; x_wconf 88' lang='lat' dir='ltr'><strong>quasi</strong></span> <span class='ocrx_word' id='word_1_103' title='bbox 1336 1138 1515 1178; x_wconf 90' lang='lat' dir='ltr'><strong>sermo</strong></span> <span class='ocrx_word' id='word_1_104' title='bbox 1548 1124 1790 1188; x_wconf 77' lang='lat' dir='ltr'><strong>Grzecus,</strong></span> <span class='ocrx_word' id='word_1_105' title='bbox 1819 1142 1924 1180; x_wconf 92' lang='lat' dir='ltr'><strong>nou</strong></span> <span class='ocrx_word' id='word_1_106' title='bbox 1953 1126 2057 1180; x_wconf 83' lang='lat' dir='ltr'><strong>liti-</strong></span> 
     </span>
    </p>
   </div>
   <div class='ocr_carea' id='block_1_17' title="bbox 497 1210 2059 1284">
    <p class='ocr_par' dir='ltr' id='par_1_17' title="bbox 497 1210 2059 1284">
     <span class='ocr_line' id='line_1_17' title="bbox 497 1210 2059 1284; baseline 0.004 -21"><span class='ocrx_word' id='word_1_107' title='bbox 497 1226 635 1280; x_wconf 72' lang='lat' dir='ltr'><strong>gute,</strong></span> <span class='ocrx_word' id='word_1_108' title='bbox 663 1212 756 1265; x_wconf 91' lang='lat' dir='ltr'><strong>sed</strong></span> <span class='ocrx_word' id='word_1_109' title='bbox 797 1210 1069 1279; x_wconf 78' lang='lat' dir='ltr'><strong>religionis</strong></span> <span class='ocrx_word' id='word_1_110' title='bbox 1100 1214 1173 1268; x_wconf 90' lang='lat' dir='ltr'><strong>sit</strong></span> <span class='ocrx_word' id='word_1_111' title='bbox 1200 1231 1213 1269; x_wconf 91' lang='lat'><strong>:</strong></span> <span class='ocrx_word' id='word_1_112' title='bbox 1243 1224 1403 1284; x_wconf 88' lang='lat' dir='ltr'><strong>atque</strong></span> <span class='ocrx_word' id='word_1_113' title='bbox 1430 1216 1496 1271; x_wconf 89' lang='lat' dir='ltr'><strong>ob</strong></span> <span class='ocrx_word' id='word_1_114' title='bbox 1528 1231 1645 1270; x_wconf 90' lang='lat' dir='ltr'><strong>cam</strong></span> <span class='ocrx_word' id='word_1_115' title='bbox 1681 1232 1923 1281; x_wconf 83' lang='lat' dir='ltr'><strong>causam,</strong></span> <span class='ocrx_word' id='word_1_116' title='bbox 1948 1216 2059 1270; x_wconf 84' lang='lat' dir='ltr'><strong>vel-</strong></span> 
     </span>
    </p>
   </div>
   <div class='ocr_carea' id='block_1_18' title="bbox 497 1303 2061 1379">
    <p class='ocr_par' dir='ltr' id='par_1_18' title="bbox 497 1303 2061 1379">
     <span class='ocr_line' id='line_1_18' title="bbox 497 1303 2061 1379; baseline 0.004 -23"><span class='ocrx_word' id='word_1_117' title='bbox 497 1313 555 1356; x_wconf 92' lang='lat' dir='ltr'><strong>ut</strong></span> <span class='ocrx_word' id='word_1_118' title='bbox 592 1304 749 1358; x_wconf 89' lang='lat' dir='ltr'><strong>alieni</strong></span> <span class='ocrx_word' id='word_1_119' title='bbox 779 1303 903 1359; x_wconf 89' lang='lat' dir='ltr'><strong>boni</strong></span> <span class='ocrx_word' id='word_1_120' title='bbox 934 1306 1097 1371; x_wconf 85' lang='lat' dir='ltr'><strong>fures,</strong></span> <span class='ocrx_word' id='word_1_121' title='bbox 1125 1322 1154 1359; x_wconf 90' lang='lat' dir='ltr'><strong>a</strong></span> <span class='ocrx_word' id='word_1_122' title='bbox 1190 1308 1529 1361; x_wconf 89' lang='lat' dir='ltr'><strong>sermonibus</strong></span> <span class='ocrx_word' id='word_1_123' title='bbox 1559 1323 1657 1363; x_wconf 91' lang='lat' dir='ltr'><strong>nos</strong></span> <span class='ocrx_word' id='word_1_124' title='bbox 1686 1310 1865 1379; x_wconf 84' lang='lat' dir='ltr'><strong>abegit</strong></span> <span class='ocrx_word' id='word_1_125' title='bbox 1891 1328 1904 1362; x_wconf 95' lang='lat'>:</span> <span class='ocrx_word' id='word_1_126' title='bbox 1937 1324 2061 1377; x_wconf 86' lang='lat' dir='ltr'><strong>per-</strong></span> 
     </span>
    </p>
   </div>
   <div class='ocr_carea' id='block_1_19' title="bbox 497 1396 2059 1472">
    <p class='ocr_par' dir='ltr' id='par_1_19' title="bbox 497 1396 2059 1472">
     <span class='ocr_line' id='line_1_19' title="bbox 497 1396 2059 1472; baseline 0.004 -24"><span class='ocrx_word' id='word_1_127' title='bbox 497 1396 623 1451; x_wconf 88' lang='lat' dir='ltr'><strong>inde</strong></span> <span class='ocrx_word' id='word_1_128' title='bbox 645 1412 711 1451; x_wconf 90' lang='lat' dir='ltr'><strong>ac</strong></span> <span class='ocrx_word' id='word_1_129' title='bbox 757 1398 802 1450; x_wconf 90' lang='lat' dir='ltr'><strong>si</strong></span> <span class='ocrx_word' id='word_1_130' title='bbox 835 1412 931 1452; x_wconf 90' lang='lat' dir='ltr'><strong>nos</strong></span> <span class='ocrx_word' id='word_1_131' title='bbox 972 1413 1186 1467; x_wconf 89' lang='lat' dir='ltr'><strong>quoque</strong></span> <span class='ocrx_word' id='word_1_132' title='bbox 1219 1400 1429 1456; x_wconf 89' lang='lat' dir='ltr'><strong>artibus</strong></span> <span class='ocrx_word' id='word_1_133' title='bbox 1470 1400 1596 1466; x_wconf 89' lang='lat' dir='ltr'><strong>illis,</strong></span> <span class='ocrx_word' id='word_1_134' title='bbox 1636 1416 1755 1470; x_wconf 73' lang='lat' dir='ltr'><strong>qua:</strong></span> <span class='ocrx_word' id='word_1_135' title='bbox 1780 1402 1917 1469; x_wconf 87' lang='lat' dir='ltr'><strong>apud</strong></span> <span class='ocrx_word' id='word_1_136' title='bbox 1948 1402 2059 1472; x_wconf 76' lang='lat'><strong>80</strong></span> 
     </span>
    </p>
   </div>
   <div class='ocr_carea' id='block_1_20' title="bbox 498 1486 2057 1558">
    <p class='ocr_par' dir='ltr' id='par_1_20' title="bbox 498 1486 2057 1558">
     <span class='ocr_line' id='line_1_20' title="bbox 498 1486 2057 1558; baseline -0.001 -16"><span class='ocrx_word' id='word_1_137' title='bbox 498 1486 714 1545; x_wconf 74' lang='lat' dir='ltr'><strong>Grzecos</strong></span> <span class='ocrx_word' id='word_1_138' title='bbox 750 1487 978 1542; x_wconf 64' lang='lat' dir='ltr'><strong>inventa</strong></span> <span class='ocrx_word' id='word_1_139' title='bbox 1016 1497 1173 1552; x_wconf 90' lang='lat' dir='ltr'><strong>sunt,</strong></span> <span class='ocrx_word' id='word_1_140' title='bbox 1218 1488 1293 1541; x_wconf 91' lang='lat' dir='ltr'><strong>uti</strong></span> <span class='ocrx_word' id='word_1_141' title='bbox 1334 1488 1715 1558; x_wconf 76' lang='lat' dir='ltr'><strong>prohibuisset,</strong></span> <span class='ocrx_word' id='word_1_142' title='bbox 1762 1489 1923 1557; x_wconf 84' lang='lat' dir='ltr'><strong>idque</strong></span> <span class='ocrx_word' id='word_1_143' title='bbox 1962 1503 2057 1541; x_wconf 91' lang='lat' dir='ltr'><strong>sua</strong></span> 
     </span>
    </p>
   </div>
   <div class='ocr_carea' id='block_1_21' title="bbox 500 1577 2057 1649">
    <p class='ocr_par' dir='ltr' id='par_1_21' title="bbox 500 1577 2057 1649">
     <span class='ocr_line' id='line_1_21' title="bbox 500 1577 2057 1649; baseline -0.002 -17"><span class='ocrx_word' id='word_1_144' title='bbox 500 1581 782 1643; x_wconf 89' lang='lat' dir='ltr'><strong>interesse,</strong></span> <span class='ocrx_word' id='word_1_145' title='bbox 828 1587 1049 1647; x_wconf 83' lang='lat' dir='ltr'><strong>propter</strong></span> <span class='ocrx_word' id='word_1_146' title='bbox 1092 1578 1242 1633; x_wconf 91' lang='lat' dir='ltr'><strong>vocis</strong></span> <span class='ocrx_word' id='word_1_147' title='bbox 1289 1578 1711 1649; x_wconf 83' lang='lat' dir='ltr'><strong>homonymiam,</strong></span> <span class='ocrx_word' id='word_1_148' title='bbox 1744 1577 2057 1645; x_wconf 78' lang='lat' dir='ltr'><strong>iudicasset.</strong></span> 
     </span>
    </p>
   </div>
   <div class='ocr_carea' id='block_1_22' title="bbox 500 1670 2062 1740">
    <p class='ocr_par' dir='ltr' id='par_1_22' title="bbox 500 1670 2062 1740">
     <span class='ocr_line' id='line_1_22' title="bbox 500 1670 2062 1740; baseline -0.003 -15"><span class='ocrx_word' id='word_1_149' title='bbox 500 1670 663 1736; x_wconf 84' lang='lat' dir='ltr'><strong>Tum,</strong></span> <span class='ocrx_word' id='word_1_150' title='bbox 691 1672 815 1740; x_wconf 90' lang='lat' dir='ltr'><strong>quia</strong></span> <span class='ocrx_word' id='word_1_151' title='bbox 866 1672 1023 1726; x_wconf 91' lang='lat' dir='ltr'><strong>nobis</strong></span> <span class='ocrx_word' id='word_1_152' title='bbox 1064 1672 1349 1725; x_wconf 88' lang='lat' dir='ltr'><strong>obscurum</strong></span> <span class='ocrx_word' id='word_1_153' title='bbox 1375 1685 1497 1725; x_wconf 89' lang='lat' dir='ltr'><strong>esse</strong></span> <span class='ocrx_word' id='word_1_154' title='bbox 1539 1670 1765 1739; x_wconf 85' lang='lat' dir='ltr'><strong>putavit,</strong></span> <span class='ocrx_word' id='word_1_155' title='bbox 1791 1670 1844 1724; x_wconf 90' lang='lat' dir='ltr'><strong>id</strong></span> <span class='ocrx_word' id='word_1_156' title='bbox 1878 1684 1936 1724; x_wconf 89' lang='lat' dir='ltr'><strong>se</strong></span> <span class='ocrx_word' id='word_1_157' title='bbox 1964 1670 2062 1725; x_wconf 86' lang='lat' dir='ltr'><strong>mi-</strong></span> 
     </span>
    </p>
   </div>
   <div class='ocr_carea' id='block_1_23' title="bbox 2228 1020 3677 1099">
    <p class='ocr_par' dir='ltr' id='par_1_23' title="bbox 2228 1020 3677 1099">
     <span class='ocr_line' id='line_1_23' title="bbox 2228 1020 3677 1099; baseline 0.01 -21"><span class='ocrx_word' id='word_1_158' title='bbox 2228 1032 2305 1091; x_wconf 77' lang='lat' dir='ltr'><strong>E&#39;.</strong></span> <span class='ocrx_word' id='word_1_159' title='bbox 2337 1026 2557 1099; x_wconf 79' lang='grc' dir='ltr'><strong>Πρῶτον</strong></span> <span class='ocrx_word' id='word_1_160' title='bbox 2593 1026 2719 1095; x_wconf 81' lang='grc' dir='ltr'>μὲν,</span> <span class='ocrx_word' id='word_1_161' title='bbox 2749 1025 2829 1077; x_wconf 85' lang='grc' dir='ltr'>ότι</span> <span class='ocrx_word' id='word_1_162' title='bbox 2862 1021 3181 1093; x_wconf 76' lang='grc' dir='ltr'><strong>κακούργως</strong></span> <span class='ocrx_word' id='word_1_163' title='bbox 3226 1020 3323 1092; x_wconf 74' lang='grc' dir='ltr'><strong>τὴν</strong></span> <span class='ocrx_word' id='word_1_164' title='bbox 3357 1023 3677 1093; x_wconf 65' lang='grc' dir='ltr'><strong>προσηγορίαν</strong></span> 
     </span>
    </p>
   </div>
   <div class='ocr_carea' id='block_1_24' title="bbox 2162 1111 3677 1192">
    <p class='ocr_par' dir='ltr' id='par_1_24' title="bbox 2162 1111 3677 1192">
     <span class='ocr_line' id='line_1_24' title="bbox 2162 1111 3677 1192; baseline -0.006 -18"><span class='ocrx_word' id='word_1_165' title='bbox 2162 1120 2457 1192; x_wconf 71' lang='grc' dir='ltr'><strong>μετέθηκεν</strong></span> <span class='ocrx_word' id='word_1_166' title='bbox 2493 1118 2587 1170; x_wconf 72' lang='grc' dir='ltr'><strong>ἐπὶ</strong></span> <span class='ocrx_word' id='word_1_167' title='bbox 2616 1117 2677 1169; x_wconf 82' lang='grc' dir='ltr'><strong>τὸ</strong></span> <span class='ocrx_word' id='word_1_168' title='bbox 2706 1113 2894 1168; x_wconf 69' lang='grc' dir='ltr'><strong>δοκοῦν</strong></span> <span class='ocrx_word' id='word_1_169' title='bbox 2926 1114 3055 1182; x_wconf 81' lang='grc'>(79),</span> <span class='ocrx_word' id='word_1_170' title='bbox 3091 1112 3278 1181; x_wconf 81' lang='grc' dir='ltr'>ὥσπερ</span> <span class='ocrx_word' id='word_1_171' title='bbox 3304 1111 3401 1181; x_wconf 76' lang='grc' dir='ltr'><strong>τῆς</strong></span> <span class='ocrx_word' id='word_1_172' title='bbox 3432 1111 3677 1183; x_wconf 67' lang='grc' dir='ltr'>θρησκείας</span> 
     </span>
    </p>
   </div>
   <div class='ocr_carea' id='block_1_25' title="bbox 2158 1200 3677 1279">
    <p class='ocr_par' dir='ltr' id='par_1_25' title="bbox 2158 1200 3677 1279">
     <span class='ocr_line' id='line_1_25' title="bbox 2158 1200 3677 1279; baseline -0.012 -15"><span class='ocrx_word' id='word_1_173' title='bbox 2158 1212 2287 1265; x_wconf 75' lang='grc' dir='ltr'><strong>εντα</strong></span> <span class='ocrx_word' id='word_1_174' title='bbox 2313 1211 2403 1262; x_wconf 87' lang='grc' dir='ltr'><strong>τὸν</strong></span> <span class='ocrx_word' id='word_1_175' title='bbox 2435 1207 2670 1279; x_wconf 77' lang='grc' dir='ltr'><strong>Ἕλληνα</strong></span> <span class='ocrx_word' id='word_1_176' title='bbox 2709 1205 2885 1273; x_wconf 82' lang='grc' dir='ltr'>λόγον,</span> <span class='ocrx_word' id='word_1_177' title='bbox 2922 1202 3035 1255; x_wconf 82' lang='grc' dir='ltr'>ἀλλ’</span> <span class='ocrx_word' id='word_1_178' title='bbox 3072 1203 3130 1255; x_wconf 78' lang='grc' dir='ltr'><strong>ού</strong></span> <span class='ocrx_word' id='word_1_179' title='bbox 3174 1202 3270 1273; x_wconf 82' lang='grc' dir='ltr'><strong>τῆς</strong></span> <span class='ocrx_word' id='word_1_180' title='bbox 3320 1200 3577 1272; x_wconf 70' lang='grc' dir='ltr'>γλώσσης·</span> <span class='ocrx_word' id='word_1_181' title='bbox 3605 1204 3677 1257; x_wconf 62' lang='grc' dir='ltr'>καὶ,</span> 
     </span>
    </p>
   </div>
   <div class='ocr_carea' id='block_1_26' title="bbox 2158 1292 3676 1367">
    <p class='ocr_par' dir='ltr' id='par_1_26' title="bbox 2158 1292 3676 1367">
     <span class='ocr_line' id='line_1_26' title="bbox 2158 1292 3676 1367; baseline -0.007 -11"><span class='ocrx_word' id='word_1_182' title='bbox 2158 1303 2245 1356; x_wconf 81' lang='grc' dir='ltr'>διὰ</span> <span class='ocrx_word' id='word_1_183' title='bbox 2278 1301 2436 1355; x_wconf 77' lang='grc' dir='ltr'><strong>τοῦτο</strong></span> <span class='ocrx_word' id='word_1_184' title='bbox 2458 1340 2472 1364; x_wconf 92' lang='grc'><strong>,</strong></span> <span class='ocrx_word' id='word_1_185' title='bbox 2503 1300 2577 1363; x_wconf 87' lang='grc' dir='ltr'>ὼς</span> <span class='ocrx_word' id='word_1_186' title='bbox 2623 1296 2903 1367; x_wconf 87' lang='grc' dir='ltr'><strong>ἀλλοτρίου</strong></span> <span class='ocrx_word' id='word_1_187' title='bbox 2942 1292 3105 1347; x_wconf 86' lang='grc' dir='ltr'><strong>κα.λοῦ</strong></span> <span class='ocrx_word' id='word_1_188' title='bbox 3146 1292 3366 1364; x_wconf 82' lang='grc' dir='ltr'>φῶρας,</span> <span class='ocrx_word' id='word_1_189' title='bbox 3408 1292 3507 1346; x_wconf 81' lang='grc' dir='ltr'><strong>τῶν</strong></span> <span class='ocrx_word' id='word_1_190' title='bbox 3541 1294 3676 1362; x_wconf 80' lang='grc' dir='ltr'>λόγων</span> 
     </span>
    </p>
   </div>
   <div class='ocr_carea' id='block_1_27' title="bbox 2161 1381 3677 1464">
    <p class='ocr_par' dir='ltr' id='par_1_27' title="bbox 2161 1381 3677 1464">
     <span class='ocr_line' id='line_1_27' title="bbox 2161 1381 3677 1464; baseline -0.006 -17"><span class='ocrx_word' id='word_1_191' title='bbox 2161 1395 2305 1464; x_wconf 82' lang='grc' dir='ltr'>ἡμᾶς</span> <span class='ocrx_word' id='word_1_192' title='bbox 2338 1392 2612 1464; x_wconf 82' lang='grc' dir='ltr'><strong>ἀπήλασεν</strong></span> <span class='ocrx_word' id='word_1_193' title='bbox 2646 1390 2785 1460; x_wconf 89' lang='grc'><strong>(80)·</strong></span> <span class='ocrx_word' id='word_1_194' title='bbox 2814 1387 3001 1457; x_wconf 77' lang='grc' dir='ltr'>ὥσπερ</span> <span class='ocrx_word' id='word_1_195' title='bbox 3033 1386 3097 1439; x_wconf 80' lang='grc' dir='ltr'>ἂν</span> <span class='ocrx_word' id='word_1_196' title='bbox 3129 1387 3176 1438; x_wconf 92' lang='grc' dir='ltr'>εί</span> <span class='ocrx_word' id='word_1_197' title='bbox 3205 1386 3297 1438; x_wconf 73' lang='grc' dir='ltr'><strong>καὶ</strong></span> <span class='ocrx_word' id='word_1_198' title='bbox 3323 1384 3514 1455; x_wconf 76' lang='grc' dir='ltr'><strong>τεχνῶν</strong></span> <span class='ocrx_word' id='word_1_199' title='bbox 3539 1381 3677 1455; x_wconf 77' lang='grc' dir='ltr'>εἷρξεν</span> 
     </span>
    </p>
   </div>
   <div class='ocr_carea' id='block_1_28' title="bbox 2159 1476 3676 1557">
    <p class='ocr_par' dir='ltr' id='par_1_28' title="bbox 2159 1476 3676 1557">
     <span class='ocr_line' id='line_1_28' title="bbox 2159 1476 3676 1557; baseline -0.006 -18"><span class='ocrx_word' id='word_1_200' title='bbox 2159 1490 2336 1557; x_wconf 79' lang='grc' dir='ltr'>ἡμᾶς,</span> <span class='ocrx_word' id='word_1_201' title='bbox 2367 1487 2485 1538; x_wconf 82' lang='grc' dir='ltr'>ὅσαι</span> <span class='ocrx_word' id='word_1_202' title='bbox 2525 1482 2651 1552; x_wconf 81' lang='grc' dir='ltr'>παρ’</span> <span class='ocrx_word' id='word_1_203' title='bbox 2688 1480 2942 1551; x_wconf 86' lang='grc' dir='ltr'>Ἕλλησιν</span> <span class='ocrx_word' id='word_1_204' title='bbox 2974 1478 3252 1550; x_wconf 72' lang='grc' dir='ltr'>εὕρηνται,</span> <span class='ocrx_word' id='word_1_205' title='bbox 3293 1477 3388 1530; x_wconf 71' lang='grc' dir='ltr'>καὶ</span> <span class='ocrx_word' id='word_1_206' title='bbox 3427 1476 3568 1529; x_wconf 70' lang='grc' dir='ltr'><strong>τοῦτο</strong></span> <span class='ocrx_word' id='word_1_207' title='bbox 3591 1478 3676 1548; x_wconf 80' lang='grc'>(81)</span> 
     </span>
    </p>
   </div>
   <div class='ocr_carea' id='block_1_29' title="bbox 2160 1568 3677 1649">
    <p class='ocr_par' dir='ltr' id='par_1_29' title="bbox 2160 1568 3677 1649">
     <span class='ocr_line' id='line_1_29' title="bbox 2160 1568 3677 1649; baseline -0.007 -18"><span class='ocrx_word' id='word_1_208' title='bbox 2160 1579 2434 1649; x_wconf 77' lang='grc' dir='ltr'><strong>διαφέρειν</strong></span> <span class='ocrx_word' id='word_1_209' title='bbox 2462 1576 2609 1647; x_wconf 81' lang='grc' dir='ltr'><strong>αὐτῷ</strong></span> <span class='ocrx_word' id='word_1_210' title='bbox 2629 1574 2717 1628; x_wconf 81' lang='grc' dir='ltr'>διὰ</span> <span class='ocrx_word' id='word_1_211' title='bbox 2743 1573 2839 1645; x_wconf 84' lang='grc' dir='ltr'><strong>τὴν</strong></span> <span class='ocrx_word' id='word_1_212' title='bbox 2862 1572 3175 1643; x_wconf 83' lang='grc' dir='ltr'><strong>ὁμωνυμίαν</strong></span> <span class='ocrx_word' id='word_1_213' title='bbox 3204 1569 3447 1639; x_wconf 76' lang='grc' dir='ltr'><strong>ἐνόμισεν</strong></span> <span class='ocrx_word' id='word_1_214' title='bbox 3466 1586 3479 1598; x_wconf 81' lang='grc'><em>’</em></span> <span class='ocrx_word' id='word_1_215' title='bbox 3511 1568 3677 1633; x_wconf 78' lang='grc' dir='ltr'>ἔπειτα,</span> 
     </span>
    </p>
   </div>
   <div class='ocr_carea' id='block_1_30' title="bbox 2163 1660 3677 1738">
    <p class='ocr_par' dir='ltr' id='par_1_30' title="bbox 2163 1660 3677 1738">
     <span class='ocr_line' id='line_1_30' title="bbox 2163 1660 3677 1738; baseline -0.006 -14"><span class='ocrx_word' id='word_1_216' title='bbox 2163 1673 2244 1725; x_wconf 81' lang='grc' dir='ltr'><strong>ὅτι</strong></span> <span class='ocrx_word' id='word_1_217' title='bbox 2272 1669 2553 1723; x_wconf 78' lang='grc' dir='ltr'>λανθάνειν</span> <span class='ocrx_word' id='word_1_218' title='bbox 2584 1669 2728 1738; x_wconf 81' lang='grc' dir='ltr'>ἡμᾶς</span> <span class='ocrx_word' id='word_1_219' title='bbox 2760 1664 3046 1729; x_wconf 76' lang='grc' dir='ltr'>ὑπέλαϐεν,</span> <span class='ocrx_word' id='word_1_220' title='bbox 3081 1663 3180 1715; x_wconf 85' lang='grc' dir='ltr'><strong>οὐκ</strong></span> <span class='ocrx_word' id='word_1_221' title='bbox 3212 1660 3417 1729; x_wconf 80' lang='grc' dir='ltr'><strong>ἀγαθοῦ</strong></span> <span class='ocrx_word' id='word_1_222' title='bbox 3447 1677 3573 1723; x_wconf 89' lang='grc' dir='ltr'>τινος</span> <span class='ocrx_word' id='word_1_223' title='bbox 3596 1661 3677 1715; x_wconf 81' lang='grc' dir='ltr'><strong>τῶν</strong></span> 
     </span>
    </p>
   </div>
   <div class='ocr_carea' id='block_1_31' title="bbox 500 1750 2076 1835">
    <p class='ocr_par' dir='ltr' id='par_1_31' title="bbox 500 1761 2060 1831">
     <span class='ocr_line' id='line_1_31' title="bbox 500 1761 2060 1831; baseline -0.001 -17"><span class='ocrx_word' id='word_1_224' title='bbox 500 1762 643 1814; x_wconf 86' lang='lat' dir='ltr'><strong>nime</strong></span> <span class='ocrx_word' id='word_1_225' title='bbox 666 1776 731 1815; x_wconf 90' lang='lat' dir='ltr'><strong>eo</strong></span> <span class='ocrx_word' id='word_1_226' title='bbox 760 1762 986 1816; x_wconf 85' lang='lat' dir='ltr'><strong>consilio</strong></span> <span class='ocrx_word' id='word_1_227' title='bbox 1021 1761 1218 1829; x_wconf 79' lang='lat' dir='ltr'><strong>facere,</strong></span> <span class='ocrx_word' id='word_1_228' title='bbox 1246 1770 1303 1815; x_wconf 93' lang='lat' dir='ltr'><strong>ut</strong></span> <span class='ocrx_word' id='word_1_229' title='bbox 1339 1762 1547 1831; x_wconf 83' lang='lat' dir='ltr'><strong>insigne</strong></span> <span class='ocrx_word' id='word_1_230' title='bbox 1576 1761 1843 1831; x_wconf 84' lang='lat' dir='ltr'><strong>quoddam</strong></span> <span class='ocrx_word' id='word_1_231' title='bbox 1872 1772 1925 1815; x_wconf 91' lang='lat' dir='ltr'><strong>et</strong></span> <span class='ocrx_word' id='word_1_232' title='bbox 1958 1762 2060 1829; x_wconf 89' lang='lat' dir='ltr'><strong>pri-</strong></span> 
     </span>
    </p>
   </div>
   <div class='ocr_carea' id='block_1_32' title="bbox 2178 1750 3678 1835">
    <p class='ocr_par' dir='ltr' id='par_1_32' title="bbox 2178 1752 3678 1835">
     <span class='ocr_line' id='line_1_32' title="bbox 2178 1752 3678 1835; baseline -0.008 -19"><span class='ocrx_word' id='word_1_233' title='bbox 2178 1763 2396 1835; x_wconf 84' lang='grc' dir='ltr'><strong>πρώτων</strong></span> <span class='ocrx_word' id='word_1_234' title='bbox 2427 1761 2535 1833; x_wconf 72' lang='lat'><strong>(89.)</strong></span> <span class='ocrx_word' id='word_1_235' title='bbox 2569 1760 2962 1829; x_wconf 84' lang='grc' dir='ltr'>ἀποστερήσειν</span> <span class='ocrx_word' id='word_1_236' title='bbox 3004 1756 3231 1828; x_wconf 79' lang='grc' dir='ltr'><strong>μέλλων,</strong></span> <span class='ocrx_word' id='word_1_237' title='bbox 3257 1755 3311 1807; x_wconf 75' lang='grc' dir='ltr'><strong>οἵ</strong></span> <span class='ocrx_word' id='word_1_238' title='bbox 3328 1770 3391 1821; x_wconf 92' lang='grc' dir='ltr'><strong>γε</strong></span> <span class='ocrx_word' id='word_1_239' title='bbox 3410 1753 3497 1806; x_wconf 72' lang='grc' dir='ltr'><strong>καὶ</strong></span> <span class='ocrx_word' id='word_1_240' title='bbox 3518 1752 3678 1823; x_wconf 67' lang='grc' dir='ltr'>σφόδρα</span> 
     </span>
    </p>
   </div>
   <div class='ocr_carea' id='block_1_33' title="bbox 500 1850 2060 1921">
    <p class='ocr_par' dir='ltr' id='par_1_33' title="bbox 500 1850 2060 1921">
     <span class='ocr_line' id='line_1_33' title="bbox 500 1850 2060 1921; baseline 0 -17"><span class='ocrx_word' id='word_1_241' title='bbox 500 1850 729 1904; x_wconf 86' lang='lat' dir='ltr'><strong>marium</strong></span> <span class='ocrx_word' id='word_1_242' title='bbox 764 1851 958 1905; x_wconf 91' lang='lat' dir='ltr'><strong>bonum</strong></span> <span class='ocrx_word' id='word_1_243' title='bbox 984 1852 1138 1906; x_wconf 88' lang='lat' dir='ltr'><strong>nobis</strong></span> <span class='ocrx_word' id='word_1_244' title='bbox 1170 1852 1426 1921; x_wconf 85' lang='lat' dir='ltr'><strong>eriperet,</strong></span> <span class='ocrx_word' id='word_1_245' title='bbox 1456 1852 1653 1921; x_wconf 89' lang='lat' dir='ltr'><strong>quippe</strong></span> <span class='ocrx_word' id='word_1_246' title='bbox 1689 1852 1780 1921; x_wconf 87' lang='lat' dir='ltr'><strong>qui</strong></span> <span class='ocrx_word' id='word_1_247' title='bbox 1816 1854 1913 1906; x_wconf 88' lang='lat' dir='ltr'><strong>hos</strong></span> <span class='ocrx_word' id='word_1_248' title='bbox 1947 1867 2060 1906; x_wconf 77' lang='lat' dir='ltr'><strong>ser-</strong></span> 
     </span>
    </p>
   </div>
   <div class='ocr_carea' id='block_1_34' title="bbox 500 1940 2051 2012">
    <p class='ocr_par' dir='ltr' id='par_1_34' title="bbox 500 1940 2051 2012">
     <span class='ocr_line' id='line_1_34' title="bbox 500 1940 2051 2012; baseline 0 -15"><span class='ocrx_word' id='word_1_249' title='bbox 500 1955 689 1998; x_wconf 89' lang='lat' dir='ltr'><strong>mones</strong></span> <span class='ocrx_word' id='word_1_250' title='bbox 716 1940 973 2009; x_wconf 86' lang='lat' dir='ltr'><strong>majorem</strong></span> <span class='ocrx_word' id='word_1_251' title='bbox 1001 1942 1242 1997; x_wconf 83' lang='lat' dir='ltr'><strong>etiamin</strong></span> <span class='ocrx_word' id='word_1_252' title='bbox 1291 1942 1505 1997; x_wconf 90' lang='lat' dir='ltr'><strong>modum</strong></span> <span class='ocrx_word' id='word_1_253' title='bbox 1542 1957 1932 2012; x_wconf 86' lang='lat' dir='ltr'><strong>aspernemur:</strong></span> <span class='ocrx_word' id='word_1_254' title='bbox 1970 1958 2051 1997; x_wconf 85' lang='lat' dir='ltr'><strong>ve-</strong></span> 
     </span>
    </p>
   </div>
   <div class='ocr_carea' id='block_1_35' title="bbox 503 2032 2063 2101">
    <p class='ocr_par' dir='ltr' id='par_1_35' title="bbox 503 2032 2063 2101">
     <span class='ocr_line' id='line_1_35' title="bbox 503 2032 2063 2101; baseline 0.002 -17"><span class='ocrx_word' id='word_1_255' title='bbox 503 2046 621 2084; x_wconf 86' lang='lat' dir='ltr'><strong>rum</strong></span> <span class='ocrx_word' id='word_1_256' title='bbox 644 2032 766 2101; x_wconf 84' lang='lat' dir='ltr'><strong>quia</strong></span> <span class='ocrx_word' id='word_1_257' title='bbox 793 2032 1083 2101; x_wconf 88' lang='lat' dir='ltr'><strong>impietatis</strong></span> <span class='ocrx_word' id='word_1_258' title='bbox 1111 2032 1503 2089; x_wconf 86' lang='lat' dir='ltr'><strong>confutationes</strong></span> <span class='ocrx_word' id='word_1_259' title='bbox 1523 2033 1930 2100; x_wconf 80' lang='lat' dir='ltr'><strong>extimescebat,</strong></span> <span class='ocrx_word' id='word_1_260' title='bbox 1952 2033 2063 2089; x_wconf 87' lang='lat' dir='ltr'><strong>vel-</strong></span> 
     </span>
    </p>
   </div>
   <div class='ocr_carea' id='block_1_36' title="bbox 508 2125 2065 2195">
    <p class='ocr_par' dir='ltr' id='par_1_36' title="bbox 508 2125 2065 2195">
     <span class='ocr_line' id='line_1_36' title="bbox 508 2125 2065 2195; baseline -0.001 -15"><span class='ocrx_word' id='word_1_261' title='bbox 508 2136 568 2180; x_wconf 92' lang='lat' dir='ltr'><strong>ut</strong></span> <span class='ocrx_word' id='word_1_262' title='bbox 590 2126 643 2178; x_wconf 91' lang='lat' dir='ltr'><strong>in</strong></span> <span class='ocrx_word' id='word_1_263' title='bbox 680 2126 930 2179; x_wconf 86' lang='lat' dir='ltr'><strong>dictionis</strong></span> <span class='ocrx_word' id='word_1_264' title='bbox 958 2125 1223 2193; x_wconf 84' lang='lat' dir='ltr'><strong>elegantia</strong></span> <span class='ocrx_word' id='word_1_265' title='bbox 1250 2127 1643 2195; x_wconf 81' lang='lat' dir='ltr'><strong>verborumque</strong></span> <span class='ocrx_word' id='word_1_266' title='bbox 1672 2125 1942 2181; x_wconf 89' lang='lat' dir='ltr'><strong>lenocinio</strong></span> <span class='ocrx_word' id='word_1_267' title='bbox 1980 2142 2065 2180; x_wconf 88' lang='lat' dir='ltr'><strong>ro-</strong></span> 
     </span>
    </p>
   </div>
   <div class='ocr_carea' id='block_1_37' title="bbox 504 2204 2065 2290">
    <p class='ocr_par' dir='ltr' id='par_1_37' title="bbox 504 2204 2065 2290">
     <span class='ocr_line' id='line_1_37' title="bbox 504 2204 2065 2290; baseline 0.004 -20"><span class='ocrx_word' id='word_1_268' title='bbox 504 2218 607 2271; x_wconf 88' lang='lat' dir='ltr'><strong>bur</strong></span> <span class='ocrx_word' id='word_1_269' title='bbox 632 2216 915 2282; x_wconf 87' lang='lat' dir='ltr'><strong>habentes,</strong></span> <span class='ocrx_word' id='word_1_270' title='bbox 942 2232 1006 2271; x_wconf 93' lang='lat' dir='ltr'><strong>ac</strong></span> <span class='ocrx_word' id='word_1_271' title='bbox 1035 2233 1142 2272; x_wconf 88' lang='lat' dir='ltr'><strong>non</strong></span> <span class='ocrx_word' id='word_1_272' title='bbox 1182 2219 1360 2287; x_wconf 87' lang='lat' dir='ltr'><strong>potius</strong></span> <span class='ocrx_word' id='word_1_273' title='bbox 1392 2204 1461 2273; x_wconf 41' lang='lat' dir='ltr'><strong>in.</strong></span> <span class='ocrx_word' id='word_1_274' title='bbox 1482 2220 1725 2275; x_wconf 80' lang='lat' dir='ltr'><strong>veritatis</strong></span> <span class='ocrx_word' id='word_1_275' title='bbox 1758 2221 2065 2290; x_wconf 83' lang='lat' dir='ltr'><strong>cognitione</strong></span> 
     </span>
    </p>
   </div>
   <div class='ocr_carea' id='block_1_38' title="bbox 504 2308 2066 2378">
    <p class='ocr_par' dir='ltr' id='par_1_38' title="bbox 504 2308 2066 2378">
     <span class='ocr_line' id='line_1_38' title="bbox 504 2308 2066 2378; baseline 0 -19"><span class='ocrx_word' id='word_1_276' title='bbox 504 2316 668 2377; x_wconf 85' lang='lat' dir='ltr'><strong>atque</strong></span> <span class='ocrx_word' id='word_1_277' title='bbox 695 2309 1094 2376; x_wconf 76' lang='lat' dir='ltr'><strong>argumentis,a</strong></span> <span class='ocrx_word' id='word_1_278' title='bbox 1131 2309 1325 2377; x_wconf 89' lang='lat' dir='ltr'><strong>quibus</strong></span> <span class='ocrx_word' id='word_1_279' title='bbox 1358 2308 1536 2362; x_wconf 90' lang='lat' dir='ltr'><strong>minus</strong></span> <span class='ocrx_word' id='word_1_280' title='bbox 1577 2309 1847 2378; x_wconf 89' lang='lat' dir='ltr'><strong>compesci</strong></span> <span class='ocrx_word' id='word_1_281' title='bbox 1877 2323 1941 2361; x_wconf 89' lang='lat' dir='ltr'><strong>ac</strong></span> <span class='ocrx_word' id='word_1_282' title='bbox 1980 2324 2066 2361; x_wconf 45' lang='lat' dir='ltr'><strong>re?</strong></span> 
     </span>
    </p>
   </div>
   <div class='ocr_carea' id='block_1_39' title="bbox 502 2398 2069 2468">
    <p class='ocr_par' dir='ltr' id='par_1_39' title="bbox 502 2398 2069 2468">
     <span class='ocr_line' id='line_1_39' title="bbox 502 2398 2069 2468; baseline 0.001 -17"><span class='ocrx_word' id='word_1_283' title='bbox 502 2398 661 2468; x_wconf 87' lang='lat' dir='ltr'><strong>primi</strong></span> <span class='ocrx_word' id='word_1_284' title='bbox 704 2412 1007 2467; x_wconf 88' lang='lat' dir='ltr'><strong>possumus,</strong></span> <span class='ocrx_word' id='word_1_285' title='bbox 1043 2413 1203 2467; x_wconf 87' lang='lat' dir='ltr'><strong>quam</strong></span> <span class='ocrx_word' id='word_1_286' title='bbox 1239 2399 1492 2463; x_wconf 86' lang='lat' dir='ltr'><strong>inhiberi,</strong></span> <span class='ocrx_word' id='word_1_287' title='bbox 1528 2414 1598 2454; x_wconf 89' lang='lat' dir='ltr'><strong>ne</strong></span> <span class='ocrx_word' id='word_1_288' title='bbox 1628 2398 1794 2455; x_wconf 88' lang='lat' dir='ltr'><strong>Deum</strong></span> <span class='ocrx_word' id='word_1_289' title='bbox 1821 2399 2069 2453; x_wconf 82' lang='lat' dir='ltr'><strong>conﬁtea-</strong></span> 
     </span>
    </p>
   </div>
   <div class='ocr_carea' id='block_1_40' title="bbox 504 2488 2067 2560">
    <p class='ocr_par' dir='ltr' id='par_1_40' title="bbox 504 2488 2067 2560">
     <span class='ocr_line' id='line_1_40' title="bbox 504 2488 2067 2560; baseline 0.001 -18"><span class='ocrx_word' id='word_1_290' title='bbox 504 2503 644 2551; x_wconf 87' lang='lat' dir='ltr'><strong>mur,</strong></span> <span class='ocrx_word' id='word_1_291' title='bbox 672 2504 793 2543; x_wconf 89' lang='lat' dir='ltr'><strong>cum</strong></span> <span class='ocrx_word' id='word_1_292' title='bbox 841 2488 1077 2559; x_wconf 83' lang='lat' dir='ltr'><strong>linguam</strong></span> <span class='ocrx_word' id='word_1_293' title='bbox 1132 2490 1926 2560; x_wconf 86' lang='lat' dir='ltr'><strong>habeamus;quandoquidem</strong></span> <span class='ocrx_word' id='word_1_294' title='bbox 1964 2506 2067 2545; x_wconf 89' lang='lat' dir='ltr'><strong>una</strong></span> 
     </span>
    </p>
   </div>
   <div class='ocr_carea' id='block_1_41' title="bbox 505 2580 2069 2651">
    <p class='ocr_par' dir='ltr' id='par_1_41' title="bbox 505 2580 2069 2651">
     <span class='ocr_line' id='line_1_41' title="bbox 505 2580 2069 2651; baseline 0.001 -16"><span class='ocrx_word' id='word_1_295' title='bbox 505 2594 627 2635; x_wconf 91' lang='lat' dir='ltr'><strong>cum</strong></span> <span class='ocrx_word' id='word_1_296' title='bbox 657 2580 777 2635; x_wconf 90' lang='lat' dir='ltr'><strong>aliis</strong></span> <span class='ocrx_word' id='word_1_297' title='bbox 801 2580 960 2637; x_wconf 87' lang='lat' dir='ltr'><strong>rebus</strong></span> <span class='ocrx_word' id='word_1_298' title='bbox 978 2596 1283 2636; x_wconf 88' lang='lat' dir='ltr'><strong>sermonem</strong></span> <span class='ocrx_word' id='word_1_299' title='bbox 1313 2582 1476 2636; x_wconf 86' lang='lat' dir='ltr'><strong>etiam</strong></span> <span class='ocrx_word' id='word_1_300' title='bbox 1505 2580 1862 2646; x_wconf 72' lang='lat' dir='ltr'><strong>immolemus,</strong></span> <span class='ocrx_word' id='word_1_301' title='bbox 1882 2598 2069 2651; x_wconf 87' lang='lat' dir='ltr'><strong>quem-</strong></span> 
     </span>
    </p>
   </div>
   <div class='ocr_carea' id='block_1_42' title="bbox 507 2674 2067 2745">
    <p class='ocr_par' dir='ltr' id='par_1_42' title="bbox 507 2674 2067 2745">
     <span class='ocr_line' id='line_1_42' title="bbox 507 2674 2067 2745; baseline 0.004 -22"><span class='ocrx_word' id='word_1_302' title='bbox 507 2674 795 2731; x_wconf 82' lang='lat' dir='ltr'><strong>admodum</strong></span> <span class='ocrx_word' id='word_1_303' title='bbox 830 2682 885 2728; x_wconf 87' lang='lat' dir='ltr'><strong>et</strong></span> <span class='ocrx_word' id='word_1_304' title='bbox 920 2688 1170 2745; x_wconf 74' lang='lat' dir='ltr'><strong>corpora,</strong></span> <span class='ocrx_word' id='word_1_305' title='bbox 1203 2674 1417 2743; x_wconf 88' lang='lat' dir='ltr'><strong>quoties</strong></span> <span class='ocrx_word' id='word_1_306' title='bbox 1466 2690 1553 2729; x_wconf 85' lang='lat' dir='ltr'><strong>res</strong></span> <span class='ocrx_word' id='word_1_307' title='bbox 1593 2676 1665 2729; x_wconf 87' lang='lat' dir='ltr'><strong>ita</strong></span> <span class='ocrx_word' id='word_1_308' title='bbox 1717 2685 1845 2729; x_wconf 87' lang='lat' dir='ltr'><strong>nata</strong></span> <span class='ocrx_word' id='word_1_309' title='bbox 1887 2675 2067 2739; x_wconf 91' lang='lat' dir='ltr'><strong>fuerit,</strong></span> 
     </span>
    </p>
   </div>
   <div class='ocr_carea' id='block_1_43' title="bbox 508 2764 2072 2835">
    <p class='ocr_par' dir='ltr' id='par_1_43' title="bbox 508 2764 2072 2835">
     <span class='ocr_line' id='line_1_43' title="bbox 508 2764 2072 2835; baseline 0.004 -20"><span class='ocrx_word' id='word_1_310' title='bbox 508 2776 565 2816; x_wconf 94' lang='lat' dir='ltr'><strong>ut</strong></span> <span class='ocrx_word' id='word_1_311' title='bbox 595 2764 678 2818; x_wconf 91' lang='lat' dir='ltr'><strong>his</strong></span> <span class='ocrx_word' id='word_1_312' title='bbox 710 2779 922 2833; x_wconf 90' lang='lat' dir='ltr'><strong>quoque</strong></span> <span class='ocrx_word' id='word_1_313' title='bbox 954 2781 1051 2835; x_wconf 90' lang='lat' dir='ltr'><strong>pro</strong></span> <span class='ocrx_word' id='word_1_314' title='bbox 1074 2766 1317 2822; x_wconf 83' lang='lat' dir='ltr'><strong>veritatis</strong></span> <span class='ocrx_word' id='word_1_315' title='bbox 1358 2767 1672 2823; x_wconf 88' lang='lat' dir='ltr'><strong>defensione</strong></span> <span class='ocrx_word' id='word_1_316' title='bbox 1696 2767 1954 2821; x_wconf 85' lang='lat' dir='ltr'><strong>dimicare</strong></span> <span class='ocrx_word' id='word_1_317' title='bbox 1984 2781 2072 2822; x_wconf 87' lang='lat' dir='ltr'><strong>ne-</strong></span> 
     </span>
    </p>
   </div>
   <div class='ocr_carea' id='block_1_44' title="bbox 508 2855 2074 2927">
    <p class='ocr_par' dir='ltr' id='par_1_44' title="bbox 508 2855 2074 2927">
     <span class='ocr_line' id='line_1_44' title="bbox 508 2855 2074 2927; baseline 0 -17"><span class='ocrx_word' id='word_1_318' title='bbox 508 2870 659 2910; x_wconf 86' lang='lat' dir='ltr'><strong>cesse</strong></span> <span class='ocrx_word' id='word_1_319' title='bbox 682 2855 775 2910; x_wconf 90' lang='lat' dir='ltr'><strong>sit.</strong></span> <span class='ocrx_word' id='word_1_320' title='bbox 800 2855 999 2921; x_wconf 84' lang='lat' dir='ltr'><strong>Quare,</strong></span> <span class='ocrx_word' id='word_1_321' title='bbox 1032 2856 1122 2927; x_wconf 88' lang='lat' dir='ltr'><strong>qui</strong></span> <span class='ocrx_word' id='word_1_322' title='bbox 1179 2857 1281 2912; x_wconf 89' lang='lat' dir='ltr'><strong>hoc</strong></span> <span class='ocrx_word' id='word_1_323' title='bbox 1314 2856 1513 2921; x_wconf 81' lang='lat' dir='ltr'><strong>edixit,</strong></span> <span class='ocrx_word' id='word_1_324' title='bbox 1548 2856 1724 2910; x_wconf 81' lang='lat' dir='ltr'><strong>Attice</strong></span> <span class='ocrx_word' id='word_1_325' title='bbox 1758 2855 1972 2925; x_wconf 87' lang='lat' dir='ltr'><strong>quidem</strong></span> <span class='ocrx_word' id='word_1_326' title='bbox 2020 2866 2074 2910; x_wconf 87' lang='lat' dir='ltr'><strong>et</strong></span> 
     </span>
    </p>
   </div>
   <div class='ocr_carea' id='block_1_45' title="bbox 2166 1842 3681 1925">
    <p class='ocr_par' dir='ltr' id='par_1_45' title="bbox 2166 1842 3681 1925">
     <span class='ocr_line' id='line_1_45' title="bbox 2166 1842 3681 1925; baseline -0.009 -18"><span class='ocrx_word' id='word_1_327' title='bbox 2166 1854 2387 1916; x_wconf 77' lang='grc' dir='ltr'><strong>τούτους</strong></span> <span class='ocrx_word' id='word_1_328' title='bbox 2418 1850 2848 1925; x_wconf 82' lang='grc' dir='ltr'>περιφρονοῦμεν</span> <span class='ocrx_word' id='word_1_329' title='bbox 2876 1850 3000 1911; x_wconf 78' lang='grc' dir='ltr'><strong>τοὺς</strong></span> <span class='ocrx_word' id='word_1_330' title='bbox 3025 1847 3241 1915; x_wconf 81' lang='grc' dir='ltr'><strong>λόγους·</strong></span> <span class='ocrx_word' id='word_1_331' title='bbox 3270 1844 3402 1898; x_wconf 82' lang='grc' dir='ltr'>ἀλλὰ</span> <span class='ocrx_word' id='word_1_332' title='bbox 3426 1845 3538 1906; x_wconf 73' lang='grc' dir='ltr'><strong>τοὺς</strong></span> <span class='ocrx_word' id='word_1_333' title='bbox 3564 1842 3681 1912; x_wconf 81' lang='grc' dir='ltr'>ἐλέγ-</span> 
     </span>
    </p>
   </div>
   <div class='ocr_carea' id='block_1_46' title="bbox 2168 1935 3678 2018">
    <p class='ocr_par' dir='ltr' id='par_1_46' title="bbox 2168 1935 3678 2018">
     <span class='ocr_line' id='line_1_46' title="bbox 2168 1935 3678 2018; baseline -0.009 -18"><span class='ocrx_word' id='word_1_334' title='bbox 2168 1964 2295 2018; x_wconf 82' lang='grc' dir='ltr'><strong>χους</strong></span> <span class='ocrx_word' id='word_1_335' title='bbox 2334 1947 2432 2015; x_wconf 80' lang='grc' dir='ltr'><strong>τῆς</strong></span> <span class='ocrx_word' id='word_1_336' title='bbox 2470 1943 2725 2005; x_wconf 78' lang='grc' dir='ltr'>ἀσεϐείας</span> <span class='ocrx_word' id='word_1_337' title='bbox 2781 1940 2891 2012; x_wconf 79' lang='grc'>(85)</span> <span class='ocrx_word' id='word_1_338' title='bbox 2942 1937 3294 2010; x_wconf 76' lang='grc' dir='ltr'>φοϐούμενος.</span> <span class='ocrx_word' id='word_1_339' title='bbox 3344 1935 3518 2005; x_wconf 81' lang='grc' dir='ltr'>ὥσπερ</span> <span class='ocrx_word' id='word_1_340' title='bbox 3543 1937 3591 1987; x_wconf 81' lang='grc' dir='ltr'><strong>ὲν</strong></span> <span class='ocrx_word' id='word_1_341' title='bbox 3628 1938 3678 2005; x_wconf 77' lang='grc' dir='ltr'><strong>τῆ</strong></span> 
     </span>
    </p>
   </div>
   <div class='ocr_carea' id='block_1_47' title="bbox 2169 2028 3679 2109">
    <p class='ocr_par' dir='ltr' id='par_1_47' title="bbox 2169 2028 3679 2109">
     <span class='ocr_line' id='line_1_47' title="bbox 2169 2028 3679 2109; baseline -0.008 -18"><span class='ocrx_word' id='word_1_342' title='bbox 2169 2038 2405 2109; x_wconf 78' lang='grc' dir='ltr'>κομψείᾳ</span> <span class='ocrx_word' id='word_1_343' title='bbox 2448 2036 2548 2106; x_wconf 88' lang='grc' dir='ltr'>τῆς</span> <span class='ocrx_word' id='word_1_344' title='bbox 2576 2034 2773 2100; x_wconf 81' lang='grc' dir='ltr'>λέξεως</span> <span class='ocrx_word' id='word_1_345' title='bbox 2810 2033 2909 2105; x_wconf 81' lang='grc' dir='ltr'><strong>τὴν</strong></span> <span class='ocrx_word' id='word_1_346' title='bbox 2950 2033 3099 2103; x_wconf 77' lang='grc' dir='ltr'>ἰσχὺν</span> <span class='ocrx_word' id='word_1_347' title='bbox 3132 2030 3373 2101; x_wconf 78' lang='grc' dir='ltr'>ἔχοντας,</span> <span class='ocrx_word' id='word_1_348' title='bbox 3403 2028 3505 2081; x_wconf 84' lang='grc' dir='ltr'>ἀλλ’</span> <span class='ocrx_word' id='word_1_349' title='bbox 3532 2028 3613 2080; x_wconf 82' lang='grc' dir='ltr'><strong>ούκ</strong></span> <span class='ocrx_word' id='word_1_350' title='bbox 3638 2029 3679 2080; x_wconf 83' lang='grc' dir='ltr'><strong>ὲν</strong></span> 
     </span>
    </p>
   </div>
   <div class='ocr_carea' id='block_1_48' title="bbox 2168 2112 3681 2199">
    <p class='ocr_par' dir='ltr' id='par_1_48' title="bbox 2168 2112 3681 2199">
     <span class='ocr_line' id='line_1_48' title="bbox 2168 2112 3681 2199; baseline -0.008 -18"><span class='ocrx_word' id='word_1_351' title='bbox 2168 2132 2232 2199; x_wconf 82' lang='grc' dir='ltr'><strong>τῇ</strong></span> <span class='ocrx_word' id='word_1_352' title='bbox 2269 2127 2464 2196; x_wconf 84' lang='grc' dir='ltr'>γνώσει</span> <span class='ocrx_word' id='word_1_353' title='bbox 2505 2127 2605 2197; x_wconf 82' lang='grc' dir='ltr'><strong>τῆς</strong></span> <span class='ocrx_word' id='word_1_354' title='bbox 2648 2124 2900 2195; x_wconf 79' lang='grc' dir='ltr'><strong>ἀληθείας</strong></span> <span class='ocrx_word' id='word_1_355' title='bbox 2945 2124 3041 2178; x_wconf 77' lang='grc' dir='ltr'>καὶ</span> <span class='ocrx_word' id='word_1_356' title='bbox 3082 2125 3193 2185; x_wconf 84' lang='grc' dir='ltr'><strong>τοῖς</strong></span> <span class='ocrx_word' id='word_1_357' title='bbox 3240 2112 3681 2190; x_wconf 72' lang='grc' dir='ltr'>ὲνθυμήμασιν,ὦν</span> 
     </span>
    </p>
   </div>
   <div class='ocr_carea' id='block_1_49' title="bbox 2172 2208 3681 2288">
    <p class='ocr_par' dir='ltr' id='par_1_49' title="bbox 2172 2208 3681 2288">
     <span class='ocr_line' id='line_1_49' title="bbox 2172 2208 3681 2288; baseline -0.006 -17"><span class='ocrx_word' id='word_1_358' title='bbox 2172 2220 2411 2287; x_wconf 79' lang='grc' dir='ltr'>ἐπισχεῖν</span> <span class='ocrx_word' id='word_1_359' title='bbox 2447 2218 2592 2288; x_wconf 77' lang='grc' dir='ltr'>ἡμᾶς</span> <span class='ocrx_word' id='word_1_360' title='bbox 2635 2214 3037 2286; x_wconf 84' lang='grc' dir='ltr'><strong>ἀδυνατώτερον</strong></span> <span class='ocrx_word' id='word_1_361' title='bbox 3067 2213 3175 2283; x_wconf 71' lang='grc'>(84)</span> <span class='ocrx_word' id='word_1_362' title='bbox 3205 2213 3240 2283; x_wconf 86' lang='grc' dir='ltr'><strong>ἢ</strong></span> <span class='ocrx_word' id='word_1_363' title='bbox 3272 2212 3363 2264; x_wconf 69' lang='grc' dir='ltr'><strong>τὸν</strong></span> <span class='ocrx_word' id='word_1_364' title='bbox 3390 2210 3510 2263; x_wconf 81' lang='grc' dir='ltr'>Θεὸν</span> <span class='ocrx_word' id='word_1_365' title='bbox 3535 2208 3681 2279; x_wconf 79' lang='grc' dir='ltr'><strong>ὁμολο-</strong></span> 
     </span>
    </p>
   </div>
   <div class='ocr_carea' id='block_1_50' title="bbox 2173 2304 3682 2379">
    <p class='ocr_par' dir='ltr' id='par_1_50' title="bbox 2173 2304 3682 2379">
     <span class='ocr_line' id='line_1_50' title="bbox 2173 2304 3682 2379; baseline -0.007 -16"><span class='ocrx_word' id='word_1_366' title='bbox 2173 2313 2288 2377; x_wconf 85' lang='grc' dir='ltr'>γεῖν</span> <span class='ocrx_word' id='word_1_367' title='bbox 2316 2309 2425 2379; x_wconf 80' lang='grc'>(85)</span> <span class='ocrx_word' id='word_1_368' title='bbox 2454 2309 2704 2379; x_wconf 83' lang='grc' dir='ltr'>γλῶσσαν</span> <span class='ocrx_word' id='word_1_369' title='bbox 2735 2307 2955 2377; x_wconf 77' lang='grc' dir='ltr'><strong>ἔχοντας</strong></span> <span class='ocrx_word' id='word_1_370' title='bbox 2975 2324 2988 2336; x_wconf 76' lang='grc' dir='ltr'>ο</span> <span class='ocrx_word' id='word_1_371' title='bbox 3020 2305 3141 2358; x_wconf 76' lang='grc' dir='ltr'>ἐπεὶ</span> <span class='ocrx_word' id='word_1_372' title='bbox 3166 2305 3263 2358; x_wconf 74' lang='grc' dir='ltr'><strong>καὶ</strong></span> <span class='ocrx_word' id='word_1_373' title='bbox 3288 2305 3439 2358; x_wconf 84' lang='grc' dir='ltr'><strong>τοῦτο</strong></span> <span class='ocrx_word' id='word_1_374' title='bbox 3468 2304 3585 2375; x_wconf 84' lang='grc' dir='ltr'><strong>μετά</strong></span> <span class='ocrx_word' id='word_1_375' title='bbox 3603 2304 3682 2354; x_wconf 82' lang='grc' dir='ltr'><strong>τῶν</strong></span> 
     </span>
    </p>
   </div>
   <div class='ocr_carea' id='block_1_51' title="bbox 2171 2390 3678 2473">
    <p class='ocr_par' dir='ltr' id='par_1_51' title="bbox 2171 2390 3678 2473">
     <span class='ocr_line' id='line_1_51' title="bbox 2171 2390 3678 2473; baseline -0.005 -18"><span class='ocrx_word' id='word_1_376' title='bbox 2171 2402 2343 2456; x_wconf 85' lang='grc' dir='ltr'>ἄλλων</span> <span class='ocrx_word' id='word_1_377' title='bbox 2372 2400 2756 2473; x_wconf 82' lang='grc' dir='ltr'>ίερουργοῢμεν</span> <span class='ocrx_word' id='word_1_378' title='bbox 2803 2390 2895 2453; x_wconf 80' lang='grc' dir='ltr'><strong>τὸν</strong></span> <span class='ocrx_word' id='word_1_379' title='bbox 2922 2400 3077 2467; x_wconf 89' lang='grc' dir='ltr'><strong>λόγον</strong></span> <span class='ocrx_word' id='word_1_380' title='bbox 3099 2440 3113 2463; x_wconf 93' lang='grc'><strong>,</strong></span> <span class='ocrx_word' id='word_1_381' title='bbox 3152 2398 3344 2468; x_wconf 82' lang='grc' dir='ltr'>ὥσπερ</span> <span class='ocrx_word' id='word_1_382' title='bbox 3379 2396 3444 2449; x_wconf 88' lang='grc' dir='ltr'><strong>τά</strong></span> <span class='ocrx_word' id='word_1_383' title='bbox 3483 2394 3678 2466; x_wconf 78' lang='grc' dir='ltr'>σώματα,</span> 
     </span>
    </p>
   </div>
   <div class='ocr_carea' id='block_1_52' title="bbox 2172 2483 3683 2562">
    <p class='ocr_par' dir='ltr' id='par_1_52' title="bbox 2172 2483 3683 2562">
     <span class='ocr_line' id='line_1_52' title="bbox 2172 2483 3683 2562; baseline -0.005 -19"><span class='ocrx_word' id='word_1_384' title='bbox 2172 2493 2333 2562; x_wconf 79' lang='grc' dir='ltr'><strong>ἡνίκα</strong></span> <span class='ocrx_word' id='word_1_385' title='bbox 2372 2490 2437 2545; x_wconf 82' lang='grc' dir='ltr'>ἂν</span> <span class='ocrx_word' id='word_1_386' title='bbox 2472 2490 2567 2543; x_wconf 73' lang='grc' dir='ltr'><strong>καὶ</strong></span> <span class='ocrx_word' id='word_1_387' title='bbox 2594 2488 2803 2552; x_wconf 79' lang='grc' dir='ltr'><strong>τούτοις</strong></span> <span class='ocrx_word' id='word_1_388' title='bbox 2824 2487 3184 2557; x_wconf 75' lang='grc' dir='ltr'>ἀγωνίζεσθαι</span> <span class='ocrx_word' id='word_1_389' title='bbox 3210 2487 3309 2559; x_wconf 82' lang='grc' dir='ltr'>δέῃ</span> <span class='ocrx_word' id='word_1_390' title='bbox 3330 2486 3452 2556; x_wconf 67' lang='grc' dir='ltr'>περὶ</span> <span class='ocrx_word' id='word_1_391' title='bbox 3476 2486 3559 2554; x_wconf 76' lang='grc' dir='ltr'><strong>τῆς</strong></span> <span class='ocrx_word' id='word_1_392' title='bbox 3585 2483 3683 2551; x_wconf 71' lang='grc' dir='ltr'>ἁλη-</span> 
     </span>
    </p>
   </div>
   <div class='ocr_carea' id='block_1_53' title="bbox 2172 2572 3683 2653">
    <p class='ocr_par' dir='ltr' id='par_1_53' title="bbox 2172 2572 3683 2653">
     <span class='ocr_line' id='line_1_53' title="bbox 2172 2572 3683 2653; baseline -0.009 -16"><span class='ocrx_word' id='word_1_393' title='bbox 2172 2584 2321 2646; x_wconf 88' lang='grc' dir='ltr'>θείας</span> <span class='ocrx_word' id='word_1_394' title='bbox 2340 2596 2353 2611; x_wconf 86' lang='lat'><strong><em>°</em></strong></span> <span class='ocrx_word' id='word_1_395' title='bbox 2384 2582 2523 2635; x_wconf 81' lang='grc' dir='ltr'>ὥστε</span> <span class='ocrx_word' id='word_1_396' title='bbox 2552 2584 2580 2636; x_wconf 86' lang='grc' dir='ltr'><strong>ό</strong></span> <span class='ocrx_word' id='word_1_397' title='bbox 2604 2582 2759 2635; x_wconf 79' lang='grc' dir='ltr'><strong>τοῦτο</strong></span> <span class='ocrx_word' id='word_1_398' title='bbox 2790 2580 3095 2653; x_wconf 81' lang='grc' dir='ltr'>προστάξας</span> <span class='ocrx_word' id='word_1_399' title='bbox 3133 2578 3451 2642; x_wconf 74' lang='grc' dir='ltr'><strong>Ἀττικίζειν</strong></span> <span class='ocrx_word' id='word_1_400' title='bbox 3480 2576 3563 2646; x_wconf 85' lang='grc' dir='ltr'><strong>μὲν</strong></span> <span class='ocrx_word' id='word_1_401' title='bbox 3582 2572 3683 2626; x_wconf 76' lang='grc' dir='ltr'><strong>ἑκώ-</strong></span> 
     </span>
    </p>
   </div>
   <div class='ocr_carea' id='block_1_54' title="bbox 2173 2668 3682 2745">
    <p class='ocr_par' dir='ltr' id='par_1_54' title="bbox 2173 2668 3682 2745">
     <span class='ocr_line' id='line_1_54' title="bbox 2173 2668 3682 2745; baseline -0.007 -16"><span class='ocrx_word' id='word_1_402' title='bbox 2173 2676 2322 2739; x_wconf 88' lang='grc' dir='ltr'>λυσε,</span> <span class='ocrx_word' id='word_1_403' title='bbox 2350 2674 2412 2727; x_wconf 84' lang='grc' dir='ltr'><strong>τὸ</strong></span> <span class='ocrx_word' id='word_1_404' title='bbox 2452 2675 2509 2729; x_wconf 80' lang='grc' dir='ltr'><strong>δὲ</strong></span> <span class='ocrx_word' id='word_1_405' title='bbox 2541 2673 2827 2745; x_wconf 82' lang='grc' dir='ltr'>ἀληθεύειν</span> <span class='ocrx_word' id='word_1_406' title='bbox 2864 2673 2963 2727; x_wconf 78' lang='grc' dir='ltr'><strong>οὐκ</strong></span> <span class='ocrx_word' id='word_1_407' title='bbox 2992 2672 3193 2726; x_wconf 76' lang='grc' dir='ltr'>ἔπαυσε</span> <span class='ocrx_word' id='word_1_408' title='bbox 3214 2688 3228 2702; x_wconf 72' lang='grc'><strong><em>⁸</em></strong></span> <span class='ocrx_word' id='word_1_409' title='bbox 3274 2672 3367 2723; x_wconf 73' lang='grc' dir='ltr'>καὶ</span> <span class='ocrx_word' id='word_1_410' title='bbox 3394 2671 3453 2722; x_wconf 77' lang='grc' dir='ltr'><strong>τὸ</strong></span> <span class='ocrx_word' id='word_1_411' title='bbox 3482 2668 3566 2739; x_wconf 82' lang='grc' dir='ltr'><strong>μὲν</strong></span> <span class='ocrx_word' id='word_1_412' title='bbox 3588 2668 3682 2720; x_wconf 66' lang='lat' dir='ltr'><strong>tau-</strong></span> 
     </span>
    </p>
   </div>
   <div class='ocr_carea' id='block_1_55' title="bbox 2176 2758 3681 2835">
    <p class='ocr_par' dir='ltr' id='par_1_55' title="bbox 2176 2758 3681 2835">
     <span class='ocr_line' id='line_1_55' title="bbox 2176 2758 3681 2835; baseline -0.007 -17"><span class='ocrx_word' id='word_1_413' title='bbox 2176 2764 2268 2818; x_wconf 76' lang='grc' dir='ltr'><strong>τοῦ</strong></span> <span class='ocrx_word' id='word_1_414' title='bbox 2313 2763 2507 2835; x_wconf 83' lang='grc' dir='ltr'>σαθρὸν</span> <span class='ocrx_word' id='word_1_415' title='bbox 2551 2762 2765 2835; x_wconf 74' lang='grc' dir='ltr'>ήλεγξε,</span> <span class='ocrx_word' id='word_1_416' title='bbox 2811 2764 2935 2826; x_wconf 79' lang='grc' dir='ltr'><strong>τοὺς</strong></span> <span class='ocrx_word' id='word_1_417' title='bbox 2968 2762 3224 2831; x_wconf 74' lang='grc' dir='ltr'><strong>ἐλέγχους</strong></span> <span class='ocrx_word' id='word_1_418' title='bbox 3262 2760 3318 2814; x_wconf 80' lang='grc' dir='ltr'><strong>δὲ</strong></span> <span class='ocrx_word' id='word_1_419' title='bbox 3357 2760 3416 2812; x_wconf 83' lang='grc' dir='ltr'><strong>οὐ</strong></span> <span class='ocrx_word' id='word_1_420' title='bbox 3454 2758 3681 2825; x_wconf 64' lang='grc' dir='ltr'><strong>διέφυγεν</strong></span> 
     </span>
    </p>
   </div>
   <div class='ocr_carea' id='block_1_56' title="bbox 2178 2849 3683 2927">
    <p class='ocr_par' dir='ltr' id='par_1_56' title="bbox 2178 2849 3683 2927">
     <span class='ocr_line' id='line_1_56' title="bbox 2178 2849 3683 2927; baseline -0.005 -17"><span class='ocrx_word' id='word_1_421' title='bbox 2178 2858 2257 2911; x_wconf 83' lang='grc' dir='ltr'><strong>ὅτι</strong></span> <span class='ocrx_word' id='word_1_422' title='bbox 2289 2855 2363 2927; x_wconf 83' lang='grc' dir='ltr'>μὴ</span> <span class='ocrx_word' id='word_1_423' title='bbox 2390 2856 2485 2909; x_wconf 71' lang='grc' dir='ltr'><strong>καὶ</strong></span> <span class='ocrx_word' id='word_1_424' title='bbox 2512 2854 2710 2927; x_wconf 79' lang='grc' dir='ltr'>μᾶλλον</span> <span class='ocrx_word' id='word_1_425' title='bbox 2744 2855 2952 2918; x_wconf 75' lang='grc' dir='ltr'><strong>τούτοις</strong></span> <span class='ocrx_word' id='word_1_426' title='bbox 2977 2854 3168 2907; x_wconf 79' lang='grc' dir='ltr'><strong>ἑαυτὸν</strong></span> <span class='ocrx_word' id='word_1_427' title='bbox 3206 2850 3425 2912; x_wconf 75' lang='grc' dir='ltr'><strong>ὑποθεὶς</strong></span> <span class='ocrx_word' id='word_1_428' title='bbox 3452 2849 3683 2919; x_wconf 70' lang='grc' dir='ltr'>ἠγνόησεν.</span> 
     </span>
    </p>
   </div>
   <div class='ocr_carea' id='block_1_57' title="bbox 508 2942 3683 3021">
    <p class='ocr_par' dir='ltr' id='par_1_57' title="bbox 508 2942 3683 3021">
     <span class='ocr_line' id='line_1_57' title="bbox 508 2942 3683 3021; baseline -0.002 -19"><span class='ocrx_word' id='word_1_429' title='bbox 508 2949 787 3018; x_wconf 77' lang='lat' dir='ltr'><strong>eleganter</strong></span> <span class='ocrx_word' id='word_1_430' title='bbox 814 2948 960 3019; x_wconf 88' lang='lat' dir='ltr'><strong>loqui</strong></span> <span class='ocrx_word' id='word_1_431' title='bbox 990 2950 1266 3021; x_wconf 86' lang='lat' dir='ltr'><strong>prohibuit</strong></span> <span class='ocrx_word' id='word_1_432' title='bbox 1297 2968 1311 3006; x_wconf 89' lang='lat'><strong>:</strong></span> <span class='ocrx_word' id='word_1_433' title='bbox 1344 2960 1418 3014; x_wconf 87' lang='lat' dir='ltr'><strong>at,</strong></span> <span class='ocrx_word' id='word_1_434' title='bbox 1462 2966 1529 3005; x_wconf 91' lang='lat' dir='ltr'><strong>ne</strong></span> <span class='ocrx_word' id='word_1_435' title='bbox 1556 2965 1682 3004; x_wconf 87' lang='lat' dir='ltr'><strong>vera</strong></span> <span class='ocrx_word' id='word_1_436' title='bbox 1727 2950 2092 3019; x_wconf 84' lang='lat' dir='ltr'><strong>loqueremur,</strong></span> <span class='ocrx_word' id='word_1_437' title='bbox 2136 2950 2546 3020; x_wconf 85' lang='lat' dir='ltr'><strong>haudquaquam</strong></span> <span class='ocrx_word' id='word_1_438' title='bbox 2575 2948 2853 3019; x_wconf 87' lang='lat' dir='ltr'><strong>impedivit</strong></span> <span class='ocrx_word' id='word_1_439' title='bbox 2887 2964 2903 3003; x_wconf 91' lang='lat'><strong>:</strong></span> <span class='ocrx_word' id='word_1_440' title='bbox 2948 2946 3212 3016; x_wconf 90' lang='lat' dir='ltr'><strong>simulque</strong></span> <span class='ocrx_word' id='word_1_441' title='bbox 3239 2957 3294 3000; x_wconf 89' lang='lat' dir='ltr'><strong>et</strong></span> <span class='ocrx_word' id='word_1_442' title='bbox 3326 2942 3683 2999; x_wconf 80' lang='lat' dir='ltr'><strong>imbecillitatem</strong></span> 
     </span>
    </p>
   </div>
   <div class='ocr_carea' id='block_1_58' title="bbox 509 3036 3602 3115">
    <p class='ocr_par' dir='ltr' id='par_1_58' title="bbox 509 3036 3602 3115">
     <span class='ocr_line' id='line_1_58' title="bbox 509 3036 3602 3115; baseline -0.002 -22"><span class='ocrx_word' id='word_1_443' title='bbox 509 3055 661 3099; x_wconf 66' lang='lat' dir='ltr'><strong>suam</strong></span> <span class='ocrx_word' id='word_1_444' title='bbox 697 3043 955 3110; x_wconf 75' lang='lat' dir='ltr'><strong>prodidit,</strong></span> <span class='ocrx_word' id='word_1_445' title='bbox 988 3058 1086 3098; x_wconf 92' lang='lat' dir='ltr'><strong>nec</strong></span> <span class='ocrx_word' id='word_1_446' title='bbox 1122 3044 1515 3099; x_wconf 86' lang='lat' dir='ltr'><strong>confutationes</strong></span> <span class='ocrx_word' id='word_1_447' title='bbox 1543 3042 1725 3113; x_wconf 64' lang='lat' dir='ltr'><strong>effugit</strong></span> <span class='ocrx_word' id='word_1_448' title='bbox 1758 3061 1771 3098; x_wconf 93' lang='lat'><strong>:</strong></span> <span class='ocrx_word' id='word_1_449' title='bbox 1815 3044 1922 3098; x_wconf 91' lang='lat' dir='ltr'><strong>imo</strong></span> <span class='ocrx_word' id='word_1_450' title='bbox 1950 3059 2078 3099; x_wconf 87' lang='lat' dir='ltr'><strong>vero</strong></span> <span class='ocrx_word' id='word_1_451' title='bbox 2108 3045 2414 3115; x_wconf 85' lang='lat' dir='ltr'><strong>imprudens</strong></span> <span class='ocrx_word' id='word_1_452' title='bbox 2438 3058 2558 3099; x_wconf 86' lang='lat' dir='ltr'><strong>sese</strong></span> <span class='ocrx_word' id='word_1_453' title='bbox 2588 3043 2672 3098; x_wconf 92' lang='lat' dir='ltr'><strong>his</strong></span> <span class='ocrx_word' id='word_1_454' title='bbox 2714 3043 2884 3111; x_wconf 84' lang='lat' dir='ltr'><strong>magis</strong></span> <span class='ocrx_word' id='word_1_455' title='bbox 2921 3040 3147 3108; x_wconf 85' lang='lat' dir='ltr'><strong>subjecit</strong></span> <span class='ocrx_word' id='word_1_456' title='bbox 3188 3050 3349 3108; x_wconf 87' lang='lat' dir='ltr'><strong>atque</strong></span> <span class='ocrx_word' id='word_1_457' title='bbox 3373 3036 3602 3107; x_wconf 85' lang='lat' dir='ltr'><strong>implicuit</strong></span> 
     </span>
    </p>
   </div>
   <div class='ocr_carea' id='block_1_59' title="bbox 580 3126 2076 3209">
    <p class='ocr_par' dir='ltr' id='par_1_59' title="bbox 580 3132 2076 3209">
     <span class='ocr_line' id='line_1_59' title="bbox 580 3132 2076 3209; baseline 0.007 -24"><span class='ocrx_word' id='word_1_458' title='bbox 580 3132 669 3187; x_wconf 80' lang='lat' dir='ltr'><strong>VI.</strong></span> <span class='ocrx_word' id='word_1_459' title='bbox 701 3133 886 3205; x_wconf 84' lang='lat' dir='ltr'><strong>Neque</strong></span> <span class='ocrx_word' id='word_1_460' title='bbox 916 3136 1059 3191; x_wconf 91' lang='lat' dir='ltr'><strong>enim</strong></span> <span class='ocrx_word' id='word_1_461' title='bbox 1105 3136 1341 3191; x_wconf 87' lang='lat' dir='ltr'><strong>hominis</strong></span> <span class='ocrx_word' id='word_1_462' title='bbox 1366 3147 1503 3205; x_wconf 85' lang='lat' dir='ltr'><strong>erat,</strong></span> <span class='ocrx_word' id='word_1_463' title='bbox 1523 3138 1606 3193; x_wconf 89' lang='lat' dir='ltr'><strong>vel</strong></span> <span class='ocrx_word' id='word_1_464' title='bbox 1654 3140 1931 3209; x_wconf 80' lang='lat' dir='ltr'><strong>religionis</strong></span> <span class='ocrx_word' id='word_1_465' title='bbox 1969 3156 2076 3195; x_wconf 67' lang='lat' dir='ltr'><strong>sure</strong></span> 
     </span>
    </p>
   </div>
   <div class='ocr_carea' id='block_1_60' title="bbox 2178 3126 3685 3209">
    <p class='ocr_par' dir='ltr' id='par_1_60' title="bbox 2253 3126 3685 3209">
     <span class='ocr_line' id='line_1_60' title="bbox 2253 3126 3685 3209; baseline -0.003 -18"><span class='ocrx_word' id='word_1_466' title='bbox 2253 3141 2341 3206; x_wconf 68' lang='grc' dir='ltr'><strong>ς’.</strong></span> <span class='ocrx_word' id='word_1_467' title='bbox 2375 3138 2448 3191; x_wconf 73' lang='lat' dir='ltr'><strong>OL</strong></span> <span class='ocrx_word' id='word_1_468' title='bbox 2490 3136 2599 3209; x_wconf 84' lang='grc' dir='ltr'><strong>γὰρ</strong></span> <span class='ocrx_word' id='word_1_469' title='bbox 2649 3135 2975 3208; x_wconf 73' lang='grc' dir='ltr'><strong>θαρροῦντος</strong></span> <span class='ocrx_word' id='word_1_470' title='bbox 3012 3130 3081 3206; x_wconf 82' lang='grc' dir='ltr'><strong>ἦν</strong></span> <span class='ocrx_word' id='word_1_471' title='bbox 3127 3132 3255 3188; x_wconf 72' lang='grc' dir='ltr'><strong>οὔτε</strong></span> <span class='ocrx_word' id='word_1_472' title='bbox 3306 3133 3417 3195; x_wconf 83' lang='grc' dir='ltr'><strong>τοῖς</strong></span> <span class='ocrx_word' id='word_1_473' title='bbox 3453 3129 3575 3201; x_wconf 82' lang='grc' dir='ltr'>ὑπὲρ</span> <span class='ocrx_word' id='word_1_474' title='bbox 3612 3126 3685 3209; x_wconf 65' lang='grc' dir='ltr'><strong>τῆς</strong></span> 
     </span>
    </p>
   </div>
   <div class='ocr_carea' id='block_1_61' title="bbox 511 3228 2068 3298">
    <p class='ocr_par' dir='ltr' id='par_1_61' title="bbox 511 3228 2068 3298">
     <span class='ocr_line' id='line_1_61' title="bbox 511 3228 2068 3298; baseline 0.003 -17"><span class='ocrx_word' id='word_1_475' title='bbox 511 3243 709 3292; x_wconf 82' lang='lat' dir='ltr'><strong>causae,</strong></span> <span class='ocrx_word' id='word_1_476' title='bbox 745 3228 825 3282; x_wconf 88' lang='lat' dir='ltr'><strong>vel</strong></span> <span class='ocrx_word' id='word_1_477' title='bbox 863 3228 993 3298; x_wconf 87' lang='lat' dir='ltr'><strong>ipsis</strong></span> <span class='ocrx_word' id='word_1_478' title='bbox 1021 3230 1182 3283; x_wconf 91' lang='lat' dir='ltr'><strong>etiam</strong></span> <span class='ocrx_word' id='word_1_479' title='bbox 1211 3230 1552 3287; x_wconf 86' lang='lat' dir='ltr'><strong>sermonibus</strong></span> <span class='ocrx_word' id='word_1_480' title='bbox 1582 3229 1926 3297; x_wconf 84' lang='lat' dir='ltr'><strong>confidentis,</strong></span> <span class='ocrx_word' id='word_1_481' title='bbox 1953 3246 2068 3287; x_wconf 86' lang='lat' dir='ltr'><strong>ser-</strong></span> 
     </span>
    </p>
   </div>
   <div class='ocr_carea' id='block_1_62' title="bbox 512 3323 2081 3394">
    <p class='ocr_par' dir='ltr' id='par_1_62' title="bbox 512 3323 2081 3394">
     <span class='ocr_line' id='line_1_62' title="bbox 512 3323 2081 3394; baseline 0.002 -19"><span class='ocrx_word' id='word_1_482' title='bbox 512 3334 698 3375; x_wconf 84' lang='lat' dir='ltr'><strong>mones</strong></span> <span class='ocrx_word' id='word_1_483' title='bbox 751 3331 966 3377; x_wconf 91' lang='lat' dir='ltr'><strong>nostros</strong></span> <span class='ocrx_word' id='word_1_484' title='bbox 1023 3323 1378 3391; x_wconf 88' lang='lat' dir='ltr'><strong>comprimere</strong></span> <span class='ocrx_word' id='word_1_485' title='bbox 1428 3340 1443 3376; x_wconf 89' lang='lat'><strong>:</strong></span> <span class='ocrx_word' id='word_1_486' title='bbox 1490 3324 1713 3394; x_wconf 83' lang='lat' dir='ltr'><strong>perinde</strong></span> <span class='ocrx_word' id='word_1_487' title='bbox 1766 3338 1829 3379; x_wconf 91' lang='lat' dir='ltr'><strong>ac</strong></span> <span class='ocrx_word' id='word_1_488' title='bbox 1877 3324 1923 3379; x_wconf 90' lang='lat' dir='ltr'><strong>si</strong></span> <span class='ocrx_word' id='word_1_489' title='bbox 1954 3324 2081 3393; x_wconf 83' lang='lat' dir='ltr'><strong>quis</strong></span> 
     </span>
    </p>
   </div>
   <div class='ocr_carea' id='block_1_63' title="bbox 512 3414 2078 3482">
    <p class='ocr_par' dir='ltr' id='par_1_63' title="bbox 512 3414 2078 3482">
     <span class='ocr_line' id='line_1_63' title="bbox 512 3414 2078 3482; baseline 0 -11"><span class='ocrx_word' id='word_1_490' title='bbox 512 3414 836 3471; x_wconf 84' lang='lat' dir='ltr'><strong>athletarum</strong></span> <span class='ocrx_word' id='word_1_491' title='bbox 888 3416 1128 3469; x_wconf 76' lang='lat' dir='ltr'><strong>omnium</strong></span> <span class='ocrx_word' id='word_1_492' title='bbox 1188 3414 1515 3470; x_wconf 87' lang='lat' dir='ltr'><strong>fortissimus</strong></span> <span class='ocrx_word' id='word_1_493' title='bbox 1561 3416 1665 3470; x_wconf 89' lang='lat' dir='ltr'><strong>sibi</strong></span> <span class='ocrx_word' id='word_1_494' title='bbox 1716 3415 1981 3482; x_wconf 90' lang='lat' dir='ltr'><strong>videatur,</strong></span> <span class='ocrx_word' id='word_1_495' title='bbox 2013 3430 2078 3471; x_wconf 85' lang='lat' dir='ltr'><strong>ac</strong></span> 
     </span>
    </p>
   </div>
   <div class='ocr_carea' id='block_1_64' title="bbox 515 3503 2076 3577">
    <p class='ocr_par' dir='ltr' id='par_1_64' title="bbox 515 3503 2076 3577">
     <span class='ocr_line' id='line_1_64' title="bbox 515 3503 2076 3577; baseline 0.002 -19"><span class='ocrx_word' id='word_1_496' title='bbox 515 3503 727 3574; x_wconf 87' lang='lat' dir='ltr'><strong>publico</strong></span> <span class='ocrx_word' id='word_1_497' title='bbox 763 3507 1033 3573; x_wconf 64' lang='lat' dir='ltr'><strong>praeconio</strong></span> <span class='ocrx_word' id='word_1_498' title='bbox 1084 3506 1335 3562; x_wconf 92' lang='lat' dir='ltr'><strong>omnibus</strong></span> <span class='ocrx_word' id='word_1_499' title='bbox 1384 3506 1630 3577; x_wconf 64' lang='lat' dir='ltr'><strong>praferri</strong></span> <span class='ocrx_word' id='word_1_500' title='bbox 1685 3507 2076 3577; x_wconf 79' lang='lat' dir='ltr'><strong>postulet,qui</strong></span> 
     </span>
    </p>
   </div>
   <div class='ocr_carea' id='block_1_65' title="bbox 515 3596 2081 3662">
    <p class='ocr_par' dir='ltr' id='par_1_65' title="bbox 515 3596 2081 3662">
     <span class='ocr_line' id='line_1_65' title="bbox 515 3596 2081 3662; baseline 0 -11"><span class='ocrx_word' id='word_1_501' title='bbox 515 3596 787 3662; x_wconf 77' lang='lat' dir='ltr'><strong>edixerit,</strong></span> <span class='ocrx_word' id='word_1_502' title='bbox 816 3613 883 3652; x_wconf 91' lang='lat' dir='ltr'><strong>ne</strong></span> <span class='ocrx_word' id='word_1_503' title='bbox 917 3598 1133 3653; x_wconf 89' lang='lat' dir='ltr'><strong>fortium</strong></span> <span class='ocrx_word' id='word_1_504' title='bbox 1173 3614 1236 3653; x_wconf 90' lang='lat' dir='ltr'><strong>ac</strong></span> <span class='ocrx_word' id='word_1_505' title='bbox 1268 3608 1613 3655; x_wconf 88' lang='lat' dir='ltr'><strong>strenuorum</strong></span> <span class='ocrx_word' id='word_1_506' title='bbox 1654 3599 1892 3654; x_wconf 91' lang='lat' dir='ltr'><strong>virorum</strong></span> <span class='ocrx_word' id='word_1_507' title='bbox 1942 3598 2081 3653; x_wconf 90' lang='lat' dir='ltr'><strong>ullus</strong></span> 
     </span>
    </p>
   </div>
   <div class='ocr_carea' id='block_1_66' title="bbox 519 3689 2079 3760">
    <p class='ocr_par' dir='ltr' id='par_1_66' title="bbox 519 3689 2079 3760">
     <span class='ocr_line' id='line_1_66' title="bbox 519 3689 2079 3760; baseline 0 -17"><span class='ocrx_word' id='word_1_508' title='bbox 519 3697 789 3743; x_wconf 88' lang='lat' dir='ltr'><strong>certamen</strong></span> <span class='ocrx_word' id='word_1_509' title='bbox 820 3689 983 3756; x_wconf 87' lang='lat' dir='ltr'><strong>ineat,</strong></span> <span class='ocrx_word' id='word_1_510' title='bbox 1022 3699 1181 3760; x_wconf 83' lang='lat' dir='ltr'><strong>atque</strong></span> <span class='ocrx_word' id='word_1_511' title='bbox 1216 3690 1268 3745; x_wconf 91' lang='lat' dir='ltr'><strong>in</strong></span> <span class='ocrx_word' id='word_1_512' title='bbox 1296 3706 1517 3746; x_wconf 89' lang='lat' dir='ltr'><strong>arenam</strong></span> <span class='ocrx_word' id='word_1_513' title='bbox 1541 3692 1855 3757; x_wconf 88' lang='lat' dir='ltr'><strong>descendat,</strong></span> <span class='ocrx_word' id='word_1_514' title='bbox 1882 3691 1967 3746; x_wconf 90' lang='lat' dir='ltr'><strong>vel</strong></span> <span class='ocrx_word' id='word_1_515' title='bbox 1990 3692 2079 3760; x_wconf 90' lang='lat' dir='ltr'><strong>qui</strong></span> 
     </span>
    </p>
   </div>
   <div class='ocr_carea' id='block_1_67' title="bbox 519 3782 2083 3854">
    <p class='ocr_par' dir='ltr' id='par_1_67' title="bbox 519 3782 2083 3854">
     <span class='ocr_line' id='line_1_67' title="bbox 519 3782 2083 3854; baseline 0.001 -18"><span class='ocrx_word' id='word_1_516' title='bbox 519 3783 818 3839; x_wconf 77' lang='lat' dir='ltr'><strong>membrum</strong></span> <span class='ocrx_word' id='word_1_517' title='bbox 854 3782 1068 3849; x_wconf 85' lang='lat' dir='ltr'><strong>aliquod</strong></span> <span class='ocrx_word' id='word_1_518' title='bbox 1118 3784 1431 3851; x_wconf 82' lang='lat' dir='ltr'><strong>amputarit,</strong></span> <span class='ocrx_word' id='word_1_519' title='bbox 1486 3783 1539 3839; x_wconf 89' lang='lat' dir='ltr'><strong>id</strong></span> <span class='ocrx_word' id='word_1_520' title='bbox 1589 3785 1731 3854; x_wconf 90' lang='lat' dir='ltr'><strong>quod</strong></span> <span class='ocrx_word' id='word_1_521' title='bbox 1781 3784 2083 3838; x_wconf 89' lang='lat' dir='ltr'><strong>timiditatis</strong></span> 
     </span>
    </p>
   </div>
   <div class='ocr_carea' id='block_1_68' title="bbox 522 3872 2083 3945">
    <p class='ocr_par' dir='ltr' id='par_1_68' title="bbox 522 3872 2083 3945">
     <span class='ocr_line' id='line_1_68' title="bbox 522 3872 2083 3945; baseline 0.003 -21"><span class='ocrx_word' id='word_1_522' title='bbox 522 3872 721 3940; x_wconf 82' lang='lat' dir='ltr'><strong>potius,</strong></span> <span class='ocrx_word' id='word_1_523' title='bbox 754 3888 913 3940; x_wconf 87' lang='lat' dir='ltr'><strong>quam</strong></span> <span class='ocrx_word' id='word_1_524' title='bbox 954 3873 1284 3930; x_wconf 79' lang='lat' dir='ltr'><strong>fortitudinis</strong></span> <span class='ocrx_word' id='word_1_525' title='bbox 1314 3885 1688 3945; x_wconf 69' lang='lat' dir='ltr'><strong>argumentum</strong></span> <span class='ocrx_word' id='word_1_526' title='bbox 1729 3884 1832 3931; x_wconf 84' lang='lat' dir='ltr'><strong>cst.</strong></span> <span class='ocrx_word' id='word_1_527' title='bbox 1858 3876 2083 3931; x_wconf 76' lang='lat' dir='ltr'><strong>Corona:</strong></span> 
     </span>
    </p>
   </div>
   <div class='ocr_carea' id='block_1_69' title="bbox 594 3984 2073 4060">
    <p class='ocr_par' dir='ltr' id='par_1_69' title="bbox 594 3984 2073 4060">
     <span class='ocr_line' id='line_1_69' title="bbox 594 3984 2073 4060; baseline 0.003 -21"><span class='ocrx_word' id='word_1_528' title='bbox 594 3984 1083 4060; x_wconf 65' lang='lat' dir='ltr'><strong>(79)_Msté_0_nxer</strong></span> <span class='ocrx_word' id='word_1_529' title='bbox 1113 3986 1211 4060; x_wconf 59' lang='grc' dir='ltr'><strong>ἐπὶ</strong></span> <span class='ocrx_word' id='word_1_530' title='bbox 1244 3987 1309 4042; x_wconf 84' lang='grc' dir='ltr'><strong>τὸ</strong></span> <span class='ocrx_word' id='word_1_531' title='bbox 1336 3987 1578 4043; x_wconf 82' lang='grc' dir='ltr'><strong>δοκοῦν.</strong></span> <span class='ocrx_word' id='word_1_532' title='bbox 1617 4006 1639 4040; x_wconf 79' lang='grc' dir='ltr'><strong>ι</strong></span> <span class='ocrx_word' id='word_1_533' title='bbox 1664 3989 2073 4060; x_wconf 69' lang='lat' dir='ltr'><strong>Ad_opinjonem</strong></span> 
     </span>
    </p>
   </div>
   <div class='ocr_carea' id='block_1_70' title="bbox 525 4054 2076 4129">
    <p class='ocr_par' dir='ltr' id='par_1_70' title="bbox 525 4054 2076 4129">
     <span class='ocr_line' id='line_1_70' title="bbox 525 4054 2076 4129; baseline 0.001 -17"><span class='ocrx_word' id='word_1_534' title='bbox 525 4054 782 4129; x_wconf 62' lang='lat' dir='ltr'><strong>traduitit.</strong></span> <span class='ocrx_word' id='word_1_535' title='bbox 811 4074 830 4109; x_wconf 72' lang='grc' dir='ltr'><strong>ι</strong></span> <span class='ocrx_word' id='word_1_536' title='bbox 890 4056 943 4109; x_wconf 90' lang='lat' dir='ltr'><strong>Id</strong></span> <span class='ocrx_word' id='word_1_537' title='bbox 990 4066 1104 4120; x_wconf 91' lang='lat' dir='ltr'><strong>est,</strong></span> <span class='ocrx_word' id='word_1_538' title='bbox 1144 4058 1209 4111; x_wconf 91' lang='lat' dir='ltr'><strong>de</strong></span> <span class='ocrx_word' id='word_1_539' title='bbox 1251 4054 1823 4129; x_wconf 12' lang='lat' dir='ltr'><strong>cognatohvocagbulo,</strong></span> <span class='ocrx_word' id='word_1_540' title='bbox 1854 4058 2076 4129; x_wconf 86' lang='grc' dir='ltr'>Ἕλλην,</span> 
     </span>
    </p>
   </div>
   <div class='ocr_carea' id='block_1_71' title="bbox 531 4123 2077 4197">
    <p class='ocr_par' dir='ltr' id='par_1_71' title="bbox 531 4123 2077 4197">
     <span class='ocr_line' id='line_1_71' title="bbox 531 4123 2077 4197; baseline 0 -16"><span class='ocrx_word' id='word_1_541' title='bbox 531 4123 854 4197; x_wconf 44' lang='lat' dir='ltr'><strong>«Graecus,»</strong></span> <span class='ocrx_word' id='word_1_542' title='bbox 895 4140 1000 4197; x_wconf 70' lang='lat' dir='ltr'><strong>non</strong></span> <span class='ocrx_word' id='word_1_543' title='bbox 1046 4129 1257 4196; x_wconf 68' lang='lat' dir='ltr'><strong>linguae,</strong></span> <span class='ocrx_word' id='word_1_544' title='bbox 1297 4123 1391 4181; x_wconf 70' lang='lat' dir='ltr'><strong>sed</strong></span> <span class='ocrx_word' id='word_1_545' title='bbox 1438 4127 1715 4197; x_wconf 82' lang='lat' dir='ltr'><strong>religionis</strong></span> <span class='ocrx_word' id='word_1_546' title='bbox 1761 4123 2077 4184; x_wconf 81' lang='lat' dir='ltr'><strong>vocabulum</strong></span> 
     </span>
    </p>
   </div>
   <div class='ocr_carea' id='block_1_72' title="bbox 527 4195 2084 4266">
    <p class='ocr_par' dir='ltr' id='par_1_72' title="bbox 527 4195 2084 4266">
     <span class='ocr_line' id='line_1_72' title="bbox 527 4195 2084 4266; baseline 0.001 -16"><span class='ocrx_word' id='word_1_547' title='bbox 527 4195 721 4266; x_wconf 75' lang='lat' dir='ltr'><strong>duxit,</strong></span> <span class='ocrx_word' id='word_1_548' title='bbox 774 4207 831 4249; x_wconf 92' lang='lat' dir='ltr'><strong>ut</strong></span> <span class='ocrx_word' id='word_1_549' title='bbox 884 4213 903 4246; x_wconf 76' lang='grc' dir='ltr'><strong>ι</strong></span> <span class='ocrx_word' id='word_1_550' title='bbox 937 4195 1178 4251; x_wconf 65' lang='lat' dir='ltr'><strong>Graecam</strong></span> <span class='ocrx_word' id='word_1_551' title='bbox 1216 4218 1235 4249; x_wconf 72' lang='grc' dir='ltr'><strong>ι</strong></span> <span class='ocrx_word' id='word_1_552' title='bbox 1291 4195 1601 4266; x_wconf 69' lang='lat' dir='ltr'><strong>religionem</strong></span> <span class='ocrx_word' id='word_1_553' title='bbox 1658 4199 1738 4254; x_wconf 89' lang='lat' dir='ltr'><strong>sic</strong></span> <span class='ocrx_word' id='word_1_554' title='bbox 1788 4199 2009 4256; x_wconf 88' lang='lat' dir='ltr'><strong>subdole</strong></span> <span class='ocrx_word' id='word_1_555' title='bbox 2054 4215 2084 4252; x_wconf 91' lang='lat' dir='ltr'><strong>a</strong></span> 
     </span>
    </p>
   </div>
   <div class='ocr_carea' id='block_1_73' title="bbox 535 4265 1581 4334">
    <p class='ocr_par' dir='ltr' id='par_1_73' title="bbox 535 4265 1581 4334">
     <span class='ocr_line' id='line_1_73' title="bbox 535 4265 1581 4334; baseline 0.001 -14"><span class='ocrx_word' id='word_1_556' title='bbox 535 4285 557 4320; x_wconf 77' lang='grc' dir='ltr'><strong>ι</strong></span> <span class='ocrx_word' id='word_1_557' title='bbox 599 4265 903 4320; x_wconf 80' lang='lat' dir='ltr'><strong>Christiana</strong></span> <span class='ocrx_word' id='word_1_558' title='bbox 928 4282 947 4317; x_wconf 72' lang='grc' dir='ltr'><strong>ι</strong></span> <span class='ocrx_word' id='word_1_559' title='bbox 983 4266 1237 4334; x_wconf 87' lang='lat' dir='ltr'><strong>religione</strong></span> <span class='ocrx_word' id='word_1_560' title='bbox 1261 4265 1581 4323; x_wconf 87' lang='lat' dir='ltr'><strong>secerneret.</strong></span> 
     </span>
    </p>
   </div>
   <div class='ocr_carea' id='block_1_74' title="bbox 600 4335 2088 4409">
    <p class='ocr_par' dir='ltr' id='par_1_74' title="bbox 600 4335 2088 4409">
     <span class='ocr_line' id='line_1_74' title="bbox 600 4335 2088 4409; baseline 0 -17"><span class='ocrx_word' id='word_1_561' title='bbox 600 4335 711 4409; x_wconf 81' lang='lat'><strong>(80)</strong></span> <span class='ocrx_word' id='word_1_562' title='bbox 756 4336 877 4409; x_wconf 59' lang='grc' dir='ltr'><strong>Τῷιθ</strong></span> <span class='ocrx_word' id='word_1_563' title='bbox 927 4338 1124 4409; x_wconf 64' lang='grc' dir='ltr'>λόγων</span> <span class='ocrx_word' id='word_1_564' title='bbox 1178 4335 1334 4405; x_wconf 80' lang='grc' dir='ltr'>ἡμᾶς</span> <span class='ocrx_word' id='word_1_565' title='bbox 1396 4337 1735 4406; x_wconf 76' lang='grc' dir='ltr'>ἀπήλασεν.</span> <span class='ocrx_word' id='word_1_566' title='bbox 1793 4339 1933 4409; x_wconf 83' lang='lat' dir='ltr'><strong>Lege</strong></span> <span class='ocrx_word' id='word_1_567' title='bbox 1980 4340 2088 4393; x_wconf 86' lang='lat' dir='ltr'><strong>lata</strong></span> 
     </span>
    </p>
   </div>
   <div class='ocr_carea' id='block_1_75' title="bbox 529 4405 2089 4474">
    <p class='ocr_par' dir='ltr' id='par_1_75' title="bbox 529 4405 2089 4474">
     <span class='ocr_line' id='line_1_75' title="bbox 529 4405 2089 4474; baseline 0.003 -14"><span class='ocrx_word' id='word_1_568' title='bbox 529 4405 773 4468; x_wconf 65' lang='lat' dir='ltr'><strong>Julianus</strong></span> <span class='ocrx_word' id='word_1_569' title='bbox 807 4405 1126 4463; x_wconf 83' lang='lat' dir='ltr'><strong>Christianis</strong></span> <span class='ocrx_word' id='word_1_570' title='bbox 1170 4408 1450 4463; x_wconf 83' lang='lat' dir='ltr'><strong>interdixit</strong></span> <span class='ocrx_word' id='word_1_571' title='bbox 1499 4410 1612 4463; x_wconf 85' lang='lat' dir='ltr'><strong>sive</strong></span> <span class='ocrx_word' id='word_1_572' title='bbox 1655 4405 1932 4474; x_wconf 66' lang='lat' dir='ltr'><strong>docendis,</strong></span> <span class='ocrx_word' id='word_1_573' title='bbox 1973 4412 2089 4465; x_wconf 87' lang='lat' dir='ltr'><strong>sive</strong></span> 
     </span>
    </p>
   </div>
   <div class='ocr_carea' id='block_1_76' title="bbox 532 4462 2167 4548">
    <p class='ocr_par' dir='ltr' id='par_1_76' title="bbox 532 4462 2167 4548">
     <span class='ocr_line' id='line_1_76' title="bbox 532 4462 2167 4548; baseline 0.004 -20"><span class='ocrx_word' id='word_1_574' title='bbox 532 4462 802 4531; x_wconf 75' lang='lat' dir='ltr'><strong>discendis</strong></span> <span class='ocrx_word' id='word_1_575' title='bbox 850 4476 1257 4531; x_wconf 87' lang='lat' dir='ltr'><strong>humanioribus</strong></span> <span class='ocrx_word' id='word_1_576' title='bbox 1308 4462 1537 4533; x_wconf 68' lang='lat' dir='ltr'><strong>litteris.</strong></span> <span class='ocrx_word' id='word_1_577' title='bbox 1572 4462 2087 4548; x_wconf 26' lang='lat' dir='ltr'><strong>Baroniusrs&#39;preta</strong></span> <span class='ocrx_word' id='word_1_578' title='bbox 2121 4462 2167 4517; x_wconf 75' lang='grc' dir='ltr'>ί)</span> 
     </span>
    </p>
   </div>
   <div class='ocr_carea' id='block_1_77' title="bbox 532 4548 2089 4614">
    <p class='ocr_par' dir='ltr' id='par_1_77' title="bbox 532 4548 2089 4614">
     <span class='ocr_line' id='line_1_77' title="bbox 532 4548 2089 4614; baseline 0.003 -16"><span class='ocrx_word' id='word_1_579' title='bbox 532 4556 771 4600; x_wconf 86' lang='lat' dir='ltr'><strong>veterum</strong></span> <span class='ocrx_word' id='word_1_580' title='bbox 800 4548 1038 4601; x_wconf 92' lang='lat' dir='ltr'><strong>omnium</strong></span> <span class='ocrx_word' id='word_1_581' title='bbox 1072 4548 1410 4611; x_wconf 89' lang='lat' dir='ltr'><strong>auctoritate,</strong></span> <span class='ocrx_word' id='word_1_582' title='bbox 1438 4548 1788 4614; x_wconf 76' lang='lat' dir='ltr'><strong>existimavit,</strong></span> <span class='ocrx_word' id='word_1_583' title='bbox 1821 4550 1943 4604; x_wconf 90' lang='lat' dir='ltr'><strong>aliis</strong></span> <span class='ocrx_word' id='word_1_584' title='bbox 1974 4560 2089 4603; x_wconf 90' lang='lat' dir='ltr'><strong>tan-</strong></span> 
     </span>
    </p>
   </div>
   <div class='ocr_carea' id='block_1_78' title="bbox 536 4616 2085 4683">
    <p class='ocr_par' dir='ltr' id='par_1_78' title="bbox 536 4616 2085 4683">
     <span class='ocr_line' id='line_1_78' title="bbox 536 4616 2085 4683; baseline 0.002 -12"><span class='ocrx_word' id='word_1_585' title='bbox 536 4630 644 4671; x_wconf 90' lang='lat' dir='ltr'><strong>tum</strong></span> <span class='ocrx_word' id='word_1_586' title='bbox 680 4616 937 4672; x_wconf 89' lang='lat' dir='ltr'><strong>docendis</strong></span> <span class='ocrx_word' id='word_1_587' title='bbox 985 4617 1327 4675; x_wconf 90' lang='lat' dir='ltr'><strong>interdictum</strong></span> <span class='ocrx_word' id='word_1_588' title='bbox 1378 4618 1545 4673; x_wconf 84' lang='lat' dir='ltr'><strong>fuisse</strong></span> <span class='ocrx_word' id='word_1_589' title='bbox 1590 4619 1933 4683; x_wconf 88' lang='lat' dir='ltr'><strong>Christianis,</strong></span> <span class='ocrx_word' id='word_1_590' title='bbox 1979 4636 2085 4675; x_wconf 92' lang='lat' dir='ltr'><strong>non</strong></span> 
     </span>
    </p>
   </div>
   <div class='ocr_carea' id='block_1_79' title="bbox 532 4685 2092 4756">
    <p class='ocr_par' dir='ltr' id='par_1_79' title="bbox 532 4685 2092 4756">
     <span class='ocr_line' id='line_1_79' title="bbox 532 4685 2092 4756; baseline 0.003 -18"><span class='ocrx_word' id='word_1_591' title='bbox 532 4702 661 4742; x_wconf 89' lang='lat' dir='ltr'><strong>vero</strong></span> <span class='ocrx_word' id='word_1_592' title='bbox 692 4685 979 4749; x_wconf 78' lang='lat' dir='ltr'><strong>discendis.</strong></span> <span class='ocrx_word' id='word_1_593' title='bbox 1014 4687 1154 4750; x_wconf 78' lang='lat' dir='ltr'><strong>Dixi,</strong></span> <span class='ocrx_word' id='word_1_594' title='bbox 1190 4707 1209 4742; x_wconf 77' lang='grc' dir='ltr'>ι</span> <span class='ocrx_word' id='word_1_595' title='bbox 1234 4698 1413 4756; x_wconf 89' lang='lat' dir='ltr'><strong>spreta</strong></span> <span class='ocrx_word' id='word_1_596' title='bbox 1444 4700 1683 4746; x_wconf 86' lang='lat' dir='ltr'><strong>veterum</strong></span> <span class='ocrx_word' id='word_1_597' title='bbox 1715 4690 1951 4743; x_wconf 89' lang='lat' dir='ltr'><strong>omnium</strong></span> <span class='ocrx_word' id='word_1_598' title='bbox 1994 4706 2092 4743; x_wconf 78' lang='lat' dir='ltr'><strong>au—</strong></span> 
     </span>
    </p>
   </div>
   <div class='ocr_carea' id='block_1_80' title="bbox 534 4757 2079 4828">
    <p class='ocr_par' dir='ltr' id='par_1_80' title="bbox 534 4757 2079 4828">
     <span class='ocr_line' id='line_1_80' title="bbox 534 4757 2079 4828; baseline 0.001 -19"><span class='ocrx_word' id='word_1_599' title='bbox 534 4757 813 4828; x_wconf 72' lang='lat' dir='ltr'><strong>ctoritate;</strong></span> <span class='ocrx_word' id='word_1_600' title='bbox 842 4777 859 4808; x_wconf 77' lang='grc' dir='ltr'><strong>ι</strong></span> <span class='ocrx_word' id='word_1_601' title='bbox 898 4775 1020 4811; x_wconf 90' lang='lat' dir='ltr'><strong>nam</strong></span> <span class='ocrx_word' id='word_1_602' title='bbox 1055 4758 1318 4828; x_wconf 84' lang='lat' dir='ltr'><strong>Baronius</strong></span> <span class='ocrx_word' id='word_1_603' title='bbox 1365 4759 1479 4828; x_wconf 91' lang='lat' dir='ltr'><strong>ipse</strong></span> <span class='ocrx_word' id='word_1_604' title='bbox 1514 4769 1697 4813; x_wconf 90' lang='lat' dir='ltr'><strong>contra</strong></span> <span class='ocrx_word' id='word_1_605' title='bbox 1727 4775 1784 4813; x_wconf 91' lang='lat' dir='ltr'><strong>se</strong></span> <span class='ocrx_word' id='word_1_606' title='bbox 1817 4762 1948 4813; x_wconf 88' lang='lat' dir='ltr'><strong>citat</strong></span> <span class='ocrx_word' id='word_1_607' title='bbox 1982 4759 2079 4813; x_wconf 81' lang='lat' dir='ltr'><strong>Ro.</strong></span> 
     </span>
    </p>
   </div>
   <div class='ocr_carea' id='block_1_81' title="bbox 537 4826 2095 4899">
    <p class='ocr_par' dir='ltr' id='par_1_81' title="bbox 537 4826 2095 4899">
     <span class='ocr_line' id='line_1_81' title="bbox 537 4826 2095 4899; baseline 0.001 -18"><span class='ocrx_word' id='word_1_608' title='bbox 537 4828 701 4881; x_wconf 82' lang='lat' dir='ltr'><strong>linum</strong></span> <span class='ocrx_word' id='word_1_609' title='bbox 725 4866 740 4891; x_wconf 91' lang='lat'><strong>,</strong></span> <span class='ocrx_word' id='word_1_610' title='bbox 764 4826 1098 4899; x_wconf 70' lang='lat' dir='ltr'><strong>Socratem,</strong></span> <span class='ocrx_word' id='word_1_611' title='bbox 1149 4826 1533 4891; x_wconf 77' lang='lat' dir='ltr'><strong>Snzomenum,</strong></span> <span class='ocrx_word' id='word_1_612' title='bbox 1566 4829 1939 4899; x_wconf 84' lang='lat' dir='ltr'><strong>Augustinum.</strong></span> <span class='ocrx_word' id='word_1_613' title='bbox 1981 4850 1999 4881; x_wconf 77' lang='grc' dir='ltr'>ι</span> <span class='ocrx_word' id='word_1_614' title='bbox 2030 4831 2095 4882; x_wconf 78' lang='lat' dir='ltr'><strong>Et</strong></span> 
     </span>
    </p>
   </div>
   <div class='ocr_carea' id='block_1_82' title="bbox 536 4898 2093 4966">
    <p class='ocr_par' dir='ltr' id='par_1_82' title="bbox 536 4898 2093 4966">
     <span class='ocr_line' id='line_1_82' title="bbox 536 4898 2093 4966; baseline 0.004 -19"><span class='ocrx_word' id='word_1_615' title='bbox 536 4899 681 4961; x_wconf 80' lang='lat' dir='ltr'><strong>quis,</strong></span> <span class='ocrx_word' id='word_1_616' title='bbox 710 4914 729 4947; x_wconf 73' lang='grc' dir='ltr'><strong>ι</strong></span> <span class='ocrx_word' id='word_1_617' title='bbox 762 4898 935 4966; x_wconf 90' lang='lat' dir='ltr'><strong>inquit</strong></span> <span class='ocrx_word' id='word_1_618' title='bbox 963 4898 1342 4964; x_wconf 80' lang='lat' dir='ltr'><strong>Montacutius,</strong></span> <span class='ocrx_word' id='word_1_619' title='bbox 1380 4917 1398 4949; x_wconf 78' lang='grc' dir='ltr'>ι</span> <span class='ocrx_word' id='word_1_620' title='bbox 1429 4900 1624 4953; x_wconf 87' lang='lat' dir='ltr'><strong>talibus</strong></span> <span class='ocrx_word' id='word_1_621' title='bbox 1658 4898 1721 4952; x_wconf 80' lang='lat' dir='ltr'><strong>et</strong></span> <span class='ocrx_word' id='word_1_622' title='bbox 1761 4901 1927 4953; x_wconf 88' lang='lat' dir='ltr'><strong>tantis</strong></span> <span class='ocrx_word' id='word_1_623' title='bbox 1963 4901 2093 4954; x_wconf 87' lang='lat' dir='ltr'><strong>viris</strong></span> 
     </span>
    </p>
   </div>
   <div class='ocr_carea' id='block_1_83' title="bbox 539 4967 2092 5038">
    <p class='ocr_par' dir='ltr' id='par_1_83' title="bbox 539 4967 2092 5038">
     <span class='ocr_line' id='line_1_83' title="bbox 539 4967 2092 5038; baseline -0.001 -18"><span class='ocrx_word' id='word_1_624' title='bbox 539 4984 642 5021; x_wconf 91' lang='lat' dir='ltr'><strong>non</strong></span> <span class='ocrx_word' id='word_1_625' title='bbox 693 4967 921 5038; x_wconf 66' lang='lat' dir='ltr'><strong>credat?</strong></span> <span class='ocrx_word' id='word_1_626' title='bbox 967 4968 1098 5034; x_wconf 87' lang='lat' dir='ltr'><strong>Quis</strong></span> <span class='ocrx_word' id='word_1_627' title='bbox 1144 4983 1248 5022; x_wconf 92' lang='lat' dir='ltr'><strong>non</strong></span> <span class='ocrx_word' id='word_1_628' title='bbox 1306 4971 1488 5022; x_wconf 83' lang='lat' dir='ltr'><strong>credat</strong></span> <span class='ocrx_word' id='word_1_629' title='bbox 1544 4968 1802 5038; x_wconf 85' lang='lat' dir='ltr'><strong>Gregorio</strong></span> <span class='ocrx_word' id='word_1_630' title='bbox 1862 4968 2092 5022; x_wconf 54' lang='lat' dir='ltr'><strong>Nazian.</strong></span> 
     </span>
    </p>
   </div>
   <div class='ocr_carea' id='block_1_84' title="bbox 537 5037 2095 5109">
    <p class='ocr_par' dir='ltr' id='par_1_84' title="bbox 537 5037 2095 5109">
     <span class='ocr_line' id='line_1_84' title="bbox 537 5037 2095 5109; baseline 0 -16"><span class='ocrx_word' id='word_1_631' title='bbox 537 5037 755 5109; x_wconf 71' lang='lat' dir='ltr'><strong>zeno‘li</strong></span> <span class='ocrx_word' id='word_1_632' title='bbox 794 5038 974 5109; x_wconf 89' lang='lat' dir='ltr'><strong>(quem</strong></span> <span class='ocrx_word' id='word_1_633' title='bbox 1014 5038 1397 5109; x_wconf 78' lang='lat' dir='ltr'><strong>etiamcontra</strong></span> <span class='ocrx_word' id='word_1_634' title='bbox 1448 5055 1504 5091; x_wconf 88' lang='lat' dir='ltr'><strong>se</strong></span> <span class='ocrx_word' id='word_1_635' title='bbox 1548 5037 1793 5105; x_wconf 84' lang='lat' dir='ltr'><strong>potuerat</strong></span> <span class='ocrx_word' id='word_1_636' title='bbox 1836 5039 2095 5094; x_wconf 86' lang='lat' dir='ltr'><strong>Baronius</strong></span> 
     </span>
    </p>
   </div>
   <div class='ocr_carea' id='block_1_85' title="bbox 539 5106 2098 5177">
    <p class='ocr_par' dir='ltr' id='par_1_85' title="bbox 539 5106 2098 5177">
     <span class='ocr_line' id='line_1_85' title="bbox 539 5106 2098 5177; baseline -0.003 -14"><span class='ocrx_word' id='word_1_637' title='bbox 539 5107 727 5176; x_wconf 85' lang='lat' dir='ltr'><strong>citare)</strong></span> <span class='ocrx_word' id='word_1_638' title='bbox 750 5106 838 5176; x_wconf 84' lang='lat' dir='ltr'><strong>qui</strong></span> <span class='ocrx_word' id='word_1_639' title='bbox 880 5108 1108 5170; x_wconf 86' lang='lat' dir='ltr'><strong>litteras,</strong></span> <span class='ocrx_word' id='word_1_640' title='bbox 1138 5106 1350 5175; x_wconf 84' lang='grc' dir='ltr'>λόγους.</span> <span class='ocrx_word' id='word_1_641' title='bbox 1376 5108 1707 5177; x_wconf 84' lang='lat' dir='ltr'><strong>disciplinas,</strong></span> <span class='ocrx_word' id='word_1_642' title='bbox 1736 5110 1946 5165; x_wconf 88' lang='lat' dir='ltr'><strong>scholas</strong></span> <span class='ocrx_word' id='word_1_643' title='bbox 1981 5126 2098 5177; x_wconf 74' lang='lat' dir='ltr'><strong>pro.-</strong></span> 
     </span>
    </p>
   </div>
   <div class='ocr_carea' id='block_1_86' title="bbox 466 5178 2097 5247">
    <p class='ocr_par' dir='ltr' id='par_1_86' title="bbox 466 5178 2097 5247">
     <span class='ocr_line' id='line_1_86' title="bbox 466 5178 2097 5247; baseline 0.001 -15"><span class='ocrx_word' id='word_1_644' title='bbox 466 5192 467 5195; x_wconf 77' lang='lat'>‘</span> <span class='ocrx_word' id='word_1_645' title='bbox 541 5178 743 5232; x_wconf 86' lang='lat' dir='ltr'><strong>hihitos</strong></span> <span class='ocrx_word' id='word_1_646' title='bbox 802 5178 1124 5233; x_wconf 79' lang='lat' dir='ltr'><strong>ChriStianis</strong></span> <span class='ocrx_word' id='word_1_647' title='bbox 1156 5180 1437 5247; x_wconf 81' lang='lat' dir='ltr'><strong>omnibus</strong></span> <span class='ocrx_word' id='word_1_648' title='bbox 1488 5179 1806 5247; x_wconf 83' lang='lat' dir='ltr'><strong>proﬁtetur&#39;;</strong></span> <span class='ocrx_word' id='word_1_649' title='bbox 1858 5179 2097 5245; x_wconf 88' lang='lat' dir='ltr'><strong>adeoque</strong></span> 
     </span>
    </p>
   </div>
   <div class='ocr_carea' id='block_1_87' title="bbox 490 5246 2097 5318">
    <p class='ocr_par' dir='ltr' id='par_1_87' title="bbox 490 5246 2097 5318">
     <span class='ocr_line' id='line_1_87' title="bbox 490 5246 2097 5318; baseline 0.002 -19"><span class='ocrx_word' id='word_1_650' title='bbox 490 5308 494 5315; x_wconf 32' lang='grc' dir='ltr'>ι</span> <span class='ocrx_word' id='word_1_651' title='bbox 546 5256 652 5318; x_wconf 85' lang='lat' dir='ltr'><strong>tam</strong></span> <span class='ocrx_word' id='word_1_652' title='bbox 700 5248 913 5318; x_wconf 82' lang='lat' dir='ltr'><strong>discere</strong></span> <span class='ocrx_word' id='word_1_653' title='bbox 945 5264 1103 5317; x_wconf 89' lang='lat' dir='ltr'><strong>quam</strong></span> <span class='ocrx_word' id='word_1_654' title='bbox 1136 5246 1328 5303; x_wconf 89' lang='lat' dir='ltr'><strong>docere</strong></span> <span class='ocrx_word' id='word_1_655' title='bbox 1363 5246 1568 5302; x_wconf 85' lang='lat' dir='ltr'><strong>litteras</strong></span> <span class='ocrx_word' id='word_1_656' title='bbox 1606 5248 1943 5311; x_wconf 82' lang='lat' dir='ltr'><strong>Christianos</strong></span> <span class='ocrx_word' id='word_1_657' title='bbox 1975 5264 2097 5318; x_wconf 85' lang='lat' dir='ltr'><strong>pro-</strong></span> 
     </span>
    </p>
   </div>
   <div class='ocr_carea' id='block_1_88' title="bbox 543 5316 2099 5386">
    <p class='ocr_par' dir='ltr' id='par_1_88' title="bbox 543 5316 2099 5386">
     <span class='ocr_line' id='line_1_88' title="bbox 543 5316 2099 5386; baseline -0.001 -14"><span class='ocrx_word' id='word_1_658' title='bbox 543 5317 720 5372; x_wconf 88' lang='lat' dir='ltr'><strong>hibuit</strong></span> <span class='ocrx_word' id='word_1_659' title='bbox 764 5316 1026 5373; x_wconf 84' lang='lat' dir='ltr'><strong>Julianus.</strong></span> <span class='ocrx_word' id='word_1_660' title='bbox 1076 5318 1139 5371; x_wconf 86' lang='lat' dir='ltr'><strong>Et</strong></span> <span class='ocrx_word' id='word_1_661' title='bbox 1189 5328 1335 5373; x_wconf 88' lang='lat' dir='ltr'><strong>certe</strong></span> <span class='ocrx_word' id='word_1_662' title='bbox 1382 5320 1425 5371; x_wconf 88' lang='lat' dir='ltr'><strong>si</strong></span> <span class='ocrx_word' id='word_1_663' title='bbox 1460 5318 1667 5372; x_wconf 82' lang='lat' dir='ltr'><strong>litteras</strong></span> <span class='ocrx_word' id='word_1_664' title='bbox 1712 5321 1921 5375; x_wconf 89' lang='lat' dir='ltr'><strong>discere</strong></span> <span class='ocrx_word' id='word_1_665' title='bbox 1968 5316 2099 5386; x_wconf 85' lang='lat' dir='ltr'><strong>ipsis</strong></span> 
     </span>
    </p>
   </div>
   <div class='ocr_carea' id='block_1_89' title="bbox 543 5387 2100 5457">
    <p class='ocr_par' dir='ltr' id='par_1_89' title="bbox 543 5387 2100 5457">
     <span class='ocr_line' id='line_1_89' title="bbox 543 5387 2100 5457; baseline 0.003 -19"><span class='ocrx_word' id='word_1_666' title='bbox 543 5388 904 5457; x_wconf 80' lang='lat' dir='ltr'><strong>permisisset,</strong></span> <span class='ocrx_word' id='word_1_667' title='bbox 930 5397 985 5443; x_wconf 87' lang='lat' dir='ltr'><strong>et</strong></span> <span class='ocrx_word' id='word_1_668' title='bbox 1020 5390 1216 5444; x_wconf 90' lang='lat' dir='ltr'><strong>docere</strong></span> <span class='ocrx_word' id='word_1_669' title='bbox 1246 5397 1451 5442; x_wconf 87' lang='lat' dir='ltr'><strong>tantum</strong></span> <span class='ocrx_word' id='word_1_670' title='bbox 1487 5387 1883 5455; x_wconf 85' lang='lat' dir='ltr'><strong>prohibuisset,</strong></span> <span class='ocrx_word' id='word_1_671' title='bbox 1920 5391 2100 5443; x_wconf 87' lang='lat' dir='ltr'><strong>imme-</strong></span> 
     </span>
    </p>
   </div>
   <div class='ocr_carea' id='block_1_90' title="bbox 544 5456 2100 5530">
    <p class='ocr_par' dir='ltr' id='par_1_90' title="bbox 544 5456 2100 5530">
     <span class='ocr_line' id='line_1_90' title="bbox 544 5456 2100 5530; baseline 0.002 -21"><span class='ocrx_word' id='word_1_672' title='bbox 544 5456 648 5509; x_wconf 79' lang='lat' dir='ltr'><strong>rito</strong></span> <span class='ocrx_word' id='word_1_673' title='bbox 670 5456 963 5530; x_wconf 85' lang='lat' dir='ltr'><strong>Gregorius</strong></span> <span class='ocrx_word' id='word_1_674' title='bbox 1004 5467 1110 5513; x_wconf 87' lang='lat' dir='ltr'><strong>tam</strong></span> <span class='ocrx_word' id='word_1_675' title='bbox 1141 5458 1349 5513; x_wconf 89' lang='lat' dir='ltr'><strong>acerbis</strong></span> <span class='ocrx_word' id='word_1_676' title='bbox 1391 5457 1661 5530; x_wconf 72' lang='lat' dir='ltr'><strong>lulianum</strong></span> <span class='ocrx_word' id='word_1_677' title='bbox 1694 5462 1874 5514; x_wconf 87' lang='lat' dir='ltr'><strong>verbis</strong></span> <span class='ocrx_word' id='word_1_678' title='bbox 1916 5460 2100 5527; x_wconf 79' lang='lat' dir='ltr'><strong>exagi-</strong></span> 
     </span>
    </p>
   </div>
   <div class='ocr_carea' id='block_1_91' title="bbox 548 5528 2098 5597">
    <p class='ocr_par' dir='ltr' id='par_1_91' title="bbox 548 5528 2098 5597">
     <span class='ocr_line' id='line_1_91' title="bbox 548 5528 2098 5597; baseline 0.003 -20"><span class='ocrx_word' id='word_1_679' title='bbox 548 5536 709 5597; x_wconf 68' lang='lat' dir='ltr'><strong>taret,</strong></span> <span class='ocrx_word' id='word_1_680' title='bbox 748 5528 802 5581; x_wconf 76' lang='lat' dir='ltr'><strong>et</strong></span> <span class='ocrx_word' id='word_1_681' title='bbox 833 5540 1088 5597; x_wconf 88' lang='lat' dir='ltr'><strong>tanquam</strong></span> <span class='ocrx_word' id='word_1_682' title='bbox 1120 5530 1417 5583; x_wconf 88' lang='lat' dir='ltr'><strong>litterarum</strong></span> <span class='ocrx_word' id='word_1_683' title='bbox 1460 5528 1666 5582; x_wconf 86' lang='lat' dir='ltr'><strong>hostem</strong></span> <span class='ocrx_word' id='word_1_684' title='bbox 1704 5540 2098 5584; x_wconf 76' lang='lat' dir='ltr'><strong>exsecraretur.</strong></span> 
     </span>
    </p>
   </div>
   <div class='ocr_carea' id='block_1_92' title="bbox 544 5594 2104 5667">
    <p class='ocr_par' dir='ltr' id='par_1_92' title="bbox 544 5594 2104 5667">
     <span class='ocr_line' id='line_1_92' title="bbox 544 5594 2104 5667; baseline 0.004 -20"><span class='ocrx_word' id='word_1_685' title='bbox 544 5594 764 5667; x_wconf 74' lang='lat' dir='ltr'><strong>iniquus</strong></span> <span class='ocrx_word' id='word_1_686' title='bbox 793 5599 843 5652; x_wconf 94' lang='lat' dir='ltr'><strong>in</strong></span> <span class='ocrx_word' id='word_1_687' title='bbox 877 5594 1145 5653; x_wconf 72' lang='lat' dir='ltr'><strong>lulianum</strong></span> <span class='ocrx_word' id='word_1_688' title='bbox 1177 5598 1261 5654; x_wconf 89' lang='lat' dir='ltr'><strong>vel</strong></span> <span class='ocrx_word' id='word_1_689' title='bbox 1294 5599 1409 5667; x_wconf 86' lang='lat' dir='ltr'><strong>ipse</strong></span> <span class='ocrx_word' id='word_1_690' title='bbox 1440 5597 1628 5651; x_wconf 86' lang='lat' dir='ltr'><strong>fuisset</strong></span> <span class='ocrx_word' id='word_1_691' title='bbox 1670 5600 1784 5667; x_wconf 86' lang='lat' dir='ltr'><strong>ejus</strong></span> <span class='ocrx_word' id='word_1_692' title='bbox 1808 5600 2104 5654; x_wconf 89' lang='lat' dir='ltr'><strong>admirator</strong></span> 
     </span>
    </p>
   </div>
   <div class='ocr_carea' id='block_1_93' title="bbox 544 5664 2098 5739">
    <p class='ocr_par' dir='ltr' id='par_1_93' title="bbox 544 5664 2098 5739">
     <span class='ocr_line' id='line_1_93' title="bbox 544 5664 2098 5739; baseline 0.002 -21"><span class='ocrx_word' id='word_1_693' title='bbox 544 5664 857 5739; x_wconf 51' lang='lat' dir='ltr'><strong>liminianus</strong></span> <span class='ocrx_word' id='word_1_694' title='bbox 904 5669 1269 5731; x_wconf 75' lang='lat' dir='ltr'><strong>Marcellinus,</strong></span> <span class='ocrx_word' id='word_1_695' title='bbox 1315 5664 1404 5737; x_wconf 82' lang='lat' dir='ltr'><strong>qui</strong></span> <span class='ocrx_word' id='word_1_696' title='bbox 1442 5669 1520 5722; x_wconf 86' lang='lat' dir='ltr'><strong>bis</strong></span> <span class='ocrx_word' id='word_1_697' title='bbox 1566 5668 1656 5723; x_wconf 90' lang='lat' dir='ltr'><strong>lib.</strong></span> <span class='ocrx_word' id='word_1_698' title='bbox 1698 5664 1833 5733; x_wconf 66' lang='lat' dir='ltr'><strong>imi,</strong></span> <span class='ocrx_word' id='word_1_699' title='bbox 1870 5686 1921 5739; x_wconf 91' lang='lat' dir='ltr'><strong>p.</strong></span> <span class='ocrx_word' id='word_1_700' title='bbox 1960 5669 2098 5733; x_wconf 68' lang='lat'><strong>2°29;</strong></span> 
     </span>
    </p>
   </div>
   <div class='ocr_carea' id='block_1_94' title="bbox 545 5734 2103 5813">
    <p class='ocr_par' dir='ltr' id='par_1_94' title="bbox 545 5734 2103 5813">
     <span class='ocr_line' id='line_1_94' title="bbox 545 5734 2103 5813; baseline -0.002 -16"><span class='ocrx_word' id='word_1_701' title='bbox 545 5734 642 5797; x_wconf 80' lang='lat' dir='ltr'><strong>lib.</strong></span> <span class='ocrx_word' id='word_1_702' title='bbox 692 5754 818 5808; x_wconf 77' lang='lat' dir='ltr'><strong>xxv,</strong></span> <span class='ocrx_word' id='word_1_703' title='bbox 869 5754 923 5813; x_wconf 72' lang='grc' dir='ltr'><strong>ρ.</strong></span> <span class='ocrx_word' id='word_1_704' title='bbox 968 5739 1091 5808; x_wconf 68' lang='grc'><strong>294»,</strong></span> <span class='ocrx_word' id='word_1_705' title='bbox 1142 5758 1158 5791; x_wconf 83' lang='grc' dir='ltr'>ι</span> <span class='ocrx_word' id='word_1_706' title='bbox 1192 5734 1486 5803; x_wconf 70' lang='lat' dir='ltr'><strong>inclemens</strong></span> <span class='ocrx_word' id='word_1_707' title='bbox 1527 5749 1576 5794; x_wconf 89' lang='lat' dir='ltr'><strong>ct</strong></span> <span class='ocrx_word' id='word_1_708' title='bbox 1628 5734 2103 5807; x_wconf 35' lang='lat' dir='ltr'><strong>perenni—silentio</strong></span> 
     </span>
    </p>
   </div>
   <div class='ocr_carea' id='block_1_95' title="bbox 2180 3220 3688 3303">
    <p class='ocr_par' dir='ltr' id='par_1_95' title="bbox 2180 3220 3688 3303">
     <span class='ocr_line' id='line_1_95' title="bbox 2180 3220 3688 3303; baseline -0.008 -20"><span class='ocrx_word' id='word_1_709' title='bbox 2180 3230 2472 3303; x_wconf 83' lang='grc' dir='ltr'>θρησκείας</span> <span class='ocrx_word' id='word_1_710' title='bbox 2514 3229 2760 3297; x_wconf 79' lang='grc' dir='ltr'><strong>δικαίοις,</strong></span> <span class='ocrx_word' id='word_1_711' title='bbox 2794 3227 2917 3281; x_wconf 73' lang='grc' dir='ltr'><strong>οὔτε</strong></span> <span class='ocrx_word' id='word_1_712' title='bbox 2949 3230 3061 3291; x_wconf 86' lang='grc' dir='ltr'><strong>τοῖς</strong></span> <span class='ocrx_word' id='word_1_713' title='bbox 3092 3227 3275 3295; x_wconf 90' lang='grc' dir='ltr'>λόγοις</span> <span class='ocrx_word' id='word_1_714' title='bbox 3314 3226 3487 3286; x_wconf 79' lang='grc' dir='ltr'>αὐτοῖς</span> <span class='ocrx_word' id='word_1_715' title='bbox 3520 3222 3570 3274; x_wconf 79' lang='grc' dir='ltr'><strong>τὸ</strong></span> <span class='ocrx_word' id='word_1_716' title='bbox 3596 3220 3688 3280; x_wconf 70' lang='grc' dir='ltr'><strong>τοὺς</strong></span> 
     </span>
    </p>
   </div>
   <div class='ocr_carea' id='block_1_96' title="bbox 2181 3310 3687 3395">
    <p class='ocr_par' dir='ltr' id='par_1_96' title="bbox 2181 3310 3687 3395">
     <span class='ocr_line' id='line_1_96' title="bbox 2181 3310 3687 3395; baseline -0.011 -16"><span class='ocrx_word' id='word_1_717' title='bbox 2181 3322 2477 3395; x_wconf 67' lang='grc' dir='ltr'>ἡμετέρους</span> <span class='ocrx_word' id='word_1_718' title='bbox 2515 3321 2758 3391; x_wconf 71' lang='grc' dir='ltr'>ἐπίσχειν</span> <span class='ocrx_word' id='word_1_719' title='bbox 2804 3320 3027 3388; x_wconf 72' lang='grc' dir='ltr'><strong>λόγουςσ</strong></span> <span class='ocrx_word' id='word_1_720' title='bbox 3074 3318 3267 3390; x_wconf 82' lang='grc' dir='ltr'>ὥσπερ</span> <span class='ocrx_word' id='word_1_721' title='bbox 3302 3317 3366 3371; x_wconf 86' lang='grc' dir='ltr'>ἂν</span> <span class='ocrx_word' id='word_1_722' title='bbox 3400 3314 3449 3367; x_wconf 83' lang='grc' dir='ltr'><strong>εἴ</strong></span> <span class='ocrx_word' id='word_1_723' title='bbox 3486 3331 3557 3376; x_wconf 88' lang='grc' dir='ltr'>τις</span> <span class='ocrx_word' id='word_1_724' title='bbox 3584 3310 3687 3381; x_wconf 81' lang='grc' dir='ltr'><strong>κρά-</strong></span> 
     </span>
    </p>
   </div>
   <div class='ocr_carea' id='block_1_97' title="bbox 2180 3404 3688 3485">
    <p class='ocr_par' dir='ltr' id='par_1_97' title="bbox 2180 3404 3688 3485">
     <span class='ocr_line' id='line_1_97' title="bbox 2180 3404 3688 3485; baseline -0.007 -17"><span class='ocrx_word' id='word_1_725' title='bbox 2180 3432 2358 3468; x_wconf 90' lang='grc' dir='ltr'><strong>τιστον</strong></span> <span class='ocrx_word' id='word_1_726' title='bbox 2384 3414 2575 3468; x_wconf 80' lang='grc' dir='ltr'><strong>ἑαυτὸν</strong></span> <span class='ocrx_word' id='word_1_727' title='bbox 2603 3414 2813 3484; x_wconf 78' lang='grc' dir='ltr'><strong>νομίζοι</strong></span> <span class='ocrx_word' id='word_1_728' title='bbox 2844 3414 2953 3467; x_wconf 86' lang='grc' dir='ltr'><strong>τῶν</strong></span> <span class='ocrx_word' id='word_1_729' title='bbox 2986 3413 3253 3485; x_wconf 84' lang='grc' dir='ltr'>ἀθλητῶν,</span> <span class='ocrx_word' id='word_1_730' title='bbox 3290 3412 3382 3466; x_wconf 75' lang='grc' dir='ltr'>καὶ</span> <span class='ocrx_word' id='word_1_731' title='bbox 3405 3408 3562 3477; x_wconf 79' lang='grc' dir='ltr'><strong>ἀξιοίη</strong></span> <span class='ocrx_word' id='word_1_732' title='bbox 3584 3404 3688 3459; x_wconf 76' lang='grc' dir='ltr'><strong>κατά</strong></span> 
     </span>
    </p>
   </div>
   <div class='ocr_carea' id='block_1_98' title="bbox 2182 3498 3688 3577">
    <p class='ocr_par' dir='ltr' id='par_1_98' title="bbox 2182 3498 3688 3577">
     <span class='ocr_line' id='line_1_98' title="bbox 2182 3498 3688 3577; baseline -0.007 -18"><span class='ocrx_word' id='word_1_733' title='bbox 2182 3506 2399 3560; x_wconf 83' lang='grc' dir='ltr'>πάντων</span> <span class='ocrx_word' id='word_1_734' title='bbox 2430 3504 2818 3577; x_wconf 86' lang='grc' dir='ltr'>κηρύττεσθαι,</span> <span class='ocrx_word' id='word_1_735' title='bbox 2865 3506 3070 3577; x_wconf 82' lang='grc' dir='ltr'>μηδένα</span> <span class='ocrx_word' id='word_1_736' title='bbox 3102 3505 3212 3558; x_wconf 83' lang='grc' dir='ltr'><strong>τῶν</strong></span> <span class='ocrx_word' id='word_1_737' title='bbox 3256 3503 3505 3573; x_wconf 88' lang='grc' dir='ltr'><strong>γενναίων</strong></span> <span class='ocrx_word' id='word_1_738' title='bbox 3534 3498 3688 3568; x_wconf 83' lang='grc' dir='ltr'><strong>ἁγωνί·</strong></span> 
     </span>
    </p>
   </div>
   <div class='ocr_carea' id='block_1_99' title="bbox 2184 3592 3687 3671">
    <p class='ocr_par' dir='ltr' id='par_1_99' title="bbox 2184 3592 3687 3671">
     <span class='ocr_line' id='line_1_99' title="bbox 2184 3592 3687 3671; baseline -0.005 -18"><span class='ocrx_word' id='word_1_739' title='bbox 2184 3600 2392 3665; x_wconf 81' lang='grc' dir='ltr'>ζεσθαι,</span> <span class='ocrx_word' id='word_1_740' title='bbox 2444 3599 2577 3671; x_wconf 76' lang='grc' dir='ltr'>μηδὲ</span> <span class='ocrx_word' id='word_1_741' title='bbox 2614 3600 2958 3653; x_wconf 80' lang='grc' dir='ltr'><strong>καταϐαίνειν</strong></span> <span class='ocrx_word' id='word_1_742' title='bbox 2999 3602 3078 3664; x_wconf 90' lang='grc' dir='ltr'><strong>είς</strong></span> <span class='ocrx_word' id='word_1_743' title='bbox 3123 3598 3183 3669; x_wconf 71' lang='grc' dir='ltr'><strong>τὸ</strong></span> <span class='ocrx_word' id='word_1_744' title='bbox 3228 3597 3435 3652; x_wconf 82' lang='grc' dir='ltr'><strong>στάδιον</strong></span> <span class='ocrx_word' id='word_1_745' title='bbox 3466 3592 3687 3656; x_wconf 76' lang='grc' dir='ltr'>ἐπιτάξας,</span> 
     </span>
    </p>
   </div>
   <div class='ocr_carea' id='block_1_100' title="bbox 2183 3683 3688 3763">
    <p class='ocr_par' dir='ltr' id='par_1_100' title="bbox 2183 3683 3688 3763">
     <span class='ocr_line' id='line_1_100' title="bbox 2183 3683 3688 3763; baseline -0.007 -17"><span class='ocrx_word' id='word_1_746' title='bbox 2183 3694 2217 3763; x_wconf 74' lang='grc' dir='ltr'>ἦ</span> <span class='ocrx_word' id='word_1_747' title='bbox 2266 3711 2320 3745; x_wconf 92' lang='grc' dir='ltr'><strong>τι</strong></span> <span class='ocrx_word' id='word_1_748' title='bbox 2370 3693 2478 3745; x_wconf 81' lang='grc' dir='ltr'><strong>τῶν</strong></span> <span class='ocrx_word' id='word_1_749' title='bbox 2520 3691 2698 3763; x_wconf 83' lang='grc' dir='ltr'>μελῶν</span> <span class='ocrx_word' id='word_1_750' title='bbox 2750 3691 3048 3763; x_wconf 76' lang='grc' dir='ltr'>περικόψας</span> <span class='ocrx_word' id='word_1_751' title='bbox 3088 3689 3246 3761; x_wconf 82' lang='grc'>(86),</span> <span class='ocrx_word' id='word_1_752' title='bbox 3292 3691 3425 3759; x_wconf 82' lang='grc' dir='ltr'>ὅπερ</span> <span class='ocrx_word' id='word_1_753' title='bbox 3459 3683 3688 3755; x_wconf 71' lang='grc' dir='ltr'><strong>ἀνανδρίας</strong></span> 
     </span>
    </p>
   </div>
   <div class='ocr_carea' id='block_1_101' title="bbox 2190 3772 3687 3856">
    <p class='ocr_par' dir='ltr' id='par_1_101' title="bbox 2190 3772 3687 3856">
     <span class='ocr_line' id='line_1_101' title="bbox 2190 3772 3687 3856; baseline -0.001 -19"><span class='ocrx_word' id='word_1_754' title='bbox 2190 3784 2387 3856; x_wconf 79' lang='grc' dir='ltr'>μᾶλλον</span> <span class='ocrx_word' id='word_1_755' title='bbox 2429 3782 2461 3853; x_wconf 82' lang='grc' dir='ltr'>ἦ</span> <span class='ocrx_word' id='word_1_756' title='bbox 2516 3781 2706 3855; x_wconf 77' lang='grc' dir='ltr'>ῥώμης</span> <span class='ocrx_word' id='word_1_757' title='bbox 2754 3784 3071 3855; x_wconf 80' lang='grc' dir='ltr'>τεκμήριον.</span> <span class='ocrx_word' id='word_1_758' title='bbox 3122 3780 3282 3836; x_wconf 85' lang='grc' dir='ltr'><strong>Κατὰ</strong></span> <span class='ocrx_word' id='word_1_759' title='bbox 3330 3780 3437 3852; x_wconf 83' lang='grc' dir='ltr'><strong>γὰρ</strong></span> <span class='ocrx_word' id='word_1_760' title='bbox 3474 3776 3568 3831; x_wconf 82' lang='grc' dir='ltr'><strong>τῶν</strong></span> <span class='ocrx_word' id='word_1_761' title='bbox 3607 3772 3687 3842; x_wconf 81' lang='grc'>(8⁷)</span> 
     </span>
    </p>
   </div>
   <div class='ocr_carea' id='block_1_102' title="bbox 2187 3864 3689 3945">
    <p class='ocr_par' dir='ltr' id='par_1_102' title="bbox 2187 3864 3689 3945">
     <span class='ocr_line' id='line_1_102' title="bbox 2187 3864 3689 3945; baseline -0.004 -17"><span class='ocrx_word' id='word_1_762' title='bbox 2187 3874 2635 3945; x_wconf 76' lang='grc' dir='ltr'>ἀγωνιζομένων,</span> <span class='ocrx_word' id='word_1_763' title='bbox 2692 3876 2754 3928; x_wconf 84' lang='grc' dir='ltr'><strong>ού</strong></span> <span class='ocrx_word' id='word_1_764' title='bbox 2799 3874 2905 3928; x_wconf 82' lang='grc' dir='ltr'><strong>τῶν</strong></span> <span class='ocrx_word' id='word_1_765' title='bbox 2956 3874 3068 3928; x_wconf 82' lang='grc' dir='ltr'>ἀνω</span> <span class='ocrx_word' id='word_1_766' title='bbox 3119 3873 3493 3944; x_wconf 80' lang='grc' dir='ltr'>καθεζομένων</span> <span class='ocrx_word' id='word_1_767' title='bbox 3534 3868 3623 3939; x_wconf 88' lang='grc'>(88)</span> <span class='ocrx_word' id='word_1_768' title='bbox 3654 3864 3689 3916; x_wconf 69' lang='grc' dir='ltr'><strong>οἱ</strong></span> 
     </span>
    </p>
   </div>
   <div class='ocr_carea' id='block_1_103' title="bbox 2183 3984 3690 4061">
    <p class='ocr_par' dir='ltr' id='par_1_103' title="bbox 2183 3984 3690 4061">
     <span class='ocr_line' id='line_1_103' title="bbox 2183 3984 3690 4061; baseline -0.003 -18"><span class='ocrx_word' id='word_1_769' title='bbox 2183 3989 2512 4044; x_wconf 88' lang='lat' dir='ltr'><strong>obruendum</strong></span> <span class='ocrx_word' id='word_1_770' title='bbox 2539 4008 2557 4040; x_wconf 73' lang='grc' dir='ltr'><strong>ι</strong></span> <span class='ocrx_word' id='word_1_771' title='bbox 2602 3988 2833 4059; x_wconf 88' lang='lat' dir='ltr'><strong>appellat</strong></span> <span class='ocrx_word' id='word_1_772' title='bbox 2869 3987 3127 4061; x_wconf 21' lang='lat' dir='ltr'><strong>Iuliani»:</strong></span> <span class='ocrx_word' id='word_1_773' title='bbox 3152 3988 3490 4061; x_wconf 35' lang='lat' dir='ltr'><strong>decretumhg</strong></span> <span class='ocrx_word' id='word_1_774' title='bbox 3523 3984 3690 4061; x_wconf 55' lang='lat' dir='ltr'><strong>deuito</strong></span> 
     </span>
    </p>
   </div>
   <div class='ocr_carea' id='block_1_104' title="bbox 2189 4053 3689 4127">
    <p class='ocr_par' dir='ltr' id='par_1_104' title="bbox 2189 4053 3689 4127">
     <span class='ocr_line' id='line_1_104' title="bbox 2189 4053 3689 4127; baseline -0.009 -15"><span class='ocrx_word' id='word_1_775' title='bbox 2189 4069 2365 4113; x_wconf 90' lang='lat' dir='ltr'><strong>tamen</strong></span> <span class='ocrx_word' id='word_1_776' title='bbox 2410 4053 2687 4126; x_wconf 64' lang='grc' dir='ltr'>Αροειοιξέ</span> <span class='ocrx_word' id='word_1_777' title='bbox 2708 4058 2962 4127; x_wconf 76' lang='lat' dir='ltr'><strong>gratulari</strong></span> <span class='ocrx_word' id='word_1_778' title='bbox 3015 4058 3309 4125; x_wconf 87' lang='lat' dir='ltr'><strong>debuerat,</strong></span> <span class='ocrx_word' id='word_1_779' title='bbox 3347 4058 3395 4113; x_wconf 94' lang='lat' dir='ltr'><strong>si</strong></span> <span class='ocrx_word' id='word_1_780' title='bbox 3426 4053 3689 4110; x_wconf 78' lang='lat' dir='ltr'><strong>Christianis</strong></span> 
     </span>
    </p>
   </div>
   <div class='ocr_carea' id='block_1_105' title="bbox 2192 4128 3297 4183">
    <p class='ocr_par' dir='ltr' id='par_1_105' title="bbox 2192 4128 3297 4183">
     <span class='ocr_line' id='line_1_105' title="bbox 2192 4128 3297 4183; baseline -0.002 0"><span class='ocrx_word' id='word_1_781' title='bbox 2192 4139 2397 4183; x_wconf 85' lang='lat' dir='ltr'><strong>tantum</strong></span> <span class='ocrx_word' id='word_1_782' title='bbox 2437 4128 2657 4183; x_wconf 88' lang='lat' dir='ltr'><strong>docendi</strong></span> <span class='ocrx_word' id='word_1_783' title='bbox 2690 4144 2882 4183; x_wconf 83' lang='lat' dir='ltr'><strong>munus</strong></span> <span class='ocrx_word' id='word_1_784' title='bbox 2911 4129 3297 4183; x_wconf 84' lang='lat' dir='ltr'><strong>interdixisset.</strong></span> 
     </span>
    </p>
   </div>
   <div class='ocr_carea' id='block_1_106' title="bbox 2259 4188 3691 4268">
    <p class='ocr_par' dir='ltr' id='par_1_106' title="bbox 2259 4188 3691 4268">
     <span class='ocr_line' id='line_1_106' title="bbox 2259 4188 3691 4268; baseline -0.008 -17"><span class='ocrx_word' id='word_1_785' title='bbox 2259 4199 2368 4268; x_wconf 81' lang='lat' dir='ltr'><strong>(8f)</strong></span> <span class='ocrx_word' id='word_1_786' title='bbox 2407 4198 2516 4252; x_wconf 78' lang='grc' dir='ltr'><strong>Καὶ</strong></span> <span class='ocrx_word' id='word_1_787' title='bbox 2548 4197 2743 4261; x_wconf 88' lang='grc' dir='ltr'><strong>τοῦτο,</strong></span> <span class='ocrx_word' id='word_1_788' title='bbox 2773 4208 2876 4253; x_wconf 85' lang='lat' dir='ltr'><strong>etc.</strong></span> <span class='ocrx_word' id='word_1_789' title='bbox 2911 4197 3079 4267; x_wconf 78' lang='lat' dir='ltr'><strong>Regg.</strong></span> <span class='ocrx_word' id='word_1_790' title='bbox 3112 4214 3163 4261; x_wconf 89' lang='lat' dir='ltr'><strong>a,</strong></span> <span class='ocrx_word' id='word_1_791' title='bbox 3210 4199 3265 4263; x_wconf 79' lang='grc' dir='ltr'>ι),</span> <span class='ocrx_word' id='word_1_792' title='bbox 3310 4194 3456 4268; x_wconf 81' lang='lat' dir='ltr'><strong>Colb.</strong></span> <span class='ocrx_word' id='word_1_793' title='bbox 3487 4193 3532 4268; x_wconf 70' lang='grc' dir='ltr'><strong>θ,</strong></span> <span class='ocrx_word' id='word_1_794' title='bbox 3562 4188 3691 4255; x_wconf 81' lang='grc' dir='ltr'><strong>τούτῳ</strong></span> 
     </span>
    </p>
   </div>
   <div class='ocr_carea' id='block_1_107' title="bbox 2188 4264 3692 4341">
    <p class='ocr_par' dir='ltr' id='par_1_107' title="bbox 2188 4264 3692 4341">
     <span class='ocr_line' id='line_1_107' title="bbox 2188 4264 3692 4341; baseline -0.005 -18"><span class='ocrx_word' id='word_1_795' title='bbox 2188 4264 2484 4341; x_wconf 81' lang='grc' dir='ltr'>διαφέρειν.</span> <span class='ocrx_word' id='word_1_796' title='bbox 2516 4268 2705 4341; x_wconf 68' lang='lat' dir='ltr'><strong>llillius</strong></span> <span class='ocrx_word' id='word_1_797' title='bbox 2742 4287 2754 4323; x_wconf 94' lang='lat'><strong>:</strong></span> <span class='ocrx_word' id='word_1_798' title='bbox 2790 4287 2810 4320; x_wconf 79' lang='grc' dir='ltr'>ι</span> <span class='ocrx_word' id='word_1_799' title='bbox 2840 4264 3055 4337; x_wconf 80' lang='lat' dir='ltr'><strong>Easque</strong></span> <span class='ocrx_word' id='word_1_800' title='bbox 3103 4280 3329 4341; x_wconf 79' lang='lat' dir='ltr'><strong>propter</strong></span> <span class='ocrx_word' id='word_1_801' title='bbox 3364 4264 3579 4341; x_wconf 58' lang='lat' dir='ltr'><strong>eiusdem</strong></span> <span class='ocrx_word' id='word_1_802' title='bbox 3621 4274 3692 4341; x_wconf 65' lang='grc' dir='ltr'><strong>ῐιοέ</strong></span> 
     </span>
    </p>
   </div>
   <div class='ocr_carea' id='block_1_108' title="bbox 2192 4329 3689 4413">
    <p class='ocr_par' dir='ltr' id='par_1_108' title="bbox 2192 4329 3689 4413">
     <span class='ocr_line' id='line_1_108' title="bbox 2192 4329 3689 4413; baseline -0.009 -19"><span class='ocrx_word' id='word_1_803' title='bbox 2192 4329 2363 4394; x_wconf 43' lang='lat' dir='ltr'><strong>min-is.</strong></span> <span class='ocrx_word' id='word_1_804' title='bbox 2404 4338 2816 4413; x_wconf 78' lang='lat' dir='ltr'><strong>appellationem</strong></span> <span class='ocrx_word' id='word_1_805' title='bbox 2850 4329 2991 4413; x_wconf 76' lang='lat' dir='ltr'><strong>suas</strong></span> <span class='ocrx_word' id='word_1_806' title='bbox 3022 4329 3158 4413; x_wconf 74' lang='lat' dir='ltr'><strong>esse</strong></span> <span class='ocrx_word' id='word_1_807' title='bbox 3201 4329 3458 4413; x_wconf 70' lang='lat' dir='ltr'><strong>duxisset.</strong></span> <span class='ocrx_word' id='word_1_808' title='bbox 3483 4352 3500 4386; x_wconf 71' lang='grc' dir='ltr'><strong>ι</strong></span> <span class='ocrx_word' id='word_1_809' title='bbox 3540 4329 3689 4413; x_wconf 71' lang='lat' dir='ltr'><strong>Verum</strong></span> 
     </span>
    </p>
   </div>
   <div class='ocr_carea' id='block_1_109' title="bbox 2193 4406 3691 4477">
    <p class='ocr_par' dir='ltr' id='par_1_109' title="bbox 2193 4406 3691 4477">
     <span class='ocr_line' id='line_1_109' title="bbox 2193 4406 3691 4477; baseline -0.003 -14"><span class='ocrx_word' id='word_1_810' title='bbox 2193 4420 2250 4463; x_wconf 92' lang='lat' dir='ltr'><strong>ut</strong></span> <span class='ocrx_word' id='word_1_811' title='bbox 2279 4418 2381 4463; x_wconf 90' lang='lat' dir='ltr'><strong>stet</strong></span> <span class='ocrx_word' id='word_1_812' title='bbox 2412 4406 2580 4477; x_wconf 83' lang='lat' dir='ltr'><strong>ipsius</strong></span> <span class='ocrx_word' id='word_1_813' title='bbox 2624 4410 2816 4475; x_wconf 58' lang='lat' dir='ltr'><strong>versio,</strong></span> <span class='ocrx_word' id='word_1_814' title='bbox 2850 4409 3129 4476; x_wconf 85' lang='lat' dir='ltr'><strong>legendum</strong></span> <span class='ocrx_word' id='word_1_815' title='bbox 3169 4424 3266 4477; x_wconf 91' lang='lat' dir='ltr'><strong>pro</strong></span> <span class='ocrx_word' id='word_1_816' title='bbox 3304 4406 3473 4477; x_wconf 74' lang='grc' dir='ltr'><strong>τοῦτο,</strong></span> <span class='ocrx_word' id='word_1_817' title='bbox 3503 4406 3691 4477; x_wconf 60' lang='grc' dir='ltr'><strong>ταύταςε</strong></span> 
     </span>
    </p>
   </div>
   <div class='ocr_carea' id='block_1_110' title="bbox 2190 4473 3691 4548">
    <p class='ocr_par' dir='ltr' id='par_1_110' title="bbox 2190 4473 3691 4548">
     <span class='ocr_line' id='line_1_110' title="bbox 2190 4473 3691 4548; baseline -0.008 -16"><span class='ocrx_word' id='word_1_818' title='bbox 2190 4489 2243 4532; x_wconf 88' lang='lat' dir='ltr'><strong>et</strong></span> <span class='ocrx_word' id='word_1_819' title='bbox 2284 4473 2444 4548; x_wconf 82' lang='grc' dir='ltr'><strong>αὑτῷ</strong></span> <span class='ocrx_word' id='word_1_820' title='bbox 2478 4493 2570 4546; x_wconf 83' lang='lat' dir='ltr'><strong>pro</strong></span> <span class='ocrx_word' id='word_1_821' title='bbox 2618 4473 2925 4548; x_wconf 37' lang='grc' dir='ltr'><strong>αύτῷξνεῖ</strong></span> <span class='ocrx_word' id='word_1_822' title='bbox 2967 4473 3192 4533; x_wconf 51' lang='lat' dir='ltr'><strong>subaudi</strong></span> <span class='ocrx_word' id='word_1_823' title='bbox 3235 4493 3353 4534; x_wconf 89' lang='lat' dir='ltr'><strong>cum</strong></span> <span class='ocrx_word' id='word_1_824' title='bbox 3408 4473 3576 4530; x_wconf 77' lang='lat' dir='ltr'><strong>Camb.</strong></span> <span class='ocrx_word' id='word_1_825' title='bbox 3604 4474 3691 4539; x_wconf 80' lang='lat' dir='ltr'><strong>post</strong></span> 
     </span>
    </p>
   </div>
   <div class='ocr_carea' id='block_1_111' title="bbox 2193 4496 3180 4627">
    <p class='ocr_par' dir='ltr' id='par_1_111' title="bbox 2193 4496 3180 4627">
     <span class='ocr_line' id='line_1_111' title="bbox 2193 4496 3180 4601; baseline -0.001 -69"><span class='ocrx_word' id='word_1_826' title='bbox 2193 4496 2432 4601; x_wconf 36' lang='lat' dir='ltr'><strong>eum?</strong></span> <span class='ocrx_word' id='word_1_827' title='bbox 2478 4496 2570 4546; x_wconf 80' lang='lat' dir='ltr'><strong>pro</strong></span> <span class='ocrx_word' id='word_1_828' title='bbox 2618 4496 2786 4548; x_wconf 78' lang='grc' dir='ltr'><strong>αντῳ,</strong></span> <span class='ocrx_word' id='word_1_829' title='bbox 2835 4496 2918 4559; x_wconf 75' lang='lat' dir='ltr'><strong>vet</strong></span> <span class='ocrx_word' id='word_1_830' title='bbox 2967 4496 3180 4533; x_wconf 55' lang='lat' dir='ltr'><strong>suuauu.</strong></span> 
     </span>
     <span class='ocr_line' id='line_1_112' title="bbox 2193 4548 3180 4627; baseline 0.001 -25"><span class='ocrx_word' id='word_1_831' title='bbox 2193 4566 2371 4627; x_wconf 67' lang='grc' dir='ltr'><strong>τουτο,</strong></span> <span class='ocrx_word' id='word_1_832' title='bbox 2419 4548 2570 4627; x_wconf 62' lang='grc' dir='ltr'><strong>έγων</strong></span> <span class='ocrx_word' id='word_1_833' title='bbox 2600 4549 2783 4627; x_wconf 81' lang='grc' dir='ltr'><strong>καλόν.</strong></span> <span class='ocrx_word' id='word_1_834' title='bbox 2816 4548 2945 4627; x_wconf 80' lang='lat' dir='ltr'><strong>Vide</strong></span> <span class='ocrx_word' id='word_1_835' title='bbox 2976 4548 3180 4627; x_wconf 37' lang='lat' dir='ltr'><strong>n._lO-l_.</strong></span> 
     </span>
    </p>
   </div>
   <div class='ocr_carea' id='block_1_112' title="bbox 2194 4605 3691 4743">
    <p class='ocr_par' dir='ltr' id='par_1_112' title="bbox 2194 4605 3691 4743">
     <span class='ocr_line' id='line_1_113' title="bbox 2194 4605 3691 4743; baseline -0.017 -55"><span class='ocrx_word' id='word_1_836' title='bbox 2194 4690 2224 4743; x_wconf 61' lang='grc' dir='ltr'><strong><em>ὁ</em></strong></span> <span class='ocrx_word' id='word_1_837' title='bbox 2263 4605 2384 4743; x_wconf 66' lang='grc' dir='ltr'><strong>(82)ι</strong></span> <span class='ocrx_word' id='word_1_838' title='bbox 2417 4605 2539 4673; x_wconf 75' lang='grc' dir='ltr'><strong>Τῶν</strong></span> <span class='ocrx_word' id='word_1_839' title='bbox 2584 4617 2847 4687; x_wconf 78' lang='grc' dir='ltr'><strong>πρώτων.</strong></span> <span class='ocrx_word' id='word_1_840' title='bbox 2892 4618 2949 4673; x_wconf 93' lang='lat' dir='ltr'><strong>In</strong></span> <span class='ocrx_word' id='word_1_841' title='bbox 3002 4619 3241 4690; x_wconf 90' lang='lat' dir='ltr'><strong>pluribus</strong></span> <span class='ocrx_word' id='word_1_842' title='bbox 3293 4615 3453 4686; x_wconf 80' lang='lat' dir='ltr'><strong>Regg.</strong></span> <span class='ocrx_word' id='word_1_843' title='bbox 3491 4621 3539 4668; x_wconf 88' lang='lat' dir='ltr'><strong>et</strong></span> <span class='ocrx_word' id='word_1_844' title='bbox 3578 4605 3691 4665; x_wconf 77' lang='lat' dir='ltr'><strong>Colb.</strong></span> 
     </span>
     <span class='ocr_line' id='line_1_114' title="bbox 2230 4704 2405 4743; baseline 0 0"><span class='ocrx_word' id='word_1_845' title='bbox 2230 4704 2359 4743; x_wconf 72' lang='grc'><strong>881111</strong></span> <span class='ocrx_word' id='word_1_846' title='bbox 2392 4733 2405 4743; x_wconf 89' lang='grc'><strong>.</strong></span> 
     </span>
    </p>
   </div>
   <div class='ocr_carea' id='block_1_113' title="bbox 2230 4700 2405 4747">
    <p class='ocr_par' dir='ltr' id='par_1_113' title="bbox 2230 4700 2405 4747">
     <span class='ocr_line' id='line_1_115' title="bbox 2230 4700 2405 4747; baseline 0.023 -4"><span class='ocrx_word' id='word_1_847' title='bbox 2230 4700 2405 4747; x_wconf 89' lang='lat' dir='ltr'><strong>esuut.</strong></span> 
     </span>
    </p>
   </div>
   <div class='ocr_carea' id='block_1_114' title="bbox 2266 4747 3692 4829">
    <p class='ocr_par' dir='ltr' id='par_1_114' title="bbox 2266 4747 3692 4829">
     <span class='ocr_line' id='line_1_116' title="bbox 2266 4747 3692 4829; baseline -0.004 -15"><span class='ocrx_word' id='word_1_848' title='bbox 2266 4759 2376 4829; x_wconf 84' lang='lat'><strong>(85)</strong></span> <span class='ocrx_word' id='word_1_849' title='bbox 2430 4759 2741 4825; x_wconf 72' lang='grc' dir='ltr'><strong>Ἀοέϐεἰας⁸</strong></span> <span class='ocrx_word' id='word_1_850' title='bbox 2795 4757 2936 4813; x_wconf 79' lang='lat' dir='ltr'><strong>Edit.</strong></span> <span class='ocrx_word' id='word_1_851' title='bbox 2978 4756 3097 4812; x_wconf 84' lang='lat' dir='ltr'><strong>Aid.</strong></span> <span class='ocrx_word' id='word_1_852' title='bbox 3144 4764 3198 4813; x_wconf 88' lang='lat' dir='ltr'><strong>et</strong></span> <span class='ocrx_word' id='word_1_853' title='bbox 3243 4754 3402 4829; x_wconf 80' lang='lat' dir='ltr'><strong>lierv.</strong></span> <span class='ocrx_word' id='word_1_854' title='bbox 3447 4747 3692 4829; x_wconf 63' lang='grc' dir='ltr'>εύσεόείαςτ</span> 
     </span>
    </p>
   </div>
   <div class='ocr_carea' id='block_1_115' title="bbox 2195 4820 3695 4911">
    <p class='ocr_par' dir='ltr' id='par_1_115' title="bbox 2195 4820 3695 4911">
     <span class='ocr_line' id='line_1_117' title="bbox 2195 4820 3695 4911; baseline -0.009 -29"><span class='ocrx_word' id='word_1_855' title='bbox 2195 4820 2309 4882; x_wconf 78' lang='lat' dir='ltr'><strong>Non</strong></span> <span class='ocrx_word' id='word_1_856' title='bbox 2345 4820 2639 4911; x_wconf 77' lang='lat' dir='ltr'><strong>spernenda</strong></span> <span class='ocrx_word' id='word_1_857' title='bbox 2672 4820 2851 4894; x_wconf 79' lang='lat' dir='ltr'><strong>lectio,</strong></span> <span class='ocrx_word' id='word_1_858' title='bbox 2881 4842 3043 4898; x_wconf 88' lang='lat' dir='ltr'><strong>quam</strong></span> <span class='ocrx_word' id='word_1_859' title='bbox 3076 4837 3256 4883; x_wconf 81' lang='lat' dir='ltr'><strong>tamen</strong></span> <span class='ocrx_word' id='word_1_860' title='bbox 3289 4827 3340 4880; x_wconf 92' lang='lat' dir='ltr'><strong>in</strong></span> <span class='ocrx_word' id='word_1_861' title='bbox 3383 4825 3515 4879; x_wconf 86' lang='lat' dir='ltr'><strong>nullo</strong></span> <span class='ocrx_word' id='word_1_862' title='bbox 3548 4820 3695 4874; x_wconf 82' lang='lat' dir='ltr'><strong>codice</strong></span> 
     </span>
    </p>
   </div>
   <div class='ocr_carea' id='block_1_116' title="bbox 2197 4914 2510 4953">
    <p class='ocr_par' dir='ltr' id='par_1_116' title="bbox 2197 4914 2510 4953">
     <span class='ocr_line' id='line_1_118' title="bbox 2197 4914 2510 4953; baseline -0.003 0"><span class='ocrx_word' id='word_1_863' title='bbox 2197 4914 2510 4953; x_wconf 72' lang='lat' dir='ltr'><strong>I&#39;Bllel&#39;lllllls.</strong></span> 
     </span>
    </p>
   </div>
   <div class='ocr_carea' id='block_1_117' title="bbox 2258 4916 3640 5039">
    <p class='ocr_par' dir='ltr' id='par_1_117' title="bbox 2258 4916 3640 5039">
     <span class='ocr_line' id='line_1_119' title="bbox 2258 4916 3640 5039; baseline -0.009 -16"><span class='ocrx_word' id='word_1_864' title='bbox 2258 4916 2911 5039; x_wconf 39' lang='grc' dir='ltr'><strong>ι(823³1³εἰδὲυνιιτώινιεέκηικ</strong></span> <span class='ocrx_word' id='word_1_865' title='bbox 2954 4967 3189 5039; x_wconf 75' lang='lat' dir='ltr'><strong>saucyg.</strong></span> <span class='ocrx_word' id='word_1_866' title='bbox 3210 4960 3640 5039; x_wconf 58' lang='lat' dir='ltr'><strong>o:3_6u‘l_a1(L1£_pOV.</strong></span> 
     </span>
    </p>
   </div>
   <div class='ocr_carea' id='block_1_118' title="bbox 2266 5025 3693 5111">
    <p class='ocr_par' dir='ltr' id='par_1_118' title="bbox 2266 5025 3693 5111">
     <span class='ocr_line' id='line_1_120' title="bbox 2266 5025 3693 5111; baseline -0.011 -18"><span class='ocrx_word' id='word_1_867' title='bbox 2266 5025 2377 5111; x_wconf 67' lang='lat' dir='ltr'><strong>{es}</strong></span> <span class='ocrx_word' id='word_1_868' title='bbox 2420 5039 2536 5092; x_wconf 82' lang='grc' dir='ltr'><strong>Τὸν</strong></span> <span class='ocrx_word' id='word_1_869' title='bbox 2566 5040 2712 5111; x_wconf 63' lang='lat' dir='ltr'><strong>Geo}-</strong></span> <span class='ocrx_word' id='word_1_870' title='bbox 2755 5025 3308 5111; x_wconf 51' lang='lat' dir='ltr'><strong>dpoagrszrfsctmt.</strong></span> <span class='ocrx_word' id='word_1_871' title='bbox 3341 5035 3411 5111; x_wconf 69' lang='grc' dir='ltr'>μὴ</span> <span class='ocrx_word' id='word_1_872' title='bbox 3450 5025 3693 5111; x_wconf 50' lang='grc' dir='ltr'><strong>ὁμολογεῖς.</strong></span> 
     </span>
    </p>
   </div>
   <div class='ocr_carea' id='block_1_119' title="bbox 2268 5094 3687 5181">
    <p class='ocr_par' dir='ltr' id='par_1_119' title="bbox 2268 5094 3687 5181">
     <span class='ocr_line' id='line_1_121' title="bbox 2268 5094 3687 5181; baseline -0.02 -2"><span class='ocrx_word' id='word_1_873' title='bbox 2268 5094 2382 5181; x_wconf 49' lang='grc'>(86)</span> <span class='ocrx_word' id='word_1_874' title='bbox 2410 5111 2493 5181; x_wconf 36' lang='grc' dir='ltr'><strong>-ῘἨ</strong></span> <span class='ocrx_word' id='word_1_875' title='bbox 2524 5127 2579 5163; x_wconf 82' lang='grc' dir='ltr'><strong>τι</strong></span> <span class='ocrx_word' id='word_1_876' title='bbox 2610 5108 2729 5163; x_wconf 79' lang='grc' dir='ltr'><strong>τῶν</strong></span> <span class='ocrx_word' id='word_1_877' title='bbox 2772 5094 2975 5181; x_wconf 44' lang='lat' dir='ltr'><strong>italu);-</strong></span> <span class='ocrx_word' id='word_1_878' title='bbox 3014 5094 3461 5181; x_wconf 48' lang='lat' dir='ltr'><strong>ae‘ptxdgi&#39;ag&#39;._l&#39;t_a</strong></span> <span class='ocrx_word' id='word_1_879' title='bbox 3481 5094 3687 5157; x_wconf 53' lang='lat' dir='ltr'><strong>&#39;Coile.</strong></span> 
     </span>
    </p>
   </div>
   <div class='ocr_carea' id='block_1_120' title="bbox 2197 5176 3590 5248">
    <p class='ocr_par' dir='ltr' id='par_1_120' title="bbox 2197 5176 3590 5248">
     <span class='ocr_line' id='line_1_122' title="bbox 2197 5176 3590 5248; baseline -0.008 -15"><span class='ocrx_word' id='word_1_880' title='bbox 2197 5176 2374 5241; x_wconf 65' lang='lat' dir='ltr'><strong>Pass,</strong></span> <span class='ocrx_word' id='word_1_881' title='bbox 2407 5178 2549 5232; x_wconf 81' lang='lat' dir='ltr'><strong>Elias</strong></span> <span class='ocrx_word' id='word_1_882' title='bbox 2600 5191 2654 5235; x_wconf 91' lang='lat' dir='ltr'><strong>et</strong></span> <span class='ocrx_word' id='word_1_883' title='bbox 2684 5176 2849 5233; x_wconf 79' lang='lat' dir='ltr'><strong>Savil.</strong></span> <span class='ocrx_word' id='word_1_884' title='bbox 2888 5179 3012 5235; x_wconf 63' lang='lat' dir='ltr'><strong>ﬂare</strong></span> <span class='ocrx_word' id='word_1_885' title='bbox 3040 5179 3293 5233; x_wconf 83' lang='lat' dir='ltr'><strong>amiserat</strong></span> <span class='ocrx_word' id='word_1_886' title='bbox 3325 5176 3517 5248; x_wconf 85' lang='lat' dir='ltr'><strong>Billius.</strong></span> <span class='ocrx_word' id='word_1_887' title='bbox 3580 5237 3590 5248; x_wconf 41' lang='lat'><em>.</em></span> 
     </span>
    </p>
   </div>
   <div class='ocr_carea' id='block_1_121' title="bbox 2270 5246 3692 5322">
    <p class='ocr_par' dir='ltr' id='par_1_121' title="bbox 2270 5246 3692 5322">
     <span class='ocr_line' id='line_1_123' title="bbox 2270 5246 3692 5322; baseline -0.004 -19"><span class='ocrx_word' id='word_1_888' title='bbox 2270 5250 2381 5319; x_wconf 82' lang='grc'>(87)</span> <span class='ocrx_word' id='word_1_889' title='bbox 2421 5251 2582 5304; x_wconf 82' lang='grc' dir='ltr'><strong>Κατὰ</strong></span> <span class='ocrx_word' id='word_1_890' title='bbox 2618 5250 2726 5320; x_wconf 78' lang='grc' dir='ltr'><strong>γὰρ</strong></span> <span class='ocrx_word' id='word_1_891' title='bbox 2761 5249 2898 5313; x_wconf 75' lang='grc' dir='ltr'><strong>τῶν,</strong></span> <span class='ocrx_word' id='word_1_892' title='bbox 2927 5259 3030 5305; x_wconf 91' lang='lat' dir='ltr'><strong>etc.</strong></span> <span class='ocrx_word' id='word_1_893' title='bbox 3073 5266 3091 5298; x_wconf 75' lang='grc' dir='ltr'>ι</span> <span class='ocrx_word' id='word_1_894' title='bbox 3123 5250 3194 5302; x_wconf 90' lang='lat' dir='ltr'><strong>De</strong></span> <span class='ocrx_word' id='word_1_895' title='bbox 3236 5248 3301 5300; x_wconf 92' lang='lat' dir='ltr'><strong>iis</strong></span> <span class='ocrx_word' id='word_1_896' title='bbox 3342 5246 3478 5322; x_wconf 77' lang='lat' dir='ltr'><strong>enim</strong></span> <span class='ocrx_word' id='word_1_897' title='bbox 3506 5246 3591 5322; x_wconf 58' lang='lat' dir='ltr'><strong>qui</strong></span> 
     </span>
    </p>
   </div>
   <div class='ocr_carea' id='block_1_122' title="bbox 2199 5312 3693 5425">
    <p class='ocr_par' dir='ltr' id='par_1_122' title="bbox 2199 5312 3693 5425">
     <span class='ocr_line' id='line_1_124' title="bbox 2199 5312 3693 5387; baseline -0.009 -16"><span class='ocrx_word' id='word_1_898' title='bbox 2199 5312 2386 5387; x_wconf 55' lang='lat' dir='ltr'><strong>gnant&#39;,</strong></span> <span class='ocrx_word' id='word_1_899' title='bbox 2417 5312 2637 5374; x_wconf 54' lang='lat' dir='ltr'><strong>corona;</strong></span> <span class='ocrx_word' id='word_1_900' title='bbox 2660 5312 3024 5387; x_wconf 58' lang='lat' dir='ltr'><strong>deportantur,</strong></span> <span class='ocrx_word' id='word_1_901' title='bbox 3060 5334 3163 5370; x_wconf 85' lang='lat' dir='ltr'><strong>non</strong></span> <span class='ocrx_word' id='word_1_902' title='bbox 3204 5328 3378 5369; x_wconf 90' lang='lat' dir='ltr'><strong>autem</strong></span> <span class='ocrx_word' id='word_1_903' title='bbox 3417 5316 3477 5367; x_wconf 92' lang='lat' dir='ltr'><strong>de</strong></span> <span class='ocrx_word' id='word_1_904' title='bbox 3506 5312 3592 5364; x_wconf 79' lang='lat' dir='ltr'><strong>illis</strong></span> <span class='ocrx_word' id='word_1_905' title='bbox 3627 5312 3693 5369; x_wconf 74' lang='grc' dir='ltr'>σιω</span> 
     </span>
     <span class='ocr_line' id='line_1_125' title="bbox 2202 5372 3693 5425; baseline -0.001 0"><span class='ocrx_word' id='word_1_906' title='bbox 2202 5390 2255 5425; x_wconf 70' lang='lat' dir='ltr'><strong>tn</strong></span> <span class='ocrx_word' id='word_1_907' title='bbox 2284 5390 2547 5425; x_wconf 66' lang='grc' dir='ltr'><strong>ωιηονςηιις</strong></span> <span class='ocrx_word' id='word_1_908' title='bbox 2584 5390 2749 5425; x_wconf 65' lang='grc' dir='ltr'><strong>,τι-...ιη</strong></span> <span class='ocrx_word' id='word_1_909' title='bbox 2793 5390 2977 5425; x_wconf 69' lang='grc' dir='ltr'><strong>αοιιοηι</strong></span> <span class='ocrx_word' id='word_1_910' title='bbox 3031 5408 3048 5425; x_wconf 86' lang='grc'><strong>.</strong></span> <span class='ocrx_word' id='word_1_911' title='bbox 3093 5387 3296 5425; x_wconf 69' lang='grc' dir='ltr'>ιιριιίιιρι</span> <span class='ocrx_word' id='word_1_912' title='bbox 3330 5383 3593 5425; x_wconf 69' lang='grc' dir='ltr'><strong>Ωιοριγητὶιις</strong></span> <span class='ocrx_word' id='word_1_913' title='bbox 3626 5372 3693 5425; x_wconf 77' lang='lat' dir='ltr'><strong>Ju-</strong></span> 
     </span>
    </p>
   </div>
   <div class='ocr_carea' id='block_1_123' title="bbox 2202 5383 3695 5528">
    <p class='ocr_par' dir='ltr' id='par_1_123' title="bbox 2202 5383 3695 5528">
     <span class='ocr_line' id='line_1_126' title="bbox 2202 5383 3695 5461; baseline -0.009 -20"><span class='ocrx_word' id='word_1_914' title='bbox 2202 5383 2255 5441; x_wconf 47' lang='lat' dir='ltr'><strong>i&#39;n</strong></span> <span class='ocrx_word' id='word_1_915' title='bbox 2284 5390 2549 5457; x_wconf 90' lang='lat' dir='ltr'><strong>superiori</strong></span> <span class='ocrx_word' id='word_1_916' title='bbox 2584 5383 2749 5461; x_wconf 83' lang='lat' dir='ltr'><strong>gradu</strong></span> <span class='ocrx_word' id='word_1_917' title='bbox 2793 5390 3001 5444; x_wconf 90' lang='lat' dir='ltr'><strong>sedent.</strong></span> <span class='ocrx_word' id='word_1_918' title='bbox 3031 5408 3048 5441; x_wconf 73' lang='grc' dir='ltr'><strong>ι</strong></span> <span class='ocrx_word' id='word_1_919' title='bbox 3092 5387 3302 5440; x_wconf 86' lang='lat' dir='ltr'><strong>Deridet</strong></span> <span class='ocrx_word' id='word_1_920' title='bbox 3330 5383 3593 5451; x_wconf 82' lang='lat' dir='ltr'><strong>Gregorius</strong></span> <span class='ocrx_word' id='word_1_921' title='bbox 3626 5383 3695 5451; x_wconf 56' lang='lat' dir='ltr'><strong>lu-</strong></span> 
     </span>
     <span class='ocr_line' id='line_1_127' title="bbox 2204 5444 3694 5528; baseline -0.007 -17"><span class='ocrx_word' id='word_1_922' title='bbox 2204 5459 2426 5525; x_wconf 89' lang='lat' dir='ltr'><strong>lianum,</strong></span> <span class='ocrx_word' id='word_1_923' title='bbox 2456 5460 2569 5528; x_wconf 89' lang='lat' dir='ltr'><strong>qui,</strong></span> <span class='ocrx_word' id='word_1_924' title='bbox 2602 5459 2810 5515; x_wconf 87' lang='lat' dir='ltr'><strong>sublato</strong></span> <span class='ocrx_word' id='word_1_925' title='bbox 2843 5458 3166 5514; x_wconf 83' lang='lat' dir='ltr'><strong>Christianis</strong></span> <span class='ocrx_word' id='word_1_926' title='bbox 3218 5457 3503 5509; x_wconf 88' lang='lat' dir='ltr'><strong>litterarum</strong></span> <span class='ocrx_word' id='word_1_927' title='bbox 3540 5444 3694 5502; x_wconf 69' lang='lat' dir='ltr'><strong>studio.</strong></span> 
     </span>
    </p>
   </div>
   <div class='ocr_carea' id='block_1_124' title="bbox 2204 5530 3526 5601">
    <p class='ocr_par' dir='ltr' id='par_1_124' title="bbox 2204 5530 3526 5601">
     <span class='ocr_line' id='line_1_128' title="bbox 2204 5530 3526 5601; baseline -0.001 -20"><span class='ocrx_word' id='word_1_928' title='bbox 2204 5530 2384 5601; x_wconf 82' lang='lat' dir='ltr'><strong>inepte</strong></span> <span class='ocrx_word' id='word_1_929' title='bbox 2416 5545 2510 5584; x_wconf 90' lang='lat' dir='ltr'><strong>eos</strong></span> <span class='ocrx_word' id='word_1_930' title='bbox 2544 5530 2898 5601; x_wconf 2' lang='lat' dir='ltr'><strong>seqvieturnm</strong></span> <span class='ocrx_word' id='word_1_931' title='bbox 2929 5530 3200 5601; x_wconf 84' lang='lat' dir='ltr'><strong>sperabat.</strong></span> <span class='ocrx_word' id='word_1_932' title='bbox 3290 5595 3341 5601; x_wconf 86' lang='lat'>__</span> <span class='ocrx_word' id='word_1_933' title='bbox 3515 5589 3526 5601; x_wconf 39' lang='grc' dir='ltr'><strong><em>ο</em></strong></span> 
     </span>
    </p>
   </div>
   <div class='ocr_carea' id='block_1_125' title="bbox 2275 5586 3691 5673">
    <p class='ocr_par' dir='ltr' id='par_1_125' title="bbox 2275 5586 3691 5673">
     <span class='ocr_line' id='line_1_129' title="bbox 2275 5586 3691 5673; baseline -0.009 -21"><span class='ocrx_word' id='word_1_934' title='bbox 2275 5586 2385 5673; x_wconf 72' lang='grc'>(88)</span> <span class='ocrx_word' id='word_1_935' title='bbox 2424 5597 2852 5673; x_wconf 60' lang='grc' dir='ltr'><strong>Καθεζομέκῳν.</strong></span> <span class='ocrx_word' id='word_1_936' title='bbox 2924 5586 3022 5654; x_wconf 75' lang='lat' dir='ltr'><strong>llic</strong></span> <span class='ocrx_word' id='word_1_937' title='bbox 3085 5595 3491 5673; x_wconf 32' lang='lat' dir='ltr'><strong>‘Afwv00é1ach</strong></span> <span class='ocrx_word' id='word_1_938' title='bbox 3592 5587 3691 5673; x_wconf 46' lang='lat' dir='ltr'><strong>gl.</strong></span> 
     </span>
    </p>
   </div>
   <div class='ocr_carea' id='block_1_126' title="bbox 2210 5652 3693 5749">
    <p class='ocr_par' dir='ltr' id='par_1_126' title="bbox 2210 5652 3693 5749">
     <span class='ocr_line' id='line_1_130' title="bbox 2210 5652 3693 5749; baseline -0.016 -22"><span class='ocrx_word' id='word_1_939' title='bbox 2210 5687 2229 5719; x_wconf 72' lang='grc' dir='ltr'>ι</span> <span class='ocrx_word' id='word_1_940' title='bbox 2251 5652 2863 5749; x_wconf 49' lang='lat' dir='ltr'><strong>Gert&#39;amiuun&#39;t&#39;judices</strong></span> <span class='ocrx_word' id='word_1_941' title='bbox 2894 5652 2957 5726; x_wconf 79' lang='lat' dir='ltr'><strong>ac</strong></span> <span class='ocrx_word' id='word_1_942' title='bbox 2993 5652 3244 5741; x_wconf 68' lang='lat' dir='ltr'><strong>przesides</strong></span> <span class='ocrx_word' id='word_1_943' title='bbox 3266 5686 3285 5720; x_wconf 75' lang='grc' dir='ltr'><strong>ι</strong></span> <span class='ocrx_word' id='word_1_944' title='bbox 3337 5652 3557 5730; x_wconf 77' lang='lat' dir='ltr'><strong>intelligit</strong></span> <span class='ocrx_word' id='word_1_945' title='bbox 3591 5652 3693 5708; x_wconf 80' lang='lat' dir='ltr'><strong>Gre-</strong></span> 
     </span>
    </p>
   </div>
   <div class='ocr_carea' id='block_1_127' title="bbox 2207 5754 2386 5801">
    <p class='ocr_par' dir='ltr' id='par_1_127' title="bbox 2207 5754 2386 5801">
     <span class='ocr_line' id='line_1_131' title="bbox 2207 5754 2386 5801; baseline 0.006 -9"><span class='ocrx_word' id='word_1_946' title='bbox 2207 5754 2386 5801; x_wconf 69' lang='grc' dir='ltr'><strong>αοιίυδ</strong></span> 
     </span>
    </p>
   </div>
  </div>
