3832 6394
144 354 229 410 537

144 565 234 618 τῶν
280 564 698 634 περιῃρημένων
753 565 816 617 τὸ
868 565 1002 619 πολὺ
1052 567 1152 637 τῆς
1188 566 1487 637 δυνάμεως.
1543 569 1607 621 Εί
1638 569 1695 621 δὲ

139 654 260 717 ὅλως
286 654 549 723 συμμίξαι
573 656 666 707 καὶ
695 656 774 718 είς
802 658 990 727 χεῖρας
1013 656 1193 710 ἐλθεῖν
1222 658 1517 729 ἐφοϐήθης,
1548 658 1697 730 αὐτῷ

145 745 295 815 τὸύτῳ
322 746 419 815 τὴν
448 740 617 817 ἧτταν
655 746 857 811 ἔδειξας
878 789 892 812 ,
925 748 1020 802 καὶ
1043 751 1198 820 νικᾷν
1224 750 1432 821 ὑπῆρξέ
1464 766 1551 821 μοι
1585 750 1695 820 (89)

146 836 259 905 μηδὲ
288 834 663 906 ἠγωνισμένῳ,
692 837 749 889 ὃν
783 838 895 907 (90)
921 841 1176 907 ἠγωνίσω
1200 841 1275 911 μὴ
1303 841 1692 909 ἀγωνίσασθαι.

143 924 305 978 Ταῦτα
329 924 426 994 μὲν
465 930 493 978 ὁ
517 925 677 994 σοφὸς
703 926 831 996 ἡμῖν
866 926 1118 995 βασιλεύς
1146 945 1206 980 τε
1240 929 1335 980 καὶ
1378 928 1692 999 νομοθέτης,

138 1015 307 1086 ὥσπερ
352 1016 462 1086 (91)
499 1015 585 1069 ἵνα
615 1016 780 1087 μηδὲν
811 1017 973 1070 αὐτοῦ
999 1019 1097 1089 τῆς
1126 1019 1437 1091 τυραννίδος
1470 1019 1695 1091 ἄμοιρον

137 1104 189 1179 ᾖ,
229 1108 319 1159 καὶ
356 1107 679 1181 προκηρύξῃ
720 1109 817 1181 τὴν
860 1108 1083 1177 ἀλογίαν
1132 1112 1189 1162 ὲν
1248 1112 1390 1181 ἀρχῇ
1595 1112 1694 1181 τῆς

141 1198 315 1251 ἑαυτοῦ
362 1198 637 1269 βασιλείας
659 1244 673 1265 ,
711 1202 1053 1273 τυραννήσας
1081 1203 1187 1273 πρὸ
1219 1203 1328 1255 τῶν
1367 1202 1538 1257 ἄλλων
1568 1203 1694 1266 τοὺς

140 1291 341 1359 λόγους·
379 1292 511 1361 ἡμῖν
557 1291 613 1344 δὲ
645 1292 807 1346 καλὸν
852 1294 944 1347 καὶ
984 1295 1125 1364 ὑπὲρ
1168 1296 1273 1348 τῶν
1304 1295 1474 1363 λόγων
1514 1295 1694 1348 αὐτῶν

139 1384 399 1455 ὁμολογεῖν
430 1384 508 1455 τῷ
539 1384 657 1456 Θεῷ
694 1386 853 1458 χάριν
872 1427 886 1448 ,
917 1388 1013 1451 τὴν
1048 1387 1360 1459 ἐλευθερίαν
1398 1388 1694 1441 ἀπολαϐόν-

137 1492 257 1528 των·
288 1476 381 1528 καὶ
418 1476 649 1547 μάλιστα
681 1479 778 1547 μὲν
815 1480 908 1532 καὶ
952 1483 1065 1543 τοῖς
1109 1480 1291 1545 ἄλλοις
1322 1484 1486 1553 τιμᾷν
1529 1483 1691 1536 αὑτὸν

138 1566 429 1638 ἀναθήμασι
474 1570 821 1642 φειδομένους
852 1572 963 1641 (95)
996 1574 1254 1645 μηδενὸς,
1299 1578 1433 1646 μήτε
1483 1576 1693 1646 χρημά-

138 1676 229 1712 των
274 1663 410 1730 μήτε
460 1662 773 1733 κτημάτων,
828 1664 883 1729 ἃ,
923 1666 1017 1718 τοῦ
1058 1667 1251 1737 καιροῦ
1289 1667 1552 1739 γενόμενα
1600 1668 1692 1722 καὶ

138 1749 219 1817 τῆς
238 1752 549 1821 τυραννίδος
569 1795 582 1817 ,
616 1756 647 1824 ὴ
695 1754 1070 1825 φιλανθρωπία
1096 1758 1190 1811 τοῦ
1216 1758 1349 1811 Θεοῦ
1376 1759 1685 1824 διεσώσατο,

137 1842 279 1911 τιμᾷν
305 1842 363 1894 δὲ
398 1844 500 1915 πρὸ
530 1844 638 1897 τῶν
668 1846 840 1901 ἄλλων
860 1850 971 1911 τοῖς
1004 1848 1200 1917 λόγοις,
1236 1851 1302 1920 τῇ
1341 1849 1525 1923 δικαίᾳ
1551 1868 1688 1923 καρ-
1721 1828 1761 1880 Β

137 1934 352 2005 παρορία
374 1937 469 1989 καὶ
506 1940 657 2009 κοινῇ
690 1938 906 1992 πάντων
929 1978 942 2001 ,
971 1940 1211 2010 ὃσοιντῆς
1248 1941 1468 2011 χάριτος
1511 1960 1689 2013 μετει-

136 2022 370 2093 λήφασιν.
417 2027 554 2079 Ἀλλ’
585 2028 613 2079 ὁ
647 2028 745 2098 μὲν
772 2029 883 2099 (94)
914 2028 1055 2101 ὑπὲρ
1084 2032 1190 2083 τῶν
1221 2031 1392 2099 λόγων
1422 2033 1575 2102 λόγος
1601 2050 1689 2086 το-

138 2114 329 2179 σοῦτοςο
373 2118 462 2170 ἵνα
510 2118 603 2189 μὴ,
640 2121 974 2192 μακρότερον
1013 2122 1407 2188 άποτείνοντες,
1450 2124 1554 2191 ἔξω
1594 2124 1689 2178 τοῦ

137 2207 308 2277 καιροῦ
353 2209 469 2277 (95)
504 2210 810 2281 πίπτωμεν,
865 2213 959 2266 καὶ
1000 2214 1127 2268 ἄλλο
1166 2233 1216 2268 τι
1268 2216 1465 2285 μᾶλλον
1520 2234 1688 2269 σπου-

136 2301 289 2364 δάζειν
313 2303 564 2376 δοκῶμεν
598 2305 631 2375 ἢ
665 2299 725 2358 οὗ
767 2308 927 2378 χάριν
956 2308 1388 2381 συνεληλύθαμεν
1412 2309 1545 2379 (96).

136 2410 213 2462 pro
235 2398 576 2453 sermonibus
620 2398 895 2453 institutus
924 2414 1103 2454 sermo
1135 2401 1291 2456 linem
1325 2402 1519 2457 habeat
1548 2442 1563 2466 ,

1109 352 1371 409 ORATIO
1410 353 1496 409 IV.
1538 384 1605 395 -
1643 353 1916 411 CONTRA
1957 355 2304 412 JULIANUM
2342 356 2387 411 Ι.
3148 436 3151 439 ν

147 472 405 539 στέφανον
451 469 547 525 καὶ
582 469 692 523 τῶν
736 470 885 543 πάσῃ
937 471 1215 548 τῇ.ρὡῃ
1264 474 1589 545 χρωμένων,
1632 478 1693 530 οὐ

1803 470 1987 547 quippe
2037 478 2298 532 adversus
2349 487 2676 548 pugnantes,
2704 492 2810 533 non
2866 486 3043 533 autem
3075 492 3237 548 supra
3280 492 3370 533 sc-

3269 356 3374 417 558

3371 454 3383 487 ι

1797 574 1985 627 dentes
2008 614 2022 637 ,
2054 581 2437 640 comparantur
2465 589 2479 625 :
2513 581 2566 626 et
2613 572 2872 626 adversus
2906 585 3034 637 eos,
3066 571 3161 641 qui
3206 571 3368 626 robur

1797 678 1955 716 omne
1981 678 2136 729 suum
2169 662 2234 716 ad
2264 671 2543 716 certamen
2597 663 2876 726 adhibent.
2909 677 3013 717 non
3057 664 3144 732 qui
3176 679 3367 732 magna

1798 755 1990 807 virium
2028 763 2184 822 parte
2216 754 2455 808 truncati
2508 763 2655 807 sunt.
2696 754 2847 820 Quod
2879 754 2923 808 si
2971 755 3191 810 omnino
3217 756 3368 825 signa

1796 844 2064 911 conferre,
2097 858 2395 913 manusque
2433 859 2724 899 conserere
2768 846 2969 899 veritus
2994 860 3072 910 es,
3098 845 3201 900 huc
3253 847 3370 916 ipso

1800 946 1851 991 te
1882 937 2079 991 vietum
2133 952 2256 991 esse
2287 937 2607 1000 declarasti,
2640 938 2879 1007 mihique
2910 938 3071 994 etiam
3116 941 3233 995 sine
3262 939 3367 994 ulla

1796 1026 2138 1082 dimicatione
2181 1027 2413 1095 palmam
2448 1028 2674 1097 adipisci
2727 1030 2897 1095 licuit,
2930 1031 3055 1084 dum
3086 1038 3369 1099 tantopere

1795 1121 1891 1174 abs
1933 1129 1984 1173 te
2019 1121 2333 1173 dimicatum
2391 1130 2493 1186 est,
2548 1137 2615 1175 ne
2668 1122 3076 1177 dimicationem
3128 1125 3364 1179 subires.

1794 1212 1969 1280 Atque
2000 1212 2114 1266 haec
2155 1212 2368 1281 quidem
2414 1213 2637 1282 sapiens
2668 1222 2851 1267 noster
2886 1213 3179 1279 imperator
3202 1224 3254 1269 et
3286 1216 3367 1269 le-

1795 1304 2019 1373 gislator
2048 1319 2063 1367 ;
2098 1304 2209 1371 qui,
2248 1318 2314 1357 ne
2349 1303 2649 1374 tyrannidis
2700 1318 2811 1357 sum
2850 1304 3139 1375 quidquam
3170 1321 3368 1376 expers

1794 1406 1957 1461 esset,
1986 1409 2170 1448 verum
2205 1395 2375 1449 bruta:
2408 1393 2719 1448 stoliditatis
2754 1394 2985 1448 edictum
3016 1411 3359 1466 proponeret,

1792 1486 1897 1555 81
1936 1485 1987 1538 in
2038 1484 2248 1555 imperii
2281 1486 2362 1539 sui
2390 1486 2667 1550 auspiciis,
2696 1494 2826 1539 ante
2869 1486 3049 1539 omnia
3091 1487 3214 1552 alia,
3249 1503 3365 1541 ser-

1796 1590 1979 1630 mones
2007 1575 2287 1646 tyrannide
2334 1575 2626 1644 oppressil.
2660 1573 2825 1628 Nobis
2860 1583 3038 1628 autem
3081 1575 3363 1630 honestum

1791 1675 1847 1719 et
1874 1666 2189 1733 praeclarum
2220 1663 2387 1719 fuerit
2417 1680 2515 1735 pro
2566 1664 2695 1733 ipsis
2742 1679 2957 1734 quoque
2997 1665 3362 1732 sermonibus,

1793 1761 1986 1831 quibus
2034 1760 2258 1815 libertas
2311 1761 2557 1813 restituta
2610 1767 2731 1820 est,
2765 1757 2870 1810 Deo
2910 1756 3114 1826 gratias
3161 1772 3358 1826 agere,

1791 1867 2021 1921 eumque
2057 1859 2166 1905 tum
2208 1850 2402 1905 votivis
2445 1850 2759 1904 muneribus
2804 1848 3090 1911 honorare,
3129 1863 3228 1902 nec
3276 1863 3364 1916 pe-

1793 1943 1965 1996 cuniis
2005 1940 2299 2011 parcendo,
2342 1955 2441 1995 nec
2480 1940 2670 2008 opibus
2706 1948 2760 1993 et
2791 1937 3040 2004 fortunis,
3079 1954 3215 2007 quas
3262 1938 3365 1992 sub

1793 2034 2048 2103 temporis
2100 2040 2153 2087 et
2209 2032 2507 2103 tyrannidis
2559 2038 2825 2102 potestate
2868 2030 3224 2095 constitutas,
3264 2029 3360 2083 Dei

1792 2124 2159 2177 misericordia
2215 2121 2587 2187 conservavit;
2625 2132 2732 2175 tum
2766 2121 3063 2190 prazsertim
3105 2120 3365 2173 sermoni-

1793 2218 1909 2281 bus,
1940 2217 2040 2270 hoc
2076 2226 2159 2270 est
2190 2214 2335 2283 jnsta
2382 2213 2674 2277 oblatione,
2702 2213 3079 2284 omnibusque,
3106 2212 3197 2283 qui
3238 2228 3363 2281 gra-

1792 2308 1878 2362 tiae
1934 2309 2219 2377 participes
2270 2308 2490 2370 fuerint.
2538 2306 2829 2360 communi.
2876 2306 3051 2375 Atque
3094 2305 3181 2359 hic
3230 2316 3362 2357 sane

1632 2418 1696 2456 ne
1733 2416 1856 2454 eum
1923 2400 2133 2465 longius
2177 2400 2556 2466 producentes,
2604 2398 2995 2453 mediocritatis
3027 2399 3161 2452 lines
3202 2412 3361 2453 exce-

136 2489 298 2539 damus
322 2528 338 2549 ,
372 2496 537 2557 atque
577 2490 719 2544 aliud
773 2492 1026 2560 quiddam
1062 2494 1238 2563 potius
1287 2510 1447 2565 agere
1496 2496 1793 2559 videamur,
1826 2508 1986 2561 quam
2028 2492 2079 2546 id
2109 2490 2262 2559 cujus
2289 2506 2453 2545 causa
2479 2491 2849 2545 convenimus.

190 2582 408 2653 Ζ⁸.Ἥδη
437 2584 495 2637 δέ
525 2602 614 2655 μοι
644 2587 787 2658 πηδᾷ
816 2588 908 2640 καὶ
940 2588 1078 2643 ἵεται
1106 2590 1240 2661 πρὸς
1267 2592 1684 2664 πανηγυρισμὸν

132 2674 157 2725 ὁ
200 2673 370 2743 λόγος,
411 2676 506 2730 καὶ
562 2680 674 2742 τοῖς
727 2680 1022 2751 ὁρωμένοις
1056 2682 1551 2755 -συμφαιδρύνεται,
1594 2684 1688 2737 καὶ

134 2768 268 2822 καλεῖ
321 2770 533 2835 πάντας
584 2773 665 2835 είς
714 2772 932 2843 χορείαν
987 2775 1396 2845 πνευματικὴν,
1459 2776 1572 2829 ὅσοι
1624 2792 1685 2828 τε

133 2860 392 2929 νηστείαις
422 2864 516 2916 καὶ
544 2863 823 2935 κλαυθμῷ,
859 2867 952 2919 καὶ
979 2866 1284 2937 δεήσει(9“ἱ)
1316 2867 1685 2939 προσέκειντο,
1715 2901 1757 2957 C

133 2953 304 3017 νυκτὸς
353 2956 448 3008 καὶ
493 2956 703 3026 ἡμέρας
754 2957 1063 3028 αἰτούμενοι
1094 2959 1206 3029 (98)
1261 2959 1528 3032 λύτρωσιν
1582 2961 1690 3015 τῶν

129 3045 451 3115 κατεχόντων
480 3046 739 3118 ἀνιαρῶν,
774 3049 868 3101 κα).
896 3049 1065 3113 δεξιὸν
1097 3052 1155 3103 ὲν
1188 3053 1301 3114 τοῖς
1335 3053 1524 3115 κακοῖς
1550 3051 1692 3121 φάρ-

132 3153 308 3206 μακον,
361 3136 463 3209 τὴν
496 3138 557 3191 ού
600 3139 1063 3209 καταισχύνουσαν
1109 3140 1301 3194 ἐλπίδα
1345 3141 1688 3212 ποιούμενον

126 3229 225 3280 ὅσοι
262 3246 346 3291 τε,
402 3229 670 3299 μεγάλους
711 3231 1035 3307 άνατλάντες
1080 3232 1295 3301 ἀγῶνας
1342 3233 1435 3285 καὶ
1477 3232 1691 3295 ἄθλους,

128 3320 207 3385 καὶ
230 3320 455 3383 πολλαῖς
479 3320 775 3392 πληγέντες
804 3322 895 3375 καὶ
926 3322 1187 3392 χαλεπαῖς
1207 3321 1298 3375 τοῦ
1320 3322 1511 3392 καιροῦ
1530 3338 1693 3393 προσ-

129 3409 314 3475 ϐολαῖς,
365 3411 596 3482 θέατρον
642 3412 976 3485 ἐγενήθησαν
1017 3411 1096 3481 τῷ
1137 3413 1347 3482 κόσμῳ,
1390 3413 1484 3465 καὶ
1530 3411 1694 3480 ἀγγέ-

128 3501 243 3570 λοις,
310 3504 409 3557 καὶ
458 3503 765 3577 ἀνθρώποις
793 3545 808 3569 ,
865 3504 1007 3558 κατα
1064 3504 1162 3575 τὴν
1215 3505 1310 3558 τοῦ
1372 3504 1693 3558 Ἀποστόλου

132 3597 295 3666 ᾳωνήν
314 3612 329 3627 ’
356 3596 454 3650 xui.
483 3596 550 3649 τὰ
583 3598 679 3667 μὲν
711 3596 937 3666 σώματα
966 3595 1284 3667 κάμνοντες,
1316 3594 1414 3659 τὰς
1441 3596 1497 3648 δὲ
1518 3594 1695 3665 ψυχὰς

130 3689 375 3759 ἀήττητοι
407 3688 803 3759 διαμείναντες,
842 3690 936 3742 καὶ
977 3689 1155 3743 πάντα
1202 3687 1478 3759 ἰσχύοντες
1522 3690 1579 3741 ἐν
1618 3687 1695 3758 τῷ

129 3780 440 3853 δυναμοῦντι
462 3782 572 3852 (99)
602 3783 797 3845 αὐτοὺς
818 3779 1037 3852 Χριστῷ
1054 3798 1065 3808 ·
1084 3780 1197 3833 ὅσοι
1230 3798 1288 3833 τε
1311 3780 1408 3851 (l),
1428 3778 1695 3852 κοσμικὴν

130 3872 447 3945 ἀποθέμενοι
476 3875 675 3937 κακίας
702 3873 833 3945 ὕλην
857 3874 947 3928 καὶ
976 3873 1314 3940 δυναστείαν,
1338 3874 1371 3944 ἢ
1397 3874 1495 3943 τὴν
1518 3874 1697 3945 ἁρπα-

131 3965 217 4036 γὴν
243 3966 356 4019 τῶν
403 3966 756 4037 ὑπαρχόντων
793 3965 928 4035 μετὰ
981 3965 1154 4036 χαρᾶς
1195 3964 1695 4036 προσδεξάμενοι,ῆ

128 4058 213 4128 τῆς
245 4057 482 4123 ἑαυτῶν,
518 4058 546 4110 ὃ
579 4058 642 4128 δὴ
683 4056 919 4127 λέγεται,
963 4058 1383 4127 φυγαδευθέντες
1413 4058 1633 4123 ἀδίκως,
1661 4058 1693 4128 ἢ

126 4147 343 4220 ἀνδρῶν,
388 4150 422 4220 ἢ
471 4148 769 4217 γυναικῶν,
818 4149 850 4219 ἢ
899 4150 1124 4217 γονέων,
1160 4150 1194 4221 ἦ
1228 4149 1454 4215 τέκνων,
1487 4149 1520 4221 ἢ
1552 4151 1697 4212 ὅσοις

1861 2591 1970 2643 VII.
2004 2590 2294 2644 Enimvero
2336 2588 2465 2641 mihi
2504 2587 2616 2654 jam
2650 2588 2834 2641 exsilit
2884 2596 3048 2656 atque
3092 2587 3158 2640 ad
3195 2600 3360 2656 pane-

1788 2684 2082 2757 gyrismum
2137 2683 2297 2750 gestit
2342 2682 2542 2745 oratio,
2584 2681 2852 2749 simulque
2901 2696 3022 2734 cum
3082 2680 3184 2743 his,
3247 2693 3365 2748 qua;

1789 2777 2087 2839 cernimus,
2112 2772 2410 2837 bilarescit,
2451 2780 2614 2841 atque
2641 2769 2707 2824 ad
2744 2769 3079 2839 spiritualem
3108 2770 3362 2824 choream

1790 2881 1980 2922 omnes
2034 2873 2215 2929 vocat,
2268 2870 2383 2917 tum
2440 2863 2529 2931 qui
2572 2860 2815 2929 jejuniis,
2868 2870 2923 2915 et
2978 2861 3256 2931 lacrymis,
3309 2867 3367 2915 et

1791 2956 2021 3013 orationi
2079 2954 2280 3010 addicti
2336 2963 2533 3020 erant,
2585 2953 2940 3023 prementium
2994 2954 3364 3009 molestiarum

1791 3049 2163 3120 depulsionem
2228 3046 2498 3114 ﬁnemque
2558 3055 2719 3099 noctu
2774 3044 2973 3113 diuque
3006 3044 3364 3111 postulantes.

1792 3157 1856 3195 ac
1911 3138 2252 3194 commodum
2311 3136 2360 3190 in
2427 3136 2583 3190 malis
2656 3135 3007 3203 pharmacum
3067 3133 3367 3187 efﬁcientes

1792 3233 2045 3287 nimirum
2083 3244 2230 3299 spem
2270 3244 2375 3282 non
2415 3226 2834 3281 confundentem
2866 3226 2911 3258 ⁸⁸
2934 3267 2948 3293 ,
2987 3238 3097 3280 ιιιιιι
3130 3227 3222 3295 qui
3252 3242 3367 3279 ma-

1792 3324 1911 3394 gnis
1937 3320 2329 3377 certaminibus
2362 3328 2417 3372 et
2446 3320 2705 3372 aerumnis
2736 3317 3049 3380 etatitlatis,
3077 3316 3367 3384 multisque

1794 3422 1847 3468 et
1905 3413 2158 3483 gravibus
2206 3410 2465 3480 temporis
2536 3407 2825 3463 insultibus
2898 3406 3141 3476 percussi
3200 3417 3367 3475 atque

1794 3507 1995 3571 vexati,
2039 3503 2238 3559 mundo
2260 3514 2313 3557 et
2343 3500 2573 3570 angelis,
2598 3510 2653 3555 et
2676 3499 3007 3566 hominibus,
3033 3506 3093 3551 ιιι
3122 3496 3365 3568 Apostoll

1796 3596 1979 3651 verbis
2002 3606 2153 3656 utar.
2179 3592 2549 3664 spectaculum
2575 3591 2902 3646 exstiterunt
2934 3590 3019 3644 ηε
3057 3604 3119 3644 ac
3177 3604 3371 3659 corpo-

1798 3689 1949 3744 ribus
1986 3688 2111 3741 licet
2142 3686 2302 3741 fracti
2331 3693 2385 3739 et.
2416 3682 2704 3743 debilitati,
2740 3682 2937 3736 animis
2969 3689 3149 3735 tamen
3180 3679 3369 3736 invicti

1797 3790 2237 3852 permanserunt,
2273 3778 2564 3846 omniaque
2600 3777 2652 3832 in
2695 3775 2910 3831 Christo
2952 3775 3096 3844 ipsos
3148 3773 3369 3828 confor-

1799 3882 1947 3925 tante
1976 3880 2270 3940 potuerunt
2302 3869 2349 3901 '°
2377 3888 2391 3923 :
2424 3878 2534 3923 tum
2564 3869 2655 3939 qui
2682 3869 2948 3921 mundana
2991 3866 3103 3919 vitii
3142 3865 3368 3919 materia

1796 3974 1848 4018 et
1880 3963 2204 4019 auctoritate
2239 3978 2302 4018 ac
2338 3963 2576 4032 potentia
2628 3959 2894 4030 deposita.
2957 3958 3043 4013 vel
3100 3959 3365 4013 bonorum

1798 4061 1984 4130 rapina
2012 4075 2134 4115 cum
2170 4060 2366 4129 gaudio
2390 4069 2643 4127 suscepta
2674 4058 2742 4122 “,
2768 4057 2848 4112 vel
2896 4057 3114 4127 (patria)
3166 4070 3286 4120 sua,
3315 4063 3373 4109 nt

1799 4152 2012 4220 quidem
2044 4150 2265 4215 dicitur,
2308 4166 2403 4220 per
2431 4150 2682 4219 iniuriam
2712 4148 2877 4218 pulsi,
2924 4146 3005 4203 vel
3039 4162 3069 4201 a
3103 4146 3253 4210 viris,
3283 4154 3374 4200 aut

128 4240 290 4304 ἄλλοις
321 4241 557 4311 ὀνόμασι
591 4241 688 4311 τῆς
732 4243 931 4313 μικρᾶς
975 4241 1301 4312 οἰκειότητος
1336 4241 1694 4313 κατεχόμεθα,

1803 4241 2079 4308 uxoribus,
2112 4252 2203 4295 aut
2235 4240 2573 4310 parentibus,
2622 4248 2714 4293 aut
2756 4238 2961 4302 liberis,
3022 4247 3113 4290 aut
3146 4236 3372 4306 quibus-

126 4329 315 4385 τούτων
373 4331 511 4404 πρὸς
567 4331 742 4399 ὀλίγον
775 4330 1197 4403 διαζευχθέντες,
1226 4333 1321 4385 καὶ
1356 4332 1433 4403 τῷ
1462 4331 1695 4404 Χριστοῦ

186 4591 232 4626 ⁸⁸
260 4595 421 4650 Rom.
444 4609 499 4659 ιτ,
526 4593 582 4648 5.
616 4655 624 4662 _
661 4594 704 4625 δ’
735 4591 754 4646 l
787 4594 911 4647 Cor.
945 4609 1020 4655 tv,
1058 4594 1111 4647 9.
1186 4596 1231 4627 "
1259 4594 1492 4665 Philipp.
1529 4610 1600 4660 tv,
1640 4595 1727 4649 15.

184 4878 292 4949 (89)
345 4875 605 4946 Ὺπῆρξέ
636 4895 757 4949 μοι.
791 4876 865 4931 Ita
909 4878 1096 4932 Comh.
1125 4878 1273 4931 Deest
1314 4895 1422 4947 μοι.
1463 4879 1515 4933 in
1566 4878 1696 4934 edit.

187 4932 602 5018 (90')_'0r."sic
636 4932 787 5018 “Reg.
822 4949 857 5009 ι,
900 4959 955 5002 et
982 4948 1134 5002 'Sztv.
1188 4932 1325 5004 Bitt.‘
1360 4932 1591 5004 mea
1619 4932 1696 5004 5v.

125 5013 375 5088 Gamei.
417 5017 612 5073 Comb.
639 5020 718 5072 sic
740 5013 925 5073 'reddit
958 5038 971 5073 :
1008 5038 1025 5070 ι
1057 5018 1112 5073 In
1164 5035 1321 5088 quem
1357 5021 1436 5074 sic
1482 5021 1575 5075 tibi
1614 5020 1697 5073 di-

124 5093 372 5144 micatum
406 5099 517 5151 est,
542 5097 600 5143 ut
634 5102 663 5141 a
696 5088 1040 5144 dimicatione
1076 5105 1400 5143 removeres.
1429 5109 1449 5141 ι

188 5160 297 5229 (9|)
340 5157 1063 5229 "Hampfrtetertnissum
1101 5176 1127 5211 a
1177 5161 1351 5225 Billjo.
1390 5162 1481 5215 Sic
1524 5159 1701 5215 reddit

122 5226 319 5299 Optime
348 5229 549 5282 Comb.
583 5247 599 5279 ι
620 5226 779 5299 Yelut
808 5229 911 5283 hoc
941 5231 1186 5294 consilio,
1220 5246 1306 5293 ne,
1339 5250 1357 5281 ι
1379 5240 1483 5285 etc.

187 5301 298 5371 (99)
355 5300 459 5352 Ἑν
500 5296 1037 5371 ἀρχῇνΝοηώίεἰιυτ
1080 5317 1200 5354 cum
1238 5300 1536 5355 Antiochiae
1581 5314 1705 5355 ver-

123 5369 349 5430 saretur,
392 5371 572 5422 Persis
604 5369 798 5421 bellum
834 5369 1099 5424 illaturus.

206 5442 297 5504 93)
340 5437 763 5505 Φειδομένους.
784 5438 961 5510 _Savil.
989 5439 1349 5510 φειδομένοις.

206 5442 297 5504 93)
340 5441 763 5505 Φειδομένους.
798 5441 961 5495 Savil.
989 5441 1349 5510 φειδομένοις.

184 5441 299 5581 (94)
322 5510 522 5582 ηἈλνᾷῘ
555 5512 587 5582 ό
611 5510 748 5577 μέν.
783 5507 906 5566 Bas.
933 5511 1066 5566 edit.
1096 5510 1388 5582 addityép,
1419 5508 1560 5579 quod
1580 5508 1700 5564 Bill.

124 5589 174 5634 et
197 5579 382 5634 ‘Satvil.
411 5579 689 5645 alijicittttl.

187 5651 303 5723 (95)
349 5648 507 5723 Ἔξω
547 5649 653 5703 τοῦ
706 5649 939 5723 καιροῦ.
974 5669 992 5702 ι
1028 5651 1105 5703 Ab
1141 5664 1206 5705 eo
1254 5649 1394 5723 quod
1448 5650 1702 5718 temporis

127 5719 254 5774 ratio
283 5719 563 5789 postulat,
611 5722 963 5775 excidemus:
993 5741 1010 5771 ι
1050 5722 1193 5774 aliud
1242 5721 1495 5775 nimirum
1535 5736 1700 5789 agen-

128 5802 221 5861 tes,
249 5806 424 5863 quam
470 5790 612 5857 quod
663 5791 943 5863 temporis,
976 5792 1362 5862 praesentisque
1404 5800 1481 5846 cst
1540 5791 1695 5845 insti-

1803 4348 2013 4404 cunque
2042 4333 2257 4387 tandem
2286 4332 2405 4386 aliis
2426 4348 2605 4403 parva:
2624 4330 3041 4387 necessitudinis
3065 4328 3372 4385 nominibus

1804 4596 1843 4627 "
1882 4595 2043 4651 llebr.
2079 4614 2129 4657 κ,
2158 4596 2226 4649 54
2248 4606 2300 4649 et
2331 4610 2481 4664 seqq.

1805 4882 1924 4934 tuti.

1874 4950 1987 5023 (96)
2028 4950 2548 5023 Συνεληλύθαμεζ,
2575 4957 2693 5023 etc._
2715 4947 2949 5023 sancyg.
2973 4946 3054 5023 ad
3070 4948 3185 5005 hrec
3210 4950 3374 5023 verba

1805 5022 1856 5074 in
1884 5018 2065 5092 marg.
2112 5021 2331 5089 scripsit
2374 5037 2456 5092 εγ(
2486 5020 2650 5092 Ergo_
2680 5018 2875 5092 habita
2906 5018 2993 5075 est
3042 5019 3121 5092 in_
3160 5021 3377 5089 publico

1804 5103 1966 5145 metu.
1998 5088 2040 5143 ι’
2056 5088 2266 5159 Scripta
2301 5091 2517 5159 quidem
2548 5088 2575 5140 ιι
2611 5088 2896 5159 Gregorio,
2946 5100 3004 5145 ut
3041 5088 3373 5155 haberetur;

1805 5164 1946 5215 dicta
1982 5173 2159 5216 tamen
2198 5176 2299 5214 non
2341 5161 2571 5215 videtur.
2712 5166 2717 5173 '

1876 5231 1989 5300 (97)
2029 5232 2263 5298 Δεήσει.
2300 5230 2576 5300 Nonnulli,
2604 5226 2842 5300 δεήσεσι.

1877 5296 1989 5371 (98)
2026 5296 2394 5371 Αὶτούμενόι.
2423 5298 2616 5355 Comb.
2646 5296 2738 5351 καὶ
2770 5298 3217 5371 ἀπεκδεχόμενοι,
3252 5316 3275 5351 ‹
3303 5309 3379 5353 at-

1804 5390 1908 5442 que
1934 5383 2332 5439 exspectantes.
2362 5389 2379 5423 ι

1878 5443 1988 5509 (99)
2038 5437 2547 5511 Ἑνδυνιιμοῦντι.)
2588 5438 2679 5493 Sic
2726 5447 2975 5511 quatuor
3026 5437 3234 5511 δέκα..-
3271 5438 3378 5492 duo

1805 5507 1980 5576 Cullt.,
2033 5512 2249 5577 Comb.,
2281 5507 2411 5566 edit.
2452 5510 2572 5564 Ald.
2617 5519 2673 5563 et
2724 5508 2886 5563 Herv.
2930 5508 2989 5561 ln
3040 5507 3163 5565 Par.
3214 5507 3376 5562 δυναο

1808 5582 2018 5652 μοῦντι.

1880 5653 1957 5723 (l)
2000 5653 2173 5706 ’Ὅσοι
2220 5669 2302 5706 τε.
2331 5649 2477 5723 (Reg.
2509 5648 2756 5723 l,‘addit
2790 5648 2836 5723 ᾖ
2884 5663 3026 5704 τινα.
3080 5648 3210 5719 Reg.
3264 5648 3377 5703 hm.

1808 5718 2021 5780 outiésis
2061 5724 2301 5790 vocibus,
2326 5722 2438 5777 ὅσοι
2462 5736 2541 5785 τε,
2578 5719 2761 5786 habet,
2785 5718 2821 5789 ἡ
2845 5734 2986 5774 τινα.
