3832 6394
167 320 268 375 515

1139 317 1394 374 ΟἨΑἸῚΟ
1431 317 1524 374 ιν.
1564 349 1634 361 --
1671 317 1950 373 CONTRA
1985 316 2331 374 JULIANUM
2368 321 2411 373 ἰ.

3298 322 3399 377 546

232 435 333 486 ιε’.
366 432 511 487 Μίαν
554 436 793 503 ιορεσκω
826 431 1031 502 φωνὴν,
1064 430 1122 483 ιν
1162 430 1343 501 μέλος,
1375 446 1483 484 των
1532 429 1705 500 παρόν

1908 426 2021 484 XV.
2056 428 2227 484 Unam
2278 443 2485 491 vocem,
2538 443 2992 493 unumearmen,
3045 432 3397 500 praesentibus

162 541 267 579 των
302 541 419 588 πως
460 523 629 588 ἄξιον,
664 524 732 594 ην
772 523 999 587 Ἦσαῖας
1026 526 1132 593 πρὸ
1158 522 1313 593 ἡμῶν
1340 522 1726 592 ἀνεφθέγξατο,

161 616 365 686 σφόδρα
393 614 471 685 τῷ
512 614 606 668 νῦν
657 613 832 685 καιρῷ
868 614 1209 686 πρέπουσαν,
1258 614 1350 667 καὶ
1389 612 1466 684 τῷ
1509 612 1727 683 μεγέθει

156 707 253 777 τῆς
314 706 637 778 εὐεργεσίας
692 706 1108 779 ἁμιλλωμένηνο
1177 702 1565 777 Εὑφραινέσθω
1612 702 1725 775 (52)

156 802 187 853 ὁ
219 800 446 870 οὐρανὸς
476 798 701 859 ἄνωθεν,
727 800 821 853 καὶ
846 801 902 853 αί
927 799 1145 870 νεφέλαι
1174 800 1491 872 ῥανάτωσαν
1524 798 1727 852 δικαιο-

159 892 320 961 σύνην
339 908 352 921 ·
389 888 604 962 ῥηξάτω
626 890 732 960 ('53)
756 891 827 943 τὰ
848 891 949 962 ὅρη
971 892 1327 963 εὐφροσύνην,
1355 892 1448 945 καὶ
1473 892 1521 945 οί
1545 888 1725 960 βουνοὶ

155 982 470 1051 ἁγαλλίασιν
493 998 507 1013 ·
544 983 665 1034 ἐπεὶ
694 984 785 1036 καὶ
818 984 995 1046 κτίσις
1028 985 1198 1049 πᾶσα,
1225 984 1319 1037 καὶ
1345 983 1603 1053 δυνάμεις
1628 982 1723 1035 οὐ·

157 1075 346 1145 ράνιοι.
393 1074 485 1127 καὶ
530 1074 639 1127 τῶν
681 1075 953 1141 τοιούτων,
990 1074 1066 1139 ὥς
1104 1093 1167 1144 γε
1208 1074 1270 1147 δὴ
1315 1076 1345 1129 ὁ
1392 1076 1522 1147 ἐμὸς
1544 1076 1719 1144 λόγος,

155 1165 690 1219 συνεπαισθάνονται·
719 1165 778 1218 ού
802 1167 910 1239 γὰρ
946 1168 1263 1232 συστενάζει
1292 1168 1449 1238 μόνον
1474 1167 1566 1221 καὶ
1591 1184 1719 1221 συν-

151 1255 328 1309 ωδενει
360 1255 684 1309 δουλεύουσα
721 1260 787 1329 τῇ
844 1258 1041 1330 φθορᾷ,
1080 1262 1194 1322 τοῖς
1224 1260 1374 1313 κάτω
1401 1258 1543 1329 λέγω
1575 1278 1719 1329 γινο-

155 1348 333 1420 μένοις
377 1364 438 1401 τε
484 1350 578 1403 καὶ
626 1350 1062 1421 ἀπογινομένοις,
1116 1352 1600 1424 ἀποκαραδοκοῖηα
1655 1354 1719 1407 τὸ

148 1443 295 1509 τέλος
337 1444 544 1498 τούτων
596 1444 691 1496 καὶ
747 1442 847 1514 τὴν
899 1443 1263 1512 ἀποκάλυψιν,
1320 1445 1405 1497 ἵνα
1444 1444 1537 1498 καὶ
1578 1444 1715 1516 αὐτὴ

148 1536 263 1588 τότε
288 1536 428 1608 τύχῃ
450 1536 549 1606 τῆς
571 1532 927 1604 ἐλπιζομένης
947 1534 1279 1605 ἐλευθερίας,
1296 1535 1371 1598 ὡς
1392 1533 1486 1588 νῦν
1509 1536 1715 1589 ἄκουσα

147 1628 352 1690 τούτοις
382 1624 780 1699 προσδεδεμένη
824 1625 912 1678 διὰ
954 1626 1052 1694 τὴν
1093 1626 1186 1678 τοῦ
1213 1626 1715 1698 δημιουργήσαντος

145 1720 386 1789 δύναμιν,
424 1718 558 1772 ἀλλὰ
590 1718 682 1772 καί
726 1716 1036 1781 συνδοξάζει
1070 1717 1164 1771 καὶ¹
1188 1719 1574 1787 συναγάλλεται
1603 1721 1714 1782 τοῖς

146 1810 231 1863 τοῦ
265 1809 403 1863 Θεοῦ
431 1809 641 1871 τέκνοις
680 1806 1145 1877 εὐφραινομένοις.

204 1897 727 1969 1ς’.Τοιγαροῦν,οὐ
750 1896 858 1966 γὰρ
882 1894 1150 1965 ἀφέξομαι
1177 1894 1336 1949 θείων
1357 1892 1546 1963 φωνῶν
1563 1892 1710 1945 Θείαν

143 1990 504 2061 ἐξηγούμενος
544 1989 792 2060 δύναμιν,
833 1987 1183 2057 ἁγαλλιάσθω
1225 1987 1449 2059 ἕρημος,
1480 1988 1573 2041 καὶ
1616 1987 1709 2040 ἁν-

142 2084 295 2136 θείτω
338 2081 418 2146 ὡς
464 2083 668 2153 κρίνον,
704 2083 737 2152 ἡ
772 2081 918 2151 χήρα
962 2078 1090 2150 χθὲς
1131 2079 1225 2132 καὶ
1272 2077 1483 2150 πρώην,
1530 2078 1605 2141 ὣς
1644 2094 1707 2146 γε

138 2176 327 2238 ἐδόκει,
366 2176 463 2228 καὶ
505 2174 763 2245 ἄνανδρος
814 2171 1132 2242 Ἐκκλησία,
1162 2172 1256 2225 καὶ
1279 2172 1386 2235 πᾶς
1421 2173 1449 2224 ὁ
1474 2170 1552 2241 τῷ
1581 2154 1708 2239 φθοέ

141 2269 275 2338 νερῷ
300 2270 399 2321 καὶ
430 2269 657 2339 ἁτερπεί
694 2265 925 2336 χειμῶνι
963 2266 1062 2337 τῆς
1112 2264 1367 2339 ἀσεϐείας
1401 2263 1538 2327 τέως
1580 2280 1705 2315 συν-

132 2359 463 2431 νεσταλμένος
485 2374 497 2385 ⁸
524 2359 606 2411 ὅτι
633 2357 831 2429 ἠλέησε
865 2355 1075 2426 Κύριος
1110 2355 1200 2407 τὸν
1233 2354 1360 2407 λαὸν
1398 2352 1584 2415 αὑτοῦ,
1612 2353 1705 2405 καὶ

138 2454 223 2523 τὴν
284 2452 650 2523 κληρονομίαν
707 2448 873 2503 αὑτοῦ
924 2449 1024 2501 οὐκ
1086 2446 1571 2517 ὲγκαταλέλοιπεν·
1620 2445 1703 2498 ὅτι

135 2548 355 2619 ἐποίησε
385 2542 672 2615 Θαυμαστὰ
716 2542 1038 2615 πράγματα,
1082 2539 1275 2611 βουλὴν
1316 2538 1547 2610 ἀρχαίαν
1573 2537 1705 2607 ἀλη-

133 2639 312 2711 θινήν·
353 2639 388 2709 ἡ
428 2633 601 2708 δὲῆν,
644 2634 882 2688 εύδοκείν
916 2633 1008 2686 ἐπὶ
1047 2632 1173 2695 τοὺς
1207 2630 1572 2701 φοϐουμένους
1603 2631 1719 2687 αὐ-,

132 2732 229 2792 τὸν,
268 2730 365 2786 καὶ
393 2729 517 2791 τοὺς
542 2726 859 2791 ἐλπίζοντας
884 2725 976 2777 ἐπὶ
998 2724 1063 2777 τὸ
1085 2722 1231 2785 ἔλεος
1254 2720 1440 2775 αὑτοῦ·
1467 2721 1548 2773 ὅτι
1576 2735 1701 2773 συν-

130 2823 315 2896 ἐτριψε
362 2821 537 2883 πύλας
580 2819 807 2891 χαλκᾶς,
863 2816 956 2871 καὶ
1008 2814 1235 2887 μοχλοὺς
1283 2812 1532 2884 σιδηροῦς
1578 2829 1702 2865 συν-

133 2915 347 2968 έθλασεν
369 2930 385 2943 °
424 2913 505 2966 ὅτι
538 2911 625 2964 διὰ
647 2910 746 2973 τὰς
777 2908 1009 2979 ἀνομίας
1038 2905 1196 2977 ἡμῶν
1234 2903 1696 2974 ὲταπεινώθημεν,

127 3008 233 3060 ἀλλ’
255 3004 645 3077 ἀνεκλήθημεν
669 3002 803 3074 (54),
831 3002 948 3065 καὶ,
984 3001 1083 3070 τῆς
1128 2998 1350 3066 παγίδος
1392 2996 1695 3069 συντριϐεί-

1829 519 2110 575 beneﬁciis
2138 519 2537 591 quodammodo
2586 522 2804 591 dignum
2849 522 3084 591 reperio,
3131 523 3261 578 illud
3286 527 3396 581 sci-

1828 610 1974 676 licet,
2000 612 2143 682 quod
2176 610 2343 667 Isaias
2378 620 2507 667 ante
2540 627 2637 666 nos
2683 613 3072 682 pronuntiavit,
3108 615 3234 671 huic
3265 626 3395 670 tem-

1825 705 1942 774 pori
1973 705 2198 761 mirifice
2222 718 2547 775 congruens,
2599 714 2654 759 et
2683 720 2804 759 cum
2847 706 3092 761 beneficii
3125 710 3392 778 magnitu-

1825 800 1950 855 dine
1968 800 2077 871 85
2121 803 2477 855 contendens.
2521 799 2757 854 Laetetur
2814 800 3007 854 caelum
3052 802 3300 870 desuper,
3339 812 3393 855 et

1825 892 1993 947 nubes
2024 891 2527 960 stillentjustitiam.
2550 891 2851 961 Erumpant
2877 901 3088 947 montes
3123 892 3389 958 laetitiam,

1822 993 1876 1039 et
1903 984 2069 1039 colles
2092 983 2512 1039 exsultationem
2544 984 2591 1016 ⁸⁸
2612 1001 2626 1048 ;
2651 984 3087 1053 quandoquidem
3110 986 3273 1038 etiam
3305 1000 3391 1043 res

1820 1089 2011 1131 omnes
2036 1076 2286 1139 conditze,
2315 1085 2371 1130 et
2409 1076 2658 1132 ctelestes
2709 1078 2941 1133 virtutes
2964 1119 2979 1142 ,
3022 1094 3139 1133 mea
3173 1082 3388 1148 quidem

1822 1167 2109 1231 sententia,
2144 1167 2451 1236 bujusmodi
2488 1182 2668 1221 rerum
2709 1183 2868 1222 sensu
2905 1168 3213 1223 alIiciuntur
3250 1188 3263 1223 :
3293 1186 3387 1225 ne-

1818 1272 1923 1326 que
1947 1259 2089 1313 enim
2122 1267 2371 1313 creatura
2400 1258 2559 1313 simul
2590 1268 2795 1312 tantum
2821 1260 3142 1335 ingemiscit,
3167 1270 3222 1316 ct
3259 1277 3385 1330 pur-o

1820 1352 1968 1415 turit,
1995 1352 2323 1421 corruptioni
2351 1352 2592 1407 serviens
2615 1352 2680 1415 ⁸⁸,
2704 1352 2804 1405 hoc
2820 1363 2926 1415 est,
2961 1353 3026 1406 its
3051 1353 3139 1421 qui
3167 1354 3219 1404 in
3241 1364 3383 1409 terra

1818 1450 2136 1507 nascuntur,
2165 1448 2220 1495 et
2245 1441 2540 1504 intereunt,
2568 1442 2727 1495 linem
2755 1455 2941 1494 eorum
2994 1452 3047 1494 et
3100 1441 3383 1494 revelatio-

1818 1547 1939 1585 nem
1977 1542 2318 1601 exspectans,
2349 1544 2411 1587 ut
2441 1533 2552 1602 ipsa
2584 1547 2803 1602 quoque
2827 1541 2953 1587 tunc
2983 1542 3196 1601 sperata
3226 1533 3385 1587 liber-

1816 1633 1927 1679 tate
1961 1626 2218 1694 potiatur,
2258 1624 2404 1679 velut
2442 1641 2581 1679 nunc
2616 1625 2699 1678 his
2732 1624 2895 1677 invita
2948 1634 3167 1693 prapter
3213 1623 3384 1677 Crea-

1817 1718 1949 1771 toris
1979 1718 2277 1785 potentiam
2312 1717 2528 1788 alligata
2573 1735 2587 1772 :
2621 1719 2714 1772 sed
2744 1715 2904 1771 simul
2931 1715 3095 1769 etiam
3120 1729 3242 1769 cum
3290 1715 3379 1769 Dei

1742 1789 1784 1844 B
1815 1808 1938 1861 (iliis
1968 1810 2276 1866 lmtantibus
2302 1812 2531 1883 gloriam
2562 1812 2729 1881 ipsius
2758 1811 3032 1880 praedicat,
3058 1818 3109 1865 et
3125 1809 3377 1864 exsultat.

1882 1898 2019 1955 XVI.
2057 1902 2343 1969 Quocirca,
2367 1918 2541 1973 neque
2572 1902 2713 1957 enim
2736 1918 2765 1955 a
2783 1902 2979 1956 divinis
3000 1901 3219 1956 vocibus
3252 1901 3379 1955 abs«

1813 1988 2029 2056 tim-bo,
2092 1991 2328 2046 divinam
2378 1993 2669 2062 potentiam
2709 2006 3162 2054 commemorans,
3197 1990 3380 2047 exsul-

1811 2089 1885 2133 tet
1918 2081 2150 2145 deserta,
2183 2093 2238 2137 et
2288 2081 2475 2138 ﬂoreat
2505 2083 2646 2138 sicut
2678 2082 2845 2136 lilium
2877 2083 2943 2147 δ’,
2995 2084 3095 2136 hoc
3139 2093 3244 2149 est,
3278 2083 3378 2136 Ec-

1808 2173 1991 2234 clesia,
2036 2175 2146 2228 beri
2190 2184 2246 2229 et
2304 2177 2497 2231 nudius
2542 2176 2749 2239 tertius,
2803 2185 2860 2229 ut
2894 2175 3108 2244 quidem
3155 2176 3374 2229 videba-

1810 2273 1913 2327 tur,
1939 2265 2116 2327 vidua,
2146 2274 2199 2319 et
2226 2266 2344 2320 viro
2395 2281 2624 2331 carens,
2667 2276 2826 2336 atque
2866 2282 3075 2333 omnes,
3110 2282 3245 2336 quos
3292 2269 3374 2320 in-

1808 2356 1925 2409 vida
1959 2366 2012 2410 et
2044 2357 2311 2413 inamoena
2348 2357 2641 2428 impietatis
2669 2359 2845 2415 hiems
2886 2371 3041 2414 antea
3084 2370 3366 2416 contrave.

1807 2458 1893 2499 rat
1924 2466 1935 2499 :
1981 2448 2234 2515 quoniam
2280 2447 2420 2503 Deus
2447 2450 2653 2519 plebem
2687 2458 2837 2505 suam
2873 2453 3158 2506 miseratus
3189 2461 3273 2506 est
3300 2452 3369 2517 ⁸³,

1806 2548 1860 2592 et
1896 2538 2267 2595 lwcreditatem
2316 2556 2467 2595 suam
2526 2557 2628 2595 non
2685 2542 2969 2611 dereliquit
2991 2544 3078 2596 3‘:
3117 2545 3371 2613 quoniam

1805 2646 1891 2684 res
1918 2630 2190 2685 mirabiles
2247 2631 2393 2692 fecit,
2428 2632 2709 2689 consilium
2765 2637 3042 2702 antiquum
3078 2651 3261 2689 verum
3286 2637 3367 2705 ἐς

1803 2723 1903 2777 hoc
1930 2733 2033 2786 est,
2068 2736 2124 2776 ut
2156 2724 2549 2793 beneplacitum
2590 2736 2732 2781 esset
2774 2728 2874 2796 ipsi
2928 2741 3089 2795 super
3120 2728 3373 2785 timentes

1800 2829 1942 2874 cum,
1973 2825 2028 2868 et
2055 2815 2105 2869 in
2140 2816 2205 2869 iis
2237 2821 2325 2885 qui
2373 2827 2594 2886 sperant
2638 2818 2688 2872 in
2722 2819 3102 2875 miscricordiis
3130 2822 3247 2892 ejus
3276 2823 3323 2856 ³⁸
3353 2839 3367 2875 :

1800 2910 2052 2978 quoniam
2099 2913 2356 2966 contrivit
2386 2921 2574 2982 portas
2616 2929 2809 2979 aereas,
2853 2927 2906 2970 et
2938 2927 3118 2971 vectes
3168 2918 3373 2974 ferreos

1799 3001 2063 3072 coal’regit
2090 3003 2135 3034 ⁵⁷
2174 3021 2189 3056 :
2230 3006 2483 3073 quoniam
2528 3015 2747 3073 pr0pter
2799 3007 3108 3075 iniquitates
3158 3018 3371 3065 nostras

131 3117 236 3170 σης,
266 3097 622 3171 ὲρρύσθημεν
645 3097 702 3150 ὲν
726 3094 907 3166 χάριτι
944 3091 1038 3146 τοῦ
1066 3090 1388 3153 καλέσαντος
1412 3092 1579 3161 ἡμᾶς,
1605 3088 1697 3142 καὶ

1812 3094 2060 3147 ΙιιιιιιὶΙίιιιί
2102 3111 2287 3149 sumus
2313 3096 2379 3160 ⁸⁸,
2411 3096 2505 3150 sed
2544 3098 2776 3151 revocati
2822 3114 3029 3163 smnus,
3063 3115 3126 3154 ac
3174 3102 3368 3166 laqueo

129 3196 242 3258 τοὺς
270 3191 573 3254 ταπεινοὺς
600 3191 666 3260 τῇ
700 3186 897 3259 καρδίᾳ
924 3184 1364 3257 παρακαλοῦντος
1384 3182 1539 3236 Θεοῦ.

182 3378 286 3434 ιτ.
302 3378 507 3450 Ὀρᾶτε
536 3376 682 3439 ὅπως
708 3373 891 3427 πλέκω
915 3369 1012 3443 τὴν
1029 3369 1169 3442 ᾠδὴν
1187 3368 1349 3431 θείοις
1374 3367 1467 3421 καὶ
1494 3366 1701 3438 ῥήμασι

130 3473 213 3524 καὶ
233 3470 599 3540 διανοήμασις
639 3465 732 3518 καὶ
762 3465 861 3517 οὐκ
896 3457 990 3516 οἶδ’
1032 3462 1181 3524 ὅπως
1214 3457 1513 3530 ἀλλοτρίοις
1542 3455 1698 3509 ὲπαί-

134 3564 275 3634 ρομαί
309 3578 380 3616 τε
421 3560 516 3613 καὶ
553 3556 984 3626 καλλωπίξομαι,
1015 3552 1110 3607 καὶ
1151 3551 1339 3621 ὥσπερ
1382 3549 1569 3611 ἔνθους
1607 3548 1697 3617 ὑφ’

131 3656 306 3725 ἡδονῆς
331 3652 588 3724 γίνομαι’
622 3645 873 3720 ἀτιμάζω
898 3646 956 3699 δὲ
995 3646 1140 3698 ἅπαν
1180 3640 1435 3697 ταπεινὸν
1476 3640 1570 3693 καὶ
1602 3638 1696 3692 ἀν-

129 3746 411 3818 θρώπινον,
445 3743 581 3797 ἄλλα
608 3741 784 3804 ἄλλοις
819 3737 1166 3811 ωμὸιὸἀζων
1201 3735 1295 3789 καὶ
1323 3732 1694 3804 συναρμόζων,

129 3839 211 3891 καὶ
240 3840 322 3900 είς
348 3836 409 3889 ἓν
429 3836 577 3903 ἄγων
600 3832 669 3887 τὰ
694 3830 788 3886 τοῦ
818 3828 982 3884 αὑτοῦ
1003 3827 1346 3897 Πνεύματος;

189 4015 281 4068 1Ε’.
314 4013 596 4085 Πρότερον
621 4010 718 4083 μὲν
744 4005 837 4064 οὖν
869 4010 1077 4064 ἐδείκνυ
1106 4007 1200 4063 τοῦ
1224 4006 1358 4062 Θεοῦ
1389 4008 1455 4062 τὰ
1489 4007 1698 4079 θαυμά-

130 4121 207 4159 σια
241 4105 423 4176 Ἑνὼχ
462 4104 900 4177 μετατιθέμενος,
944 4104 1127 4165 Ἠλίας
1160 4102 1693 4174 ἀναλαμϐανόμενος,

127 4195 235 4250 Νῶε
258 4194 683 4267 διασωζόμενος,
728 4196 822 4249 καὶ
851 4193 1130 4258 διασώζων
1168 4194 1237 4248 τὰ
1270 4195 1558 4266 σπέρματα
1586 4195 1695 4248 τῶν

122 4288 283 4354 γενῶν
312 4289 456 4359 (55),
496 4289 554 4340 ὲν
598 4285 777 4358 μικρῷ
823 4285 962 4356 ξύλῳ
1015 4285 1105 4338 τὸν
1145 4284 1367 4355 κόσμον,
1418 4284 1694 4353 φυγόντων

123 4379 447 4450 οἰκουμένης
474 4376 776 4440 ὲπίκλυσιν,
804 4376 869 4429 ἶν’
897 4378 930 4447 ή
958 4378 1029 4447 γῆ
1062 4374 1308 4447 κοσμηθῇ
1341 4374 1502 4428 πάλιν
1538 4376 1692 4451 εὐσε-

1805 3184 2034 3238 contrito
2054 3185 2122 3248 ⁸⁸,
2149 3201 2243 3255 per
2268 3187 2496 3255 gratiam
2530 3186 2621 3241 Dei
2669 3187 2760 3255 qui
2798 3202 2895 3241 nos
2922 3192 3155 3257 vocavit,
3186 3200 3239 3245 et
3268 3191 3367 3245 hu-

1803 3274 1957 3327 miles
1987 3276 2147 3329 corde
2183 3276 2512 3340 consolatur,
2557 3276 2767 3331 liberati
2814 3293 3000 3331 sumus
3036 3281 3082 3310 ⁹⁰

1876 3365 2035 3421 XVII.
2076 3366 2350 3422 Videtisne
2390 3383 2495 3436 quo
2534 3378 2691 3437 pacto
2713 3369 2909 3423 divinis
2942 3371 3121 3427 verbis
3151 3388 3215 3427 ac
3240 3388 3364 3428 seu-

1802 3461 1987 3514 tentiis
2029 3460 2298 3515 canticum
2339 3459 2556 3514 texam?
2609 3470 2771 3530 atque
2803 3462 2944 3515 haud
2973 3463 3087 3517 scio
3128 3480 3361 3533 quonam

1784 3552 1960 3606 modo
2001 3552 2192 3607 alienis
2223 3568 2306 3607 me
2335 3551 2556 3606 elIeram
2596 3563 2651 3607 et
2687 3564 2988 3617 ostentem,
3028 3572 3091 3611 ac
3125 3573 3235 3626 pra:
3272 3574 3365 3614 vo-

1800 3643 2002 3712 luptate
2038 3644 2181 3698 velut
2211 3645 2432 3698 munine
2460 3645 2757 3715 corripiar;
2802 3646 3058 3716 quidquid
3105 3663 3232 3703 vero
3263 3651 3365 3703 Ιιιι-

1801 3736 1923 3790 mile
1957 3747 2118 3805 atque
2165 3737 2454 3790 humanum
2508 3747 2618 3801 est,
2674 3747 3040 3802 contemnam,
3090 3739 3192 3794 alia
3240 3756 3362 3795 cum

1799 3828 1918 3884 aliis
1934 3832 2279 3898 compingens
2301 3838 2461 3897 atque
2484 3828 3053 3900 concinnans,eaque,
3074 3846 3193 3901 qua:
3213 3831 3362 3902 ejus.-

1798 3920 1917 3974 dem
1951 3930 2074 3973 sunt
2103 3920 2356 3988 Spiritus,
2401 3921 2451 3973 in
2489 3935 2654 3974 unum
2688 3921 2990 3991 colligens?

1867 4014 2050 4069 XVIII.
2078 4016 2154 4069 Ac
2184 4015 2335 4084 prius
2369 4013 2585 4082 quidem
2634 4012 2726 4067 Dei
2773 4014 3031 4070 miracula
3086 4018 3361 4072 testaban-

1798 4114 1921 4160 tur:
1963 4106 2172 4169 Enoch,
2222 4104 2347 4159 dum
2389 4102 2777 4158 transferretur
2809 4105 2888 4166 9‘;
2938 4105 3102 4169 Elias,
3132 4107 3257 4160 dum
3304 4108 3361 4161 in

1796 4195 2025 4249 sublime
2058 4205 2425 4249 assumeretur
2452 4194 2497 4225 ⁹²
2530 4209 2545 4246 :
2587 4191 2719 4255 Noe,
2748 4193 2873 4246 dum
2923 4205 3362 4262 conservaretur,

1796 4301 1860 4341 ac
1891 4300 2148 4355 generum
2207 4286 2412 4339 semina
2466 4295 2836 4349 conservaret,
2873 4285 2923 4338 in
2981 4288 3176 4355 exiguo
3221 4285 3365 4355 ligno

1797 4376 2076 4439 mundum,
2125 4375 2272 4429 orbis
2326 4376 2558 4430 universi
2610 4375 2868 4430 diluvium
2928 4375 3265 4445 fugientium,
3304 4386 3363 4430 ut

123 4470 400 4541 ϐεστέροις
415 4470 726 4541 οἰκήτορσιν
742 4484 756 4498 ’
787 4466 1037 4537 Ἀϐραὰμ
1054 4466 1407 4537 καλούμενος,
1429 4466 1523 4518 καὶ
1542 4465 1691 4518 παιδὶ

1812 4481 1941 4522 ,erra
1966 4480 2153 4520 rursus
2180 4466 2743 4522 sanctioribusincolis
2767 4470 3107 4523 ornaretur”
3140 4487 3155 4524 :
3184 4470 3360 4525 Abra-

126 4560 240 4631 παρ*
267 4559 493 4631 ἠλικίαν
521 4557 851 4629 τιμώμενος,
886 4558 968 4619 είς
995 4557 1177 4609 πίστιν
1204 4557 1389 4628 ἐτέρου
1412 4554 1506 4609 τοῦ
1529 4557 1696 4627 ἐπηγ-

1789 4558 1937 4622 liam,
1969 4557 2093 4610 dum
2125 4567 2405 4610 vocaretur
2432 4556 2499 4620 ’⁸,
2528 4571 2592 4611 ac
2642 4558 2748 4613 lilio
2780 4569 2974 4627 prazter
3002 4568 3213 4612 aetatem
3267 4560 3363 4614 do-

122 4654 378 4723 γελμένου
424 4652 760 4724 σπέρματος,
790 4650 884 4703 καὶ
929 4649 1018 4703 τὸν
1064 4648 1328 4721 μονογενῆ
1370 4649 1695 4721 προσφέρων

1812 4659 2009 4704 taretur
2035 4650 2102 4713 ’⁵,
2132 4650 2194 4701 ad
2234 4650 2697 4704 conlirmationem
2757 4666 2950 4720 nempe
3009 4652 3232 4706 alterius
3268 4666 3360 4705 se-

125 4741 303 4796 θυσίαν
330 4742 638 4816 πρόθυμον,
668 4741 760 4794 κα)⁸
788 4744 977 4813 ἱερεῖον
1005 4740 1153 4805 ξένον
1174 4738 1283 4810 (56)
1311 4740 1431 4823 ἀντὶ
1457 4740 1570 4809 (57)
1600 4739 1694 4794 τοῦ

125 4835 299 4898 παιδὸς
321 4833 705 4904 κομιζόμενος·
727 4831 1027 4903 παράδοξος
1048 4830 1159 4903 (⁸58)
1185 4830 1396 4885 ἀσεϐῶν
1425 4831 1692 4897 ἀπώλεια,

1793 4740 1954 4795 minis
1980 4740 2229 4810 promissi
2259 4740 2326 4806 ’°,
2360 4750 2522 4808 atque
2553 4740 2888 4807 unigenitum
2922 4738 3158 4805 offerret,
3190 4740 3359 4795 sacri.

1794 4832 1977 4887 licium
2027 4840 2332 4902 promptum
2364 4844 2419 4885 et
2475 4831 2673 4898 alacre,
2708 4832 3041 4900 alienamque
3086 4833 3360 4887 victimam

186 4977 357 5031 “Isa.
390 4992 515 5038 xu,
553 4975 615 5042 8;
646 4991 792 5038 ms,
830 4975 931 5042 l3;
973 4974 1117 5029 Psal.
1147 4991 1294 5038 Lxrv,
1330 4977 1418 5031 15.
1484 4976 1527 5008 ⁸¹
1560 4978 1722 5034 Rom.
1766 4993 1883 5038 vnt,
1916 4976 2006 5030 ‘22.
2082 4976 2126 5007 δ’
2152 4975 2256 5028 Isa.
2292 4991 2455 5041 xxxv,
2491 4975 2540 5029 1.
2604 4975 2649 5006 ⁸³
2677 4974 2817 5028 Psal.
2859 4990 2950 5034 cn,
2996 4975 3080 5028 15.
3147 4974 3192 5005 ⁸⁸
3218 4974 3360 5029 Psal.

124 5062 264 5112 xcnt,
302 5050 391 5102 14.
474 5048 519 5079 ⁸⁸
560 5045 661 5100 lsa.
715 5061 839 5111 xxv,
879 5047 931 5100 1.
1004 5046 1051 5077 ⁸⁸
1080 5045 1221 5099 Psal.
1252 5062 1433 5111 exui,
1466 5046 1553 5103 11,

121 5117 355 5173 "Galat.
384 5117 548 5180 ι.15;
586 5116 626 5169 II
662 5116 788 5170 Cor.
825 5131 922 5179 vn,
953 5114 1005 5168 6.
1104 5116 1148 5146 ’⁸
1186 5115 1321 5171 Gen.
1355 5133 1408 5181 ν,
1452 5117 1546 5171 24.

122 5198 168 5239 et
188 5204 304 5258 seq.
381 5188 432 5220 ⁹⁸
458 5187 595 5244 Gen.
639 5201 795 5251 xvm,
829 5186 896 5241 l0
992 5185 1036 5217 "
1082 5184 1259 5240 Galat.
1308 5202 1391 5253 ιιι,
1423 5186 1512 5240 16.

120 5362 294 5503 ang?)
334 5358 784 5431 Εὑφραινέσθω.
837 5361 895 5419 1η
960 5362 1095 5419 Isaia
1147 5362 1372 5433 legitur,
1440 5364 1688 5436 Εὐφραν-

181 5504 294 5572 (55)
348 5502 635 5570 Ῥηξάτω.
670 5502 897 5557 Dillius:
939 5520 959 5554 ι
989 5500 1288 5558 emundant.
1320 5522 1338 5555 ι

178 5573 293 5653 (:51!)
350 5573 803 5643 Ἀνεκλήθημεν.
835 5592 854 5626 ι
881 5574 1137 5629 Ιὶονοειιιι
1175 5582 1415 5629 Sumus.»
1454 5573 1497 5627 Α
1530 5572 1685 5628 Dillio

118 5653 400 5695 orutssum.

183 5712 298 5781 I35)
342 5711 567 5767 Γενῶν.
598 5712 699 5768 Alii
729 5732 743 5767 :
771 5711 961 5768 ἐθνῶν.

179 5782 296 5851 (56)
349 5782 581 5853 ἰερεῒον
644 5784 972 5852 ξέι·ον,ἐιο.
1012 5804 1030 5840 ι
1059 5784 1304 5841 Alienum
1338 5785 1634 5851 victimam,
1657 5802 1676 5837 ι

1652 5047 1699 5078 ⁸⁷
1742 5046 1885 5101 Psal.
1920 5061 2027 5108 cvr,
2064 5046 2151 5099 16.
2225 5046 2271 5078 ⁸⁸
2322 5045 2459 5099 Psal.
2488 5061 2573 5106 (ιν.
2619 5045 2707 5101 45.
2784 5047 2827 5077 ⁸⁸
2877 5045 3015 5098 l’sal.
3070 5061 3261 5107 cum,
3308 5045 3359 5097 7.

1651 5118 1698 5149 "
1746 5116 1813 5173 ιν
1852 5116 1984 5185 lleg.
2016 5132 2079 5181 ιι,
2110 5117 2195 5170 11.

2294 5116 2340 5146 ³³
2373 5115 2509 5170 Gen.
2539 5131 2638 5175 vu.
2679 5119 2703 5169 1
2740 5131 2862 5186 sqq.
2939 5116 2984 5149 νδ
3016 5117 3151 5171 Gen.
3198 5133 3294 5177 λιι,
3334 5118 3354 5168 1

1790 5362 1843 5417 in
1868 5362 2265 5432 comparatione
2289 5360 2405 5424 ﬁlii,
2432 5378 2451 5412 ι
2491 5360 2955 5432 inexspectatam;
2981 5379 2999 5412 ι
3039 5360 3181 5412 nulla
3213 5362 3358 5414 enim

1789 5441 1905 5487 erat
1945 5429 2195 5486 usitatior
2224 5432 2442 5487 victima
2488 5429 2837 5500 quam'aries.
2886 5429 3001 5485 Non
3046 5446 3178 5501 ergo
3228 5432 3363 5485 bene

1787 5501 1909 5557 Bill.
1950 5520 1967 5552 ι
1991 5502 2322 5556 inusitatam.
2347 5523 2365 5553 ι

1858 5573 1970 5644 (57)
2004 5572 2172 5627 Ἀντί.
2204 5570 2562 5644 ΑΙιΙ.,11θιοι’.,
2586 5569 2707 5625 Par.
2734 5570 2827 5626 καὶ
2870 5570 3009 5624 ἀντί.
3052 5563 3166 5625 Sed
3208 5569 3361 5625 abest

1786 5643 1879 5695 καί
1903 5642 1969 5694 ali
1992 5643 2243 5696 omnibus
2276 5642 2431 5697 codd.

1792 5710 1970 5837 b.1923}
2010 5711 2373 5782 Παράδοξος-
2419 5730 2437 5766 t
2470 5711 2801 5783 Stupendus,
2856 5726 3051 5784 novus_
3076 5725 3141 5768 ac
3188 5709 3356 5766 mira-

1830 5798 1843 5835 I
1870 5799 1881 5836 I
1920 5822 1932 5837 .
1961 5801 1979 5834 ι
