  <div class='ocr_page' id='page_1' title='image "/cluster/home/n/w/nwhite01/storage/ocr_20150623/35/hvd.32044024473308/279.png"; bbox 0 0 3878 6398; ppageno 0'>
   <div class='ocr_carea' id='block_1_1' title="bbox 577 294 687 351">
    <p class='ocr_par' dir='ltr' id='par_1_1' title="bbox 577 294 687 351">
     <span class='ocr_line' id='line_1_1' title="bbox 577 294 687 351; baseline -0.018 0"><span class='ocrx_word' id='word_1_1' title='bbox 577 294 687 351; x_wconf 71' lang='grc'><strong>54⁸1</strong></span> 
     </span>
    </p>
   </div>
   <div class='ocr_carea' id='block_1_2' title="bbox 1782 278 3740 362">
    <p class='ocr_par' dir='ltr' id='par_1_2' title="bbox 1782 278 3740 362">
     <span class='ocr_line' id='line_1_2' title="bbox 1782 278 3740 362; baseline -0.013 -13"><span class='ocrx_word' id='word_1_2' title='bbox 1782 290 1839 348; x_wconf 82' lang='lat' dir='ltr'><strong>s.</strong></span> <span class='ocrx_word' id='word_1_3' title='bbox 1882 278 2212 349; x_wconf 72' lang='lat' dir='ltr'><strong>GREGORII</strong></span> <span class='ocrx_word' id='word_1_4' title='bbox 2252 283 2602 343; x_wconf 82' lang='lat' dir='ltr'><strong>THEOLOGl</strong></span> <span class='ocrx_word' id='word_1_5' title='bbox 3661 300 3740 362; x_wconf 28' lang='lat'><strong>5,8.</strong></span> 
     </span>
    </p>
   </div>
   <div class='ocr_carea' id='block_1_3' title="bbox 580 394 2159 476">
    <p class='ocr_par' dir='ltr' id='par_1_3' title="bbox 580 394 2157 476">
     <span class='ocr_line' id='line_1_3' title="bbox 580 394 2157 476; baseline -0.005 -12"><span class='ocrx_word' id='word_1_6' title='bbox 580 408 676 464; x_wconf 82' lang='lat' dir='ltr'><strong>lliii</strong></span> <span class='ocrx_word' id='word_1_7' title='bbox 732 421 850 461; x_wconf 85' lang='lat' dir='ltr'><strong>.oco</strong></span> <span class='ocrx_word' id='word_1_8' title='bbox 891 405 1162 476; x_wconf 84' lang='lat' dir='ltr'><strong>accipiens</strong></span> <span class='ocrx_word' id='word_1_9' title='bbox 1201 405 1288 458; x_wconf 76' lang='grc' dir='ltr'><strong>’τε</strong></span> <span class='ocrx_word' id='word_1_10' title='bbox 1327 394 1590 458; x_wconf 81' lang='lat' dir='ltr'><strong>mirabilis</strong></span> <span class='ocrx_word' id='word_1_11' title='bbox 1648 404 1936 472; x_wconf 87' lang='lat' dir='ltr'><strong>impiorum</strong></span> <span class='ocrx_word' id='word_1_12' title='bbox 1988 403 2157 457; x_wconf 84' lang='lat' dir='ltr'><strong>inter-</strong></span> 
     </span>
    </p>
   </div>
   <div class='ocr_carea' id='block_1_4' title="bbox 2262 394 3735 476">
    <p class='ocr_par' dir='ltr' id='par_1_4' title="bbox 2262 397 3735 476">
     <span class='ocr_line' id='line_1_4' title="bbox 2262 397 3735 476; baseline 0.007 -23"><span class='ocrx_word' id='word_1_13' title='bbox 2262 402 2391 470; x_wconf 62' lang='lat' dir='ltr'><strong>rupi.</strong></span> <span class='ocrx_word' id='word_1_14' title='bbox 2428 401 2523 454; x_wconf 78' lang='grc' dir='ltr'><strong>καὶ</strong></span> <span class='ocrx_word' id='word_1_15' title='bbox 2565 400 2696 472; x_wconf 86' lang='grc' dir='ltr'>θείῳ</span> <span class='ocrx_word' id='word_1_16' title='bbox 2719 397 2834 469; x_wconf 76' lang='lat'><strong>(39)</strong></span> <span class='ocrx_word' id='word_1_17' title='bbox 2880 397 3357 453; x_wconf 81' lang='grc' dir='ltr'>κατακλυσθέντων</span> <span class='ocrx_word' id='word_1_18' title='bbox 3394 403 3516 476; x_wconf 87' lang='grc'>(40),</span> <span class='ocrx_word' id='word_1_19' title='bbox 3560 409 3735 472; x_wconf 75' lang='grc' dir='ltr'>εὐσεϐῶν</span> 
     </span>
    </p>
   </div>
   <div class='ocr_carea' id='block_1_5' title="bbox 579 495 2154 568">
    <p class='ocr_par' dir='ltr' id='par_1_5' title="bbox 579 495 2154 568">
     <span class='ocr_line' id='line_1_5' title="bbox 579 495 2154 568; baseline -0.001 -18"><span class='ocrx_word' id='word_1_20' title='bbox 579 502 709 565; x_wconf 86' lang='lat' dir='ltr'><strong>itus,</strong></span> <span class='ocrx_word' id='word_1_21' title='bbox 757 498 868 568; x_wconf 80' lang='lat'><strong>86</strong></span> <span class='ocrx_word' id='word_1_22' title='bbox 908 497 1030 568; x_wconf 78' lang='lat' dir='ltr'><strong>igne</strong></span> <span class='ocrx_word' id='word_1_23' title='bbox 1088 506 1144 550; x_wconf 87' lang='lat' dir='ltr'><strong>et</strong></span> <span class='ocrx_word' id='word_1_24' title='bbox 1213 496 1470 565; x_wconf 79' lang='lat' dir='ltr'><strong>sulphure</strong></span> <span class='ocrx_word' id='word_1_25' title='bbox 1525 497 1876 561; x_wconf 88' lang='lat' dir='ltr'><strong>ohrutorum,</strong></span> <span class='ocrx_word' id='word_1_26' title='bbox 1931 495 2154 549; x_wconf 88' lang='lat' dir='ltr'><strong>mirabi-</strong></span> 
     </span>
    </p>
   </div>
   <div class='ocr_carea' id='block_1_6' title="bbox 583 587 2150 658">
    <p class='ocr_par' dir='ltr' id='par_1_6' title="bbox 583 587 2150 658">
     <span class='ocr_line' id='line_1_6' title="bbox 583 587 2150 658; baseline -0.002 -15"><span class='ocrx_word' id='word_1_27' title='bbox 583 589 688 643; x_wconf 90' lang='lat' dir='ltr'><strong>lius</strong></span> <span class='ocrx_word' id='word_1_28' title='bbox 723 591 884 642; x_wconf 85' lang='lat' dir='ltr'><strong>etiam</strong></span> <span class='ocrx_word' id='word_1_29' title='bbox 941 589 1153 658; x_wconf 90' lang='lat' dir='ltr'><strong>piorum</strong></span> <span class='ocrx_word' id='word_1_30' title='bbox 1187 587 1412 653; x_wconf 80' lang='lat' dir='ltr'><strong>furtum,</strong></span> <span class='ocrx_word' id='word_1_31' title='bbox 1451 597 1506 642; x_wconf 89' lang='lat' dir='ltr'><strong>et</strong></span> <span class='ocrx_word' id='word_1_32' title='bbox 1539 588 1670 642; x_wconf 88' lang='lat' dir='ltr'><strong>salis</strong></span> <span class='ocrx_word' id='word_1_33' title='bbox 1696 588 1970 652; x_wconf 81' lang='lat' dir='ltr'><strong>columna,</strong></span> <span class='ocrx_word' id='word_1_34' title='bbox 2018 601 2150 640; x_wconf 89' lang='lat' dir='ltr'><strong>con-</strong></span> 
     </span>
    </p>
   </div>
   <div class='ocr_carea' id='block_1_7' title="bbox 579 677 2154 748">
    <p class='ocr_par' dir='ltr' id='par_1_7' title="bbox 579 677 2154 748">
     <span class='ocr_line' id='line_1_7' title="bbox 579 677 2154 748; baseline 0 -16"><span class='ocrx_word' id='word_1_35' title='bbox 579 679 882 733; x_wconf 77' lang='lat' dir='ltr'><strong>versionem</strong></span> <span class='ocrx_word' id='word_1_36' title='bbox 932 680 998 733; x_wconf 92' lang='lat' dir='ltr'><strong>ad</strong></span> <span class='ocrx_word' id='word_1_37' title='bbox 1047 679 1234 732; x_wconf 89' lang='lat' dir='ltr'><strong>vitium</strong></span> <span class='ocrx_word' id='word_1_38' title='bbox 1283 679 1611 744; x_wconf 88' lang='lat' dir='ltr'><strong>traducens,</strong></span> <span class='ocrx_word' id='word_1_39' title='bbox 1672 679 1739 734; x_wconf 91' lang='lat' dir='ltr'><strong>de</strong></span> <span class='ocrx_word' id='word_1_40' title='bbox 1781 692 1952 748; x_wconf 88' lang='lat' dir='ltr'><strong>eaque</strong></span> <span class='ocrx_word' id='word_1_41' title='bbox 2011 677 2154 734; x_wconf 83' lang='lat' dir='ltr'><strong>velut</strong></span> 
     </span>
    </p>
   </div>
   <div class='ocr_carea' id='block_1_8' title="bbox 581 769 2150 840">
    <p class='ocr_par' dir='ltr' id='par_1_8' title="bbox 581 769 2150 840">
     <span class='ocr_line' id='line_1_8' title="bbox 581 769 2150 840; baseline -0.001 -16"><span class='ocrx_word' id='word_1_42' title='bbox 581 771 915 840; x_wconf 75' lang='lat' dir='ltr'><strong>triumphum</strong></span> <span class='ocrx_word' id='word_1_43' title='bbox 963 785 1128 839; x_wconf 82' lang='lat' dir='ltr'><strong>agens</strong></span> <span class='ocrx_word' id='word_1_44' title='bbox 1168 788 1182 824; x_wconf 74' lang='grc' dir='ltr'><strong>ε</strong></span> <span class='ocrx_word' id='word_1_45' title='bbox 1229 769 1428 839; x_wconf 75' lang='lat' dir='ltr'><strong>Ioseph</strong></span> <span class='ocrx_word' id='word_1_46' title='bbox 1463 771 1612 834; x_wconf 84' lang='lat' dir='ltr'><strong>item,</strong></span> <span class='ocrx_word' id='word_1_47' title='bbox 1648 771 1772 824; x_wconf 90' lang='lat' dir='ltr'><strong>dum</strong></span> <span class='ocrx_word' id='word_1_48' title='bbox 1809 770 2150 837; x_wconf 89' lang='lat' dir='ltr'><strong>venderctur,</strong></span> 
     </span>
    </p>
   </div>
   <div class='ocr_carea' id='block_1_9' title="bbox 579 860 2152 933">
    <p class='ocr_par' dir='ltr' id='par_1_9' title="bbox 579 860 2152 933">
     <span class='ocr_line' id='line_1_9' title="bbox 579 860 2152 933; baseline 0.001 -17"><span class='ocrx_word' id='word_1_49' title='bbox 579 869 638 916; x_wconf 90' lang='lat' dir='ltr'><strong>ct</strong></span> <span class='ocrx_word' id='word_1_50' title='bbox 669 871 966 926; x_wconf 89' lang='lat' dir='ltr'><strong>amaretur,</strong></span> <span class='ocrx_word' id='word_1_51' title='bbox 1006 869 1062 916; x_wconf 91' lang='lat' dir='ltr'><strong>et</strong></span> <span class='ocrx_word' id='word_1_52' title='bbox 1097 860 1408 930; x_wconf 74' lang='lat' dir='ltr'><strong>pudicitiam</strong></span> <span class='ocrx_word' id='word_1_53' title='bbox 1457 861 1678 928; x_wconf 90' lang='lat' dir='ltr'><strong>coleret,</strong></span> <span class='ocrx_word' id='word_1_54' title='bbox 1720 865 2088 933; x_wconf 88' lang='lat' dir='ltr'><strong>sapientiaque</strong></span> <span class='ocrx_word' id='word_1_55' title='bbox 2123 879 2152 918; x_wconf 90' lang='lat' dir='ltr'><strong>a</strong></span> 
     </span>
    </p>
   </div>
   <div class='ocr_carea' id='block_1_10' title="bbox 590 950 2158 1019">
    <p class='ocr_par' dir='ltr' id='par_1_10' title="bbox 590 950 2158 1019">
     <span class='ocr_line' id='line_1_10' title="bbox 590 950 2158 1019; baseline 0.001 -14"><span class='ocrx_word' id='word_1_56' title='bbox 590 951 702 1005; x_wconf 91' lang='lat' dir='ltr'><strong>Deo</strong></span> <span class='ocrx_word' id='word_1_57' title='bbox 729 950 1040 1015; x_wconf 80' lang='lat' dir='ltr'><strong>donaretur,</strong></span> <span class='ocrx_word' id='word_1_58' title='bbox 1077 961 1132 1004; x_wconf 88' lang='lat' dir='ltr'><strong>et</strong></span> <span class='ocrx_word' id='word_1_59' title='bbox 1165 950 1511 1017; x_wconf 89' lang='lat' dir='ltr'><strong>liberaretur,</strong></span> <span class='ocrx_word' id='word_1_60' title='bbox 1543 960 1596 1004; x_wconf 87' lang='lat' dir='ltr'><strong>et</strong></span> <span class='ocrx_word' id='word_1_61' title='bbox 1636 952 1928 1019; x_wconf 86' lang='lat' dir='ltr'><strong>potentiam</strong></span> <span class='ocrx_word' id='word_1_62' title='bbox 1957 950 2158 1006; x_wconf 83' lang='lat' dir='ltr'><strong>obtine-</strong></span> 
     </span>
    </p>
   </div>
   <div class='ocr_carea' id='block_1_11' title="bbox 584 1043 2154 1113">
    <p class='ocr_par' dir='ltr' id='par_1_11' title="bbox 584 1043 2154 1113">
     <span class='ocr_line' id='line_1_11' title="bbox 584 1043 2154 1113; baseline -0.001 -15"><span class='ocrx_word' id='word_1_63' title='bbox 584 1055 669 1098; x_wconf 87' lang='lat' dir='ltr'><strong>ret</strong></span> <span class='ocrx_word' id='word_1_64' title='bbox 699 1045 767 1105; x_wconf 79' lang='grc'><strong>’⁸,</strong></span> <span class='ocrx_word' id='word_1_65' title='bbox 811 1043 1137 1113; x_wconf 74' lang='lat' dir='ltr'><strong>maiorisque</strong></span> <span class='ocrx_word' id='word_1_66' title='bbox 1189 1043 1610 1113; x_wconf 83' lang='lat' dir='ltr'><strong>dispensationis</strong></span> <span class='ocrx_word' id='word_1_67' title='bbox 1651 1059 1837 1109; x_wconf 89' lang='lat' dir='ltr'><strong>causa,</strong></span> <span class='ocrx_word' id='word_1_68' title='bbox 1877 1044 2154 1112; x_wconf 88' lang='lat' dir='ltr'><strong>dispensa-</strong></span> 
     </span>
    </p>
   </div>
   <div class='ocr_carea' id='block_1_12' title="bbox 582 1135 2160 1205">
    <p class='ocr_par' dir='ltr' id='par_1_12' title="bbox 582 1135 2160 1205">
     <span class='ocr_line' id='line_1_12' title="bbox 582 1135 2160 1205; baseline 0.001 -16"><span class='ocrx_word' id='word_1_69' title='bbox 582 1137 719 1190; x_wconf 87' lang='lat' dir='ltr'><strong>toris</strong></span> <span class='ocrx_word' id='word_1_70' title='bbox 751 1149 973 1190; x_wconf 91' lang='lat' dir='ltr'><strong>munere</strong></span> <span class='ocrx_word' id='word_1_71' title='bbox 1010 1135 1324 1205; x_wconf 78' lang='lat' dir='ltr'><strong>fungeretur</strong></span> <span class='ocrx_word' id='word_1_72' title='bbox 1357 1137 1402 1169; x_wconf 84' lang='lat'><strong>”</strong></span> <span class='ocrx_word' id='word_1_73' title='bbox 1431 1154 1446 1192; x_wconf 90' lang='lat'><strong>:</strong></span> <span class='ocrx_word' id='word_1_74' title='bbox 1481 1137 1676 1203; x_wconf 83' lang='lat' dir='ltr'><strong>Moses,</strong></span> <span class='ocrx_word' id='word_1_75' title='bbox 1703 1139 1827 1191; x_wconf 88' lang='lat' dir='ltr'><strong>dum</strong></span> <span class='ocrx_word' id='word_1_76' title='bbox 1887 1137 1978 1192; x_wconf 89' lang='lat' dir='ltr'><strong>Dei</strong></span> <span class='ocrx_word' id='word_1_77' title='bbox 2029 1153 2160 1191; x_wconf 89' lang='lat' dir='ltr'><strong>con-</strong></span> 
     </span>
    </p>
   </div>
   <div class='ocr_carea' id='block_1_13' title="bbox 582 1228 2160 1298">
    <p class='ocr_par' dir='ltr' id='par_1_13' title="bbox 582 1228 2160 1298">
     <span class='ocr_line' id='line_1_13' title="bbox 582 1228 2160 1298; baseline 0.002 -18"><span class='ocrx_word' id='word_1_78' title='bbox 582 1237 768 1294; x_wconf 87' lang='lat' dir='ltr'><strong>spectu</strong></span> <span class='ocrx_word' id='word_1_79' title='bbox 803 1228 996 1297; x_wconf 81' lang='lat' dir='ltr'><strong>dignus</strong></span> <span class='ocrx_word' id='word_1_80' title='bbox 1052 1228 1341 1282; x_wconf 85' lang='lat' dir='ltr'><strong>haberetur</strong></span> <span class='ocrx_word' id='word_1_81' title='bbox 1376 1229 1418 1295; x_wconf 78' lang='grc' dir='ltr'><strong>ί,</strong></span> <span class='ocrx_word' id='word_1_82' title='bbox 1465 1229 1717 1298; x_wconf 80' lang='lat' dir='ltr'><strong>legesque</strong></span> <span class='ocrx_word' id='word_1_83' title='bbox 1772 1229 2062 1296; x_wconf 88' lang='lat' dir='ltr'><strong>acciperet,</strong></span> <span class='ocrx_word' id='word_1_84' title='bbox 2106 1240 2160 1284; x_wconf 90' lang='lat' dir='ltr'><strong>et</strong></span> 
     </span>
    </p>
   </div>
   <div class='ocr_carea' id='block_1_14' title="bbox 580 1316 2161 1383">
    <p class='ocr_par' dir='ltr' id='par_1_14' title="bbox 580 1316 2161 1383">
     <span class='ocr_line' id='line_1_14' title="bbox 580 1316 2161 1383; baseline 0.001 -13"><span class='ocrx_word' id='word_1_85' title='bbox 580 1316 750 1370; x_wconf 79' lang='lat' dir='ltr'><strong>ferret</strong></span> <span class='ocrx_word' id='word_1_86' title='bbox 778 1319 821 1382; x_wconf 82' lang='grc'>²,</span> <span class='ocrx_word' id='word_1_87' title='bbox 861 1326 916 1371; x_wconf 89' lang='lat' dir='ltr'><strong>et</strong></span> <span class='ocrx_word' id='word_1_88' title='bbox 944 1317 1240 1372; x_wconf 78' lang='lat' dir='ltr'><strong>Pharaonis</strong></span> <span class='ocrx_word' id='word_1_89' title='bbox 1279 1318 1420 1373; x_wconf 90' lang='lat' dir='ltr'><strong>Deus</strong></span> <span class='ocrx_word' id='word_1_90' title='bbox 1461 1318 1783 1383; x_wconf 85' lang='lat' dir='ltr'><strong>elliceretur,</strong></span> <span class='ocrx_word' id='word_1_91' title='bbox 1813 1329 1867 1373; x_wconf 87' lang='lat' dir='ltr'><strong>et</strong></span> <span class='ocrx_word' id='word_1_92' title='bbox 1905 1319 2161 1374; x_wconf 90' lang='lat' dir='ltr'><strong>lsraelitis</strong></span> 
     </span>
    </p>
   </div>
   <div class='ocr_carea' id='block_1_15' title="bbox 584 1408 2159 1480">
    <p class='ocr_par' dir='ltr' id='par_1_15' title="bbox 584 1408 2159 1480">
     <span class='ocr_line' id='line_1_15' title="bbox 584 1408 2159 1480; baseline 0.001 -18"><span class='ocrx_word' id='word_1_93' title='bbox 584 1411 650 1462; x_wconf 88' lang='lat' dir='ltr'><strong>ad</strong></span> <span class='ocrx_word' id='word_1_94' title='bbox 681 1410 1055 1480; x_wconf 83' lang='lat' dir='ltr'><strong>promissionis</strong></span> <span class='ocrx_word' id='word_1_95' title='bbox 1087 1419 1283 1464; x_wconf 88' lang='lat' dir='ltr'><strong>terram</strong></span> <span class='ocrx_word' id='word_1_96' title='bbox 1323 1411 1426 1463; x_wconf 83' lang='lat' dir='ltr'><strong>dux</strong></span> <span class='ocrx_word' id='word_1_97' title='bbox 1459 1420 1602 1465; x_wconf 88' lang='lat' dir='ltr'><strong>esset</strong></span> <span class='ocrx_word' id='word_1_98' title='bbox 1631 1428 1644 1464; x_wconf 92' lang='lat'><strong>:</strong></span> <span class='ocrx_word' id='word_1_99' title='bbox 1683 1425 1968 1464; x_wconf 86' lang='lat' dir='ltr'><strong>numerosa</strong></span> <span class='ocrx_word' id='word_1_100' title='bbox 1998 1408 2159 1479; x_wconf 63' lang='lat' dir='ltr'><strong>{Egy-</strong></span> 
     </span>
    </p>
   </div>
   <div class='ocr_carea' id='block_1_16' title="bbox 580 1501 2161 1572">
    <p class='ocr_par' dir='ltr' id='par_1_16' title="bbox 580 1501 2161 1572">
     <span class='ocr_line' id='line_1_16' title="bbox 580 1501 2161 1572; baseline 0.001 -20"><span class='ocrx_word' id='word_1_101' title='bbox 580 1502 821 1570; x_wconf 88' lang='lat' dir='ltr'><strong>ptiorum</strong></span> <span class='ocrx_word' id='word_1_102' title='bbox 865 1501 1056 1570; x_wconf 83' lang='lat' dir='ltr'><strong>ﬂagra,</strong></span> <span class='ocrx_word' id='word_1_103' title='bbox 1085 1511 1246 1572; x_wconf 89' lang='lat' dir='ltr'><strong>atque</strong></span> <span class='ocrx_word' id='word_1_104' title='bbox 1269 1517 1478 1565; x_wconf 91' lang='lat' dir='ltr'><strong>eorum,</strong></span> <span class='ocrx_word' id='word_1_105' title='bbox 1514 1503 1605 1571; x_wconf 91' lang='lat' dir='ltr'><strong>qui</strong></span> <span class='ocrx_word' id='word_1_106' title='bbox 1639 1501 1915 1556; x_wconf 87' lang='lat' dir='ltr'><strong>laboribus</strong></span> <span class='ocrx_word' id='word_1_107' title='bbox 1945 1515 2161 1570; x_wconf 90' lang='lat' dir='ltr'><strong>preme-</strong></span> 
     </span>
    </p>
   </div>
   <div class='ocr_carea' id='block_1_17' title="bbox 583 1592 2162 1664">
    <p class='ocr_par' dir='ltr' id='par_1_17' title="bbox 583 1592 2162 1664">
     <span class='ocr_line' id='line_1_17' title="bbox 583 1592 2162 1664; baseline -0.001 -18"><span class='ocrx_word' id='word_1_108' title='bbox 583 1593 805 1658; x_wconf 84' lang='lat' dir='ltr'><strong>bantur,</strong></span> <span class='ocrx_word' id='word_1_109' title='bbox 845 1594 984 1648; x_wconf 89' lang='lat' dir='ltr'><strong>inter</strong></span> <span class='ocrx_word' id='word_1_110' title='bbox 1029 1594 1232 1648; x_wconf 88' lang='lat' dir='ltr'><strong>medios</strong></span> <span class='ocrx_word' id='word_1_111' title='bbox 1264 1593 1526 1664; x_wconf 62' lang='lat' dir='ltr'><strong>Egyptos</strong></span> <span class='ocrx_word' id='word_1_112' title='bbox 1565 1593 1910 1648; x_wconf 81' lang='lat' dir='ltr'><strong>conservatio</strong></span> <span class='ocrx_word' id='word_1_113' title='bbox 1941 1593 1981 1646; x_wconf 81' lang='grc'><strong>³.</strong></span> <span class='ocrx_word' id='word_1_114' title='bbox 2018 1592 2162 1645; x_wconf 86' lang='lat' dir='ltr'><strong>Mare</strong></span> 
     </span>
    </p>
   </div>
   <div class='ocr_carea' id='block_1_18' title="bbox 2257 490 3737 570">
    <p class='ocr_par' dir='ltr' id='par_1_18' title="bbox 2257 490 3737 570">
     <span class='ocr_line' id='line_1_18' title="bbox 2257 490 3737 570; baseline 0.001 -24"><span class='ocrx_word' id='word_1_115' title='bbox 2257 495 2432 566; x_wconf 80' lang='grc' dir='ltr'>κλοπὴ</span> <span class='ocrx_word' id='word_1_116' title='bbox 2464 494 2578 563; x_wconf 79' lang='grc'>(41)</span> <span class='ocrx_word' id='word_1_117' title='bbox 2626 490 3056 562; x_wconf 78' lang='grc' dir='ltr'>παραδοξοτέρα,</span> <span class='ocrx_word' id='word_1_118' title='bbox 3109 491 3276 563; x_wconf 80' lang='grc' dir='ltr'><strong>στήλη</strong></span> <span class='ocrx_word' id='word_1_119' title='bbox 3317 493 3430 557; x_wconf 77' lang='grc' dir='ltr'>ἁλὸς</span> <span class='ocrx_word' id='word_1_120' title='bbox 3448 495 3532 567; x_wconf 84' lang='grc' dir='ltr'>τὴν</span> <span class='ocrx_word' id='word_1_121' title='bbox 3568 503 3671 570; x_wconf 65' lang='grc' dir='ltr'>πρὸς</span> <span class='ocrx_word' id='word_1_122' title='bbox 3696 511 3737 562; x_wconf 69' lang='grc' dir='ltr'><strong>τδ</strong></span> 
     </span>
    </p>
   </div>
   <div class='ocr_carea' id='block_1_19' title="bbox 2259 581 3735 658">
    <p class='ocr_par' dir='ltr' id='par_1_19' title="bbox 2259 581 3735 658">
     <span class='ocr_line' id='line_1_19' title="bbox 2259 581 3735 658; baseline -0.001 -19"><span class='ocrx_word' id='word_1_123' title='bbox 2259 585 2429 639; x_wconf 80' lang='grc' dir='ltr'>κακὸν</span> <span class='ocrx_word' id='word_1_124' title='bbox 2482 584 2817 656; x_wconf 75' lang='grc' dir='ltr'>ἐπιστροφὴν</span> <span class='ocrx_word' id='word_1_125' title='bbox 2863 581 3301 653; x_wconf 76' lang='grc' dir='ltr'>θριαμϐεῦουσαο</span> <span class='ocrx_word' id='word_1_126' title='bbox 3367 585 3543 658; x_wconf 77' lang='grc' dir='ltr'>Ἰωσήφ</span> <span class='ocrx_word' id='word_1_127' title='bbox 3585 608 3632 643; x_wconf 85' lang='grc' dir='ltr'>τε</span> <span class='ocrx_word' id='word_1_128' title='bbox 3678 616 3735 650; x_wconf 74' lang='grc' dir='ltr'><strong>πι.</strong></span> 
     </span>
    </p>
   </div>
   <div class='ocr_carea' id='block_1_20' title="bbox 2251 672 3737 757">
    <p class='ocr_par' dir='ltr' id='par_1_20' title="bbox 2251 672 3737 757">
     <span class='ocr_line' id='line_1_20' title="bbox 2251 672 3737 757; baseline 0.003 -28"><span class='ocrx_word' id='word_1_129' title='bbox 2251 675 2655 747; x_wconf 74' lang='grc' dir='ltr'><strong>προισχόμενος,</strong></span> <span class='ocrx_word' id='word_1_130' title='bbox 2679 674 2772 727; x_wconf 72' lang='grc' dir='ltr'>καὶ</span> <span class='ocrx_word' id='word_1_131' title='bbox 2793 672 3087 745; x_wconf 75' lang='grc' dir='ltr'><strong>ἐρώμενος,</strong></span> <span class='ocrx_word' id='word_1_132' title='bbox 3116 673 3210 726; x_wconf 80' lang='grc' dir='ltr'><strong>καὶ</strong></span> <span class='ocrx_word' id='word_1_133' title='bbox 3234 675 3523 744; x_wconf 74' lang='grc' dir='ltr'>σωφρονῶν,</span> <span class='ocrx_word' id='word_1_134' title='bbox 3538 680 3615 733; x_wconf 69' lang='grc' dir='ltr'><strong>καὶ</strong></span> <span class='ocrx_word' id='word_1_135' title='bbox 3633 689 3737 757; x_wconf 72' lang='grc' dir='ltr'>παρὰ</span> 
     </span>
    </p>
   </div>
   <div class='ocr_carea' id='block_1_21' title="bbox 2262 764 3740 838">
    <p class='ocr_par' dir='ltr' id='par_1_21' title="bbox 2262 764 3740 838">
     <span class='ocr_line' id='line_1_21' title="bbox 2262 764 3740 838; baseline -0.001 -17"><span class='ocrx_word' id='word_1_136' title='bbox 2262 766 2398 822; x_wconf 86' lang='grc' dir='ltr'>Θεοῦ</span> <span class='ocrx_word' id='word_1_137' title='bbox 2451 765 2821 838; x_wconf 79' lang='grc' dir='ltr'><strong>σοφιζόμενος,</strong></span> <span class='ocrx_word' id='word_1_138' title='bbox 2869 766 2964 820; x_wconf 80' lang='grc' dir='ltr'><strong>καὶ</strong></span> <span class='ocrx_word' id='word_1_139' title='bbox 3009 764 3483 836; x_wconf 76' lang='grc' dir='ltr'>ἐλευθεροῦμενος,</span> <span class='ocrx_word' id='word_1_140' title='bbox 3532 772 3609 823; x_wconf 72' lang='grc' dir='ltr'><strong>καὶ</strong></span> <span class='ocrx_word' id='word_1_141' title='bbox 3639 773 3740 832; x_wconf 64' lang='lat' dir='ltr'><strong>(iuva.</strong></span> 
     </span>
    </p>
   </div>
   <div class='ocr_carea' id='block_1_22' title="bbox 2263 856 3737 931">
    <p class='ocr_par' dir='ltr' id='par_1_22' title="bbox 2263 856 3737 931">
     <span class='ocr_line' id='line_1_22' title="bbox 2263 856 3737 931; baseline 0.005 -21"><span class='ocrx_word' id='word_1_142' title='bbox 2263 858 2491 923; x_wconf 83' lang='grc' dir='ltr'><strong>στεύων,</strong></span> <span class='ocrx_word' id='word_1_143' title='bbox 2535 859 2629 910; x_wconf 75' lang='grc' dir='ltr'>καὶ</span> <span class='ocrx_word' id='word_1_144' title='bbox 2657 857 2942 910; x_wconf 85' lang='grc' dir='ltr'>σιτοδοτῶν</span> <span class='ocrx_word' id='word_1_145' title='bbox 2973 856 3084 926; x_wconf 68' lang='lat'><strong>(42)</strong></span> <span class='ocrx_word' id='word_1_146' title='bbox 3131 857 3216 908; x_wconf 80' lang='grc' dir='ltr'>ἐπ’</span> <span class='ocrx_word' id='word_1_147' title='bbox 3264 857 3523 928; x_wconf 69' lang='grc' dir='ltr'>οἰκονομία</span> <span class='ocrx_word' id='word_1_148' title='bbox 3569 863 3737 931; x_wconf 75' lang='grc' dir='ltr'>μείζονι·</span> 
     </span>
    </p>
   </div>
   <div class='ocr_carea' id='block_1_23' title="bbox 2261 948 3742 1024">
    <p class='ocr_par' dir='ltr' id='par_1_23' title="bbox 2261 948 3742 1024">
     <span class='ocr_line' id='line_1_23' title="bbox 2261 948 3742 1024; baseline 0.001 -20"><span class='ocrx_word' id='word_1_149' title='bbox 2261 949 2499 1021; x_wconf 82' lang='grc' dir='ltr'>Μωῦσῆς</span> <span class='ocrx_word' id='word_1_150' title='bbox 2529 949 2846 1020; x_wconf 82' lang='grc' dir='ltr'>θεοφανείας</span> <span class='ocrx_word' id='word_1_151' title='bbox 2885 948 3223 1019; x_wconf 76' lang='grc' dir='ltr'><strong>ἀξιούμενος,</strong></span> <span class='ocrx_word' id='word_1_152' title='bbox 3258 950 3350 1001; x_wconf 71' lang='grc' dir='ltr'><strong>καὶ</strong></span> <span class='ocrx_word' id='word_1_153' title='bbox 3377 951 3742 1024; x_wconf 78' lang='grc' dir='ltr'>νομοθετούμενος</span> 
     </span>
    </p>
   </div>
   <div class='ocr_carea' id='block_1_24' title="bbox 2262 1039 3742 1119">
    <p class='ocr_par' dir='ltr' id='par_1_24' title="bbox 2262 1039 3742 1119">
     <span class='ocr_line' id='line_1_24' title="bbox 2262 1039 3742 1119; baseline 0.004 -24"><span class='ocrx_word' id='word_1_154' title='bbox 2262 1043 2355 1095; x_wconf 73' lang='grc' dir='ltr'><strong>καὶ</strong></span> <span class='ocrx_word' id='word_1_155' title='bbox 2383 1041 2707 1112; x_wconf 85' lang='grc' dir='ltr'>νομοθετῶν,</span> <span class='ocrx_word' id='word_1_156' title='bbox 2743 1042 2837 1095; x_wconf 76' lang='grc' dir='ltr'>καὶ</span> <span class='ocrx_word' id='word_1_157' title='bbox 2866 1041 2998 1104; x_wconf 84' lang='grc' dir='ltr'><strong>Θεὸς</strong></span> <span class='ocrx_word' id='word_1_158' title='bbox 3031 1039 3230 1111; x_wconf 77' lang='grc' dir='ltr'>Φαραὼ</span> <span class='ocrx_word' id='word_1_159' title='bbox 3256 1040 3536 1111; x_wconf 78' lang='grc' dir='ltr'>γινόμενος,</span> <span class='ocrx_word' id='word_1_160' title='bbox 3560 1048 3633 1099; x_wconf 80' lang='grc' dir='ltr'><strong>καὶ</strong></span> <span class='ocrx_word' id='word_1_161' title='bbox 3649 1050 3742 1119; x_wconf 68' lang='grc' dir='ltr'>πρὸς</span> 
     </span>
    </p>
   </div>
   <div class='ocr_carea' id='block_1_25' title="bbox 2254 1132 3739 1208">
    <p class='ocr_par' dir='ltr' id='par_1_25' title="bbox 2254 1132 3739 1208">
     <span class='ocr_line' id='line_1_25' title="bbox 2254 1132 3739 1208; baseline 0.003 -22"><span class='ocrx_word' id='word_1_162' title='bbox 2254 1134 2353 1204; x_wconf 82' lang='grc' dir='ltr'>τὴν</span> <span class='ocrx_word' id='word_1_163' title='bbox 2390 1133 2494 1206; x_wconf 79' lang='grc' dir='ltr'><strong>γῆν</strong></span> <span class='ocrx_word' id='word_1_164' title='bbox 2535 1133 2636 1205; x_wconf 82' lang='grc' dir='ltr'>τῆς</span> <span class='ocrx_word' id='word_1_165' title='bbox 2669 1133 3003 1202; x_wconf 76' lang='grc' dir='ltr'><strong>ἐπαγγελίας</strong></span> <span class='ocrx_word' id='word_1_166' title='bbox 3039 1132 3118 1202; x_wconf 80' lang='grc' dir='ltr'>τῷ</span> <span class='ocrx_word' id='word_1_167' title='bbox 3179 1132 3391 1205; x_wconf 81' lang='grc' dir='ltr'>Ἰσραὴλ</span> <span class='ocrx_word' id='word_1_168' title='bbox 3431 1135 3739 1208; x_wconf 66' lang='grc' dir='ltr'><strong>ἐξηγούμενος·</strong></span> 
     </span>
    </p>
   </div>
   <div class='ocr_carea' id='block_1_26' title="bbox 2253 1224 3741 1297">
    <p class='ocr_par' dir='ltr' id='par_1_26' title="bbox 2253 1224 3741 1297">
     <span class='ocr_line' id='line_1_26' title="bbox 2253 1224 3741 1297; baseline 0.007 -21"><span class='ocrx_word' id='word_1_169' title='bbox 2253 1224 2568 1292; x_wconf 79' lang='grc' dir='ltr'><strong>Αἰγυπτίων</strong></span> <span class='ocrx_word' id='word_1_170' title='bbox 2609 1242 2670 1278; x_wconf 87' lang='grc' dir='ltr'>τε.</span> <span class='ocrx_word' id='word_1_171' title='bbox 2703 1224 3103 1297; x_wconf 82' lang='grc' dir='ltr'><strong>ἀριθμούμεναι</strong></span> <span class='ocrx_word' id='word_1_172' title='bbox 3149 1225 3407 1295; x_wconf 86' lang='grc' dir='ltr'>μάστιγες</span> <span class='ocrx_word' id='word_1_173' title='bbox 3428 1227 3547 1296; x_wconf 75' lang='grc'>(43),</span> <span class='ocrx_word' id='word_1_174' title='bbox 3575 1235 3741 1289; x_wconf 56' lang='lat' dir='ltr'><strong>minus</strong></span> 
     </span>
    </p>
   </div>
   <div class='ocr_carea' id='block_1_27' title="bbox 2251 1315 3743 1390">
    <p class='ocr_par' dir='ltr' id='par_1_27' title="bbox 2251 1315 3743 1390">
     <span class='ocr_line' id='line_1_27' title="bbox 2251 1315 3743 1390; baseline 0.007 -22"><span class='ocrx_word' id='word_1_175' title='bbox 2251 1315 2418 1388; x_wconf 86' lang='grc' dir='ltr'>τηρία</span> <span class='ocrx_word' id='word_1_176' title='bbox 2452 1316 2558 1369; x_wconf 85' lang='grc' dir='ltr'><strong>τῶν</strong></span> <span class='ocrx_word' id='word_1_177' title='bbox 2591 1316 2938 1388; x_wconf 82' lang='grc' dir='ltr'>πονουμένων</span> <span class='ocrx_word' id='word_1_178' title='bbox 2969 1318 3027 1368; x_wconf 84' lang='grc' dir='ltr'><strong>ἐν</strong></span> <span class='ocrx_word' id='word_1_179' title='bbox 3084 1317 3271 1387; x_wconf 81' lang='grc' dir='ltr'>μέσοις</span> <span class='ocrx_word' id='word_1_180' title='bbox 3315 1319 3428 1381; x_wconf 85' lang='grc' dir='ltr'>τοῖς</span> <span class='ocrx_word' id='word_1_181' title='bbox 3472 1321 3743 1390; x_wconf 54' lang='grc' dir='ltr'>Αἰγυπτίοις</span> 
     </span>
    </p>
   </div>
   <div class='ocr_carea' id='block_1_28' title="bbox 2246 1408 3743 1480">
    <p class='ocr_par' dir='ltr' id='par_1_28' title="bbox 2246 1408 3743 1480">
     <span class='ocr_line' id='line_1_28' title="bbox 2246 1408 3743 1480; baseline 0.009 -21"><span class='ocrx_word' id='word_1_182' title='bbox 2246 1408 2504 1462; x_wconf 81' lang='grc' dir='ltr'>,θάλασσά</span> <span class='ocrx_word' id='word_1_183' title='bbox 2544 1426 2602 1462; x_wconf 89' lang='grc' dir='ltr'><strong>τε</strong></span> <span class='ocrx_word' id='word_1_184' title='bbox 2648 1409 3006 1480; x_wconf 88' lang='grc' dir='ltr'>ὑποχωροῦσα</span> <span class='ocrx_word' id='word_1_185' title='bbox 3042 1410 3221 1480; x_wconf 76' lang='grc' dir='ltr'>ῥάϐδῳ</span> <span class='ocrx_word' id='word_1_186' title='bbox 3248 1409 3380 1480; x_wconf 85' lang='grc'>(44),</span> <span class='ocrx_word' id='word_1_187' title='bbox 3433 1413 3519 1465; x_wconf 74' lang='grc' dir='ltr'><strong>καὶ</strong></span> <span class='ocrx_word' id='word_1_188' title='bbox 3558 1419 3743 1473; x_wconf 78' lang='grc' dir='ltr'>συνιοῦσα</span> 
     </span>
    </p>
   </div>
   <div class='ocr_carea' id='block_1_29' title="bbox 2257 1498 3743 1571">
    <p class='ocr_par' dir='ltr' id='par_1_29' title="bbox 2257 1498 3743 1571">
     <span class='ocr_line' id='line_1_29' title="bbox 2257 1498 3743 1571; baseline 0.006 -20"><span class='ocrx_word' id='word_1_189' title='bbox 2257 1499 2424 1570; x_wconf 86' lang='grc' dir='ltr'>λόγῳ,</span> <span class='ocrx_word' id='word_1_190' title='bbox 2477 1500 2572 1552; x_wconf 79' lang='grc' dir='ltr'>καὶ</span> <span class='ocrx_word' id='word_1_191' title='bbox 2605 1500 2732 1563; x_wconf 72' lang='grc' dir='ltr'>τοὺς</span> <span class='ocrx_word' id='word_1_192' title='bbox 2782 1500 2879 1570; x_wconf 82' lang='grc' dir='ltr'><strong>μὲν</strong></span> <span class='ocrx_word' id='word_1_193' title='bbox 2912 1499 2986 1562; x_wconf 84' lang='grc' dir='ltr'>ὡς</span> <span class='ocrx_word' id='word_1_194' title='bbox 3020 1498 3160 1570; x_wconf 78' lang='grc' dir='ltr'>ξηρὰ</span> <span class='ocrx_word' id='word_1_195' title='bbox 3209 1500 3637 1571; x_wconf 75' lang='grc' dir='ltr'><strong>παραπέμπουσα,</strong></span> <span class='ocrx_word' id='word_1_196' title='bbox 3661 1509 3743 1571; x_wconf 75' lang='grc' dir='ltr'>τοὺς</span> 
     </span>
    </p>
   </div>
   <div class='ocr_carea' id='block_1_30' title="bbox 2257 1591 3537 1663">
    <p class='ocr_par' dir='ltr' id='par_1_30' title="bbox 2257 1591 3537 1663">
     <span class='ocr_line' id='line_1_30' title="bbox 2257 1591 3537 1663; baseline 0.002 -19"><span class='ocrx_word' id='word_1_197' title='bbox 2257 1591 2314 1644; x_wconf 87' lang='grc' dir='ltr'><strong>δέ</strong></span> <span class='ocrx_word' id='word_1_198' title='bbox 2344 1591 2452 1662; x_wconf 79' lang='grc'>(45)</span> <span class='ocrx_word' id='word_1_199' title='bbox 2489 1592 2630 1645; x_wconf 84' lang='grc' dir='ltr'><strong>κατά</strong></span> <span class='ocrx_word' id='word_1_200' title='bbox 2652 1593 2751 1663; x_wconf 83' lang='grc' dir='ltr'><strong>τὴν</strong></span> <span class='ocrx_word' id='word_1_201' title='bbox 2783 1591 2943 1661; x_wconf 81' lang='grc' dir='ltr'>φύσιν</span> <span class='ocrx_word' id='word_1_202' title='bbox 2978 1592 3177 1662; x_wconf 84' lang='grc' dir='ltr'>ἐαυτῆς</span> <span class='ocrx_word' id='word_1_203' title='bbox 3205 1592 3537 1663; x_wconf 69' lang='grc' dir='ltr'>ἐπιρρέουσα.</span> 
     </span>
    </p>
   </div>
   <div class='ocr_carea' id='block_1_31' title="bbox 583 1683 3747 1755">
    <p class='ocr_par' dir='ltr' id='par_1_31' title="bbox 583 1683 3747 1755">
     <span class='ocr_line' id='line_1_31' title="bbox 583 1683 3747 1755; baseline 0 -15"><span class='ocrx_word' id='word_1_204' title='bbox 583 1685 735 1748; x_wconf 88' lang='lat' dir='ltr'><strong>item,</strong></span> <span class='ocrx_word' id='word_1_205' title='bbox 777 1693 885 1739; x_wconf 91' lang='lat' dir='ltr'><strong>tum</strong></span> <span class='ocrx_word' id='word_1_206' title='bbox 917 1685 983 1740; x_wconf 89' lang='lat' dir='ltr'><strong>ad</strong></span> <span class='ocrx_word' id='word_1_207' title='bbox 1017 1687 1179 1755; x_wconf 70' lang='lat' dir='ltr'><strong>virgae</strong></span> <span class='ocrx_word' id='word_1_208' title='bbox 1220 1687 1385 1739; x_wconf 87' lang='lat' dir='ltr'><strong>ictttm</strong></span> <span class='ocrx_word' id='word_1_209' title='bbox 1421 1686 1640 1753; x_wconf 89' lang='lat' dir='ltr'><strong>cedens,</strong></span> <span class='ocrx_word' id='word_1_210' title='bbox 1673 1696 1783 1740; x_wconf 90' lang='lat' dir='ltr'><strong>tum</strong></span> <span class='ocrx_word' id='word_1_211' title='bbox 1818 1687 1884 1742; x_wconf 88' lang='lat' dir='ltr'><strong>ad</strong></span> <span class='ocrx_word' id='word_1_212' title='bbox 1916 1699 2221 1739; x_wconf 89' lang='lat' dir='ltr'><strong>sermonem</strong></span> <span class='ocrx_word' id='word_1_213' title='bbox 2261 1699 2472 1738; x_wconf 85' lang='lat' dir='ltr'><strong>rursum</strong></span> <span class='ocrx_word' id='word_1_214' title='bbox 2518 1686 2734 1750; x_wconf 86' lang='lat' dir='ltr'><strong>coiens;</strong></span> <span class='ocrx_word' id='word_1_215' title='bbox 2777 1695 2937 1750; x_wconf 81' lang='lat' dir='ltr'><strong>atque</strong></span> <span class='ocrx_word' id='word_1_216' title='bbox 2971 1683 3092 1738; x_wconf 91' lang='lat' dir='ltr'><strong>illos</strong></span> <span class='ocrx_word' id='word_1_217' title='bbox 3131 1694 3292 1740; x_wconf 79' lang='lat' dir='ltr'><strong>terrae</strong></span> <span class='ocrx_word' id='word_1_218' title='bbox 3333 1686 3382 1738; x_wconf 94' lang='lat' dir='ltr'><strong>in</strong></span> <span class='ocrx_word' id='word_1_219' title='bbox 3414 1685 3601 1741; x_wconf 88' lang='lat' dir='ltr'><strong>modum</strong></span> <span class='ocrx_word' id='word_1_220' title='bbox 3626 1698 3747 1747; x_wconf 74' lang='lat' dir='ltr'><strong>trans-</strong></span> 
     </span>
    </p>
   </div>
   <div class='ocr_carea' id='block_1_32' title="bbox 585 1775 2888 1846">
    <p class='ocr_par' dir='ltr' id='par_1_32' title="bbox 585 1775 2888 1846">
     <span class='ocr_line' id='line_1_32' title="bbox 585 1775 2888 1846; baseline -0.002 -16"><span class='ocrx_word' id='word_1_221' title='bbox 585 1778 830 1840; x_wconf 80' lang='lat' dir='ltr'><strong>mittens,</strong></span> <span class='ocrx_word' id='word_1_222' title='bbox 871 1778 968 1830; x_wconf 92' lang='lat' dir='ltr'><strong>hos</strong></span> <span class='ocrx_word' id='word_1_223' title='bbox 1008 1787 1209 1841; x_wconf 88' lang='lat' dir='ltr'><strong>autem,</strong></span> <span class='ocrx_word' id='word_1_224' title='bbox 1251 1787 1304 1829; x_wconf 79' lang='lat' dir='ltr'><strong>at</strong></span> <span class='ocrx_word' id='word_1_225' title='bbox 1331 1775 1500 1846; x_wconf 89' lang='lat' dir='ltr'><strong>ipsius</strong></span> <span class='ocrx_word' id='word_1_226' title='bbox 1551 1789 1741 1831; x_wconf 89' lang='lat' dir='ltr'><strong>natura</strong></span> <span class='ocrx_word' id='word_1_227' title='bbox 1793 1776 2017 1840; x_wconf 81' lang='lat' dir='ltr'><strong>ferebat,</strong></span> <span class='ocrx_word' id='word_1_228' title='bbox 2049 1775 2320 1829; x_wconf 87' lang='lat' dir='ltr'><strong>inundans</strong></span> <span class='ocrx_word' id='word_1_229' title='bbox 2367 1782 2526 1842; x_wconf 89' lang='lat' dir='ltr'><strong>atque</strong></span> <span class='ocrx_word' id='word_1_230' title='bbox 2559 1775 2813 1829; x_wconf 87' lang='lat' dir='ltr'><strong>obruens.</strong></span> <span class='ocrx_word' id='word_1_231' title='bbox 2848 1775 2888 1826; x_wconf 75' lang='grc'><strong>⁸.</strong></span> 
     </span>
    </p>
   </div>
   <div class='ocr_carea' id='block_1_33' title="bbox 656 1864 2159 1942">
    <p class='ocr_par' dir='ltr' id='par_1_33' title="bbox 656 1864 2146 1935">
     <span class='ocr_line' id='line_1_33' title="bbox 656 1864 2146 1935; baseline -0.001 -16"><span class='ocrx_word' id='word_1_232' title='bbox 656 1864 796 1919; x_wconf 61' lang='lat' dir='ltr'><strong>XIX.</strong></span> <span class='ocrx_word' id='word_1_233' title='bbox 838 1865 1064 1935; x_wconf 79' lang='lat' dir='ltr'><strong>Aliaque</strong></span> <span class='ocrx_word' id='word_1_234' title='bbox 1097 1868 1276 1919; x_wconf 86' lang='lat' dir='ltr'><strong>omnia</strong></span> <span class='ocrx_word' id='word_1_235' title='bbox 1308 1881 1425 1934; x_wconf 68' lang='lat' dir='ltr'><strong>quae</strong></span> <span class='ocrx_word' id='word_1_236' title='bbox 1465 1867 1579 1920; x_wconf 86' lang='lat' dir='ltr'><strong>haec</strong></span> <span class='ocrx_word' id='word_1_237' title='bbox 1617 1875 1802 1920; x_wconf 87' lang='lat' dir='ltr'><strong>secuta</strong></span> <span class='ocrx_word' id='word_1_238' title='bbox 1837 1875 1994 1932; x_wconf 87' lang='lat' dir='ltr'><strong>sunt;</strong></span> <span class='ocrx_word' id='word_1_239' title='bbox 2061 1866 2146 1919; x_wconf 88' lang='lat' dir='ltr'><strong>ni-</strong></span> 
     </span>
    </p>
   </div>
   <div class='ocr_carea' id='block_1_34' title="bbox 2262 1864 3747 1942">
    <p class='ocr_par' dir='ltr' id='par_1_34' title="bbox 2319 1864 3747 1942">
     <span class='ocr_line' id='line_1_34' title="bbox 2319 1864 3747 1942; baseline 0.008 -26"><span class='ocrx_word' id='word_1_240' title='bbox 2319 1864 2410 1918; x_wconf 80' lang='lat'><strong>18&#39;.</strong></span> <span class='ocrx_word' id='word_1_241' title='bbox 2438 1864 2618 1918; x_wconf 84' lang='grc' dir='ltr'>Τᾶλλα</span> <span class='ocrx_word' id='word_1_242' title='bbox 2640 1883 2720 1929; x_wconf 87' lang='grc' dir='ltr'><strong>τε,</strong></span> <span class='ocrx_word' id='word_1_243' title='bbox 2750 1866 2850 1919; x_wconf 82' lang='grc' dir='ltr'>ὅσα</span> <span class='ocrx_word' id='word_1_244' title='bbox 2877 1865 2987 1936; x_wconf 86' lang='grc'>(46)</span> <span class='ocrx_word' id='word_1_245' title='bbox 3015 1866 3224 1930; x_wconf 79' lang='grc' dir='ltr'><strong>τούτοις</strong></span> <span class='ocrx_word' id='word_1_246' title='bbox 3260 1867 3642 1942; x_wconf 77' lang='grc' dir='ltr'>ἐπηκολούθησε,</span> <span class='ocrx_word' id='word_1_247' title='bbox 3664 1873 3747 1926; x_wconf 70' lang='grc' dir='ltr'>στύ-</span> 
     </span>
    </p>
   </div>
   <div class='ocr_carea' id='block_1_35' title="bbox 585 1955 2158 2026">
    <p class='ocr_par' dir='ltr' id='par_1_35' title="bbox 585 1955 2158 2026">
     <span class='ocr_line' id='line_1_35' title="bbox 585 1955 2158 2026; baseline -0.003 -11"><span class='ocrx_word' id='word_1_248' title='bbox 585 1960 783 2015; x_wconf 83' lang='lat' dir='ltr'><strong>mirum</strong></span> <span class='ocrx_word' id='word_1_249' title='bbox 834 1959 990 2013; x_wconf 88' lang='lat' dir='ltr'><strong>nubis</strong></span> <span class='ocrx_word' id='word_1_250' title='bbox 1041 1958 1287 2014; x_wconf 89' lang='lat' dir='ltr'><strong>columna</strong></span> <span class='ocrx_word' id='word_1_251' title='bbox 1348 1957 1583 2011; x_wconf 87' lang='lat' dir='ltr'><strong>interdiu</strong></span> <span class='ocrx_word' id='word_1_252' title='bbox 1627 1958 1978 2021; x_wconf 87' lang='lat' dir='ltr'><strong>obumbrans,</strong></span> <span class='ocrx_word' id='word_1_253' title='bbox 2019 1955 2158 2026; x_wconf 82' lang='lat' dir='ltr'><strong>ignis</strong></span> 
     </span>
    </p>
   </div>
   <div class='ocr_carea' id='block_1_36' title="bbox 585 2048 2158 2121">
    <p class='ocr_par' dir='ltr' id='par_1_36' title="bbox 585 2048 2158 2121">
     <span class='ocr_line' id='line_1_36' title="bbox 585 2048 2158 2121; baseline -0.003 -12"><span class='ocrx_word' id='word_1_254' title='bbox 585 2053 836 2109; x_wconf 90' lang='lat' dir='ltr'><strong>columna</strong></span> <span class='ocrx_word' id='word_1_255' title='bbox 884 2061 1044 2105; x_wconf 90' lang='lat' dir='ltr'><strong>noctu</strong></span> <span class='ocrx_word' id='word_1_256' title='bbox 1093 2050 1433 2119; x_wconf 88' lang='lat' dir='ltr'><strong>splendorem</strong></span> <span class='ocrx_word' id='word_1_257' title='bbox 1485 2048 1734 2116; x_wconf 68' lang='lat' dir='ltr'><strong>aﬂ‘erens,</strong></span> <span class='ocrx_word' id='word_1_258' title='bbox 1778 2063 1939 2121; x_wconf 90' lang='lat' dir='ltr'><strong>atque</strong></span> <span class='ocrx_word' id='word_1_259' title='bbox 1990 2052 2158 2105; x_wconf 71' lang='lat' dir='ltr'><strong>amba:</strong></span> 
     </span>
    </p>
   </div>
   <div class='ocr_carea' id='block_1_37' title="bbox 586 2139 2156 2211">
    <p class='ocr_par' dir='ltr' id='par_1_37' title="bbox 586 2139 2156 2211">
     <span class='ocr_line' id='line_1_37' title="bbox 586 2139 2156 2211; baseline -0.002 -14"><span class='ocrx_word' id='word_1_260' title='bbox 586 2144 690 2198; x_wconf 88' lang='lat' dir='ltr'><strong>iter</strong></span> <span class='ocrx_word' id='word_1_261' title='bbox 719 2148 1196 2211; x_wconf 74' lang='lat' dir='ltr'><strong>pra-monstrantes</strong></span> <span class='ocrx_word' id='word_1_262' title='bbox 1223 2140 1244 2170; x_wconf 87' lang='grc'><strong><em>³</em></strong></span> <span class='ocrx_word' id='word_1_263' title='bbox 1279 2153 1292 2193; x_wconf 90' lang='lat'><strong>:</strong></span> <span class='ocrx_word' id='word_1_264' title='bbox 1331 2139 1488 2207; x_wconf 85' lang='lat' dir='ltr'><strong>panis</strong></span> <span class='ocrx_word' id='word_1_265' title='bbox 1523 2141 1573 2193; x_wconf 91' lang='lat' dir='ltr'><strong>in</strong></span> <span class='ocrx_word' id='word_1_266' title='bbox 1608 2141 1821 2195; x_wconf 87' lang='lat' dir='ltr'><strong>deserto</strong></span> <span class='ocrx_word' id='word_1_267' title='bbox 1857 2141 2047 2210; x_wconf 81' lang='lat' dir='ltr'><strong>pluviae</strong></span> <span class='ocrx_word' id='word_1_268' title='bbox 2079 2142 2156 2194; x_wconf 90' lang='lat' dir='ltr'><strong>in-</strong></span> 
     </span>
    </p>
   </div>
   <div class='ocr_carea' id='block_1_38' title="bbox 585 2232 2162 2300">
    <p class='ocr_par' dir='ltr' id='par_1_38' title="bbox 585 2232 2162 2300">
     <span class='ocr_line' id='line_1_38' title="bbox 585 2232 2162 2300; baseline -0.002 -10"><span class='ocrx_word' id='word_1_269' title='bbox 585 2243 700 2290; x_wconf 88' lang='lat' dir='ltr'><strong>star</strong></span> <span class='ocrx_word' id='word_1_270' title='bbox 725 2232 894 2300; x_wconf 79' lang='lat' dir='ltr'><strong>fusus,</strong></span> <span class='ocrx_word' id='word_1_271' title='bbox 933 2232 1224 2287; x_wconf 86' lang='lat' dir='ltr'><strong>obsonium</strong></span> <span class='ocrx_word' id='word_1_272' title='bbox 1254 2245 1284 2284; x_wconf 92' lang='lat' dir='ltr'><strong>e</strong></span> <span class='ocrx_word' id='word_1_273' title='bbox 1313 2233 1453 2286; x_wconf 85' lang='lat' dir='ltr'><strong>coelo</strong></span> <span class='ocrx_word' id='word_1_274' title='bbox 1500 2233 1758 2298; x_wconf 87' lang='lat' dir='ltr'><strong>missum;</strong></span> <span class='ocrx_word' id='word_1_275' title='bbox 1811 2233 1899 2288; x_wconf 89' lang='lat' dir='ltr'><strong>ille</strong></span> <span class='ocrx_word' id='word_1_276' title='bbox 1927 2233 2162 2287; x_wconf 88' lang='lat' dir='ltr'><strong>necessi-</strong></span> 
     </span>
    </p>
   </div>
   <div class='ocr_carea' id='block_1_39' title="bbox 586 2323 2158 2394">
    <p class='ocr_par' dir='ltr' id='par_1_39' title="bbox 586 2323 2158 2394">
     <span class='ocr_line' id='line_1_39' title="bbox 586 2323 2158 2394; baseline -0.001 -15"><span class='ocrx_word' id='word_1_277' title='bbox 586 2327 685 2379; x_wconf 90' lang='lat' dir='ltr'><strong>tati</strong></span> <span class='ocrx_word' id='word_1_278' title='bbox 716 2323 1165 2394; x_wconf 86' lang='lat' dir='ltr'><strong>correspondens,</strong></span> <span class='ocrx_word' id='word_1_279' title='bbox 1221 2323 1325 2378; x_wconf 89' lang='lat' dir='ltr'><strong>hoc</strong></span> <span class='ocrx_word' id='word_1_280' title='bbox 1368 2323 1530 2378; x_wconf 87' lang='lat' dir='ltr'><strong>etiam</strong></span> <span class='ocrx_word' id='word_1_281' title='bbox 1583 2339 1744 2394; x_wconf 86' lang='lat' dir='ltr'><strong>supra</strong></span> <span class='ocrx_word' id='word_1_282' title='bbox 1781 2325 2158 2380; x_wconf 86' lang='lat' dir='ltr'><strong>necessitatem</strong></span> 
     </span>
    </p>
   </div>
   <div class='ocr_carea' id='block_1_40' title="bbox 585 2408 2161 2488">
    <p class='ocr_par' dir='ltr' id='par_1_40' title="bbox 585 2408 2161 2488">
     <span class='ocr_line' id='line_1_40' title="bbox 585 2408 2161 2488; baseline -0.003 -16"><span class='ocrx_word' id='word_1_283' title='bbox 585 2417 925 2488; x_wconf 86' lang='lat' dir='ltr'><strong>impertitum</strong></span> <span class='ocrx_word' id='word_1_284' title='bbox 954 2417 974 2447; x_wconf 80' lang='grc'>⁸</span> <span class='ocrx_word' id='word_1_285' title='bbox 1009 2434 1022 2472; x_wconf 93' lang='lat'><strong>:</strong></span> <span class='ocrx_word' id='word_1_286' title='bbox 1083 2408 1221 2485; x_wconf 78' lang='lat' dir='ltr'><strong>aqua</strong></span> <span class='ocrx_word' id='word_1_287' title='bbox 1251 2429 1281 2468; x_wconf 90' lang='lat' dir='ltr'><strong>e</strong></span> <span class='ocrx_word' id='word_1_288' title='bbox 1315 2425 1486 2484; x_wconf 88' lang='lat' dir='ltr'><strong>petra,</strong></span> <span class='ocrx_word' id='word_1_289' title='bbox 1507 2415 1701 2484; x_wconf 83' lang='lat' dir='ltr'><strong>partim</strong></span> <span class='ocrx_word' id='word_1_290' title='bbox 1731 2430 2010 2482; x_wconf 90' lang='lat' dir='ltr'><strong>emanans,</strong></span> <span class='ocrx_word' id='word_1_291' title='bbox 2039 2430 2161 2484; x_wconf 90' lang='lat' dir='ltr'><strong>par—</strong></span> 
     </span>
    </p>
   </div>
   <div class='ocr_carea' id='block_1_41' title="bbox 592 2507 2159 2578">
    <p class='ocr_par' dir='ltr' id='par_1_41' title="bbox 592 2507 2159 2578">
     <span class='ocr_line' id='line_1_41' title="bbox 592 2507 2159 2578; baseline -0.001 -18"><span class='ocrx_word' id='word_1_292' title='bbox 592 2508 690 2563; x_wconf 88' lang='lat' dir='ltr'><strong>tim</strong></span> <span class='ocrx_word' id='word_1_293' title='bbox 722 2508 967 2564; x_wconf 87' lang='lat' dir='ltr'><strong>edulcata</strong></span> <span class='ocrx_word' id='word_1_294' title='bbox 993 2508 1014 2540; x_wconf 89' lang='lat'>&quot;</span> <span class='ocrx_word' id='word_1_295' title='bbox 1047 2526 1062 2563; x_wconf 86' lang='lat'><strong>:</strong></span> <span class='ocrx_word' id='word_1_296' title='bbox 1093 2507 1311 2562; x_wconf 84' lang='lat' dir='ltr'><strong>Amalec</strong></span> <span class='ocrx_word' id='word_1_297' title='bbox 1341 2523 1438 2578; x_wconf 88' lang='lat' dir='ltr'><strong>per</strong></span> <span class='ocrx_word' id='word_1_298' title='bbox 1469 2508 1772 2561; x_wconf 88' lang='lat' dir='ltr'><strong>orationem</strong></span> <span class='ocrx_word' id='word_1_299' title='bbox 1809 2518 1970 2575; x_wconf 89' lang='lat' dir='ltr'><strong>atque</strong></span> <span class='ocrx_word' id='word_1_300' title='bbox 2005 2521 2159 2560; x_wconf 87' lang='lat' dir='ltr'><strong>arca-</strong></span> 
     </span>
    </p>
   </div>
   <div class='ocr_carea' id='block_1_42' title="bbox 590 2599 2163 2672">
    <p class='ocr_par' dir='ltr' id='par_1_42' title="bbox 590 2599 2163 2672">
     <span class='ocr_line' id='line_1_42' title="bbox 590 2599 2163 2672; baseline -0.003 -16"><span class='ocrx_word' id='word_1_301' title='bbox 590 2615 714 2656; x_wconf 85' lang='lat' dir='ltr'><strong>nam</strong></span> <span class='ocrx_word' id='word_1_302' title='bbox 747 2611 802 2654; x_wconf 91' lang='lat' dir='ltr'><strong>et</strong></span> <span class='ocrx_word' id='word_1_303' title='bbox 855 2601 1135 2672; x_wconf 87' lang='lat' dir='ltr'><strong>mysticam</strong></span> <span class='ocrx_word' id='word_1_304' title='bbox 1181 2617 1434 2655; x_wconf 89' lang='lat' dir='ltr'><strong>manuum</strong></span> <span class='ocrx_word' id='word_1_305' title='bbox 1481 2599 1706 2670; x_wconf 78' lang='lat' dir='ltr'><strong>ﬁguram</strong></span> <span class='ocrx_word' id='word_1_306' title='bbox 1736 2600 1912 2654; x_wconf 88' lang='lat' dir='ltr'><strong>victus</strong></span> <span class='ocrx_word' id='word_1_307' title='bbox 1957 2608 2008 2653; x_wconf 93' lang='lat' dir='ltr'><strong>et</strong></span> <span class='ocrx_word' id='word_1_308' title='bbox 2040 2615 2163 2668; x_wconf 87' lang='lat' dir='ltr'><strong>pro-</strong></span> 
     </span>
    </p>
   </div>
   <div class='ocr_carea' id='block_1_43' title="bbox 557 2684 2162 2765">
    <p class='ocr_par' dir='ltr' id='par_1_43' title="bbox 557 2684 2162 2765">
     <span class='ocr_line' id='line_1_43' title="bbox 557 2684 2162 2765; baseline -0.001 -17"><span class='ocrx_word' id='word_1_309' title='bbox 557 2684 560 2686; x_wconf 53' lang='grc'><em>’</em></span> <span class='ocrx_word' id='word_1_310' title='bbox 588 2694 802 2765; x_wconf 69' lang='lat' dir='ltr'><strong>{ligatus</strong></span> <span class='ocrx_word' id='word_1_311' title='bbox 827 2695 871 2748; x_wconf 81' lang='grc'><strong>⁸.</strong></span> <span class='ocrx_word' id='word_1_312' title='bbox 915 2694 1006 2749; x_wconf 84' lang='lat' dir='ltr'><strong>Sol</strong></span> <span class='ocrx_word' id='word_1_313' title='bbox 1035 2705 1206 2758; x_wconf 86' lang='lat' dir='ltr'><strong>stans,</strong></span> <span class='ocrx_word' id='word_1_314' title='bbox 1235 2705 1287 2748; x_wconf 89' lang='lat' dir='ltr'><strong>et</strong></span> <span class='ocrx_word' id='word_1_315' title='bbox 1331 2694 1454 2747; x_wconf 88' lang='lat' dir='ltr'><strong>luna</strong></span> <span class='ocrx_word' id='word_1_316' title='bbox 1512 2701 1721 2747; x_wconf 87' lang='lat' dir='ltr'><strong>retenta</strong></span> <span class='ocrx_word' id='word_1_317' title='bbox 1747 2693 1789 2754; x_wconf 84' lang='lat'><strong>’,</strong></span> <span class='ocrx_word' id='word_1_318' title='bbox 1821 2702 1875 2748; x_wconf 92' lang='lat' dir='ltr'><strong>et</strong></span> <span class='ocrx_word' id='word_1_319' title='bbox 1913 2690 2162 2747; x_wconf 82' lang='lat' dir='ltr'><strong>Jordanis</strong></span> 
     </span>
    </p>
   </div>
   <div class='ocr_carea' id='block_1_44' title="bbox 590 2781 2158 2850">
    <p class='ocr_par' dir='ltr' id='par_1_44' title="bbox 590 2781 2158 2850">
     <span class='ocr_line' id='line_1_44' title="bbox 590 2781 2158 2850; baseline -0.001 -13"><span class='ocrx_word' id='word_1_320' title='bbox 590 2799 784 2839; x_wconf 92' lang='lat' dir='ltr'><strong>cursus</strong></span> <span class='ocrx_word' id='word_1_321' title='bbox 840 2785 1128 2840; x_wconf 86' lang='lat' dir='ltr'><strong>intercisus</strong></span> <span class='ocrx_word' id='word_1_322' title='bbox 1159 2786 1238 2850; x_wconf 81' lang='grc'><strong>¹⁰;</strong></span> <span class='ocrx_word' id='word_1_323' title='bbox 1311 2785 1452 2838; x_wconf 90' lang='lat' dir='ltr'><strong>muri</strong></span> <span class='ocrx_word' id='word_1_324' title='bbox 1513 2782 1850 2837; x_wconf 87' lang='lat' dir='ltr'><strong>sacerdotum</strong></span> <span class='ocrx_word' id='word_1_325' title='bbox 1908 2781 2158 2845; x_wconf 87' lang='lat' dir='ltr'><strong>circuitu,</strong></span> 
     </span>
    </p>
   </div>
   <div class='ocr_carea' id='block_1_45' title="bbox 593 2854 2158 2941">
    <p class='ocr_par' dir='ltr' id='par_1_45' title="bbox 593 2854 2158 2941">
     <span class='ocr_line' id='line_1_45' title="bbox 593 2854 2158 2941; baseline -0.001 -15"><span class='ocrx_word' id='word_1_326' title='bbox 593 2889 660 2927; x_wconf 89' lang='lat' dir='ltr'><strong>ac</strong></span> <span class='ocrx_word' id='word_1_327' title='bbox 693 2873 940 2928; x_wconf 85' lang='lat' dir='ltr'><strong>tubarum</strong></span> <span class='ocrx_word' id='word_1_328' title='bbox 988 2873 1263 2941; x_wconf 76' lang='lat' dir='ltr'><strong>clangore,</strong></span> <span class='ocrx_word' id='word_1_329' title='bbox 1311 2873 1627 2940; x_wconf 89' lang='lat' dir='ltr'><strong>numeriqne</strong></span> <span class='ocrx_word' id='word_1_330' title='bbox 1659 2871 1867 2926; x_wconf 88' lang='lat' dir='ltr'><strong>viribus</strong></span> <span class='ocrx_word' id='word_1_331' title='bbox 1917 2854 2158 2926; x_wconf 73' lang='lat' dir='ltr'><strong>concussi</strong></span> 
     </span>
    </p>
   </div>
   <div class='ocr_carea' id='block_1_46' title="bbox 589 2960 2163 3030">
    <p class='ocr_par' dir='ltr' id='par_1_46' title="bbox 589 2960 2163 3030">
     <span class='ocr_line' id='line_1_46' title="bbox 589 2960 2163 3030; baseline -0.001 -17"><span class='ocrx_word' id='word_1_332' title='bbox 589 2970 755 3030; x_wconf 88' lang='lat' dir='ltr'><strong>atque</strong></span> <span class='ocrx_word' id='word_1_333' title='bbox 789 2962 1032 3016; x_wconf 83' lang='lat' dir='ltr'><strong>subversi</strong></span> <span class='ocrx_word' id='word_1_334' title='bbox 1071 2962 1136 3014; x_wconf 81' lang='lat'><strong>“.</strong></span> <span class='ocrx_word' id='word_1_335' title='bbox 1192 2960 1359 3016; x_wconf 88' lang='lat' dir='ltr'><strong>Terra</strong></span> <span class='ocrx_word' id='word_1_336' title='bbox 1389 2971 1445 3016; x_wconf 89' lang='lat' dir='ltr'><strong>et</strong></span> <span class='ocrx_word' id='word_1_337' title='bbox 1492 2960 1692 3025; x_wconf 80' lang='lat' dir='ltr'><strong>vellus,</strong></span> <span class='ocrx_word' id='word_1_338' title='bbox 1739 2961 1980 3015; x_wconf 84' lang='lat' dir='ltr'><strong>vicissim</strong></span> <span class='ocrx_word' id='word_1_339' title='bbox 2017 2976 2163 3016; x_wconf 85' lang='lat' dir='ltr'><strong>com-</strong></span> 
     </span>
    </p>
   </div>
   <div class='ocr_carea' id='block_1_47' title="bbox 593 3050 2163 3130">
    <p class='ocr_par' dir='ltr' id='par_1_47' title="bbox 593 3050 2163 3130">
     <span class='ocr_line' id='line_1_47' title="bbox 593 3050 2163 3130; baseline 0.001 -28"><span class='ocrx_word' id='word_1_340' title='bbox 593 3050 764 3118; x_wconf 85' lang='lat' dir='ltr'><strong>pluta,</strong></span> <span class='ocrx_word' id='word_1_341' title='bbox 793 3059 847 3105; x_wconf 91' lang='lat' dir='ltr'><strong>et</strong></span> <span class='ocrx_word' id='word_1_342' title='bbox 878 3051 1019 3105; x_wconf 91' lang='lat' dir='ltr'><strong>sicca</strong></span> <span class='ocrx_word' id='word_1_343' title='bbox 1050 3051 1381 3105; x_wconf 87' lang='lat' dir='ltr'><strong>remanentia</strong></span> <span class='ocrx_word' id='word_1_344' title='bbox 1414 3051 1456 3082; x_wconf 80' lang='grc'>¹¹</span> <span class='ocrx_word' id='word_1_345' title='bbox 1485 3069 1498 3104; x_wconf 91' lang='lat'><strong>:</strong></span> <span class='ocrx_word' id='word_1_346' title='bbox 1537 3052 1587 3105; x_wconf 91' lang='lat' dir='ltr'><strong>in</strong></span> <span class='ocrx_word' id='word_1_347' title='bbox 1621 3051 1859 3105; x_wconf 89' lang='lat' dir='ltr'><strong>crinibus</strong></span> <span class='ocrx_word' id='word_1_348' title='bbox 1888 3053 2049 3106; x_wconf 90' lang='lat' dir='ltr'><strong>situm</strong></span> <span class='ocrx_word' id='word_1_349' title='bbox 2076 3069 2163 3130; x_wconf 45' lang='lat' dir='ltr'><strong>ro.-</strong></span> 
     </span>
    </p>
   </div>
   <div class='ocr_carea' id='block_1_48' title="bbox 2259 1955 3746 2034">
    <p class='ocr_par' dir='ltr' id='par_1_48' title="bbox 2259 1955 3746 2034">
     <span class='ocr_line' id='line_1_48' title="bbox 2259 1955 3746 2034; baseline 0.007 -28"><span class='ocrx_word' id='word_1_350' title='bbox 2259 1955 2350 2019; x_wconf 86' lang='grc' dir='ltr'><strong>λος</strong></span> <span class='ocrx_word' id='word_1_351' title='bbox 2380 1955 2606 2025; x_wconf 65' lang='grc' dir='ltr'>νεφέλης</span> <span class='ocrx_word' id='word_1_352' title='bbox 2632 1956 2964 2020; x_wconf 80' lang='grc' dir='ltr'>ἐπισκιάζων</span> <span class='ocrx_word' id='word_1_353' title='bbox 2991 1957 3224 2027; x_wconf 80' lang='grc' dir='ltr'>ἡμέρας,</span> <span class='ocrx_word' id='word_1_354' title='bbox 3257 1958 3442 2024; x_wconf 81' lang='grc' dir='ltr'>στύλος</span> <span class='ocrx_word' id='word_1_355' title='bbox 3464 1964 3610 2034; x_wconf 74' lang='grc' dir='ltr'>πυρὸς</span> <span class='ocrx_word' id='word_1_356' title='bbox 3632 1967 3746 2032; x_wconf 68' lang='grc' dir='ltr'>φωτί-</span> 
     </span>
    </p>
   </div>
   <div class='ocr_carea' id='block_1_49' title="bbox 2261 2047 3748 2125">
    <p class='ocr_par' dir='ltr' id='par_1_49' title="bbox 2261 2047 3748 2125">
     <span class='ocr_line' id='line_1_49' title="bbox 2261 2047 3748 2125; baseline -0.004 -24"><span class='ocrx_word' id='word_1_357' title='bbox 2261 2047 2369 2112; x_wconf 81' lang='grc' dir='ltr'><strong>ζων</strong></span> <span class='ocrx_word' id='word_1_358' title='bbox 2400 2047 2613 2112; x_wconf 83' lang='grc' dir='ltr'>νυκτὸς,</span> <span class='ocrx_word' id='word_1_359' title='bbox 2650 2048 2743 2100; x_wconf 73' lang='grc' dir='ltr'><strong>καὶ</strong></span> <span class='ocrx_word' id='word_1_360' title='bbox 2771 2047 3089 2117; x_wconf 80' lang='grc' dir='ltr'>ὁδηγοῦντες</span> <span class='ocrx_word' id='word_1_361' title='bbox 3117 2049 3446 2120; x_wconf 73' lang='grc' dir='ltr'>ἀμφότεροι·</span> <span class='ocrx_word' id='word_1_362' title='bbox 3479 2051 3618 2125; x_wconf 73' lang='grc' dir='ltr'>ἄρτος</span> <span class='ocrx_word' id='word_1_363' title='bbox 3639 2054 3748 2124; x_wconf 71' lang='grc' dir='ltr'>ὑόμε-</span> 
     </span>
    </p>
   </div>
   <div class='ocr_carea' id='block_1_50' title="bbox 2259 2139 3748 2215">
    <p class='ocr_par' dir='ltr' id='par_1_50' title="bbox 2259 2139 3748 2215">
     <span class='ocr_line' id='line_1_50' title="bbox 2259 2139 3748 2215; baseline 0.003 -22"><span class='ocrx_word' id='word_1_364' title='bbox 2259 2158 2348 2203; x_wconf 88' lang='grc' dir='ltr'><strong>νος</strong></span> <span class='ocrx_word' id='word_1_365' title='bbox 2373 2141 2431 2192; x_wconf 86' lang='grc' dir='ltr'><strong>ἐν</strong></span> <span class='ocrx_word' id='word_1_366' title='bbox 2466 2141 2678 2212; x_wconf 81' lang='grc' dir='ltr'>ἐρήμῳ,</span> <span class='ocrx_word' id='word_1_367' title='bbox 2718 2140 2847 2209; x_wconf 71' lang='grc' dir='ltr'>ὄψον</span> <span class='ocrx_word' id='word_1_368' title='bbox 2886 2139 2946 2204; x_wconf 82' lang='grc' dir='ltr'><strong>ἐξ</strong></span> <span class='ocrx_word' id='word_1_369' title='bbox 2987 2140 3216 2210; x_wconf 81' lang='grc' dir='ltr'>οὐρανοῦ</span> <span class='ocrx_word' id='word_1_370' title='bbox 3257 2143 3611 2213; x_wconf 83' lang='grc' dir='ltr'>πεμπόμενον·</span> <span class='ocrx_word' id='word_1_371' title='bbox 3640 2147 3748 2215; x_wconf 64' lang='lat' dir='ltr'><strong>cipr</strong></span> 
     </span>
    </p>
   </div>
   <div class='ocr_carea' id='block_1_51' title="bbox 2257 2231 3747 2306">
    <p class='ocr_par' dir='ltr' id='par_1_51' title="bbox 2257 2231 3747 2306">
     <span class='ocr_line' id='line_1_51' title="bbox 2257 2231 3747 2306; baseline 0.001 -20"><span class='ocrx_word' id='word_1_372' title='bbox 2257 2237 2323 2304; x_wconf 80' lang='grc' dir='ltr'>τῇ</span> <span class='ocrx_word' id='word_1_373' title='bbox 2375 2234 2534 2303; x_wconf 76' lang='grc' dir='ltr'>χρείᾳ</span> <span class='ocrx_word' id='word_1_374' title='bbox 2582 2231 2918 2303; x_wconf 85' lang='grc' dir='ltr'>σύμμετρος,</span> <span class='ocrx_word' id='word_1_375' title='bbox 2963 2233 3025 2285; x_wconf 87' lang='grc' dir='ltr'><strong>τὸ</strong></span> <span class='ocrx_word' id='word_1_376' title='bbox 3069 2233 3134 2285; x_wconf 73' lang='grc' dir='ltr'><strong>δὲ’</strong></span> <span class='ocrx_word' id='word_1_377' title='bbox 3166 2234 3264 2286; x_wconf 81' lang='grc' dir='ltr'>καὶ</span> <span class='ocrx_word' id='word_1_378' title='bbox 3305 2234 3441 2306; x_wconf 78' lang='grc' dir='ltr'>ὑπὲρ</span> <span class='ocrx_word' id='word_1_379' title='bbox 3482 2236 3568 2305; x_wconf 74' lang='grc' dir='ltr'><strong>τὴν</strong></span> <span class='ocrx_word' id='word_1_380' title='bbox 3596 2240 3747 2306; x_wconf 75' lang='grc' dir='ltr'>χρείαν·</span> 
     </span>
    </p>
   </div>
   <div class='ocr_carea' id='block_1_52' title="bbox 2261 2324 3748 2397">
    <p class='ocr_par' dir='ltr' id='par_1_52' title="bbox 2261 2324 3748 2397">
     <span class='ocr_line' id='line_1_52' title="bbox 2261 2324 3748 2397; baseline 0.001 -19"><span class='ocrx_word' id='word_1_381' title='bbox 2261 2325 2402 2397; x_wconf 75' lang='grc' dir='ltr'>ὕδωρ</span> <span class='ocrx_word' id='word_1_382' title='bbox 2430 2327 2493 2378; x_wconf 84' lang='grc' dir='ltr'><strong>ἐκ</strong></span> <span class='ocrx_word' id='word_1_383' title='bbox 2526 2324 2751 2395; x_wconf 78' lang='grc' dir='ltr'>πέτρας,</span> <span class='ocrx_word' id='word_1_384' title='bbox 2777 2324 2836 2376; x_wconf 86' lang='grc' dir='ltr'><strong>τὸ</strong></span> <span class='ocrx_word' id='word_1_385' title='bbox 2868 2324 2965 2394; x_wconf 78' lang='grc' dir='ltr'>μὲν</span> <span class='ocrx_word' id='word_1_386' title='bbox 2994 2324 3358 2394; x_wconf 84' lang='grc' dir='ltr'>ἐκδιδὸμενον,</span> <span class='ocrx_word' id='word_1_387' title='bbox 3380 2325 3439 2378; x_wconf 81' lang='grc' dir='ltr'><strong>τὸ</strong></span> <span class='ocrx_word' id='word_1_388' title='bbox 3469 2325 3520 2378; x_wconf 84' lang='grc' dir='ltr'>δὲ</span> <span class='ocrx_word' id='word_1_389' title='bbox 3544 2328 3748 2394; x_wconf 76' lang='grc' dir='ltr'>γλυκσινό-</span> 
     </span>
    </p>
   </div>
   <div class='ocr_carea' id='block_1_53' title="bbox 2264 2417 3750 2492">
    <p class='ocr_par' dir='ltr' id='par_1_53' title="bbox 2264 2417 3750 2492">
     <span class='ocr_line' id='line_1_53' title="bbox 2264 2417 3750 2492; baseline 0.003 -24"><span class='ocrx_word' id='word_1_390' title='bbox 2264 2433 2422 2486; x_wconf 86' lang='grc' dir='ltr'>μενον</span> <span class='ocrx_word' id='word_1_391' title='bbox 2441 2433 2454 2446; x_wconf 78' lang='grc'><strong><em>⁸</em></strong></span> <span class='ocrx_word' id='word_1_392' title='bbox 2489 2417 2734 2488; x_wconf 77' lang='grc' dir='ltr'>Ἀμαλὴκ</span> <span class='ocrx_word' id='word_1_393' title='bbox 2757 2417 2888 2488; x_wconf 81' lang='grc' dir='ltr'>εὐχῇ</span> <span class='ocrx_word' id='word_1_394' title='bbox 2917 2417 3302 2488; x_wconf 79' lang='grc' dir='ltr'>καταπολεμού</span> <span class='ocrx_word' id='word_1_395' title='bbox 3312 2435 3484 2488; x_wconf 90' lang='grc' dir='ltr'>μενος,</span> <span class='ocrx_word' id='word_1_396' title='bbox 3511 2420 3592 2473; x_wconf 80' lang='grc' dir='ltr'>καὶ</span> <span class='ocrx_word' id='word_1_397' title='bbox 3612 2421 3750 2492; x_wconf 75' lang='grc' dir='ltr'>χειρῶν</span> 
     </span>
    </p>
   </div>
   <div class='ocr_carea' id='block_1_54' title="bbox 2263 2508 3746 2580">
    <p class='ocr_par' dir='ltr' id='par_1_54' title="bbox 2263 2508 3746 2580">
     <span class='ocr_line' id='line_1_54' title="bbox 2263 2508 3746 2580; baseline 0.004 -20"><span class='ocrx_word' id='word_1_398' title='bbox 2263 2508 2560 2579; x_wconf 80' lang='grc' dir='ltr'>ἀπορῤήτῳ</span> <span class='ocrx_word' id='word_1_399' title='bbox 2592 2509 2686 2562; x_wconf 76' lang='grc' dir='ltr'><strong>καὶ</strong></span> <span class='ocrx_word' id='word_1_400' title='bbox 2720 2508 2967 2580; x_wconf 86' lang='grc' dir='ltr'>μυστικῷ</span> <span class='ocrx_word' id='word_1_401' title='bbox 3003 2510 3247 2580; x_wconf 81' lang='grc' dir='ltr'>σχήματι</span> <span class='ocrx_word' id='word_1_402' title='bbox 3279 2509 3390 2580; x_wconf 87' lang='grc'>(47)</span> <span class='ocrx_word' id='word_1_403' title='bbox 3410 2527 3423 2539; x_wconf 70' lang='grc'><strong><em>⁸</em></strong></span> <span class='ocrx_word' id='word_1_404' title='bbox 3457 2511 3586 2580; x_wconf 79' lang='grc' dir='ltr'>ἥλιός</span> <span class='ocrx_word' id='word_1_405' title='bbox 3607 2530 3650 2565; x_wconf 80' lang='grc' dir='ltr'><strong>τε</strong></span> <span class='ocrx_word' id='word_1_406' title='bbox 3672 2513 3746 2580; x_wconf 80' lang='lat' dir='ltr'><strong>(l8)</strong></span> 
     </span>
    </p>
   </div>
   <div class='ocr_carea' id='block_1_55' title="bbox 2262 2599 3751 2677">
    <p class='ocr_par' dir='ltr' id='par_1_55' title="bbox 2262 2599 3751 2677">
     <span class='ocr_line' id='line_1_55' title="bbox 2262 2599 3751 2677; baseline 0.004 -25"><span class='ocrx_word' id='word_1_407' title='bbox 2262 2600 2569 2670; x_wconf 85' lang='grc' dir='ltr'>ἱστάμενος,</span> <span class='ocrx_word' id='word_1_408' title='bbox 2624 2601 2718 2654; x_wconf 74' lang='grc' dir='ltr'><strong>καὶ</strong></span> <span class='ocrx_word' id='word_1_409' title='bbox 2762 2599 2957 2672; x_wconf 83' lang='grc' dir='ltr'>σελήνη</span> <span class='ocrx_word' id='word_1_410' title='bbox 3013 2602 3384 2674; x_wconf 79' lang='grc' dir='ltr'>κατεχομένη,</span> <span class='ocrx_word' id='word_1_411' title='bbox 3426 2605 3512 2656; x_wconf 75' lang='grc' dir='ltr'>καὶ</span> <span class='ocrx_word' id='word_1_412' title='bbox 3558 2604 3751 2677; x_wconf 71' lang='grc' dir='ltr'>Ἰορδάνης</span> 
     </span>
    </p>
   </div>
   <div class='ocr_carea' id='block_1_56' title="bbox 2265 2691 3751 2767">
    <p class='ocr_par' dir='ltr' id='par_1_56' title="bbox 2265 2691 3751 2767">
     <span class='ocr_line' id='line_1_56' title="bbox 2265 2691 3751 2767; baseline 0.003 -23"><span class='ocrx_word' id='word_1_413' title='bbox 2265 2691 2724 2763; x_wconf 80' lang='grc' dir='ltr'>ἀνακοπτόμενος·</span> <span class='ocrx_word' id='word_1_414' title='bbox 2746 2692 2900 2763; x_wconf 85' lang='grc' dir='ltr'>τείχη</span> <span class='ocrx_word' id='word_1_415' title='bbox 2935 2695 3337 2764; x_wconf 87' lang='grc' dir='ltr'>κατασειόμενα</span> <span class='ocrx_word' id='word_1_416' title='bbox 3373 2695 3545 2766; x_wconf 78' lang='grc' dir='ltr'>ἱερέων</span> <span class='ocrx_word' id='word_1_417' title='bbox 3569 2697 3751 2767; x_wconf 77' lang='grc' dir='ltr'>περιόδῳ.</span> 
     </span>
    </p>
   </div>
   <div class='ocr_carea' id='block_1_57' title="bbox 2264 2783 3750 2857">
    <p class='ocr_par' dir='ltr' id='par_1_57' title="bbox 2264 2783 3750 2857">
     <span class='ocr_line' id='line_1_57' title="bbox 2264 2783 3750 2857; baseline 0.004 -22"><span class='ocrx_word' id='word_1_418' title='bbox 2264 2784 2359 2837; x_wconf 73' lang='grc' dir='ltr'><strong>καὶ</strong></span> <span class='ocrx_word' id='word_1_419' title='bbox 2390 2783 2700 2852; x_wconf 81' lang='grc' dir='ltr'>σαλπίγγων</span> <span class='ocrx_word' id='word_1_420' title='bbox 2724 2786 2860 2856; x_wconf 75' lang='grc' dir='ltr'>ἤχῳ,</span> <span class='ocrx_word' id='word_1_421' title='bbox 2889 2785 2980 2838; x_wconf 74' lang='grc' dir='ltr'><strong>καὶ</strong></span> <span class='ocrx_word' id='word_1_422' title='bbox 3007 2784 3228 2856; x_wconf 85' lang='grc' dir='ltr'>ἀριθμῷ</span> <span class='ocrx_word' id='word_1_423' title='bbox 3257 2785 3476 2856; x_wconf 86' lang='grc' dir='ltr'>δύναμιν</span> <span class='ocrx_word' id='word_1_424' title='bbox 3505 2787 3648 2857; x_wconf 77' lang='grc' dir='ltr'>ἔχοντι</span> <span class='ocrx_word' id='word_1_425' title='bbox 3661 2788 3750 2857; x_wconf 70' lang='grc' dir='ltr'>(49γ</span> 
     </span>
    </p>
   </div>
   <div class='ocr_carea' id='block_1_58' title="bbox 2261 2876 3756 2951">
    <p class='ocr_par' dir='ltr' id='par_1_58' title="bbox 2261 2876 3756 2951">
     <span class='ocr_line' id='line_1_58' title="bbox 2261 2876 3756 2951; baseline 0.001 -20"><span class='ocrx_word' id='word_1_426' title='bbox 2261 2876 2333 2945; x_wconf 82' lang='grc' dir='ltr'>γῆ</span> <span class='ocrx_word' id='word_1_427' title='bbox 2368 2878 2461 2930; x_wconf 71' lang='grc' dir='ltr'><strong>κα)⁴</strong></span> <span class='ocrx_word' id='word_1_428' title='bbox 2499 2878 2686 2941; x_wconf 85' lang='grc' dir='ltr'>πόκος,</span> <span class='ocrx_word' id='word_1_429' title='bbox 2716 2877 2942 2940; x_wconf 83' lang='grc' dir='ltr'>ἐναλλὰξ</span> <span class='ocrx_word' id='word_1_430' title='bbox 2976 2877 3180 2948; x_wconf 80' lang='grc' dir='ltr'>ὑόμενά</span> <span class='ocrx_word' id='word_1_431' title='bbox 3204 2895 3268 2930; x_wconf 89' lang='grc' dir='ltr'><strong>τε</strong></span> <span class='ocrx_word' id='word_1_432' title='bbox 3293 2880 3385 2931; x_wconf 75' lang='grc' dir='ltr'><strong>καὶ</strong></span> <span class='ocrx_word' id='word_1_433' title='bbox 3423 2879 3604 2951; x_wconf 81' lang='grc' dir='ltr'>ἄϐροχα</span> <span class='ocrx_word' id='word_1_434' title='bbox 3629 2880 3756 2948; x_wconf 76' lang='grc' dir='ltr'>διαμέ-</span> 
     </span>
    </p>
   </div>
   <div class='ocr_carea' id='block_1_59' title="bbox 2261 2969 3753 3041">
    <p class='ocr_par' dir='ltr' id='par_1_59' title="bbox 2261 2969 3753 3041">
     <span class='ocr_line' id='line_1_59' title="bbox 2261 2969 3753 3041; baseline 0.001 -21"><span class='ocrx_word' id='word_1_435' title='bbox 2261 2984 2417 3020; x_wconf 91' lang='grc' dir='ltr'>νοντα</span> <span class='ocrx_word' id='word_1_436' title='bbox 2438 2984 2450 2996; x_wconf 92' lang='grc'>·</span> <span class='ocrx_word' id='word_1_437' title='bbox 2483 2969 2714 3039; x_wconf 80' lang='grc' dir='ltr'>δύναμις</span> <span class='ocrx_word' id='word_1_438' title='bbox 2753 2971 2810 3023; x_wconf 87' lang='grc' dir='ltr'><strong>ἐν</strong></span> <span class='ocrx_word' id='word_1_439' title='bbox 2838 2970 3000 3039; x_wconf 69' lang='grc' dir='ltr'>θριξὶ,</span> <span class='ocrx_word' id='word_1_440' title='bbox 3029 2971 3294 3040; x_wconf 82' lang='grc' dir='ltr'>στρατιᾶς</span> <span class='ocrx_word' id='word_1_441' title='bbox 3325 2970 3447 3040; x_wconf 86' lang='grc' dir='ltr'>ὅλης</span> <span class='ocrx_word' id='word_1_442' title='bbox 3478 2972 3753 3041; x_wconf 63' lang='grc' dir='ltr'>ἀντίρροπός·</span> 
     </span>
    </p>
   </div>
   <div class='ocr_carea' id='block_1_60' title="bbox 2260 3057 3758 3133">
    <p class='ocr_par' dir='ltr' id='par_1_60' title="bbox 2260 3057 3758 3133">
     <span class='ocr_line' id='line_1_60' title="bbox 2260 3057 3758 3133; baseline 0.002 -24"><span class='ocrx_word' id='word_1_443' title='bbox 2260 3057 2483 3126; x_wconf 84' lang='grc' dir='ltr'>λογάδες</span> <span class='ocrx_word' id='word_1_444' title='bbox 2525 3059 2696 3128; x_wconf 82' lang='grc' dir='ltr'>ὀλίγοι</span> <span class='ocrx_word' id='word_1_445' title='bbox 2745 3059 3062 3124; x_wconf 85' lang='grc' dir='ltr'>λάπτοντες,</span> <span class='ocrx_word' id='word_1_446' title='bbox 3108 3063 3199 3114; x_wconf 81' lang='grc' dir='ltr'>καὶ</span> <span class='ocrx_word' id='word_1_447' title='bbox 3245 3064 3405 3133; x_wconf 78' lang='grc' dir='ltr'>νικᾷν</span> <span class='ocrx_word' id='word_1_448' title='bbox 3447 3063 3758 3130; x_wconf 80' lang='grc' dir='ltr'>πιστευόμενοι,</span> 
     </span>
    </p>
   </div>
   <div class='ocr_carea' id='block_1_61' title="bbox 590 3141 2159 3225">
    <p class='ocr_par' dir='ltr' id='par_1_61' title="bbox 590 3141 2159 3213">
     <span class='ocr_line' id='line_1_61' title="bbox 590 3141 2159 3213; baseline 0.002 -19"><span class='ocrx_word' id='word_1_449' title='bbox 590 3142 714 3208; x_wconf 87' lang='lat' dir='ltr'><strong>hur,</strong></span> <span class='ocrx_word' id='word_1_450' title='bbox 746 3143 956 3213; x_wconf 77' lang='lat' dir='ltr'><strong>integro</strong></span> <span class='ocrx_word' id='word_1_451' title='bbox 982 3141 1247 3196; x_wconf 83' lang='lat' dir='ltr'><strong>exercitui</strong></span> <span class='ocrx_word' id='word_1_452' title='bbox 1300 3157 1396 3212; x_wconf 87' lang='lat' dir='ltr'><strong>par</strong></span> <span class='ocrx_word' id='word_1_453' title='bbox 1425 3143 1507 3196; x_wconf 77' lang='grc' dir='ltr'>¹³ε</span> <span class='ocrx_word' id='word_1_454' title='bbox 1541 3143 1692 3211; x_wconf 86' lang='lat' dir='ltr'><strong>pauci</strong></span> <span class='ocrx_word' id='word_1_455' title='bbox 1729 3142 1921 3197; x_wconf 88' lang='lat' dir='ltr'><strong>delecti</strong></span> <span class='ocrx_word' id='word_1_456' title='bbox 1963 3143 2159 3197; x_wconf 87' lang='lat' dir='ltr'><strong>milites</strong></span> 
     </span>
    </p>
   </div>
   <div class='ocr_carea' id='block_1_62' title="bbox 2262 3141 3758 3225">
    <p class='ocr_par' dir='ltr' id='par_1_62' title="bbox 2262 3149 3758 3225">
     <span class='ocr_line' id='line_1_62' title="bbox 2262 3149 3758 3225; baseline 0.009 -24"><span class='ocrx_word' id='word_1_457' title='bbox 2262 3149 2354 3202; x_wconf 77' lang='grc' dir='ltr'><strong>καὶ</strong></span> <span class='ocrx_word' id='word_1_458' title='bbox 2381 3149 2665 3216; x_wconf 83' lang='grc' dir='ltr'>νικῶντες,</span> <span class='ocrx_word' id='word_1_459' title='bbox 2694 3151 2834 3204; x_wconf 84' lang='grc' dir='ltr'>κατὰ</span> <span class='ocrx_word' id='word_1_460' title='bbox 2849 3151 2946 3215; x_wconf 76' lang='grc' dir='ltr'>τὰς</span> <span class='ocrx_word' id='word_1_461' title='bbox 2969 3152 3206 3216; x_wconf 85' lang='grc' dir='ltr'>ἐλπίδας,</span> <span class='ocrx_word' id='word_1_462' title='bbox 3227 3154 3257 3205; x_wconf 83' lang='grc' dir='ltr'><strong>ό</strong></span> <span class='ocrx_word' id='word_1_463' title='bbox 3275 3153 3473 3224; x_wconf 81' lang='grc' dir='ltr'>βραχὺς</span> <span class='ocrx_word' id='word_1_464' title='bbox 3483 3152 3671 3225; x_wconf 69' lang='grc' dir='ltr'>ἀριθμὸς</span> <span class='ocrx_word' id='word_1_465' title='bbox 3687 3152 3758 3220; x_wconf 72' lang='lat'><strong>(50)</strong></span> 
     </span>
    </p>
   </div>
   <div class='ocr_carea' id='block_1_63' title="bbox 591 3222 2159 3316">
    <p class='ocr_par' dir='ltr' id='par_1_63' title="bbox 591 3232 2159 3304">
     <span class='ocr_line' id='line_1_63' title="bbox 591 3232 2159 3304; baseline 0 -16"><span class='ocrx_word' id='word_1_466' title='bbox 591 3232 914 3300; x_wconf 85' lang='lat' dir='ltr'><strong>lambentes,</strong></span> <span class='ocrx_word' id='word_1_467' title='bbox 955 3235 1046 3304; x_wconf 92' lang='lat' dir='ltr'><strong>qui</strong></span> <span class='ocrx_word' id='word_1_468' title='bbox 1095 3237 1339 3289; x_wconf 83' lang='lat' dir='ltr'><strong>victores</strong></span> <span class='ocrx_word' id='word_1_469' title='bbox 1379 3233 1494 3288; x_wconf 78' lang='lat' dir='ltr'><strong>fore</strong></span> <span class='ocrx_word' id='word_1_470' title='bbox 1549 3234 1862 3301; x_wconf 89' lang='lat' dir='ltr'><strong>creduntur,</strong></span> <span class='ocrx_word' id='word_1_471' title='bbox 1904 3249 1968 3288; x_wconf 91' lang='lat' dir='ltr'><strong>ac</strong></span> <span class='ocrx_word' id='word_1_472' title='bbox 2010 3233 2159 3302; x_wconf 79' lang='lat' dir='ltr'><strong>juxta</strong></span> 
     </span>
    </p>
   </div>
   <div class='ocr_carea' id='block_1_64' title="bbox 2262 3222 3758 3316">
    <p class='ocr_par' dir='ltr' id='par_1_64' title="bbox 2263 3225 3758 3316">
     <span class='ocr_line' id='line_1_64' title="bbox 2263 3225 3758 3316; baseline 0.001 -24"><span class='ocrx_word' id='word_1_473' title='bbox 2263 3241 2362 3304; x_wconf 81' lang='grc' dir='ltr'>τὰς</span> <span class='ocrx_word' id='word_1_474' title='bbox 2392 3241 2644 3305; x_wconf 88' lang='grc' dir='ltr'>πλείονας</span> <span class='ocrx_word' id='word_1_475' title='bbox 2675 3225 2939 3313; x_wconf 78' lang='grc' dir='ltr'>χιλιάδας.</span> <span class='ocrx_word' id='word_1_476' title='bbox 2962 3244 3027 3296; x_wconf 88' lang='grc' dir='ltr'>Τί</span> <span class='ocrx_word' id='word_1_477' title='bbox 3057 3261 3122 3313; x_wconf 88' lang='grc' dir='ltr'><strong>με</strong></span> <span class='ocrx_word' id='word_1_478' title='bbox 3143 3243 3224 3296; x_wconf 82' lang='grc' dir='ltr'><strong>δεῖ</strong></span> <span class='ocrx_word' id='word_1_479' title='bbox 3243 3247 3582 3316; x_wconf 82' lang='grc' dir='ltr'>καταριθμεῖν</span> <span class='ocrx_word' id='word_1_480' title='bbox 3601 3244 3758 3302; x_wconf 74' lang='grc' dir='ltr'>ἕκαστα,</span> 
     </span>
    </p>
   </div>
   <div class='ocr_carea' id='block_1_65' title="bbox 590 3326 2158 3397">
    <p class='ocr_par' dir='ltr' id='par_1_65' title="bbox 590 3326 2158 3397">
     <span class='ocr_line' id='line_1_65' title="bbox 590 3326 2158 3397; baseline -0.003 -15"><span class='ocrx_word' id='word_1_481' title='bbox 590 3340 743 3395; x_wconf 78' lang='lat' dir='ltr'><strong>spem</strong></span> <span class='ocrx_word' id='word_1_482' title='bbox 774 3327 840 3381; x_wconf 91' lang='lat' dir='ltr'><strong>de</strong></span> <span class='ocrx_word' id='word_1_483' title='bbox 871 3341 930 3381; x_wconf 92' lang='lat' dir='ltr'><strong>se</strong></span> <span class='ocrx_word' id='word_1_484' title='bbox 963 3336 1280 3394; x_wconf 85' lang='lat' dir='ltr'><strong>conceptam</strong></span> <span class='ocrx_word' id='word_1_485' title='bbox 1337 3326 1865 3395; x_wconf 76' lang='lat' dir='ltr'><strong>vincunt,-exigtms,</strong></span> <span class='ocrx_word' id='word_1_486' title='bbox 1917 3327 2158 3397; x_wconf 89' lang='lat' dir='ltr'><strong>inquam,</strong></span> 
     </span>
    </p>
   </div>
   <div class='ocr_carea' id='block_1_66' title="bbox 2267 3333 3758 3408">
    <p class='ocr_par' dir='ltr' id='par_1_66' title="bbox 2267 3333 3758 3408">
     <span class='ocr_line' id='line_1_66' title="bbox 2267 3333 3758 3408; baseline -0.001 -22"><span class='ocrx_word' id='word_1_487' title='bbox 2267 3335 2368 3386; x_wconf 81' lang='grc' dir='ltr'>ὅσα</span> <span class='ocrx_word' id='word_1_488' title='bbox 2395 3333 2462 3386; x_wconf 87' lang='grc' dir='ltr'>δι’</span> <span class='ocrx_word' id='word_1_489' title='bbox 2489 3335 2653 3387; x_wconf 80' lang='grc' dir='ltr'>αὐτοῦ</span> <span class='ocrx_word' id='word_1_490' title='bbox 2683 3335 2919 3406; x_wconf 80' lang='grc' dir='ltr'>Χριστοῦ</span> <span class='ocrx_word' id='word_1_491' title='bbox 2953 3335 3065 3405; x_wconf 77' lang='grc'>(51)</span> <span class='ocrx_word' id='word_1_492' title='bbox 3094 3335 3238 3389; x_wconf 87' lang='grc' dir='ltr'><strong>κατά</strong></span> <span class='ocrx_word' id='word_1_493' title='bbox 3267 3337 3368 3408; x_wconf 75' lang='grc' dir='ltr'><strong>τὴν</strong></span> <span class='ocrx_word' id='word_1_494' title='bbox 3392 3338 3625 3408; x_wconf 72' lang='grc' dir='ltr'>σωτήριον</span> <span class='ocrx_word' id='word_1_495' title='bbox 3647 3334 3758 3386; x_wconf 71' lang='grc' dir='ltr'>αὐτοῦ</span> 
     </span>
    </p>
   </div>
   <div class='ocr_carea' id='block_1_67' title="bbox 592 3415 2159 3496">
    <p class='ocr_par' dir='ltr' id='par_1_67' title="bbox 592 3415 2159 3491">
     <span class='ocr_line' id='line_1_67' title="bbox 592 3415 2159 3491; baseline -0.001 -20"><span class='ocrx_word' id='word_1_496' title='bbox 592 3431 850 3471; x_wconf 87' lang='lat' dir='ltr'><strong>tnunerus</strong></span> <span class='ocrx_word' id='word_1_497' title='bbox 878 3417 1042 3471; x_wconf 89' lang='lat' dir='ltr'><strong>multa</strong></span> <span class='ocrx_word' id='word_1_498' title='bbox 1078 3417 1352 3471; x_wconf 90' lang='lat' dir='ltr'><strong>hominum</strong></span> <span class='ocrx_word' id='word_1_499' title='bbox 1386 3415 1548 3470; x_wconf 89' lang='lat' dir='ltr'><strong>millia</strong></span> <span class='ocrx_word' id='word_1_500' title='bbox 1582 3416 1647 3470; x_wconf 78' lang='lat'><strong>“.</strong></span> <span class='ocrx_word' id='word_1_501' title='bbox 1700 3416 2043 3491; x_wconf 42' lang='lat' dir='ltr'><strong>Quid‘autem</strong></span> <span class='ocrx_word' id='word_1_502' title='bbox 2077 3430 2159 3469; x_wconf 88' lang='lat' dir='ltr'><strong>me</strong></span> 
     </span>
    </p>
   </div>
   <div class='ocr_carea' id='block_1_68' title="bbox 2262 3415 3762 3496">
    <p class='ocr_par' dir='ltr' id='par_1_68' title="bbox 2265 3423 3762 3496">
     <span class='ocr_line' id='line_1_68' title="bbox 2265 3423 3762 3496; baseline -0.001 -21"><span class='ocrx_word' id='word_1_503' title='bbox 2265 3424 2565 3495; x_wconf 84' lang='grc' dir='ltr'>παρουσίαν</span> <span class='ocrx_word' id='word_1_504' title='bbox 2613 3423 2707 3477; x_wconf 79' lang='grc' dir='ltr'><strong>καὶ</strong></span> <span class='ocrx_word' id='word_1_505' title='bbox 2747 3423 3043 3495; x_wconf 88' lang='grc' dir='ltr'>σάρκωσιν,</span> <span class='ocrx_word' id='word_1_506' title='bbox 3092 3425 3192 3478; x_wconf 84' lang='grc' dir='ltr'>ὅσα</span> <span class='ocrx_word' id='word_1_507' title='bbox 3240 3427 3360 3496; x_wconf 87' lang='grc' dir='ltr'>μετ’</span> <span class='ocrx_word' id='word_1_508' title='bbox 3409 3426 3593 3479; x_wconf 84' lang='grc' dir='ltr'>ἐκεῖνόν</span> <span class='ocrx_word' id='word_1_509' title='bbox 3624 3442 3668 3477; x_wconf 85' lang='grc' dir='ltr'>τε</span> <span class='ocrx_word' id='word_1_510' title='bbox 3702 3425 3762 3475; x_wconf 68' lang='grc' dir='ltr'><strong>καὶ</strong></span> 
     </span>
    </p>
   </div>
   <div class='ocr_carea' id='block_1_69' title="bbox 590 3508 2159 3588">
    <p class='ocr_par' dir='ltr' id='par_1_69' title="bbox 590 3508 2159 3577">
     <span class='ocr_line' id='line_1_69' title="bbox 590 3508 2159 3577; baseline -0.002 -15"><span class='ocrx_word' id='word_1_511' title='bbox 590 3508 772 3562; x_wconf 89' lang='lat' dir='ltr'><strong>omnia</strong></span> <span class='ocrx_word' id='word_1_512' title='bbox 812 3508 1088 3577; x_wconf 79' lang='lat' dir='ltr'><strong>si-gillatim</strong></span> <span class='ocrx_word' id='word_1_513' title='bbox 1122 3521 1444 3562; x_wconf 87' lang='lat' dir='ltr'><strong>enumerare</strong></span> <span class='ocrx_word' id='word_1_514' title='bbox 1492 3520 1713 3560; x_wconf 90' lang='lat' dir='ltr'><strong>necesse</strong></span> <span class='ocrx_word' id='word_1_515' title='bbox 1755 3516 1860 3571; x_wconf 86' lang='lat' dir='ltr'><strong>est,</strong></span> <span class='ocrx_word' id='word_1_516' title='bbox 1900 3522 2020 3576; x_wconf 76' lang='lat' dir='ltr'><strong>qua:</strong></span> <span class='ocrx_word' id='word_1_517' title='bbox 2067 3521 2159 3576; x_wconf 85' lang='lat' dir='ltr'><strong>per</strong></span> 
     </span>
    </p>
   </div>
   <div class='ocr_carea' id='block_1_70' title="bbox 2262 3508 3757 3588">
    <p class='ocr_par' dir='ltr' id='par_1_70' title="bbox 2262 3514 3757 3588">
     <span class='ocr_line' id='line_1_70' title="bbox 2262 3514 3757 3588; baseline -0.002 -21"><span class='ocrx_word' id='word_1_518' title='bbox 2262 3514 2329 3567; x_wconf 84' lang='grc' dir='ltr'>δι’</span> <span class='ocrx_word' id='word_1_519' title='bbox 2364 3515 2570 3568; x_wconf 85' lang='grc' dir='ltr'>ἐκείνου</span> <span class='ocrx_word' id='word_1_520' title='bbox 2602 3519 2714 3579; x_wconf 88' lang='grc' dir='ltr'>τοῖς</span> <span class='ocrx_word' id='word_1_521' title='bbox 2743 3517 2908 3588; x_wconf 86' lang='grc' dir='ltr'>ίεροῖς</span> <span class='ocrx_word' id='word_1_522' title='bbox 2937 3517 3260 3581; x_wconf 79' lang='grc' dir='ltr'>ἀποστόλοις</span> <span class='ocrx_word' id='word_1_523' title='bbox 3293 3517 3479 3581; x_wconf 86' lang='grc' dir='ltr'>αὐτοῦ,</span> <span class='ocrx_word' id='word_1_524' title='bbox 3511 3517 3592 3571; x_wconf 78' lang='grc' dir='ltr'>καὶ</span> 
     </span>
    </p>
   </div>
   <div class='ocr_carea' id='block_1_71' title="bbox 593 3596 2159 3682">
    <p class='ocr_par' dir='ltr' id='par_1_71' title="bbox 593 3596 2159 3667">
     <span class='ocr_line' id='line_1_71' title="bbox 593 3596 2159 3667; baseline 0 -16"><span class='ocrx_word' id='word_1_525' title='bbox 593 3596 871 3653; x_wconf 89' lang='lat' dir='ltr'><strong>Christum</strong></span> <span class='ocrx_word' id='word_1_526' title='bbox 903 3597 1102 3667; x_wconf 91' lang='lat' dir='ltr'><strong>ipsum,</strong></span> <span class='ocrx_word' id='word_1_527' title='bbox 1146 3596 1442 3651; x_wconf 73' lang='lat' dir='ltr'><strong>salutifera:</strong></span> <span class='ocrx_word' id='word_1_528' title='bbox 1488 3596 1787 3664; x_wconf 62' lang='lat' dir='ltr'><strong>praesentia:</strong></span> <span class='ocrx_word' id='word_1_529' title='bbox 1846 3611 1955 3651; x_wconf 67' lang='lat' dir='ltr'><strong>suis</strong></span> <span class='ocrx_word' id='word_1_530' title='bbox 2001 3607 2159 3667; x_wconf 86' lang='lat' dir='ltr'><strong>atque</strong></span> 
     </span>
    </p>
   </div>
   <div class='ocr_carea' id='block_1_72' title="bbox 2262 3596 3762 3682">
    <p class='ocr_par' dir='ltr' id='par_1_72' title="bbox 2263 3607 3762 3682">
     <span class='ocr_line' id='line_1_72' title="bbox 2263 3607 3762 3682; baseline 0.001 -24"><span class='ocrx_word' id='word_1_531' title='bbox 2263 3623 2381 3669; x_wconf 87' lang='grc' dir='ltr'>ταις</span> <span class='ocrx_word' id='word_1_532' title='bbox 2415 3607 2508 3660; x_wconf 87' lang='grc' dir='ltr'><strong>τοῦ</strong></span> <span class='ocrx_word' id='word_1_533' title='bbox 2539 3607 2697 3676; x_wconf 87' lang='grc' dir='ltr'>λόγου</span> <span class='ocrx_word' id='word_1_534' title='bbox 2735 3608 3320 3682; x_wconf 85' lang='grc' dir='ltr'>τεθαυματούργηται;</span> <span class='ocrx_word' id='word_1_535' title='bbox 3358 3613 3522 3666; x_wconf 87' lang='grc' dir='ltr'>Πόσαι</span> <span class='ocrx_word' id='word_1_536' title='bbox 3544 3611 3682 3664; x_wconf 77' lang='grc' dir='ltr'>ταῦτα</span> <span class='ocrx_word' id='word_1_537' title='bbox 3703 3608 3762 3659; x_wconf 69' lang='grc' dir='ltr'>καὶ</span> 
     </span>
    </p>
   </div>
   <div class='ocr_carea' id='block_1_73' title="bbox 594 3688 2159 3773">
    <p class='ocr_par' dir='ltr' id='par_1_73' title="bbox 594 3688 2158 3759">
     <span class='ocr_line' id='line_1_73' title="bbox 594 3688 2158 3759; baseline 0.002 -17"><span class='ocrx_word' id='word_1_538' title='bbox 594 3689 981 3745; x_wconf 90' lang='lat' dir='ltr'><strong>incarnationis</strong></span> <span class='ocrx_word' id='word_1_539' title='bbox 1005 3701 1280 3759; x_wconf 90' lang='lat' dir='ltr'><strong>tempore;</strong></span> <span class='ocrx_word' id='word_1_540' title='bbox 1309 3703 1427 3758; x_wconf 65' lang='lat' dir='ltr'><strong>quae</strong></span> <span class='ocrx_word' id='word_1_541' title='bbox 1459 3688 1621 3742; x_wconf 90' lang='lat' dir='ltr'><strong>etiam</strong></span> <span class='ocrx_word' id='word_1_542' title='bbox 1654 3697 1776 3756; x_wconf 91' lang='lat' dir='ltr'><strong>post</strong></span> <span class='ocrx_word' id='word_1_543' title='bbox 1807 3688 1950 3742; x_wconf 88' lang='lat' dir='ltr'><strong>illunt</strong></span> <span class='ocrx_word' id='word_1_544' title='bbox 1979 3705 2042 3742; x_wconf 88' lang='lat' dir='ltr'><strong>ac</strong></span> <span class='ocrx_word' id='word_1_545' title='bbox 2063 3705 2158 3758; x_wconf 89' lang='lat' dir='ltr'><strong>per</strong></span> 
     </span>
    </p>
   </div>
   <div class='ocr_carea' id='block_1_74' title="bbox 2262 3688 3096 3773">
    <p class='ocr_par' dir='ltr' id='par_1_74' title="bbox 2265 3695 3096 3773">
     <span class='ocr_line' id='line_1_74' title="bbox 2265 3695 3096 3773; baseline 0.007 -25"><span class='ocrx_word' id='word_1_546' title='bbox 2265 3695 2434 3765; x_wconf 79' lang='grc' dir='ltr'>βίϐλοι</span> <span class='ocrx_word' id='word_1_547' title='bbox 2465 3701 2558 3752; x_wconf 77' lang='grc' dir='ltr'>καὶ</span> <span class='ocrx_word' id='word_1_548' title='bbox 2596 3699 2808 3770; x_wconf 82' lang='grc' dir='ltr'>μνῆμαι</span> <span class='ocrx_word' id='word_1_549' title='bbox 2837 3701 3096 3773; x_wconf 72' lang='grc' dir='ltr'>φέρουσι;</span> 
     </span>
    </p>
   </div>
   <div class='ocr_carea' id='block_1_75' title="bbox 595 3780 3760 3862">
    <p class='ocr_par' dir='ltr' id='par_1_75' title="bbox 595 3780 3760 3862">
     <span class='ocr_line' id='line_1_75' title="bbox 595 3780 3760 3862; baseline 0.002 -26"><span class='ocrx_word' id='word_1_550' title='bbox 595 3781 746 3836; x_wconf 85' lang='lat' dir='ltr'><strong>illum</strong></span> <span class='ocrx_word' id='word_1_551' title='bbox 815 3797 846 3836; x_wconf 89' lang='lat' dir='ltr'><strong>a</strong></span> <span class='ocrx_word' id='word_1_552' title='bbox 896 3781 1258 3836; x_wconf 83' lang='lat' dir='ltr'><strong>sacrosanctis</strong></span> <span class='ocrx_word' id='word_1_553' title='bbox 1297 3781 1464 3849; x_wconf 87' lang='lat' dir='ltr'><strong>ipsius</strong></span> <span class='ocrx_word' id='word_1_554' title='bbox 1528 3780 1798 3848; x_wconf 86' lang='lat' dir='ltr'><strong>Apostolis</strong></span> <span class='ocrx_word' id='word_1_555' title='bbox 1860 3781 2117 3851; x_wconf 81' lang='lat' dir='ltr'><strong>verbique</strong></span> <span class='ocrx_word' id='word_1_556' title='bbox 2173 3785 2433 3844; x_wconf 87' lang='lat' dir='ltr'><strong>ministris</strong></span> <span class='ocrx_word' id='word_1_557' title='bbox 2506 3791 2730 3846; x_wconf 85' lang='lat' dir='ltr'><strong>miriﬁce</strong></span> <span class='ocrx_word' id='word_1_558' title='bbox 2777 3802 2925 3862; x_wconf 75' lang='lat' dir='ltr'><strong>gesta</strong></span> <span class='ocrx_word' id='word_1_559' title='bbox 2970 3794 3130 3848; x_wconf 87' lang='lat' dir='ltr'><strong>sunt?</strong></span> <span class='ocrx_word' id='word_1_560' title='bbox 3175 3793 3321 3859; x_wconf 83' lang='lat' dir='ltr'><strong>Quot</strong></span> <span class='ocrx_word' id='word_1_561' title='bbox 3367 3808 3429 3848; x_wconf 88' lang='lat' dir='ltr'><strong>ea</strong></span> <span class='ocrx_word' id='word_1_562' title='bbox 3474 3791 3582 3845; x_wconf 90' lang='lat' dir='ltr'><strong>libri</strong></span> <span class='ocrx_word' id='word_1_563' title='bbox 3620 3800 3760 3843; x_wconf 75' lang='lat' dir='ltr'><strong>etme-</strong></span> 
     </span>
    </p>
   </div>
   <div class='ocr_carea' id='block_1_76' title="bbox 596 3871 1238 3928">
    <p class='ocr_par' dir='ltr' id='par_1_76' title="bbox 596 3871 1238 3928">
     <span class='ocr_line' id='line_1_76' title="bbox 596 3871 1238 3928; baseline -0.006 -1"><span class='ocrx_word' id='word_1_564' title='bbox 596 3872 782 3928; x_wconf 67' lang='lat' dir='ltr'><strong>moriaa</strong></span> <span class='ocrx_word' id='word_1_565' title='bbox 813 3871 1238 3926; x_wconf 81' lang='lat' dir='ltr'><strong>circumferunt?</strong></span> 
     </span>
    </p>
   </div>
   <div class='ocr_carea' id='block_1_77' title="bbox 665 3961 2159 4040">
    <p class='ocr_par' dir='ltr' id='par_1_77' title="bbox 665 3961 2159 4033">
     <span class='ocr_line' id='line_1_77' title="bbox 665 3961 2159 4033; baseline 0.002 -16"><span class='ocrx_word' id='word_1_566' title='bbox 665 3961 790 4017; x_wconf 65' lang='grc' dir='ltr'><strong>ΚΧ.</strong></span> <span class='ocrx_word' id='word_1_567' title='bbox 820 3963 909 4027; x_wconf 84' lang='grc' dir='ltr'>Αι,</span> <span class='ocrx_word' id='word_1_568' title='bbox 941 3977 1059 4031; x_wconf 65' lang='lat' dir='ltr'><strong>quae</strong></span> <span class='ocrx_word' id='word_1_569' title='bbox 1104 3979 1254 4017; x_wconf 91' lang='lat' dir='ltr'><strong>nunc</strong></span> <span class='ocrx_word' id='word_1_570' title='bbox 1282 3964 1615 4029; x_wconf 86' lang='lat' dir='ltr'><strong>acciderunt,</strong></span> <span class='ocrx_word' id='word_1_571' title='bbox 1666 3966 1850 4028; x_wconf 72' lang='lat' dir='ltr'><strong>venite,</strong></span> <span class='ocrx_word' id='word_1_572' title='bbox 1887 3964 2086 4033; x_wconf 78' lang='lat' dir='ltr'><strong>audite,</strong></span> <span class='ocrx_word' id='word_1_573' title='bbox 2119 3977 2159 4020; x_wconf 82' lang='lat' dir='ltr'><strong>et</strong></span> 
     </span>
    </p>
   </div>
   <div class='ocr_carea' id='block_1_78' title="bbox 2262 3961 3768 4040">
    <p class='ocr_par' dir='ltr' id='par_1_78' title="bbox 2277 3963 3768 4040">
     <span class='ocr_line' id='line_1_78' title="bbox 2277 3963 3768 4040; baseline -0.005 -19"><span class='ocrx_word' id='word_1_574' title='bbox 2277 3992 2282 3997; x_wconf 56' lang='grc' dir='ltr'><strong>ι</strong></span> <span class='ocrx_word' id='word_1_575' title='bbox 2345 3968 2409 4021; x_wconf 86' lang='grc' dir='ltr'><strong>Κ¹</strong></span> <span class='ocrx_word' id='word_1_576' title='bbox 2441 3967 2522 4021; x_wconf 79' lang='grc' dir='ltr'><strong>Τὰ</strong></span> <span class='ocrx_word' id='word_1_577' title='bbox 2545 3968 2602 4022; x_wconf 83' lang='grc' dir='ltr'>δὲ</span> <span class='ocrx_word' id='word_1_578' title='bbox 2631 3968 2694 4038; x_wconf 77' lang='grc' dir='ltr'>δὴ</span> <span class='ocrx_word' id='word_1_579' title='bbox 2719 3969 2814 4023; x_wconf 91' lang='grc' dir='ltr'><strong>νῦν</strong></span> <span class='ocrx_word' id='word_1_580' title='bbox 2845 3969 2978 4040; x_wconf 70' lang='grc'>(52),</span> <span class='ocrx_word' id='word_1_581' title='bbox 3009 3970 3205 4037; x_wconf 80' lang='grc' dir='ltr'>δεῦτε,</span> <span class='ocrx_word' id='word_1_582' title='bbox 3239 3970 3567 4033; x_wconf 82' lang='grc' dir='ltr'>ἀκούσατε,</span> <span class='ocrx_word' id='word_1_583' title='bbox 3603 3965 3678 4019; x_wconf 76' lang='grc' dir='ltr'>καὶ</span> <span class='ocrx_word' id='word_1_584' title='bbox 3711 3963 3768 4015; x_wconf 78' lang='grc' dir='ltr'><strong>ει-</strong></span> 
     </span>
    </p>
   </div>
   <div class='ocr_carea' id='block_1_79' title="bbox 596 4054 2159 4131">
    <p class='ocr_par' dir='ltr' id='par_1_79' title="bbox 596 4056 2159 4127">
     <span class='ocr_line' id='line_1_79' title="bbox 596 4056 2159 4127; baseline -0.001 -15"><span class='ocrx_word' id='word_1_585' title='bbox 596 4057 850 4122; x_wconf 69' lang='lat' dir='ltr'><strong>uarrabo,</strong></span> <span class='ocrx_word' id='word_1_586' title='bbox 881 4065 1054 4110; x_wconf 76' lang='lat' dir='ltr'><strong>omnes</strong></span> <span class='ocrx_word' id='word_1_587' title='bbox 1097 4057 1189 4126; x_wconf 85' lang='lat' dir='ltr'><strong>qui</strong></span> <span class='ocrx_word' id='word_1_588' title='bbox 1235 4057 1429 4111; x_wconf 71' lang='lat' dir='ltr'><strong>timetis</strong></span> <span class='ocrx_word' id='word_1_589' title='bbox 1460 4056 1628 4111; x_wconf 80' lang='lat' dir='ltr'><strong>Deum</strong></span> <span class='ocrx_word' id='word_1_590' title='bbox 1661 4058 1724 4111; x_wconf 71' lang='grc' dir='ltr'><strong>ιδ.</strong></span> <span class='ocrx_word' id='word_1_591' title='bbox 1755 4067 1811 4110; x_wconf 86' lang='grc' dir='ltr'><strong>ιιι</strong></span> <span class='ocrx_word' id='word_1_592' title='bbox 1839 4057 2032 4112; x_wconf 70' lang='lat' dir='ltr'><strong>divina:</strong></span> <span class='ocrx_word' id='word_1_593' title='bbox 2069 4074 2159 4127; x_wconf 89' lang='lat' dir='ltr'><strong>po-</strong></span> 
     </span>
    </p>
   </div>
   <div class='ocr_carea' id='block_1_80' title="bbox 2262 4054 3766 4131">
    <p class='ocr_par' dir='ltr' id='par_1_80' title="bbox 2272 4054 3766 4131">
     <span class='ocr_line' id='line_1_80' title="bbox 2272 4054 3766 4131; baseline -0.003 -12"><span class='ocrx_word' id='word_1_594' title='bbox 2272 4061 2574 4131; x_wconf 80' lang='grc' dir='ltr'>ηγήσομαι</span> <span class='ocrx_word' id='word_1_595' title='bbox 2609 4061 2742 4131; x_wconf 80' lang='grc'>(55),</span> <span class='ocrx_word' id='word_1_596' title='bbox 2796 4061 3019 4128; x_wconf 76' lang='grc' dir='ltr'>πάντες</span> <span class='ocrx_word' id='word_1_597' title='bbox 3058 4065 3112 4116; x_wconf 87' lang='grc' dir='ltr'><strong>οἱ</strong></span> <span class='ocrx_word' id='word_1_598' title='bbox 3141 4064 3499 4131; x_wconf 75' lang='grc' dir='ltr'>φοϐούμενοι</span> <span class='ocrx_word' id='word_1_599' title='bbox 3526 4061 3617 4114; x_wconf 73' lang='grc' dir='ltr'><strong>τὸν</strong></span> <span class='ocrx_word' id='word_1_600' title='bbox 3649 4054 3766 4114; x_wconf 72' lang='grc' dir='ltr'><em>Θεὸν.</em></span> 
     </span>
    </p>
   </div>
   <div class='ocr_carea' id='block_1_81' title="bbox 671 4218 2159 4292">
    <p class='ocr_par' dir='ltr' id='par_1_81' title="bbox 671 4218 2159 4292">
     <span class='ocr_line' id='line_1_81' title="bbox 671 4218 2159 4292; baseline 0.009 -22"><span class='ocrx_word' id='word_1_601' title='bbox 671 4220 716 4252; x_wconf 77' lang='grc'><strong>⁸⁷</strong></span> <span class='ocrx_word' id='word_1_602' title='bbox 737 4219 873 4292; x_wconf 74' lang='lat' dir='ltr'><strong>Gen.</strong></span> <span class='ocrx_word' id='word_1_603' title='bbox 907 4235 1052 4292; x_wconf 64' lang='lat' dir='ltr'><strong>imi,</strong></span> <span class='ocrx_word' id='word_1_604' title='bbox 1090 4218 1269 4292; x_wconf 57' lang='lat'><strong>{0-13.</strong></span> <span class='ocrx_word' id='word_1_605' title='bbox 1342 4220 1387 4252; x_wconf 87' lang='lat'><strong>&quot;</strong></span> <span class='ocrx_word' id='word_1_606' title='bbox 1420 4220 1554 4276; x_wconf 88' lang='lat' dir='ltr'><strong>Gen.</strong></span> <span class='ocrx_word' id='word_1_607' title='bbox 1587 4235 1701 4284; x_wconf 62' lang='grc' dir='ltr'>τις,</span> <span class='ocrx_word' id='word_1_608' title='bbox 1737 4220 1829 4292; x_wconf 74' lang='grc'><strong>24,</strong></span> <span class='ocrx_word' id='word_1_609' title='bbox 1853 4221 1944 4277; x_wconf 74' lang='grc'><strong>26.</strong></span> <span class='ocrx_word' id='word_1_610' title='bbox 2020 4223 2064 4253; x_wconf 73' lang='grc'><strong><em>’⁸</em></strong></span> <span class='ocrx_word' id='word_1_611' title='bbox 2087 4221 2159 4277; x_wconf 71' lang='lat' dir='ltr'><strong>Ge</strong></span> 
     </span>
    </p>
   </div>
   <div class='ocr_carea' id='block_1_82' title="bbox 2262 4218 3768 4292">
    <p class='ocr_par' dir='ltr' id='par_1_82' title="bbox 2264 4218 3768 4292">
     <span class='ocr_line' id='line_1_82' title="bbox 2264 4218 3768 4292; baseline -0.002 -16"><span class='ocrx_word' id='word_1_612' title='bbox 2264 4222 2590 4289; x_wconf 75' lang='lat' dir='ltr'><strong>xxxvtt,28;</strong></span> <span class='ocrx_word' id='word_1_613' title='bbox 2623 4238 2812 4281; x_wconf 75' lang='lat' dir='ltr'><strong>xulx.</strong></span> <span class='ocrx_word' id='word_1_614' title='bbox 2844 4225 2910 4285; x_wconf 88' lang='lat'><strong>8;</strong></span> <span class='ocrx_word' id='word_1_615' title='bbox 2970 4238 3082 4288; x_wconf 73' lang='lat' dir='ltr'><strong>xu,</strong></span> <span class='ocrx_word' id='word_1_616' title='bbox 3136 4222 3198 4276; x_wconf 79' lang='grc'>41</span> <span class='ocrx_word' id='word_1_617' title='bbox 3270 4238 3401 4292; x_wconf 75' lang='lat' dir='ltr'><strong>sqq.</strong></span> <span class='ocrx_word' id='word_1_618' title='bbox 3453 4223 3486 4292; x_wconf 13' lang='grc' dir='ltr'><strong>θ’</strong></span> <span class='ocrx_word' id='word_1_619' title='bbox 3532 4218 3671 4273; x_wconf 82' lang='lat' dir='ltr'><strong>Exod.</strong></span> <span class='ocrx_word' id='word_1_620' title='bbox 3712 4228 3768 4292; x_wconf 71' lang='grc' dir='ltr'>ιιι,</span> 
     </span>
    </p>
   </div>
   <div class='ocr_carea' id='block_1_83' title="bbox 599 4283 3768 4360">
    <p class='ocr_par' dir='ltr' id='par_1_83' title="bbox 599 4283 3768 4360">
     <span class='ocr_line' id='line_1_83' title="bbox 599 4283 3768 4360; baseline -0.001 -15"><span class='ocrx_word' id='word_1_621' title='bbox 599 4290 681 4360; x_wconf 18' lang='grc'>2,,</span> <span class='ocrx_word' id='word_1_622' title='bbox 732 4291 752 4320; x_wconf 81' lang='grc'>³</span> <span class='ocrx_word' id='word_1_623' title='bbox 777 4290 944 4360; x_wconf 55' lang='lat' dir='ltr'><strong>l&#39;g&#39;xod.</strong></span> <span class='ocrx_word' id='word_1_624' title='bbox 979 4289 1126 4360; x_wconf 49' lang='grc' dir='ltr'><strong>χαλ</strong></span> <span class='ocrx_word' id='word_1_625' title='bbox 1149 4306 1300 4358; x_wconf 83' lang='lat' dir='ltr'><strong>seqq.</strong></span> <span class='ocrx_word' id='word_1_626' title='bbox 1377 4292 1396 4321; x_wconf 87' lang='grc'>³</span> <span class='ocrx_word' id='word_1_627' title='bbox 1430 4292 1594 4344; x_wconf 77' lang='lat' dir='ltr'><strong>Exod.</strong></span> <span class='ocrx_word' id='word_1_628' title='bbox 1618 4283 1754 4353; x_wconf 55' lang='lat' dir='ltr'><strong>vini</strong></span> <span class='ocrx_word' id='word_1_629' title='bbox 1787 4283 1839 4344; x_wconf 84' lang='lat' dir='ltr'><strong>et</strong></span> <span class='ocrx_word' id='word_1_630' title='bbox 1861 4307 2012 4360; x_wconf 84' lang='lat' dir='ltr'><strong>seqq.</strong></span> <span class='ocrx_word' id='word_1_631' title='bbox 2090 4295 2111 4324; x_wconf 68' lang='grc'><strong><em>⁵</em></strong></span> <span class='ocrx_word' id='word_1_632' title='bbox 2138 4293 2309 4347; x_wconf 79' lang='lat' dir='ltr'><strong>Exod.</strong></span> <span class='ocrx_word' id='word_1_633' title='bbox 2340 4283 2469 4359; x_wconf 60' lang='lat' dir='ltr'><strong>xw,</strong></span> <span class='ocrx_word' id='word_1_634' title='bbox 2501 4283 2593 4358; x_wconf 74' lang='grc'><strong>21,</strong></span> <span class='ocrx_word' id='word_1_635' title='bbox 2631 4293 2721 4346; x_wconf 71' lang='grc'><strong>27.</strong></span> <span class='ocrx_word' id='word_1_636' title='bbox 2797 4294 2818 4324; x_wconf 78' lang='grc'><strong><em>⁵</em></strong></span> <span class='ocrx_word' id='word_1_637' title='bbox 2855 4283 3024 4346; x_wconf 61' lang='lat' dir='ltr'><strong>liscui.</strong></span> <span class='ocrx_word' id='word_1_638' title='bbox 3064 4283 3185 4357; x_wconf 67' lang='lat' dir='ltr'><strong>int,</strong></span> <span class='ocrx_word' id='word_1_639' title='bbox 3215 4283 3331 4346; x_wconf 60' lang='lat' dir='ltr'><strong>2l.&#39;</strong></span> <span class='ocrx_word' id='word_1_640' title='bbox 3355 4283 3408 4322; x_wconf 81' lang='grc'><strong>’⁸</strong></span> <span class='ocrx_word' id='word_1_641' title='bbox 3437 4291 3561 4345; x_wconf 84' lang='lat' dir='ltr'><strong>Gen.</strong></span> <span class='ocrx_word' id='word_1_642' title='bbox 3598 4303 3685 4360; x_wconf 76' lang='lat' dir='ltr'><strong>tm.</strong></span> <span class='ocrx_word' id='word_1_643' title='bbox 3708 4283 3768 4337; x_wconf 74' lang='lat' dir='ltr'><strong>H-</strong></span> 
     </span>
    </p>
   </div>
   <div class='ocr_carea' id='block_1_84' title="bbox 598 4358 3770 4431">
    <p class='ocr_par' dir='ltr' id='par_1_84' title="bbox 598 4358 3770 4431">
     <span class='ocr_line' id='line_1_84' title="bbox 598 4358 3770 4431; baseline -0.002 -18"><span class='ocrx_word' id='word_1_644' title='bbox 598 4358 812 4431; x_wconf 49' lang='lat' dir='ltr'><strong>VExod.</strong></span> <span class='ocrx_word' id='word_1_645' title='bbox 845 4359 1284 4431; x_wconf 59' lang='lat' dir='ltr'><strong>svnt,6;xv.25.</strong></span> <span class='ocrx_word' id='word_1_646' title='bbox 1327 4360 1733 4431; x_wconf 9' lang='lat' dir='ltr'><strong>V&#39;AExoden,</strong></span> <span class='ocrx_word' id='word_1_647' title='bbox 1764 4361 1849 4417; x_wconf 80' lang='lat' dir='ltr'><strong>H.</strong></span> <span class='ocrx_word' id='word_1_648' title='bbox 1927 4358 2134 4417; x_wconf 66' lang='lat' dir='ltr'><strong>‘Josue</strong></span> <span class='ocrx_word' id='word_1_649' title='bbox 2210 4379 2265 4424; x_wconf 79' lang='grc' dir='ltr'>χ,</span> <span class='ocrx_word' id='word_1_650' title='bbox 2302 4361 2388 4418; x_wconf 74' lang='grc'><strong>12.</strong></span> <span class='ocrx_word' id='word_1_651' title='bbox 2436 4358 2510 4394; x_wconf 26' lang='grc' dir='ltr'><strong>ί¹⁰</strong></span> <span class='ocrx_word' id='word_1_652' title='bbox 2547 4361 2710 4418; x_wconf 81' lang='lat' dir='ltr'><strong>Josue</strong></span> <span class='ocrx_word' id='word_1_653' title='bbox 2750 4379 2832 4431; x_wconf 91' lang='grc' dir='ltr'>ιιι,</span> <span class='ocrx_word' id='word_1_654' title='bbox 2873 4362 2962 4418; x_wconf 75' lang='grc'><strong>15.</strong></span> <span class='ocrx_word' id='word_1_655' title='bbox 3041 4363 3081 4394; x_wconf 68' lang='grc' dir='ltr'><strong>ιι</strong></span> <span class='ocrx_word' id='word_1_656' title='bbox 3122 4361 3288 4418; x_wconf 79' lang='lat' dir='ltr'><strong>Josue</strong></span> <span class='ocrx_word' id='word_1_657' title='bbox 3313 4377 3390 4428; x_wconf 89' lang='lat' dir='ltr'><strong>vt,</strong></span> <span class='ocrx_word' id='word_1_658' title='bbox 3420 4362 3473 4415; x_wconf 84' lang='lat'><strong>6.</strong></span> <span class='ocrx_word' id='word_1_659' title='bbox 3545 4359 3770 4412; x_wconf 60' lang='lat' dir='ltr'><strong>&quot;luam.</strong></span> 
     </span>
    </p>
   </div>
   <div class='ocr_carea' id='block_1_85' title="bbox 601 4429 2286 4498">
    <p class='ocr_par' dir='ltr' id='par_1_85' title="bbox 601 4429 2286 4498">
     <span class='ocr_line' id='line_1_85' title="bbox 601 4429 2286 4498; baseline 0.002 -14"><span class='ocrx_word' id='word_1_660' title='bbox 601 4430 690 4486; x_wconf 78' lang='lat'><strong>37.</strong></span> <span class='ocrx_word' id='word_1_661' title='bbox 768 4429 812 4460; x_wconf 79' lang='grc'><strong>⁸³</strong></span> <span class='ocrx_word' id='word_1_662' title='bbox 842 4429 964 4484; x_wconf 81' lang='lat' dir='ltr'><strong>Jud.</strong></span> <span class='ocrx_word' id='word_1_663' title='bbox 997 4446 1106 4495; x_wconf 74' lang='lat' dir='ltr'><strong>xw,</strong></span> <span class='ocrx_word' id='word_1_664' title='bbox 1131 4430 1218 4485; x_wconf 84' lang='grc'><strong>17.</strong></span> <span class='ocrx_word' id='word_1_665' title='bbox 1299 4430 1343 4462; x_wconf 74' lang='grc'><strong>⁸⁵</strong></span> <span class='ocrx_word' id='word_1_666' title='bbox 1369 4429 1492 4485; x_wconf 85' lang='lat' dir='ltr'><strong>Jud.</strong></span> <span class='ocrx_word' id='word_1_667' title='bbox 1521 4447 1615 4495; x_wconf 83' lang='lat' dir='ltr'><strong>vn,</strong></span> <span class='ocrx_word' id='word_1_668' title='bbox 1661 4431 1716 4485; x_wconf 88' lang='grc'><strong>5.</strong></span> <span class='ocrx_word' id='word_1_669' title='bbox 1792 4433 1836 4463; x_wconf 81' lang='grc'><strong>¹⁸</strong></span> <span class='ocrx_word' id='word_1_670' title='bbox 1857 4431 2002 4488; x_wconf 86' lang='lat' dir='ltr'><strong>Psal.</strong></span> <span class='ocrx_word' id='word_1_671' title='bbox 2031 4447 2154 4498; x_wconf 79' lang='lat' dir='ltr'><strong>va,</strong></span> <span class='ocrx_word' id='word_1_672' title='bbox 2197 4435 2286 4488; x_wconf 80' lang='grc'><strong>16.</strong></span> 
     </span>
    </p>
   </div>
   <div class='ocr_carea' id='block_1_86' title="bbox 672 4585 2159 4658">
    <p class='ocr_par' dir='ltr' id='par_1_86' title="bbox 672 4585 2157 4658">
     <span class='ocr_line' id='line_1_86' title="bbox 672 4585 2157 4658; baseline 0.002 -17"><span class='ocrx_word' id='word_1_673' title='bbox 672 4585 784 4658; x_wconf 79' lang='lat'><strong>(&#39;59)</strong></span> <span class='ocrx_word' id='word_1_674' title='bbox 821 4586 970 4655; x_wconf 79' lang='lat' dir='ltr'><strong>val</strong></span> <span class='ocrx_word' id='word_1_675' title='bbox 996 4586 1094 4658; x_wconf 71' lang='grc' dir='ltr'>καὶ</span> <span class='ocrx_word' id='word_1_676' title='bbox 1123 4586 1275 4658; x_wconf 43' lang='grc' dir='ltr'>θείῳ,</span> <span class='ocrx_word' id='word_1_677' title='bbox 1313 4603 1331 4637; x_wconf 76' lang='grc' dir='ltr'><strong>ι</strong></span> <span class='ocrx_word' id='word_1_678' title='bbox 1355 4585 1480 4657; x_wconf 79' lang='lat' dir='ltr'><strong>Igne</strong></span> <span class='ocrx_word' id='word_1_679' title='bbox 1506 4595 1561 4642; x_wconf 90' lang='lat' dir='ltr'><strong>et</strong></span> <span class='ocrx_word' id='word_1_680' title='bbox 1593 4588 1899 4658; x_wconf 67' lang='lat' dir='ltr'><strong>sulphure.»</strong></span> <span class='ocrx_word' id='word_1_681' title='bbox 1935 4588 2157 4644; x_wconf 88' lang='lat' dir='ltr'><strong>Billius:</strong></span> 
     </span>
    </p>
   </div>
   <div class='ocr_carea' id='block_1_87' title="bbox 2262 4585 3606 4658">
    <p class='ocr_par' dir='ltr' id='par_1_87' title="bbox 2339 4587 3606 4658">
     <span class='ocr_line' id='line_1_87' title="bbox 2339 4587 3606 4658; baseline -0.002 -16"><span class='ocrx_word' id='word_1_682' title='bbox 2339 4589 2453 4658; x_wconf 90' lang='grc'>(45)</span> <span class='ocrx_word' id='word_1_683' title='bbox 2496 4589 2642 4656; x_wconf 83' lang='grc' dir='ltr'>Τοὺς</span> <span class='ocrx_word' id='word_1_684' title='bbox 2682 4589 2772 4646; x_wconf 82' lang='grc' dir='ltr'><strong>δέ.</strong></span> <span class='ocrx_word' id='word_1_685' title='bbox 2820 4589 2952 4658; x_wconf 79' lang='lat' dir='ltr'><strong>Reg.</strong></span> <span class='ocrx_word' id='word_1_686' title='bbox 2984 4589 3018 4643; x_wconf 89' lang='lat' dir='ltr'><strong>b</strong></span> <span class='ocrx_word' id='word_1_687' title='bbox 3048 4603 3103 4644; x_wconf 89' lang='lat' dir='ltr'><strong>et</strong></span> <span class='ocrx_word' id='word_1_688' title='bbox 3135 4589 3375 4645; x_wconf 84' lang='lat' dir='ltr'><strong>Montac.</strong></span> <span class='ocrx_word' id='word_1_689' title='bbox 3404 4592 3513 4652; x_wconf 85' lang='grc' dir='ltr'>τοῖς</span> <span class='ocrx_word' id='word_1_690' title='bbox 3536 4587 3606 4640; x_wconf 80' lang='grc' dir='ltr'><strong>δέ.</strong></span> 
     </span>
    </p>
   </div>
   <div class='ocr_carea' id='block_1_88' title="bbox 605 4649 2159 4731">
    <p class='ocr_par' dir='ltr' id='par_1_88' title="bbox 605 4649 2159 4731">
     <span class='ocr_line' id='line_1_88' title="bbox 605 4649 2159 4731; baseline 0.001 -18"><span class='ocrx_word' id='word_1_691' title='bbox 605 4676 628 4712; x_wconf 69' lang='grc' dir='ltr'><strong>ο</strong></span> <span class='ocrx_word' id='word_1_692' title='bbox 656 4649 947 4731; x_wconf 57' lang='lat' dir='ltr'><strong>sulphureo</strong></span> <span class='ocrx_word' id='word_1_693' title='bbox 994 4656 1180 4731; x_wconf 59' lang='lat' dir='ltr'><strong>ignei</strong></span> <span class='ocrx_word' id='word_1_694' title='bbox 1226 4649 1422 4711; x_wconf 72' lang='lat' dir='ltr'><strong>Verum</strong></span> <span class='ocrx_word' id='word_1_695' title='bbox 1473 4674 1591 4731; x_wconf 87' lang='lat' dir='ltr'><strong>cum</strong></span> <span class='ocrx_word' id='word_1_696' title='bbox 1661 4649 1956 4731; x_wconf 73' lang='lat' dir='ltr'><strong>Gregorius</strong></span> <span class='ocrx_word' id='word_1_697' title='bbox 2007 4659 2159 4714; x_wconf 89' lang='lat' dir='ltr'><strong>Scri-</strong></span> 
     </span>
    </p>
   </div>
   <div class='ocr_carea' id='block_1_89' title="bbox 2262 4649 3773 4731">
    <p class='ocr_par' dir='ltr' id='par_1_89' title="bbox 2313 4649 3773 4731">
     <span class='ocr_line' id='line_1_89' title="bbox 2313 4649 3773 4731; baseline -0.005 -15"><span class='ocrx_word' id='word_1_698' title='bbox 2313 4649 2450 4731; x_wconf 35' lang='grc' dir='ltr'>η(46)</span> <span class='ocrx_word' id='word_1_699' title='bbox 2498 4649 2695 4713; x_wconf 55' lang='grc' dir='ltr'><strong>Τᾶλᾶα</strong></span> <span class='ocrx_word' id='word_1_700' title='bbox 2738 4676 2801 4713; x_wconf 87' lang='grc' dir='ltr'><strong>τε</strong></span> <span class='ocrx_word' id='word_1_701' title='bbox 2854 4649 2989 4713; x_wconf 74' lang='grc' dir='ltr'><strong>ὅᾶα.</strong></span> <span class='ocrx_word' id='word_1_702' title='bbox 3049 4660 3301 4730; x_wconf 87' lang='lat' dir='ltr'><strong>Plerique</strong></span> <span class='ocrx_word' id='word_1_703' title='bbox 3355 4649 3507 4714; x_wconf 54' lang='lat' dir='ltr'><strong>codd;</strong></span> <span class='ocrx_word' id='word_1_704' title='bbox 3542 4669 3590 4711; x_wconf 89' lang='lat' dir='ltr'><strong>et</strong></span> <span class='ocrx_word' id='word_1_705' title='bbox 3623 4649 3773 4722; x_wconf 46' lang='lat' dir='ltr'><strong>Regi</strong></span> 
     </span>
    </p>
   </div>
   <div class='ocr_carea' id='block_1_90' title="bbox 599 4727 2163 4798">
    <p class='ocr_par' dir='ltr' id='par_1_90' title="bbox 599 4727 2163 4798">
     <span class='ocr_line' id='line_1_90' title="bbox 599 4727 2163 4798; baseline 0.001 -16"><span class='ocrx_word' id='word_1_706' title='bbox 599 4737 774 4798; x_wconf 74' lang='lat' dir='ltr'><strong>plura:</strong></span> <span class='ocrx_word' id='word_1_707' title='bbox 813 4728 973 4780; x_wconf 89' lang='lat' dir='ltr'><strong>verba</strong></span> <span class='ocrx_word' id='word_1_708' title='bbox 1022 4727 1268 4798; x_wconf 78' lang='lat' dir='ltr'><strong>religiose</strong></span> <span class='ocrx_word' id='word_1_709' title='bbox 1313 4730 1632 4793; x_wconf 89' lang='lat' dir='ltr'><strong>servaverit,</strong></span> <span class='ocrx_word' id='word_1_710' title='bbox 1666 4727 1796 4783; x_wconf 40' lang='lat' dir='ltr'><strong>haec“</strong></span> <span class='ocrx_word' id='word_1_711' title='bbox 1832 4730 2015 4784; x_wconf 87' lang='lat' dir='ltr'><strong>itidem</strong></span> <span class='ocrx_word' id='word_1_712' title='bbox 2047 4744 2163 4784; x_wconf 67' lang='lat' dir='ltr'><strong>sero</strong></span> 
     </span>
    </p>
   </div>
   <div class='ocr_carea' id='block_1_91' title="bbox 599 4797 1350 4864">
    <p class='ocr_par' dir='ltr' id='par_1_91' title="bbox 599 4797 1350 4864">
     <span class='ocr_line' id='line_1_91' title="bbox 599 4797 1350 4864; baseline -0.004 -11"><span class='ocrx_word' id='word_1_713' title='bbox 599 4797 732 4853; x_wconf 68' lang='lat' dir='ltr'><strong>vare</strong></span> <span class='ocrx_word' id='word_1_714' title='bbox 764 4797 1350 4864; x_wconf 85' lang='lat' dir='ltr'><strong>debuisset-interpres.</strong></span> 
     </span>
    </p>
   </div>
   <div class='ocr_carea' id='block_1_92' title="bbox 673 4866 2165 4938">
    <p class='ocr_par' dir='ltr' id='par_1_92' title="bbox 673 4866 2165 4938">
     <span class='ocr_line' id='line_1_92' title="bbox 673 4866 2165 4938; baseline 0.004 -19"><span class='ocrx_word' id='word_1_715' title='bbox 673 4867 788 4938; x_wconf 83' lang='grc'>(40)</span> <span class='ocrx_word' id='word_1_716' title='bbox 821 4866 1391 4922; x_wconf 77' lang='grc' dir='ltr'>Κατακλυσθέντων.</span> <span class='ocrx_word' id='word_1_717' title='bbox 1439 4886 1458 4919; x_wconf 73' lang='grc' dir='ltr'><strong>ι</strong></span> <span class='ocrx_word' id='word_1_718' title='bbox 1487 4867 1649 4934; x_wconf 77' lang='lat' dir='ltr'><strong>Quasi</strong></span> <span class='ocrx_word' id='word_1_719' title='bbox 1695 4869 1896 4923; x_wconf 89' lang='lat' dir='ltr'><strong>diluvio</strong></span> <span class='ocrx_word' id='word_1_720' title='bbox 1943 4869 2165 4925; x_wconf 85' lang='lat' dir='ltr'><strong>obruto-</strong></span> 
     </span>
    </p>
   </div>
   <div class='ocr_carea' id='block_1_93' title="bbox 600 4953 787 4995">
    <p class='ocr_par' dir='ltr' id='par_1_93' title="bbox 600 4953 787 4995">
     <span class='ocr_line' id='line_1_93' title="bbox 600 4953 787 4995; baseline -0.032 0"><span class='ocrx_word' id='word_1_721' title='bbox 600 4953 742 4995; x_wconf 81' lang='lat' dir='ltr'><strong>rum.</strong></span> <span class='ocrx_word' id='word_1_722' title='bbox 768 4955 787 4989; x_wconf 73' lang='grc' dir='ltr'><strong>ι</strong></span> 
     </span>
    </p>
   </div>
   <div class='ocr_carea' id='block_1_94' title="bbox 673 5006 2159 5078">
    <p class='ocr_par' dir='ltr' id='par_1_94' title="bbox 673 5006 2159 5078">
     <span class='ocr_line' id='line_1_94' title="bbox 673 5006 2159 5078; baseline 0 -17"><span class='ocrx_word' id='word_1_723' title='bbox 673 5008 788 5078; x_wconf 70' lang='lat' dir='ltr'><strong>(ﬂ)</strong></span> <span class='ocrx_word' id='word_1_724' title='bbox 824 5006 1053 5076; x_wconf 72' lang='grc' dir='ltr'><strong>κλοπή.</strong></span> <span class='ocrx_word' id='word_1_725' title='bbox 1083 5006 1293 5063; x_wconf 89' lang='lat' dir='ltr'><strong>Clarius</strong></span> <span class='ocrx_word' id='word_1_726' title='bbox 1323 5009 1373 5063; x_wconf 94' lang='lat' dir='ltr'><strong>in</strong></span> <span class='ocrx_word' id='word_1_727' title='bbox 1411 5008 1522 5062; x_wconf 87' lang='lat' dir='ltr'><strong>Elia</strong></span> <span class='ocrx_word' id='word_1_728' title='bbox 1555 5009 1760 5074; x_wconf 88' lang='lat' dir='ltr'><strong>Billius,</strong></span> <span class='ocrx_word' id='word_1_729' title='bbox 1780 5029 1799 5060; x_wconf 82' lang='lat' dir='ltr'><strong>r</strong></span> <span class='ocrx_word' id='word_1_730' title='bbox 1825 5010 2159 5067; x_wconf 68' lang='lat' dir='ltr'><strong>subductio.»</strong></span> 
     </span>
    </p>
   </div>
   <div class='ocr_carea' id='block_1_95' title="bbox 597 5078 2163 5149">
    <p class='ocr_par' dir='ltr' id='par_1_95' title="bbox 597 5078 2163 5149">
     <span class='ocr_line' id='line_1_95' title="bbox 597 5078 2163 5149; baseline 0 -15"><span class='ocrx_word' id='word_1_731' title='bbox 597 5080 758 5135; x_wconf 90' lang='lat' dir='ltr'><strong>Lothi</strong></span> <span class='ocrx_word' id='word_1_732' title='bbox 791 5093 982 5144; x_wconf 83' lang='lat' dir='ltr'><strong>nempe</strong></span> <span class='ocrx_word' id='word_1_733' title='bbox 1010 5093 1072 5132; x_wconf 91' lang='lat' dir='ltr'><strong>ac</strong></span> <span class='ocrx_word' id='word_1_734' title='bbox 1097 5078 1218 5147; x_wconf 87' lang='lat' dir='ltr'><strong>ejus</strong></span> <span class='ocrx_word' id='word_1_735' title='bbox 1244 5078 1484 5146; x_wconf 60' lang='lat' dir='ltr'><strong>familiae,</strong></span> <span class='ocrx_word' id='word_1_736' title='bbox 1511 5081 1603 5148; x_wconf 89' lang='lat' dir='ltr'><strong>qui</strong></span> <span class='ocrx_word' id='word_1_737' title='bbox 1628 5096 1726 5149; x_wconf 90' lang='lat' dir='ltr'><strong>per</strong></span> <span class='ocrx_word' id='word_1_738' title='bbox 1752 5079 1972 5149; x_wconf 78' lang='lat' dir='ltr'><strong>angelos</strong></span> <span class='ocrx_word' id='word_1_739' title='bbox 2011 5083 2163 5149; x_wconf 89' lang='lat' dir='ltr'><strong>quasi</strong></span> 
     </span>
    </p>
   </div>
   <div class='ocr_carea' id='block_1_96' title="bbox 599 5149 1177 5203">
    <p class='ocr_par' dir='ltr' id='par_1_96' title="bbox 599 5149 1177 5203">
     <span class='ocr_line' id='line_1_96' title="bbox 599 5149 1177 5203; baseline -0.007 0"><span class='ocrx_word' id='word_1_740' title='bbox 599 5153 784 5203; x_wconf 83' lang='lat' dir='ltr'><strong>lnrtim</strong></span> <span class='ocrx_word' id='word_1_741' title='bbox 820 5149 998 5201; x_wconf 87' lang='lat' dir='ltr'><strong>educti</strong></span> <span class='ocrx_word' id='word_1_742' title='bbox 1032 5158 1177 5201; x_wconf 88' lang='lat' dir='ltr'><strong>sunt.</strong></span> 
     </span>
    </p>
   </div>
   <div class='ocr_carea' id='block_1_97' title="bbox 672 5215 2165 5290">
    <p class='ocr_par' dir='ltr' id='par_1_97' title="bbox 672 5215 2165 5290">
     <span class='ocr_line' id='line_1_97' title="bbox 672 5215 2165 5290; baseline 0.001 -19"><span class='ocrx_word' id='word_1_743' title='bbox 672 5219 782 5289; x_wconf 77' lang='grc'>(42)</span> <span class='ocrx_word' id='word_1_744' title='bbox 821 5217 933 5270; x_wconf 88' lang='lat' dir='ltr'><strong>Kal</strong></span> <span class='ocrx_word' id='word_1_745' title='bbox 982 5215 1324 5271; x_wconf 77' lang='grc' dir='ltr'>σιτοδοτῶν.</span> <span class='ocrx_word' id='word_1_746' title='bbox 1387 5235 1406 5268; x_wconf 77' lang='grc' dir='ltr'><strong>ι</strong></span> <span class='ocrx_word' id='word_1_747' title='bbox 1437 5217 1726 5274; x_wconf 90' lang='lat' dir='ltr'><strong>Frumenta</strong></span> <span class='ocrx_word' id='word_1_748' title='bbox 1781 5235 2165 5290; x_wconf 88' lang='lat' dir='ltr'><strong>annonamque</strong></span> 
     </span>
    </p>
   </div>
   <div class='ocr_carea' id='block_1_98' title="bbox 600 5290 1254 5345">
    <p class='ocr_par' dir='ltr' id='par_1_98' title="bbox 600 5290 1254 5345">
     <span class='ocr_line' id='line_1_98' title="bbox 600 5290 1254 5345; baseline -0.009 -2"><span class='ocrx_word' id='word_1_749' title='bbox 600 5290 972 5343; x_wconf 77' lang='lat' dir='ltr'><strong>diStr&#39;ihneret.</strong></span> <span class='ocrx_word' id='word_1_750' title='bbox 999 5307 1018 5339; x_wconf 73' lang='grc' dir='ltr'><strong>ι</strong></span> <span class='ocrx_word' id='word_1_751' title='bbox 1249 5341 1254 5345; x_wconf 92' lang='lat'><em>_</em></span> 
     </span>
    </p>
   </div>
   <div class='ocr_carea' id='block_1_99' title="bbox 671 5356 2168 5430">
    <p class='ocr_par' dir='ltr' id='par_1_99' title="bbox 671 5356 2168 5430">
     <span class='ocr_line' id='line_1_99' title="bbox 671 5356 2168 5430; baseline 0.003 -21"><span class='ocrx_word' id='word_1_752' title='bbox 671 5359 782 5429; x_wconf 80' lang='grc'>(45)</span> <span class='ocrx_word' id='word_1_753' title='bbox 834 5358 1267 5427; x_wconf 76' lang='grc' dir='ltr'>Ἀριθμούμεναι</span> <span class='ocrx_word' id='word_1_754' title='bbox 1307 5356 1616 5427; x_wconf 82' lang='grc' dir='ltr'>μάστιγες.</span> <span class='ocrx_word' id='word_1_755' title='bbox 1669 5358 1966 5430; x_wconf 75' lang='lat' dir='ltr'><strong>t_Ce|el)ria</strong></span> <span class='ocrx_word' id='word_1_756' title='bbox 1999 5359 2168 5430; x_wconf 59' lang='lat' dir='ltr'><strong>[Egy-</strong></span> 
     </span>
    </p>
   </div>
   <div class='ocr_carea' id='block_1_100' title="bbox 606 5428 2166 5496">
    <p class='ocr_par' dir='ltr' id='par_1_100' title="bbox 606 5428 2166 5496">
     <span class='ocr_line' id='line_1_100' title="bbox 606 5428 2166 5496; baseline 0.003 -18"><span class='ocrx_word' id='word_1_757' title='bbox 606 5431 840 5494; x_wconf 82' lang='lat' dir='ltr'><strong>ptiorum</strong></span> <span class='ocrx_word' id='word_1_758' title='bbox 887 5430 1114 5496; x_wconf 78' lang='lat' dir='ltr'><strong>ﬂagella.</strong></span> <span class='ocrx_word' id='word_1_759' title='bbox 1141 5449 1157 5480; x_wconf 83' lang='grc' dir='ltr'><strong>ι</strong></span> <span class='ocrx_word' id='word_1_760' title='bbox 1200 5430 1292 5482; x_wconf 66' lang='lat' dir='ltr'><strong>Sic</strong></span> <span class='ocrx_word' id='word_1_761' title='bbox 1322 5439 1461 5481; x_wconf 84' lang='lat' dir='ltr'><strong>orat.</strong></span> <span class='ocrx_word' id='word_1_762' title='bbox 1492 5445 1575 5490; x_wconf 90' lang='grc' dir='ltr'>ιιι,</span> <span class='ocrx_word' id='word_1_763' title='bbox 1610 5445 1662 5482; x_wconf 93' lang='lat' dir='ltr'><strong>n.</strong></span> <span class='ocrx_word' id='word_1_764' title='bbox 1690 5428 1743 5488; x_wconf 85' lang='grc'>6,</span> <span class='ocrx_word' id='word_1_765' title='bbox 1775 5445 1924 5482; x_wconf 87' lang='lat' dir='ltr'><strong>suam</strong></span> <span class='ocrx_word' id='word_1_766' title='bbox 1950 5428 2166 5496; x_wconf 43' lang='lat' dir='ltr'><strong>parva—tu</strong></span> 
     </span>
    </p>
   </div>
   <div class='ocr_carea' id='block_1_101' title="bbox 605 5498 2167 5570">
    <p class='ocr_par' dir='ltr' id='par_1_101' title="bbox 605 5498 2167 5570">
     <span class='ocr_line' id='line_1_101' title="bbox 605 5498 2167 5570; baseline 0.003 -22"><span class='ocrx_word' id='word_1_767' title='bbox 605 5498 918 5570; x_wconf 69' lang='lat' dir='ltr'><strong>llethlehetn</strong></span> <span class='ocrx_word' id='word_1_768' title='bbox 952 5499 1206 5570; x_wconf 62' lang='grc' dir='ltr'><strong>Δορροιιὶι</strong></span> <span class='ocrx_word' id='word_1_769' title='bbox 1260 5501 1379 5562; x_wconf 76' lang='grc' dir='ltr'>ταῖς</span> <span class='ocrx_word' id='word_1_770' title='bbox 1421 5499 1851 5570; x_wconf 80' lang='grc' dir='ltr'>ἀριθμουμέναις</span> <span class='ocrx_word' id='word_1_771' title='bbox 1912 5501 2020 5552; x_wconf 82' lang='grc' dir='ltr'>τῶν</span> <span class='ocrx_word' id='word_1_772' title='bbox 2064 5501 2167 5552; x_wconf 85' lang='grc' dir='ltr'>πό-</span> 
     </span>
    </p>
   </div>
   <div class='ocr_carea' id='block_1_102' title="bbox 605 5565 1308 5630">
    <p class='ocr_par' dir='ltr' id='par_1_102' title="bbox 605 5565 1308 5630">
     <span class='ocr_line' id='line_1_102' title="bbox 605 5565 1308 5630; baseline 0.001 -11"><span class='ocrx_word' id='word_1_773' title='bbox 605 5565 762 5630; x_wconf 82' lang='grc' dir='ltr'>λεων,</span> <span class='ocrx_word' id='word_1_774' title='bbox 794 5585 812 5617; x_wconf 76' lang='grc' dir='ltr'><strong>ι</strong></span> <span class='ocrx_word' id='word_1_775' title='bbox 838 5567 996 5621; x_wconf 86' lang='lat' dir='ltr'><strong>claris</strong></span> <span class='ocrx_word' id='word_1_776' title='bbox 1024 5565 1267 5622; x_wconf 82' lang='lat' dir='ltr'><strong>urbibus.</strong></span> <span class='ocrx_word' id='word_1_777' title='bbox 1290 5587 1308 5619; x_wconf 82' lang='grc' dir='ltr'><strong>ι</strong></span> 
     </span>
    </p>
   </div>
   <div class='ocr_carea' id='block_1_103' title="bbox 675 5637 2165 5709">
    <p class='ocr_par' dir='ltr' id='par_1_103' title="bbox 675 5637 2165 5709">
     <span class='ocr_line' id='line_1_103' title="bbox 675 5637 2165 5709; baseline 0.004 -21"><span class='ocrx_word' id='word_1_778' title='bbox 675 5638 787 5705; x_wconf 80' lang='grc'>(44)</span> <span class='ocrx_word' id='word_1_779' title='bbox 837 5638 1249 5709; x_wconf 62' lang='grc' dir='ltr'>’Υᾳτοχωροῦσα</span> <span class='ocrx_word' id='word_1_780' title='bbox 1270 5637 1491 5706; x_wconf 75' lang='grc' dir='ltr'>ῥάϐδῳ.</span> <span class='ocrx_word' id='word_1_781' title='bbox 1529 5657 1546 5688; x_wconf 80' lang='grc' dir='ltr'><strong>ι</strong></span> <span class='ocrx_word' id='word_1_782' title='bbox 1575 5638 1748 5709; x_wconf 64' lang='lat' dir='ltr'><strong>Virgae</strong></span> <span class='ocrx_word' id='word_1_783' title='bbox 1768 5643 2016 5695; x_wconf 61' lang='lat' dir='ltr'><strong>cedensn</strong></span> <span class='ocrx_word' id='word_1_784' title='bbox 2051 5639 2165 5695; x_wconf 85' lang='lat' dir='ltr'><strong>Non</strong></span> 
     </span>
    </p>
   </div>
   <div class='ocr_carea' id='block_1_104' title="bbox 606 5706 1794 5780">
    <p class='ocr_par' dir='ltr' id='par_1_104' title="bbox 606 5706 1794 5780">
     <span class='ocr_line' id='line_1_104' title="bbox 606 5706 1794 5780; baseline 0.001 -18"><span class='ocrx_word' id='word_1_785' title='bbox 606 5706 796 5778; x_wconf 76' lang='lat' dir='ltr'><strong>legitur</strong></span> <span class='ocrx_word' id='word_1_786' title='bbox 825 5723 854 5761; x_wconf 90' lang='lat' dir='ltr'><strong>a</strong></span> <span class='ocrx_word' id='word_1_787' title='bbox 888 5708 1065 5777; x_wconf 73' lang='lat' dir='ltr'><strong>Moyse</strong></span> <span class='ocrx_word' id='word_1_788' title='bbox 1096 5709 1242 5777; x_wconf 78' lang='lat' dir='ltr'><strong>virga</strong></span> <span class='ocrx_word' id='word_1_789' title='bbox 1276 5725 1426 5764; x_wconf 88' lang='lat' dir='ltr'><strong>mare</strong></span> <span class='ocrx_word' id='word_1_790' title='bbox 1459 5706 1794 5780; x_wconf 63' lang='lat' dir='ltr'><strong>percussum.</strong></span> 
     </span>
    </p>
   </div>
   <div class='ocr_carea' id='block_1_105' title="bbox 2269 4728 2651 4785">
    <p class='ocr_par' dir='ltr' id='par_1_105' title="bbox 2269 4728 2651 4785">
     <span class='ocr_line' id='line_1_105' title="bbox 2269 4728 2651 4785; baseline 0.003 -4"><span class='ocrx_word' id='word_1_791' title='bbox 2269 4728 2440 4783; x_wconf 79' lang='grc' dir='ltr'>τᾶλλα</span> <span class='ocrx_word' id='word_1_792' title='bbox 2464 4731 2508 4784; x_wconf 87' lang='grc' dir='ltr'>δ’</span> <span class='ocrx_word' id='word_1_793' title='bbox 2533 4731 2651 4785; x_wconf 81' lang='grc' dir='ltr'>ὅσα.</span> 
     </span>
    </p>
   </div>
   <div class='ocr_carea' id='block_1_106' title="bbox 2345 4795 3774 4872">
    <p class='ocr_par' dir='ltr' id='par_1_106' title="bbox 2345 4795 3774 4872">
     <span class='ocr_line' id='line_1_106' title="bbox 2345 4795 3774 4872; baseline -0.008 -18"><span class='ocrx_word' id='word_1_794' title='bbox 2345 4801 2458 4872; x_wconf 85' lang='grc'>(47)</span> <span class='ocrx_word' id='word_1_795' title='bbox 2495 4799 2782 4864; x_wconf 82' lang='grc' dir='ltr'>Μυστικῷ</span> <span class='ocrx_word' id='word_1_796' title='bbox 2814 4799 3096 4869; x_wconf 78' lang='grc' dir='ltr'>σχήματι.</span> <span class='ocrx_word' id='word_1_797' title='bbox 3131 4800 3257 4854; x_wconf 87' lang='lat' dir='ltr'><strong>Par.</strong></span> <span class='ocrx_word' id='word_1_798' title='bbox 3305 4809 3362 4854; x_wconf 90' lang='lat' dir='ltr'><strong>et</strong></span> <span class='ocrx_word' id='word_1_799' title='bbox 3393 4800 3608 4854; x_wconf 83' lang='lat' dir='ltr'><strong>Montac.</strong></span> <span class='ocrx_word' id='word_1_800' title='bbox 3641 4795 3682 4848; x_wconf 89' lang='lat' dir='ltr'><strong>in</strong></span> <span class='ocrx_word' id='word_1_801' title='bbox 3713 4807 3774 4844; x_wconf 85' lang='lat' dir='ltr'><strong>no-</strong></span> 
     </span>
    </p>
   </div>
   <div class='ocr_carea' id='block_1_107' title="bbox 2274 4872 3750 4938">
    <p class='ocr_par' dir='ltr' id='par_1_107' title="bbox 2274 4872 3750 4938">
     <span class='ocr_line' id='line_1_107' title="bbox 2274 4872 3750 4938; baseline -0.001 -11"><span class='ocrx_word' id='word_1_802' title='bbox 2274 4873 2346 4927; x_wconf 88' lang='lat' dir='ltr'><strong>tis</strong></span> <span class='ocrx_word' id='word_1_803' title='bbox 2399 4874 2466 4924; x_wconf 88' lang='lat' dir='ltr'><strong>de</strong></span> <span class='ocrx_word' id='word_1_804' title='bbox 2499 4872 2678 4923; x_wconf 90' lang='lat' dir='ltr'><strong>crucis</strong></span> <span class='ocrx_word' id='word_1_805' title='bbox 2709 4873 2862 4938; x_wconf 82' lang='lat' dir='ltr'><strong>signo</strong></span> <span class='ocrx_word' id='word_1_806' title='bbox 2893 4873 3347 4938; x_wconf 84' lang='lat' dir='ltr'><strong>interpretantur.</strong></span> <span class='ocrx_word' id='word_1_807' title='bbox 3743 4930 3750 4938; x_wconf 57' lang='grc'><strong>,</strong></span> 
     </span>
    </p>
   </div>
   <div class='ocr_carea' id='block_1_108' title="bbox 2346 4939 3777 5012">
    <p class='ocr_par' dir='ltr' id='par_1_108' title="bbox 2346 4939 3777 5012">
     <span class='ocr_line' id='line_1_108' title="bbox 2346 4939 3777 5012; baseline -0.015 -12"><span class='ocrx_word' id='word_1_808' title='bbox 2346 4941 2458 5012; x_wconf 73' lang='grc'>(48)</span> <span class='ocrx_word' id='word_1_809' title='bbox 2501 4941 2706 5005; x_wconf 79' lang='grc' dir='ltr'><strong>Ἦλιός</strong></span> <span class='ocrx_word' id='word_1_810' title='bbox 2750 4957 2836 4994; x_wconf 82' lang='grc' dir='ltr'>τε.</span> <span class='ocrx_word' id='word_1_811' title='bbox 2903 4939 2993 4994; x_wconf 88' lang='lat' dir='ltr'><strong>Sic</strong></span> <span class='ocrx_word' id='word_1_812' title='bbox 3047 4941 3236 5010; x_wconf 86' lang='lat' dir='ltr'><strong>scripti</strong></span> <span class='ocrx_word' id='word_1_813' title='bbox 3277 4939 3428 4995; x_wconf 83' lang='lat' dir='ltr'><strong>libri.</strong></span> <span class='ocrx_word' id='word_1_814' title='bbox 3489 4939 3632 4992; x_wconf 88' lang='lat' dir='ltr'><strong>Deest</strong></span> <span class='ocrx_word' id='word_1_815' title='bbox 3666 4949 3712 4984; x_wconf 82' lang='grc' dir='ltr'><strong>τε</strong></span> <span class='ocrx_word' id='word_1_816' title='bbox 3743 4946 3777 4981; x_wconf 84' lang='grc' dir='ltr'><strong>ιιι</strong></span> 
     </span>
    </p>
   </div>
   <div class='ocr_carea' id='block_1_109' title="bbox 2274 5013 3772 5151">
    <p class='ocr_par' dir='ltr' id='par_1_109' title="bbox 2274 5013 3772 5151">
     <span class='ocr_line' id='line_1_109' title="bbox 2274 5013 3772 5151; baseline -0.021 3"><span class='ocrx_word' id='word_1_817' title='bbox 2274 5013 2457 5151; x_wconf 47' lang='lat' dir='ltr'><strong>Pa(2&#39;9)</strong></span> <span class='ocrx_word' id='word_1_818' title='bbox 2508 5079 2745 5149; x_wconf 74' lang='grc' dir='ltr'><strong>Ἀριθμῷ</strong></span> <span class='ocrx_word' id='word_1_819' title='bbox 2777 5078 3034 5148; x_wconf 78' lang='grc' dir='ltr'>δύναμιν</span> <span class='ocrx_word' id='word_1_820' title='bbox 3072 5079 3299 5148; x_wconf 80' lang='grc' dir='ltr'>ἔχοντι.</span> <span class='ocrx_word' id='word_1_821' title='bbox 3341 5077 3574 5151; x_wconf 71' lang='lat' dir='ltr'><strong>Comhef.</strong></span> <span class='ocrx_word' id='word_1_822' title='bbox 3603 5093 3620 5126; x_wconf 80' lang='grc' dir='ltr'><strong>ι</strong></span> <span class='ocrx_word' id='word_1_823' title='bbox 3641 5072 3772 5138; x_wconf 74' lang='lat' dir='ltr'><strong>Septe-</strong></span> 
     </span>
    </p>
   </div>
   <div class='ocr_carea' id='block_1_110' title="bbox 2275 5149 3777 5234">
    <p class='ocr_par' dir='ltr' id='par_1_110' title="bbox 2275 5149 3777 5234">
     <span class='ocr_line' id='line_1_110' title="bbox 2275 5149 3777 5234; baseline 0.001 -30"><span class='ocrx_word' id='word_1_824' title='bbox 2275 5149 2444 5234; x_wconf 65' lang='lat' dir='ltr'><strong>nario</strong></span> <span class='ocrx_word' id='word_1_825' title='bbox 2463 5152 2715 5232; x_wconf 78' lang='lat' dir='ltr'><strong>nimirum</strong></span> <span class='ocrx_word' id='word_1_826' title='bbox 2761 5165 2824 5204; x_wconf 88' lang='lat' dir='ltr'><strong>ac</strong></span> <span class='ocrx_word' id='word_1_827' title='bbox 2859 5151 3102 5220; x_wconf 64' lang='lat' dir='ltr'><strong>mysticae</strong></span> <span class='ocrx_word' id='word_1_828' title='bbox 3158 5149 3596 5220; x_wconf 74' lang='lat' dir='ltr'><strong>signiﬁcationis,</strong></span> <span class='ocrx_word' id='word_1_829' title='bbox 3629 5158 3681 5196; x_wconf 75' lang='grc' dir='ltr'>ει</span> <span class='ocrx_word' id='word_1_830' title='bbox 3709 5154 3777 5205; x_wconf 77' lang='grc' dir='ltr'>ιω</span> 
     </span>
    </p>
   </div>
   <div class='ocr_carea' id='block_1_111' title="bbox 2275 5222 3782 5362">
    <p class='ocr_par' dir='ltr' id='par_1_111' title="bbox 2275 5222 3782 5362">
     <span class='ocr_line' id='line_1_111' title="bbox 2275 5222 2735 5276; baseline -0.009 -1"><span class='ocrx_word' id='word_1_831' title='bbox 2275 5222 2348 5275; x_wconf 91' lang='lat' dir='ltr'><strong>illi</strong></span> <span class='ocrx_word' id='word_1_832' title='bbox 2385 5222 2468 5276; x_wconf 90' lang='lat' dir='ltr'><strong>vis</strong></span> <span class='ocrx_word' id='word_1_833' title='bbox 2497 5222 2692 5274; x_wconf 87' lang='lat' dir='ltr'><strong>inerat.</strong></span> <span class='ocrx_word' id='word_1_834' title='bbox 2717 5239 2735 5271; x_wconf 80' lang='grc' dir='ltr'><strong>ι</strong></span> 
     </span>
     <span class='ocr_line' id='line_1_112' title="bbox 2345 5279 3782 5362; baseline 0 -18"><span class='ocrx_word' id='word_1_835' title='bbox 2345 5291 2458 5362; x_wconf 82' lang='grc'>(50)</span> <span class='ocrx_word' id='word_1_836' title='bbox 2507 5291 2568 5342; x_wconf 78' lang='lat'><strong>&#39;0</strong></span> <span class='ocrx_word' id='word_1_837' title='bbox 2593 5289 2833 5359; x_wconf 77' lang='grc' dir='ltr'>βραχὺς</span> <span class='ocrx_word' id='word_1_838' title='bbox 2863 5290 3131 5360; x_wconf 81' lang='grc' dir='ltr'>ἀριθμός.</span> <span class='ocrx_word' id='word_1_839' title='bbox 3163 5289 3319 5344; x_wconf 87' lang='lat' dir='ltr'><strong>Colb.</strong></span> <span class='ocrx_word' id='word_1_840' title='bbox 3349 5289 3408 5356; x_wconf 80' lang='lat' dir='ltr'><strong>lt,</strong></span> <span class='ocrx_word' id='word_1_841' title='bbox 3437 5287 3497 5341; x_wconf 83' lang='grc' dir='ltr'><strong>οὐ</strong></span> <span class='ocrx_word' id='word_1_842' title='bbox 3539 5283 3678 5344; x_wconf 73' lang='grc' dir='ltr'>πολὺς</span> <span class='ocrx_word' id='word_1_843' title='bbox 3697 5279 3782 5346; x_wconf 53' lang='lat' dir='ltr'><strong>di&quot;</strong></span> 
     </span>
    </p>
   </div>
   <div class='ocr_carea' id='block_1_112' title="bbox 2276 5362 3782 5510">
    <p class='ocr_par' dir='ltr' id='par_1_112' title="bbox 2276 5362 3782 5510">
     <span class='ocr_line' id='line_1_113' title="bbox 2276 5362 3782 5510; baseline -0.016 -20"><span class='ocrx_word' id='word_1_844' title='bbox 2276 5362 2459 5510; x_wconf 53' lang='grc' dir='ltr'>θμξί)</span> <span class='ocrx_word' id='word_1_845' title='bbox 2498 5431 2579 5484; x_wconf 89' lang='grc' dir='ltr'><strong>Δι’</strong></span> <span class='ocrx_word' id='word_1_846' title='bbox 2627 5430 2812 5485; x_wconf 85' lang='grc' dir='ltr'>αὐτοῦ</span> <span class='ocrx_word' id='word_1_847' title='bbox 2853 5431 3134 5500; x_wconf 80' lang='grc' dir='ltr'>Χριστοῦ.</span> <span class='ocrx_word' id='word_1_848' title='bbox 3164 5429 3412 5501; x_wconf 83' lang='lat' dir='ltr'><strong>Montac._</strong></span> <span class='ocrx_word' id='word_1_849' title='bbox 3452 5427 3534 5480; x_wconf 81' lang='grc' dir='ltr'><strong>διὰ</strong></span> <span class='ocrx_word' id='word_1_850' title='bbox 3578 5421 3656 5477; x_wconf 86' lang='grc' dir='ltr'><strong>τοῦ</strong></span> <span class='ocrx_word' id='word_1_851' title='bbox 3687 5417 3782 5487; x_wconf 74' lang='grc' dir='ltr'>Χρι-</span> 
     </span>
    </p>
   </div>
   <div class='ocr_carea' id='block_1_113' title="bbox 2275 5519 3750 5644">
    <p class='ocr_par' dir='ltr' id='par_1_113' title="bbox 2275 5519 3750 5644">
     <span class='ocr_line' id='line_1_114' title="bbox 2275 5519 3750 5644; baseline -0.004 -19"><span class='ocrx_word' id='word_1_852' title='bbox 2275 5519 2459 5644; x_wconf 51' lang='grc' dir='ltr'><strong>ἻΞῇ)</strong></span> <span class='ocrx_word' id='word_1_853' title='bbox 2505 5573 2578 5625; x_wconf 86' lang='grc' dir='ltr'><strong>Τὰ</strong></span> <span class='ocrx_word' id='word_1_854' title='bbox 2609 5571 2678 5644; x_wconf 62' lang='grc' dir='ltr'><strong>δέ</strong></span> <span class='ocrx_word' id='word_1_855' title='bbox 2710 5569 2806 5636; x_wconf 74' lang='grc' dir='ltr'><strong>δή.</strong></span> <span class='ocrx_word' id='word_1_856' title='bbox 2844 5571 3090 5644; x_wconf 54' lang='grc' dir='ltr'>Βρεμι,</span> <span class='ocrx_word' id='word_1_857' title='bbox 3123 5573 3175 5634; x_wconf 75' lang='grc' dir='ltr'>(ι,</span> <span class='ocrx_word' id='word_1_858' title='bbox 3199 5570 3393 5644; x_wconf 87' lang='grc' dir='ltr'>Ταῦτα</span> <span class='ocrx_word' id='word_1_859' title='bbox 3422 5569 3475 5621; x_wconf 82' lang='grc' dir='ltr'>δὲ</span> <span class='ocrx_word' id='word_1_860' title='bbox 3499 5567 3576 5636; x_wconf 82' lang='grc' dir='ltr'><strong>δη.</strong></span> <span class='ocrx_word' id='word_1_861' title='bbox 3680 5629 3690 5644; x_wconf 34' lang='grc' dir='ltr'><em>ι</em></span> <span class='ocrx_word' id='word_1_862' title='bbox 3731 5624 3750 5644; x_wconf 48' lang='grc' dir='ltr'>ε</span> 
     </span>
    </p>
   </div>
   <div class='ocr_carea' id='block_1_114' title="bbox 2348 5638 3781 5712">
    <p class='ocr_par' dir='ltr' id='par_1_114' title="bbox 2348 5638 3781 5712">
     <span class='ocr_line' id='line_1_115' title="bbox 2348 5638 3781 5712; baseline -0.013 -12"><span class='ocrx_word' id='word_1_863' title='bbox 2348 5638 2459 5712; x_wconf 82' lang='grc'>(55)</span> <span class='ocrx_word' id='word_1_864' title='bbox 2499 5642 2884 5712; x_wconf 80' lang='grc' dir='ltr'>Διηγήο-ομαι.</span> <span class='ocrx_word' id='word_1_865' title='bbox 2932 5638 3161 5696; x_wconf 72' lang='grc' dir='ltr'>Ἀᾱόιιιιι</span> <span class='ocrx_word' id='word_1_866' title='bbox 3241 5642 3374 5696; x_wconf 86' lang='lat' dir='ltr'><strong>editi</strong></span> <span class='ocrx_word' id='word_1_867' title='bbox 3414 5649 3631 5712; x_wconf 75' lang='lat' dir='ltr'><strong>omnes,</strong></span> <span class='ocrx_word' id='word_1_868' title='bbox 3673 5638 3781 5699; x_wconf 71' lang='grc' dir='ltr'>ῡμῐνο</span> 
     </span>
    </p>
   </div>
   <div class='ocr_carea' id='block_1_115' title="bbox 2277 5710 3541 5781">
    <p class='ocr_par' dir='ltr' id='par_1_115' title="bbox 2277 5710 3541 5781">
     <span class='ocr_line' id='line_1_116' title="bbox 2277 5710 3541 5781; baseline -0.002 -17"><span class='ocrx_word' id='word_1_869' title='bbox 2277 5710 2447 5768; x_wconf 59' lang='grc' dir='ltr'>Ποσει</span> <span class='ocrx_word' id='word_1_870' title='bbox 2478 5710 2750 5768; x_wconf 80' lang='lat' dir='ltr'><strong>tamenin</strong></span> <span class='ocrx_word' id='word_1_871' title='bbox 2787 5713 3039 5768; x_wconf 89' lang='lat' dir='ltr'><strong>omnibus</strong></span> <span class='ocrx_word' id='word_1_872' title='bbox 3075 5725 3210 5781; x_wconf 88' lang='lat' dir='ltr'><strong>pene</strong></span> <span class='ocrx_word' id='word_1_873' title='bbox 3248 5711 3541 5767; x_wconf 74' lang='lat' dir='ltr'><strong>codicibus.</strong></span> 
     </span>
    </p>
   </div>
  </div>
