3878 6398
268 328 366 383 5ῠῦ

1244 345 1499 403 ORATIO
1540 351 1628 406 IV.
1669 386 1738 394 —
1775 356 2053 417 COL‘x‘ulA
2091 365 2447 437 JULIANUM.
2479 374 2517 428 1.

3392 391 3503 457 εει

263 446 357 497 καὶ
390 450 604 518 μικροῖς
653 454 931 524 μηνύμασι
972 458 1041 511 τὰ
1087 462 1295 530 μεγάλα
1329 471 1798 541 προκηρυττούσης

263 532 448 572 ﬂuenti
478 536 575 572 'c‘nu
607 541 744 572 Πλεῖ..
778 544 964 572 n..-r....
1014 552 1032 572 ι
1073 550 1175 572 -.σου
1233 568 1260 572 γ-
1320 571 1326 572 ,
1387 556 1427 572 ον
1561 558 1597 572 ι.
1634 560 1645 572 .
1738 562 1749 572 .

1935 494 2075 537 erat.
2105 485 2344 544 Alterius
2369 502 2548 545 autem
2581 494 2796 561 munus,
2824 499 2956 565 proh
2994 501 3279 572 impiorum
3315 507 3368 562 iu
3394 511 3496 569 hac

261 532 448 607 ὥσπερ
478 536 575 608 τὴν
607 541 744 593 Κάῖν
778 544 964 599 θυσίαν
1009 552 1037 602 ό
1072 550 1176 603 τῶν
1226 532 1526 626 μαρτυρων
1557 558 1688 623 Θεὸς

260 645 559 699 επεμπετο.

327 890 477 956 KC’.
513 892 622 945 Καὶ
651 894 679 946 ὀ
727 895 825 963 μὲν
857 897 1071 963 ἐπόνει,
1104 901 1219 971 ἡδὲ
1252 904 1321 976 γῆ
1355 906 1468 978 (76)
1505 910 1566 962 τὸ
1600 913 1828 982 πονηθὲν

250 983 563 1038 ἀπεσείετο.
612 986 721 1038 Καὶ
749 989 778 1040 ὁ
806 989 905 1057 μὲν
949 991 1270 1059 ἐφιλονείκει
1306 998 1538 1067 μᾶλλον,
1574 1003 1606 1071 ἡ
1638 1004 1691 1056 δὲ
1718 1007 1827 1059 ἀπ-

250 1075 406 1145 ηξίου
428 1076 681 1146 δέχεσθαι
716 1080 995 1150 θεμελίους
1021 1084 1116 1137 τοῦ
1143 1086 1342 1159 σαθροῦ
1369 1092 1479 1160 (77)
1515 1096 1650 1164 πρὸς
1683 1099 1830 1151 εὐσέ-

250 1170 425 1230 ϐειαν,
451 1164 537 1221 οἷα
560 1168 735 1238 βοῶσα
755 1172 845 1224 τὸν
864 1174 1117 1244 ἐσόμενον
1133 1178 1189 1243 ἐξ
1212 1181 1417 1234 ἐκείνου
1447 1186 1668 1255 σεισμὸν
1688 1188 1822 1258 (78),

248 1260 345 1313 καὶ
372 1260 590 1331 τιμῶσα
617 1262 741 1325 τοὺς
775 1264 1058 1336 μάρτυρας
1090 1272 1154 1341 τῇ
1188 1272 1315 1343 περὶ
1346 1272 1435 1325 τὸν
1467 1276 1822 1333 ἀσεϐέστατον

247 1350 465 1421 ἀτιμίᾳ.
507 1351 676 1405 Τοῦτο
704 1353 764 1406 τὸ
792 1353 952 1426 ἔργον
980 1362 1283 1430 προφητεία
1322 1381 1405 1428 τις
1432 1360 1499 1436 ἦν
1532 1368 1630 1439 τῆς
1662 1368 1821 1425 ὔστε-

247 1458 341 1511 ρον
371 1440 485 1511 (79)
516 1442 609 1495 τοῦ
636 1443 824 1516 ἀνδρὸς
853 1446 1143 1514 αὐθαδείας
1174 1453 1268 1505 καὶ
1299 1454 1571 1522 ἀπονοίας,
1602 1460 1695 1513 καὶ
1723 1462 1822 1531 τῆς

244 1535 325 1596 είς
354 1534 641 1607 μάρτυρας
674 1537 914 1608 ἀτιμίας,
961 1541 1054 1593 καὶ
1089 1545 1216 1614 περὶ
1251 1547 1377 1610 τοὺς
1421 1549 1608 1617 ἁγίους
1640 1554 1821 1618 οἴκους

243 1626 624 1697 παρανομίας⁶
673 1630 798 1693 τοὺς
850 1632 948 1700 μὲν
993 1633 1182 1698 ἄλλους
1224 1635 1597 1702 λανθάνουσα,
1633 1644 1723 1696 τὸν
1764 1645 1820 1699 δὲ

240 1715 477 1787 διώκτην
500 1718 778 1790 πόρρωθεν
808 1720 1200 1791 προδιὼκουσα,
1228 1727 1320 1779 καὶ
1344 1729 1409 1782 τὰ
1438 1730 1537 1800 τῆς
1561 1732 1817 1798 ἀσεϐείας

240 1796 498 1881 ἐπίχειρα
531 1810 981 1881 προσημαίνουσα
1015 1814 1148 1885 (80).

310 1986 437 2040 ΚΖ’.
479 1988 543 2040 Ὦ
578 1987 755 2060 ψυχῆς
788 1990 958 2060 σοφῆς
1001 1992 1081 2056 είς
1106 1994 1164 2046 τὺ
1203 1999 1582 2069 κακοποιῆσαι,
1621 1999 1719 2071 τὴν
1759 2001 1815 2053 δὲ

240 2078 379 2130 ίδίαν
405 2078 468 2131 οὐ
504 2081 807 2151 φευγούσης
836 2080 1063 2151 βάσανον
1090 2086 1101 2137 !
1136 2087 1198 2138 Ὢ
1228 2086 1360 2141 Θεοῦ
1394 2090 1453 2142 τὸ
1487 2090 1679 2160 μέλλον
1712 2110 1812 2163 κη-

239 2170 543 2239 ρύττοντος,
582 2172 667 2224 ἵνα
695 2172 726 2242 ἢ
754 2174 997 2247 ἀνακὸψῃ
1029 2177 1137 2247 (8|)
1168 2179 1266 2250 τὴν
1294 2181 1565 2245 ἀσέϐειαν,
1600 2184 1631 2253 ἢ
1666 2183 1811 2257 δείξῃ

232 2259 331 2326 τὴν
369 2258 707 2329 πρόγνωσινί
738 2260 801 2313 Ὢ
834 2265 1135 2335 παραδόξου
1174 2268 1297 2338 μὲν,
1348 2270 1581 2341 ἀληθοῦς
1614 2274 1669 2326 δὲ
1702 2274 1810 2345 (82)

232 2348 398 2401 πλέον
426 2350 461 2421 ἦ
499 2352 801 2423 παραδόξου
830 2354 1137 2427 θαύματοςί
1167 2360 1229 2411 Ὦ
1260 2360 1357 2430 τῆς
1382 2361 1491 2415 τῶν
1519 2367 1811 2437 μαρτύρων

231 2440 587 2511 φιλαδελφίας
633 2444 773 2514 (85)!
820 2448 933 2500 Οὐκ
967 2450 1211 2514 ἐδέξαντο
1250 2453 1415 2524 τιμὴν
1452 2454 1547 2508 τοῦ
1584 2457 1810 2522 πολλοὺς

235 2534 520 2605 μάρτυρας
572 2536 964 2606 ἁτιμάσοντος·
1002 2543 1062 2594 οὐ
1106 2545 1451 2615 προσήκαντο
1493 2548 1603 2618 (84)
1638 2548 1808 2620 δῶρον

229 2626 324 2679 τοῦ
361 2627 588 2691 πολλοὺς
615 2630 851 2700 ἀθλητὰς
878 2633 1268 2699 ἀποδείξοντος,
1302 2637 1499 2707 μᾶλλον
1528 2640 1583 2691 δὲ
1610 2640 1807 2712 φθονή-

232 2736 417 2783 σοντος
453 2720 563 2789 (85)
602 2722 695 2774 καὶ
728 2724 896 2794 αὐτῆς
944 2725 1054 2797 (86)
1084 2728 1181 2799 τῆς
1216 2728 1524 2800 ἀθλήσεως·
1557 2733 1614 2803 ἢ,
1655 2733 1715 2786 τό
1742 2752 1805 2803 γε

225 2812 591 2884 ἀληθέστερον
638 2816 829 2878 εἰπεῖν,
887 2819 986 2871 οὐκ
1027 2820 1263 2889 1ἧνεγῖιιαν
1315 2824 1467 2894 μόνοι
1518 2826 1806 2898 μαρτύρων

225 2902 545 2973 ὑϐρίζεσθαι
567 2947 581 2968 ,
617 2906 725 2957 τῶν
756 2906 929 2961 ἄλλων
965 2910 1073 2979 (87)
1100 2914 1276 2978 ὁσίαις
1312 2917 1467 2987 χερσὶ
1500 2916 1804 2989 τεθησομέ-

224 3013 333 3047 νων
364 3014 425 3049 τε
471 2998 562 3050 καὶ
596 2998 1187 3072 θεραπευθησομένων,
1229 3007 1348 3061 οὐδὲ
1396 3007 1578 3063 δοῦναι
1605 3010 1681 3081 τῷ
1717 3029 1804 3065 σο-

224 3089 391 3157 φιστῇ
422 3087 523 3158 τῆς
554 3090 752 3154 κακίας
780 3094 900 3155 ταῖς
938 3091 1160 3163 ὕϐρεσιν
1198 3097 1643 3169 ἐγκαυχήσασθαι
1670 3119 1682 3131 ·
1715 3101 1801 3154 ἵνα

224 3180 304 3251 μὴ
334 3181 487 3252 παρά
514 3182 614 3252 τῆς
644 3184 812 3255 αὐτῆς
837 3186 1018 3256 χειρὸς
1048 3187 1114 3240 τὰ
1151 3189 1248 3259 μὲν
1277 3192 1559 3262 ἀνιστῆται
1597 3194 1805 3266 μαρτύ-
1831 3196 1876 3259 C

222 3287 336 3341 ρων
367 3273 651 3342 μνήματα,
687 3272 757 3325 τὰ
787 3274 842 3327 δὲ
870 3276 1205 3348 καταλύηται
1225 3296 1238 3308 ’
1270 3281 1365 3332 καὶ
1393 3284 1440 3334 οί
1480 3281 1578 3351 μὲν
1607 3284 1806 3353 τιμῶν-

218 3377 311 3413 ται
357 3362 650 3432 μάρτυρες,
680 3364 729 3416 οἰ
769 3364 826 3417 δὲ
861 3366 1232 3436 ἀτιμάζωνται
1265 3370 1397 3441 (88),
1447 3372 1641 3445 μικρὸν
1675 3374 1786 3443 φθα

220 3449 421 3521 νούσης
442 3453 541 3522 τῆς
565 3453 622 3504 ἐν
663 3456 901 3526 σχήματι
939 3459 1103 3529 τιμῆς
1127 3460 1224 3528 τὴν
1258 3461 1517 3534 ἀληθινὴν
1541 3464 1763 3536 ἀτιμίαν
1784 3483 1797 3498 ⁶

224 3542 361 3611 μηδὲ
404 3546 540 3613 πρὸς
576 3544 654 3615 τῷ
688 3546 905 3615 μεγέθει
948 3550 1046 3618 τῆς
1080 3549 1290 3622 ὕϐρεως
1332 3553 1427 3605 κα)⁸
1466 3555 1628 3621 σοφὸς
1658 3552 1796 3611 εἶναι

220 3635 414 3705 νομίσῃ
463 3637 593 3705 παρ’
623 3636 831 3708 ἑαυτῷ,
882 3638 1190 3705 λανθάνων,
1225 3640 1410 3716 ὥσπερ
1453 3646 1793 3717 ἀνθρώπους,

216 3726 361 3781 οὕτω
389 3730 486 3782 καὶ
513 3729 645 3782 Θεὸν
673 3730 763 3784 τὸν
804 3732 1019 3785 πάντων
1059 3733 1313 3801 ὀξύτατον
1340 3738 1433 3791 καὶ
1462 3738 1790 3808 σοφώτατον,

215 3824 309 3874 καὶ
344 3822 714 3893 δρασσόμενον
759 3825 884 3889 τοὺς
929 3827 1126 3895 σοφοὺς
1169 3830 1226 3881 ὲν
1258 3832 1322 3899 τῇ
1360 3831 1664 3902 πανουργίᾳ
1696 3833 1795 3886 αὐ-

211 3914 342 3977 τῶν,
366 3915 454 3968 διὰ
475 3915 569 3969 τοῦ
594 3916 916 3988 φαινομένου
945 3919 1356 3991 προϐλήματος
1385 3921 1519 3976 ἀλλὰ
1549 3922 1791 3995 γινώσκῃ

211 4006 504 4076 νοούμενος
535 4046 553 4071 ,
596 4007 689 4060 καὶ
750 4008 824 4077 μὴ
885 4008 1243 4080 ὑπεραίρηται
1316 4011 1794 4083 καταλαμϐανόμε-

210 4116 320 4161 νος.

1934 591 2146 647 quoque
2170 581 2278 633 vita
2306 584 2685 652 ignominiam,
2719 588 2912 646 futuris
2944 594 3105 650 rebus
3131 597 3492 658 testimonium

1929 669 2041 740 89
2066 673 2418 742 praebentem,
2464 694 2528 735 ac
2565 696 2660 749 per
2693 698 2853 750 parva
2905 687 3103 743 indicia
3149 705 3237 745 res
3269 708 3493 759 magnas

1930 767 2406 835 praenuntiantem,
2454 787 2559 827 non
2610 789 2768 830 secus
2823 793 2887 833 ac
2944 779 3097 835 Caini
3144 783 3488 850 sacrificium.

1930 853 2070 910 Deus
2105 868 2401 929 martyrum
2433 866 2767 935 repudiabat.

1997 946 2185 1041 xxvi.
2228 952 2412 1024 Itaque
2454 957 2542 1013 ille
2581 960 2794 1029 quidem
2832 963 3134 1032 laborabat,
3185 971 3277 1025 sed
3324 980 3491 1041 terra,

1927 1039 2068 1108 quod
2095 1039 2426 1098 elaboratum
2458 1044 2654 1111 fuerat,
2696 1054 3024 1110 excutiebat.
3065 1057 3154 1112 Ille
3197 1039 3491 1118 vehemens

1926 1132 2032 1185 tius
2077 1134 2252 1190 adhuc
2303 1137 2685 1207 obnitebatur;
2759 1147 2871 1200 haec
2915 1146 3151 1205 hominis
3191 1152 3242 1207 in
3294 1155 3494 1224 pietate

1926 1224 2163 1291 corrupti
2196 1223 2541 1284 fundamenta
2591 1248 2786 1301 capere
2833 1234 3189 1306 detrectabat,
3240 1223 3490 1316 tanquam

1926 1328 2128 1369 motum
2169 1331 2290 1372 eum
2319 1360 2335 1386 ,
2385 1335 2543 1389 quem
2588 1324 2755 1393 ipsius
2801 1329 2981 1384 scelus
3017 1332 3303 1391 allaturum
3352 1349 3491 1404 erat.

1925 1406 2300 1474 proclamans,
2353 1425 2416 1466 ac
2465 1428 2560 1481 per
2611 1414 2915 1485 impiissimi
2971 1419 3206 1476 hominis
3258 1424 3490 1483 dedecus

1924 1507 2190 1569 martyres
2248 1503 2453 1557 honore
2491 1505 2747 1561 alliciens.
2808 1508 2921 1563 Hoc
2972 1525 3107 1580 Opus
3160 1514 3490 1583 insequentis

1924 1589 2089 1659 ipsius
2116 1596 2438 1662 arrogantiae
2464 1604 2520 1650 et
2562 1600 2936 1665 contumaciae,
2967 1603 3405 1676 {ignominiaeque
3434 1608 3487 1662 in

1921 1692 2208 1753 martyres,
2264 1684 2597 1757 scelerisque
2643 1690 2694 1743 iu
2738 1692 2883 1746 mdes
2922 1704 3137 1749 sanctas
3174 1696 3489 1753 vaticinium

1922 1771 2188 1837 quoddam
2221 1782 2336 1825 erat
2366 1790 2379 1825 :
2410 1774 2531 1830 aliis
2567 1779 2785 1842 quidem
2832 1781 3186 1853 incognitum,
3232 1796 3488 1843 cazterum

1846 1856 1888 1911 Β
1918 1873 2314 1929 persecutorem
2353 1868 2564 1924 eminus
2606 1884 2958 1942 persequens,
2998 1884 3162 1945 atque
3194 1878 3489 1947 impietatis

1921 1969 2107 2021 poenas
2143 1967 2267 2011 ante
2294 1957 2625 2027 signiﬁcans.

1988 2044 2274 2113 XXVII.O
2300 2053 2595 2121 sapientem
2630 2055 2864 2110 animam
2905 2057 2973 2113 ad
3012 2059 3483 2129 malefaciendum,

1917 2152 2070 2193 suum
2101 2150 2281 2195 autem
2310 2145 2605 2201 cruciatum
2632 2147 2851 2204 minime
2872 2150 3199 2221 fugientem!
3228 2152 3271 2209 0
3304 2156 3485 2226 singu-

1916 2233 2083 2288 larem
2122 2235 2213 2290 Dei
2267 2239 2657 2305 providentiam
2707 2240 2885 2297 futura
2931 2245 3373 2313 proclamantem,
3427 2260 3486 2304 ιιι

1915 2327 1995 2380 vel
2031 2328 2359 2398 impietatem
2380 2343 2767 2399 compesceret,
2800 2335 2885 2389 vel
2917 2339 3305 2407 praescieutiam
3329 2357 3480 2397 suam

1914 2418 2337 2477 demonstraret!
2377 2422 2421 2478 Ο
2455 2424 2810 2491 miraculum,
2849 2444 3049 2484 novum
3081 2431 3209 2487 illud
3258 2433 3478 2501 quidem

1911 2525 1967 2568 et
1996 2515 2317 2578 mirandum,
2355 2518 2451 2572 sed
2504 2528 2681 2573 tamen
2722 2522 2908 2576 verius
2937 2538 3099 2594 quam
3143 2526 3475 2582 mirabilius!

1911 2605 1955 2661 0
1987 2607 2249 2677 insignem
2294 2620 2590 2682 martyrum
2621 2612 2766 2667 inter
2793 2629 2853 2669 se
2883 2614 3240 2672 charitatem!
3296 2616 3479 2675 Hono-

1912 2715 2025 2754 rem
2056 2700 2218 2766 illius,
2247 2701 2336 2771 qui
2374 2702 2571 2758 multos
2596 2715 2865 2777 martyres
2902 2706 3192 2776 ignominia
3225 2718 3281 2761 et
3310 2709 3478 2767 dede-

1909 2807 2035 2847 core
2062 2791 2357 2849 all‘ecturus
2381 2805 2519 2859 erat,
2554 2807 2876 2851 recusarunt
2904 2815 2921 2853 :
2948 2797 3145 2854 donum
3187 2799 3350 2865 illius,
3384 2803 3475 2871 qui

1908 2885 2108 2941 multos
2155 2887 2384 2941 athletas
2431 2887 2723 2945 effecturos
2772 2901 2912 2957 erat,
2976 2891 3060 2946 vel
3109 2894 3286 2962 potius
3336 2894 3479 2964 ipsos

1905 2992 2120 3047 quoque
2148 2979 2395 3048 palaestra
2442 2989 2495 3032 et
2533 2980 2904 3037 decertatione
2943 2998 3041 3052 per
3069 2983 3323 3040 invidiam
3355 3002 3477 3056 pro.

1906 3068 2172 3126 hibiturus
2219 3079 2370 3135 erat,
2420 3089 2524 3126 non
2594 3074 2928 3130 admiserunt
2958 3098 2971 3131 :
3003 3076 3132 3142 imo,
3173 3085 3232 3131 ut
3294 3079 3476 3134 verius

1906 3161 2120 3231 loquar,
2168 3180 2271 3218 non
2303 3164 2541 3219 tulerunt
2570 3166 2669 3222 sibi
2712 3166 2842 3223 solis
2886 3184 2953 3224 ex
2989 3169 3138 3224 omni
3174 3179 3474 3242 martyrum

1909 3272 2134 3311 numero
2162 3259 2541 3315 contumeliam
2570 3260 2783 3326 inferri,
2805 3277 2929 3316 cum
2966 3263 3087 3319 alia:
3124 3265 3270 3320 :Pdes
3304 3279 3475 3320 sacra-

1905 3348 2008 3416 piis
2048 3350 2295 3404 manibus
2336 3353 2716 3408 construenda:
2768 3363 2930 3424 atque
2973 3356 3212 3419 colenda:
3250 3368 3426 3413 essent
3455 3398 3470 3419 .

1902 3455 2005 3495 nec
2034 3442 2318 3511 pravitatis
2340 3443 2537 3499 artifici
2562 3460 2746 3500 ansam
2772 3447 3014 3515 pmbere
3038 3447 3107 3501 de
3130 3449 3473 3505 contumeliis

1900 3532 2001 3586 sibi
2034 3532 2227 3588 inustis
2256 3535 2518 3605 gloriandi
2540 3552 2640 3591 :ne
2668 3537 2736 3592 ab
2756 3538 2943 3593 eadem
2978 3553 3140 3593 manu
3169 3550 3470 3611 martyrum

1906 3632 2255 3678 monumenta
2307 3625 2504 3693 partim
2536 3627 2897 3698 erigerentur,
2932 3628 3127 3698 partim
3162 3639 3473 3685 everteren-

1902 3724 2026 3780 tur;
2067 3731 2129 3769 ac
2164 3726 2462 3787 martyrum
2512 3718 2601 3773 alii
2644 3720 2860 3788 quidem
2901 3720 3125 3785 honore,
3169 3722 3259 3777 alii
3289 3733 3469 3778 autem
3560 3732 3565 3733 '

1900 3816 2212 3877 contemptu
2242 3818 2296 3863 et
2336 3810 2601 3867 dedecore
2636 3810 3001 3878 afficerentur,
3054 3812 3179 3868 ficto
3213 3814 3470 3869 nimirum

1899 3914 1963 3955 ac
2021 3901 2273 3959 simulato
2329 3905 2531 3960 honore
2582 3920 2766 3961 veram
2830 3906 3183 3977 ignominiam
3248 3905 3466 3977 paulum

1901 4014 2305 4067 antevertente;
2336 4007 2483 4061 neve
2515 4016 2712 4074 prteter
2752 4004 3097 4060 contumeliae
3140 4004 3467 4074 magnitudi-

1904 4113 2025 4153 uem
2055 4096 2155 4152 sibi
2180 4112 2394 4167 quoque
2421 4098 2520 4167 ipsi
2544 4099 2759 4168 sapiens
2788 4098 3084 4163 videretur,
3108 4106 3166 4151 ut
3194 4097 3466 4159 homines,

210 4194 283 4248 ita
314 4194 506 4257 Deum,
553 4196 641 4262 qui
691 4195 932 4250 omnium
992 4197 1340 4251 acutissimus
1378 4206 1434 4252 et
1495 4196 1928 4267 sapientissimus
1987 4202 2115 4257 est,
2164 4208 2229 4248 ac
2277 4194 2548 4263 sapientes
2603 4196 2655 4248 in
2706 4196 2903 4249 astutia
2968 4210 3067 4248 sua
3107 4190 3465 4263 comprehen‘

208 4287 287 4341 dit
311 4289 377 4350 ’⁸,
411 4303 509 4356 per
535 4299 810 4343 externam
828 4289 1061 4358 speciem
1091 4289 1282 4346 fallens
1308 4306 1530 4345 :verum
1560 4291 1781 4346 consilia
1815 4304 1910 4343 sua
1934 4298 2119 4357 patere
2143 4288 2490 4361 intelligeret,
2541 4290 2868 4360 minimeque
2918 4289 3099 4343 animo
3154 4286 3463 4342 efferretur-

210 4380 461 4434 fraudent
494 4396 646 4434 suam
684 4382 854 4436 teneri
886 4384 1144 4437 sentiens.

279 4519 326 4550 ¹⁸
354 4516 459 4572 Job
487 4533 542 4581 v,
569 4518 653 4571 15.

278 4653 399 4719 (76)
456 4653 525 4707 'H
551 4651 620 4706 δὲ
650 4650 746 4723 γῆ.
786 4651 878 4709 Sic
908 4654 1147 4711 melioris
1172 4664 1311 4712 nota:
1334 4654 1569 4711 codices.
1596 4652 1722 4707 Par.
1747 4653 1781 4723 ἡ
1816 4655 1858 4711 D
1888 4652 2054 4723 vitate
2085 4650 2539 4707 existimationem
2564 4658 2829 4720 ttoemque
2854 4649 3129 4705 hominum
3148 4651 3395 4705 excedat.
3430 4667 3450 4703 ι

434 4792 686 4874 Σαθροῦ.
721 4793 987 4874 Billius,_r
1028 4810 1169 4865 aegra
1222 4795 1423 4874 pietate
1482 4793 1709 4874 praediti.
1737 4811 1778 4874 Δο

200 4863 413 4935 Comi).
452 4880 473 4913 ι
506 4863 794 4918 exulcerati
822 4864 876 4917 in
910 4863 1183 4935 pietatem.
1220 4863 1240 4919 ὁ
1274 4863 1505 4932 Mallem,
1532 4882 1551 4915 ι
1588 4864 1785 4933 pietate

200 4934 471 4987 carentis.
515 4950 533 4982 ›

273 5005 392 5070 (78)
434 5003 713 5071 Σεισμόν.
745 5001 862 5057 Νοη
889 5001 1067 5063 video,
1096 5001 1173 5054 ait
1206 5001 1420 5064 Comb.,
1470 5002 1598 5070 quid
1653 5003 1785 5059 velit

199 5073 395 5127 Billius
446 5073 537 5141 qui
587 5074 766 5136 vertit,
808 5091 826 5123 ι
870 5081 1025 5142 terra
1064 5082 1286 5142 motum.
1341 5090 1360 5123 ι
1390 5073 1643 5127 Ecclesiae
1684 5090 1781 5142 po-

200 5147 336 5207 tius,
372 5140 536 5211 quam
570 5153 728 5196 terra!
760 5151 946 5212 motus
976 5141 1086 5212 fuit
1101 5140 1307 5212 ingens
1348 5142 1432 5194 illa
1467 5140 1778 5212 tempestas,

197 5209 670 5283 quamilulianus
720 5211 996 5283 excitavit.
1054 5209 1257 5283 __Melins
1319 5226 1447 5281 ergo
1522 5209 1601 5267 sic
1659 5217 1783 5268 red-

182 5280 407 5350 idideris
450 5298 468 5335 :
516 5300 535 5335 ι
579 5284 739 5350 Quasi
784 5282 1021 5336 futurqu
1052 5280 1143 5334 illo
1181 5280 1398 5336 auctore
1432 5292 1634 5337 motum
1669 5283 1778 5337 cla-

200 5373 379 5408 manet.
423 5373 442 5404 ι

183 5426 195 5485 ς
268 5425 387 5496 (79)
430 5422 545 5490 Τῆς
574 5424 851 5491 ὕστερον.
884 5421 1126 5496 Colli._6.
1162 5421 1262 5496 τῆς
1292 5423 1369 5486 εἰς
1390 5420 1638 5496 ὕστερον.

181 5504 197 5533 ι
269 5494 387 5607 $80)
428 5496 954 5562 Προσημαίνουσα.
993 5511 1011 5541 σ
1047 5493 1245 5546 Iudicio
1270 5493 1536 5561 prodens.
1573 5513 1592 5545 ι

292 5566 387 5607 RH
428 5564 555 5607 Ἵνα
590 5564 629 5607 ιῆ
659 5565 959 5607 ἠνανίῖώημ
992 5562 1082 5607 Sic
1114 5563 1350 5607 melioris
1376 5574 1511 5607 natm
1540 5579 1592 5607 er

292 5566 387 5635 81)
428 5564 555 5617 Ἵνα
590 5564 629 5633 ἢ
659 5565 961 5631 ἀνακὸψῃ.
992 5562 1082 5635 Sic
1114 5563 1359 5635 melioris
1376 5574 1511 5635 nota:
1540 5565 1773 5619 codices.

179 5624 465 5707 'Re‘ggia,
492 5636 546 5698 Ι),
571 5624 999 5707 quatuor-linit)"
1027 5628 1386 5707 Ρςιεξεη-ἱίκθΔ
1414 5633 1541 5707 Reg.
1570 5636 1679 5697 bin,
1707 5636 1775 5687 ἵν’

184 5704 474 5782 ἀποκόψῃ,
502 5703 600 5782 pro
626 5705 887 5782 ἀνακόςῴῃ.
926 5703 995 5758 Pa
1006 5705 1167 5782 τιμά,
1197 5703 1263 5756 ἶν’
1290 5703 1558 5778 ἀῦακόψῃ.

266 5773 400 5847 (82)
425 5773 708 5841 Ἆληθοῦς
734 5773 952 5837 δέἀειο.
988 5793 1006 5825 ι
1044 5773 1253 5840 Verius,
1284 5790 1443 5845 quant
1468 5773 1538 5829 υἱ
1555 5790 1647 5830 sua
1685 5790 1769 5831 uo-

528 5870 794 5930 Pnaoc.
822 5870 939 5931 Gn.
974 5867 1240 5929 XXXV.

1886 4722 2076 4865 00:3?!
2112 4788 2534 4865 φιλαδελφίας.
2562 4806 2581 4841 ι
2615 4786 2659 4843 Ο
2689 4788 2983 4846 fraternam
3009 4800 3304 4863 martyrum
3331 4790 3459 4845 cha-

1884 4862 2506 5001 mggrlllp’omixawo.
2544 4928 2679 4998 Reg.
2706 4944 2739 4981 u
2761 4968 2777 4992 ,
2802 4928 3084 5001 προσῆκαν
3108 4930 3169 4984 τὸ
3188 4932 3378 5057 δῶρον.

1957 5002 2068 5057 (851
2108 5000 2547 5057 Φθονήσοντος.
2597 4998 2670 5053 Ita
2716 5000 2881 5057 Rem.
2920 5001 2972 5057 b.
3019 5004 3127 5057 lim.
3155 5001 3245 5057 Itu.
3294 5044 3309 5057 .
3350 5002 3378 5057 d

1957 4998 2068 5071 (85)
2108 5000 2547 5067 Φθονήσοντος.
2597 4998 2670 5053 Ita
2716 4998 2881 5071 chg.
2920 4998 2977 5060 b.
3019 5004 3127 5067 lim,
3155 5001 3245 5067 Itu,
3270 4998 3309 5067 1,
3350 5002 3457 5060 duo

1886 5068 2315 5130 ColbﬁNonnnlli
2354 5086 2480 5141 vero
2521 5085 2643 5141 cum
2672 5072 2760 5127 ed.
2789 5068 3172 5141 φθονήσαντος.

1959 5142 2070 5214 (86)
2110 5142 2218 5197 Καὶ
2241 5139 2462 5214 (αὐτῆς,
2620 5139 3033 5214 Ιρειιιιιαυτοίς.
3062 5141 3205 5214 Idem
3242 5157 3455 5209 sensus,

1887 5210 2196 5269 utro-mndo
2237 5213 2403 5280 legas.
2441 5210 2625 5284 Billius
2668 5213 2801 5281 legit
2824 5211 3030 5284 abroiq.
3078 5213 3134 5266 Si
3171 5212 3316 5284 legas
3352 5214 3458 5268 αὑ-

1893 5287 2027 5356 τῆς,
2058 5284 2369 5337 vertendum
2397 5295 2413 5334 :
2452 5300 2469 5333 ι
2488 5281 2659 5350 Ipsius
2685 5295 2899 5352 quoque
2934 5282 3197 5352 paLestra:
3228 5281 3455 5355 gloriam

1885 5352 2165 5409 invideret.
2203 5371 2222 5405 ι

1955 5424 2067 5495 (87)
2113 5421 2235 5477 Τῶν
2258 5426 2482 5486 αλλων,
2509 5431 2615 5479 etc.
2656 5422 2826 5495 «Cum
2870 5422 2959 5476 alii
2996 5422 3319 5493 (martyre~)
3354 5425 3457 5493 piis

1885 5493 2135 5549 manibus
2189 5495 2489 5563 deponendi
2537 5505 2593 5549 et
2644 5493 2854 5548 colendi
2908 5503 3112 5555 essent.
3155 5496 3453 5550 exstructis

1882 5565 2088 5619 scilicet
2131 5562 2345 5617 illorum
2379 5565 2759 5634 monumentis,
2810 5564 3077 5634 illatisque
3110 5565 3161 5618 in
3189 5580 3251 5619 ea
3280 5564 3455 5621 sacris

1881 5634 2212 5707 pignoribus.
2249 5655 2269 5687 ι
2309 5637 2385 5687 Ita
2426 5633 2615 5690 Comb.
2648 5632 2814 5690 Recte
2850 5632 3086 5705 quidem,
3113 5649 3181 5691 ex
3222 5645 3334 5692 tota
3366 5650 3455 5691 rc-

1884 5705 1999 5759 rum
2037 5705 2197 5765 serie,
2228 5714 2459 5759 constat.

1955 5773 2065 5846 (88)
2118 5772 2534 5846 Ἀτιμάζωνται.
2564 5776 2687 5843 Alii,
2727 5778 3096 5851 ἀτιμάζονται.

2972 5866 3171 5933 ’18
