3878 6398
476 424 481 441 ι
496 374 602 431 535

1729 375 1787 431 8.
1831 371 2049 432 GREGC

2158 414 2161 425 ι
2200 367 2543 427 τιιεοιοαι
3572 375 3652 439 ιξε

566 485 801 543 XXVIII.
844 486 955 543 Etsi
1000 489 1146 543 enim
1178 488 1267 544 Ille
1302 498 1600 561 martyrum
1649 488 1788 544 Deus
1820 490 1932 561 90
1964 490 2049 545 im-

2235 485 2369 541 KH'.
2410 486 2473 540 Ei
2508 484 2617 557 γὰρ
2650 484 2743 538 καὶ
2769 484 2869 555 τὴν
2897 484 3148 539 ἀσέϐειαν
3188 483 3287 537 οὐκ
3311 482 3546 557 έπέσχινὸ
3573 495 3654 551 τῶν

495 578 747 644 pietatem
804 593 908 632 non
947 578 1228 647 repressit,
1278 595 1378 636 nec
1406 581 1618 646 scelus,
1658 583 1802 651 quod
1840 581 2065 636 medita-

494 672 651 726 batur
694 681 856 739 alque
888 671 1071 726 animo
1101 672 1418 741 premebat,
1471 673 1615 727 velut
1662 674 1859 728 malum
1894 676 2065 743 quod-

493 763 613 815 dam
673 761 994 831 proﬂuvium
1047 765 1231 818 statim
1284 765 1618 828 exsiccavit,
1664 776 1757 820 aut
1808 766 2060 831 inhibuit,

492 854 562 907 ob
594 868 686 907 eas
731 868 924 915 causas
953 869 1087 923 quas
1136 855 1250 925 ipse
1284 870 1380 923 pro
1421 854 1673 910 inell'abili
1703 872 1797 911 sua
1823 858 2064 927 petentia

491 944 933 1013 gubernandique
961 945 1171 1001 ratione
1199 947 1445 1017 cognitas
1470 959 1521 1001 et
1547 951 1853 1017 exploratas
1882 950 2063 1017 habet,

491 1046 586 1101 per
621 1050 781 1103 quam
812 1036 1249 1092 Amorrlimerum
1277 1040 1845 1110 quoqueiuiquitatem
1878 1057 2066 1096 cumu-

489 1123 592 1179 lari
645 1136 807 1195 atque
867 1127 1071 1197 expleri
1120 1139 1267 1183 certo
1317 1131 1541 1186 consilio
1586 1133 1930 1201 permittebat
1979 1134 2060 1200 ";

490 1223 667 1271 tamen
701 1228 758 1272 ut
792 1218 1062 1290 plerisque
1106 1221 1501 1287 consuleretur,
1543 1224 1865 1291 pravitatem
1914 1224 2060 1279 illam

490 1307 613 1363 odio
661 1318 716 1362 et
754 1308 1101 1365 detestationi
1130 1327 1249 1366 esse
1280 1313 1661 1377 conveniebat,
1692 1313 2061 1383 honoremque

490 1395 633 1449 hunc
670 1397 842 1465 rejici,
879 1413 944 1453 ac
968 1392 1062 1454 Dei
1093 1416 1220 1471 erga
1248 1404 1428 1455 omnia
1463 1419 1580 1472 qua:
1606 1402 1705 1471 ipsi
1739 1401 2060 1473 oﬂ’cruntur,

486 1486 795 1555 wquitatem
828 1498 880 1542 et
911 1492 1201 1559 puritatem
1232 1492 1612 1549 demonstrari.

558 1577 751 1634 XXIX.
805 1581 937 1636 Nam
973 1585 1063 1652 qui
1099 1582 1283 1638 lsraeli
1334 1586 1495 1654 impie
1551 1600 1608 1639 se
1661 1586 1865 1654 gerenti
1903 1588 2056 1651 dixit,

490 1669 551 1725 Si
585 1671 835 1726 obiit/eris
870 1674 1155 1743 siliginem.
1188 1692 1375 1729 vanum
1430 1687 1538 1739 est;
1574 1677 1917 1746 sufﬁmentum
1962 1681 2059 1733 ab-

485 1764 741 1817 ominatio
782 1766 909 1818 milii
943 1775 1017 1819 est
1046 1767 1091 1797 "
1119 1785 1131 1819 :
1163 1774 1360 1835 quippe
1398 1768 1559 1821 etiam
1603 1784 1788 1822 eorum
1833 1767 2061 1825 Neome-

487 1855 607 1909 nias
639 1868 692 1911 et
737 1856 972 1912 Sahhata
997 1871 1049 1914 et
1079 1861 1220 1915 diem
1256 1878 1504 1931 magnum
1539 1864 1782 1933 repudiat
1814 1880 1827 1917 :
1880 1880 2055 1934 neque

486 1946 630 2001 enim
668 1963 747 2012 se,
781 1963 901 2002 cum
931 1950 1121 2019 plenus
1146 1952 1235 2013 sit,
1266 1954 1370 2007 ulla
1416 1970 1474 2009 re
1514 1955 1746 2010 humana
1794 1968 1849 2012 et
1891 1974 2054 2027 parva

484 2050 621 2105 Opus
658 2038 855 2093 habere
880 2078 897 2102 ,
958 2050 1016 2092 ut
1065 2041 1284 2110 indigne
1328 2043 1489 2097 etiam
1520 2046 1715 2101 oblatis
1743 2051 2055 2104 muneribus

482 2133 779 2188 delectetur
814 2152 827 2188 :
858 2144 914 2189 et
951 2135 1117 2202 iniqui
1144 2137 1377 2192 hominis
1407 2142 1756 2206 sacriﬁcium,
1807 2148 2053 2213 quamvis

480 2226 641 2278 etiam
674 2226 893 2280 vitulum
937 2238 1169 2292 mactet,
1205 2231 1359 2299 quasi
1405 2246 1595 2286 canem
1635 2246 1957 2289 exsecratur
1982 2238 2048 2303 ",

481 2325 537 2368 et
574 2316 695 2368 thus
725 2317 876 2383 quasi
911 2315 1296 2384 blasphemiam
1323 2359 1338 2384 ,
1383 2334 1446 2374 ac
1480 2322 1802 2375 meretricis
1847 2337 2054 2377 merce-

478 2404 601 2459 dem
636 2420 665 2459 α
702 2407 901 2475 templo
944 2410 1272 2463 exterminat
1323 2422 1484 2480 atque
1513 2411 1738 2474 excutit,
1784 2427 2053 2481 unumque

480 2492 608 2549 illud
643 2496 965 2550 sacriﬁcium
990 2497 1042 2551 in
1068 2500 1241 2566 pretio
1268 2500 1450 2560 habet,
1492 2501 1633 2569 quod
1666 2515 1811 2569 pura:
1839 2517 2049 2567 manus,

478 2594 535 2640 et
556 2602 709 2641 mens
738 2584 949 2640 excelsa
1008 2598 1063 2641 et
1096 2588 1163 2641 ab
1191 2589 1337 2641 omni
1378 2588 1630 2642 vitiorum
1665 2590 1786 2643 labe
1814 2590 2049 2657 expiata,

478 2678 772 2745 purissimo
802 2677 1005 2731 numini
1033 2676 1303 2741 oderunt;
1341 2679 1467 2748 quid
1494 2680 1709 2743 mirum,
1745 2680 1788 2733 si
1815 2682 1953 2734 idem
1986 2696 2052 2735 ne

478 2770 739 2823 honorem
766 2769 986 2838 quidem
1020 2782 1165 2831 eum,
1196 2785 1353 2839 quem
1374 2770 1474 2824 iste
1505 2771 1766 2826 scelerate
1790 2786 1855 2827 ac
1879 2772 2052 2827 scele-

477 2870 596 2916 rata
650 2869 830 2915 mente
880 2859 1161 2925 oﬂ’erehat,
1196 2862 1467 2930 suscepit;
1522 2863 1631 2927 ille,
1668 2864 1908 2934 inquam,
1957 2865 2047 2934 qui

476 2966 583 3008 non
610 2952 842 3006 humano
874 2968 1023 3007 more
1044 2936 1331 3023 consipicit,
1361 2970 1461 3009 nec
1491 2957 1726 3026 speciem
1761 2967 2045 3012 externam

475 3054 703 3114 spectat,
732 3058 919 3098 verum
968 3044 1241 3099 occultum
1276 3046 1547 3101 hominem
1587 3048 1653 3113 ",
1691 3057 1853 3119 atque
1882 3050 2051 3104 inter-

474 3151 601 3190 nam
631 3138 743 3192 vitii
773 3137 856 3191 vel
880 3138 1091 3192 virtutis
1120 3136 1395 3192 omcinam
1434 3140 1709 3194 intuetur?
1738 3142 1914 3213 Atque
1950 3144 2049 3198 hoc

473 3230 693 3300 quidem
743 3230 849 3285 tale
895 3240 1000 3285 est.
1052 3230 1206 3297 Quod
1263 3234 1308 3288 si
1354 3233 1474 3302 quis
1527 3233 1656 3287 mihi
1711 3235 1887 3289 minus
1921 3236 2047 3293 lldei

472 3324 781 3378 habendum
812 3333 985 3393 putat,
1028 3339 1125 3379 eos
1160 3325 1337 3395 ipsos,
1384 3325 1477 3395 qui
1520 3326 1832 3395 spectaculo
1877 3328 2045 3383 inter-

470 3415 648 3479 fuere,
677 3423 842 3470 testes
886 3418 1175 3484 producam
1208 3435 1221 3471 :
1255 3433 1380 3471 nam
1411 3417 1609 3473 multos
1638 3418 1829 3485 habeo,
1875 3423 1966 3489 qui
1994 3431 2049 3476 et

473 3512 540 3564 ad
565 3524 663 3565 nos
687 3511 789 3563 hoc
813 3508 1132 3563 miraculum
1157 3508 1594 3575 transmiserunt,
1623 3519 1678 3565 et
1706 3512 1771 3562 ad
1798 3521 2047 3581 posteros

474 3602 862 3657 transmittent.

547 3690 718 3746 XXX.
756 3690 1115 3761 Posteaquam
1146 3700 1326 3745 autem
1365 3691 1429 3745 ad
1458 3690 1664 3747 virilem
1695 3702 1909 3749 atatem
1936 3695 2044 3765 jam

475 3782 774 3854 progressi,
828 3782 1180 3853 philosophia:
1230 3783 1424 3852 placita
1474 3784 1826 3853 degustat-unt
1862 3786 2046 3857 (quod

473 3875 678 3928 utinam
705 3890 977 3942 nunquam
1004 3873 1279 3930 fecissent!
1310 3877 1327 3943 )
1359 3877 1679 3947 dicendique
1708 3876 2044 3945 facultatem,

471 3980 591 4035 qua:
620 3976 676 4019 ut
702 3967 885 4036 probis
918 3976 975 4021 et
1002 3968 1241 4021 honestis
1274 3969 1489 4023 virtutis
1523 3970 1945 4026 instrumentum
1982 3989 2047 4028 ac

468 4058 772 4113 subsidium
809 4066 923 4121 est,
981 4057 1055 4111 ita
1099 4058 1358 4126 improbis
1394 4066 1446 4112 et
1480 4058 1763 4129 ﬂagitiosis
1791 4061 1907 4115 vitii
1946 4062 2043 4117 sti-

470 4149 650 4203 mulus
679 4148 933 4217 elicitur,
972 4149 1194 4221 insuper
1218 4161 1649 4221 assumpsernnt,
1682 4154 1904 4209 minime
1931 4153 2044 4224 jam

468 4241 615 4295 omni
645 4257 712 4296 ex
752 4252 904 4310 parte
938 4244 1183 4297 morbum
1223 4242 1404 4297 animo
1426 4242 1675 4297 clausum
1710 4254 1913 4311 tenere,
1948 4261 2047 4301 nec

468 4332 765 4401 impietatis
799 4334 1041 4387 lraudem
1078 4349 1303 4403 prorsus
1328 4350 1511 4389 secum
1550 4335 1667 4405 ipse
1700 4336 1845 4391 solus
1876 4337 2045 4391 medi-

470 4425 573 4479 tari
615 4435 843 4495 poterat.
893 4425 1031 4492 Quin
1061 4428 1261 4497 putius,
1294 4427 1746 4495 quemadmodum
1776 4429 1952 4498 ignem
1990 4430 2042 4483 in

2168 578 2457 653 μαρτύρων
2493 576 2624 640 Θεὸς
2644 618 2658 641 ,
2688 576 2807 630 οὐδὲ
2842 577 2940 648 τὴν
2971 576 3348 647 μελετωμένην
3370 580 3452 632 καὶ
3475 599 3657 653 κρυπτο,

2168 671 2335 742 μένην
2368 668 2563 723 κακίαν
2596 667 2785 738 ῶσπερ
2818 666 2994 739 ῥεῦμα
3022 667 3131 739 (89)
3157 667 3386 739 πονηρὸν
3421 672 3557 739 εὐθὺς
3587 680 3638 733 ἀν

2164 762 2456 833 εξήρανεν,
2491 759 2523 830 ἢ
2570 758 2863 829 ἀνέκοψεν,
2906 754 2989 823 οἷς
3030 760 3192 823 αὐτὸς
3228 759 3473 830 ἠπίστατο
3504 764 3659 837 λόγοις,

2164 851 2305 905 κατά
2343 850 2440 922 τὴν
2467 849 2702 922 ἆῤῥητον
2730 845 2892 901 αὐτοῦ
2928 847 3119 917 σοφίαν
3149 864 3208 900 τε
3250 846 3343 900 καὶ
3376 849 3659 923 κυϐέρνησιν,

2164 941 2286 996 καθ’
2313 942 2379 1013 ἥν
2404 942 2495 993 καὶ
2524 939 2620 1002 τὰς
2656 937 2995 1007 Ἀμορραίων
3022 936 3250 1008 ἀνομίας
3273 936 3663 1013 ἀναπληρωθῆναι

2163 1032 2428 1104 ᾠκονόμει
2448 1047 2460 1059 ·
2500 1030 2612 1085 ἀλλ’
2646 1028 2751 1082 ἔδει
2777 1029 2875 1100 τήν
2903 1046 2960 1081 τε
2991 1028 3103 1100 (90)
3138 1027 3450 1098 κακοήθειαν
3482 1034 3665 1105 μισῃθῆ.

2164 1140 2285 1188 ναι,
2316 1122 2409 1175 καὶ
2437 1120 2535 1192 τὴν
2565 1120 2729 1192 τιμὴν
2750 1118 3072 1189 ἀπωσθῆναι
3101 1118 3211 1171 τῶν
3244 1116 3440 1171 πολλῶν
3468 1118 3559 1190 (91)
3580 1122 3665 1176 ἕνε-

2164 1228 2277 1277 κεν,
2330 1212 2421 1265 καὶ
2462 1210 2733 1281 δειχθῆναι
2784 1208 2878 1261 τοῦ
2922 1207 3056 1261 Θεοῦ
3110 1207 3208 1279 τὴν
3261 1208 3387 1278 περὶ
3423 1208 3574 1263 πάντα
3616 1213 3668 1267 τὰ

2163 1303 2577 1375 προσφερόμενα
2610 1302 2830 1373 ἰσότητά
2854 1318 2913 1355 τε
2941 1301 3035 1355 καὶ
3067 1300 3429 1374 καθαρότητα.

2232 1563 2363 1619 κθι,
2410 1563 2470 1616 '0
2514 1562 2625 1634 γὰρ
2652 1560 2821 1615 είπὼν
2857 1562 3140 1617 ἀσεϐοῦντι
3181 1561 3258 1635 τῷ
3294 1563 3524 1636 Ἰσραήλ·
3562 1566 3673 1623 Ἐὰν

2160 1654 2535 1724 προσφέρητε
2584 1654 2694 1724 (92)
2754 1654 3092 1723 σεμίδαλιν,
3139 1654 3417 1726 μάταιον·
3462 1660 3671 1728 θυμίαμα

2155 1744 2470 1814 ,ϐδέλυγμὰ
2485 1746 2589 1814 μοί
2621 1745 2779 1798 ἐστι·
2826 1746 2923 1809 τάς
2964 1762 3023 1797 τε
3068 1745 3380 1816 Νουμηνίας
3416 1747 3573 1800 αὐτῶν
3602 1750 3673 1801 καὶ

2090 1839 2132 1893 Β
2158 1837 2226 1890 τὰ
2254 1837 2505 1890 Σάϐϐατα
2525 1877 2540 1901 ,
2572 1839 2664 1890 καὶ
2693 1838 2907 1909 ἡμέραν
2948 1838 3191 1909 μεγάλην
3223 1839 3285 1891 ού
3338 1841 3646 1911 προσιέμενος
3658 1853 3671 1869 ⁸

2163 1932 2297 2003 μηδὲ
2325 1931 2433 2002 γάρ
2464 1930 2686 1997 δεῖσθαι,
2728 1930 2941 2002 πλήρης
2974 1929 3068 1992 ῶν,
3109 1930 3334 1999 μηδενὸς
3369 1929 3469 1982 τῶν
3508 1930 3674 2001 ἀνθρωο

2159 2024 2327 2076 πίνων
2366 2040 2423 2076 τε
2465 2024 2559 2077 καὶ
2595 2022 2840 2094 μικρῶν,
2890 2024 2974 2076 ἵνα
3018 2023 3180 2093 χαίρῃ
3221 2024 3315 2075 καὶ
3358 2025 3462 2085 τοῖς
3491 2024 3676 2089 ἀναξίως

2160 2114 2647 2187 προσφερομένοιςο
2687 2115 2785 2186 τήν
2828 2131 2885 2167 τε
2931 2115 3023 2167 τοῦ
3068 2115 3270 2185 ἀνόμου
3317 2112 3515 2177 θυσίαν,
3545 2111 3675 2187 κάνῇ

2162 2208 2377 2277 μόσχος,
2446 2207 2521 2268 ὡς
2585 2208 2743 2271 κυνὸς
2808 2208 2916 2278 (95)
2986 2207 3436 2278 βδελυττόμενος,
3495 2209 3576 2262 καὶ
3620 2208 3675 2271 ὡς

2158 2300 2507 2371 βλασφημίαν
2544 2301 2634 2354 τὸν
2668 2301 2909 2365 λίϐανον,
2955 2303 3049 2355 καὶ
3104 2301 3358 2371 ἄλλαγμα
3393 2302 3576 2372 πόρνης
3611 2299 3674 2364 ἒξ-

2156 2390 2351 2464 ορίζων
2383 2391 2476 2444 τοῦ
2507 2390 2651 2462 ἱεροῦ
2675 2393 2766 2445 καὶ
2798 2392 3186 2463 ἀποσειόμενος
3204 2436 3219 2459 ,
3252 2394 3420 2465 μόνην
3447 2393 3498 2445 δὲ
3527 2392 3679 2445 θυσίαν

2154 2485 2366 2556 τιμῶν,
2414 2486 2478 2556 ἥν
2524 2485 2761 2557 καθαραὶ
2811 2485 2887 2555 τῷ
2936 2485 3312 2556 καθαρωτάτῳ
3364 2486 3679 2558 προσφέρουσι

2159 2578 2356 2647 χεῖρες,
2390 2576 2484 2629 καὶ
2519 2575 2643 2639 νοῦς
2681 2574 2880 2647 ὑψηλός
2908 2593 2966 2629 τε
2992 2577 3087 2630 καὶ
3120 2577 3476 2647 ἡγνισμένος·
3503 2576 3549 2628 τί
3583 2575 3683 2627 θαυο

2160 2666 2382 2737 μαστὸν,
2421 2666 2469 2718 εί
2503 2665 2636 2736 μηδὲ
2676 2666 2774 2737 τὴν
2807 2666 3014 2719 ἐκείνου
3045 2668 3211 2738 τιμὴν
3240 2666 3583 2739 προσεδέξατο
3607 2684 3680 2721 πο-

2156 2757 2337 2830 νηρῶς
2377 2775 2436 2811 τε
2467 2759 2557 2811 καὶ
2590 2757 2725 2828 μετά
2764 2760 3005 2830 πονηρᾶς
3044 2760 3141 2830 τῆς
3179 2760 3420 2823 διανοίας
3455 2776 3684 2830 προσαγο-

2159 2849 2348 2919 μένην,
2374 2848 2403 2899 ό
2434 2848 2508 2919 μὴ
2534 2848 2781 2918 καθορῶν
2807 2849 2881 2913 ὡς
2911 2850 3194 2920 ἄνθρωπος
3220 2850 3361 2917 (94),
3397 2850 3521 2921 μηδὲ
3548 2851 3614 2911 είς
3638 2848 3684 2901 τὺ

2156 2940 2474 3011 φαινόμενον
2501 2939 2734 3009 βλέπων,
2758 2940 2871 2993 ἀλλ’
2906 2940 2985 3003 είς
3010 2940 3101 2993 τὸν
3136 2940 3380 3012 κρυπτὸν
3416 2929 3682 3010 ἄνθρωπον,

2156 3033 2251 3086 καὶ
2278 3034 2357 3095 εἰς
2386 3032 2445 3084 τὸ
2480 3032 2627 3085 ἔνδον
2670 3034 2768 3102 τῆς
2801 3030 2998 3095 κακίας
3026 3031 3059 3102 ἢ
3092 3032 3191 3103 τῆς
3229 3031 3435 3102 ἀρετῆς
3465 3034 3687 3102 ὲργαστή⁹

2157 3140 2307 3195 ριον;
2343 3124 2511 3177 Τοῦτο
2538 3124 2636 3195 μὲν
2662 3123 2727 3195 δὴ
2758 3124 2966 3177 τοιοῦτο
2985 3140 2999 3153 ·
3030 3126 3121 3177 καὶ
3151 3124 3206 3176 εί
3231 3142 3321 3188 τις
3346 3124 3570 3184 ἀπιστεῖ,
3592 3123 3691 3185 τοὺς

2078 3208 2125 3272 C
2152 3216 2511 3287 τεθεαμένους
2532 3216 2728 3279 αὐτοὺς
2755 3215 3261 3286 ὲπιμαρτυρόμεθαο
3292 3214 3475 3267 πολλοὶ
3494 3213 3545 3266 δέ
3562 3214 3690 3274 εἰσιν,

2155 3308 2204 3361 οἶ
2247 3310 2339 3363 καὶ
2369 3310 2498 3379 ἡμῖν
2532 3309 2625 3362 καὶ
2657 3311 2771 3371 τοῖς
2811 3306 3004 3361 ἔπειτα
3037 3307 3097 3361 τὸ
3150 3306 3341 3379 θαῦμα
3389 3305 3541 3359 τοῦτο
3577 3320 3694 3374 παρ·

2154 3402 2405 3475 έπεμψάν
2432 3419 2491 3454 τε
2522 3402 2615 3455 καὶ
2646 3400 3103 3472 παραπέμψουσιν

2224 3693 2301 3745 Λ’.
2345 3691 2494 3744 Ἐπεὶ
2526 3692 2581 3744 δὲ
2612 3693 2690 3755 εἰς
2724 3692 2918 3762 ἄνδρας
2952 3691 3227 3761 προϊόντες
3270 3690 3375 3762 ήδη
3407 3690 3514 3743 τῶν
3550 3689 3601 3741 ὲν
3630 3703 3700 3756 φι-

2151 3782 2376 3853 λοσοφία
2398 3783 2681 3853 δογμάτων
2706 3782 2912 3853 ἥψαντο
2966 3783 3059 3851 (ὼς
3090 3784 3309 3853 μήποτε
3339 3780 3601 3850 ὤφελονί)
3626 3776 3698 3831 καὶ

2152 3873 2249 3944 τὴν
2284 3875 2347 3926 ἐκ
2378 3874 2471 3926 τοῦ
2506 3873 2663 3941 λόγου
2687 3873 3133 3945 προσελάμϐανον
3154 3873 3412 3943 δύναμιν,
3435 3873 3469 3944 ἦ
3494 3874 3596 3935 τοῖς
3622 3868 3698 3940 μὲν

2151 3966 2449 4019 ἐπιεικέσιν
2486 3967 2687 4037 ἀρετῆς
2711 3965 2895 4028 ὅπλον,
2923 3969 3032 4029 τοῖς
3062 3967 3120 4018 δὲ
3155 3965 3578 4037 μοχθηροτέροις
3598 3961 3698 4014 κέν-

2150 4074 2276 4129 τρον
2305 4058 2503 4121 κακίας
2529 4058 2758 4126 γίνεται,
2790 4058 2974 4110 ούκέτι
3009 4057 3256 4127 κατέχειν
3291 4057 3425 4127 ὃλην
3456 4056 3553 4125 τὴν
3576 4052 3701 4105 νόσον

2150 4145 2259 4213 οἷός
2284 4167 2342 4202 τε
2366 4145 2455 4221 ἦν,
2490 4150 2612 4203 οὐδὲ
2647 4148 2924 4213 παντελῶς
2954 4149 3046 4201 τὸν
3081 4150 3179 4220 τῆς
3213 4148 3476 4210 ἀσεϐείαις
3498 4145 3632 4199 δόλον
3656 4143 3702 4193 ἐν

2152 4241 2326 4313 ἑαυτῷ
2359 4243 2503 4313 μόνῳ
2531 4242 2836 4313 φιλοσοφεῖν
2855 4259 2868 4273 ’
2906 4242 3018 4296 ἀλλ’
3051 4242 3239 4313 ὥσπερ
3268 4242 3386 4311 πῦρ
3419 4236 3703 4312 ὲμφωλεῦον

2152 4332 2273 4405 ὓλην
2304 4334 2408 4387 κᾶν
2440 4336 2602 4405 μήπω
2645 4333 2779 4403 πρὸς
2810 4333 2982 4403 φλόγα
3023 4332 3285 4405 λαμπράν
3311 4332 3478 4405 ἀρθῇ,
3515 4326 3706 4395 σπινθῆ-

2152 4427 2244 4499 ρές
2284 4444 2427 4491 τινες
2464 4427 2788 4491 ἑ-ξάτῖῗιτοντες
2826 4427 2936 4497 (95)
2972 4427 3004 4497 ἢ
3048 4426 3256 4487 καπνὸς
3288 4427 3357 4479 ὲκ
3387 4424 3577 4495 βάθους
3598 4420 3707 4472 ὑπο-

467 4519 695 4572 tnateria
746 4518 1022 4583 latentem,
1076 4519 1288 4573 etiamsi
1325 4518 1561 4572 nondum
1613 4520 1665 4573 in
1714 4519 2041 4573 luculentam

2158 4519 2505 4589 σημαίνουσιν
2528 4537 2541 4550 ·
2575 4523 2623 4573 εί
2652 4519 2828 4590 βούλει
2858 4519 2934 4580 δὲ,
2968 4518 3074 4572 τῶν
3106 4518 3303 4589 πηγῶν
3350 4519 3410 4571 αἱ
3453 4513 3708 4585 σήραγγάς

465 4610 738 4667 ﬂammam
769 4610 1070 4673 attollatnr,
1102 4612 1405 4665 emicantes
1429 4621 1607 4665 tamen
1633 4610 1882 4665 scintilla:
1903 4626 2043 4680 qua!-

466 4704 611 4768 dam,
664 4710 757 4757 aut
808 4703 1340 4773 fumuseprot'undo
1388 4703 1771 4769 subindicant;
1820 4710 1938 4769 aut,
1993 4703 2037 4756 si

465 4796 673 4858 mavis,
710 4794 1162 4862 quemadmodum
1216 4794 1391 4848 fontes
1435 4794 1531 4858 illi,
1573 4792 1665 4862 qui
1711 4805 1805 4861 per
1847 4807 2039 4861 specus

462 4882 570 4953 91
602 4886 864 4953 quosdam
891 4900 1012 4938 cum
1038 4881 1168 4937 llatu
1198 4883 1508 4947 volvuntur,
1533 4898 1597 4937 ac
1623 4882 1816 4936 deinde
1847 4880 2039 4935 arctis-

461 4977 603 5029 sime
636 4975 955 5043 compressi.
988 4990 1086 5029 nec
1110 4975 1335 5028 liberum
1370 4978 1572 5028 exitum
1596 4973 1875 5036 habentes,
1905 4972 2034 5025 mul-

462 5068 533 5123 tis
564 5076 724 5124 terrae
756 5068 889 5123 locis
922 5083 1173 5138 vaporem
1226 5069 1278 5121 in
1320 5067 1552 5122 sublime
1592 5068 1854 5130 mittunt,
1904 5070 2035 5121 taci-

2146 4628 2298 4674 τινας
2348 4611 2742 4683 ύποτρέχουσαι
2780 4610 2917 4680 μετά
2958 4610 3306 4681 πνεύματος,
3342 4604 3445 4662 εἶτ’
3490 4606 3706 4676 εὐρυχω-

2150 4702 2270 4772 ρίαν
2304 4704 2403 4756 ούκ
2442 4703 2679 4773 ἔχουσαι,
2709 4703 2828 4755 ούδὲ
2858 4702 3085 4768 διέξοδον
3115 4702 3439 4773 ἐλευθέραν,
3468 4689 3709 4763 πολλαχοῦ

2144 4796 2244 4865 τῆς
2271 4796 2375 4866 γῆς
2406 4794 2724 4865 ἀναφυσῶσι
2753 4794 2848 4846 καὶ
2876 4794 3147 4864 ὕπηχοῦσι
3182 4792 3471 4873 κάτωθεν,
3502 4786 3602 4843 ὑπὸ
3631 4784 3711 4855 μὲν

2143 4888 2241 4957 τῆς
2280 4887 2393 4959 (96)
2434 4886 2529 4941 τοῦ
2572 4885 2885 4957 πνεύματος
2924 4885 3341 4957 ἀνωθούμεναι,
3384 4884 3491 4937 ὑπὸ
3535 4880 3588 4933 δὲ
3630 4876 3711 4944 τῆς

2142 4979 2348 5033 ἀνωθεν
2408 4979 2526 5049 βίας
2583 4979 2944 5049 κατεχόμεναί
2990 4996 3048 5031 τε
3107 4980 3199 5032 καὶ
3252 4974 3709 5044 ἀνακοπτόμεναι’

2143 5069 2287 5123 οὕτω
2329 5073 2423 5125 καὶ
2470 5072 2633 5136 αύτδς
2677 5073 2739 5125 τὸ
2788 5073 2887 5141 μὲν
2936 5071 3072 5125 πολὺ
3136 5071 3236 5140 τῆς
3283 5068 3548 5129 ἀσεϐείας
3600 5076 3715 5115 tu?"

535 5184 580 5215 ”
605 5182 744 5240 Gen.
787 5199 877 5247 XV,
904 5182 990 5237 16.
1068 5183 1111 5213 '°
1147 5182 1245 5235 Isa.
1274 5198 1310 5247 ι,
1344 5182 1431 5237 15.
1506 5182 1551 5211 ἰ
1596 5182 1748 5236 Deut.
1787 5197 1942 5245 χχιιι,
1986 5181 2049 5235 18

2158 5185 2198 5215 ¹¹
2230 5182 2249 5236 I
2284 5184 2434 5239 Petr.
2462 5201 2548 5249 III,
2572 5186 2625 5242 4.

538 5300 651 5369 (89)
702 5300 940 5369 Ῥεῦμα.
972 5298 1205 5353 Montae.
1240 5299 1365 5369 legit
1401 5297 1653 5368 ῥεύματι.

536 5368 647 5437 (90)
692 5371 811 5437 Τήν
836 5368 917 5423 τε.
948 5370 1064 5421 ΒιΗ.
1089 5373 1138 5422 in
1157 5370 1308 5426 Orat.
1335 5368 1456 5423 Bas.
1478 5370 1577 5438 τήν
1600 5386 1682 5437 γε.

535 5440 646 5511 (9|;
693 5441 815 5492 Τῶν
851 5440 1118 5493 πολλῶν.
1158 5461 1175 5490 ι
1222 5439 1290 5493 Ut
1341 5439 1500 5507 vulgo
1552 5439 1925 5494 consuleretur
1977 5456 2039 5495 ac

463 5510 814 5565 multitudini.
851 5531 869 5562 ι

536 5578 1087 5652 (92)]1ροσφέρητε.
1120 5581 1250 5649 Reg.
1281 5596 1335 5643 a,
1366 5580 1419 5639 li,
1447 5577 1785 5652 προσφέρῃς.
1809 5579 2035 5636 Moutac.

463 5648 817 5723 προσφέρεις.
856 5648 907 5703 In
925 5648 1042 5706 Visa.
1066 5648 1286 5723 φέρητε.

535 5721 647 5791 (95)
689 5718 791 5785 Ὦς
820 5725 1024 5787 κυνός.
1056 5718 1248 5789 ίίεέςζι,
1274 5734 1330 5777 et
1351 5722 1540 5775 Comi).
1566 5721 1641 5785 ὡς
1667 5718 1823 5773 κύνα.

530 5790 648 5867 (94)
701 5791 797 5859 Ὧς
820 5792 1143 5862 ἇνίιιωπος.
1176 5796 1305 5864 lleg.
1337 5793 1447 5857 bm,
1470 5791 1659 5848 Contb.
1685 5793 1880 5859 aliique
1904 5806 2033 5847 non.

2152 5302 2283 5355 nulli
2328 5304 2530 5356 addunt
2562 5304 2787 5359 κατίδοι.
2830 5325 2848 5357 ι
2884 5305 2983 5373 Qui
3025 5318 3129 5357 non
3168 5303 3240 5354 ita
3270 5300 3451 5364 videt,
3483 5307 3543 5350 ut
3579 5295 3719 5347 homo

2148 5374 2465 5442 perviderit.
2499 5394 2517 5425 ι
2748 5410 2755 5415 -

2223 5442 2359 5510 (95)·
2389 5442 2798 5511 Ἐξάπτοντες.
2830 5444 2907 5498 Ita
2934 5445 3168 5513 quinque
3190 5439 3356 5513 Regii
3402 5438 3600 5506 aliique
3624 5434 3722 5501 plu-

2150 5527 2260 5586 res.
2292 5515 2534 5586 lieg._lun
2565 5527 2619 5586 et
2650 5516 2804 5570 Culb.
2833 5513 2869 5568 k
2892 5512 3096 5586 habent
3112 5512 3471 5586 ἐξάπτονται.
3615 5574 3626 5586 .

2223 5584 2333 5653 (96)
2370 5570 2513 5654 Τῆς.
2574 5585 2690 5638 Non
2753 5586 3028 5654 inelegans
3087 5570 3170 5654 hic
3215 5574 3629 5654 articulusqui
3664 5570 3723 5628 ad

2147 5652 2273 5734 βίας
2315 5651 2504 5709 referri
2545 5666 2748 5726 potest;
2782 5651 2923 5711 hunc
2950 5664 3129 5710 tamen
3157 5652 3207 5706 in
3242 5651 3400 5707 nullo
3432 5651 3614 5706 codice
3647 5658 3721 5699 re-

2146 5740 2407 5793 perimus.
