3878 6398
236 446 324 502 657

1188 432 1445 488 ORATIO
1485 433 1572 487 IV.
1614 461 1682 472 -—
1720 435 1996 490 CONTRA
2034 436 2378 494 IULIANUNI
2423 439 2459 491 l.

3344 444 3453 505 εδδ

249 581 475 651 ἔκρυπτεν
502 572 603 625 ὐπδ
624 572 716 625 τοῦ
734 572 932 644 καιροῦ
959 572 1067 643 (97)
1090 572 1299 643 καὶτῆς
1326 572 1418 626 τοῦ
1446 573 1752 646 κρατοῦντος

1875 566 2094 626 tumque
2142 557 2211 611 ab
2264 558 2368 611 ima
2416 568 2567 624 parte
2626 559 2912 628 strepitqu
2965 562 3166 627 edunt;
3223 578 3253 616 a
3319 563 3450 621 ﬂatu

243 665 612 735 παιδαγωγίαςο
661 663 813 717 οὗπω
867 666 971 736 γὰρ
1022 665 1086 717 τὸ
1138 664 1386 736 φανερῶς
1436 664 1653 718 ἀσεϐεῖν
1702 661 1771 736 ἦν

241 760 478 830 ἀσφαλές·
506 756 614 808 ἔστι
650 756 705 809 δὲ
747 756 869 810 ὅποι
913 756 1024 825 (98)
1060 757 1154 811 καὶ⁹
1190 756 1539 828 παρεγύμνου
1571 757 1631 809 τὸ
1671 758 1771 828 τῆς

239 854 432 925 γνώμης
479 849 783 919 ἀπόρρητον
842 852 954 912 τοῖς
997 848 1274 920 δευτέροις
1311 848 1407 920 τὴν
1448 848 1766 919 ἀσέϐειαν-ἢ

234 944 318 1012 τὴν
348 931 666 993 σύνεσιν’⁶οὲν
693 956 750 991 τε
784 942 897 1001 τοῖς
922 938 1032 1009 (99)
1065 939 1200 1010 πρὸς
1228 938 1317 991 τὸν
1345 938 1567 1005 ἀδελφὸν
1592 937 1772 1005 λόγοις

230 1028 369 1081 πλέον
404 1026 434 1097 ἦ
467 1023 640 1088 καλῶς
672 1022 835 1096 εἶχεν,
874 1027 1014 1099 ὑπὲρ
1060 1026 1327 1097 Ἑλλήνων
1376 1028 1773 1098 διατεινόμενος

232 1118 488 1191 (προφάσει
521 1117 676 1189 δῆθεν
701 1119 776 1183 ὡς
805 1120 896 1173 τὸν
928 1121 1074 1191 ἥττω
1105 1120 1397 1193 γυμνάζων
1427 1120 1601 1190 λόγον,
1629 1119 1772 1187 τὸδὲ

223 1210 282 1286 ἦν
321 1213 477 1274 ὄντως
511 1211 783 1281 γυμνασία
817 1214 957 1267 κατά
994 1212 1093 1283 τῆς
1138 1213 1449 1284 ἀληθείας),
1513 1214 1609 1265 καὶ
1638 1213 1773 1264 πᾶσι

223 1304 407 1375 χαίρων
439 1297 519 1365 οἷς
542 1302 744 1375 ἀσεϐὴς
774 1302 976 1374 τρόπος
1008 1302 1489 1375 χαρακτηρίζεται.

1876 651 2091 720 quidem
2149 666 2361 705 sursum
2404 651 2663 719 impulsi,
2719 664 2972 707 caeterum
3021 670 3049 707 a
3107 671 3339 726 superna
3396 660 3449 715 vi

1878 742 2067 796 retenti
2121 752 2177 795 et
2237 741 2458 795 coerciti
2499 761 2511 795 :
2552 744 2738 797 eodem
2797 760 3012 814 quoque
3072 748 3232 803 modo
3288 750 3448 821 ipse,

1881 835 2091 890 tametsi
2141 833 2210 888 ob
2271 835 2530 905 temporis
2579 836 3000 903 necessitatem,
3059 838 3304 911 ejusque,
3356 844 3452 911 qui

1876 942 2056 981 rerum
2091 926 2417 995 potiebatur,
2455 926 2839 982 auctoritatem
2872 940 3034 999 atque
3081 933 3446 1004 disciplinam,

1875 1019 2131 1088 majorem
2185 1017 2479 1086 impietatis
2535 1027 2741 1089 partem
2815 1024 3141 1087 occultaret;
3210 1029 3445 1082 nondum

1874 1112 2017 1165 enim
2046 1110 2377 1179 impietatem
2408 1120 2596 1181 aperte
2628 1113 2866 1180 proﬁteri
2902 1122 3069 1168 tutum
3092 1128 3248 1185 erat;
3276 1120 3447 1176 inter-

1876 1205 2000 1257 dum
2027 1213 2203 1257 tamen
2236 1203 2301 1257 iis
2337 1204 2428 1270 qui
2470 1202 2750 1271 impietate
2778 1220 2938 1273 quam
2983 1210 3264 1275 prudentia
3319 1229 3437 1267 acu-

1876 1298 2042 1351 tiores
2074 1306 2251 1359 erant,
2298 1295 2493 1349 mentis
2540 1311 2799 1349 arcanum
2844 1299 3154 1367 apericbat;
3220 1316 3330 1357 tum
3390 1308 3442 1360 in

220 1397 644 1468 disputationibus
701 1414 836 1467 quas
892 1415 1012 1453 cum
1066 1399 1233 1453 fratre
1298 1400 1569 1465 habebat,
1634 1398 1753 1468 plus
1812 1411 1972 1466 quam
2020 1407 2231 1464 mquum
2296 1400 2445 1454 erat,
2496 1405 2593 1460 pro
2635 1391 2867 1446 ethnicis
2914 1396 3247 1450 contendens
3307 1399 3446 1466 (hoc

220 1491 409 1558 quidem
444 1498 703 1557 praetextu
754 1493 907 1557 quasi
943 1490 1257 1546 inferiorem
1316 1493 1616 1547 doctrinam
1668 1488 2071 1545 exercitationis
2117 1500 2278 1541 causa
2341 1493 2600 1546 tueretur,
2654 1495 2906 1539 caeterum
2965 1502 3150 1543 revera
3184 1492 3448 1549 adversus

218 1578 475 1632 veritatem
524 1580 759 1647 seipsum
825 1580 1161 1650 exercens);
1218 1592 1328 1635 tum
1393 1582 1644 1639 omnibus
1700 1581 1766 1635 iis
1802 1580 1961 1635 rebus
2003 1578 2264 1648 gaudens,
2298 1575 2493 1645 quibus
2549 1592 2755 1629 morum
2823 1577 3072 1647 impietas
3112 1587 3266 1651 quasi
3321 1606 3433 1644 cer.

216 1670 419 1725 tissimis
445 1670 767 1739 quibusdam
800 1673 941 1727 notis
975 1673 1321 1743 exprimitur.

268 1790 383 1844 AA'.
430 1789 587 1843 Ἐπεὶ
606 1790 663 1843 δὲ
693 1791 785 1844 τὸν
821 1792 919 1861 μὲν
950 1793 1176 1863 ἀδελφὸν
1203 1797 1236 1864 ἡ
1276 1795 1647 1873 φριανθρωπία
1673 1795 1752 1848 τοί

1941 1783 2135 1842 XXXI.
2187 1784 2257 1837 At
2293 1792 2574 1852 postquam
2606 1785 2949 1851 Imperatoris
2982 1788 3287 1859 benignitas
3327 1796 3445 1849 fra-

210 1883 588 1954 αὐτοκράτορος
635 1884 983 1939 ἀποδείκνυσι
1032 1887 1108 1956 (1)
1159 1887 1400 1957 βασιλέα,
1458 1884 1552 1941 καὶ
1596 1889 1761 1960 μέρος

206 1976 290 2028 οὐκ
322 1975 493 2043 ὀλίγον
538 1976 905 2047 ἐγχειρίζεται
941 1980 1017 2048 (2)
1062 1980 1162 2051 τῆς
1201 1981 1555 2051 οἰκουμένης,
1600 1981 1677 2052 τῷ
1705 1982 1763 2035 δὲ

207 2067 396 2137 ὐπῆρχε
436 2066 581 2121 κατὰ
613 2068 811 2140 πολλὴν
842 2069 1092 2134 ἐξουσίαν
1122 2073 1214 2125 καὶ
1237 2072 1440 2137 ἄδειαν,
1472 2074 1563 2126 καὶ
1588 2073 1760 2140 λόγων

205 2161 285 2215 καὶ
309 2160 641 2214 διδασκάλων
694 2164 810 2226 τοῖς
853 2162 1266 2235 ὀλεθριωτὰτοις
1298 2164 1374 2231 (5)
1414 2164 1762 2235 προσομιλεῖν

205 2253 222 2321 (
260 2252 399 2305 Ἀσία
428 2252 483 2305 δὲ
533 2247 606 2323 ἦν
640 2252 791 2323 αὐτῷ
839 2254 899 2307 τὸ
932 2254 1029 2324 τῆς
1071 2254 1327 2319 ἀσεϐείας
1366 2256 1757 2319 διδασκαλεῖον,

203 2345 284 2415 ὅση
318 2361 375 2397 τε
410 2345 536 2415 περὶ
585 2344 944 2416 ἀστρονομίαν
969 2346 1062 2399 καὶ
1092 2345 1191 2411 τὰς
1214 2348 1479 2415 γενέσεις,
1509 2347 1601 2400 καὶ
1630 2364 1761 2416 φαν-

201 2436 369 2490 τασίαν
405 2435 774 2506 προγνώσεως
802 2437 1184 2508 τερατεύεται,
1221 2439 1317 2491 καὶ
1358 2438 1457 2509 τὴν
1486 2438 1759 2510 ἑπομένην

200 2528 383 2591 τούτοις
408 2529 703 2599 γοητικὴν)
730 2546 745 2561 ο
797 2529 854 2583 ἓν
890 2530 970 2585 ἔτι
995 2529 1056 2583 τὸ
1085 2531 1268 2585 λεῖπον
1302 2526 1370 2603 ἦν
1396 2531 1493 2599 (4),
1528 2548 1757 2604 προστε-

200 2619 335 2691 θῆναι
371 2623 434 2691 τῇ
462 2621 698 2693 ἀσεϐείᾳ
734 2623 827 2679 καὶ⁹
851 2620 1101 2693 δύναμιν.
1143 2624 1216 2677 Οὐ
1245 2622 1379 2677 πολύ
1410 2624 1470 2676 τὸ
1500 2624 1558 2676 ἐν
1586 2624 1757 2695 μέσῳ,

200 2713 276 2766 καὶ
306 2713 503 2784 ταύτην
547 2713 769 2767 δίδωσιν
795 2715 943 2786 αὐτῷ
975 2715 1095 2771 καθ’
1129 2715 1286 2785 ἡμῶν
1318 2718 1351 2784 ἡ
1395 2716 1758 2788 πληθυνθεῖσα

197 2804 289 2857 τῶν
316 2805 523 2858 πολλῶν
584 2806 664 2876 (5)
704 2807 940 2877 ἀνομία,
986 2808 1078 2863 καὶ
1121 2809 1154 2879 ἡ
1208 2808 1293 2861 ἐπ’
1331 2808 1498 2883 ἄκρον
1537 2809 1655 2877 (6),
1683 2810 1759 2874 ὡς

197 2892 253 2946 ἂν
280 2893 413 2947 εἴποι
451 2912 560 2957 τις,
607 2894 946 2967 Χριστιανῶν
988 2897 1169 2961 εὐεξία
1192 2936 1207 2959 ,
1241 2897 1340 2968 τὴν
1384 2899 1631 2953 ἐναντίαν
1663 2900 1759 2971 ζη-

195 2983 339 3038 τοῦσα
384 2984 697 3056 μεταϐολὴν
723 2987 824 3054 (7),
854 2986 948 3040 καὶ
980 2989 1012 3057 ἡ
1046 2986 1265 3052 ἐξουσία
1296 2988 1390 3041 καὶ
1422 2991 1455 3060 ἡ
1489 2988 1623 3059 τιμὴ
1651 2989 1754 3061 (8),

196 3078 275 3131 tui
302 3080 328 3131 ὁ
350 3078 509 3151 κόρος
542 3077 618 3133 δι’
650 3080 708 3134 δν
735 3078 810 3150 (9)
836 3078 1154 3150 ὐϐρίσαμεν.

255 3346 365 3399 AB’.
389 3346 482 3417 Τῷ
508 3347 633 3400 ὄντι
660 3348 769 3418 γὰρ
789 3345 1595 3418 κινδυνεύειχαλεπώτερονμο)
1619 3342 1758 3400 εἶναι

193 3435 242 3487 τὸ
267 3441 556 3509 κατασχεῖν
596 3437 667 3492 τὰ
709 3439 888 3508 ἀγαθά
918 3438 1010 3492 τοῦ
1045 3439 1118 3510 μὴ
1148 3440 1392 3509 παρόντα
1422 3438 1753 3509 κτήσασθαιο

190 3530 268 3582 καὶ
309 3532 436 3601 ῥᾷον
485 3531 839 3585 ἀπελθοῦσαν
881 3533 1181 3604 εὐημερίαν
1220 3530 1655 3585 ἀνακαλέσασθαι
1691 3530 1759 3583 δι’

244 3708 347 3770 (97)
400 3710 542 3765 Ὑπὸ
574 3710 685 3765 τοῦ
706 3710 933 3779 καιροῦ.
974 3710 1199 3765 Billius:
1238 3728 1256 3762 ι
1294 3713 1362 3765 ob
1387 3709 1642 3779 temporis
1670 3709 1750 3763 in-

189 3782 635 3835 retnmoditatem.
681 3802 699 3833 ι
730 3782 971 3836 Combcf.
1008 3783 1244 3846 pressius
1270 3780 1333 3834 ac
1357 3782 1566 3842 melius,
1603 3799 1621 3831 ι
1652 3795 1749 3850 per

191 3851 427 3920 temporis
460 3854 732 3905 ratiOnem
761 3862 814 3905 et
840 3853 1178 3920 imperatoris
1212 3851 1572 3920 disciplinam.
1614 3871 1632 3902 ι

242 3919 343 3986 (98)
385 3921 585 3975 Ὅποι.
640 3922 730 3975 Sic
779 3919 924 3990 Reg.
952 3924 1063 3977 btn.
1097 3922 1199 3974 Alii
1237 3919 1416 3976 autem
1456 3936 1561 3976 non
1592 3921 1747 3990 pauci

184 3990 395 4060 ccdices.
429 4002 485 4044 ct
516 3992 687 4046 Ilerv.
714 3994 842 4060 ὅπη.

242 4059 343 4124 (99)
392 4060 545 4126 Τοῖς.
586 4062 662 4113 Ita
691 4059 872 4130 scripti
907 4071 959 4115 et
984 4062 1109 4115 editi
1142 4061 1283 4121 libri.
1318 4070 1514 4128 ιιι-αξιοι·
1545 4060 1671 4114 Par.

241 4131 306 4197 (i)
353 4131 800 4186 Ἀποδείκνυσι.
854 4132 1001 4186 Pas~‘.
1044 4132 1405 4185 ἀναδείκνυσι.
1457 4131 1609 4197 Quod
1658 4132 1746 4184 bie

181 4195 479 4260 benignitati
516 4202 867 4268 imperatoris
892 4202 1073 4254 tribuit
1102 4205 1411 4268 Gregorius,
1444 4195 1498 4255 id
1529 4201 1742 4255 malitia:

178 4271 373 4343 ascribit
407 4266 677 4343 lusimus
709 4289 724 4324 :
758 4273 865 4325 εἴτε
910 4273 1065 4343 (ὅπερ
1108 4272 1305 4343 ἀληθὲς
1343 4266 1432 4342 ἦν)
1472 4271 1742 4340 πρόφασιν

176 4337 261 4405 τῆς
281 4341 442 4413 αὐτοῦ
477 4342 850 4413 ἀναιρέσεως
890 4337 927 4392 ι’
955 4337 1086 4406 sive,
1120 4337 1261 4411 quod
1298 4337 1530 4411 (ιιιῖείθιιί
1560 4337 1743 4395 vet'utn

177 4420 296 4467 erat,
326 4411 377 4460 in
410 4430 477 4464 eo
508 4411 708 4465 mortis
736 4428 951 4463 causam
981 4412 1218 4465 invenire
1249 4414 1491 4464 voluerit.
1538 4430 1556 4462 ι

234 4477 305 4551 (2)
347 4481 803 4551 ζΕγχειρίζεται.
835 4482 1081 4551 Plerique
1106 4484 1317 4535 codices
1341 4481 1538 4534 habent
1564 4483 1745 4551 ἐγχει-

175 4547 315 4617 ρίζει.
346 4547 714 4606 Νυιιιυῡυυυ
754 4553 969 4615 Oriens,
992 4547 1084 4606 sed
1115 4554 1275 4605 etiam
1305 4551 1553 4614 Thracia,
1577 4547 1743 4604 adeo-

1868 1890 2003 1934 trem
2060 1876 2327 1933 Cmsarem
2359 1875 2564 1929 creavit
2588 1919 2601 1939 ,
2636 1886 2955 1948 partemque
2985 1881 3134 1935 orbis
3167 1892 3436 1941 terrarum

1864 1970 2006 2025 ltaud
2044 1968 2295 2037 exiguam
2327 1968 2374 2022 ei
2412 1968 2720 2035 commisit;
2759 1968 2883 2023 huic
2929 1980 3107 2025 autem
3138 1990 3236 2043 pro
3267 1979 3437 2033 animi

1862 2062 2082 2116 libidine
2115 2075 2177 2114 ac
2212 2060 2329 2113 sine
2357 2058 2463 2112 ullo
2492 2071 2634 2112 metu
2657 2061 3133 2129 perniciosissimis
3158 2078 3211 2122 et
3238 2072 3436 2126 studiis

1862 2167 1917 2209 cl
1960 2152 2376 2223 praeceptoribus
2405 2166 2623 2219 operam
2677 2154 2805 2208 dare
2844 2156 3041 2211 licebat
3097 2157 3222 2231 (ipsi
3276 2178 3439 2231 porro

1862 2248 1987 2301 Asia
2023 2243 2311 2312 impietatis
2335 2243 2516 2295 schola
2543 2255 2662 2297 erat
2684 2285 2699 2309 ,
2729 2252 2836 2299 tam
2869 2262 2989 2317 quia
3013 2250 3159 2306 circa
3190 2253 3433 2310 siderum

1862 2338 2141 2394 scientiam
2205 2344 2261 2388 et
2313 2333 2588 2403 genituras
2619 2377 2634 2400 ,
2668 2318 3011 2409 .inanenique
3076 2346 3435 2412 prrescientite

1859 2430 2092 2499 speciem
2118 2426 2406 2480 vanissime
2435 2437 2748 2495 occupatur,
2777 2446 2936 2496 quam
2972 2449 3091 2500 qua:
3121 2435 3264 2490 circa
3296 2454 3437 2507 pra:-

1860 2522 2140 2590 stigiarum
2167 2530 2362 2583 artem,
2387 2535 2572 2573 earum
2606 2522 2891 2590 asseclam,
2929 2532 3239 2596 versatur);
3265 2546 3432 2584 unum

1859 2614 1960 2669 hoc
1984 2614 2095 2684 jam
2127 2612 2333 2668 scilicet
2366 2612 2643 2678 restabat,
2678 2623 2736 2666 ut
2765 2616 2830 2668 ad
2863 2616 3195 2686 impietatem
3228 2622 3311 2676 vis
3369 2639 3436 2679 ac

1859 2714 2094 2774 potestas
2116 2702 2415 2756 accederet.
2452 2698 2566 2754 Non
2606 2703 2830 2758 multum
2870 2720 3031 2772 porro
3065 2712 3325 2779 temporis
3348 2712 3433 2765 in-

1861 2797 2127 2860 tercessit,
2154 2808 2279 2848 cum
2312 2794 2453 2846 hanc
2475 2808 2688 2862 quoque
2716 2795 2790 2849 illi
2826 2798 3087 2855 adversus
3117 2818 3213 2858 nos
3238 2819 3433 2866 conce-

1857 2884 1936 2939 dit
1965 2885 2244 2942 exundans
2286 2889 2576 2942 multorum
2632 2888 2890 2957 iniquitas
2914 2932 2930 2951 .
2962 2892 3432 2952 Christianorum-

1859 2991 1984 3046 qne,
2014 2987 2072 3031 ut
2107 2980 2185 3035 sic
2224 2981 2435 3051 loquar,
2471 2981 2536 3034 ad
2569 2997 2839 3035 summum
2885 2981 3146 3041 bonitatis
3180 3002 3431 3059 provecta

1860 3071 2146 3138 valetudo,
2181 3075 2616 3144 contrariamque
2645 3076 2999 3130 mutationem
3051 3094 3303 3146 quaerens
3327 3123 3345 3150 ,
3371 3084 3434 3138 li-

1774 3147 1820 3208 ο
1860 3167 2145 3236 centiaque
2187 3176 2241 3220 et
2269 3167 2460 3229 honor,
2488 3177 2542 3221 et
2560 3168 2817 3221 saturitas
2842 3208 2856 3231 ,
2879 3168 2947 3222 ob
2991 3186 3154 3238 quam
3186 3174 3238 3228 in
3271 3147 3428 3232 inso-

1856 3257 2075 3333 lentiam
2102 3272 2163 3311 ac
2200 3258 2553 3325 petuian-tiam
2587 3257 2820 3326 prolapsi
2849 3275 3055 3317 sumus.

1925 3346 2140 3404 XXXII.
2176 3349 2312 3404 Vere
2361 3348 2505 3407 enim
2563 3347 2830 3405 diiiicilius
2884 3366 3005 3407 esse
3050 3368 3269 3410 videtur
3314 3358 3426 3434 92

1859 3440 2145 3508 praesentia
2186 3440 2322 3493 bona
2372 3440 2510 3493 tueri
2568 3454 2631 3494 ac
2684 3441 2921 3496 retinere
2948 3482 2961 3506 ,
2991 3457 3151 3512 quam
3186 3448 3430 3504 absentia

1858 3530 2082 3598 adipisci
2121 3549 2133 3585 :
2180 3530 2498 3600 faciliusque
2541 3540 2625 3586 est
2653 3530 2917 3587 sublatam
2953 3549 3019 3588 ex
3051 3535 3223 3592 oculis
3245 3538 3425 3595 fclici-

1928 3707 2005 3777 (6)
2050 3710 2280 3775 ’Axpor.
2327 3706 2418 3762 Sic
2456 3716 2565 3761 tres
2604 3707 2753 3779 Regii
2784 3710 2941 3763 codd.
2974 3710 3088 3766 Non
3119 3714 3274 3776 pauci
3304 3730 3428 3771 cum

1857 3780 2034 3839 editis,
2061 3779 2263 3848 ἄκρων.

1925 3850 2002 3919 (7)
2049 3847 2166 3917 Τὴν
2188 3849 2469 3921 ἐναντίαν
2493 3847 2751 3915 (moan
2771 3853 3136 3921 μεταϐολὴν.
3177 3853 3339 3910 Basil.
3375 3856 3427 3909 in

1854 3920 1969 3975 haec
1995 3922 2156 3973 verba
2188 3937 2201 3972 :
2236 3939 2254 3970 ‹
2287 3919 2460 3973 Bonas
2482 3921 2547 3990 ad
2581 3936 2848 3990 summum
2879 3919 3121 3990 corporis
3155 3924 3426 3979 habitudi-

1854 4005 1971 4062 nes,
1997 4059 2006 4062 _
2030 3990 2369 4062 periculosas
2401 3988 2591 4062 medici
2639 3988 3009 4056 pronuntiani.
3062 3991 3220 4047 Motis
3258 3997 3424 4062 enim,

1852 4061 1965 4114 sive
1996 4059 2046 4111 in
2082 4061 2301 4124 bonum,
2330 4060 2441 4134 sive
2469 4060 2517 4110 itt
2550 4062 2746 4134 malum
2772 4064 3022 4134 omnibus
3044 4104 3059 4127 ,
3096 4076 3347 4134 motuque
3370 4059 3426 4120 et

1850 4145 2075 4201 corpora
2133 4139 2187 4182 et
2224 4130 2432 4201 negotia
2474 4130 2676 4180 moveri
2720 4133 3026 4195 mutarique
3066 4130 3288 4189 necesse
3316 4147 3422 4201 est,

1849 4200 2082 4268 hincque
2120 4200 2428 4267 petulantiae
2462 4210 2734 4266 parentem
2776 4205 3114 4257 saturitatem
3157 4200 3420 4261 vocant...

1843 4270 1909 4322 ad
1942 4286 2209 4324 summum
2250 4271 2428 4336 itaque
2467 4271 2639 4331 bonae,
2677 4278 2732 4321 ut
2764 4270 2830 4322 ita
2857 4272 3055 4336 dicam,
3100 4273 3421 4329 valetudinis

1843 4350 2092 4406 provecta
2140 4355 2222 4393 res
2244 4340 2573 4413 Christiana;
2608 4352 2703 4392 nec
2727 4341 2871 4393 enim
2907 4346 2971 4393 ad
3002 4342 3224 4397 meliora
3260 4347 3424 4413 proli-

1842 4424 1964 4463 cere
1992 4418 2217 4474 poterat,
2244 4411 2295 4462 in
2325 4410 2504 4475 pejora
2535 4417 2695 4475 atque
2725 4412 2993 4464 contraria
3023 4414 3129 4464 ruit
3154 4428 3216 4466 ac
3248 4410 3423 4467 mnta-

1842 4487 1893 4564 ta
1910 4490 2028 4601 eslté:
2060 4498 2077 4529 ι
2102 4480 2213 4543 Τὰς
2244 4481 2323 4541 εἰς
2346 4479 2513 4548 ἄκρον
2540 4476 2752 4541 εὐεξίας
2770 4480 3042 4551 σφαλερὰς
3070 4484 3271 4553 ἰατρῶν
3296 4487 3424 4538 παῖ-

1842 4562 1927 4601 οες
1984 4567 2188 4601 meum.
2224 4560 2325 4601 etc.

1840 4548 1927 4612 δες
1950 4549 2188 4615 λέγουσι,
2224 4560 2325 4602 etc.

174 4632 264 4696 ειιιε
280 4619 791 4697 (Ξοιιειειιιιίιφᾼρριιε
816 4624 947 4697 ipsa,
970 4622 1256 4678 commissa
1286 4632 1367 4677 est
1390 4620 1560 4676 Gallo.
1588 4622 1738 4688 Quod
1768 4641 1818 4697 υ
1914 4622 1990 4689 (8)
2026 4621 2140 4697 [fat
2164 4621 2200 4687 ἡ
2226 4617 2385 4697 τιμή.
2434 4617 2558 4673 Πιιιο
2601 4620 2789 4674 desunt
2841 4622 2891 4673 in
2932 4621 3103 4675 tribus
3145 4623 3301 4695 ch.,
3322 4640 3422 4681 nec

172 4692 375 4761 ineunte
413 4708 567 4744 anno
738 4694 980 4761 contigit.

231 4760 302 4827 (ὃ)
340 4760 752 4816 Διδασκιυων
778 4760 903 4827 τοῖρ
921 4763 1380 4829 ὀλεθριωτάτοις.
1410 4780 1429 4813 ι
1470 4761 1743 4816 Pernicio-

171 4825 210 4881 si
254 4825 304 4882 bi
380 4836 647 4892 magistri
691 4851 740 4902 γι
805 4825 953 4887 fuere
1003 4825 1085 4902 (ιιί
1134 4825 1417 4886 Libaniutu
1472 4833 1738 4902 omittam,

169 4912 312 4962 quem
349 4903 593 4955 mirifice
622 4901 805 4965 coluit,
833 4903 955 4955 licet
986 4920 1108 4957 eum
1134 4918 1237 4954 non
1269 4903 1541 4970 audierit).
1568 4901 1739 4955 Maxi-

170 4981 274 5020 mus
311 4970 653 5043 Ephesinns,
695 4974 785 5043 qui
816 4972 1169 5043 Valentiniani
1193 4973 1365 5043 jussu.
1398 4974 1467 5027 ob
1509 4972 1743 5041 magicas

168 5046 321 5105 artes,
356 5041 829 5105 interfectusest,
860 5053 914 5093 ιιι
948 5058 1012 5095 ex
1047 5042 1293 5104 Socrate,
1336 5042 1428 5096 lib.
1460 5057 1541 5099 ιιι.
1586 5056 1633 5094 c.
1672 5044 1739 5102 ις

167 5104 371 5179 §ozum.
415 5112 512 5167 lib.
586 5128 642 5179 ν,
680 5128 728 5166 c.
768 5104 843 5177 2’;
891 5112 1075 5166 Liban.
1124 5123 1264 5165 orat.
1324 5112 1410 5172 12.
1446 5112 1738 5173 discimus;

168 5173 380 5250 Itldrsius
437 5173 677 5250 eiusque
719 5173 1011 5250 discipulus
1049 5182 1331 5243 Eusebius,
1378 5184 1489 5249 ipse
1529 5194 1742 5249 quoque

167 5243 509 5321 Iamblirhus,
550 5243 645 5321 qui
679 5254 778 5306 sub
794 5243 1017 5305 valente
1057 5252 1211 5315 obiit,
1251 5252 1314 5305 ad
1361 5243 1516 5319 quem
1548 5243 1742 5317 "plures

166 5314 410 5381 Apostata
438 5314 669 5388 scripsit
693 5324 983 5390 epistolas;
1009 5314 1237 5389 denique
1262 5314 1474 5390 Priscus
1497 5314 1743 5387 et'tlhry-

167 5390 420 5460 Santliius.
464 5410 483 5441 ι
533 5393 633 5445 IIis
663 5389 868 5460 imperii
903 5393 1216 5459 cupiditate,
1250 5409 1270 5441 ι
1309 5394 1385 5445 ait
1436 5389 1741 5443 Theodore-

164 5465 262 5518 tus,
289 5457 436 5512 Hist.
500 5462 603 5514 lib.
644 5457 810 5521 nt,'c.
844 5465 897 5525 5,
945 5457 1238 5514 (Julianus
1289 5463 1552 5519 addictus,
1580 5461 1745 5526 pieta-

165 5532 313 5602 t‘atem
336 5530 525 5602 exuit.
563 5551 585 5583 ι
618 5532 679 5585 Et
707 5534 1043 5602 Augustinus
1070 5533 1163 5585 III).
1197 5545 1226 5581 v
1267 5531 1342 5583 De
1372 5530 1513 5583 civit.
1542 5528 1658 5597 Dei,
1686 5545 1736 5584 c.

163 5590 241 5659 Ἃ.
274 5614 294 5671 ι
333 5599 467 5665 Ejus
488 5605 768 5671 egregiam
792 5590 1052 5655 "indolem
1106 5604 1314 5670 decepit
1358 5614 1543 5655 amore
1574 5590 1743 5655 doini-

160 5670 313 5740 uaudi
340 5673 634 5740 sacrilega
649 5684 702 5723 et
726 5672 1043 5726 detestanda
1066 5675 1371 5726 curiusitas.
1401 5689 1423 5723 ι

225 5738 297 5813 (ᾗ)
338 5737 579 5795 Asiam;
604 5737 698 5810 ἦν.
728 5743 945 5813 Ιὶθεηιι,
969 5740 1305 5813 λειπόμενονἶ

225 5806 298 5875 (5)
337 5806 773 5877 Πληθυνθεῖσα
806 5806 932 5867 ἰῶν
972 5806 1239 5867 πολλῶν.
1280 5810 1466 5867 Comb.
1519 5830 1538 5863 ι
1586 5826 1741 5867 accu-

159 5878 353 5935 Inulata
387 5883 539 5950 vulgi
572 5882 849 5939 hominum
877 5884 1150 5953 iniquitas.
1194 5901 1212 5933 ι

1841 4691 2083 4758 agnoscit
2102 4689 2344 4743 Cotnbel'.

1913 4762 1988 4830 (9)
2028 4761 2108 4815 Δι’
2145 4759 2235 4813 ὄν.
2290 4759 2672 4830 Sicplgrique
2730 4764 2888 4816 codd.
2933 4761 3182 4817 Nonnulli
3238 4774 3419 4821 tamen

1843 4823 1981 4883 cum
2003 4831 2121 4882 l'ar.
2155 4832 2374 4891 habent,
2397 4823 2464 4882 δι’
2488 4823 2587 4881 div.

1917 4901 2027 4967 (10)
2055 4897 2496 4967 Χαλεπώτερον.
2516 4898 2570 4952 1η
2609 4916 2691 4953 or.
2717 4898 2781 4952 ιε
2815 4898 2889 4952 De
2909 4899 3240 4967 baptismate,
3264 4917 3416 4958 num.

1842 4974 1930 5031 5|,
1963 4987 2051 5043 Sl(‘._
2075 4972 2233 5043 habet
2252 4970 2557 5043 _Gregorius
2583 4971 2727 5043 εξΓῇς
2759 4970 2929 5043 αὐτῆς
2952 4972 3069 5043 εστι
3099 4970 3419 5043 δυσχερείας

1843 5043 1936 5115 καὶ
1962 5039 2339 5115 κτήσασθαίῇτι
2367 5039 2489 5115 τῶν
2500 5040 2720 5115 ἀγαθῶν
2747 5041 2845 5109 οὐχ
2871 5039 3421 5115 ὐῃᾲρχονκκαὶκτη-

1843 5112 1932 5165 θὲν
1975 5108 2365 5164 διασώσασθαι.
2399 5129 2418 5161 ι
2453 5110 2700 5176 Ejusdem
2743 5108 3210 5172 est'dillicultatis.
3236 5122 3290 5166 et
3333 5108 3423 5166 bo-

1845 5197 1969 5235 num
2007 5181 2240 5244 aliquod,
2284 5195 2389 5247 quo
2427 5181 2575 5249 prius
2609 5181 2854 5241 carebas.
2894 5180 3138 5246 adipisci,
3174 5190 3249 5245 et,
3295 5199 3417 5236 cmn

1843 5254 2067 5320 adeptus
2090 5250 2275 5311 fueris,
2304 5265 2647 5320 conservare.
2678 5269 2698 5302 ι
2732 5251 3016 5320 Sententia
3042 5250 3419 5305 Demosthenis

1845 5319 1959 5376 haec
1982 5333 2085 5382 est,
2108 5320 2253 5384 iuxta
2281 5319 2449 5374 Eliant
2480 5331 2533 5373 et
2560 5319 2859 5378 Heinsitnn,
2890 5322 2980 5388 qui
3006 5319 3223 5373 laudant
3251 5320 3419 5390 Olyn-

1843 5394 2074 5444 tfnaram
2121 5395 2436 5451 secundam,
2490 5390 2578 5441 ubi
2630 5400 2807 5442 tamen
2846 5391 3114 5441 contraria
3149 5394 3417 5445 sententia

1845 5462 2041 5529 legitur
2076 5463 2220 5514 circa
2250 5459 2407 5530 linem
2444 5476 2458 5513 ε
2493 5460 2634 5512 Πολὺ
2666 5459 2783 5530 γὰρ
2812 5460 2942 5530 ῥᾷον
2961 5458 3184 5530 ἔχοντας
3211 5461 3417 5529 φυλάτο

1841 5528 1955 5586 τειν
1987 5531 2019 5603 ἢ
2055 5529 2355 5585 κτ’σασθαι
2399 5530 2574 5583 πάντα
2606 5528 2895 5598 πέφυκε-ζμ(
2926 5528 3089 5583 Multo
3105 5533 3247 5584 enim
3284 5531 3419 5586 Ιὶιοίι-

1844 5604 1972 5654 lius.
1993 5618 2109 5654 utne
2124 5550 2363 5654 Illabeas.
2394 5600 2605 5653 defendi
2641 5602 3036 5654 soleutotnnia.
3061 5616 3220 5654 quam
3255 5617 3418 5654 uara-

1844 5604 1972 5664 lius,
1993 5618 2109 5665 quae

1844 5673 1910 5727 ri.
1943 5691 1962 5724 ι
1998 5674 2075 5725 Ad
2100 5671 2340 5740 Gregorii
2363 5670 2681 5740 sententiam
2707 5670 2925 5738 propius
2950 5672 3161 5725 accedit
3191 5672 3256 5737 ρ.
3282 5672 3420 5726 Cur-

1845 5746 1951 5795 tius
1978 5743 2066 5796 lib.
2121 5738 2283 5802 tv,'c.
2322 5741 2377 5794 Il
2419 5756 2434 5793 :
2473 5758 2492 5790 ‹
2532 5738 2767 5793 Facilius
2793 5748 2885 5805 est.
2911 5744 3154 5809 quantum
3204 5744 3419 5795 vinceru

1843 5827 2005 5878 quant
2052 5813 2185 5866 tueri
2217 5848 2254 5864 ..
2314 5809 2629 5879 Expeditius
2682 5824 2875 5866 manus
2925 5822 3120 5867 ututrar
3179 5814 3416 5881 rapiunt,

1845 5898 2003 5951 quam
2023 5884 2318 5937 continent.
2370 5899 2390 5933 ι

2160 5600 2363 5663 tabeas,
2394 5600 2605 5653 defendi
2641 5602 3036 5664 soleutotnnia,
3061 5616 3220 5668 quam
3255 5617 3418 5669 para-
3515 5641 3529 5655 .
