3878 6398
452 390 557 445 559

1684 380 1743 435 S.
1783 377 2107 435 GREGORII
2147 376 2493 433 TIlEOLOUI
3530 400 3608 454 55c

459 520 619 561 tatem
644 506 819 560 studio
859 513 913 560 et
946 519 1072 559 cura
1104 516 1431 570 recuperare
1454 540 1469 567 ,
1503 514 1665 570 quam
1699 508 2016 571 praesentem

2131 499 2460 569 ἐπιμελείας,
2514 500 2547 569 ἢ
2600 498 2698 569 τὴν
2750 499 3097 570 ὑπάρχουσαν
3148 498 3506 560 διασώσασθαιο
3543 530 3615 565 γα,

460 611 801 659 conservare.
847 597 1020 664 Atque
1059 592 1441 649 contritionem
1494 591 1709 661 quidem
1767 591 2023 658 praecedit

461 687 783 755 contumelia
818 687 886 751 ",
943 684 1291 756 ut.pra:clare
1328 684 1556 739 habetur
1585 682 1637 736 in
1670 681 1979 736 Proverbiis
2004 721 2021 747 ,

460 778 683 848 gloriam
717 786 894 828 autem
944 776 1222 829 humilitas
1249 774 1294 805 “
1330 792 1344 828 :
1375 781 1485 837 aut,
1524 780 1582 826 ut
1607 772 1895 827 dilucidius
1942 772 2021 825 lo-

460 886 618 939 quar,
671 868 1125 938 quemadmodum
1175 866 1452 921 calamitas
1512 864 1854 919 insolentiam
1886 904 1902 929 ,
1950 864 2023 917 ita

458 961 710 1030 splendor
738 969 794 1013 et
831 959 998 1028 gloria
1030 957 1385 1011 humilitatem
1416 955 1725 1010 comitatur.
1768 954 2023 1009 Dominus

456 1052 591 1104 enim
628 1049 859 1119 superbis
917 1050 1151 1113 resistit,
1187 1048 1472 1102 humilibus
1522 1057 1697 1101 autem
1756 1047 1847 1099 dat
1900 1062 2023 1115 gra-

456 1142 586 1195 tiam
612 1142 679 1202 ’⁵,
709 1150 870 1209 atque
900 1139 1192 1194 contrariis
1217 1137 1493 1191 contraria
1528 1136 1766 1191 vicissim
1795 1135 2021 1199 inducit,

456 1234 547 1304 qui
579 1234 756 1287 omnia
792 1232 936 1301 juste
965 1232 1276 1289 admetitur.
1306 1228 1459 1295 Quod
1504 1228 1619 1298 ipse
1653 1242 1869 1296 quoque
1922 1227 2025 1281 Das

458 1327 547 1381 vid
573 1336 915 1395 perspectum
941 1333 995 1379 et
1019 1324 1354 1393 exploratum
1389 1322 1614 1384 habens,
1641 1318 1745 1373 hoc
1778 1320 1828 1372 in
1858 1319 2026 1374 bono-

458 1434 577 1473 rum
621 1433 842 1473 numero
875 1416 1136 1478 collocat,
1180 1414 1322 1485 quod
1377 1414 1557 1468 animo
1613 1421 1925 1467 contractus
1971 1421 2026 1464 et

457 1508 749 1576 depressus
779 1507 940 1563 fuerit
969 1524 984 1561 :
1013 1507 1350 1578 gratiamque
1398 1505 1559 1559 habet
1602 1503 1650 1558 ei
1676 1542 1691 1568 ,
1720 1518 1750 1556 a
1780 1517 1887 1572 quo
1933 1501 2027 1556 de-

458 1612 676 1666 pressus
696 1606 800 1662 est,
833 1605 1085 1665 tanquam
1106 1597 1232 1651 hinc
1258 1596 1560 1650 divinarum
1580 1594 2023 1665 justiticationum

459 1689 813 1758 cognitioipsi
843 1689 1147 1743 accesserit.
1176 1685 1518 1756 Priusquam,
1548 1688 1739 1756 inquit,
1770 1686 2021 1741 humilia-

460 1797 573 1846 rer,
610 1797 703 1850 ego
749 1780 942 1851 deliqui
988 1797 1006 1833 :
1047 1790 1320 1849 propterea
1362 1780 1625 1850 eloquium
1681 1789 1824 1833 tuum
1853 1788 2025 1834 custo-

2125 589 2230 659 πρὸ
2261 590 2357 659 μὲν
2390 587 2677 658 συν-τριϐῆς
2706 590 2917 658 ἡγεῖται
2953 588 3109 659 ὕϐρις
3134 588 3264 657 (11),
3295 593 3345 643 αἱ
3376 596 3617 669 Παροιμίιλ⁵

2124 680 2303 743 καλῶς
2343 696 2509 748 φασι,
2557 680 2663 749 πρὸ
2693 680 2749 732 δὲ
2778 679 2935 750 δόξης
2973 681 3322 744 ταπείνωσις·
3362 676 3412 754 ἢ,
3449 688 3520 741 ἵνα
3544 708 3619 744 σα-

2126 771 2383 840 φέστερον
2406 770 2566 833 εἴπω,
2591 769 2745 840 ὕϐρει
2772 770 2870 841 μὲν
2897 770 3087 823 ἕπεται
3117 772 3377 844 ωντριῦὴ,
3406 782 3622 834 ταπεινώ-

2126 879 2207 914 σει
2248 861 2302 913 se
2333 860 2574 926 εὐδοξίαδ
2605 861 2820 928 Κύριος
2846 861 2954 930 γὰρ
2985 860 3375 930 ὑπερηφάνοις
3400 867 3623 925 ἀντιτάσ.

2125 970 2313 1015 σεται,
2349 951 2649 1017 ταπεινοῖς
2680 950 2748 1004 δὲ
2775 951 2983 1006 δίδωσι
3019 953 3221 1020 χάριν,
3256 930 3343 1008 κεῖιί
3372 940 3622 1029 ἀντεισάγει

2124 1042 2194 1095 τὰ
2236 1042 2450 1096 ἐναντία
2490 1047 2603 1106 τοῖς
2645 1043 2903 1106 ἐναντίοις
2950 1044 2978 1095 ὁ
3019 1046 3193 1097 πάντα
3233 1044 3437 1111 δικαίως
3476 1052 3628 1122 ἐπιμε.

2126 1134 2267 1205 τρῶν
2293 1134 2427 1206 (12).
2457 1133 2641 1187 Ταῦτα
2671 1132 2827 1198 εἰδὼς
2858 1135 2952 1189 καὶ
2983 1137 3011 1187 ό
3041 1134 3181 1197 θεῖος
3207 1137 3378 1201 Δαὸὶδ,
3403 1138 3455 1190 ’ἐν
3479 1144 3629 1196 τιτῶν

2127 1227 2344 1295 ἀγαθῶν
2378 1228 2471 1282 καὶ
2501 1228 2560 1280 τὸ
2590 1227 2943 1281 συνεστάλθαι
2970 1227 3207 1281 τίθεται*
3238 1232 3327 1283 καὶ
3366 1234 3506 1305 χάριν
3534 1239 3630 1307 ὁμου

2125 1320 2375 1390 λογεῖτῴ
2409 1320 2766 1387 συστείλαντι,
2797 1320 2885 1384 ὡς.
2904 1319 2994 1373 τοῦ
3024 1319 3094 1373 τὰ
3132 1320 3456 1393 δικαιώματα
3482 1327 3630 1396 μαθεῆ

2126 1411 2371 1465 ἐντεῦθεν
2403 1412 2827 1483 προσγινομένου
2847 1430 2860 1442 ·
2886 1414 3000 1475 καὶ,
3033 1414 3151 1481 Πρὸ
3175 1413 3278 1467 τοῦ
3303 1432 3374 1482 με
3399 1432 3636 1473 ταπεινω-

2127 1502 2319 1571 θῆναι,
2366 1503 2548 1572 φησὶν,
2599 1501 2713 1571 ἐγὼ
2749 1502 3216 1571 ἐπλημμέλησα”
3260 1502 3354 1556 διὰ
3394 1506 3550 1559 τοῦτο
3586 1507 3636 1559 τὸ

2126 1597 2335 1664 λόγιόν
2363 1611 2479 1649 σου
2507 1594 2814 1664 ἐφύλαξα’
2852 1595 3022 1666 μέσην
3062 1594 3427 1666 πλημμελείας
3466 1615 3517 1650 τε
3554 1598 3640 1668 (13)

2128 1688 2220 1741 καὶ
2263 1686 2597 1757 διορθώσεως
2640 1687 2808 1750 τιθεὶς
2844 1688 2941 1758 τὴν
2982 1688 3326 1752 ταπείνωσιν,
3374 1688 3444 1752 ὼς
3472 1690 3527 1741 ὲκ
3567 1690 3640 1756 μὲν

2128 1778 2329 1850 ταύτης
2364 1779 2707 1850 γεννωμένην
2735 1779 2870 1849 (14),
2900 1780 2999 1848 τὴν
3030 1779 3087 1831 δὲ
3124 1780 3479 1850 γεννήσασαν·
3502 1778 3644 1850 ἁμαρ-

457 1871 562 1925 divi
592 1871 677 1926 "z
713 1871 1067 1941 dejectionem
1121 1870 1329 1925 scilicet
1374 1869 1515 1923 inter
1544 1869 1796 1923 delictum
1835 1878 1889 1923 et
1915 1870 2021 1923 're-

2131 1870 2216 1925 τία
2247 1849 2342 1942 μὲν
2368 1871 2477 1941 γὰρ
2503 1849 2886 1935 ταπεινώσεως
2917 1872 3116 1942 μήτηρ,
3149 1849 3474 1942 ἐπιστροφῆς
3503 1872 3553 1924 δὲ
3572 1889 3633 1926 ται

460 1960 826 2030 sipiscentiam
857 1961 1203 2030 interponens
1224 1999 1239 2024 ,
1272 1969 1457 2029 utpote
1480 1958 1547 2013 ab
1572 1959 1663 2013 illo
1694 1960 1909 2030 quidem
1931 1974 2023 2028 ge—

459 2052 651 2115 nitam,
703 2052 843 2106 hanc
872 2062 1051 2107 autem
1085 2052 1408 2121 parientem.
1460 2050 1743 2106 Peccatum
1770 2051 1911 2105 enim
1939 2052 2025 2105 de-

454 2141 705 2213 jectionis
738 2158 933 2211 parens
966 2153 1084 2210 est;
1109 2144 1340 2214 dejectio
1373 2152 1578 2208 autem,
1609 2141 2018 2211 resipiscentiaa.

458 2231 567 2288 Nos
587 2233 804 2303 quippe,
833 2249 952 2288 cum
978 2234 1134 2304 probi
1167 2233 1516 2290 et'moderati
1566 2246 1809 2287 essemus
1830 2272 1845 2296 ,
1876 2231 1928 2286 in
1956 2232 2025 2285 al-

460 2333 571 2380 tmn
602 2326 821 2393 sublati,
850 2341 1022 2396 eoque
1042 2326 1300 2397 paulatim
1334 2324 1573 2396 provecti
1614 2334 1669 2379 ut
1694 2324 1747 2378 in
1774 2324 1913 2378 hanc
1941 2338 2023 2378 re-

460 2432 577 2471 rum
612 2420 844 2489 speciem
897 2418 1285 2488 hominumque
1332 2416 1728 2471 multitudinem
1782 2415 1876 2470 Dei
1927 2430 2028 2487 ope

460 2524 523 2565 ac
552 2508 734 2565 favore
775 2509 1199 2580 pervenerimus,
1230 2517 1579 2579 posteaquam
1613 2507 1908 2563 'incrassati
1939 2523 2030 2564 su-

460 2615 603 2664 mus,
636 2599 1097 2655 recalcitravimus
1123 2618 1137 2654 :
1167 2610 1221 2655 et
1249 2608 1602 2671 posteaquam
1648 2598 1855 2654 dilatati
1891 2598 2023 2653 ’ίυί-

460 2706 583 2747 mus
636 2693 704 2755 "',
759 2692 815 2747 in
864 2703 1074 2748 arctum
1124 2691 1331 2748 redacti
1383 2707 1569 2748 sumus
1618 2709 1634 2748 :

2128 1962 2401 2024 πείνωσις.
2451 1961 2639 2032 Ἡμεῖς
2668 1960 2828 2026 γοῦν,
2861 1961 3167 2031 ὑψωθέντες
3185 2001 3201 2027 ,
3228 1957 3468 2033 ὅτεῆμεν
3498 1963 3648 2015 ὲπιει-

2128 2057 2241 2119 κεῖς
2283 2071 2342 2109 τε
2384 2055 2478 2108 καὶ
2516 2054 2760 2125 μέτριοι,
2804 2053 3068 2108 καὶκατὰ
3115 2054 3308 2127 μικρὸν
3350 2052 3646 2124 αὐξηθέντες,

2125 2143 2202 2208 ὡς
2228 2147 2308 2208 εἰς
2336 2144 2456 2198 τόδε
2497 2145 2558 2197 τὸ
2582 2146 2766 2215 σχῆμα
2804 2144 2915 2215 (15)
2946 2145 3041 2198 καὶ
3071 2144 3274 2215 πλῆθος
3306 2145 3399 2197 σὺν
3428 2160 3652 2214 χειραγω-

2123 2234 2220 2305 γίᾳ
2248 2233 2383 2287 Θεοῦ
2418 2234 2699 2305 προελθεῖν
2717 2274 2732 2299 ,
2766 2235 2926 2305 ἡνίκα
2956 2234 3216 2306 ὲλιπάνθη
3227 2252 3344 2304 μεν,
3373 2236 3651 2306 ὲσκιρτήσα-

2128 2341 2244 2395 μεψ
2281 2325 2375 2378 καὶ
2398 2324 2561 2395 ἡνίκα
2592 2325 3021 2397 ὲπλατύνθημεν,
3043 2324 3556 2397 ὲστενοχωρήθημεν·
3581 2324 3653 2379 καὶ

2124 2416 2191 2488 ῆν
2223 2418 2281 2471 ἐν
2312 2419 2423 2480 τοῖς
2465 2416 2725 2488 διωγμοῖς
2764 2417 2854 2471 καὶ
2891 2420 3012 2480 ταῖς
3044 2416 3259 2487 θλίψεσι
3300 2415 3653 2484 συνελεξάμεθα

2123 2508 2278 2574 δόξαν
2304 2510 2399 2564 καὶ
2424 2508 2651 2580 δύναμιν
2669 2548 2685 2574 ,
2712 2509 2915 2580 ταύτην
2942 2504 2998 2563 εὖ
3029 2508 3365 2581 πράττοντες
3395 2508 3654 2563 κατελύσα-

2132 2618 2228 2671 μεν
2249 2620 2265 2635 ·
2302 2600 2529 2671 δηλώσει
2560 2602 2618 2655 δὲ
2647 2602 2714 2655 τὰ
2747 2602 2873 2672 ἑξῆς
2908 2601 2999 2656 τοῦ
3031 2602 3213 2671 λόγου.

1712 2707 1983 2763 quamque
2037 2693 2089 2747 in
2147 2695 2607 2763 persccutionibus
2671 2703 2728 2748 et
2779 2694 3021 2749 adversis
3089 2693 3322 2760 gloriam
3378 2700 3657 2761 potentiam-

467 2802 572 2857 que
650 2786 1038 2859 collegeramus
1071 2829 1086 2855 ,
1150 2801 1267 2843 eam
1325 2786 1378 2842 in
1425 2787 1677 2843 secundis
1738 2788 1900 2844 rebus
1971 2786 2349 2858 dissipavimus
2380 2833 2396 2859 ,
2448 2790 2898 2863 quemadmodum
2973 2785 3233 2855 deinceps
3292 2783 3463 2838 oratio
3513 2782 3660 2837 deda-

459 2880 620 2936 rabil.

462 3064 622 3118 tinent
656 3060 891 3130 accipit;
928 3075 1047 3129 quae
1081 3062 1221 3116 enim
1251 3060 1457 3117 interea
1482 3061 1821 3127 acciderunt,
1853 3063 2023 3119 silen-

461 3154 536 3208 tio
559 3167 796 3222 premam
818 3193 834 3214 ,
870 3159 976 3205 tam
1006 3150 1121 3218 ejus
1155 3151 1326 3220 gratia
1352 3149 1444 3219 qui
1490 3150 1616 3206 fecit
1640 3188 1657 3215 ,
1690 3165 1852 3220 quam
1909 3150 2026 3221 ejus

458 3245 551 3315 qui
585 3257 774 3312 passus
802 3252 884 3296 est
916 3259 931 3294 ι
968 3256 1197 3313 quorum
1239 3229 1519 3311 utriusque
1569 3242 1823 3312 pietatem
1856 3258 2024 3300 vene-

460 3351 589 3391 rans
613 3376 628 3401 ,
665 3334 1023 3390 temeritatem
1076 3332 1500 3403 haudquaquam
1531 3333 1709 3389 laudo.
1760 3334 2024 3403 Quoniam

458 3431 600 3483 enim
644 3428 963 3497 Oportebat,
998 3434 1059 3479 ut
1101 3440 1223 3479 cum
1273 3425 1518 3481 homines
1562 3435 1785 3495 essent,
1815 3426 2022 3492 peccati

457 3520 660 3590 aliquid
687 3519 1053 3583 admitterent,
1080 3516 1317 3571 hocillud
1353 3528 1436 3572 est
1456 3517 1597 3586 quod
1628 3517 1856 3573 fortasse
1877 3518 2025 3588 quis-

464 3612 609 3681 piam
646 3611 700 3664 in
754 3620 983 3675 utroque
1034 3608 1441 3676 reprehenderit
1487 3626 1502 3663 :
1550 3608 1651 3663 nisi
1709 3620 1883 3663 tamen
1939 3609 2025 3664 hic

460 3717 695 3773 quoque,
725 3701 851 3757 dum
883 3701 1109 3755 alterum
1146 3715 1465 3755 accusamus
1489 3737 1507 3765 ,
1540 3698 1765 3755 alterum
1800 3701 2024 3755 crimine

457 3793 773 3848 liberemus.
798 3790 1048 3846 Julianus
1074 3799 1256 3844 autem
1282 3790 1463 3844 statim
1495 3788 1651 3844 fratri
1684 3791 1737 3845 in
1772 3790 2020 3860 imperio,

457 3886 550 3939 sed
583 3899 689 3939 non
720 3885 771 3938 io
797 3885 1029 3953 pietate;
1066 3883 1224 3951 paulo
1252 3892 1431 3937 autem
1457 3890 1577 3952 post
1621 3882 1671 3937 ei
1708 3896 1940 3953 quoque,
1992 3899 2023 3938 a

458 3990 565 4045 quo
589 3976 882 4045 imperator
908 3984 1125 4030 creatus
1154 3973 1352 4038 luerat,
1378 3973 1656 4040 succedit;
1692 3975 1894 4041 partim
1934 3989 2024 4029 vo-

458 4068 609 4133 lenti,
640 4066 834 4136 partim
866 4083 895 4120 a
925 4065 1203 4121 communi
1233 4064 1340 4119 line
1367 4076 1554 4120 coacto
1574 4107 1588 4130 ,
1623 4074 1784 4133 atque
1812 4065 1887 4121 ita
1938 4081 2024 4122 su-

459 4169 670 4227 perato,
688 4168 744 4214 ut
771 4174 833 4215 ea
855 4159 1037 4215 clades
1056 4159 1173 4214 orbi
1207 4157 1458 4213 universo
1486 4156 1698 4212 funesta
1720 4166 1776 4214 et
1795 4158 2024 4215 exitiosa

459 4249 627 4304 luerit

526 2967 767 3027 XXXIII.
810 2970 887 3025 Ac
923 2967 1121 3024 Caasari
1145 2967 1359 3039 quidem
1379 3008 1395 3035 ,
1419 2978 1474 3025 et
1507 2969 1814 3041 imperlum,
1838 2980 1892 3027 et
1913 2970 2021 3027 vita

2194 2970 2314 3024 Al".
2345 2968 2509 3041 Ὄρον
2542 2966 2643 3038 μὲν
2674 2968 2709 3037 ἡ
2745 2965 2992 3037 βασιλεία
3023 2964 3102 3037 τῷ
3129 2965 3375 3036 Καίσαρι
3400 2965 3489 3018 καὶ
3525 2966 3551 3018 ό
3572 2963 3663 3033 βίος

2125 3061 2421 3133 λαμϐάνει’
2451 3057 2523 3112 τὰ
2562 3058 2671 3131 γὰρ
2713 3059 2771 3110 ἐν
2819 3058 2967 3129 μέσῳ
3010 3058 3368 3128 σιωπήσομαι
3391 3055 3495 3126 (16)
3526 3054 3665 3124 φειδοῖ

2126 3154 2222 3207 καὶ
2252 3152 2344 3206 τοῦ
2379 3151 2739 3222 πεποιηκότος
2766 3151 2861 3203 καὶ
2887 3148 2982 3203 τοῦ
3022 3149 3391 3213 πεπονθότος’
3426 3141 3496 3201 ὧν
3519 3152 3667 3217 epeo-

2126 3246 2299 3317 τέρων
2353 3244 2670 3315 αἰδούμενος
2711 3242 2809 3315 τὴν
2851 3242 3149 3305 εὐσέϐειαν,
3205 3242 3311 3296 οὐκ
3357 3240 3551 3295 ἐπαινῶ
3588 3239 3665 3307 τὴν

2126 3330 2457 3409 θρασύτητα.
2516 3335 2733 3406 Ἐπειδὴ
2771 3334 2882 3405 γὰρ
2921 3333 3027 3387 ἔδει
3065 3351 3117 3386 τι
3157 3333 3257 3387 καὶ
3292 3333 3576 3404 ἁμαρτεῖν,
3600 3330 3670 3382 δν-

2126 3447 2221 3493 τας
2257 3428 2596 3500 ἀνθρώπους,
2638 3425 2796 3480 τοῦτό
2834 3428 2980 3479 ἐστιν
3023 3425 3052 3479 ὃ
3078 3426 3222 3496 τάχα
3258 3424 3327 3478 ἄν
3350 3441 3435 3487 τις
3470 3419 3671 3491 ἀμφοτέ-

2126 3538 2234 3597 ρων
2280 3522 2380 3575 οὺκ
2418 3520 2787 3575 ἐπαινέσειενο
2840 3519 2888 3573 εί
2933 3519 3008 3590 μὴ
3056 3517 3345 3572 κάνταῦθα
3390 3516 3456 3570 δι’
3500 3507 3568 3568 ὧν
3599 3510 3673 3565 τοῦ

2125 3614 2315 3686 ἑτέρου
2368 3614 2850 3684 κατηγορήσομεν,
2892 3609 2983 3664 τὸν
3027 3610 3217 3681 ἕτερον
3266 3610 3452 3671 αίτίας
3499 3607 3670 3675 ἀφήσο-

2128 3724 2226 3779 μεν
2253 3706 2384 3778 (17).
2430 3706 2487 3759 '0
2520 3706 2576 3759 δὲ
2614 3704 2774 3768 εὐθὺς
2805 3704 2900 3774 μὲν
2927 3702 3268 3775 κληρονόμος
3296 3702 3397 3772 τῆς
3428 3698 3520 3753 τοῦ
3547 3696 3676 3751 ἀδελ-

2125 3794 2226 3868 φοῦ
2263 3798 2558 3870 βασιλείας,
2582 3796 2695 3852 ἀλλ’
2719 3797 2819 3851 οὐκ
2845 3796 3145 3859 εὐσεϐείας·
3176 3794 3381 3866 μικρὸν
3403 3792 3460 3845 δὲ
3486 3790 3675 3859 ὕστερον

2124 3892 2217 3945 καὶ
2247 3891 2341 3945 τοῦ
2384 3890 2796 3963 βασιλεύσαντος
2835 3889 2996 3943 αὐτὸν
3034 3889 3273 3958 γίνεται,
3315 3887 3378 3940 τὸ
3425 3886 3520 3957 μὲν
3554 3881 3679 3935 ἑκόνο

2122 3999 2214 4045 τος
2253 3981 2386 4051 (18),
2420 3981 2478 4036 τὸ
2507 3982 2563 4035 δὲ
2596 3980 2908 4051 βιασθέντος
2946 3979 3025 4050 τῷ
3056 3979 3224 4049 κοινῷ
3267 3978 3436 4039 τέλει,
3478 3976 3566 4028 καὶ
3602 3973 3679 4040 ἠτ-

2122 4069 2377 4140 τηθέντος
2424 4063 2593 4141 ἧτταν
2644 4069 2807 4122 παντὶ
2854 4066 2933 4139 τῷ
2975 4067 3164 4138 κόσμῳ
3219 4066 3410 4137 κακὴν
3464 4063 3556 4118 καὶ
3592 4057 3683 4112 ὀλέ-

2125 4160 2294 4232 θριον.

523 4340 632 4411 93
680 4338 920 4396 XXXIV.
957 4339 1095 4406 Quid
1130 4339 1224 4394 tibi
1255 4338 1455 4394 accidit
1488 4378 1504 4405 ,
1551 4339 2017 4410 o,imperatorum

2194 4344 2292 4396 ΛΔ¹
2323 4341 2387 4394 Τί
2410 4340 2586 4406 τοῦτο,
2612 4336 2658 4393 ὢ
2690 4339 2927 4394 θειότατε
2962 4338 3232 4410 βασιλέων
3279 4336 3400 4411 (19)
3440 4337 3533 4390 καὶ
3560 4333 3689 4409 φιλο·

454 4430 1144 4499 divinissime,;Christique
1187 4429 1590 4485 amantissime?
1618 4434 1706 4501 (eo
1735 4431 1876 4486 enim
1897 4447 2021 4501 pro-

454 4525 646 4589 vehor,
680 4534 739 4579 ut
766 4533 940 4580 tecum
977 4522 1122 4578 velut
1151 4538 1270 4577 cum
1295 4532 1559 4590 praesente
1589 4532 1750 4593 atque
1770 4526 2021 4579 audiente

452 4616 805 4685 expostulem,
837 4616 939 4671 etsi
970 4614 1137 4669 multo
1170 4612 1598 4684 praestantiorem
1638 4624 1690 4670 te
1733 4629 1853 4672 esse
1883 4616 2018 4681 scio,

1130 4730 1177 4762 “
1207 4729 1366 4784 Prov.
1412 4744 1499 4793 sv,
1525 4727 1615 4784 35.

549 4850 635 4932 11)
679 4849 891 4917 Ὕϐρις.
922 4846 1143 4918 Vulgata
1169 4846 1345 4900 minus
1379 4845 1652 4925 aequivoce
1673 4846 1857 4911 vertit,
1885 4864 1904 4898 ι
1935 4861 2026 4903 su-

453 4922 656 4991 perbia.
688 4938 707 4969 ι
1586 4922 1591 4925 ⁷
1878 4954 1887 4965 .

527 4990 637 5061 (12)
692 4985 1066 5061 Ἐπιμετρῶγ.
1092 4983 1283 5061 Reg],
1312 4983 1668 5061 ἀντιμετρῷν.
1690 5055 1702 5061 -

522 5054 637 5127 (15)
676 5058 1101 5127 "intonsis/aq
1121 5054 1206 5127 te.
1234 5054 1387 5127 Deest
1407 5071 1467 5107 τε
1491 5054 1555 5127 in
1574 5055 1839 5127 plerisque
1861 5055 2019 5113 codd.

453 5123 817 5184 llu‘nc'locnmi
836 5123 915 5181 sic
959 5126 1131 5179 reddit
1169 5123 1394 5179 Comb.:
1442 5143 1460 5175 ι
1506 5124 1646 5179 Inter
1668 5125 1919 5179 delictum
1961 5137 2017 5180 et

451 5198 879 5252 emendationem
965 5195 1192 5257 mediam
1279 5194 1622 5262 interponens
1691 5194 2013 5259 resipiscen-

453 5280 1085 5407 ωίῖὴΤενν-ωμένην.
1117 5335 1306 5389 Comb.
1344 5352 1363 5385 ι
1408 5348 1525 5402 Qum
1568 5349 1636 5404 ex.
1666 5334 1754 5389 illo
1775 5344 1891 5390 orta
1921 5336 2013 5398 sit,

462 5409 671 5477 ejusque
702 5421 914 5470 parens.
960 5424 981 5477 ι

518 5471 629 5549 (15)
680 5477 771 5543 Ὠς
803 5477 891 5542 είς
916 5474 1052 5529 τόδε
1084 5474 1152 5528 τὸ
1176 5473 1402 5544 σχῆμα.
1448 5490 1467 5524 t
1509 5471 1575 5527 Ut
1606 5474 1657 5526 in
1680 5474 1821 5529 hanc
1851 5474 2019 5545 digni-

453 5561 630 5689 ωδὲ)
664 5565 750 5689 ’Τὰ
775 5616 883 5684 γὰρ
906 5615 975 5689 ex
992 5616 1161 5684 μέσῳ
1178 5614 1577 5689 σιωπήσομαι.
1615 5611 1955 5689 «Gregorius,
1989 5632 2007 5665 ι

454 5700 503 5744 .tt
528 5685 675 5741 'cnm
714 5686 907 5741 basilio
960 5685 1170 5755 loquar,
1204 5705 1223 5737 ι
1261 5687 1337 5740 ait
1381 5701 1439 5740 se
1481 5686 1696 5755 silentio
1733 5688 2013 5752 praeterire

454 5775 564 5827 qua:
595 5758 807 5817 interim
838 5752 1203 5827 contigerunt,
1234 5757 1498 5827 reveritus
1515 5752 1818 5827 amborum,
1858 5764 2014 5821 utpo-

449 5823 496 5884 re
526 5823 1528 5898 Christianorum,pietatem.Alludit
1551 5824 1621 5883 ad
1649 5823 1879 5885 lacinus,
1904 5838 2012 5892 quo

530 4731 577 4764 ”
613 4731 766 4785 Prov.
805 4747 918 4795 xvr,
949 4731 1037 4785 l8.

1715 4729 1761 4761 "
1794 4727 1909 4788 Jac.
1937 4747 2012 4797 tv,
2035 4732 2089 4788 6.

2126 4436 2443 4508 χριστότατε
2492 4434 2823 4507 (προάγομαι
2872 4431 2986 4503 (Ξο)
3037 4431 3147 4502 γὰρ
3190 4430 3275 4495 ὡς
3327 4428 3560 4501 παρόντι
3612 4422 3691 4477 ια’.

2126 4528 2372 4582 ἀκούοντι
2411 4526 2743 4597 μέμψασθαι,
2770 4526 2865 4578 καὶ
2888 4527 2936 4578 εί
2966 4525 3100 4578 πολὺ
3126 4525 3434 4595 κρείττονα
3462 4517 3691 4588 γινώσκω

2123 4622 2221 4691 τῆς
2248 4620 2519 4693 ἡμετέρας
2559 4618 2838 4691 μέμψεως,
2867 4618 3003 4689 μετᾶ
3030 4616 3165 4670 Θεοῦ
3200 4616 3323 4688 (21)
3347 4609 3665 4683 τεταγμένον
3679 4661 3693 4687 ν

2193 4735 2239 4768 ³⁸
2276 4734 2417 4791 Psal.
2449 4749 2639 4798 cxvtn,
2663 4733 2752 4788 67.
2845 4733 2890 4765 "
2922 4731 3074 4787 Deut.
3112 4745 3297 4795 min,
3335 4728 3429 4783 15.

2126 4852 2311 4907 Gallus
2345 4868 2434 4909 res
2479 4868 2644 4908 novas
2687 4861 2770 4909 est
2807 4852 3043 4915 molitus,
3080 4858 3135 4905 et
3171 4851 3246 4904 ad
3282 4858 3523 4904 mortem
3556 4858 3696 4916 quam

2126 4923 2249 4977 huic
2288 4923 2468 4979 intulit
2489 4922 2853 4979 Constantius.
2879 4923 2933 4976 Si
2951 4922 3096 4976 enim
3130 4920 3382 4974 alterum
3403 4924 3696 4973 accusasset

2125 4991 2441 5063 Gregorius,
2457 4994 2705 5068 alterum
2716 4992 2869 5061 culpa
2894 4991 3110 5068 liberari
3136 5004 3381 5068 necesse
3414 4983 3697 5068 eraLﬂ"?

2126 5057 2365 5131 propter.
2398 5064 2566 5119 misso
2602 5057 2882 5130 utriusque
2907 5062 3165 5125 facinore,
3190 5077 3325 5126 quae
3352 5061 3407 5114 in
3435 5057 3611 5115 medio
3631 5057 3702 5107 di-

2125 5134 2293 5186 cenda
2319 5144 2501 5195 erant,
2523 5132 2736 5187 silentio
2759 5147 2817 5187 se
2838 5146 3081 5201 premere
3105 5131 3445 5201 proﬁtetur.
3474 5146 3495 5179 ι
3685 5190 3695 5201 ⁸

2195 5202 2305 5273 (Π)
2358 5202 2706 5272 Ἀφήσομεν.
2733 5198 3023 5256 Ἶίιύηυιη
3047 5198 3299 5270 reperias
3321 5198 3597 5262 codicem,
3621 5198 3699 5263 qni

2122 5271 2281 5327 aliter
2305 5271 2517 5327 habeat.
2546 5273 2640 5327 Ed.
2671 5274 2988 5342 ἀφήσωμεν.

2194 5342 2307 5414 (18)
2352 5342 2423 5397 Τὸ
2446 5341 2563 5413 μὲν
2594 5335 2995 5414 adﬁgere.
3038 5339 3449 5414 «Constantio
3488 5335 3699 5412 volente.

2122 5407 2411 5467 fratri'suo
2447 5407 2712 5467 successit
2746 5410 3027 5475 Julianus;
3071 5410 3169 5481 ipsi
3222 5424 3368 5465 vero
3402 5407 3704 5465 Constantio

2121 5493 2294 5536 tnorte
2329 5492 2515 5538 coacto
2541 5492 2599 5536 et
2628 5490 2900 5549 superato.
2932 5498 2953 5533 ι

2189 5552 2299 5621 (19)
2346 5552 2673 5607 Βασιλέων.
2697 5545 2835 5618 Reg.
2861 5566 2913 5620 p.
2939 5545 3191 5621 Βασιλεῦ.

2187 5620 2302 5699 (ἕο)
2338 5621 2691 5699 Ηροᾴγρμαειο
2714 5621 2862 5699 .Res-
2899 5622 2935 5685 εν
2968 5620 3404 5699 umeros“:
3576 5684 3588 5699 .

2186 5687 2298 5760 (21)
2338 5687 2683 5750 Μετᾶθὲοῦ.
2713 5691 2802 5748 Sic
2819 5687 3026 5748 omnes
3044 5687 3293 5748 codices.
3321 5687 3430 5745 Ed.
3462 5687 3599 5758 μετὰ
3620 5696 3703 5733 του

2116 5761 2273 5816 Θεοῦ.
