3878 6398
270 293 376 343 δδδ

1253 297 1506 353 ORATIO
1545 300 1635 355 tv.
1677 333 1746 343 -
1785 303 2060 360 comas
2099 306 2439 384 JlJLlANUM
2478 310 2519 367 ι.

3385 324 3487 380 εει

271 406 451 502 modo,
496 406 598 502 hoc
623 414 728 472 est,
752 422 850 478 per
907 409 1248 466 immodicam
1293 417 1579 482 quamdam
1641 427 1698 474 et
1760 420 2074 478 eﬂ'renatam
2139 427 2466 496 impietatem
2494 469 2510 495 ,
2561 430 2920 501 pervicaxque
2948 434 3062 487 vitii
3089 435 3354 502 studium,
3388 433 3494 494 no-~

269 499 428 553 minis
455 499 794 601 splendorem
818 504 917 559 sibi
940 506 1232 562 conciliare
1263 509 1491 566 obnixus
1518 523 1623 568 est.
1683 517 1762 571 Ac
1817 518 1882 572 de
1919 517 2260 587 Christianis,
2288 533 2366 601 ⁴εει
2394 523 2460 577 ad
2511 499 2885 592 Christianos,
2919 526 3042 584 talis
3077 536 3161 584 est
3181 499 3479 588 Constantii

266 592 532 658 purgatio,
569 602 783 662 Iamque
813 611 963 666 requa
987 607 1042 652 et
1084 597 1250 668 justa,
1295 601 1379 658 bis
1418 604 1633 674 quidem
1665 619 1812 664 certe
1850 611 1940 680 qui
1974 622 2152 667 mente
2182 593 2386 680 praediti
2426 626 2571 672 sunt.

330 682 457 782 A‘O'.
476 684 629 739 Ἐπεὶ
657 684 713 738 δέ
743 685 854 759 (62)
881 690 987 743 είσί
1013 708 1180 756 τινες,
1211 695 1280 757 οἳ,
1313 696 1416 750 κᾶν
1446 699 1648 771 ταύτης
1678 703 1809 773 ἡμᾶς

1999 703 2246 762 XXXIX.
2305 707 2567 774 Quoniam
2612 724 2790 767 autem
2843 712 3081 767 nonnulli
3148 721 3313 777 sunt,
3363 698 3482 782 qui,

260 772 573 830 ἀπολύσωσι
614 778 712 850 τῆς
743 779 944 846 αίτίας,
989 782 1181 855 ἑτέρας
1224 787 1326 841 οὐκ
1371 789 1641 858 ἀφιέντες,
1687 772 1821 847 ἀλλά

262 868 698 942 κατηγοροῦντες
749 872 1024 945 εὐήθειαν,
1053 877 1134 931 ὅτι
1160 879 1236 949 τῷ
1283 879 1694 958 δυσμενεστάτῳ
1730 888 1822 941 καὶ

259 959 654 1034 πολεμιωτάτῳ
709 962 806 1036 τὴν
835 966 1007 1038 ἀρχὴν
1047 969 1362 1042 ἐνεχείρισε,
1412 975 1506 1027 καὶ
1535 975 1625 1028 τὸν
1661 975 1821 1031 αὑτὸν

256 1044 457 1137 εχθρὸν
479 1049 764 1121 πρότερον,
797 1047 914 1105 εἶτα
940 1056 1155 1127 ἰσχυρὸν
1186 1059 1573 1126 κατεσκεύασε,
1597 1064 1696 1134 τὴν
1723 1066 1822 1137 μὲν

253 1135 458 1209 ἔχθραν
488 1138 578 1194 διὰ
605 1142 701 1213 τῆς
726 1143 819 1197 τοῦ
840 1142 1069 1216 ἀδελφοῦ
1105 1151 1314 1221 σφαγῆς
1345 1135 1823 1228 προηταὸαλόμε-

250 1244 366 1294 νε,,
421 1231 523 1302 τὴν
569 1232 627 1286 δὲ
662 1233 889 1308 δύναμιν
939 1238 1026 1292 διὰ
1066 1243 1162 1311 τῆς
1215 1241 1486 1311 βασιλείας
1534 1246 1819 1318 ’προσθείς⁹

249 1319 552 1388 ἀναγκαῖον
601 1325 693 1379 καὶ
742 1328 870 1398 περὶ
912 1327 1102 1383 τούτου
1138 1330 1342 1402 βραχέα
1370 1333 1660 1400 διεξελθεῖν
1709 1338 1821 1408 (45)

245 1412 348 1464 καὶ
377 1413 546 1480 δεῖξαι
579 1416 655 1488 μὴ
710 1419 1056 1474 παντάπασιν
1120 1421 1310 1491 ἄλογον
1332 1425 1393 1478 τὸ
1423 1427 1822 1500 φιλάνθρωπον,

247 1505 391 1575 μηδὲ
429 1506 535 1572 ἔξω
561 1510 658 1580 τῆς
710 1509 993 1583 βασιλικῆς
1055 1514 1406 1584 μεγαλονοίας
1457 1520 1551 1573 καὶ
1605 1537 1820 1594 προμη-

243 1595 423 1666 θείας
443 1599 660 1673 καὶγὰρ
674 1601 739 1655 ἂν
752 1603 1126 1675 αἰσχυνοίμην,
1147 1606 1216 1670 εί,
1234 1608 1485 1682 τοιαύτης
1504 1614 1630 1683 παρ’
1652 1613 1816 1667 αὐτοῦ

239 1689 506 1759 τυχόντες
534 1693 718 1763 τιμῆς,
759 1696 852 1747 καὶ
879 1695 1130 1750 τοσοῦτον
1161 1699 1318 1755 αὑτὸν
1348 1701 1596 1774 εὐσεϐείᾳ
1629 1701 1814 1773 διαφέ-

241 1797 368 1850 ρειν
401 1787 846 1852 πεπιστευκότες,
879 1789 954 1861 μὴ
977 1789 1047 1843 τά
1073 1790 1181 1862 (44)
1211 1792 1393 1848 δίκαια
1431 1797 1817 1868 συνηγορήσαι-

239 1889 350 1943 μεν
385 1893 399 1906 ·
433 1875 464 1929 δ
493 1877 721 1942 καὶτοῖς
770 1882 935 1950 μηδὲν
963 1883 1377 1957 εὐεργετηκόσιν
1409 1885 1519 1957 (45)
1549 1888 1810 1956 ὀφείλεται

236 1966 381 2036 παρ’
406 1966 582 2038 ἡμῶν,
619 1970 728 2023 τῶν
753 1972 927 2041 Λόγου
978 1975 1073 2030 καὶ
1111 1977 1390 2048 Ἀληθείας
1418 1980 1765 2050 θεραπευτῶν
1792 2001 1806 2014 ο

1923 797 2173 867 quamvis
2223 814 2324 854 nos
2377 801 2480 856 hoc
2520 803 2747 860 crimine
2814 804 3061 870 liberent,
3090 805 3259 860 altera
3287 807 3484 875 {tamen

1923 889 2078 959 culpa
2130 889 2351 946 minime
2401 892 2642 960 solvunt,
2679 910 2864 950 verum
2911 896 3154 951 stultitia:
3205 906 3486 968 propterea

1922 979 2274 1048 insimulant,
2303 985 2444 1052 quod
2475 986 2592 1056 ipse
2617 986 2986 1044 inimicissimo
3007 988 3207 1044 homini
3240 989 3488 1057 hostique

1921 1075 2192 1130 acerrimo
2217 1076 2500 1146 imperium
2529 1081 2880 1144 commiserit,
2901 1090 3064 1152 atque
3098 1081 3342 1135 eumdem
3372 1081 3486 1150 pri-

1922 1179 2011 1218 mo
2040 1164 2246 1220 hostem
2279 1167 2540 1233 olfecerit,
2574 1171 2768 1225 deinde
2813 1171 2979 1226 robur
3009 1172 3105 1239 ipsi
3137 1173 3484 1241 compararit,

1921 1256 2174 1311 nimirum
2229 1273 2324 1328 per
2360 1259 2547 1316 fratris
2589 1263 2787 1319 eadem
2820 1263 3116 1319 inimicitia:
3161 1264 3483 1318 fundamen-

1924 1355 2034 1402 tnm
2069 1349 2294 1416 iaciens,
2327 1360 2447 1422 post
2472 1363 2655 1409 autem
2683 1371 2778 1425 per
2802 1357 3083 1426 imperium
3129 1357 3302 1412 eidem
3335 1358 3485 1413 vires

1919 1438 2160 1506 addens;
2200 1439 2266 1494 de
2301 1440 2401 1495 hac
2449 1455 2665 1514 quoque
2713 1459 2771 1498 re
2800 1460 2968 1514 pauca
3010 1446 3322 1500 necessario
3351 1444 3484 1502 mihi

1919 1528 2143 1583 dicenda
2197 1540 2346 1596 sunt,
2392 1532 2627 1604 illudque
2685 1535 3098 1600 ostendendum,
3145 1551 3484 1606 nequaquam

1917 1623 2138 1678 omnino
2186 1624 2544 1681 inconsultam
2580 1636 2742 1698 atque
2776 1643 2804 1681 a
2839 1629 3048 1684 ratione
3079 1629 3310 1684 alienam
3345 1631 3484 1686 hanc

1916 1712 2257 1768 clementiam
2298 1718 2598 1784 exstitisse,
2653 1734 2756 1775 nec
2806 1721 2874 1775 ab
2921 1721 3268 1790 imperatoria
3313 1721 3481 1777 animi

1916 1809 2227 1874 prastantia
2268 1811 2714 1882 providentiaque
2774 1823 3064 1868 remotam.
3117 1812 3328 1867 Etenim
3378 1827 3479 1883 pu-

1913 1895 2044 1951 dore
2077 1897 2438 1968 sufi‘underer,
2495 1900 2564 1964 si,
2599 1916 2718 1956 cum
2757 1912 2962 1958 tantum
3011 1904 3080 1958 ab
3118 1918 3183 1959 eo
3223 1905 3480 1959 honorem

1913 1989 2299 2058 acceperimus,
2331 2005 2562 2061 eumque
2585 2002 2730 2047 tanta
2757 1993 2972 2063 pietatis
2992 1993 3145 2048 laude
3164 1995 3481 2049 exeellnisse

235 2061 337 2114 καὶ
364 2062 539 2115 ταῦτα
569 2057 705 2134 μετὰ
737 2068 834 2138 τὴν
867 2068 1118 2124 ἐντεῦθεν
1151 2070 1488 2142 ἀπαλλαγὴν,
1516 2074 1678 2144 ἡνίκα
1724 2077 1809 2129 καί

1923 2093 2238 2148 persuasum
2271 2083 2588 2152 habeamus,
2623 2084 2829 2155 justum
2877 2086 2951 2141 illi
2991 2087 3346 2156 patrocinium
3380 2101 3479 2142 ne-

154 2213 159 2219 _
233 2153 295 2205 τὸ
347 2154 666 2210 κολακεύειν
711 2158 886 2212 δοκεῖν
939 2162 1380 2234 ἐκπεφεύγαμεν,
1430 2165 1524 2217 καὶ
1569 2166 1809 2237 πονηρᾶς

234 2245 528 2319 ὶλεύθερος
557 2249 808 2316 ὑπονοίας
835 2254 866 2306 6
893 2253 1069 2322 λόγος.

1915 2185 2183 2240 quaquam
2223 2173 2574 2244 afferremus;
2626 2180 2768 2247 quod
2808 2179 2874 2234 iis
2915 2195 3149 2250 quoque,
3203 2181 3295 2249 qui
3345 2179 3480 2233 nihil

1917 2260 2162 2316 beneficii
2185 2264 2236 2317 in
2267 2279 2365 2321 nos
2395 2267 2760 2333 contulerunt,
2791 2284 2819 2323 a
2864 2271 3042 2336 nobis,
3094 2269 3186 2340 qui
3232 2268 3390 2325 Verbi
3425 2278 3483 2326 et

233 2340 506 2399 Veritatis
535 2346 737 2400 cultum
767 2349 1102 2418 profitemur,
1149 2351 1392 2420 prestari
1423 2351 1615 2419 debet;
1646 2352 1804 2425 idque
1840 2357 2136 2424 praesertim
2185 2370 2305 2428 post
2360 2361 2505 2418 illius
2557 2378 2588 2419 e
2636 2365 2746 2417 vita
2796 2364 3121 2428 discessum,
3184 2378 3304 2418 cum
3363 2363 3476 2433 jam

232 2435 542 2490 verendum
578 2453 680 2493 non
726 2449 828 2506 est,
881 2457 949 2497 ne
1009 2445 1062 2496 in
1110 2446 1491 2501 assentationis
1533 2446 1840 2514 opinionem
1900 2448 2220 2518 incidamus,
2276 2469 2340 2509 ac
2389 2453 2502 2523 jam
2564 2455 2710 2511 omni
2765 2456 2905 2511 mala
2959 2457 3264 2530 suspicione
3324 2465 3477 2510 vacat

236 2540 327 2581 ora
338 2528 436 2581 tio.

306 2619 410 2672 Μ’.
441 2617 538 2684 Τίς
566 2619 672 2693 γὰρ
703 2621 802 2676 οὐκ
827 2619 896 2678 ἃν
925 2624 1168 2698 ἤλπισεν,
1191 2630 1240 2682 εί
1275 2631 1348 2702 μή
1389 2649 1439 2685 τι
1476 2631 1638 2696 ἄλλο,
1695 2634 1816 2696 ταῖς

1990 2626 2106 2683 XL.
2147 2627 2278 2695 Quis
2328 2627 2472 2685 enim
2505 2643 2613 2685 non
2656 2642 2806 2697 spem
2836 2627 3135 2691 habuisset,
3171 2627 3288 2683 fore
3329 2636 3407 2692 ut,
3431 2627 3479 2684 si

237 2711 434 2778 τιμαῖς
487 2712 730 2783 ποιήσειν
760 2716 924 2770 αὐτὸν
970 2719 1356 2793 ἡμερώτερονς
1392 2724 1489 2787 Τίς
1521 2723 1578 2776 δὲ
1609 2724 1709 2777 ούκ
1750 2727 1809 2778 ὲκ

1921 2721 2054 2776 nihil
2083 2720 2250 2788 aliud,
2279 2720 2573 2776 honoribus
2621 2728 2770 2775 certe
2801 2721 2974 2788 ipsum
3011 2720 3278 2773 mitiorem
3303 2719 3480 2774 ellice-

235 2797 340 2868 τῆς
377 2800 632 2867 πίστεως,
679 2804 746 2875 ἢν
775 2807 1067 2880 ἐπιστεύθη
1100 2811 1209 2883 (46)
1236 2815 1330 2867 καὶ⁵
1359 2815 1509 2886 παρὰ
1539 2814 1600 2868 τὸ
1647 2814 1812 2882 εἰκὸς,

235 2889 620 2984 δυταιότεροη
656 2895 731 2960 ὡς
767 2897 970 2969 ἀμφοῖν
997 2901 1179 2974 δικαία
1210 2905 1306 2958 καὶ
1338 2906 1589 2977 βασιλικῇ
1614 2907 1811 2984 κρίσει,

231 2983 332 3037 τοῦ
362 2983 470 3055 μὲν
496 2989 934 3058 ὲπιτιμηθέντος,
967 2993 1060 3047 τοῦ
1095 2993 1152 3047 δὲ
1182 2996 1577 3068 προϐληθέντος
1598 3016 1610 3028 ·
1646 3000 1674 3052 ό
1697 2998 1807 3072 γὰρ

230 3074 324 3128 τὸν
353 3074 612 3149 δεύτερον
640 3084 896 3152 τιμήσας,
920 3079 1002 3149 οἷς
1051 3087 1150 3140 οὐκ
1184 3088 1249 3142 ἄν
1295 3105 1379 3152 τις
1409 3089 1656 3160 ἧλπισεν,
1688 3087 1810 3149 ούδὲ

233 3165 406 3231 αὐτὸς
435 3171 465 3222 6
492 3169 666 3240 τυχὼν
699 3174 796 3244 τῆς
822 3176 1004 3247 τιμῆς,
1039 3177 1215 3249 δῆλον,
1246 3179 1321 3244 ὡς
1354 3180 1472 3234 οὐδὲ
1501 3182 1593 3235 τὸν
1619 3181 1811 3253 πρότε-

229 3277 327 3330 ρον
368 3261 502 3315 ἄνευ
529 3263 741 3328 δικαίας
769 3267 936 3338 ὀργῆς
969 3269 1297 3325 ὲκολάσατο·
1342 3275 1434 3326 καὶ
1463 3273 1524 3326 τὸ
1567 3273 1663 3342 μὲν
1712 3274 1810 3344 τῆς
1857 3315 1863 3321 .

1913 2813 2034 2870 ret?
2060 2813 2192 2880 Quis
2224 2827 2328 2868 non
2351 2827 2421 2870 ex
2446 2811 2572 2878 fide,
2595 2827 2713 2881 qua
2737 2811 2811 2866 illi
2843 2812 3009 2866 etiam
3045 2819 3238 2881 praeter
3267 2826 3480 2876 (equum

1913 2909 2104 2966 habita
2131 2915 2243 2971 est,
2278 2907 2601 2976 justiorcm?
2642 2916 2895 2975 tanquam
2923 2907 3068 2975 justo
3091 2915 3145 2958 et
3187 2906 3482 2972 imperato-

1916 3000 1997 3054 rio
2032 2999 2237 3069 judicio
2270 2999 2412 3052 alter
2443 3013 2653 3073 pinnam
2685 2999 2892 3063 luisset,
2933 2999 3071 3053 alter
3095 2998 3300 3052 electus
3339 2998 3478 3052 fuis-

1916 3101 2017 3146 set.
2048 3089 2180 3144 Nam
2203 3090 2293 3160 qui
2319 3101 2444 3144 natu
2489 3090 2748 3144 minorem
2794 3089 2860 3144 iis
2887 3089 3178 3143 honoribus
3202 3087 3477 3152 all‘ecerat,

1913 3197 2049 3253 quos
2082 3198 2239 3236 nemo
2272 3193 2564 3250 sperasset,
2591 3196 2658 3235 ne
2703 3181 2819 3249 ipse
2861 3181 3192 3249 quidemqui
3220 3182 3478 3234 honorem

1914 3281 2234 3342 acceperat;
2272 3273 2615 3342 perspicuum
2675 3271 2864 3340 utique
2935 3279 3038 3339 est,
3095 3287 3242 3336 eum,
3298 3285 3365 3324 ue
3423 3270 3477 3323 in

229 3353 452 3405 ἐκείνου
489 3358 818 3426 προπετείας
848 3355 936 3430 ἦν,
981 3362 1042 3414 τὸ
1084 3363 1141 3416 δὲ
1186 3364 1284 3435 τῆς
1333 3364 1425 3419 τοῦ
1460 3366 1809 3437 τετιμηκότος

1921 3366 2145 3436 priorem
2179 3367 2416 3436 quidem,
2447 3364 2707 3431 nisijusta
2736 3365 2812 3418 ira
2851 3375 3200 3425 commotum,
3235 3362 3482 3416 animad-

230 3445 431 3513 φιλανθ
437 3450 668 3532 ρωπίας.

1917 3459 2203 3512 vertisse:
2261 3459 2598 3527 alterumque
2683 3457 2795 3528 96
2867 3459 3022 3526 ejus,
3072 3457 3161 3526 qui
3213 3454 3479 3522 supplicio

228 3541 468 3596 allectus
535 3555 638 3610 est,
705 3547 993 3602 temeritati
1029 3550 1407 3622 assignandum
1454 3567 1606 3620 esse;
1652 3551 1878 3606 alterum
1921 3559 2119 3613 autem,
2157 3547 2320 3613 illius,
2350 3564 2379 3602 a
2419 3563 2524 3618 quo
2551 3549 2756 3604 honore
2784 3547 3009 3603 affectus
3049 3547 3246 3616 fuerat,
3290 3551 3481 3610 humae-

233 3637 365 3688 nitat
380 3636 419 3689 i.

297 3730 453 3783 MA'.
484 3729 596 3783 Καὶ
632 3730 750 3800 ἅμα
775 3732 836 3785 τὸ
885 3731 1107 3805 θαρρεῖν
1141 3731 1312 3807 εἶχεν,
1352 3739 1399 3792 εί
1423 3739 1504 3792 δεῖ
1538 3739 1598 3792 τὸ
1625 3739 1805 3810 μεῖζον

227 3821 434 3883 εἰπεῖν,
462 3821 523 3874 ού
556 3823 808 3879 τοσοῦτον
837 3824 903 3878 ἐκ
930 3826 1029 3896 τῆς
1065 3827 1270 3881 ἐκείνου
1305 3829 1557 3896 πίστεως,
1590 3833 1714 3885 ὅσον
1742 3832 1806 3885 ὲκ

223 3911 324 3983 τῆς
390 3911 530 3975 ίδίας
575 3912 854 3985 δυνάμεως
1005 3934 1094 3987 μοι
1143 3917 1411 3974 δοκεῖκαὶ
1465 3920 1804 3993 Ἀλέξανδρος

223 4003 522 4076 θαρῤήσας
547 4007 575 4058 6
597 4007 736 4060 πάνυ
762 4007 944 4062 δοῦναι
980 4011 1054 4082 μὴ
1105 4011 1262 4082 μόνον
1287 4013 1348 4066 τὺ
1390 4013 1488 4086 ζῇν
1517 4017 1804 4089 ἡττημένῳ

224 4095 432 4168 Πώρῳ,
463 4095 752 4150 καὶταῦτα
782 4099 1040 4164 νεανικῶς
1070 4101 1242 4166 οὕτως
1285 4104 1646 4177 ἠγωνισμένῳ
1679 4109 1804 4179 περὶ

221 4183 324 4253 τῆς
361 4183 668 4254 βασιλείας,
691 4187 827 4242 ἀλλὰ
844 4190 937 4244 καὶ
961 4191 1059 4262 τὴν
1087 4191 1364 4262 βασιλείαν
1399 4193 1554 4261 αὖθις
1590 4198 1766 4251 Ἰνδῶν
1784 4216 1798 4230 ⁸

218 4272 296 4337 ὡς
323 4273 398 4328 τὸ
431 4275 811 4348 μεγαλόψυχον
859 4279 969 4350 (47)
1015 4281 1114 4334 οὐκ
1137 4281 1311 4347 ἄλλως
1340 4284 1372 4356 ἢ
1408 4285 1578 4350 οὕτως
1605 4287 1804 4342 ἐπιδειο

220 4365 482 4436 ξόμενος.
518 4361 562 4435 ᾧ
606 4369 944 4440 κρατηθῆναι
985 4371 1095 4443 (68)
1143 4376 1324 4446 χεῖρον
1369 4377 1617 4447 ἐνόμιζεν
1655 4379 1802 4432 Ἀλέ-

1993 3731 2130 3786 XLI.
2173 3730 2253 3785 Ad
2300 3731 2435 3795 hac,
2473 3739 2551 3797 ut,
2589 3732 2729 3800 quod
2785 3731 3010 3799 majoris
3066 3730 3322 3785 momenti
3371 3739 3478 3794 est,

1912 3823 2112 3887 dicam,
2147 3838 2254 3876 non
2290 3832 2398 3877 tam
2459 3822 2618 3876 istius
2670 3821 2773 3878 fide
2819 3838 2980 3893 quant
3040 3822 3154 3878 suis
3189 3822 3382 3892 opibus
3425 3829 3480 3874 et

1913 3916 2154 3987 potentia
2190 3915 2504 3970 nitebatur:
2536 3915 2730 3983 quibus
2761 3914 2945 3977 etiam,
2970 3921 3028 3966 ut
3054 3914 3264 3982 opinor,
3307 3912 3479 3966 fretus

1913 4021 2144 4077 magnus
2165 4006 2254 4061 ille
2274 4006 2608 4072 Alexander,
2643 4007 2786 4061 victo
2814 4005 2954 4060 Poro
2993 4019 3098 4060 non
3132 4006 3290 4059 modo
3313 4005 3479 4060 vitam

1907 4100 2070 4165 dedit,
2097 4099 2254 4169 idque
2281 4115 2401 4154 cum
2430 4099 2496 4152 de
2528 4098 2756 4168 imperio
2787 4099 2922 4154 adeo
2969 4108 3189 4153 strenue
3220 4098 3476 4152 dimicas-

1905 4202 2007 4255 set,
2032 4193 2123 4245 sed
2153 4191 2400 4246 Indorum
2428 4192 2588 4245 etiam
2619 4205 2840 4260 regnum
2881 4190 2981 4260 ipsi
3023 4189 3261 4244 restituit
3294 4205 3310 4243 :
3350 4205 3476 4258 per-

1904 4279 2028 4335 inde
2064 4289 2225 4348 atque
2267 4295 2387 4334 non.
2415 4281 2519 4336 alia
2565 4280 2779 4335 ratione
2823 4280 3284 4351 magnanimitatis
3311 4280 3478 4350 speci-

1908 4388 2028 4428 men
2083 4373 2350 4437 editurus,
2407 4389 2510 4444 qua
2563 4374 2726 4439 vinci,
2781 4389 2902 4428 cum
2955 4371 3263 4426 Alexander
3307 4381 3473 4438 esset,

220 4457 457 4531 ξανδρος
497 4457 572 4512 ὣν
608 4459 642 4530 ἢ
689 4465 801 4525 τοῖς
825 4463 1008 4529 ὅπλοις
1031 4481 1046 4496 ·
1076 4467 1170 4520 τοῦ
1197 4467 1274 4533 δὲ,
1318 4471 1367 4523 εί
1400 4470 1568 4524 κακὸν
1614 4471 1766 4526 λάϐοι
1788 4513 1803 4536 ,

1921 4466 2126 4536 turpius
2179 4466 2548 4525 existimabat.
2580 4481 2738 4534 quam
2786 4467 2951 4520 armis
3004 4465 3248 4536 superari
3281 4482 3297 4520 :
3331 4480 3472 4531 pra:-

217 4549 604 4621 χειρώσασθαι
637 4552 797 4607 πάλιν
831 4555 916 4607 ἐπ’
967 4556 1114 4628 αὐτῷ
1157 4559 1530 4629 τυγχάνοντος.
1584 4563 1694 4618 Καὶ
1737 4559 1804 4635 ἦν

217 4641 382 4712 αὐτῷ
415 4643 451 4713 ὴ
483 4643 768 4714 περιουσία
796 4645 889 4700 τοῦ
923 4646 1145 4721 θαρρεῖν
1176 4650 1238 4703 τὸ
1263 4651 1663 4730 φιλάνθρωπον.

284 4910 433 4966 MB'.
491 4911 684 4967 Καίτοι
723 4914 778 4968 τί
830 4915 989 4971 τοῦτο
1037 4918 1395 4992 ἀγωνίζομαι,
1434 4925 1637 4996 σφόδρα
1683 4924 1802 4980 ἐνὸν

211 5005 450 5073 κρατεῖν
474 5005 572 5057 καὶ
609 5007 946 5078 ήττημένον;
973 5011 1036 5063 Ei
1064 5011 1174 5085 γὰρ
1217 5015 1244 5066 6
1278 5015 1571 5080 πιστεύσας
1608 5017 1795 5082 κακὸς,

283 5244 410 5335 (i2)
463 5244 620 5298 Ἐπεὶ
685 5243 773 5298 δέ.
834 5246 910 5302 Ita
957 5251 1198 5335 plerique
1259 5256 1417 5311 codd.
1479 5255 1580 5312 Ed.
1645 5259 1796 5311 ἐπει-

207 5314 411 5457 δὴδξέ)
451 5384 802 5457 Διεξελθεῖν.
836 5388 969 5444 Tres
991 5393 1140 5449 Lolb.
1167 5395 1414 5451 διελθεῖν.

581 5454 670 5509 τά.
700 5457 942 5536 Celtiber,
974 5464 1098 5536 [egit
1150 5465 1283 5536 μηδὲ
1323 5468 1412 5522 τά.

283 5527 409 5592 (45)
449 5529 941 5606 Εὐεργετηκόσιν.
975 5527 1109 5603 Reg.
1145 5527 1180 5601 Ῐ,
1213 5527 1313 5592 Ὀτ.
1338 5537 1393 5606 1,
1421 5535 1666 5593 Comhef.
1689 5545 1793 5591 etc.

201 5596 308 5666 εὑη
397 5599 669 5665 ετηκόσιν.

278 5613 406 5720 (fg)
450 5668 555 5720 Ἦν
584 5667 669 5720 ἐπι

205 5667 420 5807 ﬂ:
450 5668 555 5720 ..Ην
584 5667 926 5741 ἐπιστεύθη.
972 5672 1105 5747 Reg.
1140 5676 1250 5745 bm,
1286 5674 1440 5734 Colb.
1483 5678 1536 5744 b,
1569 5673 1636 5751 ἧς
1676 5681 1794 5733 ἑπι-

1911 4563 2101 4615 sertim
2144 4575 2266 4614 cum
2303 4561 2354 4614 iu
2406 4575 2501 4614 sua
2538 4570 2802 4628 poteState
2826 4567 2988 4620 esset.
3024 4573 3168 4624 eum,
3194 4558 3237 4612 si
3272 4558 3471 4612 malum

1910 4649 2266 4721 beneflciique
2323 4650 2696 4705 immemorem
2748 4649 3096 4720 counperiret,
3127 4662 3340 4702 rursum
3373 4647 3474 4702 sub

1908 4740 2128 4798 ditionis
2155 4759 2264 4797 sua:
2302 4742 2488 4814 iugum
2538 4744 2771 4796 mittere.
2801 4742 2874 4795 lta
2917 4741 3218 4810 benignitas
3258 4740 3372 4794 haec
3403 4738 3474 4794 ab

1909 4831 2364 4904 ingentiquadam
2392 4835 2559 4889 animi
2592 4834 2918 4902 prmlidentia
2957 4833 3229 4888 manabat.

1983 4925 2141 4984 XLII.
2188 4928 2294 4982 Sed
2322 4927 2450 4997 quid
2487 4927 2540 4980 in
2573 4927 2674 4982 hac
2702 4942 2761 4982 re
2794 4937 3068 4997 tantopere
3097 4926 3282 4981 laboro
3311 4933 3474 4994 atque

1903 5022 2339 5084 contendo,cum
2389 5019 2520 5074 mihi
2561 5034 2779 5074 causam
2822 5020 2980 5076 facile
3008 5019 3253 5076 obtinere
3287 5015 3470 5086 liceat,

1979 5261 2092 5332 (ιῖ)
2130 5263 2592 5332 Μεγαλόψ-υχον.
2638 5263 2777 5318 Edit.
2818 5273 2872 5318 et
2918 5279 3048 5318 mss.
3096 5261 3338 5318 nonnulli
3372 5263 3466 5317 ad-

1899 5331 2051 5403 dtlnt_
2073 5331 2194 5403 μέν.
2246 5334 2350 5386 Sed
2379 5331 2530 5403 tleeSt
2557 5336 2607 5388 in
2640 5336 2875 5388 melioris
2900 5347 3038 5388 nota:
3063 5335 3360 5389 codicibus.
3512 5371 3515 5374 -

1970 5396 2089 5472 (i8)'
2117 5396 2190 5472 ᾯ
2231 5402 2615 5472 κρατηθῆναι.
2657 5408 2735 5458 Ad
2765 5406 2877 5459 haec
2921 5406 3079 5456 verba
3121 5405 3250 5472 Ileg.
3287 5418 3471 5472 u,ap-

1899 5471 2118 5546 pingit:
2149 5471 2722 5546 αὐτῷ-μεγαλοψύχῳ
2783 5473 3055 5546 κρατῆσαι
3103 5471 3464 5546 γὰρίτούτῳο

1895 5540 2008 5596 ἀλλ’
2035 5543 2095 5614 ού
2122 5540 2459 5614 κρατηθῆναι
2508 5540 2775 5600 ἐϐούλετο.
2807 5540 2832 5596 ι’
2862 5540 2976 5614 Ipsa
3006 5540 3465 5614 tuaqnaniutitate,

1895 5613 2251 5683 qttajincere
2284 5613 2458 5683 magis
2485 5629 2641 5681 quam
2669 5613 3067 5670 vinci‘v0lebat.
3120 5632 3138 5666 ι
3176 5613 3309 5669 Rem
3339 5629 3467 5668 nar-

1898 5681 1980 5736 rat
2005 5681 2279 5739 Plutarch.
2311 5685 2362 5738 in
2382 5681 2518 5738 ’νέω
2545 5684 2691 5738 Alex.
