3878 6398
480 279 579 341 571

480 396 754 453 Adversus
778 411 899 451 eum
928 398 1615 470 expeditionem‘suscipit,
1651 411 1813 471 atque
1842 404 1909 458 ab
1938 402 2043 459 Oc-
2074 409 2117 466 Α

480 491 698 547 cidente
744 494 933 561 pedem
981 500 1159 545 movet
1193 510 1206 547 :
1239 492 1293 546 in
1346 494 1581 562 speciem
1630 494 1867 563 quidem,
1894 497 2045 564 quasi

481 597 541 637 se
594 581 660 635 de
717 590 935 651 arrepto
999 583 1303 638 diademate
1369 599 1600 653 purgare
1644 585 1821 648 vellet,
1874 586 2048 639 adlmc

481 674 623 726 enim
647 672 927 726 audaciam
966 689 1117 726 suam
1202 675 1478 729 occultare
1525 676 1827 741 videbatur,
1860 692 2047 731 revera

484 772 688 826 autem,
725 770 782 814 ιιι
812 771 980 817 totum
1016 764 1300 833 imperium
1333 766 1399 818 ad
1435 782 1493 819 se
1521 769 1847 831 traduceret,
1869 783 1933 822 ac
1956 783 2051 836 per

484 853 879 921 improbitatem
915 865 970 910 et
1022 856 1460 926 ingralitudinem
1512 874 1663 912 suam
1695 860 1744 911 in
1775 860 2049 914 hominum

480 948 895 1002 adndrationevn
958 948 1191 1003 veniret.
1244 947 1304 1002 In
1345 963 1517 1017 eoque
1564 963 1661 1018 spe
1697 964 1793 1003 sua
1831 948 2053 1003 minime

482 1037 646 1091 falsus
677 1051 782 1094 est.

552 1130 756 1185 XLVII.
809 1130 917 1186 Nec
952 1141 1129 1185 tamen
1156 1132 1259 1187 hoc
1286 1132 1574 1200 mirentur,
1611 1134 1700 1203 qui
1751 1133 1841 1187 Dei
1881 1134 2053 1186 ratio-

484 1238 643 1286 num,
684 1223 882 1288 quibus
950 1223 1130 1277 omnia
1199 1234 1474 1294 reguntur,
1531 1226 1863 1279 altitudinem
1907 1223 2049 1279 omni

488 1316 802 1383 conjec-tura
857 1315 1221 1370 sublimiorem
1256 1332 1360 1371 non
1399 1328 1783 1387 assequuntur,
1817 1333 1913 1370 nec
1945 1316 2055 1385 opi-

482 1407 577 1461 fici
614 1409 1003 1475 gubernatione
1052 1409 1245 1462 cedere
1311 1410 1599 1474 sustinent,
1649 1410 1802 1463 nobis
1834 1408 2050 1477 quidem

482 1510 635 1555 certe
681 1498 1021 1566 sapientiori,
1055 1514 1283 1566 suaque,
1316 1511 1367 1551 et
1403 1516 1533 1568 quo,
1562 1515 1616 1554 et
1666 1515 1771 1569 qua
1805 1500 1936 1561 vult,
1964 1514 2053 1551 ra-

484 1595 633 1647 tione
658 1595 895 1657 ducenti,
921 1608 1026 1645 non
1076 1592 1297 1646 dubium
1333 1603 1510 1646 autem
1565 1593 1693 1661 quin
1724 1591 1788 1645 ad
1821 1592 1872 1646 id
1911 1590 2053 1660 quod

485 1686 682 1739 melius
712 1694 813 1749 est,
840 1696 1001 1753 atque
1047 1686 1115 1739 ad
1148 1685 1455 1738 morborum
1499 1686 1859 1748 sanationem,
1883 1700 2054 1753 quan-

486 1776 685 1829 tumvis
712 1777 744 1828 ii
771 1777 963 1841 quibus
1001 1775 1260 1828 medicina
1293 1774 1373 1835 fit,
1399 1774 1767 1843 indignentur.
1796 1776 1837 1827 Α
1860 1774 2054 1842 quibus
2083 1754 2127 1808 Β

484 1867 784 1922 rationibus
840 1883 944 1921 non
1006 1866 1093 1919 ille
1146 1866 1361 1935 quidem
1412 1865 1477 1918 ad
1520 1865 1718 1918 malum
1786 1867 2054 1920 CXCilallIS

484 1968 605 2013 est:
647 1958 783 2013 Deus
811 1958 954 2012 enim
1004 1958 1151 2011 nullo
1181 1958 1338 2010 modo
1369 1957 1494 2009 mali
1525 1972 1687 2010 causa
1728 1967 1831 2021 est,
1858 1958 2056 2027 quippe

488 2061 679 2105 natura
718 2052 910 2114 bonus,
953 2052 1246 2119 vitiumque
1289 2050 1408 2119 ejus
1443 2049 1637 2118 estqui
1682 2049 1874 2118 elegit;
1916 2048 2052 2102 haud

486 2144 665 2191 tamen
696 2140 763 2190 ab
802 2138 1003 2206 impetu
1029 2153 1128 2192 suo
1162 2152 1440 2207 repressus
1465 2148 1569 2191 est.
1601 2137 1791 2190 Verum
1827 2153 1946 2191 cum
1983 2138 2057 2191 in-

486 2225 631 2294 genti
689 2225 989 2288 celeritate,
1051 2234 1163 2279 tum
1240 2228 1512 2295 regionem
1574 2242 1746 2291 suam,
1773 2235 1884 2279 tum
1934 2243 2059 2280 non-

487 2317 685 2372 nullam
723 2319 1019 2373 barharicaa
1068 2334 1179 2372 ora:
1234 2328 1438 2389 partem
1474 2330 1853 2389 peragrasset,
1884 2331 2058 2375 trans-

486 2409 749 2477 itumque,
787 2408 1020 2463 fallendo
1055 2410 1234 2479 potius
1265 2425 1423 2479 quam
1463 2411 1738 2474 vincendo,
1772 2412 2053 2479 rapuisset,

485 2499 621 2553 aula:
676 2500 962 2554 imminere
1044 2500 1280 2568 incipit:
1327 2510 1383 2552 ut
1448 2502 1663 2569 quidem
1710 2514 1924 2558 narrant
1965 2507 2053 2574 qui

485 2602 668 2660 partes
690 2593 809 2661 ejus
840 2602 1079 2656 tuentur,
1112 2591 1275 2644 futuri
1308 2593 1641 2661 praenotione
1672 2594 1734 2648 ad
1784 2595 1921 2650 hanc
1969 2612 2059 2650 ex-

485 2684 811 2751 peditionem
841 2683 1127 2738 iucundam
1154 2683 1354 2747 elatus,
1381 2684 1797 2753 daunonumque
1823 2687 2052 2755 impulsu

489 2784 657 2843 atque
708 2776 946 2841 hortatu,
989 2790 1301 2845 prosperum
1360 2788 1613 2830 eventum
1652 2779 2048 2846 pollicentium,

490 2865 761 2937 rebusque
819 2868 1173 2920 mutationem
1234 2868 1637 2920 decernentium
1695 2886 1708 2923 :
1763 2878 1821 2921 ιιι
1872 2880 2051 2923 autem

486 2959 660 3021 aiuttt,
693 2958 785 3027 qui
837 2973 961 3012 vera
1012 2959 1323 3026 loquuntur,
1359 2955 1472 3027 99
1499 2960 1563 3011 ad
1596 2968 1808 3029 tempus
1852 2976 2055 3015 arcano

484 3060 645 3120 atque
673 3052 885 3105 occulto
924 3051 1146 3105 facinori
1197 3053 1567 3119 praestitutum
1617 3053 1932 3117 adveniens,
1960 3064 2046 3107 at-

485 3158 591 3212 que
611 3144 677 3197 ad
696 3153 948 3206 mortem,
975 3143 1134 3211 cujus
1178 3143 1290 3211 ipse
1317 3144 1649 3198 architectus
1674 3155 1810 3209 etat,
1852 3160 2049 3215 prope-

483 3251 634 3300 rans,
689 3244 939 3290 conatum
998 3236 1213 3289 interim
1271 3252 1427 3289 suum
1490 3252 1584 3307 per
1630 3239 2047 3301 domesticorum

483 3325 771 3396 quemdam
802 3328 1007 3381 celans.
1050 3327 1123 3380 lta
1158 3328 1367 3383 facinus
1420 3328 1574 3392 illud,
1606 3344 1709 3383 non
1763 3332 2049 3399 prrescien-

486 3418 580 3481 tia,
619 3420 711 3474 sed
732 3418 957 3473 scientia
990 3429 1127 3479 erat,
1158 3416 1491 3487 scelerisque
1525 3433 1679 3487 Opus,
1714 3436 1817 3472 non
1852 3422 2050 3474 dtemo-

486 3524 614 3561 num
644 3509 1003 3562 beneficium:
1039 3509 1129 3578 qui
1177 3508 1415 3577 quidem,
1467 3524 1629 3578 quam
1683 3510 1735 3563 in
1770 3510 1854 3563 his
1890 3513 2048 3565 rebus

483 3600 603 3654 sciti
663 3616 727 3655 ac
779 3602 1006 3656 solertes
1044 3602 1172 3663 sint,
1228 3599 1409 3654 Persia
1462 3600 1758 3655 luculenter
1787 3603 2042 3657 ostendit.

2078 3094 2121 3153 C

1679 286 1737 342 5.
1780 287 2106 345 GREGORII
2146 288 2233 343 ΤΗ
2240 288 2488 347 εοιοοι

3610 295 3707 351 ΓΒ

2150 405 2364 460 ίσταται
2387 424 2401 436 ·
2434 405 2732 477 προφάσιι⁹
2755 404 2867 475 (70)
2904 407 3021 477 μιν,
3055 407 3131 471 ὡς
3166 408 3275 480 (71)
3310 409 3710 484 ἀπολογησόμε-

2148 514 2238 561 νος
2270 498 2410 569 ὐπὲρ
2442 496 2536 551 τοῦ
2574 498 2933 569 διαδήματος·
2982 500 3061 553 ἔτι
3102 499 3211 571 γὰρ
3241 502 3414 556 ἐδόκει
3455 503 3709 574 κρύπτειν

2150 591 2344 644 ἑαυτοῦ
2386 590 2484 661 τὴν
2516 592 2809 645 ἀπόνοιαν”
2854 592 2914 645 τὸ
2960 592 3016 646 δὲ
3066 592 3280 664 ἀληθὲς,
3314 595 3390 660 ὡς
3443 600 3705 669 μεταστή-

2153 698 2260 734 σων
2286 683 2367 745 είς
2388 682 2579 736 ἑαυτὸν
2609 682 2754 736 ἅπαν
2779 684 2840 735 τὸ
2868 683 3083 751 κράτος,
3114 686 3205 740 καὶ
3230 684 3317 739 διὰ
3342 687 3444 756 τῆς
3473 688 3711 759 ἀγνωμο-

2154 776 2320 845 σύνης
2351 774 2904 846 θαυμασθησόμενος·
2947 778 3042 831 καὶ
3082 777 3180 831 οὐκ
3224 778 3463 850 ἐψεύσθη
3511 797 3579 848 γε
3625 782 3710 852 τῆς

2151 866 2382 931 ἐλπίδος.

2222 1138 2351 1190 MZ'.
2384 1138 2475 1207 Μὴ
2507 1136 2932 1207 θαυμαζέτωσαν
2950 1137 2998 1189 οἱ
3022 1138 3129 1191 τῶν
3150 1137 3240 1191 τοῦ
3252 1137 3385 1191 Θεοῦ
3409 1138 3607 1207 λόγων.
3633 1140 3715 1209 ὐψ⁹

2153 1221 2227 1279 ὧν
2248 1226 2309 1279 τὸ
2341 1228 2447 1279 πᾶν
2476 1228 2733 1297 φέρεται,
2773 1227 2833 1279 τὸ
2871 1228 3209 1299 ἀτέκμαρτον
3248 1230 3321 1299 μὴ
3366 1228 3718 1299 ἐπιστάμενοι

2156 1318 2336 1389 βάθος.
2372 1320 2465 1371 καὶ
2520 1319 2595 1389 μὴ
2628 1319 2738 1389 (72)
2782 1320 3232 1391 παραχωροῦντες
3261 1321 3339 1389 τῷ
3378 1320 3598 1391 τεχνίτῃ
3623 1320 3720 1389 τῆς

2154 1410 2556 1482 κυϐερνήσεως,
2604 1411 2762 1482 ἡμῶν
2817 1428 2879 1480 γε
2942 1414 3155 1475 πάντως
3208 1414 3576 1483 συνετωτέρῳ,
3633 1413 3723 1465 καὶ

2155 1501 2339 1569 ἄγοντι
2366 1502 2424 1553 τὸ
2456 1503 2652 1553 οἰκεῖον
2682 1501 2787 1572 ὅπη
2820 1503 2912 1554 καὶ
2935 1503 3081 1565 ὅπως
3111 1503 3357 1573 βούλεται
3380 1522 3391 1536 ·
3426 1504 3649 1567 πάντως
3668 1503 3722 1555 δὲ

2156 1593 2290 1663 πρὸς
2319 1592 2379 1644 τὸ
2410 1596 2655 1662 κρεῖττον
2696 1593 2788 1645 καὶ
2817 1593 2914 1663 τὴν
2942 1593 3199 1664 ἰατρείαν,
3228 1594 3326 1646 κᾶν
3354 1595 3402 1646 οἱ
3429 1593 3725 1663 θεραπευόο

2159 1699 2306 1752 μενοι
2356 1680 2808 1752 δυσχεραίνωσιν⁸
2862 1682 2948 1751 ὑφ’
2997 1675 3071 1735 ὧν
3117 1682 3287 1752 λόγων
3328 1684 3585 1746 κάκεῖνος
3627 1685 3723 1736 οὐκ

2155 1768 2370 1842 ἐπήρθη
2420 1770 2517 1839 μὲν
2564 1771 2644 1833 εἰς
2686 1770 2785 1840 τὴν
2826 1771 3056 1823 κακίαν
3091 1770 3327 1825 ἀναίτιον
3372 1772 3481 1842 γὰρ
3517 1774 3722 1826 παντὰο

2155 1880 2286 1916 πασι
2330 1862 2513 1915 κακῶν
2560 1860 2621 1914 τὸ
2666 1860 2837 1925 Θείον,
2873 1863 3073 1930 ἀγαθὸν
3118 1867 3183 1934 τῇ
3229 1863 3386 1932 φύσει
3431 1864 3724 1933 τυγχάνον,

2156 1954 2247 2007 καὶ
2289 1952 2381 2006 τοῦ
2431 1950 2790 2022 προελομένου
2839 1956 2906 2005 τὰ
2954 1953 3052 2019 τῆς
3100 1953 3209 2023 (⁸75)
3242 1953 3473 2015 κακίας⁶
3510 1954 3573 2007 οὐ
3623 1954 3727 2025 μὴν

2156 2044 2422 2116 ἐπεσχέθη
2463 2061 2527 2111 γε
2564 2045 2658 2114 τῆς
2697 2045 2904 2115 ὁρμῆς·
2942 2044 3075 2097 ἀλλὰ
3112 2044 3263 2114 τάχει
3303 2044 3482 2116 πολλῷ
3520 2046 3625 2115 τήν
3669 2062 3727 2098 τι

2156 2136 2382 2199 οἰκείαν,
2434 2136 2528 2187 καὶ
2575 2134 2671 2205 τῆς
2724 2133 3065 2205 βαρϐαρικῆς
3098 2133 3261 2204 ὄχθης
3309 2133 3458 2187 ἐστιν
3494 2134 3611 2205 (Η)
3662 2137 3726 2207 ἦν

2155 2226 2484 2297 διαδραμὼν,
2518 2225 2612 2279 καὶ
2642 2224 2719 2295 τῷ
2752 2224 2932 2278 λαθεῖν
2960 2225 3068 2296 (75)
3115 2224 3311 2295 μᾶλλον
3340 2225 3373 2295 ἢ
3408 2225 3487 2295 τῷ
3522 2226 3725 2297 κρατῆο

2159 2336 2246 2371 σαι
2286 2318 2383 2389 τὴν
2426 2317 2655 2388 πάροδον
2702 2317 2952 2386 ἀρπάσας
2974 2357 2988 2379 ,
3022 2316 3248 2387 πλησίον
3281 2316 3392 2369 τῶν
3430 2316 3722 2386 βασιλείων

2155 2410 2396 2479 γίνεταιο
2441 2409 2515 2473 ὡς
2570 2409 2669 2479 μὲν
2715 2409 2771 2461 oi’
2805 2408 2873 2461 τὰ
2927 2408 3134 2462 ἐκείνου
3187 2408 3538 2479 φρονοῦντες,
3590 2410 3728 2461 κατὰ

2159 2504 2465 2574 πρόγνωσιν
2516 2504 2608 2554 ἐπὶ
2654 2503 2752 2572 τὴν
2806 2502 3155 2574 ἐκστρατείαν
3207 2502 3316 2570 (76)
3368 2502 3583 2573 ἀρθεὶς,
3638 2503 3731 2554 καὶ

2156 2594 2424 2664 δαιμόνων
2463 2594 2677 2665 κίνησιν
2704 2594 2764 2647 τὸ
2801 2593 2991 2663 μέλλον
3024 2594 3488 2664 ὑπισχνουμένων,
3517 2596 3617 2646 καὶ
3646 2610 3731 2662 μισ

2156 2688 2387 2760 ταὸολὴν
2436 2687 2873 2758 πρυτανευόντων
2918 2689 3031 2749 τοῖς
3081 2688 3425 2758 πράγμασιν·
3480 2686 3558 2750 ὡς
3609 2685 3668 2739 δὲ
3702 2688 3731 2738 δ

2156 2778 2263 2831 τῶν
2309 2778 2680 2849 ἀληθευόντων
2718 2778 2895 2847 λόγος,
2935 2777 3077 2832 κατὰ
3123 2777 3464 2849 προθεσμίαν
3510 2776 3728 2849 παρὼν,

2157 2870 2271 2924 ἀλλ’
2324 2870 2437 2940 (77)
2490 2871 2937 2941 ἀποῤῥητοτέραν
2990 2886 3051 2922 τε
3102 2869 3197 2922 καὶ
3249 2869 3591 2941 βαθυτέραν,
3639 2869 3736 2923 καὶ

2159 2960 2400 3013 σπεύδων
2440 2962 2532 3014 ἐπὶ
2558 2960 2804 3023 θάνατον,
2838 2954 2898 3013 οὗ
2937 2960 3263 3031 δημιουργδς
3290 2960 3452 3023 αὐτὸς
3481 2956 3575 3030 ἦν,
3605 2961 3732 3013 κλέ-

2154 3051 2259 3121 ψας
2292 3052 2399 3105 τινὶ
2426 3052 2531 3104 τῶν
2576 3051 2724 3104 ἔνδον
2756 3050 2853 3122 τὴν
2905 3050 3241 3121 ἐπιχείρησιν
3290 3049 3436 3119 (78)⁶
3477 3050 3628 3103 ὥστε
3660 3047 3734 3103 εἷ-

2154 3164 2241 3199 ναι
2280 3145 2353 3217 μὴ
2385 3145 2495 3215 ('79)
2537 3144 2862 3216 πρόγνωσιν,
2900 3141 3036 3195 ἀλλὰ
3075 3141 3293 3211 γνῶσιν,
3339 3142 3432 3194 καὶ
3466 3143 3735 3212 πονηρίας

2156 3238 2348 3310 ἔργον,
2380 3237 2513 3290 ἀλλὰ
2564 3237 2637 3307 μὴ
2692 3234 2959 3305 δαιμόνων
3011 3235 3353 3305 εὐεργέτημα
3402 3235 3464 3287 τὸ
3511 3236 3737 3305 γινόμε-

2154 3347 2244 3383 νον
2264 3346 2277 3359 ·
2320 3330 2373 3382 οἵ
2404 3346 2465 3397 γε
2500 3328 2616 3391 πῶς
2650 3328 2892 3396 εὔστοχοι
2919 3328 2987 3379 τὰ
3024 3326 3277 3388 τοιαῦτα,
3310 3327 3515 3397 Περσὶς
3546 3327 3737 3395 σαφῶς

2154 3420 2319 3485 ἔδειξε
2368 3419 2501 3489 (80).
2552 3419 2663 3471 Καὶ
2708 3416 3108 3471 παυσάσθωσαν
3144 3418 3195 3469 οἱ
3229 3417 3289 3469 τὸ
3323 3417 3537 3468 ἐκείνου
3571 3417 3739 3485 τάχος

2153 3514 2265 3574 τοῖς
2292 3510 2538 3580 δαίμοσιν
2569 3509 2991 3578 ἐπιφημίζοντες
3010 3524 3023 3536 ·
3058 3508 3105 3559 εί
3141 3507 3214 3577 μή
3246 3522 3309 3574 γε
3338 3504 3449 3576 (8|)
3479 3504 3575 3558 καὶ
3603 3505 3745 3557 αὐτὸ

2152 3605 2216 3656 τὸ
2246 3603 2413 3655 κακὸν
2440 3598 2576 3654 εἶναι
2625 3600 2832 3662 τούτοις
2872 3597 3270 3669 προσθήσομεν.

483 3695 562 3747 Ac
590 3695 749 3747 Ilnem
778 3695 990 3747 tandem
1036 3694 1261 3758 faciant,
1335 3696 1423 3764 qui
1491 3693 1635 3749 illius
1690 3694 2025 3750 celeritatem
2082 3697 2416 3753 dzcntouibus
2453 3696 2727 3749 ascribunt
2757 3712 2769 3746 t
2795 3694 2894 3747 nisi
2923 3695 3022 3747 hoc
3064 3708 3275 3762 quoque
3326 3691 3737 3755 insum,_scelr

486 3796 665 3843 ratum
697 3803 837 3853 esse,
869 3788 955 3842 his
986 3786 1363 3857 adiungamus.

557 3897 784 3953 XLVIII.
826 3898 977 3965 Quod
1011 3900 1111 3953 nisi
1151 3899 1368 3970 tyranni
1394 3900 1685 3955 adventum
1730 3912 1785 3956 et
1815 3902 2049 3973 impres-

489 3990 697 4045 sionem
754 4006 901 4046 mors
964 3991 1305 4059 imperatoris
1361 3994 1775 4058 antevertisset,
1831 3994 2053 4062 plusque

488 4082 782 4137 obscurum
823 4084 1044 4148 bellum,
1092 4099 1251 4152 quam
1302 4094 1484 4152 aperta
1538 4100 1729 4139 manus
1769 4086 2051 4155 potuisset,

488 4175 847 4231 intellexisset
882 4174 1112 4231 fortasse
1139 4176 1540 4232 conSceleratus
1578 4178 1669 4233 ille
1710 4194 1775 4235 ac
1815 4178 2058 4235 nefarius

582 4427 668 4503 '10)
708 4430 1029 4503 ῌροφᾴσει.
1064 4431 1247 4485 Plures
1276 4431 1431 4487 codd.
1457 4430 1748 4503 πρόφασιν.

584 4498 669 4563 Ἱι)
718 4498 1011 4566 ngenio.
1034 4503 1088 4563 5.
1120 4503 1195 4565 ὡς
1220 4502 1303 4556 ἄν.

562 4567 669 4640 (72)
708 4571 816 4643 Καὶ
842 4571 949 4639 μή.
1005 4572 1080 4626 Ita
1122 4572 1251 4643 Reg.
1300 4576 1390 4640 hu,
1419 4573 1571 4629 Coll).
1607 4574 1662 4640 3,
1695 4570 1788 4627 Or.
1830 4568 2059 4634 i,Pass.

486 4635 649 4693 Deest
684 4641 756 4710 μή
797 4635 858 4693 ιη’
877 4635 962 4696 ed.

558 4710 693 4784 (73)_
717 4709 791 4784 Td
818 4710 943 4784 τῆς.
972 4710 1158 4766 Plures
1178 4715 1333 4768 codd.
1357 4715 1418 4768 τὸ
1433 4712 1552 4784 τῆς.
1577 4713 1856 4769 Calvinum
1882 4710 1967 4765 his
1987 4709 2063 4764 fe-

489 4779 584 4833 riri
616 4782 696 4833 vel
728 4782 840 4846 ipse
867 4782 1222 4837 Montaeutius
1248 4796 1418 4839 notat.

488 4921 515 4973 ι
559 4851 674 4973 (ἕι)
718 4853 933 4937 Ὄχθης
959 4853 1147 4907 ἐστιν.
1180 4854 1313 4925 Reg.
1363 4871 1418 4918 ιι,
1466 4863 1520 4909 et
1556 4853 1710 4908 Pass.
1754 4850 1920 4922 ὄχθης
1961 4850 2061 4919 ὅση

521 4937 583 4973 στ
608 4940 656 4973 ν.

521 4934 656 4977 στιν.
878 4934 883 4937 “

559 4991 673 5115 (³75)
718 4990 803 5056 Τῷ
822 4993 1047 5047 λαθεῖν.
1075 4992 1243 5075 ngg.
1272 4993 1511 5048 nonnulli
1545 5005 1599 5048 et
1626 4994 1779 5080 Colh.
1804 4992 1898 5075 0r,
1928 4993 1979 5073 1,
2002 4992 2063 5045 τὸ

593 5065 671 5115 εῖν
705 5062 802 5115 μὲν
836 5064 867 5115 ἢ
890 5064 949 5115 τὸ
974 5079 1263 5115 κοαττισαι.
1298 5063 1444 5115 I’rss.
1471 5065 1532 5115 τὸ
1566 5080 1803 5115 κοατειν.
1838 5064 1929 5115 Stc
1962 5074 2063 5115 Iter

490 5061 671 5134 λαθεῖν
705 5062 802 5132 μὲν
836 5064 949 5134 ἥτὸ
974 5061 1263 5134 κρατῆσαι.
1298 5063 1444 5117 l’rss.
1471 5065 1532 5117 τὸ
1566 5066 1803 5134 κρατεῖν.
1838 5064 1929 5117 Sic
1962 5062 2063 5115 iter

489 5131 684 5186 .lultani
708 5131 1045 5186 describunt
1075 5131 1505 5198 Mammertinus,
1542 5131 1797 5187 Libauius
1832 5142 1974 5186 orat.
2006 5134 2063 5193 2,

491 5203 742 5255 lusimus
774 5214 826 5255 et
862 5206 1176 5256 Ammianus
1203 5204 1294 5256 ιιι».
1324 5221 1438 5266 nt,
1467 5222 1519 5273 p.
1551 5204 1674 5259 188.

564 5273 1131 5345 (Ῐίὶγιῖκστρατείαν.
1166 5273 1329 5345 Begg.
1360 5290 1410 5337 a,
1437 5275 1498 5336 b,
1556 5276 1664 5335 but.
1706 5272 2051 5345 ὲκστρατίαν.

562 5342 675 5413 (77)
716 5344 945 5411 Παρών,
967 5344 1127 5397 ἀλλ’.
1166 5342 1238 5395 Ita
1270 5342 1526 5411 Rngttu.
1554 5346 1705 5399 Coll).
1730 5342 1978 5412 quatuor.
2012 5352 2067 5396 et

492 5410 675 5532 9rd.
708 5410 809 5468 Alii
852 5424 963 5469 tres
994 5414 1143 5483 ltegii
1183 5410 1422 5468 ἀλλάίιιι
1458 5415 1700 5484 pluribus
1733 5410 1885 5469 deest
1925 5414 2066 5469 sicut

495 5498 548 5532 In
611 5501 663 5532 l.

495 5498 548 5536 1η
578 5496 663 5536 cllo

566 5552 680 5623 (78)
719 5553 965 5625 Κλέψας
1034 5553 1151 5608 τινὶ
1215 5552 1333 5608 τῶν
1375 5552 1557 5607 ἔνδον
1602 5553 1716 5623 τὴν
1772 5553 2068 5625 ἐπιχεῲηο

496 5638 623 5675 σιν.
661 5640 680 5671 ι
718 5624 1140 5678 Domesticorutn
1192 5628 1350 5678 unius
1395 5639 1555 5691 opera
1605 5640 1717 5680 rem
1750 5624 1931 5678 furtim
1974 5640 2064 5692 ag-

497 5706 739 5758 gressus,
777 5712 794 5745 ι
839 5710 1027 5765 nempe
1072 5712 1166 5765 per
1196 5695 1344 5750 illum
1380 5693 1526 5749 lento
1553 5694 1925 5750 Constantium
1971 5709 2065 5748 ve-

2226 3903 2366 3956 MH'.
2389 3902 2449 3953 Ei
2467 3901 2563 3967 μὲν
2580 3894 2670 3952 οὖν
2697 3898 2769 3969 μὴ
2793 3897 3059 3969 προῦλαϐε
3082 3896 3190 3967 (82)
3207 3896 3506 3968 τὴνέφοδον
3524 3897 3621 3951 τοῦ
3642 3916 3733 3951 τνο

2164 3995 2353 4066 ράννου
2382 3994 2443 4044 τὸ
2464 3990 2614 4052 τέλος
2632 3988 2723 4041 τοῦ
2752 3987 3029 4057 βασιλέως,
3051 3985 3184 4057 μηδὲ
3207 3987 3234 4037 ό
3265 3987 3478 4057 ἀφανὴς
3498 3987 3739 4057 πόλεμος

2159 4088 2260 4157 τῆς
2294 4086 2531 4156 φανερᾶς
2576 4083 2757 4154 χειρὸς
2804 4080 2986 4134 πλεῖον
3038 4080 3253 4150 ἴσχυσε.
3300 4078 3443 4148 τάχα
3486 4079 3554 4133 ἂν
3597 4079 3738 4146 ἔγνω

2163 4178 2286 4234 καθ’
2330 4176 2523 4230 ἑαυτοῦ
2567 4174 2801 4245 ταχύνσς
2862 4173 2891 4224 ὁ
2939 4171 3242 4241 ἀλιτήριος’
3295 4172 3387 4223 καὶ
3442 4171 3578 4239 πρὶν
3632 4169 3753 4223 ὖπὺ.

2084 4399 2137 4453 θ
2162 4444 2302 4485 neno
2326 4428 2719 4488 exstincturus,
2748 4433 2807 4479 ut
2834 4425 2901 4479 ad
2923 4424 3279 4492 przestitutum
3310 4423 3464 4478 diem
3491 4422 3616 4489 ipse
3648 4422 3746 4474 ad-

2160 4501 2400 4557 veniens.
2450 4500 2502 4551 in
2540 4496 2801 4549 demortui
2844 4495 3041 4557 locum,
3089 4494 3367 4561 imperium
3413 4494 3620 4547 adiret.
3666 4494 3741 4544 Ita

2162 4571 2334 4624 locum
2371 4570 2512 4621 hunc
2545 4567 2794 4629 intelligit
2818 4565 3003 4620 Coittb.
3043 4563 3117 4617 De
3153 4579 3358 4616 veneno
3385 4574 3569 4614 tamen
3602 4564 3744 4615 ηιΙιὶΙ

2162 4640 2479 4709 Gregorius.
2517 4637 2647 4691 nihil
2688 4633 2871 4709 Eligis,
2897 4635 3029 4709 nihil
3056 4634 3368 4709 scltoliasta.
3407 4630 3513 4685 iste
3552 4634 3748 4700 prodi-

2162 4704 2298 4764 toris
2326 4718 2530 4761 tantum
2572 4707 2815 4760 meminit
2845 4704 3059 4761 Iuliano
3094 4705 3400 4762 iudicantis.
3439 4719 3552 4769 quo
3602 4714 3751 4756 tent-

2164 4795 2293 4849 porc
2320 4795 2429 4849 rent
2448 4778 2662 4849 aggredi
2686 4787 3045 4849 opportunum
3072 4785 3236 4827 esset.
3269 4774 3412 4826 liiias
3441 4788 3577 4827 vero
3595 4786 3753 4826 stru-

2163 4848 2276 4903 ctas
2308 4848 2606 4902 Constantii
2638 4848 2758 4900 vitae
2784 4848 3006 4900 insidias
3027 4854 3447 4902 mtntnemorat;
3482 4858 3750 4909 quaenam

2164 4932 2341 4973 autem
2401 4918 2502 4969 illa:
2556 4918 2771 4974 fuerint.
2836 4918 2976 4970 silet.
3044 4914 3158 4967 Non
3206 4915 3350 4965 aliud
3403 4913 3591 4965 forsan
3634 4913 3752 4963 vult

2164 4988 2485 5058 Gregorius,
2507 5002 2666 5054 quam
2710 4987 2921 5058 Juliano
2965 4999 3168 5058 certum
3197 4986 3387 5047 fuisse,
3411 4984 3759 5058 Constantio

2165 5056 2348 5114 necent
2376 5059 2735 5120 consciscere,
2753 5057 2875 5109 dolo
2900 5095 2915 5117 ,
2941 5056 3272 5123 proditimte,
3295 5069 3525 5113 veneno,
3547 5056 3755 5106 aliisve

2166 5130 2339 5183 modis
2395 5128 2798 5189 occultior-ibus,
2833 5136 2887 5181 et
2929 5128 3040 5195 jam
3081 5126 3147 5178 ad
3188 5125 3398 5178 facinus
3427 5126 3577 5177 diem
3612 5140 3755 5178 con-

2166 5202 2387 5253 dictum.

2236 5269 2349 5340 (79)
2392 5270 2570 5322 Ὥστε
2606 5264 2766 5340 εἶναι
2787 5266 2902 5340 μή.
2948 5266 3037 5340 Sic
3088 5265 3254 5340 μορε.
3303 5265 3545 5318 melioris
3605 5274 3759 5317 nota:

2168 5331 2408 5399 coddxa,
2439 5342 2491 5395 lt.
2529 5355 2582 5395 υ.
2621 5342 2727 5391 ιιιιι.
2758 5331 2809 5390 In
2842 5331 2926 5392 ed.
2964 5338 3036 5406 μὴ
3061 5331 3220 5389 εἶναι.

2237 5409 2349 5472 (80)
2386 5408 2627 5472 Ἕδειξε.
2659 5408 2809 5462 Colb.
2840 5406 2894 5470 k,
2928 5406 3153 5472 ἐδίδαξε.

2239 5472 2349 5548 (81)
2386 5482 2457 5533 El
2503 5478 2588 5548 μή
2630 5495 2717 5547 γε,
2768 5489 2875 5532 etc.
2924 5495 2944 5528 ι
3004 5477 3131 5530 Nam
3168 5476 3211 5528 si
3253 5474 3373 5548 hoc_
3400 5472 3763 5548 daemonibus

2168 5542 2550 5612 concedamus,
2576 5542 2765 5603 etiam
2818 5551 2916 5601 hoc
2957 5549 3125 5616 ipsmn
3166 5546 3305 5614 quod
3348 5542 3603 5597 Julianus
3651 5560 3765 5597 ne-

2170 5637 2330 5691 quam
2371 5632 2424 5673 et
2456 5620 2732 5691 improbus
2762 5620 2853 5691 sit,
2889 5618 3243 5691 ascribetnus.
3276 5633 3294 5665 ι

2242 5691 2351 5759 (8‘2)
2396 5683 2717 5757 [Ιροῦλαόε.
2762 5689 2885 5743 Mss.
2919 5687 3175 5749 nonnulli,
3200 5683 3491 5756 προέλαϐε.
