  <div class='ocr_page' id='page_1' title='image "/cluster/home/n/w/nwhite01/storage/ocr_20150623/35/hvd.32044024473308/310.png"; bbox 0 0 3878 6398; ppageno 0'>
   <div class='ocr_carea' id='block_1_1' title="bbox 195 245 305 297">
    <p class='ocr_par' dir='ltr' id='par_1_1' title="bbox 195 245 305 297">
     <span class='ocr_line' id='line_1_1' title="bbox 195 245 305 297; baseline 0.036 -5"><span class='ocrx_word' id='word_1_1' title='bbox 195 245 305 297; x_wconf 66' lang='lat'><strong><em>6219</em></strong></span> 
     </span>
    </p>
   </div>
   <div class='ocr_carea' id='block_1_2' title="bbox 1190 241 2470 333">
    <p class='ocr_par' dir='ltr' id='par_1_2' title="bbox 1190 241 2470 333">
     <span class='ocr_line' id='line_1_2' title="bbox 1190 241 2470 333; baseline 0.002 -37"><span class='ocrx_word' id='word_1_2' title='bbox 1190 243 1449 333; x_wconf 75' lang='lat' dir='ltr'><strong>ORAqu</strong></span> <span class='ocrx_word' id='word_1_3' title='bbox 1491 245 1576 299; x_wconf 78' lang='lat' dir='ltr'><strong>iV.</strong></span> <span class='ocrx_word' id='word_1_4' title='bbox 1616 277 1686 286; x_wconf 89' lang='lat'><strong><em>—</em></strong></span> <span class='ocrx_word' id='word_1_5' title='bbox 1725 241 2002 327; x_wconf 53' lang='lat' dir='ltr'><strong>CONTRA</strong></span> <span class='ocrx_word' id='word_1_6' title='bbox 2043 244 2391 300; x_wconf 62' lang='lat' dir='ltr'><strong>JULIANUM</strong></span> <span class='ocrx_word' id='word_1_7' title='bbox 2433 244 2470 299; x_wconf 93' lang='grc' dir='ltr'>Ι.</span> 
     </span>
    </p>
   </div>
   <div class='ocr_carea' id='block_1_3' title="bbox 190 361 1766 435">
    <p class='ocr_par' dir='ltr' id='par_1_3' title="bbox 190 361 1766 435">
     <span class='ocr_line' id='line_1_3' title="bbox 190 361 1766 435; baseline 0.001 -18"><span class='ocrx_word' id='word_1_8' title='bbox 190 362 365 418; x_wconf 80' lang='grc' dir='ltr'>πολλὰ</span> <span class='ocrx_word' id='word_1_9' title='bbox 389 361 741 433; x_wconf 83' lang='grc' dir='ltr'>βιοτεύουσιν.</span> <span class='ocrx_word' id='word_1_10' title='bbox 789 375 830 414; x_wconf 86' lang='lat' dir='ltr'><strong>U</strong></span> <span class='ocrx_word' id='word_1_11' title='bbox 867 362 967 432; x_wconf 72' lang='grc' dir='ltr'>μὲν</span> <span class='ocrx_word' id='word_1_12' title='bbox 982 379 1075 416; x_wconf 82' lang='grc' dir='ltr'><strong>ουν</strong></span> <span class='ocrx_word' id='word_1_13' title='bbox 1101 363 1474 435; x_wconf 76' lang='grc' dir='ltr'>προύκάθητο,</span> <span class='ocrx_word' id='word_1_14' title='bbox 1507 365 1618 434; x_wconf 78' lang='grc'><strong>(25)</strong></span> <span class='ocrx_word' id='word_1_15' title='bbox 1639 365 1766 434; x_wconf 87' lang='grc' dir='ltr'>λαμ-</span> 
     </span>
    </p>
   </div>
   <div class='ocr_carea' id='block_1_4' title="bbox 1877 361 3465 435">
    <p class='ocr_par' dir='ltr' id='par_1_4' title="bbox 1891 362 3465 431">
     <span class='ocr_line' id='line_1_4' title="bbox 1891 362 3465 431; baseline -0.003 -17"><span class='ocrx_word' id='word_1_16' title='bbox 1891 380 1995 431; x_wconf 88' lang='lat' dir='ltr'><strong>que</strong></span> <span class='ocrx_word' id='word_1_17' title='bbox 2020 364 2330 418; x_wconf 76' lang='lat' dir='ltr'><strong>vecordiam</strong></span> <span class='ocrx_word' id='word_1_18' title='bbox 2372 374 2424 418; x_wconf 90' lang='lat' dir='ltr'><strong>et</strong></span> <span class='ocrx_word' id='word_1_19' title='bbox 2455 362 2738 416; x_wconf 72' lang='lat' dir='ltr'><strong>avaritiam</strong></span> <span class='ocrx_word' id='word_1_20' title='bbox 2762 399 2778 424; x_wconf 87' lang='lat'><strong>,</strong></span> <span class='ocrx_word' id='word_1_21' title='bbox 2809 374 2947 429; x_wconf 85' lang='lat' dir='ltr'><strong>quas</strong></span> <span class='ocrx_word' id='word_1_22' title='bbox 2981 371 3182 426; x_wconf 73' lang='lat' dir='ltr'><strong>magna</strong></span> <span class='ocrx_word' id='word_1_23' title='bbox 3215 371 3277 409; x_wconf 78' lang='lat' dir='ltr'><strong>ex</strong></span> <span class='ocrx_word' id='word_1_24' title='bbox 3312 368 3465 426; x_wconf 85' lang='lat' dir='ltr'><strong>parte</strong></span> 
     </span>
    </p>
   </div>
   <div class='ocr_carea' id='block_1_5' title="bbox 191 451 1779 527">
    <p class='ocr_par' dir='ltr' id='par_1_5' title="bbox 191 451 1779 527">
     <span class='ocr_line' id='line_1_5' title="bbox 191 451 1779 527; baseline 0 -18"><span class='ocrx_word' id='word_1_25' title='bbox 191 455 349 527; x_wconf 80' lang='grc' dir='ltr'>πρῶς</span> <span class='ocrx_word' id='word_1_26' title='bbox 376 451 766 525; x_wconf 76' lang='grc' dir='ltr'><strong>πανηγυρίζων</strong></span> <span class='ocrx_word' id='word_1_27' title='bbox 795 453 938 509; x_wconf 82' lang='grc' dir='ltr'>κατὰ</span> <span class='ocrx_word' id='word_1_28' title='bbox 977 453 1076 524; x_wconf 83' lang='grc' dir='ltr'>τῆς</span> <span class='ocrx_word' id='word_1_29' title='bbox 1130 453 1437 519; x_wconf 77' lang='grc' dir='ltr'>εὐσεϐείας,</span> <span class='ocrx_word' id='word_1_30' title='bbox 1481 457 1578 509; x_wconf 67' lang='grc' dir='ltr'>καὶ</span> <span class='ocrx_word' id='word_1_31' title='bbox 1638 457 1779 526; x_wconf 89' lang='grc' dir='ltr'>μέγα</span> 
     </span>
    </p>
   </div>
   <div class='ocr_carea' id='block_1_6' title="bbox 188 540 1776 616">
    <p class='ocr_par' dir='ltr' id='par_1_6' title="bbox 188 540 1776 616">
     <span class='ocr_line' id='line_1_6' title="bbox 188 540 1776 616; baseline 0 -19"><span class='ocrx_word' id='word_1_32' title='bbox 188 543 408 616; x_wconf 75' lang='grc' dir='ltr'>φρονῶν</span> <span class='ocrx_word' id='word_1_33' title='bbox 429 545 540 607; x_wconf 81' lang='grc' dir='ltr'>τοῖς</span> <span class='ocrx_word' id='word_1_34' title='bbox 573 542 934 614; x_wconf 75' lang='grc' dir='ltr'>τεχνάσμασι·</span> <span class='ocrx_word' id='word_1_35' title='bbox 958 541 1296 612; x_wconf 78' lang='grc' dir='ltr'>Μελάμπους</span> <span class='ocrx_word' id='word_1_36' title='bbox 1327 544 1458 615; x_wconf 63' lang='grc'><strong>(24),</strong></span> <span class='ocrx_word' id='word_1_37' title='bbox 1476 540 1648 615; x_wconf 74' lang='grc' dir='ltr'>οἶμαι,</span> <span class='ocrx_word' id='word_1_38' title='bbox 1669 544 1776 610; x_wconf 75' lang='grc' dir='ltr'>τὶς,</span> 
     </span>
    </p>
   </div>
   <div class='ocr_carea' id='block_1_7' title="bbox 186 634 1780 708">
    <p class='ocr_par' dir='ltr' id='par_1_7' title="bbox 186 634 1780 708">
     <span class='ocr_line' id='line_1_7' title="bbox 186 634 1780 708; baseline -0.001 -18"><span class='ocrx_word' id='word_1_39' title='bbox 186 639 218 707; x_wconf 76' lang='grc' dir='ltr'><strong>ἢ</strong></span> <span class='ocrx_word' id='word_1_40' title='bbox 250 639 530 708; x_wconf 80' lang='grc' dir='ltr'>Πρωτεὺς,</span> <span class='ocrx_word' id='word_1_41' title='bbox 558 635 737 690; x_wconf 84' lang='grc' dir='ltr'>πάντα</span> <span class='ocrx_word' id='word_1_42' title='bbox 764 635 861 689; x_wconf 73' lang='grc' dir='ltr'>καὶ</span> <span class='ocrx_word' id='word_1_43' title='bbox 892 634 968 688; x_wconf 84' lang='grc' dir='ltr'>ὢν</span> <span class='ocrx_word' id='word_1_44' title='bbox 998 635 1094 688; x_wconf 71' lang='grc' dir='ltr'>καὶ</span> <span class='ocrx_word' id='word_1_45' title='bbox 1120 635 1426 706; x_wconf 77' lang='grc' dir='ltr'>γινόμενος,</span> <span class='ocrx_word' id='word_1_46' title='bbox 1453 637 1548 691; x_wconf 72' lang='grc' dir='ltr'>καὶ</span> <span class='ocrx_word' id='word_1_47' title='bbox 1580 635 1780 708; x_wconf 70' lang='grc' dir='ltr'>ῥᾳδίως</span> 
     </span>
    </p>
   </div>
   <div class='ocr_carea' id='block_1_8' title="bbox 187 723 1775 798">
    <p class='ocr_par' dir='ltr' id='par_1_8' title="bbox 187 723 1775 798">
     <span class='ocr_line' id='line_1_8' title="bbox 187 723 1775 798; baseline -0.001 -16"><span class='ocrx_word' id='word_1_48' title='bbox 187 729 379 782; x_wconf 75' lang='grc' dir='ltr'>ἑαυτὸν</span> <span class='ocrx_word' id='word_1_49' title='bbox 404 727 761 782; x_wconf 80' lang='grc' dir='ltr'><strong>ὑπαλλάττων</strong></span> <span class='ocrx_word' id='word_1_50' title='bbox 785 729 900 790; x_wconf 88' lang='grc' dir='ltr'>τοῖς</span> <span class='ocrx_word' id='word_1_51' title='bbox 925 726 1114 780; x_wconf 80' lang='grc' dir='ltr'><strong>εἴδεσι·</strong></span> <span class='ocrx_word' id='word_1_52' title='bbox 1142 726 1210 780; x_wconf 80' lang='grc' dir='ltr'>τὰ</span> <span class='ocrx_word' id='word_1_53' title='bbox 1239 725 1297 780; x_wconf 80' lang='grc' dir='ltr'>δὲ</span> <span class='ocrx_word' id='word_1_54' title='bbox 1323 727 1449 798; x_wconf 75' lang='grc' dir='ltr'>περὶ</span> <span class='ocrx_word' id='word_1_55' title='bbox 1474 728 1636 782; x_wconf 80' lang='grc' dir='ltr'>αὑτὸν</span> <span class='ocrx_word' id='word_1_56' title='bbox 1665 723 1775 791; x_wconf 80' lang='grc' dir='ltr'>οἷα,</span> 
     </span>
    </p>
   </div>
   <div class='ocr_carea' id='block_1_9' title="bbox 187 812 1773 891">
    <p class='ocr_par' dir='ltr' id='par_1_9' title="bbox 187 812 1773 891">
     <span class='ocr_line' id='line_1_9' title="bbox 187 812 1773 891; baseline -0.001 -18"><span class='ocrx_word' id='word_1_57' title='bbox 187 821 280 873; x_wconf 72' lang='grc' dir='ltr'>καὶ</span> <span class='ocrx_word' id='word_1_58' title='bbox 313 821 454 873; x_wconf 82' lang='grc' dir='ltr'>ὅσων</span> <span class='ocrx_word' id='word_1_59' title='bbox 485 819 597 891; x_wconf 69' lang='grc'><strong>(25)</strong></span> <span class='ocrx_word' id='word_1_60' title='bbox 645 817 894 890; x_wconf 85' lang='grc' dir='ltr'>ὀδυρμῶν</span> <span class='ocrx_word' id='word_1_61' title='bbox 920 820 1032 882; x_wconf 85' lang='grc' dir='ltr'>τοῖς</span> <span class='ocrx_word' id='word_1_62' title='bbox 1080 812 1139 872; x_wconf 74' lang='grc' dir='ltr'>εὖ</span> <span class='ocrx_word' id='word_1_63' title='bbox 1194 819 1483 891; x_wconf 82' lang='grc' dir='ltr'>φρονοῦσιν</span> <span class='ocrx_word' id='word_1_64' title='bbox 1531 819 1677 886; x_wconf 75' lang='grc' dir='ltr'>ἄξια,</span> <span class='ocrx_word' id='word_1_65' title='bbox 1713 820 1773 872; x_wconf 72' lang='grc' dir='ltr'>οὐ</span> 
     </span>
    </p>
   </div>
   <div class='ocr_carea' id='block_1_10' title="bbox 185 907 1775 983">
    <p class='ocr_par' dir='ltr' id='par_1_10' title="bbox 185 907 1775 983">
     <span class='ocr_line' id='line_1_10' title="bbox 185 907 1775 983; baseline 0 -19"><span class='ocrx_word' id='word_1_66' title='bbox 185 914 299 975; x_wconf 84' lang='grc' dir='ltr'>τοῖς</span> <span class='ocrx_word' id='word_1_67' title='bbox 323 911 444 963; x_wconf 86' lang='grc' dir='ltr'>τότε</span> <span class='ocrx_word' id='word_1_68' title='bbox 474 907 709 980; x_wconf 90' lang='grc' dir='ltr'>παροῦσι</span> <span class='ocrx_word' id='word_1_69' title='bbox 739 908 918 980; x_wconf 86' lang='grc' dir='ltr'>μόνον,</span> <span class='ocrx_word' id='word_1_70' title='bbox 963 908 1100 963; x_wconf 82' lang='grc' dir='ltr'>ἀλλὰ</span> <span class='ocrx_word' id='word_1_71' title='bbox 1141 911 1237 964; x_wconf 82' lang='grc' dir='ltr'>καὶ</span> <span class='ocrx_word' id='word_1_72' title='bbox 1264 912 1374 974; x_wconf 89' lang='grc' dir='ltr'>τοῖς</span> <span class='ocrx_word' id='word_1_73' title='bbox 1400 907 1495 962; x_wconf 86' lang='grc' dir='ltr'><strong>νῦν</strong></span> <span class='ocrx_word' id='word_1_74' title='bbox 1535 911 1672 983; x_wconf 81' lang='grc' dir='ltr'>ἀκοῇ</span> <span class='ocrx_word' id='word_1_75' title='bbox 1691 910 1775 964; x_wconf 80' lang='grc' dir='ltr'>δε-</span> 
     </span>
    </p>
   </div>
   <div class='ocr_carea' id='block_1_11' title="bbox 186 998 974 1071">
    <p class='ocr_par' dir='ltr' id='par_1_11' title="bbox 186 998 974 1071">
     <span class='ocr_line' id='line_1_11' title="bbox 186 998 974 1071; baseline -0.003 -16"><span class='ocrx_word' id='word_1_76' title='bbox 186 1000 439 1071; x_wconf 81' lang='grc' dir='ltr'>χομένοις</span> <span class='ocrx_word' id='word_1_77' title='bbox 468 1002 644 1053; x_wconf 71' lang='grc' dir='ltr'>ἐκεῖνο</span> <span class='ocrx_word' id='word_1_78' title='bbox 668 998 730 1052; x_wconf 77' lang='grc' dir='ltr'>τὸ</span> <span class='ocrx_word' id='word_1_79' title='bbox 763 998 974 1071; x_wconf 86' lang='grc' dir='ltr'>θέαμα;</span> 
     </span>
    </p>
   </div>
   <div class='ocr_carea' id='block_1_12' title="bbox 1887 448 3462 523">
    <p class='ocr_par' dir='ltr' id='par_1_12' title="bbox 1887 448 3462 523">
     <span class='ocr_line' id='line_1_12' title="bbox 1887 448 3462 523; baseline -0.001 -17"><span class='ocrx_word' id='word_1_80' title='bbox 1887 456 2008 508; x_wconf 67' lang='lat' dir='ltr'><strong>vitae</strong></span> <span class='ocrx_word' id='word_1_81' title='bbox 2048 455 2274 510; x_wconf 86' lang='lat' dir='ltr'><strong>comites</strong></span> <span class='ocrx_word' id='word_1_82' title='bbox 2306 455 2548 520; x_wconf 86' lang='lat' dir='ltr'><strong>habent,</strong></span> <span class='ocrx_word' id='word_1_83' title='bbox 2603 453 2848 523; x_wconf 86' lang='lat' dir='ltr'><strong>pecuniis</strong></span> <span class='ocrx_word' id='word_1_84' title='bbox 2901 451 3122 506; x_wconf 82' lang='lat' dir='ltr'><strong>allicere</strong></span> <span class='ocrx_word' id='word_1_85' title='bbox 3163 459 3327 520; x_wconf 81' lang='lat' dir='ltr'><strong>alque</strong></span> <span class='ocrx_word' id='word_1_86' title='bbox 3375 448 3462 504; x_wconf 81' lang='lat' dir='ltr'><strong>in-</strong></span> 
     </span>
    </p>
   </div>
   <div class='ocr_carea' id='block_1_13' title="bbox 1886 540 3464 615">
    <p class='ocr_par' dir='ltr' id='par_1_13' title="bbox 1886 540 3464 615">
     <span class='ocr_line' id='line_1_13' title="bbox 1886 540 3464 615; baseline -0.003 -15"><span class='ocrx_word' id='word_1_87' title='bbox 1886 560 2096 600; x_wconf 84' lang='lat' dir='ltr'><strong>escare.</strong></span> <span class='ocrx_word' id='word_1_88' title='bbox 2126 543 2216 600; x_wconf 87' lang='lat' dir='ltr'><strong>Ille</strong></span> <span class='ocrx_word' id='word_1_89' title='bbox 2247 545 2408 615; x_wconf 89' lang='lat' dir='ltr'><strong>igitur</strong></span> <span class='ocrx_word' id='word_1_90' title='bbox 2439 545 2751 615; x_wconf 89' lang='lat' dir='ltr'><strong>splendidus</strong></span> <span class='ocrx_word' id='word_1_91' title='bbox 2784 541 3144 613; x_wconf 69' lang='lat' dir='ltr'><strong>praesidebat,</strong></span> <span class='ocrx_word' id='word_1_92' title='bbox 3177 540 3464 609; x_wconf 75' lang='lat' dir='ltr'><strong>splendide</strong></span> 
     </span>
    </p>
   </div>
   <div class='ocr_carea' id='block_1_14' title="bbox 1885 634 3463 705">
    <p class='ocr_par' dir='ltr' id='par_1_14' title="bbox 1885 634 3463 705">
     <span class='ocr_line' id='line_1_14' title="bbox 1885 634 3463 705; baseline -0.001 -14"><span class='ocrx_word' id='word_1_93' title='bbox 1885 638 2142 693; x_wconf 86' lang='lat' dir='ltr'><strong>adversus</strong></span> <span class='ocrx_word' id='word_1_94' title='bbox 2175 639 2429 705; x_wconf 74' lang='lat' dir='ltr'><strong>pietatem</strong></span> <span class='ocrx_word' id='word_1_95' title='bbox 2485 637 2681 690; x_wconf 86' lang='lat' dir='ltr'><strong>festum</strong></span> <span class='ocrx_word' id='word_1_96' title='bbox 2729 636 2872 689; x_wconf 88' lang='lat' dir='ltr'><strong>diem</strong></span> <span class='ocrx_word' id='word_1_97' title='bbox 2922 649 3132 705; x_wconf 80' lang='lat' dir='ltr'><strong>agens,</strong></span> <span class='ocrx_word' id='word_1_98' title='bbox 3189 643 3352 703; x_wconf 87' lang='lat' dir='ltr'><strong>atque</strong></span> <span class='ocrx_word' id='word_1_99' title='bbox 3391 634 3463 689; x_wconf 89' lang='lat' dir='ltr'><strong>ob</strong></span> 
     </span>
    </p>
   </div>
   <div class='ocr_carea' id='block_1_15' title="bbox 1884 724 3462 798">
    <p class='ocr_par' dir='ltr' id='par_1_15' title="bbox 1884 724 3462 798">
     <span class='ocr_line' id='line_1_15' title="bbox 1884 724 3462 798; baseline -0.002 -17"><span class='ocrx_word' id='word_1_100' title='bbox 1884 737 2059 781; x_wconf 85' lang='lat' dir='ltr'><strong>astuta</strong></span> <span class='ocrx_word' id='word_1_101' title='bbox 2090 744 2185 781; x_wconf 88' lang='lat' dir='ltr'><strong>sua</strong></span> <span class='ocrx_word' id='word_1_102' title='bbox 2223 727 2451 782; x_wconf 84' lang='lat' dir='ltr'><strong>censilia</strong></span> <span class='ocrx_word' id='word_1_103' title='bbox 2505 741 2830 798; x_wconf 79' lang='lat' dir='ltr'><strong>magnopere</strong></span> <span class='ocrx_word' id='word_1_104' title='bbox 2876 726 3060 778; x_wconf 88' lang='lat' dir='ltr'><strong>animo</strong></span> <span class='ocrx_word' id='word_1_105' title='bbox 3090 725 3291 779; x_wconf 86' lang='lat' dir='ltr'><strong>elatus.</strong></span> <span class='ocrx_word' id='word_1_106' title='bbox 3350 724 3462 778; x_wconf 85' lang='lat' dir='ltr'><strong>Me-</strong></span> 
     </span>
    </p>
   </div>
   <div class='ocr_carea' id='block_1_16' title="bbox 1884 815 3455 888">
    <p class='ocr_par' dir='ltr' id='par_1_16' title="bbox 1884 815 3455 888">
     <span class='ocr_line' id='line_1_16' title="bbox 1884 815 3455 888; baseline 0 -17"><span class='ocrx_word' id='word_1_107' title='bbox 1884 817 2118 887; x_wconf 88' lang='lat' dir='ltr'><strong>Iampum</strong></span> <span class='ocrx_word' id='word_1_108' title='bbox 2163 818 2453 888; x_wconf 85' lang='lat' dir='ltr'><strong>quemdam</strong></span> <span class='ocrx_word' id='word_1_109' title='bbox 2493 827 2584 872; x_wconf 88' lang='lat' dir='ltr'><strong>aut</strong></span> <span class='ocrx_word' id='word_1_110' title='bbox 2616 816 2876 870; x_wconf 89' lang='lat' dir='ltr'><strong>Proteum</strong></span> <span class='ocrx_word' id='word_1_111' title='bbox 2915 815 3181 886; x_wconf 82' lang='lat' dir='ltr'><strong>suspicari</strong></span> <span class='ocrx_word' id='word_1_112' title='bbox 3223 831 3455 887; x_wconf 77' lang='lat' dir='ltr'><strong>posses;</strong></span> 
     </span>
    </p>
   </div>
   <div class='ocr_carea' id='block_1_17' title="bbox 1883 908 3456 978">
    <p class='ocr_par' dir='ltr' id='par_1_17' title="bbox 1883 908 3456 978">
     <span class='ocr_line' id='line_1_17' title="bbox 1883 908 3456 978; baseline -0.003 -15"><span class='ocrx_word' id='word_1_113' title='bbox 1883 910 1952 963; x_wconf 84' lang='lat' dir='ltr'><strong>ita</strong></span> <span class='ocrx_word' id='word_1_114' title='bbox 1987 910 2038 964; x_wconf 92' lang='lat' dir='ltr'><strong>iu</strong></span> <span class='ocrx_word' id='word_1_115' title='bbox 2083 911 2266 964; x_wconf 84' lang='lat' dir='ltr'><strong>omnia</strong></span> <span class='ocrx_word' id='word_1_116' title='bbox 2297 911 2628 971; x_wconf 84' lang='lat' dir='ltr'><strong>vertebatur,</strong></span> <span class='ocrx_word' id='word_1_117' title='bbox 2681 909 2946 978; x_wconf 70' lang='lat' dir='ltr'><strong>facileque</strong></span> <span class='ocrx_word' id='word_1_118' title='bbox 2987 909 3225 978; x_wconf 87' lang='lat' dir='ltr'><strong>seipsutn</strong></span> <span class='ocrx_word' id='word_1_119' title='bbox 3275 910 3326 962; x_wconf 92' lang='lat' dir='ltr'><strong>in</strong></span> <span class='ocrx_word' id='word_1_120' title='bbox 3369 908 3456 963; x_wconf 70' lang='lat' dir='ltr'><strong>di.</strong></span> 
     </span>
    </p>
   </div>
   <div class='ocr_carea' id='block_1_18' title="bbox 1884 997 3456 1068">
    <p class='ocr_par' dir='ltr' id='par_1_18' title="bbox 1884 997 3456 1068">
     <span class='ocr_line' id='line_1_18' title="bbox 1884 997 3456 1068; baseline 0.001 -20"><span class='ocrx_word' id='word_1_121' title='bbox 1884 1013 2073 1052; x_wconf 79' lang='lat' dir='ltr'><strong>versas</strong></span> <span class='ocrx_word' id='word_1_122' title='bbox 2103 997 2312 1053; x_wconf 85' lang='lat' dir='ltr'><strong>fortnas</strong></span> <span class='ocrx_word' id='word_1_123' title='bbox 2346 999 2689 1052; x_wconf 74' lang='lat' dir='ltr'><strong>immolabat.</strong></span> <span class='ocrx_word' id='word_1_124' title='bbox 2738 999 2868 1066; x_wconf 59' lang='lat' dir='ltr'><strong>Quae</strong></span> <span class='ocrx_word' id='word_1_125' title='bbox 2896 1009 3073 1052; x_wconf 89' lang='lat' dir='ltr'><strong>autem</strong></span> <span class='ocrx_word' id='word_1_126' title='bbox 3107 997 3250 1054; x_wconf 89' lang='lat' dir='ltr'><strong>circa</strong></span> <span class='ocrx_word' id='word_1_127' title='bbox 3285 1000 3456 1068; x_wconf 89' lang='lat' dir='ltr'><strong>ipsmn</strong></span> 
     </span>
    </p>
   </div>
   <div class='ocr_carea' id='block_1_19' title="bbox 186 1088 3451 1161">
    <p class='ocr_par' dir='ltr' id='par_1_19' title="bbox 186 1088 3451 1161">
     <span class='ocr_line' id='line_1_19' title="bbox 186 1088 3451 1161; baseline -0.003 -13"><span class='ocrx_word' id='word_1_128' title='bbox 186 1103 366 1154; x_wconf 90' lang='lat' dir='ltr'><strong>erant,</strong></span> <span class='ocrx_word' id='word_1_129' title='bbox 408 1090 586 1159; x_wconf 84' lang='lat' dir='ltr'><strong>qualia</strong></span> <span class='ocrx_word' id='word_1_130' title='bbox 641 1089 855 1144; x_wconf 80' lang='lat' dir='ltr'><strong>tandem</strong></span> <span class='ocrx_word' id='word_1_131' title='bbox 894 1089 1219 1160; x_wconf 82' lang='lat' dir='ltr'><strong>quantisque</strong></span> <span class='ocrx_word' id='word_1_132' title='bbox 1253 1089 1487 1147; x_wconf 89' lang='lat' dir='ltr'><strong>luctibus</strong></span> <span class='ocrx_word' id='word_1_133' title='bbox 1515 1101 1570 1146; x_wconf 91' lang='lat' dir='ltr'><strong>et</strong></span> <span class='ocrx_word' id='word_1_134' title='bbox 1613 1090 1848 1161; x_wconf 84' lang='lat' dir='ltr'><strong>querelis</strong></span> <span class='ocrx_word' id='word_1_135' title='bbox 1892 1089 2030 1158; x_wconf 80' lang='lat' dir='ltr'><strong>apud</strong></span> <span class='ocrx_word' id='word_1_136' title='bbox 2079 1088 2331 1143; x_wconf 86' lang='lat' dir='ltr'><strong>cordatus</strong></span> <span class='ocrx_word' id='word_1_137' title='bbox 2395 1089 2641 1142; x_wconf 85' lang='lat' dir='ltr'><strong>homines</strong></span> <span class='ocrx_word' id='word_1_138' title='bbox 2699 1089 2900 1160; x_wconf 77' lang='lat' dir='ltr'><strong>digna,</strong></span> <span class='ocrx_word' id='word_1_139' title='bbox 2967 1105 3073 1143; x_wconf 88' lang='lat' dir='ltr'><strong>non</strong></span> <span class='ocrx_word' id='word_1_140' title='bbox 3140 1089 3206 1144; x_wconf 87' lang='lat' dir='ltr'><strong>iis</strong></span> <span class='ocrx_word' id='word_1_141' title='bbox 3271 1090 3451 1144; x_wconf 86' lang='lat' dir='ltr'><strong>solum</strong></span> 
     </span>
    </p>
   </div>
   <div class='ocr_carea' id='block_1_20' title="bbox 185 1181 2507 1260">
    <p class='ocr_par' dir='ltr' id='par_1_20' title="bbox 185 1181 2507 1260">
     <span class='ocr_line' id='line_1_20' title="bbox 185 1181 2507 1260; baseline -0.002 -20"><span class='ocrx_word' id='word_1_142' title='bbox 185 1189 274 1260; x_wconf 90' lang='lat' dir='ltr'><strong>qui</strong></span> <span class='ocrx_word' id='word_1_143' title='bbox 303 1199 413 1240; x_wconf 89' lang='lat' dir='ltr'><strong>turn</strong></span> <span class='ocrx_word' id='word_1_144' title='bbox 442 1185 668 1249; x_wconf 76' lang='lat' dir='ltr'><strong>afluere,</strong></span> <span class='ocrx_word' id='word_1_145' title='bbox 698 1183 792 1239; x_wconf 88' lang='lat' dir='ltr'><strong>sed</strong></span> <span class='ocrx_word' id='word_1_146' title='bbox 823 1185 890 1239; x_wconf 93' lang='lat' dir='ltr'><strong>iis</strong></span> <span class='ocrx_word' id='word_1_147' title='bbox 919 1185 1084 1240; x_wconf 90' lang='lat' dir='ltr'><strong>etiam</strong></span> <span class='ocrx_word' id='word_1_148' title='bbox 1111 1187 1202 1258; x_wconf 91' lang='lat' dir='ltr'><strong>qui</strong></span> <span class='ocrx_word' id='word_1_149' title='bbox 1229 1202 1373 1241; x_wconf 91' lang='lat' dir='ltr'><strong>nunc</strong></span> <span class='ocrx_word' id='word_1_150' title='bbox 1397 1186 1764 1257; x_wconf 87' lang='lat' dir='ltr'><strong>spectaculum</strong></span> <span class='ocrx_word' id='word_1_151' title='bbox 1805 1185 1932 1240; x_wconf 89' lang='lat' dir='ltr'><strong>illud</strong></span> <span class='ocrx_word' id='word_1_152' title='bbox 1962 1185 2184 1238; x_wconf 79' lang='lat' dir='ltr'><strong>auribus</strong></span> <span class='ocrx_word' id='word_1_153' title='bbox 2207 1181 2507 1254; x_wconf 75' lang='lat' dir='ltr'><strong>usurpant?</strong></span> 
     </span>
    </p>
   </div>
   <div class='ocr_carea' id='block_1_21' title="bbox 253 1272 1785 1350">
    <p class='ocr_par' dir='ltr' id='par_1_21' title="bbox 253 1272 1785 1350">
     <span class='ocr_line' id='line_1_21' title="bbox 253 1272 1785 1350; baseline 0.001 -20"><span class='ocrx_word' id='word_1_154' title='bbox 253 1277 380 1330; x_wconf 80' lang='lat' dir='ltr'><strong>Ill&quot;.</strong></span> <span class='ocrx_word' id='word_1_155' title='bbox 417 1274 722 1348; x_wconf 74' lang='grc' dir='ltr'>Προῦκειτο</span> <span class='ocrx_word' id='word_1_156' title='bbox 759 1275 982 1348; x_wconf 81' lang='grc' dir='ltr'>χρυσὸς,</span> <span class='ocrx_word' id='word_1_157' title='bbox 1019 1272 1317 1350; x_wconf 78' lang='grc' dir='ltr'>προύκειτο</span> <span class='ocrx_word' id='word_1_158' title='bbox 1354 1277 1592 1344; x_wconf 75' lang='grc' dir='ltr'>λίϐανος,</span> <span class='ocrx_word' id='word_1_159' title='bbox 1621 1277 1785 1348; x_wconf 76' lang='grc' dir='ltr'>ἐγγύ-</span> 
     </span>
    </p>
   </div>
   <div class='ocr_carea' id='block_1_22' title="bbox 1953 1273 3457 1346">
    <p class='ocr_par' dir='ltr' id='par_1_22' title="bbox 1953 1273 3457 1346">
     <span class='ocr_line' id='line_1_22' title="bbox 1953 1273 3457 1346; baseline 0.001 -16"><span class='ocrx_word' id='word_1_160' title='bbox 1953 1273 2236 1331; x_wconf 75' lang='lat' dir='ltr'><strong>LXXXlll.</strong></span> <span class='ocrx_word' id='word_1_161' title='bbox 2300 1274 2706 1346; x_wconf 84' lang='lat' dir='ltr'><strong>Proponebatur</strong></span> <span class='ocrx_word' id='word_1_162' title='bbox 2763 1289 2992 1334; x_wconf 88' lang='lat' dir='ltr'><strong>aurum.</strong></span> <span class='ocrx_word' id='word_1_163' title='bbox 3049 1275 3457 1345; x_wconf 83' lang='lat' dir='ltr'><strong>proponebatur</strong></span> 
     </span>
    </p>
   </div>
   <div class='ocr_carea' id='block_1_23' title="bbox 185 1365 1766 1442">
    <p class='ocr_par' dir='ltr' id='par_1_23' title="bbox 185 1365 1766 1442">
     <span class='ocr_line' id='line_1_23' title="bbox 185 1365 1766 1442; baseline 0.001 -20"><span class='ocrx_word' id='word_1_164' title='bbox 185 1369 276 1435; x_wconf 87' lang='grc' dir='ltr'><strong>θεν</strong></span> <span class='ocrx_word' id='word_1_165' title='bbox 338 1367 400 1420; x_wconf 80' lang='grc' dir='ltr'>τὸ</span> <span class='ocrx_word' id='word_1_166' title='bbox 455 1365 589 1438; x_wconf 85' lang='grc' dir='ltr'>πῦρ,</span> <span class='ocrx_word' id='word_1_167' title='bbox 637 1368 686 1419; x_wconf 85' lang='lat' dir='ltr'><strong>ol</strong></span> <span class='ocrx_word' id='word_1_168' title='bbox 752 1366 1037 1422; x_wconf 80' lang='grc' dir='ltr'><strong>κελευσταὶ</strong></span> <span class='ocrx_word' id='word_1_169' title='bbox 1076 1367 1322 1438; x_wconf 76' lang='grc' dir='ltr'>πλησίον·</span> <span class='ocrx_word' id='word_1_170' title='bbox 1363 1369 1546 1423; x_wconf 77' lang='grc' dir='ltr'>καὶτὸ</span> <span class='ocrx_word' id='word_1_171' title='bbox 1597 1373 1766 1442; x_wconf 75' lang='grc' dir='ltr'>σχῆμς</span> 
     </span>
    </p>
   </div>
   <div class='ocr_carea' id='block_1_24' title="bbox 1877 1365 3443 1442">
    <p class='ocr_par' dir='ltr' id='par_1_24' title="bbox 1885 1367 3443 1439">
     <span class='ocr_line' id='line_1_24' title="bbox 1885 1367 3443 1439; baseline 0.003 -18"><span class='ocrx_word' id='word_1_172' title='bbox 1885 1369 2010 1423; x_wconf 92' lang='lat' dir='ltr'><strong>thus</strong></span> <span class='ocrx_word' id='word_1_173' title='bbox 2031 1407 2046 1432; x_wconf 92' lang='lat'><strong>,</strong></span> <span class='ocrx_word' id='word_1_174' title='bbox 2074 1368 2126 1423; x_wconf 93' lang='lat' dir='ltr'><strong>in</strong></span> <span class='ocrx_word' id='word_1_175' title='bbox 2155 1367 2455 1438; x_wconf 85' lang='lat' dir='ltr'><strong>prepinquo</strong></span> <span class='ocrx_word' id='word_1_176' title='bbox 2480 1379 2600 1423; x_wconf 87' lang='lat' dir='ltr'><strong>erat</strong></span> <span class='ocrx_word' id='word_1_177' title='bbox 2633 1369 2772 1439; x_wconf 89' lang='lat' dir='ltr'><strong>ignis</strong></span> <span class='ocrx_word' id='word_1_178' title='bbox 2794 1409 2808 1432; x_wconf 89' lang='lat'><strong>,</strong></span> <span class='ocrx_word' id='word_1_179' title='bbox 2842 1370 3147 1424; x_wconf 83' lang='lat' dir='ltr'><strong>hortatores</strong></span> <span class='ocrx_word' id='word_1_180' title='bbox 3177 1371 3242 1424; x_wconf 90' lang='lat' dir='ltr'><strong>ad</strong></span> <span class='ocrx_word' id='word_1_181' title='bbox 3279 1371 3443 1426; x_wconf 81' lang='lat' dir='ltr'><strong>latus.</strong></span> 
     </span>
    </p>
   </div>
   <div class='ocr_carea' id='block_1_25' title="bbox 184 1455 1766 1535">
    <p class='ocr_par' dir='ltr' id='par_1_25' title="bbox 184 1455 1766 1535">
     <span class='ocr_line' id='line_1_25' title="bbox 184 1455 1766 1535; baseline 0.003 -24"><span class='ocrx_word' id='word_1_182' title='bbox 184 1460 259 1524; x_wconf 79' lang='grc' dir='ltr'><strong>ῶς</strong></span> <span class='ocrx_word' id='word_1_183' title='bbox 276 1457 523 1523; x_wconf 84' lang='grc' dir='ltr'>πιθανὸν,</span> <span class='ocrx_word' id='word_1_184' title='bbox 553 1457 838 1530; x_wconf 79' lang='grc' dir='ltr'><strong>βασιλικῆς</strong></span> <span class='ocrx_word' id='word_1_185' title='bbox 865 1459 1073 1533; x_wconf 72' lang='grc' dir='ltr'>δωρεᾶς</span> <span class='ocrx_word' id='word_1_186' title='bbox 1092 1459 1284 1515; x_wconf 87' lang='grc' dir='ltr'>τοῦτον</span> <span class='ocrx_word' id='word_1_187' title='bbox 1305 1455 1448 1516; x_wconf 78' lang='grc' dir='ltr'>εἶναι</span> <span class='ocrx_word' id='word_1_188' title='bbox 1470 1461 1649 1516; x_wconf 82' lang='grc' dir='ltr'>δοκεῖν</span> <span class='ocrx_word' id='word_1_189' title='bbox 1668 1461 1766 1535; x_wconf 44' lang='grc'><strong>(26)</strong></span> 
     </span>
    </p>
   </div>
   <div class='ocr_carea' id='block_1_26' title="bbox 1877 1455 3448 1535">
    <p class='ocr_par' dir='ltr' id='par_1_26' title="bbox 1881 1459 3448 1532">
     <span class='ocr_line' id='line_1_26' title="bbox 1881 1459 3448 1532; baseline 0.001 -18"><span class='ocrx_word' id='word_1_190' title='bbox 1881 1459 2051 1516; x_wconf 87' lang='lat' dir='ltr'><strong>Porro</strong></span> <span class='ocrx_word' id='word_1_191' title='bbox 2082 1476 2244 1532; x_wconf 89' lang='lat' dir='ltr'><strong>quam</strong></span> <span class='ocrx_word' id='word_1_192' title='bbox 2269 1459 2570 1530; x_wconf 81' lang='lat' dir='ltr'><strong>plausibilis</strong></span> <span class='ocrx_word' id='word_1_193' title='bbox 2601 1462 2832 1528; x_wconf 88' lang='lat' dir='ltr'><strong>species.</strong></span> <span class='ocrx_word' id='word_1_194' title='bbox 2867 1473 2924 1516; x_wconf 93' lang='lat' dir='ltr'><strong>ut</strong></span> <span class='ocrx_word' id='word_1_195' title='bbox 2961 1462 3322 1532; x_wconf 70' lang='lat' dir='ltr'><strong>imperatorim</strong></span> <span class='ocrx_word' id='word_1_196' title='bbox 3347 1463 3448 1517; x_wconf 85' lang='lat' dir='ltr'><strong>lar-</strong></span> 
     </span>
    </p>
   </div>
   <div class='ocr_carea' id='block_1_27' title="bbox 181 1550 1778 1627">
    <p class='ocr_par' dir='ltr' id='par_1_27' title="bbox 181 1550 1778 1627">
     <span class='ocr_line' id='line_1_27' title="bbox 181 1550 1778 1627; baseline 0.004 -21"><span class='ocrx_word' id='word_1_197' title='bbox 181 1553 272 1606; x_wconf 82' lang='grc' dir='ltr'><strong>τδν</strong></span> <span class='ocrx_word' id='word_1_198' title='bbox 327 1550 512 1622; x_wconf 89' lang='grc' dir='ltr'>νόμον,</span> <span class='ocrx_word' id='word_1_199' title='bbox 539 1551 640 1622; x_wconf 85' lang='grc' dir='ltr'>τῆς</span> <span class='ocrx_word' id='word_1_200' title='bbox 671 1567 734 1619; x_wconf 84' lang='grc' dir='ltr'><strong>γε</strong></span> <span class='ocrx_word' id='word_1_201' title='bbox 792 1551 1157 1624; x_wconf 79' lang='grc' dir='ltr'><strong>ἀρχαιοτέρας</strong></span> <span class='ocrx_word' id='word_1_202' title='bbox 1200 1570 1261 1608; x_wconf 91' lang='grc' dir='ltr'><strong>τε</strong></span> <span class='ocrx_word' id='word_1_203' title='bbox 1293 1554 1390 1608; x_wconf 73' lang='grc' dir='ltr'>καὶ</span> <span class='ocrx_word' id='word_1_204' title='bbox 1423 1555 1778 1627; x_wconf 81' lang='grc' dir='ltr'><strong>τιμιωτέρας.</strong></span> 
     </span>
    </p>
   </div>
   <div class='ocr_carea' id='block_1_28' title="bbox 1875 1552 3451 1625">
    <p class='ocr_par' dir='ltr' id='par_1_28' title="bbox 1875 1552 3451 1625">
     <span class='ocr_line' id='line_1_28' title="bbox 1875 1552 3451 1625; baseline 0.004 -20"><span class='ocrx_word' id='word_1_205' title='bbox 1875 1552 2095 1624; x_wconf 87' lang='lat' dir='ltr'><strong>gitionis</strong></span> <span class='ocrx_word' id='word_1_206' title='bbox 2122 1552 2212 1607; x_wconf 90' lang='lat' dir='ltr'><strong>hic</strong></span> <span class='ocrx_word' id='word_1_207' title='bbox 2243 1567 2360 1606; x_wconf 90' lang='lat' dir='ltr'><strong>mos</strong></span> <span class='ocrx_word' id='word_1_208' title='bbox 2393 1567 2516 1608; x_wconf 87' lang='lat' dir='ltr'><strong>esse</strong></span> <span class='ocrx_word' id='word_1_209' title='bbox 2545 1553 2843 1615; x_wconf 75' lang='lat' dir='ltr'><strong>videretur.</strong></span> <span class='ocrx_word' id='word_1_210' title='bbox 2891 1557 3219 1625; x_wconf 88' lang='lat' dir='ltr'><strong>antiquioris</strong></span> <span class='ocrx_word' id='word_1_211' title='bbox 3255 1556 3451 1625; x_wconf 81' lang='lat' dir='ltr'><strong>utique</strong></span> 
     </span>
    </p>
   </div>
   <div class='ocr_carea' id='block_1_29' title="bbox 183 1640 1766 1740">
    <p class='ocr_par' dir='ltr' id='par_1_29' title="bbox 183 1640 1766 1719">
     <span class='ocr_line' id='line_1_29' title="bbox 183 1640 1766 1719; baseline 0.003 -21"><span class='ocrx_word' id='word_1_212' title='bbox 183 1640 316 1698; x_wconf 78' lang='grc' dir='ltr'>Εἶτα</span> <span class='ocrx_word' id='word_1_213' title='bbox 368 1644 454 1708; x_wconf 84' lang='grc' dir='ltr'>τί;</span> <span class='ocrx_word' id='word_1_214' title='bbox 487 1642 700 1715; x_wconf 78' lang='grc' dir='ltr'>Θυμιᾷν</span> <span class='ocrx_word' id='word_1_215' title='bbox 729 1643 836 1698; x_wconf 74' lang='grc' dir='ltr'>ἔδει</span> <span class='ocrx_word' id='word_1_216' title='bbox 859 1645 1002 1700; x_wconf 62' lang='grc' dir='ltr'>κατὰ</span> <span class='ocrx_word' id='word_1_217' title='bbox 1046 1645 1140 1699; x_wconf 88' lang='grc' dir='ltr'><strong>τοῦ</strong></span> <span class='ocrx_word' id='word_1_218' title='bbox 1171 1647 1364 1719; x_wconf 82' lang='grc' dir='ltr'>πυρὸς,</span> <span class='ocrx_word' id='word_1_219' title='bbox 1403 1648 1497 1702; x_wconf 77' lang='grc' dir='ltr'>καὶ</span> <span class='ocrx_word' id='word_1_220' title='bbox 1521 1647 1766 1719; x_wconf 82' lang='grc' dir='ltr'>δέχεσθαι</span> 
     </span>
    </p>
   </div>
   <div class='ocr_carea' id='block_1_30' title="bbox 1877 1640 3452 1740">
    <p class='ocr_par' dir='ltr' id='par_1_30' title="bbox 1877 1643 3452 1712">
     <span class='ocr_line' id='line_1_30' title="bbox 1877 1643 3452 1712; baseline 0.004 -14"><span class='ocrx_word' id='word_1_221' title='bbox 1877 1653 1928 1698; x_wconf 90' lang='lat' dir='ltr'><strong>et</strong></span> <span class='ocrx_word' id='word_1_222' title='bbox 1981 1643 2397 1712; x_wconf 69' lang='lat' dir='ltr'><strong>praestantioris.</strong></span> <span class='ocrx_word' id='word_1_223' title='bbox 2459 1643 2597 1712; x_wconf 84' lang='lat' dir='ltr'><strong>Quid</strong></span> <span class='ocrx_word' id='word_1_224' title='bbox 2658 1646 2892 1702; x_wconf 83' lang='lat' dir='ltr'><strong>deinde?</strong></span> <span class='ocrx_word' id='word_1_225' title='bbox 2960 1647 3107 1702; x_wconf 88' lang='lat' dir='ltr'><strong>Thus</strong></span> <span class='ocrx_word' id='word_1_226' title='bbox 3159 1648 3452 1704; x_wconf 74' lang='lat' dir='ltr'><strong>incendere</strong></span> 
     </span>
    </p>
   </div>
   <div class='ocr_carea' id='block_1_31' title="bbox 182 1731 1772 1809">
    <p class='ocr_par' dir='ltr' id='par_1_31' title="bbox 182 1731 1772 1809">
     <span class='ocr_line' id='line_1_31' title="bbox 182 1731 1772 1809; baseline 0.003 -22"><span class='ocrx_word' id='word_1_227' title='bbox 182 1733 338 1805; x_wconf 80' lang='grc' dir='ltr'>παρὰ</span> <span class='ocrx_word' id='word_1_228' title='bbox 370 1731 465 1787; x_wconf 85' lang='grc' dir='ltr'><strong>τοῦ</strong></span> <span class='ocrx_word' id='word_1_229' title='bbox 505 1733 769 1804; x_wconf 84' lang='grc' dir='ltr'>βασιλέως</span> <span class='ocrx_word' id='word_1_230' title='bbox 797 1734 890 1788; x_wconf 83' lang='grc' dir='ltr'><strong>τὸν</strong></span> <span class='ocrx_word' id='word_1_231' title='bbox 920 1736 1019 1805; x_wconf 79' lang='grc' dir='ltr'>τῆς</span> <span class='ocrx_word' id='word_1_232' title='bbox 1039 1736 1316 1801; x_wconf 79' lang='grc' dir='ltr'>ἀπωλείας</span> <span class='ocrx_word' id='word_1_233' title='bbox 1361 1737 1571 1809; x_wconf 83' lang='grc' dir='ltr'>μισθὸν,</span> <span class='ocrx_word' id='word_1_234' title='bbox 1598 1737 1772 1802; x_wconf 82' lang='grc' dir='ltr'>οὕτως</span> 
     </span>
    </p>
   </div>
   <div class='ocr_carea' id='block_1_32' title="bbox 177 1826 1771 1903">
    <p class='ocr_par' dir='ltr' id='par_1_32' title="bbox 177 1826 1771 1903">
     <span class='ocr_line' id='line_1_32' title="bbox 177 1826 1771 1903; baseline 0.003 -23"><span class='ocrx_word' id='word_1_235' title='bbox 177 1827 360 1895; x_wconf 81' lang='grc' dir='ltr'>ὀλίγον</span> <span class='ocrx_word' id='word_1_236' title='bbox 386 1826 644 1881; x_wconf 82' lang='grc' dir='ltr'>τοσούτου</span> <span class='ocrx_word' id='word_1_237' title='bbox 687 1827 1033 1898; x_wconf 80' lang='grc' dir='ltr'>πράγματος,</span> <span class='ocrx_word' id='word_1_238' title='bbox 1067 1828 1254 1899; x_wconf 71' lang='grc' dir='ltr'>ψυχῶν</span> <span class='ocrx_word' id='word_1_239' title='bbox 1282 1830 1419 1885; x_wconf 81' lang='grc' dir='ltr'>ὅλων</span> <span class='ocrx_word' id='word_1_240' title='bbox 1450 1830 1544 1885; x_wconf 71' lang='grc' dir='ltr'>καὶ</span> <span class='ocrx_word' id='word_1_241' title='bbox 1569 1833 1668 1903; x_wconf 79' lang='grc' dir='ltr'><strong>τῇς</strong></span> <span class='ocrx_word' id='word_1_242' title='bbox 1689 1832 1771 1896; x_wconf 81' lang='grc' dir='ltr'>εἰς</span> 
     </span>
    </p>
   </div>
   <div class='ocr_carea' id='block_1_33' title="bbox 177 1918 1768 1994">
    <p class='ocr_par' dir='ltr' id='par_1_33' title="bbox 177 1918 1768 1994">
     <span class='ocr_line' id='line_1_33' title="bbox 177 1918 1768 1994; baseline 0.004 -24"><span class='ocrx_word' id='word_1_243' title='bbox 177 1919 312 1972; x_wconf 77' lang='grc' dir='ltr'>θεὸν</span> <span class='ocrx_word' id='word_1_244' title='bbox 339 1918 615 1982; x_wconf 77' lang='grc' dir='ltr'>ἀσεϐείας.</span> <span class='ocrx_word' id='word_1_245' title='bbox 656 1918 760 1972; x_wconf 78' lang='grc' dir='ltr'>Φεῦ</span> <span class='ocrx_word' id='word_1_246' title='bbox 776 1918 876 1990; x_wconf 77' lang='grc' dir='ltr'>τῆς</span> <span class='ocrx_word' id='word_1_247' title='bbox 907 1921 1320 1990; x_wconf 78' lang='grc' dir='ltr'>πραγματείαςί</span> <span class='ocrx_word' id='word_1_248' title='bbox 1363 1921 1464 1991; x_wconf 78' lang='grc' dir='ltr'><strong>φεῦ</strong></span> <span class='ocrx_word' id='word_1_249' title='bbox 1491 1922 1588 1994; x_wconf 82' lang='grc' dir='ltr'>τῆς</span> <span class='ocrx_word' id='word_1_250' title='bbox 1619 1924 1768 1976; x_wconf 85' lang='grc' dir='ltr'>ἀντι-</span> 
     </span>
    </p>
   </div>
   <div class='ocr_carea' id='block_1_34' title="bbox 175 2011 1765 2088">
    <p class='ocr_par' dir='ltr' id='par_1_34' title="bbox 175 2011 1765 2088">
     <span class='ocr_line' id='line_1_34' title="bbox 175 2011 1765 2088; baseline 0.004 -24"><span class='ocrx_word' id='word_1_251' title='bbox 175 2011 379 2074; x_wconf 84' lang='grc' dir='ltr'>δόσεως</span> <span class='ocrx_word' id='word_1_252' title='bbox 395 2012 408 2064; x_wconf 80' lang='lat' dir='ltr'><strong>l</strong></span> <span class='ocrx_word' id='word_1_253' title='bbox 427 2011 666 2082; x_wconf 84' lang='grc' dir='ltr'>Στρατὸς</span> <span class='ocrx_word' id='word_1_254' title='bbox 692 2011 812 2075; x_wconf 84' lang='grc' dir='ltr'>ὅλος</span> <span class='ocrx_word' id='word_1_255' title='bbox 834 2011 946 2082; x_wconf 73' lang='grc'><strong>(27)</strong></span> <span class='ocrx_word' id='word_1_256' title='bbox 977 2012 1096 2078; x_wconf 78' lang='grc' dir='ltr'>ἐνὸς</span> <span class='ocrx_word' id='word_1_257' title='bbox 1110 2013 1486 2086; x_wconf 84' lang='grc' dir='ltr'>τεχνάσματος</span> <span class='ocrx_word' id='word_1_258' title='bbox 1503 2014 1661 2080; x_wconf 82' lang='grc' dir='ltr'>ὤνιος</span> <span class='ocrx_word' id='word_1_259' title='bbox 1677 2011 1765 2088; x_wconf 79' lang='grc' dir='ltr'><strong>ἦν·</strong></span> 
     </span>
    </p>
   </div>
   <div class='ocr_carea' id='block_1_35' title="bbox 177 2102 1770 2182">
    <p class='ocr_par' dir='ltr' id='par_1_35' title="bbox 177 2102 1770 2182">
     <span class='ocr_line' id='line_1_35' title="bbox 177 2102 1770 2182; baseline 0.004 -26"><span class='ocrx_word' id='word_1_260' title='bbox 177 2105 268 2156; x_wconf 83' lang='grc' dir='ltr'><strong>καί</strong></span> <span class='ocrx_word' id='word_1_261' title='bbox 307 2106 360 2156; x_wconf 83' lang='grc' dir='ltr'><strong>οἱ</strong></span> <span class='ocrx_word' id='word_1_262' title='bbox 388 2103 489 2174; x_wconf 82' lang='grc' dir='ltr'>τὴν</span> <span class='ocrx_word' id='word_1_263' title='bbox 531 2102 856 2174; x_wconf 86' lang='grc' dir='ltr'>οίκουμένην</span> <span class='ocrx_word' id='word_1_264' title='bbox 894 2106 1380 2178; x_wconf 78' lang='grc' dir='ltr'>παραστησάμενοι</span> <span class='ocrx_word' id='word_1_265' title='bbox 1421 2109 1604 2180; x_wconf 83' lang='grc' dir='ltr'>μικρῷ</span> <span class='ocrx_word' id='word_1_266' title='bbox 1635 2110 1770 2182; x_wconf 77' lang='grc' dir='ltr'>πυρὶ</span> 
     </span>
    </p>
   </div>
   <div class='ocr_carea' id='block_1_36' title="bbox 179 2193 1764 2269">
    <p class='ocr_par' dir='ltr' id='par_1_36' title="bbox 179 2193 1764 2269">
     <span class='ocr_line' id='line_1_36' title="bbox 179 2193 1764 2269; baseline 0.004 -23"><span class='ocrx_word' id='word_1_267' title='bbox 179 2196 269 2246; x_wconf 67' lang='grc' dir='ltr'><strong>καὶ</strong></span> <span class='ocrx_word' id='word_1_268' title='bbox 312 2195 549 2265; x_wconf 81' lang='grc' dir='ltr'>χρυσίῳ,</span> <span class='ocrx_word' id='word_1_269' title='bbox 592 2194 686 2248; x_wconf 71' lang='grc' dir='ltr'>καὶ</span> <span class='ocrx_word' id='word_1_270' title='bbox 736 2193 823 2248; x_wconf 78' lang='grc' dir='ltr'>διὰ</span> <span class='ocrx_word' id='word_1_271' title='bbox 855 2196 1080 2267; x_wconf 85' lang='grc' dir='ltr'>κνίσσης</span> <span class='ocrx_word' id='word_1_272' title='bbox 1114 2195 1467 2269; x_wconf 71' lang='grc' dir='ltr'>(28)ιόλίγης</span> <span class='ocrx_word' id='word_1_273' title='bbox 1515 2198 1764 2266; x_wconf 75' lang='grc' dir='ltr'>ἔπιπτον,</span> 
     </span>
    </p>
   </div>
   <div class='ocr_carea' id='block_1_37' title="bbox 173 2280 1768 2364">
    <p class='ocr_par' dir='ltr' id='par_1_37' title="bbox 173 2280 1768 2364">
     <span class='ocr_line' id='line_1_37' title="bbox 173 2280 1768 2364; baseline 0.004 -26"><span class='ocrx_word' id='word_1_274' title='bbox 173 2287 298 2340; x_wconf 75' lang='grc' dir='ltr'>οὐδὲ</span> <span class='ocrx_word' id='word_1_275' title='bbox 324 2280 425 2358; x_wconf 78' lang='grc' dir='ltr'>τὴν</span> <span class='ocrx_word' id='word_1_276' title='bbox 453 2286 662 2339; x_wconf 77' lang='grc' dir='ltr'>ἑαυτῶν</span> <span class='ocrx_word' id='word_1_277' title='bbox 689 2286 905 2358; x_wconf 60' lang='grc' dir='ltr'>σφαγὴν</span> <span class='ocrx_word' id='word_1_278' title='bbox 930 2287 1127 2352; x_wconf 78' lang='grc' dir='ltr'>ειδότες</span> <span class='ocrx_word' id='word_1_279' title='bbox 1150 2289 1200 2342; x_wconf 81' lang='lat' dir='ltr'><strong>oi</strong></span> <span class='ocrx_word' id='word_1_280' title='bbox 1221 2289 1462 2354; x_wconf 89' lang='grc' dir='ltr'>πλείους·</span> <span class='ocrx_word' id='word_1_281' title='bbox 1485 2290 1640 2344; x_wconf 86' lang='grc' dir='ltr'>τοῦτο</span> <span class='ocrx_word' id='word_1_282' title='bbox 1659 2291 1768 2364; x_wconf 80' lang='grc' dir='ltr'><strong>γὰρ</strong></span> 
     </span>
    </p>
   </div>
   <div class='ocr_carea' id='block_1_38' title="bbox 173 2374 1766 2452">
    <p class='ocr_par' dir='ltr' id='par_1_38' title="bbox 173 2374 1766 2452">
     <span class='ocr_line' id='line_1_38' title="bbox 173 2374 1766 2452; baseline 0.004 -22"><span class='ocrx_word' id='word_1_283' title='bbox 173 2374 239 2448; x_wconf 71' lang='grc' dir='ltr'>ἦν</span> <span class='ocrx_word' id='word_1_284' title='bbox 260 2377 324 2431; x_wconf 60' lang='lat' dir='ltr'><strong>es</strong></span> <span class='ocrx_word' id='word_1_285' title='bbox 347 2376 670 2449; x_wconf 77' lang='grc' dir='ltr'>βαρύτατον.</span> <span class='ocrx_word' id='word_1_286' title='bbox 708 2377 916 2450; x_wconf 73' lang='grc' dir='ltr'>Παρήει</span> <span class='ocrx_word' id='word_1_287' title='bbox 943 2396 1025 2443; x_wconf 88' lang='grc' dir='ltr'><strong>τις</strong></span> <span class='ocrx_word' id='word_1_288' title='bbox 1067 2378 1143 2444; x_wconf 85' lang='grc' dir='ltr'>ὡς</span> <span class='ocrx_word' id='word_1_289' title='bbox 1180 2379 1474 2452; x_wconf 88' lang='grc' dir='ltr'>κερδανῶν,</span> <span class='ocrx_word' id='word_1_290' title='bbox 1524 2383 1618 2436; x_wconf 78' lang='grc' dir='ltr'>καὶ</span> <span class='ocrx_word' id='word_1_291' title='bbox 1648 2382 1766 2436; x_wconf 76' lang='grc' dir='ltr'>οὐδὲ</span> 
     </span>
    </p>
   </div>
   <div class='ocr_carea' id='block_1_39' title="bbox 173 2465 1767 2544">
    <p class='ocr_par' dir='ltr' id='par_1_39' title="bbox 173 2465 1767 2544">
     <span class='ocr_line' id='line_1_39' title="bbox 173 2465 1767 2544; baseline 0.003 -21"><span class='ocrx_word' id='word_1_292' title='bbox 173 2470 370 2523; x_wconf 77' lang='grc' dir='ltr'>ἑαυτὸν</span> <span class='ocrx_word' id='word_1_293' title='bbox 394 2465 508 2539; x_wconf 75' lang='grc' dir='ltr'>εἶχε</span> <span class='ocrx_word' id='word_1_294' title='bbox 539 2468 676 2540; x_wconf 85' lang='grc' dir='ltr'>μετὰ</span> <span class='ocrx_word' id='word_1_295' title='bbox 703 2469 762 2522; x_wconf 86' lang='grc' dir='ltr'><strong>τὺ</strong></span> <span class='ocrx_word' id='word_1_296' title='bbox 791 2469 1001 2542; x_wconf 86' lang='grc' dir='ltr'>κέρδος·</span> <span class='ocrx_word' id='word_1_297' title='bbox 1041 2470 1366 2542; x_wconf 82' lang='grc' dir='ltr'>προσεκύνει</span> <span class='ocrx_word' id='word_1_298' title='bbox 1395 2472 1574 2540; x_wconf 78' lang='grc' dir='ltr'>δεξιὰν</span> <span class='ocrx_word' id='word_1_299' title='bbox 1615 2473 1767 2544; x_wconf 82' lang='grc' dir='ltr'>βασι-</span> 
     </span>
    </p>
   </div>
   <div class='ocr_carea' id='block_1_40' title="bbox 172 2558 1762 2631">
    <p class='ocr_par' dir='ltr' id='par_1_40' title="bbox 172 2558 1762 2631">
     <span class='ocr_line' id='line_1_40' title="bbox 172 2558 1762 2631; baseline 0.001 -19"><span class='ocrx_word' id='word_1_300' title='bbox 172 2561 333 2624; x_wconf 74' lang='grc' dir='ltr'>λέως,</span> <span class='ocrx_word' id='word_1_301' title='bbox 367 2559 464 2612; x_wconf 71' lang='grc' dir='ltr'>καὶ</span> <span class='ocrx_word' id='word_1_302' title='bbox 494 2558 586 2612; x_wconf 79' lang='grc' dir='ltr'>τὸν</span> <span class='ocrx_word' id='word_1_303' title='bbox 636 2559 928 2631; x_wconf 77' lang='grc' dir='ltr'>αὐτόχειρα</span> <span class='ocrx_word' id='word_1_304' title='bbox 962 2559 1285 2630; x_wconf 87' lang='grc' dir='ltr'>προσκυνῶν</span> <span class='ocrx_word' id='word_1_305' title='bbox 1323 2560 1424 2615; x_wconf 80' lang='grc' dir='ltr'>οὐκ</span> <span class='ocrx_word' id='word_1_306' title='bbox 1471 2561 1762 2628; x_wconf 76' lang='grc' dir='ltr'>ἠπίστατο.</span> 
     </span>
    </p>
   </div>
   <div class='ocr_carea' id='block_1_41' title="bbox 174 2648 1766 2726">
    <p class='ocr_par' dir='ltr' id='par_1_41' title="bbox 174 2648 1766 2726">
     <span class='ocr_line' id='line_1_41' title="bbox 174 2648 1766 2726; baseline 0.002 -20"><span class='ocrx_word' id='word_1_307' title='bbox 174 2655 299 2717; x_wconf 86' lang='grc' dir='ltr'>Τοῖς</span> <span class='ocrx_word' id='word_1_308' title='bbox 327 2653 387 2707; x_wconf 79' lang='grc' dir='ltr'>δὲ</span> <span class='ocrx_word' id='word_1_309' title='bbox 434 2652 531 2708; x_wconf 73' lang='grc' dir='ltr'>καὶ</span> <span class='ocrx_word' id='word_1_310' title='bbox 576 2651 936 2722; x_wconf 83' lang='grc' dir='ltr'>γινώσκουσιν</span> <span class='ocrx_word' id='word_1_311' title='bbox 987 2652 1137 2706; x_wconf 79' lang='grc' dir='ltr'>οὐδὲν</span> <span class='ocrx_word' id='word_1_312' title='bbox 1174 2648 1243 2725; x_wconf 81' lang='grc' dir='ltr'>ἦν</span> <span class='ocrx_word' id='word_1_313' title='bbox 1279 2653 1460 2720; x_wconf 84' lang='grc' dir='ltr'>πλέον,</span> <span class='ocrx_word' id='word_1_314' title='bbox 1505 2653 1652 2719; x_wconf 76' lang='grc' dir='ltr'>ἅπαξ</span> <span class='ocrx_word' id='word_1_315' title='bbox 1688 2653 1766 2726; x_wconf 82' lang='grc' dir='ltr'><strong>τῷ</strong></span> 
     </span>
    </p>
   </div>
   <div class='ocr_carea' id='block_1_42' title="bbox 173 2744 1766 2818">
    <p class='ocr_par' dir='ltr' id='par_1_42' title="bbox 173 2744 1766 2818">
     <span class='ocr_line' id='line_1_42' title="bbox 173 2744 1766 2818; baseline 0 -19"><span class='ocrx_word' id='word_1_316' title='bbox 173 2745 330 2816; x_wconf 78' lang='grc' dir='ltr'>κακῷ</span> <span class='ocrx_word' id='word_1_317' title='bbox 359 2744 945 2818; x_wconf 79' lang='grc' dir='ltr'>προκατειλημμένοις,</span> <span class='ocrx_word' id='word_1_318' title='bbox 981 2745 1076 2798; x_wconf 80' lang='grc' dir='ltr'>καὶ</span> <span class='ocrx_word' id='word_1_319' title='bbox 1103 2745 1265 2816; x_wconf 89' lang='grc' dir='ltr'>νόμον</span> <span class='ocrx_word' id='word_1_320' title='bbox 1296 2744 1490 2800; x_wconf 76' lang='grc' dir='ltr'>ἄλυτον</span> <span class='ocrx_word' id='word_1_321' title='bbox 1522 2745 1766 2818; x_wconf 80' lang='grc' dir='ltr'>ἡγουμέ-</span> 
     </span>
    </p>
   </div>
   <div class='ocr_carea' id='block_1_43' title="bbox 172 2833 1766 2909">
    <p class='ocr_par' dir='ltr' id='par_1_43' title="bbox 172 2833 1766 2909">
     <span class='ocr_line' id='line_1_43' title="bbox 172 2833 1766 2909; baseline -0.001 -18"><span class='ocrx_word' id='word_1_322' title='bbox 172 2855 283 2902; x_wconf 79' lang='grc' dir='ltr'>νοις</span> <span class='ocrx_word' id='word_1_323' title='bbox 314 2838 420 2907; x_wconf 86' lang='grc' dir='ltr'>τὴν</span> <span class='ocrx_word' id='word_1_324' title='bbox 451 2835 676 2909; x_wconf 84' lang='grc' dir='ltr'>πρώτην</span> <span class='ocrx_word' id='word_1_325' title='bbox 728 2836 935 2890; x_wconf 81' lang='grc' dir='ltr'>ἄνοιαν.</span> <span class='ocrx_word' id='word_1_326' title='bbox 986 2837 1146 2889; x_wconf 88' lang='grc' dir='ltr'>Ποῖαι</span> <span class='ocrx_word' id='word_1_327' title='bbox 1195 2833 1368 2890; x_wconf 87' lang='grc' dir='ltr'>ταῦτα</span> <span class='ocrx_word' id='word_1_328' title='bbox 1399 2835 1511 2909; x_wconf 69' lang='grc'><strong>(29)</strong></span> <span class='ocrx_word' id='word_1_329' title='bbox 1538 2835 1766 2908; x_wconf 90' lang='grc' dir='ltr'>Περσῶν</span> 
     </span>
    </p>
   </div>
   <div class='ocr_carea' id='block_1_44' title="bbox 175 2925 1766 3000">
    <p class='ocr_par' dir='ltr' id='par_1_44' title="bbox 175 2925 1766 3000">
     <span class='ocr_line' id='line_1_44' title="bbox 175 2925 1766 3000; baseline -0.001 -19"><span class='ocrx_word' id='word_1_330' title='bbox 175 2928 460 3000; x_wconf 74' lang='grc' dir='ltr'>μυριάδες,</span> <span class='ocrx_word' id='word_1_331' title='bbox 480 2927 624 2991; x_wconf 82' lang='grc' dir='ltr'>τίνες</span> <span class='ocrx_word' id='word_1_332' title='bbox 647 2925 880 2992; x_wconf 73' lang='grc' dir='ltr'>τοξόται,</span> <span class='ocrx_word' id='word_1_333' title='bbox 913 2927 1059 2990; x_wconf 84' lang='grc' dir='ltr'>τίνες</span> <span class='ocrx_word' id='word_1_334' title='bbox 1082 2926 1434 2998; x_wconf 82' lang='grc' dir='ltr'>σφενδονῆται</span> <span class='ocrx_word' id='word_1_335' title='bbox 1475 2927 1590 2998; x_wconf 79' lang='grc'><strong>(50)</strong></span> <span class='ocrx_word' id='word_1_336' title='bbox 1618 2944 1766 2981; x_wconf 88' lang='grc' dir='ltr'>κατ-</span> 
     </span>
    </p>
   </div>
   <div class='ocr_carea' id='block_1_45' title="bbox 1872 1735 3450 1808">
    <p class='ocr_par' dir='ltr' id='par_1_45' title="bbox 1872 1735 3450 1808">
     <span class='ocr_line' id='line_1_45' title="bbox 1872 1735 3450 1808; baseline 0.002 -18"><span class='ocrx_word' id='word_1_337' title='bbox 1872 1736 2187 1806; x_wconf 83' lang='lat' dir='ltr'><strong>Oportebat,</strong></span> <span class='ocrx_word' id='word_1_338' title='bbox 2216 1744 2379 1806; x_wconf 80' lang='lat' dir='ltr'><strong>atque</strong></span> <span class='ocrx_word' id='word_1_339' title='bbox 2408 1735 2480 1788; x_wconf 79' lang='lat' dir='ltr'><strong>i‘ta</strong></span> <span class='ocrx_word' id='word_1_340' title='bbox 2509 1735 2658 1789; x_wconf 77' lang='lat' dir='ltr'><strong>exitii</strong></span> <span class='ocrx_word' id='word_1_341' title='bbox 2693 1739 2996 1791; x_wconf 87' lang='lat' dir='ltr'><strong>mercedem</strong></span> <span class='ocrx_word' id='word_1_342' title='bbox 3023 1739 3090 1792; x_wconf 91' lang='lat' dir='ltr'><strong>ab</strong></span> <span class='ocrx_word' id='word_1_343' title='bbox 3120 1739 3450 1808; x_wconf 87' lang='lat' dir='ltr'><strong>imperatore</strong></span> 
     </span>
    </p>
   </div>
   <div class='ocr_carea' id='block_1_46' title="bbox 1874 1829 3448 1898">
    <p class='ocr_par' dir='ltr' id='par_1_46' title="bbox 1874 1829 3448 1898">
     <span class='ocr_line' id='line_1_46' title="bbox 1874 1829 3448 1898; baseline 0.001 -15"><span class='ocrx_word' id='word_1_344' title='bbox 1874 1829 2122 1898; x_wconf 82' lang='lat' dir='ltr'><strong>accipere</strong></span> <span class='ocrx_word' id='word_1_345' title='bbox 2153 1868 2169 1893; x_wconf 90' lang='lat'><strong>,</strong></span> <span class='ocrx_word' id='word_1_346' title='bbox 2211 1829 2476 1883; x_wconf 90' lang='lat' dir='ltr'><strong>tantillam</strong></span> <span class='ocrx_word' id='word_1_347' title='bbox 2541 1837 2703 1882; x_wconf 74' lang='lat' dir='ltr'><strong>tanta:</strong></span> <span class='ocrx_word' id='word_1_348' title='bbox 2753 1829 2866 1894; x_wconf 88' lang='lat' dir='ltr'><strong>rei,</strong></span> <span class='ocrx_word' id='word_1_349' title='bbox 2915 1829 3018 1884; x_wconf 90' lang='lat' dir='ltr'><strong>hoc</strong></span> <span class='ocrx_word' id='word_1_350' title='bbox 3047 1839 3163 1896; x_wconf 88' lang='lat' dir='ltr'><strong>est,</strong></span> <span class='ocrx_word' id='word_1_351' title='bbox 3212 1830 3448 1898; x_wconf 84' lang='lat' dir='ltr'><strong>ipsarum</strong></span> 
     </span>
    </p>
   </div>
   <div class='ocr_carea' id='block_1_47' title="bbox 1872 1919 3447 1990">
    <p class='ocr_par' dir='ltr' id='par_1_47' title="bbox 1872 1919 3447 1990">
     <span class='ocr_line' id='line_1_47' title="bbox 1872 1919 3447 1990; baseline 0.001 -15"><span class='ocrx_word' id='word_1_352' title='bbox 1872 1920 2177 1976; x_wconf 89' lang='lat' dir='ltr'><strong>animarum</strong></span> <span class='ocrx_word' id='word_1_353' title='bbox 2213 1919 2620 1990; x_wconf 90' lang='lat' dir='ltr'><strong>impietatisque</strong></span> <span class='ocrx_word' id='word_1_354' title='bbox 2658 1920 2920 1974; x_wconf 88' lang='lat' dir='ltr'><strong>adversus</strong></span> <span class='ocrx_word' id='word_1_355' title='bbox 2963 1922 3150 1975; x_wconf 87' lang='lat' dir='ltr'><strong>Deum.</strong></span> <span class='ocrx_word' id='word_1_356' title='bbox 3187 1919 3231 1975; x_wconf 92' lang='grc' dir='ltr'><strong>Ο</strong></span> <span class='ocrx_word' id='word_1_357' title='bbox 3279 1922 3447 1977; x_wconf 84' lang='lat' dir='ltr'><strong>mise-</strong></span> 
     </span>
    </p>
   </div>
   <div class='ocr_carea' id='block_1_48' title="bbox 1874 2013 3450 2082">
    <p class='ocr_par' dir='ltr' id='par_1_48' title="bbox 1874 2013 3450 2082">
     <span class='ocr_line' id='line_1_48' title="bbox 1874 2013 3450 2082; baseline 0.002 -16"><span class='ocrx_word' id='word_1_358' title='bbox 1874 2028 1990 2066; x_wconf 91' lang='lat' dir='ltr'><strong>rmn</strong></span> <span class='ocrx_word' id='word_1_359' title='bbox 2039 2013 2342 2082; x_wconf 82' lang='lat' dir='ltr'><strong>qua-stum!</strong></span> <span class='ocrx_word' id='word_1_360' title='bbox 2389 2028 2424 2067; x_wconf 90' lang='grc' dir='ltr'><strong>ο</strong></span> <span class='ocrx_word' id='word_1_361' title='bbox 2472 2013 2726 2066; x_wconf 89' lang='lat' dir='ltr'><strong>miseram</strong></span> <span class='ocrx_word' id='word_1_362' title='bbox 2761 2014 3103 2068; x_wconf 83' lang='lat' dir='ltr'><strong>mercedem!</strong></span> <span class='ocrx_word' id='word_1_363' title='bbox 3159 2015 3450 2070; x_wconf 78' lang='lat' dir='ltr'><strong>Exercitus</strong></span> 
     </span>
    </p>
   </div>
   <div class='ocr_carea' id='block_1_49' title="bbox 1875 2104 3452 2174">
    <p class='ocr_par' dir='ltr' id='par_1_49' title="bbox 1875 2104 3452 2174">
     <span class='ocr_line' id='line_1_49' title="bbox 1875 2104 3452 2174; baseline 0.002 -17"><span class='ocrx_word' id='word_1_364' title='bbox 1875 2113 2016 2158; x_wconf 82' lang='lat' dir='ltr'><strong>totus</strong></span> <span class='ocrx_word' id='word_1_365' title='bbox 2051 2104 2206 2159; x_wconf 87' lang='lat' dir='ltr'><strong>unica</strong></span> <span class='ocrx_word' id='word_1_366' title='bbox 2250 2105 2445 2159; x_wconf 85' lang='lat' dir='ltr'><strong>techna</strong></span> <span class='ocrx_word' id='word_1_367' title='bbox 2496 2116 2550 2158; x_wconf 91' lang='lat' dir='ltr'><strong>et</strong></span> <span class='ocrx_word' id='word_1_368' title='bbox 2587 2106 2774 2160; x_wconf 85' lang='lat' dir='ltr'><strong>fraude</strong></span> <span class='ocrx_word' id='word_1_369' title='bbox 2808 2106 3013 2160; x_wconf 85' lang='lat' dir='ltr'><strong>venalis</strong></span> <span class='ocrx_word' id='word_1_370' title='bbox 3046 2105 3360 2174; x_wconf 80' lang='lat' dir='ltr'><strong>prostabat;</strong></span> <span class='ocrx_word' id='word_1_371' title='bbox 3394 2115 3452 2160; x_wconf 86' lang='lat' dir='ltr'><strong>et</strong></span> 
     </span>
    </p>
   </div>
   <div class='ocr_carea' id='block_1_50' title="bbox 1870 2195 3447 2267">
    <p class='ocr_par' dir='ltr' id='par_1_50' title="bbox 1870 2195 3447 2267">
     <span class='ocr_line' id='line_1_50' title="bbox 1870 2195 3447 2267; baseline 0.002 -20"><span class='ocrx_word' id='word_1_372' title='bbox 1870 2197 1959 2266; x_wconf 91' lang='lat' dir='ltr'><strong>qui</strong></span> <span class='ocrx_word' id='word_1_373' title='bbox 1996 2195 2313 2250; x_wconf 79' lang='lat' dir='ltr'><strong>utiiversum</strong></span> <span class='ocrx_word' id='word_1_374' title='bbox 2344 2195 2536 2251; x_wconf 90' lang='lat' dir='ltr'><strong>orbem</strong></span> <span class='ocrx_word' id='word_1_375' title='bbox 2580 2205 2849 2250; x_wconf 89' lang='lat' dir='ltr'><strong>terrarum</strong></span> <span class='ocrx_word' id='word_1_376' title='bbox 2883 2197 3053 2251; x_wconf 89' lang='lat' dir='ltr'><strong>armis</strong></span> <span class='ocrx_word' id='word_1_377' title='bbox 3081 2197 3408 2267; x_wconf 88' lang='lat' dir='ltr'><strong>subegeraut</strong></span> <span class='ocrx_word' id='word_1_378' title='bbox 3429 2238 3447 2260; x_wconf 86' lang='lat'><em>.</em></span> 
     </span>
    </p>
   </div>
   <div class='ocr_carea' id='block_1_51' title="bbox 1871 2279 3447 2358">
    <p class='ocr_par' dir='ltr' id='par_1_51' title="bbox 1871 2279 3447 2358">
     <span class='ocr_line' id='line_1_51' title="bbox 1871 2279 3447 2358; baseline 0.001 -17"><span class='ocrx_word' id='word_1_379' title='bbox 1871 2303 2042 2357; x_wconf 86' lang='lat' dir='ltr'><strong>parvo</strong></span> <span class='ocrx_word' id='word_1_380' title='bbox 2095 2279 2220 2357; x_wconf 89' lang='lat' dir='ltr'><strong>igne</strong></span> <span class='ocrx_word' id='word_1_381' title='bbox 2263 2297 2426 2357; x_wconf 85' lang='lat' dir='ltr'><strong>atque</strong></span> <span class='ocrx_word' id='word_1_382' title='bbox 2459 2303 2630 2353; x_wconf 88' lang='lat' dir='ltr'><strong>auro,</strong></span> <span class='ocrx_word' id='word_1_383' title='bbox 2661 2303 2725 2342; x_wconf 89' lang='lat' dir='ltr'><strong>ac</strong></span> <span class='ocrx_word' id='word_1_384' title='bbox 2774 2303 2870 2358; x_wconf 90' lang='lat' dir='ltr'><strong>per</strong></span> <span class='ocrx_word' id='word_1_385' title='bbox 2905 2289 3158 2357; x_wconf 78' lang='lat' dir='ltr'><strong>exiguum</strong></span> <span class='ocrx_word' id='word_1_386' title='bbox 3210 2288 3447 2344; x_wconf 82' lang='lat' dir='ltr'><strong>suliitum</strong></span> 
     </span>
    </p>
   </div>
   <div class='ocr_carea' id='block_1_52' title="bbox 1870 2380 3453 2450">
    <p class='ocr_par' dir='ltr' id='par_1_52' title="bbox 1870 2380 3453 2450">
     <span class='ocr_line' id='line_1_52' title="bbox 1870 2380 3453 2450; baseline 0.001 -16"><span class='ocrx_word' id='word_1_387' title='bbox 1870 2380 2231 2443; x_wconf 83' lang='lat' dir='ltr'><strong>corruebant,</strong></span> <span class='ocrx_word' id='word_1_388' title='bbox 2264 2395 2456 2450; x_wconf 77' lang='lat' dir='ltr'><strong>magna</strong></span> <span class='ocrx_word' id='word_1_389' title='bbox 2491 2395 2556 2434; x_wconf 77' lang='lat' dir='ltr'><strong>ex</strong></span> <span class='ocrx_word' id='word_1_390' title='bbox 2593 2390 2745 2450; x_wconf 88' lang='lat' dir='ltr'><strong>parte</strong></span> <span class='ocrx_word' id='word_1_391' title='bbox 2775 2396 2841 2434; x_wconf 91' lang='lat' dir='ltr'><strong>ne</strong></span> <span class='ocrx_word' id='word_1_392' title='bbox 2885 2397 3037 2435; x_wconf 84' lang='lat' dir='ltr'><strong>suam</strong></span> <span class='ocrx_word' id='word_1_393' title='bbox 3087 2383 3304 2450; x_wconf 86' lang='lat' dir='ltr'><strong>quidem</strong></span> <span class='ocrx_word' id='word_1_394' title='bbox 3355 2397 3453 2437; x_wconf 72' lang='lat' dir='ltr'><strong>ne~</strong></span> 
     </span>
    </p>
   </div>
   <div class='ocr_carea' id='block_1_53' title="bbox 1869 2471 3447 2543">
    <p class='ocr_par' dir='ltr' id='par_1_53' title="bbox 1869 2471 3447 2543">
     <span class='ocr_line' id='line_1_53' title="bbox 1869 2471 3447 2543; baseline 0.004 -21"><span class='ocrx_word' id='word_1_395' title='bbox 1869 2485 2007 2534; x_wconf 88' lang='lat' dir='ltr'><strong>cem,</strong></span> <span class='ocrx_word' id='word_1_396' title='bbox 2042 2471 2181 2540; x_wconf 89' lang='lat' dir='ltr'><strong>quod</strong></span> <span class='ocrx_word' id='word_1_397' title='bbox 2209 2473 2449 2525; x_wconf 89' lang='lat' dir='ltr'><strong>omnium</strong></span> <span class='ocrx_word' id='word_1_398' title='bbox 2485 2473 2864 2541; x_wconf 87' lang='lat' dir='ltr'><strong>gravissimum</strong></span> <span class='ocrx_word' id='word_1_399' title='bbox 2895 2483 3033 2540; x_wconf 83' lang='lat' dir='ltr'><strong>erat,</strong></span> <span class='ocrx_word' id='word_1_400' title='bbox 3063 2485 3447 2543; x_wconf 72' lang='lat' dir='ltr'><strong>agnoscentes.</strong></span> 
     </span>
    </p>
   </div>
   <div class='ocr_carea' id='block_1_54' title="bbox 1867 2559 3450 2633">
    <p class='ocr_par' dir='ltr' id='par_1_54' title="bbox 1867 2559 3450 2633">
     <span class='ocr_line' id='line_1_54' title="bbox 1867 2559 3450 2633; baseline 0.002 -20"><span class='ocrx_word' id='word_1_401' title='bbox 1867 2560 2071 2613; x_wconf 78' lang='lat' dir='ltr'><strong>Aderat</strong></span> <span class='ocrx_word' id='word_1_402' title='bbox 2104 2559 2408 2629; x_wconf 84' lang='lat' dir='ltr'><strong>quispiam,</strong></span> <span class='ocrx_word' id='word_1_403' title='bbox 2448 2569 2507 2614; x_wconf 93' lang='lat' dir='ltr'><strong>ut</strong></span> <span class='ocrx_word' id='word_1_404' title='bbox 2541 2561 2751 2614; x_wconf 90' lang='lat' dir='ltr'><strong>lucrum</strong></span> <span class='ocrx_word' id='word_1_405' title='bbox 2801 2560 3043 2616; x_wconf 77' lang='lat' dir='ltr'><strong>facturus</strong></span> <span class='ocrx_word' id='word_1_406' title='bbox 3067 2601 3082 2624; x_wconf 86' lang='lat'><strong>,</strong></span> <span class='ocrx_word' id='word_1_407' title='bbox 3111 2577 3174 2617; x_wconf 88' lang='lat' dir='ltr'><strong>ac</strong></span> <span class='ocrx_word' id='word_1_408' title='bbox 3207 2575 3328 2633; x_wconf 87' lang='lat' dir='ltr'><strong>post</strong></span> <span class='ocrx_word' id='word_1_409' title='bbox 3371 2566 3450 2616; x_wconf 84' lang='lat' dir='ltr'><strong>lu-</strong></span> 
     </span>
    </p>
   </div>
   <div class='ocr_carea' id='block_1_55' title="bbox 1867 2650 3449 2723">
    <p class='ocr_par' dir='ltr' id='par_1_55' title="bbox 1867 2650 3449 2723">
     <span class='ocr_line' id='line_1_55' title="bbox 1867 2650 3449 2723; baseline 0.003 -19"><span class='ocrx_word' id='word_1_410' title='bbox 1867 2665 2019 2704; x_wconf 89' lang='lat' dir='ltr'><strong>crum</strong></span> <span class='ocrx_word' id='word_1_411' title='bbox 2062 2666 2129 2703; x_wconf 91' lang='lat' dir='ltr'><strong>ne</strong></span> <span class='ocrx_word' id='word_1_412' title='bbox 2155 2651 2393 2721; x_wconf 83' lang='lat' dir='ltr'><strong>seipsum</strong></span> <span class='ocrx_word' id='word_1_413' title='bbox 2423 2650 2641 2720; x_wconf 87' lang='lat' dir='ltr'><strong>quidem</strong></span> <span class='ocrx_word' id='word_1_414' title='bbox 2678 2653 2912 2706; x_wconf 86' lang='lat' dir='ltr'><strong>habebat</strong></span> <span class='ocrx_word' id='word_1_415' title='bbox 2945 2669 2959 2706; x_wconf 88' lang='lat'><strong>:</strong></span> <span class='ocrx_word' id='word_1_416' title='bbox 2994 2655 3238 2707; x_wconf 78' lang='lat' dir='ltr'><strong>dextram</strong></span> <span class='ocrx_word' id='word_1_417' title='bbox 3274 2656 3449 2723; x_wconf 82' lang='lat' dir='ltr'><strong>impe-</strong></span> 
     </span>
    </p>
   </div>
   <div class='ocr_carea' id='block_1_56' title="bbox 1867 2743 3454 2810">
    <p class='ocr_par' dir='ltr' id='par_1_56' title="bbox 1867 2743 3454 2810">
     <span class='ocr_line' id='line_1_56' title="bbox 1867 2743 3454 2810; baseline 0.004 -13"><span class='ocrx_word' id='word_1_418' title='bbox 1867 2743 2070 2797; x_wconf 85' lang='lat' dir='ltr'><strong>ratoris</strong></span> <span class='ocrx_word' id='word_1_419' title='bbox 2099 2743 2401 2810; x_wconf 87' lang='lat' dir='ltr'><strong>adorabat,</strong></span> <span class='ocrx_word' id='word_1_420' title='bbox 2439 2758 2540 2798; x_wconf 90' lang='lat' dir='ltr'><strong>nec</strong></span> <span class='ocrx_word' id='word_1_421' title='bbox 2573 2759 2633 2799; x_wconf 88' lang='lat' dir='ltr'><strong>se</strong></span> <span class='ocrx_word' id='word_1_422' title='bbox 2667 2745 2977 2799; x_wconf 86' lang='lat' dir='ltr'><strong>carnificem</strong></span> <span class='ocrx_word' id='word_1_423' title='bbox 3019 2761 3177 2800; x_wconf 91' lang='lat' dir='ltr'><strong>suum</strong></span> <span class='ocrx_word' id='word_1_424' title='bbox 3219 2747 3454 2803; x_wconf 74' lang='lat' dir='ltr'><strong>adorare</strong></span> 
     </span>
    </p>
   </div>
   <div class='ocr_carea' id='block_1_57' title="bbox 1867 2834 3440 2906">
    <p class='ocr_par' dir='ltr' id='par_1_57' title="bbox 1867 2834 3440 2906">
     <span class='ocr_line' id='line_1_57' title="bbox 1867 2834 3440 2906; baseline 0.001 -17"><span class='ocrx_word' id='word_1_425' title='bbox 1867 2847 2044 2889; x_wconf 85' lang='lat' dir='ltr'><strong>norat.</strong></span> <span class='ocrx_word' id='word_1_426' title='bbox 2112 2834 2263 2901; x_wconf 87' lang='lat' dir='ltr'><strong>Quod</strong></span> <span class='ocrx_word' id='word_1_427' title='bbox 2313 2835 2359 2888; x_wconf 94' lang='lat' dir='ltr'><strong>si</strong></span> <span class='ocrx_word' id='word_1_428' title='bbox 2405 2835 2496 2904; x_wconf 94' lang='lat' dir='ltr'><strong>qui</strong></span> <span class='ocrx_word' id='word_1_429' title='bbox 2548 2835 2711 2889; x_wconf 88' lang='lat' dir='ltr'><strong>etiam</strong></span> <span class='ocrx_word' id='word_1_430' title='bbox 2774 2836 2823 2888; x_wconf 90' lang='lat' dir='ltr'><strong>id</strong></span> <span class='ocrx_word' id='word_1_431' title='bbox 2875 2848 3253 2906; x_wconf 79' lang='lat' dir='ltr'><strong>agnosrerent,</strong></span> <span class='ocrx_word' id='word_1_432' title='bbox 3306 2837 3440 2891; x_wconf 77' lang='lat' dir='ltr'><strong>:iilnl</strong></span> 
     </span>
    </p>
   </div>
   <div class='ocr_carea' id='block_1_58' title="bbox 1872 2925 3452 2998">
    <p class='ocr_par' dir='ltr' id='par_1_58' title="bbox 1872 2925 3452 2998">
     <span class='ocr_line' id='line_1_58' title="bbox 1872 2925 3452 2998; baseline -0.001 -18"><span class='ocrx_word' id='word_1_433' title='bbox 1872 2934 2050 2980; x_wconf 90' lang='lat' dir='ltr'><strong>tamen</strong></span> <span class='ocrx_word' id='word_1_434' title='bbox 2083 2935 2367 2995; x_wconf 85' lang='lat' dir='ltr'><strong>propterea</strong></span> <span class='ocrx_word' id='word_1_435' title='bbox 2398 2928 2523 2981; x_wconf 90' lang='lat' dir='ltr'><strong>hinc</strong></span> <span class='ocrx_word' id='word_1_436' title='bbox 2546 2925 2680 2996; x_wconf 84' lang='lat' dir='ltr'><strong>ipsis</strong></span> <span class='ocrx_word' id='word_1_437' title='bbox 2704 2928 2998 2982; x_wconf 87' lang='lat' dir='ltr'><strong>accedebat</strong></span> <span class='ocrx_word' id='word_1_438' title='bbox 3025 2946 3039 2981; x_wconf 88' lang='lat'><strong>:</strong></span> <span class='ocrx_word' id='word_1_439' title='bbox 3075 2929 3274 2998; x_wconf 89' lang='lat' dir='ltr'><strong>quippe</strong></span> <span class='ocrx_word' id='word_1_440' title='bbox 3309 2929 3452 2983; x_wconf 82' lang='lat' dir='ltr'><strong>main</strong></span> 
     </span>
    </p>
   </div>
   <div class='ocr_carea' id='block_1_59' title="bbox 169 3017 1766 3093">
    <p class='ocr_par' dir='ltr' id='par_1_59' title="bbox 169 3017 1766 3092">
     <span class='ocr_line' id='line_1_59' title="bbox 169 3017 1766 3092; baseline 0.001 -21"><span class='ocrx_word' id='word_1_441' title='bbox 169 3020 460 3092; x_wconf 67' lang='grc' dir='ltr'>ὤρθωσαν,</span> <span class='ocrx_word' id='word_1_442' title='bbox 495 3021 649 3083; x_wconf 90' lang='grc' dir='ltr'>ποῖος</span> <span class='ocrx_word' id='word_1_443' title='bbox 699 3018 953 3092; x_wconf 83' lang='grc' dir='ltr'>σιδηροῦς</span> <span class='ocrx_word' id='word_1_444' title='bbox 996 3019 1339 3090; x_wconf 86' lang='grc' dir='ltr'>στρατιώτης</span> <span class='ocrx_word' id='word_1_445' title='bbox 1362 3017 1475 3092; x_wconf 79' lang='grc'><strong>(51)</strong></span> <span class='ocrx_word' id='word_1_446' title='bbox 1507 3018 1603 3073; x_wconf 72' lang='grc' dir='ltr'>καὶ</span> <span class='ocrx_word' id='word_1_447' title='bbox 1633 3036 1766 3072; x_wconf 87' lang='grc' dir='ltr'>παν-</span> 
     </span>
    </p>
   </div>
   <div class='ocr_carea' id='block_1_60' title="bbox 1877 3017 3449 3093">
    <p class='ocr_par' dir='ltr' id='par_1_60' title="bbox 1877 3017 3449 3090">
     <span class='ocr_line' id='line_1_60' title="bbox 1877 3017 3449 3090; baseline 0.001 -18"><span class='ocrx_word' id='word_1_448' title='bbox 1877 3017 2041 3072; x_wconf 84' lang='lat' dir='ltr'><strong>semel</strong></span> <span class='ocrx_word' id='word_1_449' title='bbox 2084 3021 2396 3088; x_wconf 86' lang='lat' dir='ltr'><strong>occupatis,</strong></span> <span class='ocrx_word' id='word_1_450' title='bbox 2433 3033 2499 3072; x_wconf 87' lang='lat' dir='ltr'><strong>ac</strong></span> <span class='ocrx_word' id='word_1_451' title='bbox 2529 3019 2756 3088; x_wconf 89' lang='lat' dir='ltr'><strong>primam</strong></span> <span class='ocrx_word' id='word_1_452' title='bbox 2787 3018 3141 3074; x_wconf 85' lang='lat' dir='ltr'><strong>stoliditatem</strong></span> <span class='ocrx_word' id='word_1_453' title='bbox 3175 3036 3272 3088; x_wconf 88' lang='lat' dir='ltr'><strong>pro</strong></span> <span class='ocrx_word' id='word_1_454' title='bbox 3298 3021 3449 3090; x_wconf 86' lang='lat' dir='ltr'><strong>ejus-</strong></span> 
     </span>
    </p>
   </div>
   <div class='ocr_carea' id='block_1_61' title="bbox 167 3110 1768 3185">
    <p class='ocr_par' dir='ltr' id='par_1_61' title="bbox 167 3110 1768 3185">
     <span class='ocr_line' id='line_1_61' title="bbox 167 3110 1768 3185; baseline -0.001 -19"><span class='ocrx_word' id='word_1_455' title='bbox 167 3113 397 3184; x_wconf 74' lang='grc' dir='ltr'>ταχόθεν</span> <span class='ocrx_word' id='word_1_456' title='bbox 431 3112 698 3183; x_wconf 74' lang='grc' dir='ltr'>ἄτρωτος,</span> <span class='ocrx_word' id='word_1_457' title='bbox 716 3111 839 3165; x_wconf 85' lang='grc' dir='ltr'>τίνα</span> <span class='ocrx_word' id='word_1_458' title='bbox 862 3110 1004 3164; x_wconf 84' lang='grc' dir='ltr'>κατὰ</span> <span class='ocrx_word' id='word_1_459' title='bbox 1025 3111 1136 3164; x_wconf 74' lang='grc' dir='ltr'><strong>τῶν</strong></span> <span class='ocrx_word' id='word_1_460' title='bbox 1159 3110 1354 3182; x_wconf 87' lang='grc' dir='ltr'>τειχῶν</span> <span class='ocrx_word' id='word_1_461' title='bbox 1376 3113 1768 3185; x_wconf 88' lang='grc' dir='ltr'>μηχανήματα,</span> 
     </span>
    </p>
   </div>
   <div class='ocr_carea' id='block_1_62' title="bbox 168 3198 1772 3276">
    <p class='ocr_par' dir='ltr' id='par_1_62' title="bbox 168 3198 1772 3276">
     <span class='ocr_line' id='line_1_62' title="bbox 168 3198 1772 3276; baseline -0.001 -17"><span class='ocrx_word' id='word_1_462' title='bbox 168 3208 255 3259; x_wconf 81' lang='grc' dir='ltr'><strong>οἱα</strong></span> <span class='ocrx_word' id='word_1_463' title='bbox 287 3206 414 3276; x_wconf 72' lang='grc' dir='ltr'>χεὶρ</span> <span class='ocrx_word' id='word_1_464' title='bbox 443 3203 566 3276; x_wconf 86' lang='grc' dir='ltr'>μία,</span> <span class='ocrx_word' id='word_1_465' title='bbox 605 3204 701 3258; x_wconf 76' lang='grc' dir='ltr'>καὶ</span> <span class='ocrx_word' id='word_1_466' title='bbox 727 3203 920 3276; x_wconf 83' lang='grc' dir='ltr'>καιρὸς</span> <span class='ocrx_word' id='word_1_467' title='bbox 957 3198 1060 3270; x_wconf 72' lang='grc' dir='ltr'>εἷς,</span> <span class='ocrx_word' id='word_1_468' title='bbox 1093 3204 1189 3259; x_wconf 81' lang='grc' dir='ltr'>καὶ</span> <span class='ocrx_word' id='word_1_469' title='bbox 1219 3202 1386 3276; x_wconf 78' lang='grc' dir='ltr'>βουλὴ</span> <span class='ocrx_word' id='word_1_470' title='bbox 1437 3202 1611 3276; x_wconf 81' lang='grc' dir='ltr'>μιαρὰ</span> <span class='ocrx_word' id='word_1_471' title='bbox 1644 3221 1772 3258; x_wconf 88' lang='grc' dir='ltr'>κατ-</span> 
     </span>
    </p>
   </div>
   <div class='ocr_carea' id='block_1_63' title="bbox 176 3291 478 3364">
    <p class='ocr_par' dir='ltr' id='par_1_63' title="bbox 176 3291 478 3364">
     <span class='ocr_line' id='line_1_63' title="bbox 176 3291 478 3364; baseline 0 -20"><span class='ocrx_word' id='word_1_472' title='bbox 176 3291 448 3364; x_wconf 77' lang='grc' dir='ltr'>ιπράξατο</span> <span class='ocrx_word' id='word_1_473' title='bbox 463 3308 478 3357; x_wconf 90' lang='grc'><strong>;</strong></span> 
     </span>
    </p>
   </div>
   <div class='ocr_carea' id='block_1_64' title="bbox 1877 3107 3444 3181">
    <p class='ocr_par' dir='ltr' id='par_1_64' title="bbox 1877 3107 3444 3181">
     <span class='ocr_line' id='line_1_64' title="bbox 1877 3107 3444 3181; baseline 0.001 -17"><span class='ocrx_word' id='word_1_474' title='bbox 1877 3110 2020 3164; x_wconf 89' lang='lat' dir='ltr'><strong>modi</strong></span> <span class='ocrx_word' id='word_1_475' title='bbox 2060 3109 2174 3181; x_wconf 88' lang='lat' dir='ltr'><strong>lege</strong></span> <span class='ocrx_word' id='word_1_476' title='bbox 2202 3149 2218 3173; x_wconf 92' lang='lat'><strong>,</strong></span> <span class='ocrx_word' id='word_1_477' title='bbox 2249 3125 2410 3180; x_wconf 90' lang='lat' dir='ltr'><strong>quam</strong></span> <span class='ocrx_word' id='word_1_478' title='bbox 2441 3107 2660 3180; x_wconf 81' lang='lat' dir='ltr'><strong>infringi</strong></span> <span class='ocrx_word' id='word_1_479' title='bbox 2695 3109 2847 3163; x_wconf 81' lang='lat' dir='ltr'><strong>nefas</strong></span> <span class='ocrx_word' id='word_1_480' title='bbox 2869 3119 3015 3164; x_wconf 87' lang='lat' dir='ltr'><strong>esset</strong></span> <span class='ocrx_word' id='word_1_481' title='bbox 3049 3146 3068 3172; x_wconf 88' lang='lat'><strong>,</strong></span> <span class='ocrx_word' id='word_1_482' title='bbox 3098 3111 3444 3166; x_wconf 89' lang='lat' dir='ltr'><strong>ducentibus.</strong></span> 
     </span>
    </p>
   </div>
   <div class='ocr_carea' id='block_1_65' title="bbox 1874 3200 3442 3273">
    <p class='ocr_par' dir='ltr' id='par_1_65' title="bbox 1874 3200 3442 3273">
     <span class='ocr_line' id='line_1_65' title="bbox 1874 3200 3442 3273; baseline 0.002 -19"><span class='ocrx_word' id='word_1_483' title='bbox 1874 3201 2003 3269; x_wconf 64' lang='lat' dir='ltr'><strong>Quae</strong></span> <span class='ocrx_word' id='word_1_484' title='bbox 2029 3200 2320 3256; x_wconf 79' lang='lat' dir='ltr'><strong>Persarum</strong></span> <span class='ocrx_word' id='word_1_485' title='bbox 2351 3201 2646 3273; x_wconf 81' lang='lat' dir='ltr'><strong>myriades.</strong></span> <span class='ocrx_word' id='word_1_486' title='bbox 2674 3201 2764 3271; x_wconf 93' lang='lat' dir='ltr'><strong>qui</strong></span> <span class='ocrx_word' id='word_1_487' title='bbox 2798 3201 3100 3271; x_wconf 84' lang='lat' dir='ltr'><strong>sagittarii,</strong></span> <span class='ocrx_word' id='word_1_488' title='bbox 3137 3204 3228 3272; x_wconf 92' lang='lat' dir='ltr'><strong>qui</strong></span> <span class='ocrx_word' id='word_1_489' title='bbox 3258 3202 3442 3258; x_wconf 83' lang='lat' dir='ltr'><strong>fundi-</strong></span> 
     </span>
    </p>
   </div>
   <div class='ocr_carea' id='block_1_66' title="bbox 1872 3293 3453 3364">
    <p class='ocr_par' dir='ltr' id='par_1_66' title="bbox 1872 3293 3453 3364">
     <span class='ocr_line' id='line_1_66' title="bbox 1872 3293 3453 3364; baseline 0.001 -16"><span class='ocrx_word' id='word_1_490' title='bbox 1872 3293 2066 3348; x_wconf 89' lang='lat' dir='ltr'><strong>bularii</strong></span> <span class='ocrx_word' id='word_1_491' title='bbox 2090 3334 2106 3359; x_wconf 93' lang='lat'><strong>,</strong></span> <span class='ocrx_word' id='word_1_492' title='bbox 2134 3295 2258 3363; x_wconf 88' lang='lat' dir='ltr'><strong>quis</strong></span> <span class='ocrx_word' id='word_1_493' title='bbox 2295 3293 2680 3363; x_wconf 83' lang='lat' dir='ltr'><strong>cataphractus</strong></span> <span class='ocrx_word' id='word_1_494' title='bbox 2705 3293 2864 3348; x_wconf 82' lang='lat' dir='ltr'><strong>mites</strong></span> <span class='ocrx_word' id='word_1_495' title='bbox 2889 3302 3053 3364; x_wconf 85' lang='lat' dir='ltr'><strong>atque</strong></span> <span class='ocrx_word' id='word_1_496' title='bbox 3086 3294 3453 3364; x_wconf 81' lang='lat' dir='ltr'><strong>undequaque&#39;</strong></span> 
     </span>
    </p>
   </div>
   <div class='ocr_carea' id='block_1_67' title="bbox 171 3381 3453 3454">
    <p class='ocr_par' dir='ltr' id='par_1_67' title="bbox 171 3381 3453 3454">
     <span class='ocr_line' id='line_1_67' title="bbox 171 3381 3453 3454; baseline 0.001 -16"><span class='ocrx_word' id='word_1_497' title='bbox 171 3401 202 3438; x_wconf 75' lang='grc' dir='ltr'><strong>α</strong></span> <span class='ocrx_word' id='word_1_498' title='bbox 235 3384 564 3440; x_wconf 84' lang='lat' dir='ltr'><strong>vulneribus</strong></span> <span class='ocrx_word' id='word_1_499' title='bbox 591 3393 759 3449; x_wconf 86' lang='lat' dir='ltr'><strong>tutus,</strong></span> <span class='ocrx_word' id='word_1_500' title='bbox 803 3398 923 3454; x_wconf 66' lang='lat' dir='ltr'><strong>qua:</strong></span> <span class='ocrx_word' id='word_1_501' title='bbox 959 3391 1230 3439; x_wconf 79' lang='lat' dir='ltr'><strong>tormenta</strong></span> <span class='ocrx_word' id='word_1_502' title='bbox 1266 3383 1551 3439; x_wconf 89' lang='lat' dir='ltr'><strong>diruendis</strong></span> <span class='ocrx_word' id='word_1_503' title='bbox 1587 3383 1762 3439; x_wconf 91' lang='lat' dir='ltr'><strong>muris</strong></span> <span class='ocrx_word' id='word_1_504' title='bbox 1796 3383 2039 3450; x_wconf 88' lang='lat' dir='ltr'><strong>admota,</strong></span> <span class='ocrx_word' id='word_1_505' title='bbox 2077 3397 2142 3438; x_wconf 86' lang='lat' dir='ltr'><strong>ea</strong></span> <span class='ocrx_word' id='word_1_506' title='bbox 2217 3381 2432 3438; x_wconf 83' lang='lat' dir='ltr'><strong>elllcere</strong></span> <span class='ocrx_word' id='word_1_507' title='bbox 2497 3383 2820 3453; x_wconf 85' lang='lat' dir='ltr'><strong>potuissent,</strong></span> <span class='ocrx_word' id='word_1_508' title='bbox 2852 3399 2974 3453; x_wconf 75' lang='lat' dir='ltr'><strong>qua:</strong></span> <span class='ocrx_word' id='word_1_509' title='bbox 3004 3399 3202 3440; x_wconf 85' lang='lat' dir='ltr'><strong>manus</strong></span> <span class='ocrx_word' id='word_1_510' title='bbox 3242 3401 3368 3451; x_wconf 87' lang='lat' dir='ltr'><strong>uua,</strong></span> <span class='ocrx_word' id='word_1_511' title='bbox 3395 3396 3453 3442; x_wconf 78' lang='lat' dir='ltr'><strong>et</strong></span> 
     </span>
    </p>
   </div>
   <div class='ocr_carea' id='block_1_68' title="bbox 173 3479 1606 3551">
    <p class='ocr_par' dir='ltr' id='par_1_68' title="bbox 173 3479 1606 3551">
     <span class='ocr_line' id='line_1_68' title="bbox 173 3479 1606 3551; baseline 0.001 -18"><span class='ocrx_word' id='word_1_512' title='bbox 173 3491 385 3550; x_wconf 88' lang='lat' dir='ltr'><strong>tempus</strong></span> <span class='ocrx_word' id='word_1_513' title='bbox 412 3497 610 3548; x_wconf 89' lang='lat' dir='ltr'><strong>unum,</strong></span> <span class='ocrx_word' id='word_1_514' title='bbox 637 3491 694 3536; x_wconf 90' lang='lat' dir='ltr'><strong>et</strong></span> <span class='ocrx_word' id='word_1_515' title='bbox 728 3481 991 3537; x_wconf 84' lang='lat' dir='ltr'><strong>nefarium</strong></span> <span class='ocrx_word' id='word_1_516' title='bbox 1018 3479 1305 3535; x_wconf 91' lang='lat' dir='ltr'><strong>consilium</strong></span> <span class='ocrx_word' id='word_1_517' title='bbox 1339 3479 1606 3551; x_wconf 83' lang='lat' dir='ltr'><strong>perfecit?</strong></span> 
     </span>
    </p>
   </div>
   <div class='ocr_carea' id='block_1_69' title="bbox 237 3575 1771 3650">
    <p class='ocr_par' dir='ltr' id='par_1_69' title="bbox 237 3575 1771 3650">
     <span class='ocr_line' id='line_1_69' title="bbox 237 3575 1771 3650; baseline -0.001 -18"><span class='ocrx_word' id='word_1_518' title='bbox 237 3581 362 3633; x_wconf 68' lang='lat' dir='ltr'><strong>HA’.</strong></span> <span class='ocrx_word' id='word_1_519' title='bbox 383 3579 546 3644; x_wconf 81' lang='grc' dir='ltr'>Μίξω</span> <span class='ocrx_word' id='word_1_520' title='bbox 571 3576 783 3642; x_wconf 87' lang='grc' dir='ltr'>τούτοις</span> <span class='ocrx_word' id='word_1_521' title='bbox 816 3594 870 3630; x_wconf 90' lang='grc' dir='ltr'><strong>τι</strong></span> <span class='ocrx_word' id='word_1_522' title='bbox 904 3576 1016 3648; x_wconf 74' lang='grc'><strong>(52)</strong></span> <span class='ocrx_word' id='word_1_523' title='bbox 1046 3577 1293 3648; x_wconf 83' lang='grc' dir='ltr'>διήγημα</span> <span class='ocrx_word' id='word_1_524' title='bbox 1330 3575 1438 3630; x_wconf 88' lang='grc' dir='ltr'><strong>τῶν</strong></span> <span class='ocrx_word' id='word_1_525' title='bbox 1467 3577 1771 3650; x_wconf 74' lang='grc' dir='ltr'>εἰρημένων</span> 
     </span>
    </p>
   </div>
   <div class='ocr_carea' id='block_1_70' title="bbox 164 3667 1771 3743">
    <p class='ocr_par' dir='ltr' id='par_1_70' title="bbox 164 3667 1771 3743">
     <span class='ocr_line' id='line_1_70' title="bbox 164 3667 1771 3743; baseline -0.004 -17"><span class='ocrx_word' id='word_1_526' title='bbox 164 3672 557 3743; x_wconf 63' lang='grc' dir='ltr'>ὲῖεεινότερον.</span> <span class='ocrx_word' id='word_1_527' title='bbox 612 3668 875 3740; x_wconf 84' lang='grc' dir='ltr'>Λέγονταί</span> <span class='ocrx_word' id='word_1_528' title='bbox 919 3686 1003 3722; x_wconf 87' lang='grc' dir='ltr'><strong>τοι</strong></span> <span class='ocrx_word' id='word_1_529' title='bbox 1062 3668 1172 3722; x_wconf 89' lang='grc' dir='ltr'><strong>τῶν</strong></span> <span class='ocrx_word' id='word_1_530' title='bbox 1222 3668 1461 3724; x_wconf 78' lang='grc' dir='ltr'>ἁλόντων</span> <span class='ocrx_word' id='word_1_531' title='bbox 1516 3668 1664 3732; x_wconf 85' lang='grc' dir='ltr'>τινὲς</span> <span class='ocrx_word' id='word_1_532' title='bbox 1709 3667 1771 3736; x_wconf 77' lang='grc' dir='ltr'>ἐξ</span> 
     </span>
    </p>
   </div>
   <div class='ocr_carea' id='block_1_71' title="bbox 169 3757 1773 3834">
    <p class='ocr_par' dir='ltr' id='par_1_71' title="bbox 169 3757 1773 3834">
     <span class='ocr_line' id='line_1_71' title="bbox 169 3757 1773 3834; baseline -0.003 -16"><span class='ocrx_word' id='word_1_533' title='bbox 169 3765 416 3833; x_wconf 79' lang='grc' dir='ltr'>ἀγνοίας,</span> <span class='ocrx_word' id='word_1_534' title='bbox 431 3761 622 3834; x_wconf 79' lang='grc' dir='ltr'>ἐπειδὴ</span> <span class='ocrx_word' id='word_1_535' title='bbox 639 3757 796 3814; x_wconf 91' lang='grc' dir='ltr'>τοῦτο</span> <span class='ocrx_word' id='word_1_536' title='bbox 813 3759 1012 3814; x_wconf 80' lang='grc' dir='ltr'>ἔπαθον</span> <span class='ocrx_word' id='word_1_537' title='bbox 1027 3760 1122 3814; x_wconf 74' lang='grc' dir='ltr'>καὶ</span> <span class='ocrx_word' id='word_1_538' title='bbox 1138 3758 1484 3831; x_wconf 80' lang='grc' dir='ltr'>ἀνεχώρησεν</span> <span class='ocrx_word' id='word_1_539' title='bbox 1501 3758 1773 3830; x_wconf 68' lang='lat' dir='ltr'><strong>(155)0fo-</strong></span> 
     </span>
    </p>
   </div>
   <div class='ocr_carea' id='block_1_72' title="bbox 167 3846 1768 3924">
    <p class='ocr_par' dir='ltr' id='par_1_72' title="bbox 167 3846 1768 3924">
     <span class='ocr_line' id='line_1_72' title="bbox 167 3846 1768 3924; baseline -0.004 -14"><span class='ocrx_word' id='word_1_540' title='bbox 167 3859 245 3916; x_wconf 85' lang='grc' dir='ltr'><strong>δε.</strong></span> <span class='ocrx_word' id='word_1_541' title='bbox 267 3859 384 3918; x_wconf 82' lang='grc' dir='ltr'>τοῖς</span> <span class='ocrx_word' id='word_1_542' title='bbox 420 3853 693 3916; x_wconf 85' lang='grc' dir='ltr'>συσσίτοις</span> <span class='ocrx_word' id='word_1_543' title='bbox 722 3854 998 3906; x_wconf 86' lang='grc' dir='ltr'>κοινωνεῖν</span> <span class='ocrx_word' id='word_1_544' title='bbox 1029 3851 1330 3924; x_wconf 79' lang='grc' dir='ltr'>τραπέζης·</span> <span class='ocrx_word' id='word_1_545' title='bbox 1355 3846 1474 3904; x_wconf 70' lang='grc' dir='ltr'>εἶτα</span> <span class='ocrx_word' id='word_1_546' title='bbox 1494 3850 1588 3904; x_wconf 87' lang='grc' dir='ltr'><strong>τοῦ</strong></span> <span class='ocrx_word' id='word_1_547' title='bbox 1606 3851 1768 3905; x_wconf 88' lang='grc' dir='ltr'>πότου</span> 
     </span>
    </p>
   </div>
   <div class='ocr_carea' id='block_1_73' title="bbox 173 3942 1771 4022">
    <p class='ocr_par' dir='ltr' id='par_1_73' title="bbox 173 3942 1771 4022">
     <span class='ocr_line' id='line_1_73' title="bbox 173 3942 1771 4022; baseline -0.005 -19"><span class='ocrx_word' id='word_1_548' title='bbox 173 3947 530 4022; x_wconf 82' lang='grc' dir='ltr'>προελθόντος</span> <span class='ocrx_word' id='word_1_549' title='bbox 559 3945 669 4018; x_wconf 72' lang='grc'><strong>(54)</strong></span> <span class='ocrx_word' id='word_1_550' title='bbox 689 3948 768 4009; x_wconf 84' lang='grc' dir='ltr'><strong>εἰς</strong></span> <span class='ocrx_word' id='word_1_551' title='bbox 792 3945 892 4016; x_wconf 80' lang='grc' dir='ltr'>τὴν</span> <span class='ocrx_word' id='word_1_552' title='bbox 924 3946 1130 4016; x_wconf 80' lang='grc' dir='ltr'>συνήθη</span> <span class='ocrx_word' id='word_1_553' title='bbox 1145 3943 1519 4018; x_wconf 82' lang='grc' dir='ltr'>ψυχροποσίαν</span> <span class='ocrx_word' id='word_1_554' title='bbox 1535 3942 1670 4015; x_wconf 72' lang='grc'><strong>(55),</strong></span> <span class='ocrx_word' id='word_1_555' title='bbox 1694 3943 1771 4008; x_wconf 86' lang='grc' dir='ltr'><strong>ὡς</strong></span> 
     </span>
    </p>
   </div>
   <div class='ocr_carea' id='block_1_74' title="bbox 236 4096 1754 4178">
    <p class='ocr_par' dir='ltr' id='par_1_74' title="bbox 236 4096 1754 4178">
     <span class='ocr_line' id='line_1_74' title="bbox 236 4096 1754 4178; baseline -0.011 -10"><span class='ocrx_word' id='word_1_556' title='bbox 236 4109 356 4178; x_wconf 68' lang='grc'><strong>(25)</strong></span> <span class='ocrx_word' id='word_1_557' title='bbox 398 4103 807 4175; x_wconf 79' lang='grc' dir='ltr'>Προύκάθητο.</span> <span class='ocrx_word' id='word_1_558' title='bbox 858 4102 972 4158; x_wconf 89' lang='lat' dir='ltr'><strong>Duo</strong></span> <span class='ocrx_word' id='word_1_559' title='bbox 1020 4101 1154 4174; x_wconf 87' lang='lat' dir='ltr'><strong>Reg.</strong></span> <span class='ocrx_word' id='word_1_560' title='bbox 1187 4098 1281 4155; x_wconf 88' lang='lat' dir='ltr'><strong>0r.</strong></span> <span class='ocrx_word' id='word_1_561' title='bbox 1339 4099 1392 4164; x_wconf 76' lang='grc' dir='ltr'><strong>ί,</strong></span> <span class='ocrx_word' id='word_1_562' title='bbox 1448 4096 1754 4170; x_wconf 82' lang='grc' dir='ltr'>προύκαθέ-</span> 
     </span>
    </p>
   </div>
   <div class='ocr_carea' id='block_1_75' title="bbox 175 4182 313 4234">
    <p class='ocr_par' dir='ltr' id='par_1_75' title="bbox 175 4182 313 4234">
     <span class='ocr_line' id='line_1_75' title="bbox 175 4182 313 4234; baseline 0 0"><span class='ocrx_word' id='word_1_563' title='bbox 175 4182 313 4234; x_wconf 65' lang='lat' dir='ltr'><strong>Esto.</strong></span> 
     </span>
    </p>
   </div>
   <div class='ocr_carea' id='block_1_76' title="bbox 169 4212 1759 4319">
    <p class='ocr_par' dir='ltr' id='par_1_76' title="bbox 169 4212 1759 4319">
     <span class='ocr_line' id='line_1_76' title="bbox 169 4212 1759 4319; baseline -0.006 -18"><span class='ocrx_word' id='word_1_564' title='bbox 169 4212 360 4319; x_wconf 38' lang='lat'><strong>“(&#39;53)</strong></span> <span class='ocrx_word' id='word_1_565' title='bbox 394 4247 785 4319; x_wconf 62' lang='grc' dir='ltr'>Μελάμπους,</span> <span class='ocrx_word' id='word_1_566' title='bbox 824 4254 929 4300; x_wconf 90' lang='lat' dir='ltr'><strong>etc.</strong></span> <span class='ocrx_word' id='word_1_567' title='bbox 965 4263 984 4297; x_wconf 77' lang='grc' dir='ltr'><strong>ι</strong></span> <span class='ocrx_word' id='word_1_568' title='bbox 1021 4241 1364 4319; x_wconf 70' lang='lat' dir='ltr'><strong>Melampnm.</strong></span> <span class='ocrx_word' id='word_1_569' title='bbox 1405 4255 1424 4290; x_wconf 75' lang='grc' dir='ltr'><strong>ι</strong></span> <span class='ocrx_word' id='word_1_570' title='bbox 1465 4237 1759 4319; x_wconf 66' lang='lat' dir='ltr'><strong>melampus</strong></span> 
     </span>
    </p>
   </div>
   <div class='ocr_carea' id='block_1_77' title="bbox 167 4309 1757 4388">
    <p class='ocr_par' dir='ltr' id='par_1_77' title="bbox 167 4309 1757 4388">
     <span class='ocr_line' id='line_1_77' title="bbox 167 4309 1757 4388; baseline -0.006 -18"><span class='ocrx_word' id='word_1_571' title='bbox 167 4331 218 4375; x_wconf 74' lang='lat' dir='ltr'><strong>ei</strong></span> <span class='ocrx_word' id='word_1_572' title='bbox 244 4309 480 4376; x_wconf 79' lang='lat' dir='ltr'><strong>Proteus</strong></span> <span class='ocrx_word' id='word_1_573' title='bbox 497 4309 653 4388; x_wconf 63' lang='lat' dir='ltr'><strong>juita</strong></span> <span class='ocrx_word' id='word_1_574' title='bbox 677 4309 867 4388; x_wconf 77' lang='lat' dir='ltr'><strong>Etiam,</strong></span> <span class='ocrx_word' id='word_1_575' title='bbox 893 4309 1318 4388; x_wconf 73' lang='lat' dir='ltr'><strong>przestigiatores</strong></span> <span class='ocrx_word' id='word_1_576' title='bbox 1338 4319 1490 4364; x_wconf 88' lang='lat' dir='ltr'><strong>vates</strong></span> <span class='ocrx_word' id='word_1_577' title='bbox 1519 4309 1757 4377; x_wconf 84' lang='lat' dir='ltr'><strong>fuerunt,</strong></span> 
     </span>
    </p>
   </div>
   <div class='ocr_carea' id='block_1_78' title="bbox 167 4383 1451 4460">
    <p class='ocr_par' dir='ltr' id='par_1_78' title="bbox 167 4383 1451 4460">
     <span class='ocr_line' id='line_1_78' title="bbox 167 4383 1451 4460; baseline -0.01 -14"><span class='ocrx_word' id='word_1_578' title='bbox 167 4393 219 4446; x_wconf 89' lang='lat' dir='ltr'><strong>in</strong></span> <span class='ocrx_word' id='word_1_579' title='bbox 254 4383 516 4460; x_wconf 76' lang='lat' dir='ltr'><strong>quamvis</strong></span> <span class='ocrx_word' id='word_1_580' title='bbox 548 4389 773 4460; x_wconf 84' lang='lat' dir='ltr'><strong>formam</strong></span> <span class='ocrx_word' id='word_1_581' title='bbox 808 4383 1052 4460; x_wconf 73' lang='lat' dir='ltr'><strong>facile_se</strong></span> <span class='ocrx_word' id='word_1_582' title='bbox 1085 4383 1451 4436; x_wconf 84' lang='lat' dir='ltr'><strong>immutantes.</strong></span> 
     </span>
    </p>
   </div>
   <div class='ocr_carea' id='block_1_79' title="bbox 235 4455 1108 4528">
    <p class='ocr_par' dir='ltr' id='par_1_79' title="bbox 235 4455 1108 4528">
     <span class='ocr_line' id='line_1_79' title="bbox 235 4455 1108 4528; baseline -0.011 -13"><span class='ocrx_word' id='word_1_583' title='bbox 235 4455 360 4528; x_wconf 51' lang='lat'><strong>(2&#39;5)</strong></span> <span class='ocrx_word' id='word_1_584' title='bbox 400 4461 624 4514; x_wconf 75' lang='lat' dir='ltr'><strong>&#39;Oawr.</strong></span> <span class='ocrx_word' id='word_1_585' title='bbox 663 4459 793 4525; x_wconf 81' lang='lat' dir='ltr'><strong>Reg.</strong></span> <span class='ocrx_word' id='word_1_586' title='bbox 823 4459 932 4528; x_wconf 89' lang='lat' dir='ltr'><strong>hm,</strong></span> <span class='ocrx_word' id='word_1_587' title='bbox 967 4455 1108 4528; x_wconf 85' lang='grc' dir='ltr'>ὅσον.</span> 
     </span>
    </p>
   </div>
   <div class='ocr_carea' id='block_1_80' title="bbox 239 4521 1759 4604">
    <p class='ocr_par' dir='ltr' id='par_1_80' title="bbox 239 4521 1759 4604">
     <span class='ocr_line' id='line_1_80' title="bbox 239 4521 1759 4604; baseline -0.004 -19"><span class='ocrx_word' id='word_1_588' title='bbox 239 4521 366 4604; x_wconf 65' lang='grc'><strong>(26)</strong></span> <span class='ocrx_word' id='word_1_589' title='bbox 394 4529 631 4604; x_wconf 61' lang='grc' dir='ltr'><strong>ΔοκεῖνἈ</strong></span> <span class='ocrx_word' id='word_1_590' title='bbox 659 4521 819 4604; x_wconf 74' lang='lat' dir='ltr'><strong>Deest</strong></span> <span class='ocrx_word' id='word_1_591' title='bbox 849 4527 902 4579; x_wconf 94' lang='lat' dir='ltr'><strong>in</strong></span> <span class='ocrx_word' id='word_1_592' title='bbox 940 4526 1148 4604; x_wconf 79' lang='lat' dir='ltr'><strong>duolms</strong></span> <span class='ocrx_word' id='word_1_593' title='bbox 1183 4521 1314 4591; x_wconf 81' lang='lat' dir='ltr'><strong>Reg.</strong></span> <span class='ocrx_word' id='word_1_594' title='bbox 1369 4523 1577 4580; x_wconf 88' lang='lat' dir='ltr'><strong>duobus</strong></span> <span class='ocrx_word' id='word_1_595' title='bbox 1605 4523 1759 4580; x_wconf 89' lang='lat' dir='ltr'><strong>Colb.</strong></span> 
     </span>
    </p>
   </div>
   <div class='ocr_carea' id='block_1_81' title="bbox 167 4594 1479 4666">
    <p class='ocr_par' dir='ltr' id='par_1_81' title="bbox 167 4594 1479 4666">
     <span class='ocr_line' id='line_1_81' title="bbox 167 4594 1479 4666; baseline -0.007 -9"><span class='ocrx_word' id='word_1_596' title='bbox 167 4608 220 4657; x_wconf 77' lang='lat' dir='ltr'><strong>et</strong></span> <span class='ocrx_word' id='word_1_597' title='bbox 243 4594 301 4656; x_wconf 81' lang='lat' dir='ltr'><strong>in</strong></span> <span class='ocrx_word' id='word_1_598' title='bbox 324 4599 420 4655; x_wconf 87' lang='lat' dir='ltr'><strong>Or.</strong></span> <span class='ocrx_word' id='word_1_599' title='bbox 458 4601 507 4654; x_wconf 83' lang='grc'>1.</span> <span class='ocrx_word' id='word_1_600' title='bbox 539 4600 793 4656; x_wconf 90' lang='lat' dir='ltr'><strong>lleinsius</strong></span> <span class='ocrx_word' id='word_1_601' title='bbox 826 4594 1240 4666; x_wconf 72' lang='lat' dir='ltr'><strong>expungendum</strong></span> <span class='ocrx_word' id='word_1_602' title='bbox 1273 4603 1479 4648; x_wconf 86' lang='lat' dir='ltr'><strong>censet.</strong></span> 
     </span>
    </p>
   </div>
   <div class='ocr_carea' id='block_1_82' title="bbox 235 4663 1210 4743">
    <p class='ocr_par' dir='ltr' id='par_1_82' title="bbox 235 4663 1210 4743">
     <span class='ocr_line' id='line_1_82' title="bbox 235 4663 1210 4743; baseline -0.01 -17"><span class='ocrx_word' id='word_1_603' title='bbox 235 4673 361 4743; x_wconf 76' lang='lat'><strong>(‘27)</strong></span> <span class='ocrx_word' id='word_1_604' title='bbox 398 4672 603 4743; x_wconf 63' lang='grc' dir='ltr'>Ὅλος.</span> <span class='ocrx_word' id='word_1_605' title='bbox 641 4667 856 4743; x_wconf 63' lang='lat' dir='ltr'><strong>Malein</strong></span> <span class='ocrx_word' id='word_1_606' title='bbox 879 4663 1046 4743; x_wconf 71' lang='lat' dir='ltr'><strong>editis</strong></span> <span class='ocrx_word' id='word_1_607' title='bbox 1072 4663 1210 4743; x_wconf 77' lang='grc' dir='ltr'>ὅλως</span> 
     </span>
    </p>
   </div>
   <div class='ocr_carea' id='block_1_83' title="bbox 237 4732 1764 4814">
    <p class='ocr_par' dir='ltr' id='par_1_83' title="bbox 237 4732 1764 4814">
     <span class='ocr_line' id='line_1_83' title="bbox 237 4732 1764 4814; baseline -0.005 -16"><span class='ocrx_word' id='word_1_608' title='bbox 237 4732 360 4814; x_wconf 62' lang='lat'><strong>(&#39;28)</strong></span> <span class='ocrx_word' id='word_1_609' title='bbox 394 4732 696 4814; x_wconf 65' lang='grc' dir='ltr'>Κνίσὰης.</span> <span class='ocrx_word' id='word_1_610' title='bbox 752 4737 1001 4807; x_wconf 86' lang='lat' dir='ltr'><strong>Plerique</strong></span> <span class='ocrx_word' id='word_1_611' title='bbox 1056 4737 1194 4788; x_wconf 86' lang='lat' dir='ltr'><strong>codd</strong></span> <span class='ocrx_word' id='word_1_612' title='bbox 1283 4732 1474 4788; x_wconf 84' lang='lat' dir='ltr'><strong>saltem</strong></span> <span class='ocrx_word' id='word_1_613' title='bbox 1525 4734 1764 4791; x_wconf 88' lang='lat' dir='ltr'><strong>melioris</strong></span> 
     </span>
    </p>
   </div>
   <div class='ocr_carea' id='block_1_84' title="bbox 166 4811 1014 4887">
    <p class='ocr_par' dir='ltr' id='par_1_84' title="bbox 166 4811 1014 4887">
     <span class='ocr_line' id='line_1_84' title="bbox 166 4811 1014 4887; baseline 0 0"><span class='ocrx_word' id='word_1_614' title='bbox 166 4811 353 4887; x_wconf 53' lang='grc' dir='ltr'>ηοίῢῖνζ</span> <span class='ocrx_word' id='word_1_615' title='bbox 375 4811 587 4887; x_wconf 58' lang='grc' dir='ltr'><strong>κχίσέης·</strong></span> <span class='ocrx_word' id='word_1_616' title='bbox 652 4879 690 4887; x_wconf 91' lang='grc'>.-</span> <span class='ocrx_word' id='word_1_617' title='bbox 731 4880 742 4887; x_wconf 90' lang='grc'><strong>.</strong></span> <span class='ocrx_word' id='word_1_618' title='bbox 988 4875 1014 4887; x_wconf 90' lang='grc'><strong>-</strong></span> 
     </span>
    </p>
   </div>
   <div class='ocr_carea' id='block_1_85' title="bbox 237 4879 1110 4952">
    <p class='ocr_par' dir='ltr' id='par_1_85' title="bbox 237 4879 1110 4952">
     <span class='ocr_line' id='line_1_85' title="bbox 237 4879 1110 4952; baseline -0.007 -14"><span class='ocrx_word' id='word_1_619' title='bbox 237 4884 363 4952; x_wconf 69' lang='lat'><strong>(9.9)</strong></span> <span class='ocrx_word' id='word_1_620' title='bbox 400 4879 616 4952; x_wconf 65' lang='grc' dir='ltr'>Ταῦτα.</span> <span class='ocrx_word' id='word_1_621' title='bbox 652 4879 832 4952; x_wconf 71' lang='lat' dir='ltr'><strong>lleins.</strong></span> <span class='ocrx_word' id='word_1_622' title='bbox 862 4879 1110 4952; x_wconf 56' lang='grc' dir='ltr'><strong>⁸τοιαῦτα.</strong></span> 
     </span>
    </p>
   </div>
   <div class='ocr_carea' id='block_1_86' title="bbox 238 4943 1767 5022">
    <p class='ocr_par' dir='ltr' id='par_1_86' title="bbox 238 4943 1767 5022">
     <span class='ocr_line' id='line_1_86' title="bbox 238 4943 1767 5022; baseline -0.007 -15"><span class='ocrx_word' id='word_1_623' title='bbox 238 4943 366 5022; x_wconf 70' lang='grc'><strong>(50)</strong></span> <span class='ocrx_word' id='word_1_624' title='bbox 401 4949 836 5022; x_wconf 60' lang='grc' dir='ltr'>Σφενδονῆται,</span> <span class='ocrx_word' id='word_1_625' title='bbox 867 4949 960 5003; x_wconf 87' lang='lat' dir='ltr'><strong>Sic</strong></span> <span class='ocrx_word' id='word_1_626' title='bbox 985 4948 1184 5000; x_wconf 85' lang='lat' dir='ltr'><strong>acuunt</strong></span> <span class='ocrx_word' id='word_1_627' title='bbox 1214 4943 1452 5015; x_wconf 88' lang='lat' dir='ltr'><strong>quidam.</strong></span> <span class='ocrx_word' id='word_1_628' title='bbox 1481 4943 1584 4999; x_wconf 82' lang='lat' dir='ltr'><strong>Alii</strong></span> <span class='ocrx_word' id='word_1_629' title='bbox 1605 4961 1767 5013; x_wconf 78' lang='grc' dir='ltr'>σφεν-</span> 
     </span>
    </p>
   </div>
   <div class='ocr_carea' id='block_1_87' title="bbox 165 5007 954 5090">
    <p class='ocr_par' dir='ltr' id='par_1_87' title="bbox 165 5007 954 5090">
     <span class='ocr_line' id='line_1_87' title="bbox 165 5007 954 5090; baseline -0.005 -14"><span class='ocrx_word' id='word_1_630' title='bbox 165 5007 414 5090; x_wconf 63' lang='grc' dir='ltr'>δοπιῖηταί.</span> <span class='ocrx_word' id='word_1_631' title='bbox 449 5007 550 5076; x_wconf 52' lang='lat' dir='ltr'><strong>lilii</strong></span> <span class='ocrx_word' id='word_1_632' title='bbox 582 5007 954 5090; x_wconf 70' lang='grc' dir='ltr'>σφενδονήται.</span> 
     </span>
    </p>
   </div>
   <div class='ocr_carea' id='block_1_88' title="bbox 240 5069 1767 5162">
    <p class='ocr_par' dir='ltr' id='par_1_88' title="bbox 240 5069 1767 5162">
     <span class='ocr_line' id='line_1_88' title="bbox 240 5069 1767 5162; baseline -0.006 -15"><span class='ocrx_word' id='word_1_633' title='bbox 240 5069 1125 5162; x_wconf 33' lang='lat' dir='ltr'><strong>Efﬁgiem.</strong></span> <span class='ocrx_word' id='word_1_634' title='bbox 1173 5105 1192 5138; x_wconf 75' lang='grc' dir='ltr'><strong>ι</strong></span> <span class='ocrx_word' id='word_1_635' title='bbox 1229 5086 1626 5156; x_wconf 89' lang='lat' dir='ltr'><strong>Cataphractus</strong></span> <span class='ocrx_word' id='word_1_636' title='bbox 1673 5083 1767 5138; x_wconf 85' lang='lat' dir='ltr'><strong>mi-</strong></span> 
     </span>
    </p>
   </div>
   <div class='ocr_carea' id='block_1_89' title="bbox 165 5160 1454 5262">
    <p class='ocr_par' dir='ltr' id='par_1_89' title="bbox 165 5160 1454 5262">
     <span class='ocr_line' id='line_1_89' title="bbox 165 5160 1268 5226; baseline -0.01 -8"><span class='ocrx_word' id='word_1_637' title='bbox 165 5160 268 5218; x_wconf 70' lang='lat' dir='ltr'><strong>les.</strong></span> <span class='ocrx_word' id='word_1_638' title='bbox 319 5181 343 5213; x_wconf 73' lang='grc' dir='ltr'><strong>ι</strong></span> <span class='ocrx_word' id='word_1_639' title='bbox 369 5163 596 5215; x_wconf 83' lang='lat' dir='ltr'><strong>Billins:</strong></span> <span class='ocrx_word' id='word_1_640' title='bbox 631 5179 649 5211; x_wconf 73' lang='grc' dir='ltr'><strong>ι</strong></span> <span class='ocrx_word' id='word_1_641' title='bbox 684 5160 888 5213; x_wconf 86' lang='lat' dir='ltr'><strong>ferreus</strong></span> <span class='ocrx_word' id='word_1_642' title='bbox 917 5166 1205 5226; x_wconf 81' lang='lat' dir='ltr'><strong>exercitus.</strong></span> <span class='ocrx_word' id='word_1_643' title='bbox 1250 5175 1268 5207; x_wconf 74' lang='grc' dir='ltr'><strong>ι</strong></span> 
     </span>
     <span class='ocr_line' id='line_1_90' title="bbox 240 5225 1454 5262; baseline 0 0"><span class='ocrx_word' id='word_1_644' title='bbox 240 5231 362 5262; x_wconf 60' lang='grc' dir='ltr'><strong>,ποι</strong></span> <span class='ocrx_word' id='word_1_645' title='bbox 411 5233 569 5262; x_wconf 69' lang='grc' dir='ltr'>ηιξ..</span> <span class='ocrx_word' id='word_1_646' title='bbox 602 5231 837 5262; x_wconf 64' lang='grc' dir='ltr'>..Μινωη</span> <span class='ocrx_word' id='word_1_647' title='bbox 871 5247 924 5262; x_wconf 66' lang='grc' dir='ltr'>υ.</span> <span class='ocrx_word' id='word_1_648' title='bbox 987 5229 1081 5262; x_wconf 72' lang='lat' dir='ltr'><strong>Ali:</strong></span> <span class='ocrx_word' id='word_1_649' title='bbox 1113 5227 1254 5262; x_wconf 65' lang='lat'><strong>&quot;&#39;16...</strong></span> <span class='ocrx_word' id='word_1_650' title='bbox 1281 5243 1330 5262; x_wconf 69' lang='lat' dir='ltr'><strong>an</strong></span> <span class='ocrx_word' id='word_1_651' title='bbox 1364 5225 1454 5262; x_wconf 68' lang='grc' dir='ltr'>ινιιῖ</span> 
     </span>
    </p>
   </div>
   <div class='ocr_carea' id='block_1_90' title="bbox 239 5228 1764 5375">
    <p class='ocr_par' dir='ltr' id='par_1_90' title="bbox 239 5228 1764 5375">
     <span class='ocr_line' id='line_1_91' title="bbox 239 5228 1593 5303; baseline -0.006 -18"><span class='ocrx_word' id='word_1_652' title='bbox 239 5231 363 5303; x_wconf 68' lang='grc'><strong>(52)</strong></span> <span class='ocrx_word' id='word_1_653' title='bbox 403 5233 569 5297; x_wconf 79' lang='grc' dir='ltr'>Μίξω</span> <span class='ocrx_word' id='word_1_654' title='bbox 602 5231 837 5295; x_wconf 80' lang='grc' dir='ltr'>τούτοις</span> <span class='ocrx_word' id='word_1_655' title='bbox 871 5247 945 5283; x_wconf 89' lang='grc' dir='ltr'><strong>τι.</strong></span> <span class='ocrx_word' id='word_1_656' title='bbox 979 5229 1082 5283; x_wconf 81' lang='lat' dir='ltr'><strong>Alii</strong></span> <span class='ocrx_word' id='word_1_657' title='bbox 1112 5228 1254 5298; x_wconf 74' lang='grc' dir='ltr'>μιξω</span> <span class='ocrx_word' id='word_1_658' title='bbox 1281 5243 1335 5278; x_wconf 86' lang='grc' dir='ltr'><strong>τι</strong></span> <span class='ocrx_word' id='word_1_659' title='bbox 1364 5228 1593 5288; x_wconf 81' lang='grc' dir='ltr'>τούτοις.</span> 
     </span>
     <span class='ocr_line' id='line_1_92' title="bbox 243 5294 1764 5375; baseline -0.005 -18"><span class='ocrx_word' id='word_1_660' title='bbox 243 5304 364 5375; x_wconf 75' lang='grc'><strong>(55)</strong></span> <span class='ocrx_word' id='word_1_661' title='bbox 415 5305 688 5375; x_wconf 62' lang='grc' dir='ltr'>ξἘπαθρν</span> <span class='ocrx_word' id='word_1_662' title='bbox 709 5302 812 5375; x_wconf 63' lang='grc' dir='ltr'><strong>καί</strong></span> <span class='ocrx_word' id='word_1_663' title='bbox 869 5297 1288 5375; x_wconf 55' lang='grc' dir='ltr'><strong>ὀικεχώρηοίξν·Σ</strong></span> <span class='ocrx_word' id='word_1_664' title='bbox 1345 5299 1584 5375; x_wconf 76' lang='lat' dir='ltr'><strong>Quatuor</strong></span> <span class='ocrx_word' id='word_1_665' title='bbox 1631 5294 1764 5375; x_wconf 82' lang='lat' dir='ltr'><strong>Reg.</strong></span> 
     </span>
    </p>
   </div>
   <div class='ocr_carea' id='block_1_91' title="bbox 168 5365 1768 5437">
    <p class='ocr_par' dir='ltr' id='par_1_91' title="bbox 168 5365 1768 5437">
     <span class='ocr_line' id='line_1_93' title="bbox 168 5365 1768 5437; baseline -0.007 -9"><span class='ocrx_word' id='word_1_666' title='bbox 168 5365 268 5428; x_wconf 61' lang='grc' dir='ltr'><strong>Ου’.</strong></span> <span class='ocrx_word' id='word_1_667' title='bbox 307 5365 360 5426; x_wconf 59' lang='grc'>1.</span> <span class='ocrx_word' id='word_1_668' title='bbox 394 5373 492 5428; x_wconf 84' lang='lat' dir='ltr'><strong>Ed.</strong></span> <span class='ocrx_word' id='word_1_669' title='bbox 527 5372 652 5426; x_wconf 80' lang='lat' dir='ltr'><strong>Ald.</strong></span> <span class='ocrx_word' id='word_1_670' title='bbox 680 5365 734 5424; x_wconf 85' lang='lat' dir='ltr'><strong>et</strong></span> <span class='ocrx_word' id='word_1_671' title='bbox 772 5369 933 5425; x_wconf 85' lang='lat' dir='ltr'><strong>llerv.</strong></span> <span class='ocrx_word' id='word_1_672' title='bbox 967 5365 1096 5437; x_wconf 62' lang='grc' dir='ltr'>υἱοί,</span> <span class='ocrx_word' id='word_1_673' title='bbox 1123 5366 1316 5421; x_wconf 83' lang='grc' dir='ltr'>παθεῖν</span> <span class='ocrx_word' id='word_1_674' title='bbox 1351 5366 1447 5418; x_wconf 77' lang='grc' dir='ltr'>καὶ</span> <span class='ocrx_word' id='word_1_675' title='bbox 1480 5365 1768 5436; x_wconf 77' lang='grc' dir='ltr'>ἀναχωρή-</span> 
     </span>
    </p>
   </div>
   <div class='ocr_carea' id='block_1_92' title="bbox 173 5460 1677 5558">
    <p class='ocr_par' dir='ltr' id='par_1_92' title="bbox 173 5460 1677 5558">
     <span class='ocr_line' id='line_1_94' title="bbox 173 5460 1677 5558; baseline 0 0"><span class='ocrx_word' id='word_1_676' title='bbox 173 5460 819 5558; x_wconf 51' lang='grc' dir='ltr'>σαὲξῖῖ.1ῖοηελθόγτορ-</span> <span class='ocrx_word' id='word_1_677' title='bbox 847 5511 978 5558; x_wconf 61' lang='lat' dir='ltr'><strong>nec.</strong></span> <span class='ocrx_word' id='word_1_678' title='bbox 1020 5509 1115 5558; x_wconf 83' lang='lat' dir='ltr'><strong>htl.</strong></span> <span class='ocrx_word' id='word_1_679' title='bbox 1153 5506 1193 5558; x_wconf 84' lang='grc'>1.</span> <span class='ocrx_word' id='word_1_680' title='bbox 1224 5505 1317 5558; x_wconf 91' lang='lat' dir='ltr'><strong>Or.</strong></span> <span class='ocrx_word' id='word_1_681' title='bbox 1370 5507 1416 5558; x_wconf 71' lang='grc' dir='ltr'><strong>ί.</strong></span> <span class='ocrx_word' id='word_1_682' title='bbox 1445 5505 1567 5558; x_wconf 79' lang='lat' dir='ltr'><strong>Ald.</strong></span> <span class='ocrx_word' id='word_1_683' title='bbox 1603 5504 1677 5558; x_wconf 71' lang='lat' dir='ltr'><strong>&quot;t&#39;.</strong></span> 
     </span>
    </p>
   </div>
   <div class='ocr_carea' id='block_1_93' title="bbox 171 5505 1763 5656">
    <p class='ocr_par' dir='ltr' id='par_1_93' title="bbox 171 5505 1763 5656">
     <span class='ocr_line' id='line_1_95' title="bbox 242 5505 1763 5585; baseline -0.008 -16"><span class='ocrx_word' id='word_1_684' title='bbox 242 5505 370 5585; x_wconf 75' lang='grc'><strong>(54)</strong></span> <span class='ocrx_word' id='word_1_685' title='bbox 392 5512 819 5581; x_wconf 72' lang='grc' dir='ltr'>Προελθόντος.</span> <span class='ocrx_word' id='word_1_686' title='bbox 847 5511 978 5579; x_wconf 77' lang='lat' dir='ltr'><strong>Reg.</strong></span> <span class='ocrx_word' id='word_1_687' title='bbox 1020 5509 1115 5572; x_wconf 91' lang='lat' dir='ltr'><strong>bu,</strong></span> <span class='ocrx_word' id='word_1_688' title='bbox 1153 5506 1193 5572; x_wconf 91' lang='lat' dir='ltr'><strong>l,</strong></span> <span class='ocrx_word' id='word_1_689' title='bbox 1224 5505 1317 5562; x_wconf 90' lang='lat' dir='ltr'><strong>Or.</strong></span> <span class='ocrx_word' id='word_1_690' title='bbox 1370 5507 1416 5560; x_wconf 85' lang='lat' dir='ltr'><strong>l.</strong></span> <span class='ocrx_word' id='word_1_691' title='bbox 1445 5505 1567 5560; x_wconf 82' lang='lat' dir='ltr'><strong>Ald.</strong></span> <span class='ocrx_word' id='word_1_692' title='bbox 1603 5505 1763 5563; x_wconf 82' lang='lat' dir='ltr'><strong>llerv.</strong></span> 
     </span>
     <span class='ocr_line' id='line_1_96' title="bbox 171 5575 1762 5656; baseline -0.005 -20"><span class='ocrx_word' id='word_1_693' title='bbox 171 5584 569 5656; x_wconf 66' lang='grc' dir='ltr'>παρελθόντος.</span> <span class='ocrx_word' id='word_1_694' title='bbox 595 5582 734 5656; x_wconf 20' lang='grc' dir='ltr'><strong>ΦΑΙίἰΛ</strong></span> <span class='ocrx_word' id='word_1_695' title='bbox 767 5597 894 5635; x_wconf 84' lang='lat' dir='ltr'><strong>vero</strong></span> <span class='ocrx_word' id='word_1_696' title='bbox 952 5580 1106 5656; x_wconf 54' lang='lat' dir='ltr'><strong>Regii</strong></span> <span class='ocrx_word' id='word_1_697' title='bbox 1163 5580 1422 5648; x_wconf 86' lang='lat' dir='ltr'><strong>quinque,</strong></span> <span class='ocrx_word' id='word_1_698' title='bbox 1461 5577 1568 5630; x_wconf 89' lang='lat' dir='ltr'><strong>duo</strong></span> <span class='ocrx_word' id='word_1_699' title='bbox 1590 5575 1762 5656; x_wconf 72' lang='lat' dir='ltr'><strong>_Co|b.</strong></span> 
     </span>
    </p>
   </div>
   <div class='ocr_carea' id='block_1_94' title="bbox 175 5647 1766 5725">
    <p class='ocr_par' dir='ltr' id='par_1_94' title="bbox 175 5647 1766 5725">
     <span class='ocr_line' id='line_1_97' title="bbox 175 5647 1766 5725; baseline -0.004 -18"><span class='ocrx_word' id='word_1_700' title='bbox 175 5647 349 5710; x_wconf 67' lang='lat' dir='ltr'><strong>llont.</strong></span> <span class='ocrx_word' id='word_1_701' title='bbox 379 5655 538 5708; x_wconf 84' lang='lat' dir='ltr'><strong>Pass.</strong></span> <span class='ocrx_word' id='word_1_702' title='bbox 586 5651 777 5725; x_wconf 88' lang='lat' dir='ltr'><strong>Comb.</strong></span> <span class='ocrx_word' id='word_1_703' title='bbox 817 5647 1220 5725; x_wconf 76' lang='grc' dir='ltr'>περιελθόντος.</span> <span class='ocrx_word' id='word_1_704' title='bbox 1258 5664 1377 5725; x_wconf 63' lang='lat' dir='ltr'><strong>qua!</strong></span> <span class='ocrx_word' id='word_1_705' title='bbox 1411 5663 1512 5725; x_wconf 78' lang='lat' dir='ltr'><strong>vox</strong></span> <span class='ocrx_word' id='word_1_706' title='bbox 1555 5647 1766 5701; x_wconf 83' lang='lat' dir='ltr'><strong>videtur</strong></span> 
     </span>
    </p>
   </div>
   <div class='ocr_carea' id='block_1_95' title="bbox 174 5717 1764 5798">
    <p class='ocr_par' dir='ltr' id='par_1_95' title="bbox 174 5717 1764 5798">
     <span class='ocr_line' id='line_1_98' title="bbox 174 5717 1764 5798; baseline -0.004 -21"><span class='ocrx_word' id='word_1_707' title='bbox 174 5726 375 5798; x_wconf 74' lang='lat' dir='ltr'><strong>aptior,</strong></span> <span class='ocrx_word' id='word_1_708' title='bbox 398 5740 464 5782; x_wconf 80' lang='lat' dir='ltr'><strong>ac</strong></span> <span class='ocrx_word' id='word_1_709' title='bbox 489 5725 571 5780; x_wconf 85' lang='lat' dir='ltr'><strong>sic</strong></span> <span class='ocrx_word' id='word_1_710' title='bbox 605 5723 831 5780; x_wconf 82' lang='lat' dir='ltr'><strong>vertitur</strong></span> <span class='ocrx_word' id='word_1_711' title='bbox 861 5717 904 5777; x_wconf 68' lang='grc' dir='ltr'>α’</span> <span class='ocrx_word' id='word_1_712' title='bbox 933 5723 1161 5778; x_wconf 82' lang='lat' dir='ltr'><strong>Comb.:</strong></span> <span class='ocrx_word' id='word_1_713' title='bbox 1197 5737 1216 5770; x_wconf 76' lang='grc' dir='ltr'><strong><em>ο</em></strong></span> <span class='ocrx_word' id='word_1_714' title='bbox 1258 5717 1313 5773; x_wconf 94' lang='lat' dir='ltr'><strong>ln</strong></span> <span class='ocrx_word' id='word_1_715' title='bbox 1358 5719 1544 5774; x_wconf 88' lang='lat' dir='ltr'><strong>orbem</strong></span> <span class='ocrx_word' id='word_1_716' title='bbox 1575 5731 1764 5772; x_wconf 58' lang='lat' dir='ltr'><strong>recuro</strong></span> 
     </span>
    </p>
   </div>
   <div class='ocr_carea' id='block_1_96' title="bbox 1941 3569 3446 3640">
    <p class='ocr_par' dir='ltr' id='par_1_96' title="bbox 1941 3569 3446 3640">
     <span class='ocr_line' id='line_1_99' title="bbox 1941 3569 3446 3640; baseline -0.002 -11"><span class='ocrx_word' id='word_1_717' title='bbox 1941 3570 2231 3628; x_wconf 76' lang='lat' dir='ltr'><strong>LXXXIV.</strong></span> <span class='ocrx_word' id='word_1_718' title='bbox 2277 3569 2372 3624; x_wconf 83' lang='lat' dir='ltr'><strong>Hic</strong></span> <span class='ocrx_word' id='word_1_719' title='bbox 2397 3569 2760 3624; x_wconf 85' lang='lat' dir='ltr'><strong>narrationem</strong></span> <span class='ocrx_word' id='word_1_720' title='bbox 2787 3571 3078 3640; x_wconf 86' lang='lat' dir='ltr'><strong>quamdam</strong></span> <span class='ocrx_word' id='word_1_721' title='bbox 3109 3571 3446 3638; x_wconf 88' lang='lat' dir='ltr'><strong>admiscebo,</strong></span> 
     </span>
    </p>
   </div>
   <div class='ocr_carea' id='block_1_97' title="bbox 1869 3661 3441 3737">
    <p class='ocr_par' dir='ltr' id='par_1_97' title="bbox 1869 3661 3441 3737">
     <span class='ocr_line' id='line_1_100' title="bbox 1869 3661 3441 3737; baseline -0.003 -16"><span class='ocrx_word' id='word_1_722' title='bbox 1869 3663 2244 3737; x_wconf 85' lang='lat' dir='ltr'><strong>superioribus</strong></span> <span class='ocrx_word' id='word_1_723' title='bbox 2274 3663 2568 3716; x_wconf 90' lang='lat' dir='ltr'><strong>tristiorem</strong></span> <span class='ocrx_word' id='word_1_724' title='bbox 2599 3671 2655 3716; x_wconf 90' lang='lat' dir='ltr'><strong>et</strong></span> <span class='ocrx_word' id='word_1_725' title='bbox 2685 3661 3163 3717; x_wconf 84' lang='lat' dir='ltr'><strong>miserabiliorem.</strong></span> <span class='ocrx_word' id='word_1_726' title='bbox 3210 3663 3441 3731; x_wconf 81' lang='lat' dir='ltr'><strong>Ferunt,</strong></span> 
     </span>
    </p>
   </div>
   <div class='ocr_carea' id='block_1_98' title="bbox 1868 3755 3448 3830">
    <p class='ocr_par' dir='ltr' id='par_1_98' title="bbox 1868 3755 3448 3830">
     <span class='ocr_line' id='line_1_101' title="bbox 1868 3755 3448 3830; baseline 0.001 -20"><span class='ocrx_word' id='word_1_727' title='bbox 1868 3758 2134 3830; x_wconf 87' lang='lat' dir='ltr'><strong>quosdam</strong></span> <span class='ocrx_word' id='word_1_728' title='bbox 2181 3772 2370 3811; x_wconf 87' lang='lat' dir='ltr'><strong>eorum</strong></span> <span class='ocrx_word' id='word_1_729' title='bbox 2423 3755 2516 3826; x_wconf 85' lang='lat' dir='ltr'><strong>qui</strong></span> <span class='ocrx_word' id='word_1_730' title='bbox 2579 3769 2676 3824; x_wconf 91' lang='lat' dir='ltr'><strong>per</strong></span> <span class='ocrx_word' id='word_1_731' title='bbox 2727 3755 3126 3825; x_wconf 87' lang='lat' dir='ltr'><strong>ignorationem</strong></span> <span class='ocrx_word' id='word_1_732' title='bbox 3182 3757 3325 3827; x_wconf 85' lang='lat' dir='ltr'><strong>capti</strong></span> <span class='ocrx_word' id='word_1_733' title='bbox 3381 3773 3448 3812; x_wconf 90' lang='lat' dir='ltr'><strong>ac</strong></span> 
     </span>
    </p>
   </div>
   <div class='ocr_carea' id='block_1_99' title="bbox 1870 3845 3446 3919">
    <p class='ocr_par' dir='ltr' id='par_1_99' title="bbox 1870 3845 3446 3919">
     <span class='ocr_line' id='line_1_102' title="bbox 1870 3845 3446 3919; baseline 0 -14"><span class='ocrx_word' id='word_1_734' title='bbox 1870 3848 2227 3905; x_wconf 83' lang='lat' dir='ltr'><strong>circumventi</strong></span> <span class='ocrx_word' id='word_1_735' title='bbox 2291 3846 2532 3911; x_wconf 82' lang='lat' dir='ltr'><strong>fuerant,</strong></span> <span class='ocrx_word' id='word_1_736' title='bbox 2593 3845 2754 3918; x_wconf 77' lang='lat'><strong>119</strong></span> <span class='ocrx_word' id='word_1_737' title='bbox 2825 3860 3108 3919; x_wconf 72' lang='lat' dir='ltr'><strong>posuquam</strong></span> <span class='ocrx_word' id='word_1_738' title='bbox 3169 3859 3446 3906; x_wconf 85' lang='lat' dir='ltr'><strong>contracta</strong></span> 
     </span>
    </p>
   </div>
   <div class='ocr_carea' id='block_1_100' title="bbox 1870 3939 3445 4015">
    <p class='ocr_par' dir='ltr' id='par_1_100' title="bbox 1870 3939 3445 4015">
     <span class='ocr_line' id='line_1_103' title="bbox 1870 3939 3445 4015; baseline 0 -19"><span class='ocrx_word' id='word_1_739' title='bbox 1870 3941 1971 3996; x_wconf 89' lang='lat' dir='ltr'><strong>bac</strong></span> <span class='ocrx_word' id='word_1_740' title='bbox 2027 3939 2344 4015; x_wconf 72' lang='lat' dir='ltr'><strong>calamitate</strong></span> <span class='ocrx_word' id='word_1_741' title='bbox 2380 3939 2595 3993; x_wconf 82' lang='lat' dir='ltr'><strong>dormnu</strong></span> <span class='ocrx_word' id='word_1_742' title='bbox 2654 3955 2712 3993; x_wconf 83' lang='lat' dir='ltr'><strong>se</strong></span> <span class='ocrx_word' id='word_1_743' title='bbox 2756 3939 3123 4009; x_wconf 82' lang='lat' dir='ltr'><strong>recepissent,</strong></span> <span class='ocrx_word' id='word_1_744' title='bbox 3166 3957 3270 3995; x_wconf 88' lang='lat' dir='ltr'><strong>una</strong></span> <span class='ocrx_word' id='word_1_745' title='bbox 3322 3956 3445 3996; x_wconf 89' lang='lat' dir='ltr'><strong>cum</strong></span> 
     </span>
    </p>
   </div>
   <div class='ocr_carea' id='block_1_101' title="bbox 1867 4094 3446 4221">
    <p class='ocr_par' dir='ltr' id='par_1_101' title="bbox 1867 4094 3446 4221">
     <span class='ocr_line' id='line_1_104' title="bbox 1867 4094 3446 4221; baseline 0.002 -70"><span class='ocrx_word' id='word_1_746' title='bbox 1867 4107 2023 4221; x_wconf 53' lang='lat' dir='ltr'><strong>reste</strong></span> <span class='ocrx_word' id='word_1_747' title='bbox 2049 4095 2270 4220; x_wconf 88' lang='lat' dir='ltr'><strong>Ifrigida</strong></span> <span class='ocrx_word' id='word_1_748' title='bbox 2329 4095 2434 4153; x_wconf 85' lang='lat' dir='ltr'><strong>hac</strong></span> <span class='ocrx_word' id='word_1_749' title='bbox 2463 4098 2890 4167; x_wconf 77' lang='lat' dir='ltr'><strong>coinpotatione,</strong></span> <span class='ocrx_word' id='word_1_750' title='bbox 2938 4094 3224 4153; x_wconf 62' lang='lat' dir='ltr'><strong>i-militari</strong></span> <span class='ocrx_word' id='word_1_751' title='bbox 3260 4099 3446 4167; x_wconf 86' lang='lat' dir='ltr'><strong>utique</strong></span> 
     </span>
     <span class='ocr_line' id='line_1_105' title="bbox 1867 4180 2176 4221; baseline 0 0"><span class='ocrx_word' id='word_1_752' title='bbox 1867 4184 1922 4221; x_wconf 78' lang='lat'><strong>50</strong></span> <span class='ocrx_word' id='word_1_753' title='bbox 1968 4183 2044 4221; x_wconf 78' lang='lat' dir='ltr'><strong>l&#39;le</strong></span> <span class='ocrx_word' id='word_1_754' title='bbox 2069 4180 2176 4221; x_wconf 89' lang='lat' dir='ltr'><strong>ale.</strong></span> 
     </span>
    </p>
   </div>
   <div class='ocr_carea' id='block_1_102' title="bbox 1864 4177 2176 4223">
    <p class='ocr_par' dir='ltr' id='par_1_102' title="bbox 1864 4177 2176 4223">
     <span class='ocr_line' id='line_1_106' title="bbox 1864 4177 2176 4223; baseline 0.003 -1"><span class='ocrx_word' id='word_1_755' title='bbox 1864 4177 2176 4223; x_wconf 87' lang='lat' dir='ltr'><strong>sobrietate.</strong></span> 
     </span>
    </p>
   </div>
   <div class='ocr_carea' id='block_1_103' title="bbox 1936 4238 3446 4309">
    <p class='ocr_par' dir='ltr' id='par_1_103' title="bbox 1936 4238 3446 4309">
     <span class='ocr_line' id='line_1_107' title="bbox 1936 4238 3446 4309; baseline 0.002 -18"><span class='ocrx_word' id='word_1_756' title='bbox 1936 4238 2048 4309; x_wconf 77' lang='lat'><strong>(&#39;55)</strong></span> <span class='ocrx_word' id='word_1_757' title='bbox 2086 4239 2582 4307; x_wconf 74' lang='grc' dir='ltr'>Ψυχροποσίαν...</span> <span class='ocrx_word' id='word_1_758' title='bbox 2613 4240 2978 4309; x_wconf 66' lang='grc' dir='ltr'>ψυχροφόρῳ</span> <span class='ocrx_word' id='word_1_759' title='bbox 3009 4239 3231 4292; x_wconf 76' lang='grc' dir='ltr'>κύλικι.</span> <span class='ocrx_word' id='word_1_760' title='bbox 3261 4238 3446 4294; x_wconf 76' lang='lat' dir='ltr'><strong>Dillius</strong></span> 
     </span>
    </p>
   </div>
   <div class='ocr_carea' id='block_1_104' title="bbox 1867 4310 3441 4368">
    <p class='ocr_par' dir='ltr' id='par_1_104' title="bbox 1867 4310 3441 4368">
     <span class='ocr_line' id='line_1_108' title="bbox 1867 4310 3441 4368; baseline 0.001 -6"><span class='ocrx_word' id='word_1_761' title='bbox 1867 4323 1970 4362; x_wconf 86' lang='lat' dir='ltr'><strong>non</strong></span> <span class='ocrx_word' id='word_1_762' title='bbox 1997 4312 2207 4362; x_wconf 87' lang='lat' dir='ltr'><strong>videtur</strong></span> <span class='ocrx_word' id='word_1_763' title='bbox 2238 4310 2589 4368; x_wconf 79' lang='lat' dir='ltr'><strong>intellexisse.</strong></span> <span class='ocrx_word' id='word_1_764' title='bbox 2645 4325 2745 4363; x_wconf 85' lang='lat' dir='ltr'><strong>nec</strong></span> <span class='ocrx_word' id='word_1_765' title='bbox 2800 4323 2944 4364; x_wconf 87' lang='lat' dir='ltr'><strong>recte</strong></span> <span class='ocrx_word' id='word_1_766' title='bbox 2982 4313 3077 4363; x_wconf 85' lang='lat' dir='ltr'><strong>has</strong></span> <span class='ocrx_word' id='word_1_767' title='bbox 3135 4311 3441 4364; x_wconf 66' lang='lat' dir='ltr'><strong>reddidisse</strong></span> 
     </span>
    </p>
   </div>
   <div class='ocr_carea' id='block_1_105' title="bbox 1865 4380 3446 4450">
    <p class='ocr_par' dir='ltr' id='par_1_105' title="bbox 1865 4380 3446 4450">
     <span class='ocr_line' id='line_1_109' title="bbox 1865 4380 3446 4450; baseline 0.003 -20"><span class='ocrx_word' id='word_1_768' title='bbox 1865 4393 2046 4450; x_wconf 86' lang='lat' dir='ltr'><strong>voces,</strong></span> <span class='ocrx_word' id='word_1_769' title='bbox 2102 4380 2442 4450; x_wconf 82' lang='lat' dir='ltr'><strong>dum_vertit,</strong></span> <span class='ocrx_word' id='word_1_770' title='bbox 2495 4398 2513 4432; x_wconf 79' lang='grc' dir='ltr'><strong>ι</strong></span> <span class='ocrx_word' id='word_1_771' title='bbox 2558 4380 2763 4449; x_wconf 73' lang='lat' dir='ltr'><strong>frigida:</strong></span> <span class='ocrx_word' id='word_1_772' title='bbox 2793 4380 3145 4450; x_wconf 90' lang='lat' dir='ltr'><strong>potationem,</strong></span> <span class='ocrx_word' id='word_1_773' title='bbox 3194 4389 3248 4432; x_wconf 92' lang='lat' dir='ltr'><strong>et</strong></span> <span class='ocrx_word' id='word_1_774' title='bbox 3290 4395 3446 4448; x_wconf 76' lang='lat' dir='ltr'><strong>aquae</strong></span> 
     </span>
    </p>
   </div>
   <div class='ocr_carea' id='block_1_106' title="bbox 1865 4447 3439 4516">
    <p class='ocr_par' dir='ltr' id='par_1_106' title="bbox 1865 4447 3439 4516">
     <span class='ocr_line' id='line_1_110' title="bbox 1865 4447 3439 4516; baseline 0 -13"><span class='ocrx_word' id='word_1_775' title='bbox 1865 4449 2134 4516; x_wconf 87' lang='lat' dir='ltr'><strong>poculum.</strong></span> <span class='ocrx_word' id='word_1_776' title='bbox 2173 4467 2193 4500; x_wconf 83' lang='grc'>›</span> <span class='ocrx_word' id='word_1_777' title='bbox 2223 4447 2386 4503; x_wconf 86' lang='lat' dir='ltr'><strong>Certe</strong></span> <span class='ocrx_word' id='word_1_778' title='bbox 2413 4447 2722 4504; x_wconf 76' lang='lat' dir='ltr'><strong>Basiliusde</strong></span> <span class='ocrx_word' id='word_1_779' title='bbox 2751 4467 2769 4500; x_wconf 73' lang='grc' dir='ltr'><strong>ι</strong></span> <span class='ocrx_word' id='word_1_780' title='bbox 2795 4447 3043 4512; x_wconf 83' lang='lat' dir='ltr'><strong>meraco,</strong></span> <span class='ocrx_word' id='word_1_781' title='bbox 3064 4468 3084 4499; x_wconf 72' lang='grc' dir='ltr'><strong>ι</strong></span> <span class='ocrx_word' id='word_1_782' title='bbox 3107 4465 3200 4502; x_wconf 86' lang='lat' dir='ltr'><strong>seu</strong></span> <span class='ocrx_word' id='word_1_783' title='bbox 3229 4447 3439 4504; x_wconf 61' lang='lat' dir='ltr'><strong>«vino.»</strong></span> 
     </span>
    </p>
   </div>
   <div class='ocr_carea' id='block_1_107' title="bbox 1906 4517 3446 4584">
    <p class='ocr_par' dir='ltr' id='par_1_107' title="bbox 1906 4517 3446 4584">
     <span class='ocr_line' id='line_1_111' title="bbox 1906 4517 3446 4584; baseline 0.002 -14"><span class='ocrx_word' id='word_1_784' title='bbox 1906 4520 2006 4572; x_wconf 87' lang='lat' dir='ltr'><strong>uod</strong></span> <span class='ocrx_word' id='word_1_785' title='bbox 2041 4517 2226 4572; x_wconf 76' lang='lat' dir='ltr'><strong>Dillius</strong></span> <span class='ocrx_word' id='word_1_786' title='bbox 2259 4519 2325 4572; x_wconf 89' lang='lat' dir='ltr'><strong>de</strong></span> <span class='ocrx_word' id='word_1_787' title='bbox 2358 4537 2377 4569; x_wconf 72' lang='grc' dir='ltr'><strong>ι</strong></span> <span class='ocrx_word' id='word_1_788' title='bbox 2414 4536 2574 4584; x_wconf 87' lang='lat' dir='ltr'><strong>aqua,</strong></span> <span class='ocrx_word' id='word_1_789' title='bbox 2625 4539 2643 4571; x_wconf 71' lang='grc' dir='ltr'><strong>ι</strong></span> <span class='ocrx_word' id='word_1_790' title='bbox 2691 4521 3094 4584; x_wconf 85' lang='lat' dir='ltr'><strong>interpretatur.</strong></span> <span class='ocrx_word' id='word_1_791' title='bbox 3149 4519 3271 4573; x_wconf 75' lang='lat' dir='ltr'><strong>llzec</strong></span> <span class='ocrx_word' id='word_1_792' title='bbox 3318 4531 3446 4573; x_wconf 85' lang='lat' dir='ltr'><strong>sunt</strong></span> 
     </span>
    </p>
   </div>
   <div class='ocr_carea' id='block_1_108' title="bbox 1911 4587 3499 4661">
    <p class='ocr_par' dir='ltr' id='par_1_108' title="bbox 1911 4587 3499 4661">
     <span class='ocr_line' id='line_1_112' title="bbox 1911 4587 3499 4661; baseline 0.001 -21"><span class='ocrx_word' id='word_1_793' title='bbox 1911 4588 2048 4661; x_wconf 80' lang='lat' dir='ltr'><strong>asilii</strong></span> <span class='ocrx_word' id='word_1_794' title='bbox 2077 4591 2238 4642; x_wconf 82' lang='lat' dir='ltr'><strong>verba</strong></span> <span class='ocrx_word' id='word_1_795' title='bbox 2274 4605 2287 4639; x_wconf 91' lang='lat'><strong>:</strong></span> <span class='ocrx_word' id='word_1_796' title='bbox 2333 4589 2485 4661; x_wconf 71' lang='grc' dir='ltr'>Μετὰ</span> <span class='ocrx_word' id='word_1_797' title='bbox 2521 4591 2619 4661; x_wconf 85' lang='grc' dir='ltr'>τὴν</span> <span class='ocrx_word' id='word_1_798' title='bbox 2651 4587 2851 4660; x_wconf 83' lang='grc' dir='ltr'>πολλὴν</span> <span class='ocrx_word' id='word_1_799' title='bbox 2903 4588 3254 4661; x_wconf 83' lang='grc' dir='ltr'>κεκραμένην</span> <span class='ocrx_word' id='word_1_800' title='bbox 3307 4590 3447 4661; x_wconf 48' lang='lat' dir='ltr'><strong>alvo:</strong></span> <span class='ocrx_word' id='word_1_801' title='bbox 3487 4648 3499 4658; x_wconf 46' lang='grc' dir='ltr'><strong><em>ο</em></strong></span> 
     </span>
    </p>
   </div>
   <div class='ocr_carea' id='block_1_109' title="bbox 1866 4658 3446 4732">
    <p class='ocr_par' dir='ltr' id='par_1_109' title="bbox 1866 4658 3446 4732">
     <span class='ocr_line' id='line_1_113' title="bbox 1866 4658 3446 4732; baseline 0.001 -22"><span class='ocrx_word' id='word_1_802' title='bbox 1866 4658 2062 4732; x_wconf 75' lang='grc' dir='ltr'>ποσίαν</span> <span class='ocrx_word' id='word_1_803' title='bbox 2090 4661 2156 4732; x_wconf 65' lang='grc' dir='ltr'><strong>τῇ</strong></span> <span class='ocrx_word' id='word_1_804' title='bbox 2216 4659 2435 4732; x_wconf 78' lang='grc' dir='ltr'>συνήθει</span> <span class='ocrx_word' id='word_1_805' title='bbox 2469 4658 3446 4732; x_wconf 27' lang='grc' dir='ltr'>ἐκέχρηντο’ἀκρατοποσὶαζιῖιυχροῦ</span> 
     </span>
    </p>
   </div>
   <div class='ocr_carea' id='block_1_110' title="bbox 1865 4726 3448 4800">
    <p class='ocr_par' dir='ltr' id='par_1_110' title="bbox 1865 4726 3448 4800">
     <span class='ocr_line' id='line_1_114' title="bbox 1865 4726 3448 4800; baseline 0 -18"><span class='ocrx_word' id='word_1_806' title='bbox 1865 4729 2026 4782; x_wconf 73' lang='grc' dir='ltr'>οἴνου·</span> <span class='ocrx_word' id='word_1_807' title='bbox 2069 4726 2186 4782; x_wconf 73' lang='grc' dir='ltr'>εἶτα</span> <span class='ocrx_word' id='word_1_808' title='bbox 2219 4731 2298 4792; x_wconf 85' lang='grc' dir='ltr'><strong>είς</strong></span> <span class='ocrx_word' id='word_1_809' title='bbox 2326 4726 2741 4800; x_wconf 62' lang='grc' dir='ltr'>ὀνόματάίτινες</span> <span class='ocrx_word' id='word_1_810' title='bbox 2771 4726 3188 4800; x_wconf 71' lang='grc' dir='ltr'>ἀναϐλέψαντες</span> <span class='ocrx_word' id='word_1_811' title='bbox 3208 4726 3448 4800; x_wconf 74' lang='grc' dir='ltr'>Χριστὸν</span> 
     </span>
    </p>
   </div>
   <div class='ocr_carea' id='block_1_111' title="bbox 1865 4799 3442 4870">
    <p class='ocr_par' dir='ltr' id='par_1_111' title="bbox 1865 4799 3442 4870">
     <span class='ocr_line' id='line_1_115' title="bbox 1865 4799 3442 4870; baseline 0.001 -18"><span class='ocrx_word' id='word_1_812' title='bbox 1865 4800 2127 4870; x_wconf 83' lang='grc' dir='ltr'>εὐφήμως</span> <span class='ocrx_word' id='word_1_813' title='bbox 2170 4799 2431 4852; x_wconf 28' lang='grc' dir='ltr'>ἀνεῖπον-ί</span> <span class='ocrx_word' id='word_1_814' title='bbox 2460 4800 2653 4853; x_wconf 79' lang='grc' dir='ltr'>ἐπειτά</span> <span class='ocrx_word' id='word_1_815' title='bbox 2688 4817 2775 4862; x_wconf 87' lang='grc' dir='ltr'><strong>τις</strong></span> <span class='ocrx_word' id='word_1_816' title='bbox 2812 4799 2919 4852; x_wconf 82' lang='grc' dir='ltr'><strong>τῶν</strong></span> <span class='ocrx_word' id='word_1_817' title='bbox 2963 4799 3442 4870; x_wconf 73' lang='grc' dir='ltr'>συμποταζόντωψ</span> 
     </span>
    </p>
   </div>
   <div class='ocr_carea' id='block_1_112' title="bbox 1865 4869 3440 4942">
    <p class='ocr_par' dir='ltr' id='par_1_112' title="bbox 1865 4869 3440 4942">
     <span class='ocr_line' id='line_1_116' title="bbox 1865 4869 3440 4942; baseline 0.001 -19"><span class='ocrx_word' id='word_1_818' title='bbox 1865 4869 2020 4942; x_wconf 67' lang='grc' dir='ltr'>Μετὰ</span> <span class='ocrx_word' id='word_1_819' title='bbox 2051 4871 2149 4942; x_wconf 75' lang='grc' dir='ltr'>τὴν</span> <span class='ocrx_word' id='word_1_820' title='bbox 2180 4871 2426 4941; x_wconf 77' lang='grc' dir='ltr'>ἄρνησιν,</span> <span class='ocrx_word' id='word_1_821' title='bbox 2462 4871 2607 4942; x_wconf 17' lang='grc' dir='ltr'>νέφη,</span> <span class='ocrx_word' id='word_1_822' title='bbox 2644 4870 2878 4942; x_wconf 81' lang='grc' dir='ltr'>Χριστὸν</span> <span class='ocrx_word' id='word_1_823' title='bbox 2919 4869 3301 4935; x_wconf 76' lang='grc' dir='ltr'>ἐπικαλεῖσθε;</span> <span class='ocrx_word' id='word_1_824' title='bbox 3333 4882 3440 4942; x_wconf 82' lang='lat' dir='ltr'><strong>etc.</strong></span> 
     </span>
    </p>
   </div>
   <div class='ocr_carea' id='block_1_113' title="bbox 1875 4939 3445 5009">
    <p class='ocr_par' dir='ltr' id='par_1_113' title="bbox 1875 4939 3445 5009">
     <span class='ocr_line' id='line_1_117' title="bbox 1875 4939 3445 5009; baseline 0.001 -18"><span class='ocrx_word' id='word_1_825' title='bbox 1875 4957 1895 4991; x_wconf 70' lang='grc' dir='ltr'><strong>ι</strong></span> <span class='ocrx_word' id='word_1_826' title='bbox 1934 4939 2060 4995; x_wconf 85' lang='lat' dir='ltr'><strong>Post</strong></span> <span class='ocrx_word' id='word_1_827' title='bbox 2091 4939 2470 5009; x_wconf 82' lang='lat' dir='ltr'><strong>longatntnisti</strong></span> <span class='ocrx_word' id='word_1_828' title='bbox 2511 4939 2620 4995; x_wconf 83' lang='lat' dir='ltr'><strong>vini</strong></span> <span class='ocrx_word' id='word_1_829' title='bbox 2661 4939 2715 4994; x_wconf 81' lang='lat' dir='ltr'><strong>et</strong></span> <span class='ocrx_word' id='word_1_830' title='bbox 2755 4944 3040 5009; x_wconf 87' lang='lat' dir='ltr'><strong>temperati</strong></span> <span class='ocrx_word' id='word_1_831' title='bbox 3085 4941 3445 5009; x_wconf 82' lang='lat' dir='ltr'><strong>compotatio-</strong></span> 
     </span>
    </p>
   </div>
   <div class='ocr_carea' id='block_1_114' title="bbox 1869 5011 3442 5080">
    <p class='ocr_par' dir='ltr' id='par_1_114' title="bbox 1869 5011 3442 5080">
     <span class='ocr_line' id='line_1_118' title="bbox 1869 5011 3442 5080; baseline 0.002 -17"><span class='ocrx_word' id='word_1_832' title='bbox 1869 5023 2013 5075; x_wconf 89' lang='lat' dir='ltr'><strong>nem,</strong></span> <span class='ocrx_word' id='word_1_833' title='bbox 2044 5025 2318 5062; x_wconf 79' lang='lat' dir='ltr'><strong>nteracum</strong></span> <span class='ocrx_word' id='word_1_834' title='bbox 2365 5011 2432 5064; x_wconf 89' lang='lat' dir='ltr'><strong>de</strong></span> <span class='ocrx_word' id='word_1_835' title='bbox 2465 5027 2614 5066; x_wconf 87' lang='lat' dir='ltr'><strong>more</strong></span> <span class='ocrx_word' id='word_1_836' title='bbox 2652 5013 3015 5080; x_wconf 79' lang='lat' dir='ltr'><strong>l&#39;rigidnntque</strong></span> <span class='ocrx_word' id='word_1_837' title='bbox 3052 5012 3442 5066; x_wconf 86' lang='lat' dir='ltr'><strong>adhibuerunt.</strong></span> 
     </span>
    </p>
   </div>
   <div class='ocr_carea' id='block_1_115' title="bbox 1871 5080 3443 5148">
    <p class='ocr_par' dir='ltr' id='par_1_115' title="bbox 1871 5080 3443 5148">
     <span class='ocr_line' id='line_1_119' title="bbox 1871 5080 3443 5148; baseline 0 -15"><span class='ocrx_word' id='word_1_838' title='bbox 1871 5081 2070 5133; x_wconf 87' lang='lat' dir='ltr'><strong>Deinde</strong></span> <span class='ocrx_word' id='word_1_839' title='bbox 2093 5080 2158 5133; x_wconf 87' lang='lat' dir='ltr'><strong>ad</strong></span> <span class='ocrx_word' id='word_1_840' title='bbox 2190 5081 2560 5136; x_wconf 89' lang='lat' dir='ltr'><strong>invocationes</strong></span> <span class='ocrx_word' id='word_1_841' title='bbox 2603 5084 2874 5143; x_wconf 83' lang='lat' dir='ltr'><strong>conversi,</strong></span> <span class='ocrx_word' id='word_1_842' title='bbox 2913 5081 3132 5148; x_wconf 81' lang='lat' dir='ltr'><strong>quidam</strong></span> <span class='ocrx_word' id='word_1_843' title='bbox 3165 5080 3443 5135; x_wconf 85' lang='lat' dir='ltr'><strong>Christum</strong></span> 
     </span>
    </p>
   </div>
   <div class='ocr_carea' id='block_1_116' title="bbox 1868 5150 3440 5220">
    <p class='ocr_par' dir='ltr' id='par_1_116' title="bbox 1868 5150 3440 5220">
     <span class='ocr_line' id='line_1_120' title="bbox 1868 5150 3440 5220; baseline 0.003 -19"><span class='ocrx_word' id='word_1_844' title='bbox 1868 5150 1953 5220; x_wconf 90' lang='lat' dir='ltr'><strong>pie</strong></span> <span class='ocrx_word' id='word_1_845' title='bbox 1974 5159 2258 5220; x_wconf 66' lang='lat' dir='ltr'><strong>coeperunt</strong></span> <span class='ocrx_word' id='word_1_846' title='bbox 2290 5151 2578 5218; x_wconf 88' lang='lat' dir='ltr'><strong>appellare.</strong></span> <span class='ocrx_word' id='word_1_847' title='bbox 2609 5151 2744 5204; x_wconf 90' lang='lat' dir='ltr'><strong>Tum</strong></span> <span class='ocrx_word' id='word_1_848' title='bbox 2776 5153 3157 5205; x_wconf 88' lang='lat' dir='ltr'><strong>combiboumn</strong></span> <span class='ocrx_word' id='word_1_849' title='bbox 3195 5152 3391 5220; x_wconf 86' lang='lat' dir='ltr'><strong>aliquis</strong></span> <span class='ocrx_word' id='word_1_850' title='bbox 3424 5169 3440 5205; x_wconf 86' lang='lat'><strong>:</strong></span> 
     </span>
    </p>
   </div>
   <div class='ocr_carea' id='block_1_117' title="bbox 1868 5219 3446 5291">
    <p class='ocr_par' dir='ltr' id='par_1_117' title="bbox 1868 5219 3446 5291">
     <span class='ocr_line' id='line_1_121' title="bbox 1868 5219 3446 5291; baseline 0.003 -20"><span class='ocrx_word' id='word_1_851' title='bbox 1868 5219 2030 5286; x_wconf 85' lang='lat' dir='ltr'><strong>Quid,</strong></span> <span class='ocrx_word' id='word_1_852' title='bbox 2059 5221 2250 5291; x_wconf 88' lang='lat' dir='ltr'><strong>inquit,</strong></span> <span class='ocrx_word' id='word_1_853' title='bbox 2284 5231 2566 5290; x_wconf 86' lang='lat' dir='ltr'><strong>postquam</strong></span> <span class='ocrx_word' id='word_1_854' title='bbox 2602 5225 2841 5291; x_wconf 76' lang='lat' dir='ltr'><strong>negastis</strong></span> <span class='ocrx_word' id='word_1_855' title='bbox 2870 5221 3166 5286; x_wconf 79' lang='lat' dir='ltr'><strong>Christum,</strong></span> <span class='ocrx_word' id='word_1_856' title='bbox 3192 5219 3446 5275; x_wconf 86' lang='lat' dir='ltr'><strong>eumdem</strong></span> 
     </span>
    </p>
   </div>
   <div class='ocr_carea' id='block_1_118' title="bbox 1870 5289 3442 5356">
    <p class='ocr_par' dir='ltr' id='par_1_118' title="bbox 1870 5289 3442 5356">
     <span class='ocr_line' id='line_1_122' title="bbox 1870 5289 3442 5356; baseline -0.001 -12"><span class='ocrx_word' id='word_1_857' title='bbox 1870 5289 2211 5344; x_wconf 68' lang='lat' dir='ltr'><strong>invocatis?»</strong></span> <span class='ocrx_word' id='word_1_858' title='bbox 2239 5289 2346 5345; x_wconf 87' lang='lat' dir='ltr'><strong>etc.</strong></span> <span class='ocrx_word' id='word_1_859' title='bbox 2375 5291 2645 5356; x_wconf 81' lang='lat' dir='ltr'><strong>Quantum</strong></span> <span class='ocrx_word' id='word_1_860' title='bbox 2682 5289 2844 5345; x_wconf 76' lang='lat' dir='ltr'><strong>distet</strong></span> <span class='ocrx_word' id='word_1_861' title='bbox 2869 5307 2897 5344; x_wconf 91' lang='lat' dir='ltr'><strong>a</strong></span> <span class='ocrx_word' id='word_1_862' title='bbox 2935 5293 3201 5345; x_wconf 88' lang='lat' dir='ltr'><strong>sententia</strong></span> <span class='ocrx_word' id='word_1_863' title='bbox 3236 5291 3442 5354; x_wconf 84' lang='lat' dir='ltr'><strong>Basilii,</strong></span> 
     </span>
    </p>
   </div>
   <div class='ocr_carea' id='block_1_119' title="bbox 1871 5361 3448 5430">
    <p class='ocr_par' dir='ltr' id='par_1_119' title="bbox 1871 5361 3448 5430">
     <span class='ocr_line' id='line_1_123' title="bbox 1871 5361 3448 5430; baseline 0.001 -17"><span class='ocrx_word' id='word_1_864' title='bbox 1871 5362 2244 5427; x_wconf 86' lang='lat' dir='ltr'><strong>interpretatio</strong></span> <span class='ocrx_word' id='word_1_865' title='bbox 2271 5361 2432 5425; x_wconf 74' lang='lat' dir='ltr'><strong>Billii,</strong></span> <span class='ocrx_word' id='word_1_866' title='bbox 2464 5377 2621 5416; x_wconf 91' lang='lat' dir='ltr'><strong>nemo</strong></span> <span class='ocrx_word' id='word_1_867' title='bbox 2657 5378 2762 5417; x_wconf 86' lang='lat' dir='ltr'><strong>non</strong></span> <span class='ocrx_word' id='word_1_868' title='bbox 2799 5361 3062 5430; x_wconf 86' lang='lat' dir='ltr'><strong>intelligit.</strong></span> <span class='ocrx_word' id='word_1_869' title='bbox 3089 5361 3294 5414; x_wconf 87' lang='lat' dir='ltr'><strong>Revera</strong></span> <span class='ocrx_word' id='word_1_870' title='bbox 3314 5377 3448 5415; x_wconf 78' lang='lat' dir='ltr'><strong>voce</strong></span> 
     </span>
    </p>
   </div>
   <div class='ocr_carea' id='block_1_120' title="bbox 1867 5430 3446 5503">
    <p class='ocr_par' dir='ltr' id='par_1_120' title="bbox 1867 5430 3446 5503">
     <span class='ocr_line' id='line_1_124' title="bbox 1867 5430 3446 5503; baseline -0.001 -18"><span class='ocrx_word' id='word_1_871' title='bbox 1867 5431 2106 5503; x_wconf 80' lang='grc' dir='ltr'>ἄκρατον</span> <span class='ocrx_word' id='word_1_872' title='bbox 2123 5434 2268 5503; x_wconf 87' lang='lat' dir='ltr'><strong>apud</strong></span> <span class='ocrx_word' id='word_1_873' title='bbox 2287 5433 2744 5503; x_wconf 83' lang='lat' dir='ltr'><strong>antiquosaquatn</strong></span> <span class='ocrx_word' id='word_1_874' title='bbox 2768 5430 3063 5500; x_wconf 80' lang='lat' dir='ltr'><strong>significari</strong></span> <span class='ocrx_word' id='word_1_875' title='bbox 3084 5434 3364 5496; x_wconf 79' lang='lat' dir='ltr'><strong>novimus;</strong></span> <span class='ocrx_word' id='word_1_876' title='bbox 3388 5443 3446 5484; x_wconf 84' lang='lat' dir='ltr'><strong>at</strong></span> 
     </span>
    </p>
   </div>
   <div class='ocr_carea' id='block_1_121' title="bbox 1870 5501 3446 5574">
    <p class='ocr_par' dir='ltr' id='par_1_121' title="bbox 1870 5501 3446 5574">
     <span class='ocr_line' id='line_1_125' title="bbox 1870 5501 3446 5574; baseline 0.001 -21"><span class='ocrx_word' id='word_1_877' title='bbox 1870 5501 2142 5574; x_wconf 83' lang='lat' dir='ltr'><strong>nunquam</strong></span> <span class='ocrx_word' id='word_1_878' title='bbox 2172 5502 2274 5557; x_wconf 89' lang='lat' dir='ltr'><strong>nisi</strong></span> <span class='ocrx_word' id='word_1_879' title='bbox 2305 5505 2490 5556; x_wconf 77' lang='lat' dir='ltr'><strong>addito</strong></span> <span class='ocrx_word' id='word_1_880' title='bbox 2529 5501 2696 5574; x_wconf 81' lang='grc' dir='ltr'>ὕδωρ,</span> <span class='ocrx_word' id='word_1_881' title='bbox 2735 5512 2794 5556; x_wconf 84' lang='grc' dir='ltr'><strong>ιιι</strong></span> <span class='ocrx_word' id='word_1_882' title='bbox 2837 5516 3036 5570; x_wconf 89' lang='lat' dir='ltr'><strong>anceps</strong></span> <span class='ocrx_word' id='word_1_883' title='bbox 3080 5503 3300 5574; x_wconf 83' lang='lat' dir='ltr'><strong>tollatur</strong></span> <span class='ocrx_word' id='word_1_884' title='bbox 3320 5518 3446 5557; x_wconf 81' lang='lat' dir='ltr'><strong>scn-</strong></span> 
     </span>
    </p>
   </div>
   <div class='ocr_carea' id='block_1_122' title="bbox 1869 5571 3444 5642">
    <p class='ocr_par' dir='ltr' id='par_1_122' title="bbox 1869 5571 3444 5642">
     <span class='ocr_line' id='line_1_126' title="bbox 1869 5571 3444 5642; baseline -0.001 -15"><span class='ocrx_word' id='word_1_885' title='bbox 1869 5587 1983 5642; x_wconf 84' lang='lat' dir='ltr'><strong>sus.</strong></span> <span class='ocrx_word' id='word_1_886' title='bbox 2016 5571 2116 5642; x_wconf 80' lang='lat' dir='ltr'><strong>Qui</strong></span> <span class='ocrx_word' id='word_1_887' title='bbox 2154 5586 2314 5626; x_wconf 90' lang='lat' dir='ltr'><strong>nosse</strong></span> <span class='ocrx_word' id='word_1_888' title='bbox 2343 5574 2488 5642; x_wconf 87' lang='lat' dir='ltr'><strong>cupit</strong></span> <span class='ocrx_word' id='word_1_889' title='bbox 2511 5588 2630 5642; x_wconf 79' lang='lat' dir='ltr'><strong>qua:</strong></span> <span class='ocrx_word' id='word_1_890' title='bbox 2646 5571 2899 5627; x_wconf 77' lang='lat' dir='ltr'><strong>veterum</strong></span> <span class='ocrx_word' id='word_1_891' title='bbox 2940 5576 3012 5626; x_wconf 87' lang='lat' dir='ltr'><strong>sit</strong></span> <span class='ocrx_word' id='word_1_892' title='bbox 3057 5572 3324 5627; x_wconf 84' lang='lat' dir='ltr'><strong>sententia</strong></span> <span class='ocrx_word' id='word_1_893' title='bbox 3375 5577 3444 5626; x_wconf 85' lang='lat' dir='ltr'><strong>de</strong></span> 
     </span>
    </p>
   </div>
   <div class='ocr_carea' id='block_1_123' title="bbox 1867 5640 3442 5712">
    <p class='ocr_par' dir='ltr' id='par_1_123' title="bbox 1867 5640 3442 5712">
     <span class='ocr_line' id='line_1_127' title="bbox 1867 5640 3442 5712; baseline 0.001 -15"><span class='ocrx_word' id='word_1_894' title='bbox 1867 5641 2058 5697; x_wconf 86' lang='lat' dir='ltr'><strong>calidis</strong></span> <span class='ocrx_word' id='word_1_895' title='bbox 2089 5640 2425 5712; x_wconf 76' lang='lat' dir='ltr'><strong>frigidisque</strong></span> <span class='ocrx_word' id='word_1_896' title='bbox 2470 5640 2802 5712; x_wconf 79' lang='lat' dir='ltr'><strong>potionibus,</strong></span> <span class='ocrx_word' id='word_1_897' title='bbox 2851 5643 2992 5712; x_wconf 84' lang='lat' dir='ltr'><strong>legat</strong></span> <span class='ocrx_word' id='word_1_898' title='bbox 3016 5643 3124 5698; x_wconf 79' lang='lat' dir='ltr'><strong>Jul.</strong></span> <span class='ocrx_word' id='word_1_899' title='bbox 3160 5642 3316 5709; x_wconf 86' lang='lat' dir='ltr'><strong>Poll.,</strong></span> <span class='ocrx_word' id='word_1_900' title='bbox 3348 5643 3442 5698; x_wconf 85' lang='lat' dir='ltr'><strong>lib.</strong></span> 
     </span>
    </p>
   </div>
   <div class='ocr_carea' id='block_1_124' title="bbox 1870 5711 3444 5784">
    <p class='ocr_par' dir='ltr' id='par_1_124' title="bbox 1870 5711 3444 5784">
     <span class='ocr_line' id='line_1_128' title="bbox 1870 5711 3444 5784; baseline -0.001 -16"><span class='ocrx_word' id='word_1_901' title='bbox 1870 5729 1920 5768; x_wconf 70' lang='grc' dir='ltr'>ιι</span> <span class='ocrx_word' id='word_1_902' title='bbox 1944 5730 1959 5782; x_wconf 86' lang='grc'><strong>;</strong></span> <span class='ocrx_word' id='word_1_903' title='bbox 1989 5711 2148 5778; x_wconf 80' lang='lat' dir='ltr'><strong>Plin.,</strong></span> <span class='ocrx_word' id='word_1_904' title='bbox 2173 5711 2265 5770; x_wconf 84' lang='lat' dir='ltr'><strong>lib.</strong></span> <span class='ocrx_word' id='word_1_905' title='bbox 2285 5729 2435 5778; x_wconf 75' lang='lat' dir='ltr'><strong>xxxi,</strong></span> <span class='ocrx_word' id='word_1_906' title='bbox 2461 5711 2510 5768; x_wconf 87' lang='lat' dir='ltr'><strong>c.</strong></span> <span class='ocrx_word' id='word_1_907' title='bbox 2538 5715 2602 5782; x_wconf 79' lang='lat'><strong>5;</strong></span> <span class='ocrx_word' id='word_1_908' title='bbox 2629 5713 2852 5781; x_wconf 77' lang='lat' dir='ltr'><strong>Athen.,</strong></span> <span class='ocrx_word' id='word_1_909' title='bbox 2876 5711 3216 5784; x_wconf 73' lang='lat' dir='ltr'><strong>Dipnoroplt.,</strong></span> <span class='ocrx_word' id='word_1_910' title='bbox 3243 5715 3333 5769; x_wconf 89' lang='lat' dir='ltr'><strong>lib.</strong></span> <span class='ocrx_word' id='word_1_911' title='bbox 3357 5729 3444 5779; x_wconf 89' lang='lat' dir='ltr'><strong>ut,</strong></span> 
     </span>
    </p>
   </div>
  </div>
