3878 6398
214 291 326 347 ϐίὸ
1197 285 1453 341 ΟΙΗἸῚΟ
1495 285 1582 341 IV.
1625 316 1695 325 ——
1734 285 1769 338 C

1880 284 2008 337 TR.\
2048 284 2395 341 JULIANUM
2438 286 2478 339 l.
3352 295 3458 352 ϐυ

206 404 339 458 .illos
364 401 664 457 interﬁcere
692 400 948 463 noluisse,
993 415 1058 454 ne
1105 412 1371 471 martyres
1402 400 1767 464 edicerentur,
1810 401 1921 470 qui.
1975 411 2233 469 quantum
2303 404 2355 456 in
2396 403 2526 471 ipsis
2579 412 2717 468 erat,
2754 415 3021 476 martyres
3051 417 3229 473 erant,
3265 413 3460 467 exsilio

221 505 398 548 tamen
431 492 718 547 mulctasse
755 506 819 545 ac
854 506 1008 560 paena
1036 505 1096 543 ea
1128 490 1416 544 vindictam
1452 491 1767 559 smnpsisse,
1808 492 2150 561 maximoque
2210 507 2305 548 eos
2368 494 2629 549 beneﬁcio
2672 494 2943 561 affecisse,
2992 513 3127 567 quos
3156 516 3185 552 a
3219 503 3457 571 piaculis

217 588 331 642 suis
358 585 693 654 versutisque
720 584 960 639 consiliis
1000 582 1187 651 procul
1223 584 1557 638 removisset.
1924 579 1931 587 ’

286 677 411 729 IIE'.
445 675 663 745 Καίπερ
685 674 749 743 δὴ
780 672 889 743 (48)
913 670 1084 735 οὑτως
1110 669 1250 740 ἔχων
1280 673 1476 744 ὁρμῆς,
1523 672 1619 726 καὶ
1661 671 1769 742 πρὸ.

1966 663 2230 720 LXXXV.
2276 664 2381 719 Sed
2413 680 2720 737 quanquam
2756 685 2818 723 ea
2846 686 3021 726 meme
3051 684 3211 739 esset,
3251 675 3458 745 haeque

216 768 387 822 πολλά
425 771 490 838 τῇ
540 766 795 836 κακονοίᾳ
832 763 1195 833 χρησάμενος
1243 764 1412 834 ὅμως,
1448 765 1510 816 οὑ
1533 764 1639 835 γὰρ
1674 760 1769 833 εἶχε

1890 756 2053 811 animi
2097 754 2426 824 malignitate
2474 770 2539 809 ac
2591 758 2800 813 vafritie
2856 762 2923 813 ad
2972 766 3134 816 multa
3183 776 3454 836 uteretur,

214 858 376 928 πῆξιν
409 855 503 909 τοῦ
532 854 723 925 ἀνδρὸς
768 855 801 924 ή
839 853 1064 916 διάνοια,
1097 853 1219 905 οὑδὲ
1259 853 1367 906 τῶν
1402 855 1617 907 οίκείων
1646 853 1769 922 λογιι

1891 856 2093 909 tamen,
2124 856 2183 898 ut
2211 847 2303 915 qui
2347 846 2548 901 nullam
2580 850 3087 907 animi-ﬁrmitatem
3120 867 3172 910 et
3204 868 3458 914 constan-

213 950 364 1019 σμῶν
390 948 588 1019 μᾶλλον
612 942 680 1017 ἦν
713 945 744 1016 ἢ
781 945 881 1014 τῆς
912 945 1082 1015 φορᾶς
1119 943 1212 997 τοῦ
1258 945 1530 1015 δαίμονος,
1592 946 1653 998 οὑ
1701 946 1769 998 δι-

1900 938 2025 991 tiam
2058 937 2302 1000 haberet,
2328 953 2428 993 nec
2453 951 2559 1013 tam
2579 941 2931 1010 cogitationes
2954 959 3017 997 ac
3051 947 3284 1001 rationes
3307 966 3452 1013 snas,

212 1040 590 1111 εφύλαξενῖείς
613 1037 762 1101 τέλος
792 1036 889 1108 τὴν
910 1036 1153 1106 γνώμην,
1183 1036 1302 1089 οὑδὲ
1322 1036 1491 1108 τὸτῆς
1520 1038 1782 1109 πονηρίας

210 1135 520 1203 ἀπόρρητον
555 1126 867 1183 διεσώσατο·
911 1127 1025 1180 ἀλλ’
1064 1126 1251 1199 ὥσπερ
1294 1128 1354 1180 τὸ
1381 1129 1629 1182 Αἰτναῖον
1670 1128 1781 1200 πῦρ

211 1225 369 1290 λόγος
406 1224 519 1284 τοῖς
564 1219 800 1289 πυθμέσι
844 1218 945 1289 τῆς
979 1218 1176 1290 Αἴτνης
1210 1218 1322 1288 (49)
1354 1218 1777 1288 ὲγκρύπτεσθαι,

212 1314 456 1370 κάτωθεν
508 1308 869 1381 πλημμυροῦν
897 1310 989 1363 καὶ
1032 1308 1123 1380 βίᾳ
1150 1308 1539 1381 κρατούμενον,
1570 1308 1679 1362 εἴτε
1726 1326 1779 1362 τι

206 1409 338 1462 ἄλλο
372 1406 526 1459 τοῦτό
552 1408 720 1466 ἐστιν,
749 1406 858 1456 εἴτε
895 1398 1082 1473 ἆσθμα
1108 1402 1471 1473 κολαζομένου
1502 1402 1777 1471 γίγαντος,

208 1501 347 1563 τέως
380 1502 481 1570 μὲν
530 1495 757 1567 φοϐερὸν
792 1496 1041 1565 ὑπηχεῖν,
1089 1495 1184 1548 καὶ
1226 1493 1428 1547 καπνὸν
1460 1492 1554 1546 τοῦ
1604 1492 1775 1547 κακοῦ

208 1594 437 1660 μήνυμα
459 1587 557 1657 τῆς
586 1585 828 1658 κορυφῆς
858 1582 1280 1657 ἀπερεύγεσθαι·
1305 1585 1354 1637 εί
1388 1582 1445 1636 δέ
1472 1600 1574 1636 που
1615 1581 1775 1635 πλεο-

204 1682 378 1734 νάσαν
420 1679 571 1749 τύχοι
603 1678 697 1731 καὶ
739 1675 1100 1730 δυσκάθεκτον
1136 1675 1365 1744 γένοιτο,
1404 1674 1513 1728 τῶν
1564 1674 1775 1728 οἰκείων

204 1772 421 1825 κόλπων
460 1768 821 1840 ἀποϐρασθὲν,
849 1766 961 1820 ἀνω
1008 1766 1305 1836 φερόμενον
1336 1765 1432 1819 καὶ
1478 1765 1620 1837 ὑπὲρ
1647 1766 1776 1829 τοὺς

203 1861 483 1930 κρατῆρας
502 1857 777 1929 χεόμενον,
810 1856 956 1909 ἐστιν
981 1855 1016 1909 ἃ
1042 1856 1134 1908 καὶ
1163 1856 1261 1926 τῆς
1292 1855 1656 1927 ὑποκειμένης
1670 1854 1773 1927 γῆς

202 1952 445 2023 φθείρειν
458 1948 670 2019 ἀπίστῳ
698 1948 807 2017 (50)
824 1948 918 2000 καὶ
948 1946 1163 2019 φοϐερῷ
1197 1946 1448 2016 ῥεύματι·
1486 1946 1627 2000 οὑτω
1656 1947 1772 2000 κά-

1887 1046 2049 1099 quam
2078 1031 2339 1086 darmonis
2368 1032 2624 1101 impetum
2653 1048 2991 1102 sequeretur,
3026 1054 3360 1108 nequaquam
3388 1046 3453 1097 ad

1886 1137 2187 1181 extremum
2216 1140 2385 1196 usque
2417 1128 2470 1181 in
2498 1130 2820 1183 sententiam
2860 1133 3090 1197 mansit,
3150 1153 3246 1190 nec
3276 1139 3454 1206 pravi-

1889 1217 2015 1270 tatis
2039 1232 2292 1271 arcanum
2328 1218 2568 1272 retinuit.
2605 1221 2825 1285 Verum,
2856 1227 3306 1290 quemadmodum
3330 1229 3454 1283 Ait—

1887 1326 2059 1363 narum
2115 1310 2287 1381 ignem
2326 1321 2548 1365 narrant
2573 1311 2751 1368 Aﬁtnm
2780 1316 3051 1372 radicibus
3076 1320 3355 1386 abscondi,
3383 1323 3450 1374 ab
3504 1340 3507 1345 ν

1884 1402 1989 1456 ima
2021 1413 2172 1472 parte
2201 1404 2582 1469 exuudantem,
2616 1420 2680 1459 ac
2728 1406 2775 1459 vi
2810 1417 3076 1462 retentum
3109 1421 3271 1479 atque
3298 1428 3451 1466 com-

1883 1505 2154 1559 pressum,
2184 1492 2299 1546 sive
2328 1491 2431 1546 hoc
2460 1493 2604 1546 aliud
2632 1495 2902 1565 quidpiam
2931 1508 3036 1559 est,
3079 1500 3192 1554 sive
3217 1502 3449 1571 gigantis

1881 1596 2067 1651 pmnas
2111 1583 2288 1637 dantis
2320 1585 2612 1650 anhelitus,
2664 1589 2815 1656 prius
2848 1589 3063 1658 quidem
3116 1593 3444 1650 horrendum

1880 1674 2165 1743 quemdam
2195 1689 2387 1730 sonum
2417 1678 2598 1743 edere,
2632 1677 2963 1749 fumumque,
2994 1684 3280 1755 propinqui
3315 1688 3442 1741 mali

1880 1764 2132 1827 indicem,
2160 1766 2358 1819 vertice
2382 1781 2480 1821 suo
2510 1782 2759 1823 evomere
2787 1786 2801 1822 :
2828 1770 2968 1839 quod
2995 1772 3039 1826 si
3067 1773 3203 1829 forte
3219 1776 3446 1845 amplior

1877 1863 1930 1909 et
1963 1855 2346 1909 exnberantior
2374 1854 2557 1922 fuerit,
2600 1859 2964 1931 rapidiorque,
3014 1879 3176 1934 quam
3207 1876 3262 1918 ut
3288 1882 3444 1922 coer-

1878 1947 1987 2001 Ceri
2018 1956 2205 2015 queat,
2251 1956 2364 2001 tum
2406 1962 2536 2005 vero
2569 1950 2779 2007 sinibus
2828 1953 2940 2008 suis
2969 1965 3102 2009 testu
3140 1957 3441 2014 vehementi

200 2046 382 2096 κεῖνον
412 2042 559 2094 ἐστιν
586 2040 787 2111 εὑρεῖν,
810 2039 937 2109 ἄχρι
968 2039 1065 2109 μέν
1091 2055 1235 2101 τινος
1263 2038 1456 2097 ἑαυτοῦ
1487 2039 1599 2111 (5i)
1640 2055 1769 2111 κρα-

1880 2047 2513 2110 extrusum,sursumque
2536 2046 2860 2108 tendentem,
2894 2061 2957 2100 ac
2985 2062 3142 2116 supra
3173 2049 3433 2105 foramina

198 2131 399 2185 τοῦντα
420 2131 516 2190 καὶ
544 2129 640 2183 τοῦ
670 2127 981 2199 σοφιστικοῦ
1002 2126 1290 2199 δόγματος,
1309 2127 1501 2200 ἀπάτῃ
1528 2145 1587 2182 τε
1608 2128 1769 2182 διατι-

1880 2143 1969 2185 sua
1999 2144 2118 2184 sese
2148 2129 2531 2199 eﬂ'undentem,
2570 2134 2878 2201 adjacentes
2906 2151 3121 2206 quoque
3151 2141 3435 2194 nonnullas

201 2222 366 2275 θέντα
392 2220 506 2291 (52)
541 2218 725 2281 κακῶς
756 2217 824 2270 τά
862 2217 1123 2289 ήμέτερα·
1155 2219 1203 2270 εί
1230 2217 1287 2270 δέ
1322 2234 1422 2270 που
1453 2217 1513 2270 τὸ
1539 2217 1769 2289 ἀκρατὲς

1880 2227 2032 2272 terra:
2061 2226 2242 2288 partes
2277 2220 2576 2275 incredibili
2617 2222 2706 2277 illo
2739 2234 2792 2277 et
2842 2224 3084 2279 horribili
3140 2213 3279 2280 ﬂuxu
3314 2245 3439 2297 per-

199 2314 297 2384 τῆς
320 2313 492 2383 ὀργῆς
535 2307 908 2381 ὑπερϐλύσειε,
941 2308 1074 2379 μηδὲ
1108 2307 1370 2379 κρύπτειν
1415 2307 1673 2362 δύνασθαι
1717 2308 1769 2361 τὸ

1880 2317 2127 2364 vastare:
2159 2310 2345 2364 eodem
2387 2325 2601 2380 quoque
2637 2314 2793 2369 modo
2825 2314 2972 2369 illum
3008 2318 3261 2385 reperire.
3290 2319 3434 2380 licet.

200 2403 495 2471 κακόηθες,
523 2400 659 2454 ἀλλά
688 2399 878 2470 γυμνῷ
904 2398 1136 2471 χρῆσθαι
1164 2397 1243 2469 τῷ
1272 2397 1496 2470 διωγμῷ
1518 2398 1655 2455 κατά
1678 2396 1769 2452 τοῦ

1880 2400 2257 2471 aliquantisper
2283 2402 2499 2472 quidem
2529 2413 2582 2458 et
2612 2406 2868 2475 seipsutn,
2900 2408 3250 2476 sophisticam
3275 2426 3431 2465 suum

200 2496 347 2548 θείου
378 2494 475 2548 καὶ
494 2492 746 2556 εὐσεϐοῦς
770 2493 927 2564 ήμῶν
950 2492 1345 2561 συντάγματος.

1880 2491 2144 2546 decretum
2183 2494 2234 2546 in
2268 2501 2534 2562 potestate
2587 2504 2882 2562 tenentem,
2934 2512 2999 2552 ac
3054 2499 3433 2568 pererraudem

200 2602 288 2641 res
344 2595 566 2641 nostras
616 2584 968 2640 incommodis
1016 2584 1335 2655 aﬂigientern
1364 2602 1379 2640 :
1410 2592 1684 2648 caeterum,
1746 2582 1792 2637 si
1830 2585 2043 2654 quando
2071 2585 2166 2640 ira:
2196 2585 2507 2656 impotentia
2546 2589 2931 2643 redundantior
2984 2601 3148 2655 esset,
3172 2602 3281 2645 tum
3314 2609 3440 2648 vero

199 2698 268 2737 ne
322 2682 493 2736 animi
562 2681 776 2751 quidem
840 2681 1246 2750 perversitatem
1315 2693 1560 2749 premere
1613 2695 1678 2734 ac
1724 2679 2064 2736 dissimulare
2109 2695 2307 2751 posse,
2349 2695 2533 2736 verum
2579 2683 2838 2738 adversus
2893 2684 3039 2754 pium
3084 2685 3437 2756 divinumque

199 2786 448 2833 nostrum
481 2789 671 2847 agmen
706 2775 853 2849 nuda
890 2782 944 2829 et
984 2783 1169 2843 aperta
1205 2773 1579 2844 persecutione
1609 2773 1872 2843 grassari.

265 2870 415 2938 HG’.
447 2870 564 2923 Ἰνα
611 2868 721 2941 γάρ
773 2868 919 2923 ἐάσω
946 2868 1018 2922 τά
1068 2868 1209 2922 κατά
1248 2867 1355 2921 τῶν
1384 2868 1557 2937 ἁγίων
1607 2868 1769 2922 οἴκων

1943 2866 2231 2923 LXXXVI.
2276 2868 2346 2925 Ut
2376 2870 2518 2925 enim
2577 2872 2753 2926 edicta
2809 2887 2872 2927 ea
2910 2882 3223 2942 praeteream
3251 2915 3268 2940 ,
3321 2892 3441 2947 qua:

195 2962 623 3034 προστάγματα,
679 2959 914 3031 δημοσίᾳ
970 2976 1030 3012 τε
1078 2958 1444 3031 προτιθέμενα
1500 2959 1595 3013 καὶ
1664 2958 1769 3029 ἰδίᾳ

1880 2963 2129 3015 adversus
2159 2961 2302 3016 aedes
2332 2976 2536 3025 sacras,
2583 2971 2695 3016 tum
2727 2963 2938 3034 publice
2972 2966 3435 3035 proponebantur,

195 3054 576 3126 πληρούμενα,
598 3051 693 3105 καὶ
719 3052 941 3123 σύλησιν
976 3051 1338 3121 ἀναθημάτων
1359 3067 1419 3103 τε
1439 3050 1534 3104 καὶ
1555 3049 1769 3121 χρημά-

1880 3060 1982 3105 tum
2028 3051 2275 3120 privatim
2326 3052 2703 3121 explebantur,
2739 3064 2796 3109 et
2834 3054 3139 3110 votivorum
3173 3057 3435 3113 donorum

104 3128 117 3151 κ
190 3165 322 3210 των,
351 3146 415 3199 οὑ
462 3143 661 3215 μᾶλλον
708 3143 768 3207 se
816 3142 1068 3206 ἀσεϐείας
1092 3141 1265 3215 (55)ἣ
1308 3142 1630 3213 ἀπληστίας,
1675 3142 1769 3196 καὶ

1880 3158 1932 3199 ac
1957 3143 2302 3213 pecuniarum
2339 3144 2717 3216 expilationem
2746 3186 2763 3211 ,
2804 3162 2910 3202 non
2944 3150 3113 3220 magis
3143 3149 3211 3203 ab
3246 3151 3437 3222 impie--

194 3237 407 3291 σκευῶν
433 3236 592 3306 ἱερῶν
624 3234 897 3306 ἁρπαγὴν,
927 3236 1081 3307 χερσὶ
1108 3234 1354 3305 βεϐήλοις
1375 3233 1763 3306 ὑϐριζομένων,

1866 3242 1976 3289 tate
2025 3250 2185 3304 quam
2240 3237 2308 3291 ab
2356 3236 2581 3291 avaritia
2646 3248 2994 3303 manantem,
3054 3251 3107 3295 et
3157 3258 3432 3299 sacrorum

192 3328 317 3391 τούς
341 3344 401 3379 τε
437 3326 581 3397 ὑπὲρ
626 3324 828 3379 τούτων
874 3324 1175 3395 ἀγομένους
1213 3325 1323 3396 (54)
1349 3326 1441 3378 καὶ
1479 3324 1767 3397 στρεϐλου-

1880 3327 2027 3395 [21
2061 3340 2332 3390 vasorum,
2379 3342 2499 3396 quae
2546 3327 2785 3396 profanis
2836 3331 3083 3386 manibus
3134 3334 3437 3402 petulanter

193 3420 412 3489 μένους,
452 3418 616 3488 ἱερεῖς
642 3432 703 3469 τε
747 3416 841 3470 καὶ
865 3416 1215 3488 ἀρχομένους,
1242 3417 1336 3469 καὶ
1385 3416 1511 3479 τοὺς
1542 3416 1769 3488 πλήρεις

192 3512 446 3581 αἱμάτων
478 3510 662 3572 κίονας
681 3508 801 3571 ταῖς
829 3507 1031 3561 τούτων
1056 3508 1211 3580 χερσὶ
1234 3506 1653 3578 κυκλουμένους,
1674 3508 1769 3562 καὶ

193 3604 599 3675 ζωννυμένους,
629 3602 958 3673 ξαινομένων
993 3602 1114 3663 ταῖς
1143 3596 1379 3671 μάστιξι,
1405 3599 1531 3663 τούς
1559 3616 1618 3653 τε
1650 3600 1768 3653 δια-

194 3694 420 3757 θέοντας
462 3693 684 3757 τοξότας
740 3692 881 3745 κατά
942 3690 1123 3753 πόλεις
1181 3690 1275 3743 καὶ
1326 3688 1510 3760 χώρας
1560 3688 1770 3761 ὠμοτέ-

194 3806 319 3859 ρους
337 3787 479 3854 (55),
499 3786 594 3839 καὶ
609 3784 970 3856 θερμοτέρους
980 3782 1073 3836 τοῦ
1091 3781 1261 3836 ταῦτα
1280 3781 1680 3848 ἐπιτάττοντος,
1692 3782 1770 3844 ὠς

191 3879 254 3932 ἀν
280 3880 408 3931 ἀντὶ
434 3877 662 3949 Περσῶν
688 3877 782 3929 καὶ
802 3873 1021 3929 Σκυθῶν
1043 3873 1265 3927 καὶτῶν
1285 3873 1456 3927 ἀλλων
1477 3873 1769 3946 βαρϐάρων

191 3972 680 4043 παραστήσωνται·
725 3970 813 4022 ἵνα
864 3968 938 4039 μὴ
970 3966 1144 4021 ταῦτα
1190 3966 1354 4035 λέγω,
1394 3965 1480 4029 τίς
1520 3966 1620 4019 οὑκ
1658 3957 1768 4018 οἶδε

188 4066 286 4136 τὴν
347 4064 743 4136 Ἀλεξανδρέων
799 4061 1225 4134 ἀπανθρωπίαν;
1264 4060 1313 4113 οἳ
1371 4060 1508 4131 πρὸς
1552 4058 1767 4123 πολλοῖς

187 4156 395 4219 ἄλλοις,
429 4151 513 4219 οἷς
569 4153 975 4210 ὲνεανιεὺσαντο
1001 4153 1110 4222 (56)
1151 4152 1270 4206 καθ’
1318 4152 1474 4223 ήμῶν
1513 4150 1767 4223 ἀμέτρως

187 4251 265 4322 τῷ
296 4249 484 4322 καιρῷ
509 4248 863 4321 χρησάμενοι,
893 4248 1061 4317 δῆμος
1093 4244 1243 4309 ὄντες
1274 4243 1573 4315 στασιώδης
1606 4243 1765 4313 φύσει

188 4342 283 4393 καὶ
300 4338 563 4411 μανικὸς,
592 4338 671 4391 ἐτι
704 4337 797 4392 καὶ
819 4336 977 4389 τοῦτο
1017 4336 1264 4403 λέγονται
1303 4334 1618 4406 προσθεῖναι
1651 4333 1763 4403 (57)

184 4435 299 4494 tot;
352 4429 717 4497 ἀσεϐήμασιν,
778 4426 1009 4497 αἵματος
1052 4422 1238 4477 διπλοῦ
1276 4423 1386 4477 τὸν⁸
1426 4424 1570 4495 ἱερὸν
1615 4416 1765 4477 οἷκον

1871 3428 1926 3475 et
1950 3418 2340 3473 contumeliose
2378 3419 2775 3482 tractabantur,
2820 3421 3203 3490 direptionem,
3256 3440 3435 3480 sacer-

1871 3510 2024 3565 dotes
2049 3510 2209 3563 etiam
2233 3509 2636 3579 subjectamque
2662 3511 2897 3579 plebem,
2919 3512 3009 3581 qui
3041 3527 3137 3581 pro
3168 3514 3250 3569 his
3274 3515 3435 3572 rebus

1870 3602 2346 3667 abstrahebantur,
2393 3600 2846 3670 acerbissimeque
2892 3605 3309 3673 torquebantur,
3328 3592 3434 3662 ‘co-

1870 3692 2081 3748 lumnas
2127 3707 2341 3762 quoque
2396 3691 2610 3748 cruoris
2658 3691 2878 3760 plenas,
2931 3694 3122 3749 horum
3182 3699 3433 3754 manibus

1871 3795 2034 3855 atque
2083 3784 2403 3855 complexu,
2453 3785 2579 3854 dum
2636 3784 2802 3855 virgis
2856 3786 3289 3855 conciderentur,
3337 3807 3434 3861 per

1868 3877 2053 3932 orbem
2107 3876 2333 3940 cinctas,
2390 3875 2619 3945 denique
2662 3876 2973 3946 sagittarios
3029 3894 3125 3948 per
3174 3883 3337 3937 urbes
3377 3894 3433 3937 et

1868 3966 2115 4038 regiones
2144 3967 2527 4030 discurrentes,
2562 3976 2723 4035 atque
2768 3966 2884 4034 ipso
2923 3969 3085 4023 etiam
3113 4009 3129 4034 ,
3182 3973 3273 4040 qui
3318 3973 3431 4026 inec

1868 4060 2189 4129 imperabat,
2220 4060 2457 4114 acriores
2492 4068 2546 4113 et
2592 4059 2943 4127 crudeliores,
2984 4076 3091 4129 quo
3136 4076 3234 4116 nos
3279 4064 3425 4117 vide-

1867 4150 1992 4208 licet
2036 4168 2133 4220 pro
2185 4150 2365 4205 Persis
2416 4159 2471 4205 et
2517 4150 2735 4221 Scythis
2791 4146 3037 4221 aliisque,
3078 4153 3324 4209 barbaris
3371 4155 3425 4209 in

1865 4242 2119 4298 ditionem
2150 4257 2302 4297 suam
2332 4252 2493 4309 atque
2516 4242 2797 4311 imperium
2832 4244 3173 4313 redigerent;
3209 4256 3267 4300 ut
3288 4246 3424 4310 btec,

1865 4334 2107 4405 inquam,
2128 4334 2305 4388 omnia
2332 4334 2760 4404 praetermittam,
2788 4336 2937 4391 eccui
2970 4336 3181 4391 tandem
3204 4339 3429 4393 Alexan-

1865 4428 2138 4482 drinorum
2189 4427 2480 4481 credulitas
2528 4426 2707 4496 ignota
2753 4428 2871 4482 est?
2909 4428 2999 4498 qui
3040 4438 3232 4496 praeter
3258 4431 3424 4483 multa

183 4523 355 4593 ⁴ἡμῶν
375 4520 672 4591 ἐμπλῆσαι,
711 4518 833 4581 ὃσος
863 4534 924 4570 τε
943 4516 1141 4569 θυσιῶν
1162 4515 1255 4569 καὶ
1284 4516 1407 4579 ὅσος
1439 4514 1761 4590 ἀνθρώπων·

1880 4516 1998 4583 alia,
2024 4531 2142 4586 qua:
2164 4516 2421 4572 adversus
2452 4531 2548 4572 nos
2576 4516 2945 4581 designarunt,
2979 4519 3234 4589 temporis
3261 4517 3429 4575 licen-

254 4717 379 4788 (48)
408 4716 635 4788 Καίπερ
678 4712 773 4788 δή..
807 4712 955 4788 Pass.
992 4712 1209 4788 καίπερ
1228 4712 1293 4768 δ’.

253 4779 379 4858 (49)
410 4787 546 4858 Τοῖς
571 4779 827 4858 ,τὲυρμέᾳι
855 4782 965 4850 τῆς
1010 4779 1250 4851 Αἴτνης.
1290 4799 1311 4834 t
1349 4781 1526 4837 Eum
1568 4779 1765 4836 radicl-

181 4854 311 4914 btts.
364 4854 392 4909 ⁷)
432 4856 581 4925 Virg.
619 4854 965 4925 indigni:

255 4928 441 4980 Fama
465 4920 564 4986 est',
608 4922 860 4976 Enceladi
875 4923 1177 4977 semiustum
1203 4920 1417 4984 fulmine
1449 4937 1636 4987 corpus

258 4997 457 5065 Urgeri
485 4994 620 5047 mole
641 4993 765 5065 hac,
794 4994 1147 5065 ingentemque
1174 4993 1384 5065 insuper
1409 4990 1629 5065 {Emam

258 5062 604 5133 Im'positam,
629 5063 790 5127 ruptis
820 5063 1088 5133 flammam
1116 5062 1380 5133 exspirare
1412 5062 1655 5133 contiguis.

178 5130 418 5191 Ovidius
447 5149 597 5197 vero,
644 5133 738 5186 lib.
786 5146 818 5184 v
846 5130 1192 5197 Metamorph.
1256 5146 1360 5184 non
1413 5130 1761 5194 Enceladum,

177 5211 274 5262 sed
306 5205 624 5277 Typhqu
654 5204 795 5256 hunc
822 5212 977 5255 vocat
1000 5201 1291 5277 gigantem.

252 5269 525 5343 Deq'r'avat
554 5272 624 5327 1E
631 5281 720 5325 tua
754 5280 929 5339 caput,
944 5269 1048 5343 sub
1075 5286 1176 5339 qua
1196 5269 1478 5343 resupinus
1497 5284 1689 5343 arenas

259 5337 497 5415 Ejeclat,
525 5337 897 5415 ﬂammqmque
923 5337 1225 5415 feroconrt't
1250 5355 1337 5415 (ire
1375 5337 1651 5415 Typhceus.

180 5408 318 5468 llzeé
352 5408 682 5483 interposuit
713 5408 1023 5483 Gregorius,
1050 5410 1220 5477 inquit
1250 5408 1416 5465 Elias.
1446 5418 1505 5461 ut
1541 5408 1760 5462 Graeco-

176 5500 306 5538 rum
347 5480 529 5536 fntiles
560 5496 728 5549 nugas
757 5480 988 5546 sugillet.

250 5555 376 5624 (50)
414 5545 693 5617 Ἀπία-τῲ.
731 5549 1147 5624 (ΔΙ-[ΙΙὶιΙοεμξρΓ.
1180 5547 1230 5611 l,
1265 5546 1316 5600 in
1347 5562 1440 5602 ora
1469 5562 1559 5617 γρ.
1588 5545 1756 5600 ἀπλέ-

174 5617 279 5695 τῳ,
299 5617 449 5695 quod
485 5632 705 5695 secutus
730 5620 941 5695 videtur
964 5617 1162 5695 Bi_|lius_.

250 5686 377 5761 (3'!)
423 5689 698 5752 Ἑαυτοῦ,
728 5700 835 5747 etc.
860 5687 1065 5757 .Comb.
1102 5689 1179 5744 sic
1210 5686 1381 5744 reddit
1412 5703 1425 5741 :
1456 5705 1474 5740 ι
1507 5686 1584 5742 sui
1607 5700 1754 5742 com-

1862 4719 2040 4781 potem
2078 4724 2142 4764 ac
2173 4711 2372 4781 deereti
2398 4710 2677 4781 sophistici
2704 4720 2968 4767 tenacem.
3002 4731 3022 4765 ι

1931 4780 2072 4852 (52)
2094 4778 2474 4852 Διςῑτιθέντα.⁷
2504 4779 2614 4852 Sic,
2643 4782 2902 4852 quinque
2930 4781 3099 4852 Regii,
3142 4782 3235 4837 0r.
3285 4784 3338 4848 l,
3368 4795 3423 4840 et

1859 4849 2010 4903 Coll).
2052 4850 2106 4910 8,
2154 4849 2486 4902 διατεθέντα.
2524 4850 2661 4903 Edit.
2704 4849 3029 4906 διατιθέναιξ
3048 4851 3299 4910 Heinsius
3341 4858 3422 4910 sic

1786 4928 1791 4949 '
1859 4919 2006 4991 legit,
2025 4918 2209 4991 ἀπάτῃ
2225 4920 2503 4991 χρώμενον
2528 4920 2838 4991 διατιθέναι.

1951 4990 2041 5060 55)
2089 4990 2409 5060 ’ᾼσεϐείαᾳ
2440 4990 2551 5041 Duo
2584 4990 2713 5060 Reg.
2748 4991 3022 5055 ἀπιστίας.

1951 5059 2061 5129 54),
2102 5057 2474 5127 Ἀγεομένους.
2533 5057 2722 5113 Comb.
2798 5080 2816 5112 ι
2858 5062 2946 5129 qni
2981 5061 3310 5115 ducebantur
3362 5073 3417 5117 et

1861 5128 2287 5201 torquebantur;
2314 5130 2446 5182 diris
2483 5130 2657 5184 modis
2699 5128 2893 5185 habitis
2925 5131 3127 5186 idcirco
3162 5132 3303 5201 quod
3334 5134 3418 5201 his

1860 5198 2021 5251 rebus
2045 5198 2341 5251 obstarent.
2382 5215 2400 5247 ι

1930 5267 2042 5336 (55)
2073 5266 2234 5320 Κατὰ
2257 5267 2464 5332 πόλεις
2488 5266 2584 5320 καὶ
2614 5267 2825 5336 χώρας.
2858 5287 2875 5319 t
2909 5268 3013 5323 Per
3056 5270 3216 5323 urbes
3257 5279 3310 5323 et
3339 5287 3423 5323 re-

1856 5338 2059 5410 giones.
2100 5356 2119 5389 ι
2156 5338 2255 5410 __Sic
2301 5338 2538 5392 melioris
2571 5352 2708 5391 nuta:
2747 5340 2977 5393 codices.
3023 5339 3119 5393 Ed.
3150 5340 3290 5393 κατά
3322 5339 3423 5410 χώ·

1858 5423 1956 5476 ρας
1974 5407 2068 5460 καὶ
2100 5407 2300 5469 πόλεις.

1931 5477 2043 5546 (56)
2081 5477 2591 5530 Ἐνεανιεύσαντο.
2633 5496 2650 5527 ι
2682 5476 2810 5541 Qua?
2845 5476 3128 5530 adversum
3169 5494 3266 5532 nos
3299 5481 3416 5532 ausi

1854 5557 1978 5599 sunt
2018 5562 2033 5600 :
2066 5564 2084 5596 ι
2114 5548 2217 5608 vel,
2254 5565 2272 5597 ι
2305 5548 2558 5614 petulanti
2604 5546 2845 5609 licentia;
2876 5564 2895 5597 ι
2923 5547 3024 5612 vel,
3053 5565 3071 5597 ι
3101 5564 3281 5603 rerum
3321 5566 3419 5605 no-

1854 5631 2044 5670 varum
2086 5617 2261 5669 studio
2293 5617 2574 5671 adversum
2611 5630 2707 5670 nus
2734 5616 3101 5683 designarnnt.
3138 5636 3156 5669 ι

1923 5686 2032 5758 (57)
2057 5684 2420 5755 Προσθεῖναι.
2452 5684 2583 5756 Reg.
2618 5686 2727 5752 bm,
2759 5684 3077 5757 προσϐῆναι.
