3878 6398
210 333 308 388 617

1189 325 1447 384 ORATIO
1485 325 1575 382 IV.
1616 357 1684 367 —-
1723 321 2003 383 CONTRA
2041 323 2389 384 JULlANUM
2431 325 2478 393 ἰ,

3340 323 3442 393 (its

215 453 588 526 Ἀρεθουσίων,
625 450 708 515 τίς
737 449 911 515 οὕτως
940 450 1044 516 ἔξω
1075 451 1175 521 τῆς
1214 452 1335 506 καθ’
1357 453 1501 523 ἡμᾶς
1529 453 1775 523 οἰκουμέ-

1889 451 2320 518 Arethusiorum,
2371 451 2493 520 quis
2544 459 2654 504 tam
2705 452 2773 506 ab
2816 452 2946 506 orbe
2977 461 3158 508 nostro
3206 465 3447 511 remotus

210 544 476 616 νης,ὧστε
500 542 738 611 ἀγνοεῖν.
783 542 875 595 καὶ
913 542 987 613 μὴ
1035 541 1258 610 φθάνειν
1291 545 1356 613 τῇ
1391 544 1641 616 διηγήσει
1686 544 1778 595 τὸν

208 633 647 708 μνημονεύοντας
683 625 852 696 Οὗτος
907 633 999 685 ἐπὶ
1044 635 1422 686 Κωνσταντίου
1474 633 1569 687 τοῦ
1614 633 1775 697 πάνυ,

206 725 344 784 κατὰ
372 724 471 795 τὴν
488 725 606 776 τότε
627 723 915 794 δεδομένην
937 723 1186 789 ἐξουσίαν
1201 725 1244 776 Χ
1251 728 1562 795 ριστιανοῖς,
1594 725 1780 796 δαιμό-

205 835 304 874 νων
318 835 369 869 τι
391 815 632 870 καθελὼν
643 817 832 886 οἰκητή
842 815 1074 886 ριον,κα“ι
1093 815 1663 887 πολλοὺςΧριστιανῶν
1675 819 1780 871 ἀπὸ

203 909 297 978 τῆς
338 907 661 977 Ἑλληνικῆς
687 908 892 976 πλάνης
911 909 1254 979 μεταστήσας
1287 910 1366 972 εἰς
1385 910 1656 980 σωτηρίαν
1683 912 1780 982 οὐχ

203 999 358 1074 ἦττον
387 1001 477 1054 διὰ
503 1001 602 1071 τὴν
630 1000 725 1054 τοῦ
758 1000 873 1070 βίου
907 1000 1264 1072 λαμπρότητα
1305 1001 1337 1072 ῆ
1371 1001 1468 1073 τὴν
1495 1002 1588 1056 τοῦ
1622 1002 1779 1071 λόγου

200 1093 452 1163 δύναμιν,
485 1089 553 1164 ἦν
582 1092 676 1163 μὲν
700 1095 762 1145 ἐκ
784 1093 1028 1156 πλείονος
1043 1095 1100 1147 ὲν
1118 1093 1256 1165 ὀργῇ
1272 1096 1381 1158 τοῖς
1397 1095 1777 1167 Ἀρεθουσίοις,

201 1186 404 1256 μᾶλλον
442 1186 498 1240 δὲ
537 1186 893 1256 Ἀρεθουσίων
925 1186 1038 1247 (72)
1063 1189 1173 1249 τοῖς
1209 1186 1596 1257 φιλοδαίμοσιν.
1628 1189 1781 1241 Ἐπεὶ

200 1277 250 1330 δὲ
277 1277 350 1329 τὰ
390 1279 692 1348 πράγματα
736 1277 957 1349 ἐκινήθη
999 1277 1364 1348 Χριστιανοῖς,
1423 1278 1516 1332 καὶ
1555 1279 1623 1331 τὰ
1672 1279 1784 1332 τῶν

209 1369 486 1440 Ἑλλήνων
521 1369 868 1439 φλεγμαίνειν
905 1367 1130 1440 ἤρξατο,
1155 1368 1254 1437 τὴν
1278 1367 1371 1420 τοῦ
1403 1368 1597 1441 καιροῦ
1625 1369 1783 1424 δυνα-

199 1460 386 1513 στείαν
431 1461 529 1513 οὑκ
566 1460 753 1528 ἔφυγε.
793 1459 1008 1512 Φιλοῦσι
1037 1457 1145 1529 γὰρ
1175 1461 1222 1511 οἱ
1254 1457 1438 1528 δῆμοι,
1483 1459 1588 1512 κᾶν
1645 1461 1782 1533 πρὸς

199 1549 258 1602 τὸ
291 1549 470 1619 παρὸν
495 1548 806 1618 κατάσχωσι
838 1547 935 1610 τὰς
959 1546 1128 1616 ὀργὰς
1155 1543 1291 1615 (75),
1323 1544 1512 1616 ὥσπερ
1543 1545 1654 1616 πῦρ
1692 1548 1784 1618 ὲμο

199 1640 447 1711 φωλεῦον
483 1640 652 1703 ὕλαις,
691 1639 722 1710 ἢ
751 1639 928 1710 ῥεῦμα
963 1637 1052 1708 βίᾳ
1080 1637 1468 1709 κρατούμενον,
1510 1642 1558 1692 εἰ
1589 1639 1780 1712 καιροῦ

199 1733 468 1796 λαϐοιντο,
503 1731 832 1786 ἀνάπτεσθαι
873 1745 932 1782 τε
958 1732 1050 1783 κα).
1073 1731 1539 1802 ἁναρῤήγνυσθαι.
1605 1731 1782 1804 Ὁρῶν

1879 554 1981 609 est,
2011 553 2070 597 ut
2103 544 2331 614 ignoret,
2361 560 2425 599 ac
2460 554 2968 599 commemorantem
2997 545 3305 601 narratione
3339 563 3448 603 non

1881 635 2223 691 antevertat?
2249 636 2346 691 llic
2375 651 2521 701 cum,
2572 635 2766 706 insigni
2799 635 2890 690 illo
2917 635 3233 691 Constantio
3272 637 3446 707 impe-

1880 736 2054 792 rante,
2099 743 2197 798 pro
2222 742 2284 784 ea
2316 735 2603 798 potestate,
2635 743 2754 797 quae
2800 738 2909 782 tum
2943 729 3272 784 Christianis
3313 746 3447 785 con-

1881 833 2034 872 cessa
2077 821 2272 880 fuerat,
2310 817 2636 873 domicilium
2673 819 2942 887 quoddam
2976 820 3274 874 daemonum
3299 834 3448 874 ever-

1881 909 2060 969 tisset,
2096 923 2158 963 ac
2185 909 2384 964 multos
2426 925 2567 963 nunc
2605 909 2942 964 Christianos
2976 927 3004 963 a
3040 911 3224 978 gentili
3263 926 3450 966 errore

1880 1001 1947 1054 ad
1970 1000 2223 1064 salutem,
2264 1016 2367 1055 non
2408 1001 2584 1055 minus
2633 1001 2701 1056 ob
2744 1001 2867 1055 vita:
2897 1001 3257 1070 splendorem,
3287 1019 3448 1072 quam

1881 1093 1950 1145 ob
1982 1092 2194 1146 dicendi
2232 1093 2542 1148 facultatem
2577 1103 2739 1164 atque
2764 1093 3064 1148 doctrinam
3094 1095 3446 1156 traduxisset,

1875 1183 2196 1252 jampridem
2231 1184 2359 1238 odio
2392 1185 2700 1240 Arethusiis
2731 1194 2874 1247 erat,
2923 1185 3008 1240 vel
3044 1186 3110 1240 iis
3137 1188 3316 1256 potius
3353 1188 3448 1256 qui

1882 1277 2022 1332 inter
2069 1278 2388 1334 Arethusios
2432 1281 2603 1347 erant;
2633 1278 2933 1334 daemonum
2965 1289 3210 1334 amantes
3244 1289 3299 1335 et
3329 1282 3448 1336 cul-

1884 1379 2047 1424 tores.
2104 1369 2460 1441 Posteaquam
2513 1380 2691 1427 autem
2743 1372 2961 1425 mutatis
3013 1371 3447 1427 Christianorum

1882 1461 2061 1526 rebus,
2093 1462 2371 1533 gentilium
2405 1478 2492 1519 res
2521 1472 2728 1517 tumere
2757 1471 2810 1517 et
2835 1477 3118 1532 assurgere
3140 1473 3446 1531 coeperunt,

1884 1552 2140 1623 temporis
2172 1555 2466 1624 potentiam
2494 1555 2908 1623 haudquaquam
2933 1552 3134 1622 effugit.
3165 1553 3451 1609 Multitudo

1883 1645 2097 1715 quippe,
2135 1646 2346 1701 etiamsi
2396 1645 2447 1699 in
2479 1660 2717 1716 praesens
2753 1644 2984 1710 impetus
3021 1645 3451 1719 eupiditatesque

1884 1749 2013 1790 suas
2063 1746 2333 1801 coerceat,
2401 1736 2856 1805 quemadmodum
2910 1734 3049 1804 ignis
3110 1737 3163 1788 in
3223 1736 3449 1791 materia

199 1821 290 1878 οὖν
341 1825 447 1895 τὴν
497 1823 590 1876 τοῦ
633 1823 804 1894 δήμου
857 1823 1071 1894 κίνησιν
1117 1824 1205 1876 ἐπ’
1239 1824 1402 1877 αὐτὸν
1450 1824 1586 1893 (74),
1626 1826 1775 1880 οὐδὲν

1889 1828 2079 1893 latens,
2108 1838 2203 1884 aut
2228 1829 2405 1884 amnis
2430 1843 2730 1899 repressus,
2757 1827 2932 1882 oblata
2963 1836 3140 1882 tamen
3165 1829 3452 1884 occasione

199 1916 426 1987 μέτριον
453 1917 485 1988 ἢ
513 1915 857 1980 ὲννοούντων,
900 1915 933 1986 ἢ
961 1915 1348 1981 ἀπειλούντων,
1373 1916 1443 1970 τὰ
1467 1919 1566 1987 μὲν
1587 1919 1781 1989 πρῶτα

198 2006 442 2078 δρασμὸν
474 2007 802 2077 βουλεύεται,
832 2005 892 2060 ού
925 2006 991 2060 δι’
1025 2006 1314 2080 ἀνανδρίαν
1359 2008 1556 2078 μᾶλλον
1590 2009 1622 2080 ἦ
1681 2011 1784 2080 τὴν

201 2104 431 2176 φεύγειν
459 2105 526 2157 ἐκ
558 2103 764 2166 πόλεως
795 2103 872 2166 εἰς
902 2102 1053 2156 πόλιν
1068 2102 1391 2158 κελεύουσαν
1413 2102 1652 2174 ἐντολὴν,
1687 2103 1781 2156 καὶ

202 2197 511 2268 δποχωρείν
547 2195 657 2258 τοῖς
695 2191 968 2256 διώκταις·
1019 2193 1214 2264 χρῆναι
1239 2192 1346 2265 γὰρ
1376 2193 1449 2264 μὴ
1477 2193 1544 2246 τὰ
1573 2193 1784 2246 ἑαυτῶν

202 2285 426 2340 τκοπεῖν
446 2286 606 2356 μόνον
619 2283 727 2355 (75)
741 2283 1096 2353 Χριστιανοὺς
1110 2283 1288 2348 ὄντας,
1315 2283 1448 2355 μηδὲ
1466 2286 1514 2336 εἰ
1536 2283 1653 2337 λίαν
1671 2279 1784 2337 εἷεν

201 2378 568 2450 ἐνδρειότατοί
605 2377 716 2448 (76)
759 2393 817 2429 τε
842 2376 938 2429 καὶ
980 2375 1463 2450 καρτερικώτατοι,
1494 2376 1630 2430 ἀλλὰ
1685 2377 1782 2429 καὶ

202 2472 304 2524 τῶν
339 2470 646 2522 διωκόντων
681 2467 974 2538 φείδεσθαι,
1003 2466 1098 2533 ὡς,
1123 2468 1184 2520 τό
1225 2484 1290 2536 γε
1320 2469 1399 2532 εἰς
1428 2469 1624 2531 αὑτοὺς
1647 2462 1784 2539 ἧκον

201 2559 388 2632 μέρος,
430 2558 505 2630 μὴ
531 2557 607 2628 τῷ
623 2556 846 2626 κινδύνῳ
875 2574 926 2608 τι
956 2554 1326 2632 συνεισφέρειν
1347 2553 1459 2625 (77)
1481 2553 1587 2607 τῶν
1619 2553 1781 2606 πολε-

202 2651 361 2722 μίων.
422 2650 577 2703 Ἐπεὶ
607 2649 663 2702 δὲ
700 2648 894 2720 ᾔσθετο
947 2647 1156 2700 πολλῶν
1194 2647 1295 2718 μὲν
1330 2646 1396 2699 δι’
1441 2646 1600 2699 αὐτὸν
1630 2645 1783 2699 ἑλκο-

202 2742 379 2813 μένων
437 2742 533 2794 καὶ
563 2740 866 2810 ἀγομένων,
927 2736 1136 2791 πολλῶν
1181 2738 1237 2792 δὲ
1284 2737 1390 2791 τῶν
1422 2739 1550 2810 περ)⁸
1602 2738 1781 2809 ψυχῆς

204 2831 503 2903 τρεχόντων
537 2830 626 2884 διὰ
657 2831 756 2902 τὴν
782 2831 892 2884 τῶν
916 2829 1215 2883 διωκόντων
1260 2829 1539 2901 ὠμότητα,
1560 2830 1660 2884 οὐκ
1682 2832 1780 2900 ὴν-

197 2927 390 2996 έσχετο
423 2924 499 2996 τῷ
531 2925 649 2979 καθ’
673 2925 862 2978 ἑαυτὸν
887 2923 1237 2994 ἀσφαλεῖ(78)
1250 2925 1376 2988 τοὺς
1406 2923 1596 2988 ἄλλους
1627 2941 1782 2995 περι-

195 3019 330 3089 ορᾷν
358 3016 792 3080 κινδυνεύοντας·
830 3018 922 3070 καὶ
953 3016 1041 3069 διὰ
1067 3014 1226 3069 τοῦτο
1246 3014 1555 3086 βουλεύεται
1589 3014 1783 3086 βουλὴν

160 3178 170 3190 ⁸
196 3111 430 3183 ἀρίστην
458 3127 518 3162 τε
547 3110 640 3162 κα)⁸
669 3109 1131 3180 φιλοσοφωτάτηψ
1148 3111 1212 3162 ἐκ
1230 3109 1331 3178 τῆς
1347 3113 1522 3180 φυγῆς
1550 3109 1784 3162 ἐπάνει-

198 3175 270 3267 σι,
303 3175 402 3256 καί
431 3201 510 3272 τῷ
525 3175 693 3272 δήμιρ
713 3175 890 3273 φέρων
924 3175 1114 3255 ὲαυτδν
1162 3175 1408 3254 ἐκδίδωσι
1431 3175 1675 3272 Ὗχρῆσοαι
1699 3201 1779 3254 ὅτι
1808 3175 1851 3234 C

197 3294 616 3366 βούλοιντο(79),
641 3295 736 3348 καὶ
763 3294 899 3364 πρὸς
914 3293 1010 3366 τὴν
1033 3292 1129 3346 τοῦ
1156 3292 1348 3363 καιροῦ
1373 3293 1778 3365 παρατάσσεται

195 3386 512 3442 δυσκολίαν.
559 3387 819 3441 Ἐνταῦθα
847 3387 900 3440 τί
932 3387 1032 3458 μὲν
1062 3388 1207 3457 ἀπῆν
1249 3385 1356 3443 τῶν
1383 3387 1604 3453 δεινῶνς
1645 3387 1698 3440 τί
1722 3387 1778 3440 δὲ

195 3482 293 3534 οὐκ
311 3483 590 3535 ἐπενοεῖτο
616 3480 940 3553 βαρύτερον;
968 3481 1141 3536 ἄλλων
1164 3480 1292 3534 ἄλλο
1311 3479 1780 3552 τιξ(80)συνεισιρε-

200 3575 405 3646 ρόντων
450 3575 588 3646 πρὸς
613 3573 729 3638 ἐνὸς
762 3573 935 3628 κακοῦ
968 3572 1307 3644 συμφωνίαν,
1335 3572 1456 3625 οὐδὲ
1478 3571 1539 3623 τὸ
1569 3571 1780 3640 φιλόσο-

201 3687 294 3739 φον
348 3667 448 3722 τοῦ
503 3667 697 3739 ἀνδρὸς
749 3667 1102 3748 αἰδουμένων,
1159 3667 1208 3718 εἰ
1245 3667 1318 3737 μή
1373 3682 1426 3718 τι
1461 3663 1608 3728 ἄλλο,
1669 3663 1779 3720 τῶν

197 3760 541 3831 ἐγκειμένων
563 3760 698 3831 (81)·
720 3759 806 3814 διὰ
834 3759 992 3813 τοῦτο
1023 3759 1121 3829 μὲν
1149 3753 1241 3811 οῦν
1273 3756 1366 3811 καὶ
1389 3755 1546 3809 πλέον
1573 3757 1779 3824 ἀγανα-

199 3853 495 3918 κτούντων,
547 3853 630 3906 ὅτι
681 3851 1068 3924 περιφρόνησιν
1123 3849 1302 3904 αὐτῶν
1360 3847 1557 3919 μᾶλλον
1610 3848 1643 3919 ἢ
1687 3848 1780 3902 ἁν-

197 3944 380 4016 δρεὶαν
419 3945 560 4016 πρὸς
591 3944 717 4007 τοὺς
764 3942 1040 4005 κινδύνους
1088 3940 1186 4013 τὴν
1233 3939 1326 3994 τοῦ
1357 3940 1547 4010 ἀνδρὸς
1579 3957 1782 4011 παρου-

199 4037 318 4092 σίαν
346 4037 463 4109 (82)
487 4036 762 4108 ἐνόμιζον.

1887 1921 2113 1977 accendi
2149 1930 2312 1991 atque
2340 1933 2625 1990 erumpere
2656 1921 2961 1976 consuevit.
2995 1920 3258 1988 Quocirca
3279 1959 3294 1984 ,
3324 1936 3447 1976 cum

1882 2013 2134 2083 populum
2190 2014 2477 2068 adversum
2535 2027 2594 2068 se
2660 2013 2966 2080 incitatum,
3026 2027 3126 2068 nec
3181 2013 3450 2068 moderati

1882 2106 2174 2174 quidquam
2202 2105 2286 2160 vel
2321 2104 2671 2175 cogitantem,
2697 2103 2778 2158 vel
2809 2105 3229 2161 comminantem
3257 2119 3448 2160 cerne-

1883 2209 1986 2262 ret,
2020 2197 2252 2268 primum
2275 2197 2674 2252 consciscendae
2704 2195 2844 2267 fuga:
2875 2196 3154 2251 consilium
3187 2197 3300 2261 init,
3343 2211 3448 2251 non

1885 2286 2233 2357 tan-{ignavia
2260 2291 2484 2352 fractus.
2515 2303 2681 2358 quam
2716 2299 2986 2359 prrecepto
3017 2288 3105 2343 illo
3145 2299 3449 2358 permotus,

1885 2393 1991 2447 quo
2017 2395 2047 2435 e
2075 2380 2293 2436 civitate
2319 2379 2372 2434 in
2402 2379 2674 2434 civitatem
2704 2380 2911 2451 fugere,
2939 2389 2994 2435 et
3014 2380 3450 2449 persecutoribus

1883 2476 2078 2529 cedere
2104 2474 2352 2546 iubemur
2377 2475 2445 2528 ⁸⁸.
2484 2473 2670 2543 Neque
2700 2475 2842 2528 enim
2877 2473 3247 2537 ChriStianos,
3277 2488 3450 2542 quan-

1886 2567 2086 2620 tumvis
2117 2568 2306 2632 fortes,
2330 2582 2394 2622 ac
2424 2567 2679 2638 singulari
2727 2566 3011 2622 tolerantia
3052 2566 3321 2635 praeditos,
3369 2567 3450 2620 sui

1885 2665 2090 2712 tantum
2118 2661 2384 2712 rationem
2425 2659 2622 2714 habere
2642 2668 2876 2729 Oportet,
2901 2660 2994 2712 scd
3022 2656 3453 2726 persecutoribus

1883 2763 2094 2818 quoque
2125 2761 2367 2816 parcere,
2419 2759 2590 2813 utne,
2642 2758 2902 2818 quantum
2941 2742 3005 2801 'in
3063 2748 3191 2817 ipsis
3238 2757 3340 2812 est,
3386 2750 3452 2801 ad

1885 2840 2118 2895 hostium
2189 2841 2486 2910 periculum
2549 2851 2602 2895 et
2657 2840 3067 2894 damnationem
3121 2853 3186 2893 ex
3258 2839 3452 2908 seipsis

1885 2933 2296 3005 aliquid,123
2344 2931 2651 2988 conferant.
2688 2933 2756 2986 At
2794 2938 3079 3003 postquam
3129 2931 3328 2986 multos
3353 2947 3450 2985 sua

1884 3041 2046 3080 causa
2082 3026 2204 3080 duci
2236 3042 2299 3080 ac
2335 3026 2511 3089 trahi,
2565 3026 2759 3080 multos
2803 3025 2967 3080 etiam
3005 3024 3072 3079 ob
3123 3037 3453 3093 persequen-

1888 3117 2019 3172 tium
2073 3117 2446 3172 credulitatem
2479 3117 2531 3170 in
2563 3115 2756 3170 anima:
2785 3113 3028 3184 periculo
3054 3113 3258 3168 versari
3294 3113 3453 3168 intel-

1885 3208 2035 3272 lexit,
2063 3218 2174 3263 tum
2204 3224 2334 3263 vero
2363 3208 2519 3273 alios,
2572 3222 2639 3262 eo
2679 3206 2821 3277 quod
2851 3205 2964 3274 ipse
2990 3205 3042 3258 in
3071 3209 3207 3268 tuto,
3244 3203 3455 3272 pericli-

1883 3311 2058 3357 tantes
2118 3300 2385 3372 negligere
2450 3299 2671 3354 minime
2725 3297 3014 3362 sustinuit,
3083 3309 3149 3352 ac
3219 3297 3448 3364 proinde

1883 3393 2383 3462 prmstantissimum
2415 3395 2758 3462 maximeque
2797 3391 3226 3462 philosophicum
3262 3390 3447 3444 consi-

1883 3484 2012 3539 lium
2049 3484 2212 3552 capit.
2247 3484 2324 3538 Ex
2357 3483 2477 3555 fuga
2508 3485 2651 3540 enitr.
2693 3485 2864 3550 redit,
2895 3497 3124 3552 seseque
3157 3481 3300 3536 ultro
3338 3482 3452 3551 ple-

1882 3575 1967 3630 bis
1998 3575 2223 3630 arbitrio
2249 3576 2428 3641 tradit,
2462 3587 2625 3645 atque
2651 3577 2910 3631 adversus
2944 3574 3201 3644 temporis
3225 3571 3452 3627 diliicul-

1887 3680 2050 3727 tatem
2075 3671 2220 3726 velut
2243 3673 2413 3728 aciem
2440 3673 2678 3729 instruit.
2706 3672 2804 3727 Hic
2829 3683 2955 3728 vero
2981 3671 3112 3742 quid
3141 3670 3452 3724 acerbitatis

1886 3761 2112 3816 aberat?
2172 3763 2300 3831 quid
2351 3779 2456 3818 non
2512 3763 2676 3819 etiam
2734 3764 2970 3819 atrocius
3015 3759 3454 3832 excogitabatur?

1885 3870 2007 3909 cum
2043 3854 2252 3909 scilicet
2303 3854 2394 3910 alii
2426 3855 2568 3910 aliud
2597 3856 2711 3925 pari
2739 3855 2967 3911 consilio
3015 3856 3081 3909 ad
3126 3855 3284 3908 unius
3321 3853 3451 3907 mali

1887 3946 2342 4016 conspirationem
2387 3948 2731 4013 conferrent,
2773 3963 2903 4012 nec,
2948 3946 2993 4002 si
3033 3945 3176 4000 nulla
3215 3944 3319 3998 alia
3357 3957 3450 4010 re,

1889 4037 2076 4092 saltem
2110 4036 2274 4107 hujus
2315 4039 2416 4092 viri
2455 4039 2760 4094 constantia
2807 4048 3172 4100 moverentur,
3228 4035 3320 4106 qui
3376 4033 3450 4086 illi

198 4130 595 4188 imminebant:
648 4131 778 4200 quin
809 4129 987 4201 potius
1049 4128 1152 4184 hoc
1215 4143 1430 4198 quoque
1487 4113 1706 4182 nomine
1757 4130 2129 4187 vehementius
2196 4134 2680 4200 incandescerent,
2734 4135 2877 4204 quod
2927 4133 3071 4188 illius
3117 4133 3349 4188 reditum
3387 4145 3454 4184 ac

195 4225 575 4296 praesentiam,
616 4237 725 4277 non
766 4231 873 4278 tam
902 4221 1270 4280 fortitudinem
1313 4225 1571 4278 adversus
1593 4224 1864 4292 pericula,
1951 4244 2115 4295 quam
2196 4230 2433 4299 ipsorum
2506 4239 2872 4301 contemptum
2939 4229 3447 4299 interpretarentur.

264 4385 310 4416 ”
334 4382 534 4438 Matth.
557 4395 613 4447 ι,
643 4380 733 4436 23.

199 4538 418 4592 modum
465 4551 530 4592 ac
588 4536 846 4591 famosam
906 4537 1334 4604 Ariminensem,
1390 4538 1504 4605 ipse
1557 4536 1767 4592 Marcus
1799 4541 1842 4596 D
1871 4536 1926 4591 In
1968 4537 2051 4588 ed.

197 4608 530 4662 Arethusius
553 4607 776 4661 dictavit
797 4622 936 4662 anno
973 4607 1096 4662 558.
1132 4607 1257 4663 Iltec
1285 4609 1527 4676 profecto
1560 4607 1764 4677 Grego‘

198 4679 311 4733 rius
373 4677 424 4732 si
484 4677 720 4732 novisset
777 4679 843 4731 de
902 4677 1082 4733 Marco
1127 4679 1438 4742 Arethusia,
1486 4692 1760 4746 nunquam

192 4761 342 4811 eum,
379 4767 400 4799 ε
437 4747 613 4800 virum
641 4746 894 4800 eximium
936 4767 954 4799 ι
987 4748 1328 4816 appellasset,
1363 4763 1460 4802 nec
1480 4757 1586 4801 tam
1629 4749 1764 4800 mul-

197 4826 248 4870 ta
287 4819 356 4872 de
388 4833 459 4871 eo
479 4815 777 4872 honorifice
803 4815 1163 4886 praedicasset.
1189 4818 1244 4872 ln
1272 4817 1448 4871 Marco
1470 4819 1764 4872 Arethusio

193 4887 362 4957 igitur
394 4886 970 4957 Gregorius,-perindc
1002 4899 1164 4955 atque
1202 4888 1254 4941 in
1291 4887 1606 4942 Constantio
1649 4889 1762 4940 Au-

193 4956 374 5024 gusto,
393 4956 738 5027 ignoratione
769 4956 906 5027 facti
932 4959 1153 5012 erravit.
1187 4957 1279 5013 Vel
1303 4957 1637 5026 postmodum
1667 4973 1766 5010 au-

193 5029 396 5091 dierat,
425 5026 678 5098 Marcum
711 5036 837 5098 ante
883 5026 1042 5098 linem
1076 5030 1200 5083 vita:
1232 5029 1563 5098 impietatem
1612 5029 1764 5094 abju-

192 5105 370 5160 rasse,
406 5105 465 5152 et
517 5097 612 5168 adg
636 5096 892 5168 Ecclesiae
935 5097 1278 5168 fideliumque
1311 5096 1765 5154 communionem

191 5165 614 5244 rediisse_,_quod
642 5167 952 5244 arbitratus
969 5165 1250 5244 Baronitis.

263 5238 376 5308 (72)
406 5235 666 5291 Μᾶλλον
683 5235 752 5289 δὲ
786 5236 1203 5308 ᾹἈρεθουσίων.
1243 5236 1366 5294 Bill.
1394 5260 1413 5290 ι
1447 5237 1534 5293 vel
1587 5237 1768 5306 potius

188 5306 611 5363 Areth'usinrum
671 5306 990 5377 impiissimo
1059 5311 1292 5378 cuique,
1355 5308 1768 5376 daamunumquc

189 5379 590 5432 amantissimo.
621 5395 640 5428 ι

259 5447 376 5519 (73)
411 5448 525 5514 Τὰς
577 5445 777 5519 ὀργάς.
820 5466 840 5498 ι
877 5445 1010 5504 Iras.
1055 5466 1074 5498 ι
1119 5447 1350 5519 Mantac.
1409 5448 1508 5513 τὰς
1567 5448 1762 5519 ὁρμάς,

189 5535 210 5567 ί
243 5518 506 5590 impetus,
548 5537 567 5568 ι
607 5526 679 5590 (ξιξ
709 5518 766 5590 in
797 5534 891 5572 ora
912 5536 1000 5590 γρ.
1032 5518 1222 5590 ὀργάς,
1253 5519 1381 5574 Mss.
1411 5518 1765 5574 nostriinihil

185 5598 389 5655 praeter
417 5588 566 5642 edita
597 5588 874 5641 exhibent.

271 5657 376 5727 ’74)
426 5657 555 5712 Ἐπ’
584 5657 787 5727 αὐτόν.
845 5654 1143 5727 Dtto_Reg.,
1175 5655 1329 5711 Colb.
1354 5657 1408 5720 5,
1441 5656 1544 5712 duo
1571 5657 1760 5726 Coisl.,

186 5725 342 5782 Pass.
358 5725 608 5783 Combef
656 5728 878 5789 addunt,
915 5725 1115 5778 ἰοῦσαν.

203 5838 206 5839 ν
259 5799 373 5870 (75)
406 5795 673 5853 Σκοπεῒν
724 5798 934 5866 μόνον.
969 5796 1042 5849 Ita
1079 5798 1208 5866 Itcg.
1233 5797 1270 5859 l,
1315 5808 1420 5855 tres
1446 5797 1622 5864 Colb.,
1651 5809 1757 5855 etc.

515 5893 790 5954 Γιτιιοι..
836 5895 951 5955 Gn.
989 5894 1105 5954 XX
1122 5894 1255 5956 XV.

2133 4536 2250 4589 ὀνον
2279 4545 2397 4604 post
2420 4535 2601 4596 ὄντας.

1942 4606 2049 4677 (76)
2087 4600 2532 4674 Ἃνδρέιότατοι.
2557 4605 2688 4676 Reg.
2712 4605 2823 4670 bm,
2856 4601 3060 4668 I,Colb.
3093 4600 3149 4667 k,
3169 4602 3322 4658 Pass.
3352 4603 3447 4656 ἀν-

1867 4677 2210 4749 δρικώτατοι.

1940 4749 2050 4819 (77)
2087 4744 2536 4819 Συνεισφέρειν.
2592 4743 2848 4798 Eamdem
2887 4743 2956 4797 ob
3005 4748 3224 4819 caIISam
3271 4743 3448 4819 Chry-

1869 4813 2138 4878 sostomits
2201 4813 2508 4886 fugiendam
2602 4827 2722 4869 esse
2786 4813 3213 4886 persecutionem
3272 4817 3448 4886 ‘docet

1873 4888 2117 4957 exemplo
2160 4879 2393 4950 Davidis,
2447 4887 2538 4956 qui
2594 4885 2748 4957 fugit,
2786 4879 2896 4948 ’ne,
2936 4884 3218 4938 innoxium
3267 4879 3446 4938 Saulis

1875 4956 2191 5025 sanguinem
2221 4959 2513 5022 fundendo,
2545 4972 2668 5010 rens
2703 4956 2875 5025 ﬁeret.

1945 5023 2055 5099 (7'8)
2094 5029 2232 5082 Καθ’
2257 5027 2477 5082 ἑαυτὸν
2499 5024 2780 5096 ἀσφαλεῖ.
2825 5025 3043 5091 Bittius;
3079 5043 3097 5076 ι
3129 5023 3198 5078 ob
3239 5023 3446 5078 cautio-

1875 5114 1997 5152 nem
2035 5115 2208 5152 Bllﬂlll.
2245 5117 2263 5149 Ι

1946 5168 2056 5241 (79)
2096 5169 2441 5241 Βούλοιντο.
2473 5163 2607 5221 Tres
2640 5165 2806 5235 [ἴδας.
2837 5164 2990 5221 Colb.
3021 5165 3076 5228 8,
3125 5163 3442 5234 βούλωνται.

1873 5238 2008 5306 Reg.
2040 5238 2153 5301 'bm,
2187 5238 2486 5308 βούλονται.

1947 5303 2058 5379 (80)
2101 5303 2330 5363 Ἀλλων
2373 5309 2528 5361 ἄλλο
2559 5317 2773 5379 u,ctc.
2821 5304 3024 5379 Billius,
3059 5323 3092 5379 _¢
3125 5319 3203 5379 ex_
3233 5303 3324 5369 iis,
3355 5305 3442 5379 qui

1872 5374 2351 5438 illi'iuimincbant,
2377 5379 2466 5432 alii
2513 5378 2655 5432 aliud
2691 5377 2964 5446 quidpiam
3003 5377 3070 5428 ad
3117 5374 3275 5427 unius
3318 5375 3444 5428 ntali

1870 5460 2187 5506 concentum
2222 5449 2492 5502 afferrent.
2539 5466 2556 5498 δ

1941 5517 2217 5590 (8|)7Tdir
2264 5515 2786 5590 metpérwr._Sic
2843 5513 3293 5590 pleriqueyodd.
3332 5511 3445 5590 [luo

1868 5583 2043 5643 autem
2073 5589 2263 5658 chg.,
2302 5583 2474 5658 Pass},
2509 5589 2613 5641 duo
2645 5586 2807 5658 Coisl.
2843 5583 2957 5658 τῶν
3003 5585 3278 5639 ἐκείνου...
3333 5583 3445 5638 Duo

1866 5659 2018 5716 Colb.
2046 5656 2233 5712 τῶνῖν
2266 5657 2456 5728 ἐκείνῳ
2488 5673 2583 5724 pro
2601 5657 2710 5710 τῶν
2736 5656 3087 5728 ἐγκειμένων.

1936 5729 2048 5802 (8‘2)
2084 5725 2451 5798 Παραυαίαν.
2490 5728 2650 5783 Mont.
2685 5744 2775 5798 γρ.
2807 5725 3145 5798 παρρησίαν.

3090 5885 3170 5945 20
