3878 6398
220 362 318 420 0‘2!

1202 351 1456 412 ORATIO
1493 355 1582 412 IV.
1620 387 1691 397 —
1727 355 2006 413 CONTRA
2043 356 2388 416 JULIANUM
2427 360 2470 416 Ι.

3362 372 3466 430 691

220 479 424 535 loribus
464 487 518 534 et
572 477 832 534 molestiis
899 484 1159 538 remotus,
1227 490 1334 530 non
1394 474 1548 529 aliter
1612 485 1675 530 ac
1734 475 1779 532 si
1809 475 1999 532 alienis
2030 478 2281 548 periculis
2310 479 2620 549 interesset,
2644 481 3071 554 suppliciumque
3119 501 3273 540 suum
3311 499 3464 557 ptlll't"

217 589 360 643 pam,
398 587 502 625 non
543 571 932 633 calamitatem.
973 584 1092 624 esse
1120 568 1361 623 duceret.

284 666 354 733 ιζ.
393 663 587 720 Καίτοι
631 662 804 717 ταῦτα
835 663 920 724 τίς
947 662 1047 715 οὐκ
1075 663 1140 716 ἂν
1176 662 1380 734 ᾐδέσθη
1408 663 1516 718 τῶν
1555 663 1647 717 καὶ
1699 681 1775 734 με·

1964 660 2077 714 XC.
2121 661 2182 714 Et
2237 661 2454 730 quidem
2508 677 2669 732 quem
2732 666 2947 720 tandem
3004 666 3120 721 haec
3158 677 3461 730 reverentia

215 759 376 832 τρίως
427 755 684 808 ἐπιεικῶν
740 773 798 808 τε
844 754 939 808 καὶ
1001 753 1425 830 φιλανθρώπων;
1497 756 1634 808 Ἀλλ’
1695 757 1795 810 οὐκ

213 850 451 911 ἐκείνως
487 865 555 927 γε
598 847 776 900 εῖασεν
826 848 855 900 ὁ
912 848 1120 920 καιρὸς,
1150 848 1269 901 οὐδὲ
1326 851 1360 919 ἠ
1391 848 1484 901 τοῦ
1529 847 1792 918 βασιλέως

211 943 377 1012 ὁρμὴ,
431 940 491 993 τὸ
535 939 895 1009 ἀπάνθρωπον
933 939 1239 992 ἀπαιτοῦσα
1281 941 1374 992 καὶ
1421 939 1644 1011 δήμους,
1699 941 1794 994 καὶ

211 1034 416 1096 πόλεις,
459 1031 552 1085 καὶ
580 1031 864 1101 ἄρχοντας,
893 1032 941 1083 εί
981 1029 1074 1085 καὶ
1109 1031 1182 1102 μὴ
1213 1034 1325 1094 τοῖς
1362 1030 1576 1094 πολλοῖς
1611 1033 1785 1086 ἐδόκει

208 1125 318 1178 τῶν
369 1123 706 1192 ἀγνοούντων
748 1122 810 1175 τὸ
851 1120 1012 1191 βάθος
1057 1115 1156 1192 τῆς
1199 1122 1408 1175 ἐκείνου
1442 1122 1784 1193 κακοηθείας.

209 1213 443 1266 Τοιαῦτα
466 1215 594 1282 ἡμῖν
619 1211 689 1264 τά
739 1210 832 1263 τοῦ
877 1209 1106 1282 στερῤοῦ
1157 1209 1432 1280 γέροντος.
1476 1210 1586 1264 Kal.
1615 1209 1789 1264 ταῦτα

211 1306 350 1376 ὐπέρ
399 1306 569 1369 τίνος;
615 1304 701 1356 ἴνα
730 1301 964 1373 χρυσοῦν
995 1301 1103 1372 (98)
1149 1303 1243 1354 ἕνα
1277 1302 1350 1372 μὴ
1389 1301 1622 1372 πρόηται
1676 1304 1788 1366 τοῖς

209 1398 580 1469 βασανισταῖςο
685 1395 781 1448 καὶ
796 1393 973 1464 δῆλον,
999 1393 1074 1456 ὡς
1096 1392 1236 1463 ὑπὲρ
1264 1391 1544 1455 εὐσεϐείας
1575 1392 1788 1460 διεκαρ-

205 1489 353 1560 τέρει
385 1490 516 1559 (99).
569 1488 715 1552 Ἕως
763 1488 860 1558 μὲν
911 1487 1040 1558 γὰρ,
1090 1486 1395 1558 βαρυτάτην
1431 1487 1784 1557 ποιησάμενοι

204 1584 298 1637 τοῦ
331 1584 461 1638 ναοῦ
489 1583 585 1657 τὴν
625 1583 974 1654 ἀποτίμησιν,
1017 1581 1076 1636 τὸ
1123 1583 1232 1638 πᾶν
1271 1581 1432 1652 ᾔτουν
1456 1581 1693 1652 χρυσίον,
1746 1579 1780 1652 ἢ

205 1676 366 1728 αὐτόν
400 1693 464 1744 γε
490 1673 883 1744 ἀναδείμασθαι
911 1674 1002 1726 τὸν
1035 1672 1170 1726 νεὼν
1205 1673 1278 1745 (ί)
1313 1673 1580 1735 ἐκέλευον,
1609 1673 1782 1726 ἐδόκει

202 1770 256 1823 τὸ
280 1769 544 1823 ἀδύνατον
565 1768 657 1821 τοῦ
675 1767 1044 1837 ἐπιτάγματος
1075 1765 1272 1836 μᾶλλον
1301 1765 1332 1836 ἢ
1365 1765 1425 1818 τὸ
1447 1765 1668 1829 εὐσεϐὲς
1681 1765 1782 1836 τῆς

201 1861 379 1932 ψυχῆς
431 1863 600 1915 ποιεῖν
641 1859 830 1931 ἐκείνῳ
879 1859 977 1930 τὴν
1019 1858 1285 1933 ἔνστασιν·
1342 1856 1464 1911 ἐπεὶ
1500 1857 1557 1910 δὲ
1614 1855 1781 1912 νικῶν

201 1955 400 2018 αὐτοὺς
443 1953 585 2007 κατά
615 1952 806 2024 μικρὸν
840 1951 913 2022 (‘2)
943 1954 1007 2022 τῇ
1026 1951 1341 2023 σκαρτερίᾳ,
1397 1951 1490 2004 καὶ
1534 1949 1779 2022 ὑφαιρῶν

1896 767 2001 808 non
2085 753 2424 818 movissent,
2491 755 2653 809 etiam
2721 756 2912 827 exigua
3005 759 3228 817 lenitate
3302 777 3463 835 atque

1894 846 2230 902 humanitate
2264 847 2653 914 praeditorum?
2679 848 2784 904 Sed
2815 851 2917 906 hoc
2962 851 3068 907 illis
3100 869 3196 922 per
3231 866 3460 927 tempus.

1891 947 1944 991 et
1981 937 2327 1004 imperatoris
2350 939 2730 1006 cupiditatem,
2766 949 2876 994 tum
2918 959 2946 995 a
2979 945 3209 1013 populis,
3249 959 3358 1002 tum
3394 952 3462 1006 ab

1891 1029 2114 1084 urbibus
2163 1039 2217 1084 et
2291 1031 2560 1099 prmfectis
2627 1033 3008 1090 crudelitatem
3079 1045 3458 1108 exposcentis.

1889 1121 2100 1175 etiamsi
2182 1122 2456 1191 plerisque
2527 1123 2892 1192 improbitatis
2973 1128 3143 1198 ipsius
3203 1147 3459 1189 arcanum

1891 1215 2262 1285 ignorantibus
2321 1233 2479 1272 secus
2515 1219 2813 1285 videretur,
2870 1223 3092 1279 minime
3125 1225 3297 1281 licuit.
3335 1228 3459 1284 llaec

1889 1308 2074 1362 ﬁrmus
2122 1323 2282 1362 senex
2321 1318 2374 1360 et
2405 1316 2662 1364 constans
2687 1311 2931 1379 pertulit.
2977 1315 3034 1368 Si
3061 1331 3277 1372 causam
3314 1336 3459 1390 qua:-

1887 1397 1985 1461 ris,
2009 1413 2067 1450 ut
2095 1413 2161 1452 ne
2198 1414 2476 1452 nunnnum
2531 1416 2694 1454 unum
2751 1418 2975 1459 aureum
3010 1409 3305 1464 tortoribus
3332 1427 3460 1480 ρει)-

1877 1487 2089 1558 jiceret.
2124 1489 2199 1542 Ex
2230 1505 2336 1557 quo
2372 1493 2651 1562 perspicue
2684 1493 2906 1566 intelligi
2954 1507 3149 1566 potest,
3183 1515 3305 1556 eum
3342 1505 3459 1572 pie-

1885 1581 2010 1633 tatis
2042 1597 2204 1635 causa
2236 1582 2512 1637 cruciatus
2551 1585 2829 1642 tolerasse.
2859 1587 2992 1644 Nam
3029 1593 3268 1659 quandiu
3313 1598 3455 1651 Are-

1885 1672 2048 1726 thusii
2081 1673 2404 1740 gravissima
2447 1677 2633 1746 templi
2667 1681 3030 1737 aestimatione
3085 1684 3250 1752 iacta,
3290 1698 3459 1744 totam

1883 1765 1996 1818 auri
2022 1779 2283 1817 summam
2312 1769 2626 1834 poscebant,
2668 1779 2760 1824 aut
2804 1772 2978 1842 ipsum
3032 1787 3179 1830 certe
3202 1780 3457 1847 templum

1883 1857 2402 1926 reticerejubebant,
2434 1862 2604 1918 videri
2649 1873 2864 1933 poterat
2900 1866 2990 1922 ille
3031 1867 3236 1926 ideirco
3281 1874 3459 1941 potius

1881 1950 2170 2013 obsistere,
2221 1953 2360 2020 quod
2389 1953 2537 2021 jussa
2588 1953 2812 2024 exsequi
2865 1972 2973 2012 non
3037 1972 3243 2029 posset,
3293 1979 3455 2031 quam

201 2047 282 2102 ἀεί
314 2063 366 2098 τι
426 2047 526 2116 τῆς
573 2045 974 2115 ἀποτιμήσεως,
1011 2043 1315 2096 τελευταῖον
1347 2043 1427 2106 είς
1455 2041 1614 2096 τοῦτο
1647 2059 1775 2094 κατ-

1884 2041 2022 2106 quod
2051 2040 2265 2108 pictatis
2297 2042 2475 2096 studio
2520 2043 2823 2100 duceretur.
2853 2028 3211 2120 Posteaquam
3273 2028 3454 2108 autem

201 2139 450 2209 ἔστησεν,
479 2137 556 2200 ὡς
589 2137 785 2206 κομιδῆ
823 2134 1017 2207 μικρὸν
1053 2131 1192 2188 εἶναι
1222 2135 1284 2188 τὸ
1316 2135 1652 2206 αἰτούμενον,
1684 2135 1778 2187 καὶ

199 2230 319 2284 ὅσον
348 2231 548 2300 ῥᾷστον
579 2225 927 2280 καταϐαλεῖν·
975 2227 1070 2279 καὶ
1116 2227 1228 2290 τσος
1250 2225 1397 2295 ἀγὼν
1429 2221 1496 2297 ἦν
1528 2229 1640 2289 τοῖς
1678 2225 1780 2295 μὲν

197 2320 421 2389 νικῆσαι
471 2318 550 2389 τῷ
575 2319 670 2371 καὶ
707 2318 883 2371 ὁτιοῦν
909 2318 982 2386 (3)
1012 2317 1218 2383 λαϐεῖν,
1263 2317 1340 2389 τῷ
1366 2318 1423 2371 δὲ
1453 2316 1526 2389 μὴ
1573 2335 1777 2390 κρατη-

198 2410 356 2482 θῆναι
376 2411 456 2482 τῷ
488 2411 620 2482 μηδέ
659 2409 794 2474 ὅλως
831 2411 1180 2475 καταϐαλεῖν,
1214 2411 1390 2463 καίτοι
1422 2408 1630 2462 πολλῶν
1687 2409 1776 2462 ὃν·

197 2522 300 2558 των
327 2504 442 2557 τῶν
474 2505 570 2558 καὶ
594 2502 773 2556 πλεῖον
805 2505 1174 2572 συνεισφέρειν
1207 2503 1673 2576 προθυμουμένων
1713 2503 1773 2554 οὐ

201 2599 357 2670 μόνον
397 2598 489 2652 διά
511 2598 607 2669 τὴν
627 2597 923 2663 εὐσέϐειαν,
958 2597 1093 2651 ἀλλά
1118 2599 1212 2651 καὶ
1246 2597 1333 2651 διά
1363 2597 1422 2650 τὸ
1450 2595 1542 2650 τοῦ
1588 2596 1777 2668 ἀνδρὸς

197 2693 473 2746 ἀνάλωτον
503 2691 595 2744 καὶ
618 2690 899 2761 ἀήττητον·
932 2689 1229 2760 τηνικαῦτα
1262 2689 1472 2760 ἐδείχθη
1500 2688 1684 2758 σαφῶς
1700 2688 1775 2758 (4)

197 2786 250 2838 οὐ
271 2785 404 2856 περὶ
433 2783 750 2856 χρημάτων,
776 2781 908 2836 ἀλλά
934 2783 1060 2855 περ).
1083 2783 1175 2836 τοῦ
1198 2781 1454 2845 εὐσεϐοῦς
1484 2781 1573 2834 τὸν
1589 2779 1779 2848 ἀγῶνα

196 2876 502 2948 τιθέμενος.

1879 2132 2162 2186 tolerantia
2219 2150 2314 2188 sua
2373 2150 2466 2192 eos
2516 2137 2770 2206 paulatim
2825 2140 3089 2208 vincens,
3168 2152 3328 2213 atque
3386 2161 3456 2200 ex

1881 2227 2239 2281 aestimatione
2289 2227 2493 2299 aliquid
2544 2245 2763 2301 semper
2799 2234 3116 2299 detrahens,
3139 2248 3205 2290 eo
3237 2237 3451 2291 tandem

1882 2330 1994 2369 rem
2026 2318 2268 2381 adduxit,
2305 2331 2364 2372 ut
2413 2334 2671 2388 perquam
2717 2325 2974 2393 exiguum
3024 2324 3076 2378 id
3110 2332 3275 2390 esset,
3309 2325 3454 2396 quod

1879 2407 1948 2462 ab
1977 2423 2043 2463 eo
2069 2412 2466 2479 postulabatur,
2508 2428 2571 2468 ac
2603 2415 2916 2484 persolvere
2942 2415 3202 2472 facillime
3229 2429 3448 2488 posset;

1881 2501 2103 2570 parique
2153 2503 2453 2558 certamine
2509 2504 2650 2559 inter
2688 2521 2748 2561 se
2809 2509 3227 2575 contenderent,
3261 2509 3354 2575 illi,
3391 2518 3453 2566 ut

1880 2592 2184 2656 vincerent,
2218 2593 2329 2659 hic,
2381 2609 2448 2649 ne
2500 2595 2844 2663 vinceretur;
2878 2597 2980 2652 hoc
3003 2607 3109 2666 est,
3151 2599 3248 2663 illi,
3280 2608 3340 2656 ut
3366 2600 3452 2656 vel

1884 2682 2150 2736 tantillum
2184 2685 2444 2753 pecuniae
2475 2685 2811 2755 acciperent,
2843 2687 2932 2742 hie
2967 2703 3034 2742 ne
3063 2690 3189 2759 quid
3227 2693 3451 2747 omnino

1885 2789 2217 2840 numeraret,
2251 2779 2501 2846 quamvis
2533 2779 2732 2847 alioqui
2760 2779 2912 2835 multi
2939 2793 3143 2848 essent,
3172 2785 3288 2853 qui,
3317 2799 3452 2854 par-

1883 2869 1974 2920 tim
2030 2869 2227 2936 pietate
2281 2869 2521 2934 adducti,
2563 2869 2718 2940 125
2765 2874 2967 2942 partim
3020 2875 3218 2930 invicta
3267 2888 3321 2931 et
3359 2878 3448 2932 in-

194 2968 548 3037 expugnabili
591 2966 708 3038 ejus
771 2965 1083 3021 fortitudine
1121 2964 1398 3029 commoti,
1439 2961 1755 3032 ampliorem
1796 2959 1960 3015 etiam
2025 2976 2291 3016 summam
2319 2978 2542 3034 erogare
2601 2975 2894 3032 pararent;
2943 2975 3052 3020 tum
3089 2983 3216 3024 vero
3244 2970 3448 3038 liquido

197 3066 536 3120 declaratum
568 3075 668 3128 est,
692 3079 813 3118 eum
842 3079 945 3117 non
977 3078 1074 3132 pro
1101 3062 1364 3132 pecuniis,
1401 3061 1492 3114 sed
1523 3076 1619 3129 pro
1643 3059 1839 3127 pietate
1861 3068 2136 3114 certamen
2161 3059 2367 3116 iniisse.

258 3156 383 3226 μιν.
409 3153 539 3228 ’Ἆρ’
570 3150 661 3210 οὖν
713 3155 1011 3218 ἐπιεικείας
1064 3153 1236 3206 ταῦτα
1287 3153 1380 3206 καὶ
1414 3153 1770 3222 ἡμερότητος,

195 3249 225 3322 ἦ
250 3248 572 3302 τούναντίον
623 3247 856 3318 θράσους
880 3245 973 3298 καὶ
998 3243 1390 3316 ἀπανθρωπίας
1431 3243 1546 3294 ἐστὶ
1577 3241 1774 3313 γνωρί-

1953 3150 2089 3207 XCI.
2131 3151 2212 3206 An
2247 3167 2374 3208 vero
2432 3151 2548 3208 haec
2609 3151 2847 3210 lenitatis
2896 3165 2952 3210 et
2992 3158 3443 3226 mansuetudinis,

1880 3253 1971 3299 aut
2024 3253 2207 3298 contra
2263 3243 2463 3299 furoris
2493 3254 2543 3299 et
2573 3247 2910 3302 crudelitatis
2941 3259 3257 3317 argumenta
3309 3251 3440 3315 sint,

197 3357 396 3413 σματα,
456 3339 764 3408 λεγέτωσαν
807 3342 936 3411 ἡμῖν
982 3341 1030 3392 oi
1082 3339 1172 3390 τὸν
1215 3336 1500 3406 φιλόσοφον
1551 3334 1772 3406 βασιλέα

1884 3337 2037 3392 nobis
2077 3336 2236 3390 velim
2289 3345 2578 3405 exponant,
2611 3338 2702 3406 qui
2740 3339 3115 3408 philosophum
3149 3341 3445 3408 imperato-

196 3433 590 3506 θαυμάζοντες.
643 3431 784 3500 Ἐγὼ
827 3432 925 3503 μέν
956 3429 1143 3484 οὐδένα
1173 3427 1280 3482 τῶν
1312 3429 1525 3481 πάντων
1551 3427 1774 3497 ἀπορεῖν

194 3527 347 3598 οἶμαι
379 3530 483 3599 τῆς
514 3527 592 3598 (5)
626 3525 838 3588 δικαίας
868 3524 963 3577 καὶ
1016 3520 1250 3592 ἀληθοῦς
1299 3519 1642 3590 ἀποκρίσεως
1671 3518 1769 3587 (6).

197 3621 305 3674 Καὶ
336 3619 495 3672 οὔπω
545 3617 925 3689 προσ-τέθεικα,
967 3615 1048 3668 ὃτι
1079 3612 1189 3666 τῶν
1223 3610 1536 3664 σεσωκότων
1566 3609 1638 3679 (7)
1681 3609 1774 3662 τὸν

195 3715 505 3783 ἐξάγιστον,
541 3713 702 3783 ἡνίκα
731 3711 791 3764 τὸ
819 3709 974 3779 γένος
1006 3706 1155 3776 αὐτῷ
1183 3707 1289 3758 πᾶν
1327 3703 1650 3766 ἐκινδύνευε,
1679 3702 1774 3754 καὶ

195 3805 278 3860 διὰ
329 3805 544 3874 κλοπῆς
588 3801 1058 3870 ὐπεξαγαγόντων,
1103 3794 1182 3861 εἷς
1231 3791 1382 3859 οὗτος
1405 3791 1492 3866 ἦν’
1525 3794 1664 3865 ὑπὲρ
1713 3786 1775 3863 οῦ

198 3897 335 3966 τάχα
362 3894 531 3965 μόνου
566 3888 788 3953 δικαίως
817 3889 989 3944 ταῦτα
1023 3888 1248 3958 ἔπασχε,
1273 3887 1366 3940 καὶ
1402 3883 1570 3936 πλείω
1603 3898 1771 3952 προσ-

197 3986 390 4038 παθεῖν
417 3984 569 4050 ἄξιος
588 3978 676 4052 ἦν,
691 3983 772 4035 ὅτι
788 3981 954 4035 κακον
982 3979 1202 4032 τοσοῦτο
1218 3980 1282 4050 τῇ
1305 3975 1598 4048 οἰκουμένῃ
1626 3974 1772 4045 πάσῃ

199 4075 386 4140 σώζων
427 4072 707 4128 ἐλάνθανε.
754 4072 889 4126 Φασί
937 4069 1135 4124 τοιδιά
1178 4069 1350 4122 ταῦτα
1381 4069 1475 4121 καὶ
1516 4067 1606 4120 τὸν
1627 4084 1776 4137 τηνι-

197 4168 374 4222 καῦτα
407 4165 656 4238 ὕπαρχον
709 4164 785 4235 (8)
847 4162 1116 4233 (γενέσθαι
1159 4161 1267 4232 γάρ
1319 4160 1486 4229 ἄνδρα
1539 4158 1774 4228 ’Ἕλληνα

199 4261 296 4330 μὲν
327 4259 430 4332 τὴν
459 4257 777 4332 θρησκείαν,
800 4257 890 4310 τὸν
918 4257 1116 4328 τρόπον
1144 4253 1199 4307 δὲ
1226 4254 1365 4324 ὑπὲρ
1400 4252 1654 4322 Ἕλληνα,
1679 4252 1774 4304 καὶ

196 4352 340 4406 κατά
370 4351 501 4414 τούς
521 4351 774 4422 ἀρίστους
797 4348 905 4402 τῶν
922 4349 1087 4403 πάλαι
1102 4348 1194 4402 καὶ
1211 4347 1305 4400 νῦν
1326 4343 1770 4415 ἐπαινουμένων),

195 4445 376 4498 ἐκεῖνο
402 4443 546 4515 πρὸς
572 4442 664 4495 τὸν
696 4440 919 4511 βασιλέα
950 4439 1086 4512 μετὰ
1112 4439 1424 4512 παρρησίας
1455 4439 1654 4501 εἰπεῖν,
1711 4435 1772 4488 οὐ

193 4536 439 4607 φέροντα
460 4534 525 4588 τὸ
555 4533 826 4596 πολυειδὲς
851 4534 948 4603 τῆς
973 4531 1067 4586 τοῦ
1099 4531 1289 4603 ἀνδρὸς
1311 4530 1492 4592 αἰκίας
1530 4529 1622 4582 καὶ
1648 4545 1774 4599 καρο

194 4628 406 4699 τερίαςο
436 4628 559 4681 Οὐκ
575 4627 997 4696 αἰσχυνόμεθα,
1011 4624 1294 4689 βασιλεῦ,
1311 4623 1467 4691 παρὰ
1485 4619 1775 4674 τοσοῦτον

194 4721 531 4790 ἡττώμενοι
565 4718 641 4790 (9)
674 4716 914 4772 πάντων
938 4715 1324 4786 Χριστιανῶν,
1361 4715 1441 4780 ὡς
1463 4711 1618 4782 μηδὲ
1666 4711 1777 4782 (10)

1876 3443 1990 3482 rem
2033 3427 2389 3482 admirantur.
2432 3426 2542 3498 Ego
2584 3429 2798 3497 quidem
2852 3440 3002 3484 certe
3034 3431 3302 3487 neminem
3329 3433 3444 3490 fore

1875 3516 2147 3580 existimo,
2179 3517 2262 3569 cui
2299 3516 2444 3585 jnsta
2475 3526 2529 3572 et
2585 3533 2712 3571 vera
2749 3521 3034 3588 responsio
3062 3520 3312 3576 defutura
3346 3526 3438 3578 sit.

1876 3609 2113 3663 Necdum
2159 3607 2289 3662 illud
2321 3607 2517 3677 adjeci,
2546 3610 2690 3663 hunc
2718 3626 2784 3664 ex
2816 3611 2883 3665 iis
2919 3627 3083 3665 unum
3133 3613 3323 3679 fuisse,
3349 3616 3442 3684 qni

1875 3702 2194 3757 sceleratum
2232 3701 2381 3756 illum
2427 3711 2475 3757 et
2513 3703 2928 3770 exsecrandum,
2961 3713 3094 3770 tum,
3127 3721 3251 3759 cum
3274 3722 3442 3776 genus

1878 3794 2048 3864 ipsius
2097 3803 2264 3849 totum
2336 3795 2760 3864 periclitaretur,
2805 3809 3110 3862 servarant,
3149 3799 3443 3867 furtimque

1875 3886 2244 3940 subduxerunt
2280 3902 2296 3938 :
2332 3900 2442 3956 quo
2479 3885 2643 3940 etiam
2691 3887 2810 3941 solo
2859 3889 3074 3943 nomine
3110 3889 3300 3944 merito
3327 3890 3440 3944 for-

1877 3987 2020 4032 tasse
2049 3977 2164 4033 haec
2205 3978 2629 4048 perpetiebatur,
2663 3995 2728 4032 ac
2760 3979 2914 4048 plura
2952 3980 3155 4049 perpeti
3191 3981 3442 4036 mereba-

1877 4081 1983 4135 tur,
2015 4073 2156 4152 quod
2203 4082 2412 4126 tantum
2445 4073 2646 4126 malum
2697 4075 2954 4129 universo
3007 4085 3274 4130 terrarum
3319 4079 3442 4130 orbi

1875 4164 2192 4233 imprudens
2231 4175 2490 4218 servarat.
2514 4164 2595 4220 Ob
2633 4165 2684 4220 id
2715 4166 3010 4229 enimvero,
3037 4170 3126 4238 qui
3161 4179 3270 4223 tum
3296 4187 3442 4240 pra:-

1875 4254 2001 4311 l'ecti
2063 4272 2286 4311 munere
2333 4256 2656 4326 fungebatur
2697 4257 3054 4329 (quanquam
3114 4262 3258 4314 enim
3311 4264 3442 4316 reli-

1877 4349 2034 4418 gione
2077 4348 2310 4417 gentilis,
2347 4349 2593 4403 moribus
2661 4358 2840 4404 tamen
2911 4351 3095 4419 gentili
3155 4352 3442 4407 sublimior

1873 4448 2015 4507 erat,
2048 4454 2112 4494 ac
2165 4439 2592 4510 prmclarissimis
2646 4441 2955 4509 quibusque
3007 4450 3063 4496 et
3126 4442 3442 4516 laudatissi;

1876 4531 1999 4597 mis,
2023 4541 2136 4583 tam
2170 4531 2372 4585 veteris
2397 4545 2560 4599 quam
2587 4542 2784 4585 nostra:
2831 4533 3108 4587 memoriae
3135 4534 3270 4594 viris
3291 4550 3441 4589 com-

1875 4622 2204 4692 parandus),
2232 4621 2582 4692 multiplicem
2611 4623 2848 4677 hominis
2881 4624 3104 4693 hujusce
3136 4625 3438 4679 cruciatum

1888 4728 1951 4766 ac
1984 4711 2318 4766 tolerantiam
2354 4729 2461 4769 non
2507 4713 2707 4779 ferens,
2745 4713 2874 4768 illud
2928 4715 2995 4769 ad
3059 4716 3440 4786 imperatorem

264 4830 384 4902 (98)
428 4831 565 4909 "Ira
600 4829 894 4899 χρυσοῦν.
926 4827 1113 4884 Plures
1143 4828 1376 4891 codices,
1414 4833 1469 4880 et
1493 4823 1652 4879 Herv.
1681 4823 1770 4877 ἵνα
1803 4829 1844 4883 D
1874 4824 2176 4909 versionum
2207 4841 2324 4909 qua:
2351 4828 2417 4880 ad
2451 4841 2599 4909 oram
2633 4825 2907 4909 lleinsiani
2938 4829 3138 4884 codicis
3169 4829 3439 4909 leguntur,

190 4921 272 4973 μη
303 4916 567 4974 χρυσουν.

267 4967 379 5042 (99)
401 4967 806 5042 γᾼιεκαρτέρει.
818 5041 824 5042 γ
834 4969 958 5033 Alii,
969 5038 980 5042 _
994 4968 1297 5042 ἐκαρτέρει.

267 5035 782 5111 (1)’Νεών.Ἰὶεέᾳ.
817 5041 926 5111 bin,
969 5038 1005 5107 l,
1038 5035 1418 5111 et'Bijl.__va6v.

387 5111 554 5184 Κατὰ
577 5101 812 5180 μικρόν.
849 5101 1002 5179 Reg:
1028 5111 1120 5174 hu,
1159 5107 1314 5162 Colb.
1358 5120 1408 5168 a,
1437 5103 1492 5169 2,
1534 5113 1586 5158 et
1619 5101 1768 5159 Pass.

192 5183 674 5262 ηῖέμὲεοςση
773 5249 799 5261 -
885 5248 920 5262 ..
1082 5248 1166 5262 -.
1260 5247 1286 5256 -

267 5254 347 5322 (5)
371 5248 482 5316 ’Τῷ
511 5250 610 5303 καί
642 5249 860 5322 ὀτιοῦνε
885 5248 1010 5322 Say.
1040 5248 1118 5319 τῷ
1145 5248 1340 5322 ὁτιοῦν.

267 5256 326 5322 (5
393 5256 482 5316 Τῷ
511 5256 610 5303 καὶ
642 5256 860 5303 ὁτιοῦν.
885 5256 1010 5304 Sav.
1040 5256 1118 5319 τῷ
1145 5256 1340 5300 οτιουν.

265 5256 348 5393 (4;
400 5322 668 5396 Ἐξδείχθῃ
693 5319 920 5396 σαφῶς.
945 5320 1074 5396 S_av.
1097 5336 1189 5388 γρ.
1219 5313 1502 5396 διεδείχθη.
1681 5383 1707 5396 ~

265 5385 350 5457 (5"
386 5385 715 5462 Οἶμαί-τῆς.
768 5385 1272 5458 Subauditnr‘rrepl,
1313 5390 1416 5449 vel,
1459 5385 1620 5436 ἕνεκα
1647 5385 1766 5454 τῆς,

233 5439 348 5518 noli
372 5464 696 5517 observatur
727 5461 792 5514 ad
827 5476 977 5512 oram
1017 5459 1147 5518 Reg.
1178 5461 1297 5512 cod.
1326 5471 1384 5509 u.

314 5486 346 5514 ll
372 5486 695 5514 OIJSCI'VEIIUI'
727 5486 792 5514 au
827 5486 977 5512 uram
1017 5486 1147 5514 “CK.
1178 5486 1297 5512 υυυο
1329 5486 1384 5509 u-

272 5476 346 5518 od
372 5476 696 5517 otiservatur
727 5476 792 5514 au
827 5476 977 5512 oram
1017 5476 1147 5528 neg.
1178 5476 1297 5512 cou.
1327 5476 1384 5509 u.

269 5535 350 5605 (6)
381 5530 798 5605 Ἀποκρίσεως.
829 5529 955 5584 Sav.
986 5529 1134 5605 addit
1165 5529 1216 5581 in
1259 5539 1435 5605 marg._
1457 5523 1774 5605 μηδὲνμετ-

190 5595 344 5659 εἶναί
373 5595 808 5674 φιλανθρωπίας,
843 5620 861 5651 ι
890 5601 1065 5655 onmis
1111 5595 1774 5674 expgrlcm__ltutttanittttis

193 5665 399 5729 esse.‘
445 5665 602 5741 Quod
657 5680 957 5741 agnoscunt
1008 5665 1255 5725 nonnulli
1307 5666 1539 5730 codices,
1592 5665 1772 5732 Pass.,

239 5745 369 5800 oisl.
397 5744 454 5804 2.
484 5754 590 5799 etc.

193 5743 369 5872 co:
394 5744 670 5869 3332's..
701 5813 1076 5878 σεσωκότων,
1141 5819 1243 5871 etc.
1289 5809 1488 5866 Auctor
1529 5807 1673 5864 anim

1879 4895 1966 4966 hic
2001 4911 2060 4950 se
2095 4896 2322 4964 Anglum
2370 4897 2565 4966 prodit,
2617 4906 2670 4950 et
2720 4897 3040 4957 reformata.
3073 4911 3128 4951 nt
3157 4895 3325 4965 aiunt,
3357 4895 3442 4954 re;

1879 4964 2060 5034 ligioni
2107 4980 2297 5020 nomen
2353 4964 2594 5030 dedisse;
2635 4968 2726 5034 qui
2786 4968 2964 5022 Marco
3011 4968 3281 5023 lulianum
3314 4964 3441 5026 'ser-

1879 5034 2424 5108 vanti,_(3ranmerum
2474 5051 2628 5090 suum
2672 5037 2890 5090 Mariam
2937 5041 3174 5108 reginam
3216 5055 3441 5094 servan-

1883 5114 2011 5166 tem,
2043 5106 2124 5158 his
2152 5107 2329 5160 verbis
2366 5117 2645 5174 comparat
2679 5123 2691 5159 :
2723 5126 2742 5158 ‹
2773 5108 2864 5162 Sic
2889 5106 3218 5163 Cramnerus
3258 5123 3440 5164 noster

1880 5174 2124 5248 Mariam,
2160 5177 2401 5248 reginam
2448 5187 2631 5248 postea
2671 5177 2893 5248 Anglice,
2941 5195 3133 5246 nlagno
3169 5190 3225 5233 et
3261 5195 3359 5234 suo
3389 5193 3441 5236 et

1879 5246 2107 5325 aliorum
2149 5245 2312 5311 malo,
2357 5245 2423 5300 ab
2459 5245 2781 5302 imminente
2807 5249 2998 5317 capitis
3035 5245 3286 5318 periculo
3325 5267 3442 5304 ser-

1875 5325 2040 5368 νανιι.
2084 5333 2103 5366 ι

1947 5385 2024 5457 (8)
2065 5384 2576 5457 ’ΥπαρχοἈΒίΙΙηι
2603 5385 2944 5457 "yparchum
2974 5405 2992 5438 ι
3020 5388 3445 5450 vertit,Comhc-

1875 5453 2367 5522 ﬁsi’o‘nonplac’et.
2422 5457 2478 5511 ln
2529 5453 2744 5512 Sozam.
2781 5458 3044 5522 redditur,
3097 5477 3115 5508 ι
3151 5458 3446 5515 Praefectus

1871 5526 2128 5594 praetorii.
2173 5545 2192 5578 ι

1943 5594 2048 5668 (9)Δ
2070 5594 2431 5668 ᾙττώμενοι.
2463 5596 2610 5652 Pass.
2636 5599 2955 5668 ἡττημένοι.

1945 5665 2058 5738 (10)
2106 5667 2204 5732 Ὧς
2234 5665 2410 5738 μηδέ.
2456 5668 2545 5726 Sic
2578 5665 2811 5738 quatuor
2851 5669 3022 5738 Regg.
3046 5678 3102 5725 et
3137 5667 3288 5737 Sav.;
3323 5669 3445 5724 Par.

1882 5735 2012 5790 ὥστε
2046 5737 2200 5790 μηδὲ.

1874 5752 2012 5791 ωστε
2045 5752 2214 5812 pnas...
