3878 6398
419 287 522 341 6'27

1657 291 1715 346 S.
1758 289 2092 356 GREGORII-
2125 290 2480 348 TllEOLOGl—

3566 287 3672 350 62.8

423 405 599 458 lenem
624 410 680 459 et
719 413 1055 460 mansuetam
1086 404 1241 470 dixit,
1272 421 1415 476 quoa
1456 423 1647 463 novem
1687 410 1866 479 capita
1900 424 1998 478 pro

2133 410 2346 464 πειστέον
2372 408 2508 478 (52)⁶
2537 405 2656 461 οὐδὲ
2675 404 2774 476 τὴν
2803 402 3119 474 Παταρικὴν
3135 401 3414 476 ’Χίμαιραν
3437 402 3573 475 αὗ),
3601 405 3668 459 ὄτι

425 511 538 549 uno
584 496 888 564 proferret,
921 496 964 550 si
993 497 1121 566 quid
1158 497 1280 554 ﬁdei
1311 496 1504 555 fabula:
1538 501 1842 555 habendum
1873 510 1954 556 est
1983 518 1998 554 :

428 601 530 640 nec
561 585 863 640 Pataricam
897 587 1234 654 chimzeram,
1265 591 1418 659 quod
1455 591 1557 644 tria
1587 606 1650 644 ae
1682 591 1917 657 diversa,
1945 602 2002 646 ut

434 689 697 733 terrorem
732 679 990 747 majorem
1024 679 1246 735 afferret
1279 700 1294 735 :
1328 692 1422 736 aut
1453 683 1603 737 illum
1633 684 1771 752 apud
1800 685 2005 740 inferos

429 769 727 824 Cerberum
751 809 767 833 ,
803 771 946 839 quod
983 772 1203 827 totidem
1240 783 1294 829 et
1322 774 1522 828 similia
1555 794 1576 840 ι,
1605 787 1697 828 aut
1733 777 1999 848 Scyllam,

433 877 738 932 a'quoream
773 872 977 930 pestem
1000 903 1015 925 ,
1058 866 1201 933 quod
1237 881 1332 921 sex
1361 866 1412 919 in
1445 866 1629 921 orbem
1661 871 2002 938 maximeque

440 957 709 1010 horrenda
743 974 756 1010 :
792 965 847 1008 et
872 967 1050 1010 tamen
1079 959 1387 1026 superiores
1414 959 1580 1026 ipsius
1605 971 1791 1029 partes.
1811 977 2005 1017 suaves

437 1054 489 1099 et
517 1045 784 1099 humanas
809 1043 976 1111 fuisse
1004 1055 1253 1112 narrant,
1285 1063 1383 1104 nec
1407 1060 1626 1117 aspectu
1653 1050 2002 1120 injucundas;

435 1135 592 1204 virgo
625 1136 768 1189 enim
805 1146 950 1199 erat,
1004 1139 1343 1208 cognationis
1378 1139 1658 1206 cujusdam
1705 1141 2004 1196 necessitu-

437 1227 565 1280 dine
608 1225 894 1284 nobiscum
945 1229 1194 1284 devincta
1228 1248 1241 1284 :
1285 1241 1339 1284 at
1372 1232 1576 1301 reliqua
1608 1233 1782 1300 capita
1814 1233 2004 1287 canina

437 1325 617 1382 erant,
652 1326 708 1372 et
745 1318 1006 1387 belluina,
1043 1330 1205 1389 atque
1239 1322 1461 1376 omnino
1493 1324 1796 1392 perniciosa
1820 1364 1836 1387 ,
1868 1324 2008 1379 clas-

437 1424 524 1465 ses
559 1410 722 1480 128
749 1420 891 1466 totas
917 1413 1292 1481 corripientia,
1322 1430 1442 1478 nec,
1473 1425 1731 1484 quantum
1766 1417 1831 1469 ad
1865 1416 2003 1483 peri-

442 1502 652 1580 culum,
677 1503 744 1556 ab
779 1504 1023 1574 opposita
1052 1505 1324 1575 Charybdi
1357 1507 1647 1576 quidquam
1680 1504 2004 1561 differentia.

442 1595 525 1646 An
575 1601 630 1646 tu
679 1594 840 1657 etiam
890 1595 1294 1665 sagittariorum
1329 1608 1385 1651 et
1423 1597 1753 1652 funditorum
1783 1598 2008 1669 sagittas

438 1700 504 1739 ac
531 1686 756 1754 lapides,
787 1703 892 1740 non
929 1698 1110 1741 autem
1139 1689 1436 1744 funditores
1457 1690 1603 1759 ipsos
1627 1700 1678 1744 et
1699 1691 2008 1758 sagittarios

439 1777 766 1832 accusabis?
809 1779 888 1831 An
935 1789 1258 1834 venatorum
1292 1796 1457 1836 canes
1485 1821 1497 1844 ,
1544 1791 1598 1834 et
1644 1782 2008 1835 veneficarum
2044 1767 2086 1820 Β

444 1868 649 1934 toxica,
685 1877 737 1922 et
768 1880 1189 1939 cornupetarum
1221 1871 1403 1934 boum,
1439 1881 1492 1924 et
1525 1872 1893 1926 dilaniantium
1927 1873 2009 1926 fe-

356 1962 374 1980 °
444 1975 628 2014 rarum
678 1976 878 2015 cornua
925 1971 982 2016 et
1027 1978 1284 2032 ungues:
1333 1964 1420 2032 qui
1452 1973 1630 2018 autem
1668 1963 1735 2018 iis
1766 1972 2008 2030 utuntur,

442 2061 598 2106 extra
629 2052 839 2122 culpam
869 2062 1162 2122 ponentur,
1191 2069 1290 2109 nec
1317 2055 1565 2110 criminis
1590 2069 1776 2108 earum
1806 2071 2007 2122 rerum,

442 2158 580 2212 quas
600 2146 988 2213 perpetrarint,
1015 2147 1304 2215 participes
1325 2147 1524 2202 erunt?
1551 2147 1754 2216 Magna:
1775 2147 2014 2217 profecto

441 2238 561 2292 haec
589 2238 832 2294 stultitia:
857 2239 1077 2305 fuerint,
1099 2255 1162 2295 ac
1192 2242 1433 2310 sophista
1459 2241 1645 2310 procul
1691 2242 1854 2296 dubio
1879 2257 2015 2312 Opus

445 2329 757 2393 habuerint,
789 2331 880 2401 qui
922 2332 1176 2386 vitiorum
1207 2347 1426 2388 suorum
1458 2335 1819 2404 patrocinium
1843 2335 2019 2389 susci-

444 2421 582 2488 piat,
617 2421 932 2491 viribusque
961 2423 1284 2493 eloquentiae
1308 2425 1593 2479 veritatem
1625 2427 1863 2496 obtegat.
1911 2425 2018 2480 Sed

447 2513 596 2568 nulla
631 2529 872 2581 unquam
917 2514 1126 2570 ratione
1154 2515 1393 2583 seipsum
1430 2516 1762 2580 occultabit,
1794 2531 1864 2570 ne
1891 2515 1935 2570 si
1965 2515 2018 2570 in

444 2619 660 2660 omnem
694 2607 912 2676 quidem
946 2614 1155 2676 partem
1192 2621 1251 2661 se
1289 2617 1500 2672 verset,
1528 2623 1592 2662 ac
1619 2623 1716 2676 per
1748 2608 2018 2662 vafritiam

447 2713 603 2750 suam
629 2698 682 2751 in
705 2714 893 2754 omnes
917 2697 1120 2754 formas
1143 2699 1425 2764 immutet;
1459 2707 1620 2766 atque
1643 2697 1766 2754 Orci
1790 2699 2021 2769 galeam,

446 2799 507 2842 nt
536 2789 641 2843 dici
674 2789 831 2854 solet,
867 2791 1076 2857 induat,
1105 2800 1197 2845 aut
1223 2789 1388 2862 Gygis
1413 2791 1610 2845 annulo
1637 2800 1689 2843 et
1727 2791 1862 2860 palac
1893 2806 2023 2844 con-

448 2881 700 2936 versione
753 2896 875 2936 sese
925 2881 1241 2938 suffuretur.
1297 2882 1408 2937 lmo
1458 2894 1685 2947 contra,
1715 2899 1821 2952 quo
1850 2883 2024 2954 magis

448 2972 591 3026 elabi
623 2982 784 3041 atque
811 2973 1052 3042 effugere
1081 2983 1254 3030 teutat
1277 3014 1294 3040 ,
1320 2975 1423 3029 hoc
1456 2975 1630 3045 magis
1667 2975 2026 3044 comprehen-

450 3067 597 3122 ditur
626 3075 681 3120 et
709 3068 1054 3122 convincitur
1084 3068 1224 3138 apud
1252 3067 1496 3122 veritatis
1528 3067 1781 3130 tribunal,
1813 3084 1874 3120 ac
1898 3083 2023 3135 pru-

450 3159 806 3214 dentissimos
835 3175 1079 3230 quosque
1108 3176 1294 3216 earum
1338 3175 1517 3216 rerum
1545 3159 1756 3227 judices
1781 3200 1796 3223 ,
1839 3168 2023 3227 utpote

455 3250 572 3306 ha‘e
602 3252 806 3307 faciens
829 3263 990 3322 atque
1013 3253 1382 3318 committens,
1412 3267 1533 3322 qum
1558 3266 1625 3307 ne
1646 3251 1761 3322 ipse
1783 3253 2022 3322 quidem,
2071 3250 2101 3277 "

2102 501 2251 570 τρεῖς
2272 499 2366 553 καὶ
2391 498 2679 569 ἀνομοίους
2709 495 2845 568 (54),
2871 494 3012 548 ὥστε
3051 489 3192 548 εἶναι
3217 495 3618 567 φοϐερωτέραν
3645 499 3664 550 ‘i

2101 589 2193 642 τὸν
2227 591 2284 641 ὲν
2321 588 2447 660 ᾇδου
2500 587 2779 658 Κέρϐερον
2837 583 2971 655 (55),
3028 585 3112 638 ὅτι
3168 585 3439 649 τοσαύτας
3482 603 3543 638 τε
3593 592 3663 640 κα

2101 682 2311 752 ὁμοίας·
2340 682 2374 753 ἢ
2412 681 2473 740 τὸ
2502 681 2785 734 θαλάττιον
2819 678 2988 731 κακὸν
3021 677 3120 748 τὴν
3149 677 3391 730 Σκύλλαν
3436 677 3574 747 (56),
3606 680 3672 731 ὅτ

2103 771 2163 835 ἓξ
2197 772 2253 823 ἐν
2293 770 2477 841 κύκλῳ
2525 770 2620 823 καὶ
2676 769 3067 838 φευκτοτὰτας·
3101 766 3277 820 καίτοι
3326 785 3391 836 γε
3434 767 3507 820 τὰ
3553 767 3678 830 ἄνω,

2105 863 2290 931 φασιν,
2326 861 2496 931 αὐτῆς
2526 861 2740 936 χρηστὰ
2768 861 2861 914 καὶ
2891 859 3266 930 φιλάνθρωπα,
3299 861 3525 928 καὶιείς
3566 860 3681 929 GLI/tv

2104 955 2203 1008 οὐκ
2230 954 2396 1024 ἀηδῆ·
2425 954 2563 1024 κόρη
2613 954 2719 1025 γὰρ
2745 949 2811 1024 ἦν
2837 952 2973 1022 πρὸς
2993 953 3140 1022 ἡμᾶς
3168 970 3220 1004 τι
3254 951 3521 1020 συγγενὲς
3546 951 3681 1022 ἔχου-

2102 1063 2193 1100 σα’
2226 1048 2279 1099 αἱ
2306 1047 2362 1098 δὲ
2395 1045 2504 1100 ἀπὸ
2520 1045 2708 1098 τούτου
2734 1043 2988 1107 κυνὼδεις
3016 1042 3247 1111 κεφαλαὶ
3282 1043 3374 1095 καὶ
3404 1041 3674 1113 θηριώδεα

2104 1139 2316 1202 οὐδενὸς
2342 1140 2455 1210 (⁸57)
2485 1136 2625 1209 ἦσαν
2653 1138 2881 1207 ἀγαθοῦ,
2915 1138 3133 1201 στόλους
3147 1137 3298 1201 ὅλους
3320 1136 3668 1208 ἀρπάζουσαι

2107 1231 2203 1282 καὶ
2239 1230 2404 1300 μηδὲν
2455 1232 2534 1293 εἰς
2587 1229 2828 1282 κίνδυνον
2859 1228 3210 1300 διαφέρουσαι
3256 1229 3356 1298 τῆς
3405 1227 3677 1280 ἀντιθέτοι

2107 1322 2436 1392 Χαρύϐδεως
2469 1321 2600 1392 (58).
2641 1323 2711 1374 "H
2743 1321 2838 1374 καὶ
2877 1321 2984 1374 τῶν
3019 1320 3251 1385 τοξοτῶν
3304 1321 3368 1374 σὺ
3431 1320 3532 1374 καὶ
3585 1320 3677 1372 τῶι

2109 1415 2464 1485 σφενδονιτῶν
2486 1415 2597 1481 (59)
2621 1413 2690 1467 τὰ
2720 1413 2847 1484 βέλη
2875 1413 2967 1468 καὶ
2985 1412 3304 1478 τοὺς).ίθους
3340 1414 3680 1485 καταιτιάση.

2108 1508 2221 1561 ἀλλ’
2254 1508 2313 1560 ού
2343 1508 2469 1570 τοὺς
2513 1505 2917 1573 σφενδονῶντας
2944 1504 3039 1558 καὶ
3072 1506 3197 1568 τοὺς
3216 1505 3568 1572 τοξεύοντας;
3615 1505 3678 1557 ἑτι

2108 1599 2165 1652 δὲ
2191 1597 2298 1651 τῶν
2338 1595 2652 1668 κυνηγετῶν
2685 1595 2797 1666 (40)
2835 1597 2962 1659 τους
2983 1595 3173 1660 κύνας,
3207 1597 3302 1649 καὶ
3335 1597 3444 1649 τῶν
3475 1615 3668 1668 φαρμα

2113 1691 2254 1744 κέων
2292 1688 2358 1742 τὰ
2394 1673 2715 1760 δηληγτήρια,
2741 1687 2965 1741 καὶτῶν
2992 1688 3360 1759 κεραττόντων
3408 1688 3523 1759 (41)
3559 1688 3680 1759 βοῶ1

2110 1784 2204 1835 καὶ
2270 1780 2683 1853 σπαραττόντων
2738 1779 2941 1856 θηρίων
2997 1779 3066 1832 τὰ
3128 1780 3334 1849 κέρατα
3405 1781 3505 1832 καὶ
3572 1781 3681 1833 τοῦι

2112 1876 2330 1946 ὄνυχας·
2359 1875 2408 1926 οἱ
2441 1873 2496 1925 δὲ
2532 1871 2803 1944 χρώμενοι
2823 1871 3032 1934 τούτοις
3061 1872 3215 1935 ἐκτὸς
3246 1873 3538 1942 στήσονται
3562 1872 3672 1942 (ιὲ)

2113 1967 2206 2020 καὶ
2225 1967 2286 2019 οὐ
2307 1965 2586 2036 μεθέξουσι
2601 1964 2701 2034 τῆς
2724 1958 2797 2017 ὧν
2819 1962 3087 2034 τολμῶσιν
3103 1965 3307 2027 αἱτίας;
3330 1965 3540 2034 Πολλῆς
3570 1965 3673 2019 ταῦ

2113 2075 2181 2111 τα
2211 2057 2308 2127 τῆς
2333 2055 2572 2123 ἀλογίας,
2602 2054 2694 2107 καὶ
2708 2053 2876 2117 ὄντως
2911 2050 3160 2121 σοφιστοῦ
3187 2052 3298 2122 (45)
3317 2051 3568 2121 δεόμενα,
3586 2055 3682 2105 τοίι

2117 2149 2305 2205 ἑαυτοῦ
2344 2146 2765 2220 συνηγοροῦντος
2794 2150 3007 2211 κακοῖς,
3040 2146 3135 2199 καὶ
3161 2149 3226 2216 τῇ
3272 2145 3367 2199 τοῦ
3414 2145 3573 2215 λόγου
3609 2146 3672 2199 δυ

2117 2241 2281 2311 νάμει
2339 2240 2400 2292 τὸ
2437 2239 2635 2310 ἀληθὲς
2689 2237 3178 2307 συγκαλύπτοντος.
3237 2238 3377 2290 Ἀλλ’
3404 2240 3500 2291 οὐκ
3545 2239 3682 2294 ἔστι·

2119 2335 2266 2398 ὅπως
2295 2334 2484 2387 ἑαυτὸν
2517 2331 2822 2404 ἀποκρύψει
2852 2332 2982 2402 (Li),
3017 2331 3125 2385 οὐδ’
3156 2332 3222 2384 ἂν
3261 2332 3431 2385 πολλὰ
3457 2336 3682 2405 στραφῇ.

2119 2426 2212 2478 καὶ
2267 2427 2515 2486 παντοῖος
2572 2426 2794 2492 γένηται
2841 2425 2961 2486 ταῖς
3013 2421 3296 2485 ἐπινοίαις,
3345 2422 3455 2474 οὐδ’
3504 2425 3551 2474 εἰ
3601 2424 3687 2494 τὴε

2124 2518 2305 2580 ’Ἄϊδος
2329 2516 2527 2586 κυνέην
2556 2515 2692 2585 (45),
2720 2514 2748 2567 ὃ
2776 2515 2839 2585 δὴ
2869 2514 3108 2583 λέγεται,
3139 2513 3525 2585 περιθέμενος,
3553 2514 3588 2582 ἦ

2120 2610 2386 2680 δακτυλίῳ
2420 2609 2596 2676 Γύγου
2623 2607 2759 2677 (46),
2809 2607 2905 2660 καὶ
2950 2610 3016 2679 τῇ
3047 2610 3250 2678 στροφῇ
3279 2606 3382 2675 τῆς
3410 2605 3690 2677 σφενδόνης

2122 2701 2486 2772 χρησάμενος,
2520 2699 2708 2751 ἑαυτὸν
2729 2698 3054 2768 ἀποκλέψειε
3091 2699 3223 2769 (57)·
3258 2699 3572 2752 τούναντίον
3605 2700 3694 2768 μὲι

2122 2788 2234 2856 οῦν,
2269 2793 2377 2862 ὅσῳ
2409 2791 2630 2860 φεύγειν
2657 2792 2923 2862 ἐπιχειρεί
2945 2792 3037 2843 καὶ
3070 2790 3493 2862 διαδιδράσκειν,
3517 2789 3693 2842 τοσού-

2122 2905 2200 2956 τῳ
2233 2886 2392 2939 πλέον
2427 2885 2702 2939 ἁλίσκεται
2727 2885 2875 2956 παρὰ
2897 2884 3122 2954 ἀληθείᾳ
3142 2883 3460 2955 δικαζούσῃ,
3484 2884 3580 2937 καὶ
3594 2886 3696 2948 τάς

2127 2978 2510 3050 συνετωτέροις
2553 2977 2756 3031 τούτων
2782 2979 3017 3048 κριταῖς,
3058 2976 3133 3040 ὡς
3157 2976 3328 3029 ταῦτα
3354 2977 3615 3047 πράττων
3647 2993 3697 3028 τι

2126 3073 2220 3126 καὶ
2253 3072 2486 3144 τολμῶν,
2531 3068 2612 3136 οἷς
2645 3072 2752 3125 οὐδ’
2795 3071 2860 3125 ἂν
2913 3071 3075 3133 αὐτὸς
3109 3071 3184 3133 ὡς
3211 3070 3437 3132 δικαίως
3473 3086 3699 3143 πραττο-

2131 3165 2312 3236 μένοις
2341 3164 2438 3237 ἔχῃ
2463 3166 2804 3235 συνηγορεῖν·
2829 3163 3003 3226 οὓτως
3022 3161 3290 3215 εὐάλωτόν
3307 3164 3457 3216 ἐστιν
3480 3164 3514 3234 ἡ
3545 3179 3701 3234 πονη-

2133 3255 2242 3326 ρία,
2273 3256 2368 3308 καὶ
2403 3255 2738 3325 πανταχόθεν
2761 3257 2927 3326 ἐαυτῇ
2962 3253 3389 3324 περιπίπτουσα.

455 3352 513 3395 ιιι
552 3345 696 3412 justa
739 3344 1029 3401 defendere
1069 3357 1252 3416 queat.
1304 3347 1452 3402 Adeo
1497 3358 1809 3419 expugnatu
1858 3345 2032 3402 facilis
2071 3363 2160 3404 res
2203 3359 2283 3404 est
2331 3349 2688 3418 improbitas,
2752 3360 2916 3420 atque
2978 3349 3335 3416 undecunque
3361 3361 3552 3402 secum
3589 3346 3705 3416 ipsa

452 3445 675 3504 pugnaL

526 3529 685 3584 XCV.
719 3531 828 3586 Nec
860 3532 1156 3602 putandum
1186 3541 1302 3593 est.
1333 3546 1395 3588 ea
1429 3532 1644 3601 quidem
1664 3570 1681 3596 ,
1707 3548 1828 3602 quae
1856 3532 2026 3587 faeie-

453 3623 548 3677 bat
571 3663 585 3688 ,
620 3623 746 3676 talia
776 3622 967 3690 fuisse,
1004 3634 1224 3693 tamque
1253 3623 1321 3677 ab
1357 3624 1701 3693 imperatoria
1743 3625 2027 3682 nobilitate

456 3725 512 3767 et
540 3715 946 3786 magnificentia
980 3725 1186 3769 remota
1212 3732 1226 3779 ;
1257 3730 1318 3769 ea
1351 3731 1483 3770 vero
1515 3731 1633 3786 quae
1664 3715 1842 3771 facere
1869 3717 2024 3772 insti-

459 3805 665 3869 tuebat,
696 3808 1042 3869 hu‘maniora,
1077 3816 1133 3860 et
1169 3808 1499 3877 imperatore
1532 3809 1799 3877 digniora.
1837 3808 2026 3876 Magno

457 3896 701 3966 profecto
729 3898 1107 3953 aestimandum
1138 3910 1303 3966 esset,
1333 3901 1378 3956 si
1407 3915 1510 3954 non
1543 3900 1609 3955 iis
1640 3915 1760 3973 qua:
1789 3915 2026 3956 comme-

531 4075 650 4173 (52)
684 4077 987 4130 Πειστέον.
1029 4076 1164 4132 Tres
1199 4077 1368 4148 Regg.
1405 4078 1640 4134 πιστέον.
1677 4079 1808 4152 Reg.
1855 4098 1908 4144 u,
1937 4098 2028 4134 πι-

460 4161 732 4200 στευτεον.

531 4215 642 4285 (55)
687 4217 804 4290 Τὴν
829 4217 1170 4285 ﬂammati-1r
1195 4218 1500 4290 Χίμαιραν.
1533 4237 1557 4272 ι
1583 4219 1770 4275 Patara
1798 4239 1817 4273 ι
1849 4219 2026 4290 Lycizn

459 4291 612 4358 urbs,
648 4287 731 4339 cui
766 4303 917 4340 mons
943 4290 1158 4354 quidam
1189 4287 1490 4358 ignivomus
1537 4290 1814 4352 imminet;
1845 4287 2024 4345 in'cu-

453 4356 543 4425 jus
571 4359 851 4412 cacumine
881 4358 1084 4420 leones,
1116 4359 1168 4411 in
1198 4356 1372 4412 medio
1409 4374 1585 4426 caprze
1606 4400 1620 4423 ,
1659 4361 1709 4413 in
1756 4361 2024 4415 radicibus

459 4435 640 4481 autem
669 4437 944 4493 serpentes
971 4428 1233 4484 habitant.
1269 4428 1420 4484 Unde
1463 4431 1634 4484 factus
1656 4441 1735 4484 est
1771 4429 1916 4484 locus
1945 4431 2025 4483 fa-

458 4497 618 4560 bulae,
651 4516 669 4548 ι
702 4495 1024 4554 Chimzeram
1059 4518 1078 4550 ι
1113 4508 1411 4553 monstrum
1449 4515 1567 4554 esse
1603 4501 1745 4568 quod
1783 4501 2028 4555 ﬂammas

457 4578 696 4640 evomat,
734 4579 896 4640 caput
937 4569 1114 4640 leonis
1165 4569 1414 4640 habens,
1462 4581 1705 4623 ventrem
1759 4587 1936 4640 capra:
1975 4581 2030 4625 et

459 4637 687 4690 caudam
720 4639 999 4708 draconis,
1049 4647 1163 4704 aut,
1204 4651 1260 4692 ut
1304 4639 1434 4702 alii,
1467 4641 1568 4693 tria
1619 4637 1842 4708 capita,'
1865 4655 2029 4695 unum

456 4707 650 4773 leunis,
686 4707 913 4761 alterum
951 4721 1147 4776 caprae,
1170 4718 1222 4762 et
1245 4709 1459 4764 tertium
1497 4711 1782 4777 serpentis.

531 4777 642 4844 (54)
692 4779 1056 4847 Ἀνομοιόυς.
1110 4780 1272 4834 Addit
1318 4777 1471 4835 Pass.
1519 4781 1777 4850 κεφαλάς,
1825 4790 1880 4836 et
1935 4794 2031 4851 pro

457 4846 599 4900 ὥστε
636 4846 893 4914 sequente
927 4852 1074 4912 legit.
1106 4851 1199 4912 ὡς.

530 4916 643 4988 (55)
692 4917 1003 4986 Κέρϐερον.
1044 4919 1337 4974 lnferorutu
1365 4920 1514 4975 canis
1536 4931 1618 4976 est
1643 4940 1663 4972 ι
1691 4919 1980 4985 Cerberus,
2007 4941 2023 4974 ι

457 4989 549 5058 qui
583 4990 684 5041 tria
719 4990 917 5042 habere
949 4992 1123 5056 capita
1157 4991 1394 5058 fingitur.

529 5057 644 5128 (36)
688 5057 808 5127 Τὴν·
852 5060 1156 5112 Σκύλλαν.
1211 5057 1443 5129 (Scylla
1487 5081 1505 5113 ι
1555 5070 1636 5115 est
1687 5061 1935 5128 scopulus
1980 5062 2031 5114 in

459 5130 596 5182 mari
619 5129 818 5200 (Siculo
846 5129 1144 5198 naufragiis
1179 5129 1436 5191 famosus,
1482 5133 1547 5183 ad
1579 5147 1737 5200 quem
1781 5132 1904 5194 illisi
1933 5130 2032 5184 llu-

458 5211 582 5252 ctus
615 5199 844 5251 latratus
880 5215 1074 5252 canum
1110 5201 1412 5254 imitantur.
1449 5200 1504 5254 In
1537 5199 1681 5255 hunc
1715 5211 1917 5256 mutata
1951 5212 2034 5256 est

463 5268 641 5340 Scylla
682 5267 875 5322 Phorci
913 5269 1044 5330 fil-ia,
1077 5285 1215 5340 quae,
1252 5281 1309 5340 ut
1343 5269 1652 5324 fabulantur
1688 5282 1880 5340 poene,
1913 5288 2033 5324 nm-

459 5337 556 5390 lier
591 5338 823 5392 formosi
854 5353 1104 5405 superne,
1138 5339 1189 5393 in
1247 5339 1448 5408 piscem
1493 5341 1573 5394 vel
1615 5342 1665 5394 in
1688 5337 2032 5396 'horreudum

460 5419 764 5472 serpentem
798 5410 1096 5463 desinebat.

533 5477 646 5545 (57)
690 5477 970 5544 Οὐδενός,
1000 5489 1102 5532 etc.
1139 5479 1354 5546 Septem
1377 5480 1568 5549 chg.,
1596 5481 1699 5533 duo
1713 5480 1861 5538 Colb.
1885 5481 2035 5542 οὐδὲν

372 5601 384 5612 ,
459 5540 601 5617 ἦσαν
632 5540 869 5618 ⁷ἀγαθοῦ.
925 5540 1109 5603 ἱιιὶιιὶι
1159 5540 1423 5604 habebant
1459 5540 1638 5605 boni:
1689 5552 1865 5606 omnis
1911 5540 2034 5610 belli

462 5630 717 5671 exnertta.
751 5639 768 5670 ι
1213 5639 1216 5644 ·

829 5690 1133 5744 ἀντιθέτων
1159 5691 1517 5758 Χαρύϐδεως.
1539 5690 1661 5744 Par.
1681 5691 1763 5744 ed.
1780 5695 1909 5756 τοῖς,
1929 5701 2032 5746 etc.

473 5776 492 5818 ι
525 5759 824 5826 Charybdis
865 5783 872 5808 τ
917 5773 1030 5817 erat
1056 5778 1244 5829 gurges
1280 5765 1572 5818 verticosus
1598 5762 1648 5816 in
1682 5761 1812 5817 freto
1831 5763 2033 5819 Siculo.

2061 4477 2188 4556 θεῖ

2201 3531 2313 3599 ιιΕπ
2335 3530 2444 3584 Καὶ
2465 3530 2562 3600 οὐχ
2592 3529 2627 3584 ἃ
2646 3529 2744 3601 μὲν
2769 3527 3031 3600 ἔπραττεν
3061 3526 3182 3597 ἤδη,
3200 3525 3424 3579 τοιαῦτα
3446 3527 3544 3578 καὶ
3571 3524 3707 3580 οὕτω

2131 3625 2318 3697 πόρρω
2369 3622 2651 3694 βασιλικῆς
2683 3621 2959 3691 εὐγενείας
2992 3619 3086 3674 καὶ
3137 3617 3641 3688 μεγαλοπρεπείας·
3673 3617 3708 3672 ἃ

2129 3718 2182 3772 δὲ
2203 3719 2454 3772 διενοεῖτο
2471 3717 2716 3789 πράξειν,
2741 3713 3069 3788 ἡμερώτερά
3097 3731 3154 3767 τε
3169 3714 3262 3766 καὶ
3285 3711 3706 3784 βασιλικώτερα.

2128 3808 2330 3862 Πολλοῦ
2361 3809 2508 3881 μέντ’
2540 3809 2605 3862 ἂν
2625 3809 2772 3876 ἄξιον
2802 3805 2889 3879 ἦν,
2915 3809 2963 3861 εἰ
3001 3807 3074 3879 μὴ
3110 3804 3240 3858 πολὺ
3273 3803 3383 3856 τῶν
3403 3804 3710 3875 εἰρημένων

2129 3901 2618 3975 ἀπανθρωπότερα.
2650 3902 2861 3972 Ὥσπερ
2902 3900 3011 3971 γὰρ
3051 3899 3346 3971 δράκοντος
3388 3896 3709 3964 κινουμένου

2137 4081 2328 4148 Scylla:
2365 4080 2657 4148 oppositus.

2137 4098 2203 4135 ac
2249 4098 2328 4135 me
2365 4098 2657 4148 OppOSllllS.

2130 4098 2756 4275 δοὲὲὲῦξφενδονιτῶν.
2775 4147 3016 4216 Quatuor
3039 4147 3228 4220 Regg.,
3251 4149 3356 4203 duo
3379 4145 3536 4203 Colb.
3563 4163 3716 4216 σφεν-

2161 4237 2387 4274 ονητων.

2203 4241 2426 4362 ξῗδῖωίίὲ
2472 4291 2588 4345 τῶν
2631 4290 2990 4362 κυνηγετῶν·
3041 4287 3510 4362 ρειπευςπιξθεεη
3555 4287 3712 4362 εθΙδο

2131 4362 2184 4428 8,
2212 4356 2311 4417 Ου’.
2345 4364 2397 4425 1,
2438 4377 2501 4415 ex
2533 4362 2729 4430 quibus
2771 4356 2858 4414 alii
2905 4361 2984 4421 δέ,
3038 4360 3126 4413 alii
3165 4357 3262 4430 Gai.
3287 4356 3408 4410 τῶν
3433 4356 3712 4426 κυνηγῶν.

2201 4433 2313 4503 (Η)
2351 4429 2778 4501 Κεραττόντων.
2806 4432 2908 4485 Sex
2935 4431 3122 4503 R_egg.,
3139 4444 3219 4483 or.
3243 4429 3296 4489 l.
3322 4431 3712 4503 κυριττόντων.

2195 4498 2223 4557 c
2250 4498 2435 4556 etiam'
2459 4512 2610 4571 putat
2649 4503 2926 4564 legendum
2945 4500 3219 4571 _Bud;eus,-
3251 4498 3714 4571 ῩεΙλκερατιζᾷνο

2131 4589 2265 4634 των.
2290 4574 2419 4643 Reg.
2448 4567 2503 4643 ῥ’,
2539 4571 2916 4643 κηριττόντων.
2944 4569 3062 4624 Bill.
3090 4578 3144 4624 et
3174 4568 3322 4625 Colb.
3355 4569 3410 4634 d,
3435 4567 3716 4639 κεριττόνο

2132 4661 2258 4714 των,
2282 4641 2435 4714 Pa
2449 4641 2839 4714 ’σκηπτόντωψ

2204 4713 2315 4781 (49.)
2367 4708 2575 4776 Ἐκτὸῤ
2603 4713 2955 4779 στήσονται.
2987 4708 3137 4781 Gell).
3167 4709 3221 4773 ’5,
3253 4709 3647 4781 ἐκστήσονται.

2205 4779 2315 4849 (45)
2356 4783 2672 4850 Σοφιστοῦ.
2716 4782 2994 4835 Libanittm
3049 4779 3133 4832 hic
3169 4781 3342 4850 carpit
3390 4779 3712 4850 Gregorius.

2205 4847 2316 4922 (44)
2371 4847 2749 4922 Ἀἓίοκρύψεμ
2793 4851 2923 4920 Reg.
2957 4851 3064 4913 bm,
3098 4857 3154 4902 et
3189 4847 3358 4903 Savil.
3391 4848 3713 4920 ἀποκρύψῃ.

2134 4921 2375 4977 Cotnhef.
2411 4921 2767 4993 ἀποκρύψειε.

2207 4993 2317 5060 (45)
2363 4993 2481 5060 Τὴν
2507 4987 2698 5056 "graec
2719 4991 2964 5057 κυνέην.
2999 5007 3020 5040 t
3047 4987 3172 5060 O_rci
3199 4988 3427 5060 galeam.
3463 5007 3481 5040 ι
3514 4987 3630 5041 Hoc
3653 4989 3715 5041 de

2135 5058 2333 5117 iisdiéi
2366 5058 2525 5128 solet,
2563 5065 2735 5131 inquit
2767 5062 3040 5118 Erasmus.
3075 5058 3232 5111 Prov.
3261 5059 3349 5131 74,
3391 5060 3484 5126 qui
3514 5075 3577 5113 se
3598 5068 3717 5113 arte

2136 5133 2592 5203 quapiaImquasi
2622 5129 2912 5203 caliginosa
2944 5131 3116 5199 galea,
3143 5129 3439 5203 occultant.

2207 5203 2318 5272 (46)
2365 5197 2780 5272 Τῷὃακτυλίῳ
2824 5197 3043 5272 Γύγου.
3088 5218 3106 5250 t
3146 5199 3311 5268 Gygis
3350 5197 3574 5272 annulo.
3619 5217 3639 5249 ι
3672 5198 3706 5250 Α

2136 5269 2309 5342 poetis
2341 5285 2594 5326 narratur
2620 5271 2800 5342 Gygen
2823 5269 3007 5342 Lydim
3030 5277 3321 5337 pastorem,
3347 5283 3471 5322 cum
3499 5269 3549 5342 in
3589 5283 3706 5335 spe-

2139 5340 2348 5398 luncam
2381 5340 2770 5404 descendiSSet,
2800 5340 3011 5407 illicquc
3040 5353 3244 5395 wueum
3276 5353 3501 5405 equum,
3529 5340 3580 5388 in
3607 5351 3708 5403 qua

2139 5414 2370 5468 hominis
2413 5415 2671 5478 cadaver,
2708 5427 2761 5465 et
2810 5411 3102 5478 annulum,
3138 5409 3289 5477 cujus
3343 5408 3463 5478 pala
3521 5408 3713 5478 flexilis

2137 5495 2272 5544 erat.
2320 5483 2629 5543 invenisset,
2658 5475 2861 5535 secum
2910 5477 3163 5532 annulum
3204 5475 3526 5536 abstulisse,
3560 5475 3712 5540 cujus

2138 5554 2358 5615 virtute,
2383 5555 2644 5606 occultata
2677 5552 2816 5616 pala,
2854 5550 2966 5619 ipse
2996 5564 3210 5619 quoque
3236 5549 3638 5619 occultaliatur.

2208 5623 2322 5690 (47)
2375 5621 2778 5690 Ἀποκλέψειε.
2813 5616 2978 5674 savii.
3015 5616 3443 5691 bﬁoxlétiag._l§il.
3486 5627 3539 5669 et
3565 5616 3733 5671 Morir

2143 5688 2242 5751 tae.
2271 5693 2582 5766 ἀποκρύψῃ,
2625 5688 2649 5744 ι’
2679 5693 2861 5746 furtim
2893 5706 3010 5746 sese
3041 5689 3208 5746 oculis
3244 5688 3530 5744 subducat.
3581 5705 3598 5736 ι
