  <div class='ocr_page' id='page_1' title='image "/cluster/home/n/w/nwhite01/storage/ocr_20150623/35/hvd.32044024473308/320.png"; bbox 0 0 3878 6398; ppageno 0'>
   <div class='ocr_carea' id='block_1_1' title="bbox 207 390 300 447">
    <p class='ocr_par' dir='ltr' id='par_1_1' title="bbox 207 390 300 447">
     <span class='ocr_line' id='line_1_1' title="bbox 207 390 300 447; baseline 0 0"><span class='ocrx_word' id='word_1_1' title='bbox 207 390 300 447; x_wconf 74' lang='lat'><strong>629</strong></span> 
     </span>
    </p>
   </div>
   <div class='ocr_carea' id='block_1_2' title="bbox 1191 393 2458 452">
    <p class='ocr_par' dir='ltr' id='par_1_2' title="bbox 1191 393 2458 452">
     <span class='ocr_line' id='line_1_2' title="bbox 1191 393 2458 452; baseline -0.002 -4"><span class='ocrx_word' id='word_1_2' title='bbox 1191 393 1446 450; x_wconf 80' lang='lat' dir='ltr'><strong>ORATIO</strong></span> <span class='ocrx_word' id='word_1_3' title='bbox 1486 395 1575 452; x_wconf 83' lang='grc' dir='ltr'><strong>ιν.</strong></span> <span class='ocrx_word' id='word_1_4' title='bbox 1617 427 1685 437; x_wconf 88' lang='lat'><strong>——</strong></span> <span class='ocrx_word' id='word_1_5' title='bbox 1724 397 2002 452; x_wconf 77' lang='lat' dir='ltr'><strong>CONTRA</strong></span> <span class='ocrx_word' id='word_1_6' title='bbox 2039 395 2381 452; x_wconf 78' lang='lat' dir='ltr'><strong>JULIANUM</strong></span> <span class='ocrx_word' id='word_1_7' title='bbox 2417 393 2458 448; x_wconf 88' lang='grc' dir='ltr'>ῐ.</span> 
     </span>
    </p>
   </div>
   <div class='ocr_carea' id='block_1_3' title="bbox 3317 388 3452 443">
    <p class='ocr_par' dir='ltr' id='par_1_3' title="bbox 3317 388 3452 443">
     <span class='ocr_line' id='line_1_3' title="bbox 3317 388 3452 443; baseline 0 0"><span class='ocrx_word' id='word_1_8' title='bbox 3317 388 3422 443; x_wconf 78' lang='grc'><strong>650</strong></span> <span class='ocrx_word' id='word_1_9' title='bbox 3442 414 3452 422; x_wconf 70' lang='grc' dir='ltr'><strong>ν</strong></span> 
     </span>
    </p>
   </div>
   <div class='ocr_carea' id='block_1_4' title="bbox 199 489 1768 585">
    <p class='ocr_par' dir='ltr' id='par_1_4' title="bbox 199 506 1753 585">
     <span class='ocr_line' id='line_1_4' title="bbox 199 506 1753 585; baseline 0.006 -25"><span class='ocrx_word' id='word_1_10' title='bbox 199 506 415 576; x_wconf 75' lang='grc' dir='ltr'>φολίδες,</span> <span class='ocrx_word' id='word_1_11' title='bbox 447 507 502 560; x_wconf 85' lang='grc' dir='ltr'>αἱ</span> <span class='ocrx_word' id='word_1_12' title='bbox 530 509 628 580; x_wconf 81' lang='grc' dir='ltr'><strong>μὲν</strong></span> <span class='ocrx_word' id='word_1_13' title='bbox 657 511 756 582; x_wconf 74' lang='grc' dir='ltr'>ήδη</span> <span class='ocrx_word' id='word_1_14' title='bbox 783 510 1118 582; x_wconf 76' lang='grc' dir='ltr'><strong>φρίσσουσιν,</strong></span> <span class='ocrx_word' id='word_1_15' title='bbox 1142 513 1196 566; x_wconf 74' lang='grc' dir='ltr'>αἱ</span> <span class='ocrx_word' id='word_1_16' title='bbox 1233 513 1289 567; x_wconf 76' lang='grc' dir='ltr'>δὲ</span> <span class='ocrx_word' id='word_1_17' title='bbox 1323 532 1753 585; x_wconf 79' lang='grc' dir='ltr'>επιφρισσουσιν,</span> 
     </span>
    </p>
   </div>
   <div class='ocr_carea' id='block_1_5' title="bbox 1879 489 3424 585">
    <p class='ocr_par' dir='ltr' id='par_1_5' title="bbox 1879 507 3424 581">
     <span class='ocr_line' id='line_1_5' title="bbox 1879 507 3424 581; baseline -0.005 -11"><span class='ocrx_word' id='word_1_18' title='bbox 1879 520 2210 581; x_wconf 87' lang='lat' dir='ltr'><strong>noravimus,</strong></span> <span class='ocrx_word' id='word_1_19' title='bbox 2246 516 2418 570; x_wconf 91' lang='lat' dir='ltr'><strong>multo</strong></span> <span class='ocrx_word' id='word_1_20' title='bbox 2451 513 2827 568; x_wconf 87' lang='lat' dir='ltr'><strong>inhumaniora</strong></span> <span class='ocrx_word' id='word_1_21' title='bbox 2859 520 2912 566; x_wconf 92' lang='lat' dir='ltr'><strong>et</strong></span> <span class='ocrx_word' id='word_1_22' title='bbox 2953 510 3256 567; x_wconf 81' lang='lat' dir='ltr'><strong>crudeliora</strong></span> <span class='ocrx_word' id='word_1_23' title='bbox 3290 507 3424 564; x_wconf 84' lang='lat' dir='ltr'><strong>fuis-</strong></span> 
     </span>
    </p>
   </div>
   <div class='ocr_carea' id='block_1_6' title="bbox 195 599 1750 678">
    <p class='ocr_par' dir='ltr' id='par_1_6' title="bbox 195 599 1750 678">
     <span class='ocr_line' id='line_1_6' title="bbox 195 599 1750 678; baseline 0.003 -26"><span class='ocrx_word' id='word_1_24' title='bbox 195 601 245 652; x_wconf 86' lang='grc' dir='ltr'><strong>αί</strong></span> <span class='ocrx_word' id='word_1_25' title='bbox 278 599 330 651; x_wconf 81' lang='grc' dir='ltr'>δὲ</span> <span class='ocrx_word' id='word_1_26' title='bbox 357 599 630 668; x_wconf 88' lang='grc' dir='ltr'>μέλλουσι,</span> <span class='ocrx_word' id='word_1_27' title='bbox 673 603 772 667; x_wconf 82' lang='grc' dir='ltr'>τὰς</span> <span class='ocrx_word' id='word_1_28' title='bbox 809 604 865 656; x_wconf 82' lang='grc' dir='ltr'><strong>δὲ</strong></span> <span class='ocrx_word' id='word_1_29' title='bbox 893 604 993 656; x_wconf 85' lang='grc' dir='ltr'><strong>οὐκ</strong></span> <span class='ocrx_word' id='word_1_30' title='bbox 1036 603 1150 656; x_wconf 80' lang='grc' dir='ltr'>ἔστι</span> <span class='ocrx_word' id='word_1_31' title='bbox 1203 606 1276 676; x_wconf 81' lang='grc' dir='ltr'><strong>μὴ</strong></span> <span class='ocrx_word' id='word_1_32' title='bbox 1307 607 1610 678; x_wconf 83' lang='grc' dir='ltr'>κινηθῆναι,</span> <span class='ocrx_word' id='word_1_33' title='bbox 1647 609 1750 661; x_wconf 77' lang='grc' dir='ltr'>κᾶν</span> 
     </span>
    </p>
   </div>
   <div class='ocr_carea' id='block_1_7' title="bbox 196 688 1752 766">
    <p class='ocr_par' dir='ltr' id='par_1_7' title="bbox 196 688 1752 766">
     <span class='ocr_line' id='line_1_7' title="bbox 196 688 1752 766; baseline 0.005 -27"><span class='ocrx_word' id='word_1_34' title='bbox 196 688 488 757; x_wconf 69' lang='grc' dir='ltr'>ἠρεμοῦσαι</span> <span class='ocrx_word' id='word_1_35' title='bbox 535 691 671 754; x_wconf 86' lang='grc' dir='ltr'>τέως</span> <span class='ocrx_word' id='word_1_36' title='bbox 717 692 1076 761; x_wconf 77' lang='grc' dir='ltr'><strong>τυγχάνωσιν·</strong></span> <span class='ocrx_word' id='word_1_37' title='bbox 1125 693 1172 744; x_wconf 89' lang='grc' dir='ltr'><strong>εί</strong></span> <span class='ocrx_word' id='word_1_38' title='bbox 1223 693 1398 762; x_wconf 83' lang='grc' dir='ltr'><strong>βούλει</strong></span> <span class='ocrx_word' id='word_1_39' title='bbox 1447 694 1522 757; x_wconf 80' lang='grc' dir='ltr'><strong>δὲ,</strong></span> <span class='ocrx_word' id='word_1_40' title='bbox 1568 693 1752 766; x_wconf 87' lang='grc' dir='ltr'>ῶσπερ</span> 
     </span>
    </p>
   </div>
   <div class='ocr_carea' id='block_1_8' title="bbox 197 781 1756 857">
    <p class='ocr_par' dir='ltr' id='par_1_8' title="bbox 197 781 1756 857">
     <span class='ocr_line' id='line_1_8' title="bbox 197 781 1756 857; baseline 0.005 -26"><span class='ocrx_word' id='word_1_41' title='bbox 197 781 458 850; x_wconf 76' lang='grc' dir='ltr'><strong>κεραυνῷ,</strong></span> <span class='ocrx_word' id='word_1_42' title='bbox 521 782 590 835; x_wconf 73' lang='grc' dir='ltr'>τὰ</span> <span class='ocrx_word' id='word_1_43' title='bbox 618 784 716 854; x_wconf 84' lang='grc' dir='ltr'><strong>μὲν</strong></span> <span class='ocrx_word' id='word_1_44' title='bbox 745 785 843 856; x_wconf 67' lang='grc' dir='ltr'>ἤδη</span> <span class='ocrx_word' id='word_1_45' title='bbox 879 785 1164 853; x_wconf 86' lang='grc' dir='ltr'>κατέχεται</span> <span class='ocrx_word' id='word_1_46' title='bbox 1199 785 1332 851; x_wconf 73' lang='grc'>(48),</span> <span class='ocrx_word' id='word_1_47' title='bbox 1359 785 1426 838; x_wconf 85' lang='grc' dir='ltr'>τὰ</span> <span class='ocrx_word' id='word_1_48' title='bbox 1452 785 1508 838; x_wconf 80' lang='grc' dir='ltr'>δὲ</span> <span class='ocrx_word' id='word_1_49' title='bbox 1552 803 1756 857; x_wconf 86' lang='grc' dir='ltr'>προμε-</span> 
     </span>
    </p>
   </div>
   <div class='ocr_carea' id='block_1_9' title="bbox 195 869 1753 946">
    <p class='ocr_par' dir='ltr' id='par_1_9' title="bbox 195 869 1753 946">
     <span class='ocr_line' id='line_1_9' title="bbox 195 869 1753 946; baseline 0.004 -25"><span class='ocrx_word' id='word_1_50' title='bbox 195 869 448 934; x_wconf 72' lang='grc' dir='ltr'>λαίνεται,</span> <span class='ocrx_word' id='word_1_51' title='bbox 496 874 688 944; x_wconf 80' lang='grc' dir='ltr'><strong>μέχρις</strong></span> <span class='ocrx_word' id='word_1_52' title='bbox 731 875 796 928; x_wconf 81' lang='grc' dir='ltr'><strong>ἂν</strong></span> <span class='ocrx_word' id='word_1_53' title='bbox 835 876 928 928; x_wconf 82' lang='grc' dir='ltr'><strong>καὶ</strong></span> <span class='ocrx_word' id='word_1_54' title='bbox 956 874 1128 928; x_wconf 82' lang='grc' dir='ltr'>ταῦτα</span> <span class='ocrx_word' id='word_1_55' title='bbox 1174 875 1372 946; x_wconf 84' lang='grc' dir='ltr'>ἐπέλθῃ</span> <span class='ocrx_word' id='word_1_56' title='bbox 1433 876 1525 928; x_wconf 80' lang='grc' dir='ltr'>τοῦ</span> <span class='ocrx_word' id='word_1_57' title='bbox 1584 876 1753 930; x_wconf 78' lang='grc' dir='ltr'>κακοῦ</span> 
     </span>
    </p>
   </div>
   <div class='ocr_carea' id='block_1_10' title="bbox 193 959 1753 1036">
    <p class='ocr_par' dir='ltr' id='par_1_10' title="bbox 193 959 1753 1036">
     <span class='ocr_line' id='line_1_10' title="bbox 193 959 1753 1036; baseline 0.004 -26"><span class='ocrx_word' id='word_1_58' title='bbox 193 959 616 1028; x_wconf 73' lang='grc' dir='ltr'><strong>δυναστεύοντος,</strong></span> <span class='ocrx_word' id='word_1_59' title='bbox 639 963 778 1017; x_wconf 72' lang='grc' dir='ltr'>οὕτω</span> <span class='ocrx_word' id='word_1_60' title='bbox 803 964 1036 1035; x_wconf 85' lang='grc' dir='ltr'>κάκείνῳ</span> <span class='ocrx_word' id='word_1_61' title='bbox 1053 964 1120 1018; x_wconf 81' lang='grc' dir='ltr'>τὰ</span> <span class='ocrx_word' id='word_1_62' title='bbox 1135 966 1230 1036; x_wconf 79' lang='grc' dir='ltr'><strong>μὲν</strong></span> <span class='ocrx_word' id='word_1_63' title='bbox 1248 967 1346 1036; x_wconf 77' lang='grc' dir='ltr'>ἤδη</span> <span class='ocrx_word' id='word_1_64' title='bbox 1368 968 1753 1036; x_wconf 86' lang='grc' dir='ltr'>παρηνομεῖτο,</span> 
     </span>
    </p>
   </div>
   <div class='ocr_carea' id='block_1_11' title="bbox 193 1049 1754 1127">
    <p class='ocr_par' dir='ltr' id='par_1_11' title="bbox 193 1049 1754 1127">
     <span class='ocr_line' id='line_1_11' title="bbox 193 1049 1754 1127; baseline 0.004 -26"><span class='ocrx_word' id='word_1_65' title='bbox 193 1049 256 1102; x_wconf 74' lang='grc' dir='ltr'>τὰ</span> <span class='ocrx_word' id='word_1_66' title='bbox 274 1050 328 1103; x_wconf 83' lang='grc' dir='ltr'>δὲ</span> <span class='ocrx_word' id='word_1_67' title='bbox 358 1051 703 1123; x_wconf 79' lang='grc' dir='ltr'>ὑπεγράφετο</span> <span class='ocrx_word' id='word_1_68' title='bbox 729 1057 848 1118; x_wconf 89' lang='grc' dir='ltr'>ταῖς</span> <span class='ocrx_word' id='word_1_69' title='bbox 877 1055 1056 1107; x_wconf 77' lang='grc' dir='ltr'>ἐλπίσι</span> <span class='ocrx_word' id='word_1_70' title='bbox 1111 1055 1204 1108; x_wconf 77' lang='grc' dir='ltr'><strong>καὶ</strong></span> <span class='ocrx_word' id='word_1_71' title='bbox 1248 1059 1366 1119; x_wconf 86' lang='grc' dir='ltr'>ταῖς</span> <span class='ocrx_word' id='word_1_72' title='bbox 1419 1056 1540 1109; x_wconf 79' lang='grc' dir='ltr'>καθ’</span> <span class='ocrx_word' id='word_1_73' title='bbox 1594 1056 1754 1127; x_wconf 82' lang='grc' dir='ltr'>ἡμῶν</span> 
     </span>
    </p>
   </div>
   <div class='ocr_carea' id='block_1_12' title="bbox 193 1141 1755 1217">
    <p class='ocr_par' dir='ltr' id='par_1_12' title="bbox 193 1141 1755 1217">
     <span class='ocr_line' id='line_1_12' title="bbox 193 1141 1755 1217; baseline 0.003 -23"><span class='ocrx_word' id='word_1_74' title='bbox 193 1141 454 1205; x_wconf 81' lang='grc' dir='ltr'>ἀπειλαῖς·</span> <span class='ocrx_word' id='word_1_75' title='bbox 500 1144 790 1198; x_wconf 73' lang='grc' dir='ltr'>καὶταῦτα</span> <span class='ocrx_word' id='word_1_76' title='bbox 816 1145 985 1208; x_wconf 76' lang='grc' dir='ltr'>οὕτως</span> <span class='ocrx_word' id='word_1_77' title='bbox 1030 1145 1253 1208; x_wconf 80' lang='grc' dir='ltr'>ἐκτοπα,</span> <span class='ocrx_word' id='word_1_78' title='bbox 1290 1149 1385 1200; x_wconf 74' lang='grc' dir='ltr'><strong>καὶ</strong></span> <span class='ocrx_word' id='word_1_79' title='bbox 1406 1147 1593 1217; x_wconf 79' lang='grc' dir='ltr'>πόρρω</span> <span class='ocrx_word' id='word_1_80' title='bbox 1647 1145 1755 1199; x_wconf 85' lang='grc' dir='ltr'><strong>τῶν</strong></span> 
     </span>
    </p>
   </div>
   <div class='ocr_carea' id='block_1_13' title="bbox 191 1234 1750 1311">
    <p class='ocr_par' dir='ltr' id='par_1_13' title="bbox 191 1234 1750 1311">
     <span class='ocr_line' id='line_1_13' title="bbox 191 1234 1750 1311; baseline 0.004 -24"><span class='ocrx_word' id='word_1_81' title='bbox 191 1234 528 1304; x_wconf 76' lang='grc' dir='ltr'>εἰθισμένων,</span> <span class='ocrx_word' id='word_1_82' title='bbox 568 1237 643 1300; x_wconf 83' lang='grc' dir='ltr'>ὡς</span> <span class='ocrx_word' id='word_1_83' title='bbox 686 1239 782 1307; x_wconf 78' lang='grc' dir='ltr'>τῆς</span> <span class='ocrx_word' id='word_1_84' title='bbox 837 1240 1045 1292; x_wconf 80' lang='grc' dir='ltr'>ἐκείνου</span> <span class='ocrx_word' id='word_1_85' title='bbox 1091 1239 1326 1302; x_wconf 79' lang='grc' dir='ltr'>διανοίας</span> <span class='ocrx_word' id='word_1_86' title='bbox 1376 1235 1512 1292; x_wconf 70' lang='grc' dir='ltr'>εἶναι</span> <span class='ocrx_word' id='word_1_87' title='bbox 1563 1239 1750 1311; x_wconf 85' lang='grc' dir='ltr'>μόνης,</span> 
     </span>
    </p>
   </div>
   <div class='ocr_carea' id='block_1_14' title="bbox 192 1327 1754 1402">
    <p class='ocr_par' dir='ltr' id='par_1_14' title="bbox 192 1327 1754 1402">
     <span class='ocr_line' id='line_1_14' title="bbox 192 1327 1754 1402; baseline 0.001 -22"><span class='ocrx_word' id='word_1_88' title='bbox 192 1327 356 1380; x_wconf 80' lang='grc' dir='ltr'>ταῦτα</span> <span class='ocrx_word' id='word_1_89' title='bbox 390 1331 486 1382; x_wconf 69' lang='grc' dir='ltr'><strong>καὶ</strong></span> <span class='ocrx_word' id='word_1_90' title='bbox 518 1329 923 1398; x_wconf 81' lang='grc' dir='ltr'>βουλεύσασθαι,</span> <span class='ocrx_word' id='word_1_91' title='bbox 972 1332 1063 1385; x_wconf 76' lang='grc' dir='ltr'><strong>καὶ</strong></span> <span class='ocrx_word' id='word_1_92' title='bbox 1093 1333 1171 1394; x_wconf 83' lang='grc' dir='ltr'><strong>είς</strong></span> <span class='ocrx_word' id='word_1_93' title='bbox 1197 1332 1354 1402; x_wconf 81' lang='grc' dir='ltr'>ἔργον</span> <span class='ocrx_word' id='word_1_94' title='bbox 1380 1332 1608 1399; x_wconf 82' lang='grc' dir='ltr'>ἀγαγεῖν</span> <span class='ocrx_word' id='word_1_95' title='bbox 1641 1330 1754 1382; x_wconf 79' lang='grc' dir='ltr'>ἐθε-</span> 
     </span>
    </p>
   </div>
   <div class='ocr_carea' id='block_1_15' title="bbox 191 1417 1750 1493">
    <p class='ocr_par' dir='ltr' id='par_1_15' title="bbox 191 1417 1750 1493">
     <span class='ocr_line' id='line_1_15' title="bbox 191 1417 1750 1493; baseline 0.004 -24"><span class='ocrx_word' id='word_1_96' title='bbox 191 1417 366 1487; x_wconf 78' lang='grc' dir='ltr'>λῆσαι,</span> <span class='ocrx_word' id='word_1_97' title='bbox 421 1419 595 1473; x_wconf 87' lang='grc' dir='ltr'>καίτοι</span> <span class='ocrx_word' id='word_1_98' title='bbox 633 1419 840 1474; x_wconf 84' lang='grc' dir='ltr'>πολλῶν</span> <span class='ocrx_word' id='word_1_99' title='bbox 875 1422 979 1493; x_wconf 84' lang='grc' dir='ltr'><strong>πρὸ</strong></span> <span class='ocrx_word' id='word_1_100' title='bbox 1020 1422 1184 1475; x_wconf 72' lang='grc' dir='ltr'>αὐτοῦ</span> <span class='ocrx_word' id='word_1_101' title='bbox 1237 1422 1612 1492; x_wconf 82' lang='grc' dir='ltr'>γεγενημένων</span> <span class='ocrx_word' id='word_1_102' title='bbox 1643 1421 1750 1493; x_wconf 72' lang='grc'>(49)</span> 
     </span>
    </p>
   </div>
   <div class='ocr_carea' id='block_1_16' title="bbox 191 1509 1250 1584">
    <p class='ocr_par' dir='ltr' id='par_1_16' title="bbox 191 1509 1250 1584">
     <span class='ocr_line' id='line_1_16' title="bbox 191 1509 1250 1584; baseline 0.003 -22"><span class='ocrx_word' id='word_1_103' title='bbox 191 1509 428 1562; x_wconf 75' lang='grc' dir='ltr'>δυοκτῶν</span> <span class='ocrx_word' id='word_1_104' title='bbox 455 1513 549 1565; x_wconf 76' lang='grc' dir='ltr'><strong>καὶ</strong></span> <span class='ocrx_word' id='word_1_105' title='bbox 578 1511 852 1582; x_wconf 87' lang='grc' dir='ltr'>πολεμίων</span> <span class='ocrx_word' id='word_1_106' title='bbox 885 1515 928 1565; x_wconf 86' lang='grc' dir='ltr'><strong>Χ</strong></span> <span class='ocrx_word' id='word_1_107' title='bbox 938 1515 1250 1584; x_wconf 85' lang='grc' dir='ltr'>ριστιανοῖς.</span> 
     </span>
    </p>
   </div>
   <div class='ocr_carea' id='block_1_17' title="bbox 1856 602 3424 673">
    <p class='ocr_par' dir='ltr' id='par_1_17' title="bbox 1856 602 3424 673">
     <span class='ocr_line' id='line_1_17' title="bbox 1856 602 3424 673; baseline -0.004 -12"><span class='ocrx_word' id='word_1_108' title='bbox 1856 617 1998 662; x_wconf 89' lang='lat' dir='ltr'><strong>seut.</strong></span> <span class='ocrx_word' id='word_1_109' title='bbox 2037 605 2498 673; x_wconf 84' lang='lat' dir='ltr'><strong>Quemadmodum</strong></span> <span class='ocrx_word' id='word_1_110' title='bbox 2529 604 2673 658; x_wconf 91' lang='lat' dir='ltr'><strong>enim</strong></span> <span class='ocrx_word' id='word_1_111' title='bbox 2705 620 2827 658; x_wconf 91' lang='lat' dir='ltr'><strong>cum</strong></span> <span class='ocrx_word' id='word_1_112' title='bbox 2858 604 3023 658; x_wconf 84' lang='lat' dir='ltr'><strong>draco</strong></span> <span class='ocrx_word' id='word_1_113' title='bbox 3057 602 3259 658; x_wconf 82' lang='lat' dir='ltr'><strong>moveri</strong></span> <span class='ocrx_word' id='word_1_114' title='bbox 3289 603 3424 657; x_wconf 85' lang='lat' dir='ltr'><strong>inci-</strong></span> 
     </span>
    </p>
   </div>
   <div class='ocr_carea' id='block_1_18' title="bbox 1857 693 3420 768">
    <p class='ocr_par' dir='ltr' id='par_1_18' title="bbox 1857 693 3420 768">
     <span class='ocr_line' id='line_1_18' title="bbox 1857 693 3420 768; baseline -0.003 -18"><span class='ocrx_word' id='word_1_115' title='bbox 1857 699 2237 768; x_wconf 74' lang='lat' dir='ltr'><strong>pit,squamae</strong></span> <span class='ocrx_word' id='word_1_116' title='bbox 2287 696 2404 764; x_wconf 88' lang='lat' dir='ltr'><strong>ejus</strong></span> <span class='ocrx_word' id='word_1_117' title='bbox 2451 695 2644 764; x_wconf 87' lang='lat' dir='ltr'><strong>partim</strong></span> <span class='ocrx_word' id='word_1_118' title='bbox 2676 695 3180 762; x_wconf 72' lang='lat' dir='ltr'><strong>jamhorrescunt,</strong></span> <span class='ocrx_word' id='word_1_119' title='bbox 3227 693 3420 762; x_wconf 94' lang='lat' dir='ltr'><strong>partim</strong></span> 
     </span>
    </p>
   </div>
   <div class='ocr_carea' id='block_1_19' title="bbox 1861 785 3421 858">
    <p class='ocr_par' dir='ltr' id='par_1_19' title="bbox 1861 785 3421 858">
     <span class='ocr_line' id='line_1_19' title="bbox 1861 785 3421 858; baseline -0.006 -15"><span class='ocrx_word' id='word_1_120' title='bbox 1861 788 2383 858; x_wconf 86' lang='lat' dir='ltr'><strong>superhorrescunt,</strong></span> <span class='ocrx_word' id='word_1_121' title='bbox 2434 787 2632 855; x_wconf 87' lang='lat' dir='ltr'><strong>partim</strong></span> <span class='ocrx_word' id='word_1_122' title='bbox 2673 801 2798 840; x_wconf 85' lang='lat' dir='ltr'><strong>mox</strong></span> <span class='ocrx_word' id='word_1_123' title='bbox 2841 786 3193 850; x_wconf 89' lang='lat' dir='ltr'><strong>horresceut,</strong></span> <span class='ocrx_word' id='word_1_124' title='bbox 3230 785 3421 854; x_wconf 85' lang='lat' dir='ltr'><strong>partim</strong></span> 
     </span>
    </p>
   </div>
   <div class='ocr_carea' id='block_1_20' title="bbox 1863 875 3423 950">
    <p class='ocr_par' dir='ltr' id='par_1_20' title="bbox 1863 875 3423 950">
     <span class='ocr_line' id='line_1_20' title="bbox 1863 875 3423 950; baseline -0.004 -16"><span class='ocrx_word' id='word_1_125' title='bbox 1863 880 2095 948; x_wconf 89' lang='lat' dir='ltr'><strong>denique</strong></span> <span class='ocrx_word' id='word_1_126' title='bbox 2139 895 2244 934; x_wconf 91' lang='lat' dir='ltr'><strong>non</strong></span> <span class='ocrx_word' id='word_1_127' title='bbox 2275 887 2505 950; x_wconf 87' lang='lat' dir='ltr'><strong>possunt</strong></span> <span class='ocrx_word' id='word_1_128' title='bbox 2535 891 2641 932; x_wconf 89' lang='lat' dir='ltr'><strong>non</strong></span> <span class='ocrx_word' id='word_1_129' title='bbox 2679 878 2892 932; x_wconf 92' lang='lat' dir='ltr'><strong>tandem</strong></span> <span class='ocrx_word' id='word_1_130' title='bbox 2937 878 3177 942; x_wconf 83' lang='lat' dir='ltr'><strong>moveri,</strong></span> <span class='ocrx_word' id='word_1_131' title='bbox 3208 875 3423 930; x_wconf 89' lang='lat' dir='ltr'><strong>etiamsi</strong></span> 
     </span>
    </p>
   </div>
   <div class='ocr_carea' id='block_1_21' title="bbox 1861 968 3492 1042">
    <p class='ocr_par' dir='ltr' id='par_1_21' title="bbox 1861 968 3492 1042">
     <span class='ocr_line' id='line_1_21' title="bbox 1861 968 3492 1042; baseline -0.004 -16"><span class='ocrx_word' id='word_1_132' title='bbox 1861 971 1914 1026; x_wconf 92' lang='lat' dir='ltr'><strong>in</strong></span> <span class='ocrx_word' id='word_1_133' title='bbox 1939 986 2180 1041; x_wconf 77' lang='lat' dir='ltr'><strong>praesens</strong></span> <span class='ocrx_word' id='word_1_134' title='bbox 2203 972 2398 1040; x_wconf 71' lang='lat' dir='ltr'><strong>quieta:</strong></span> <span class='ocrx_word' id='word_1_135' title='bbox 2422 985 2486 1025; x_wconf 93' lang='lat' dir='ltr'><strong>ac</strong></span> <span class='ocrx_word' id='word_1_136' title='bbox 2507 969 2810 1039; x_wconf 67' lang='lat' dir='ltr'><strong>tranquillae</strong></span> <span class='ocrx_word' id='word_1_137' title='bbox 2841 970 2951 1023; x_wconf 89' lang='lat' dir='ltr'><strong>sint</strong></span> <span class='ocrx_word' id='word_1_138' title='bbox 2979 985 2994 1024; x_wconf 87' lang='lat'><strong>:</strong></span> <span class='ocrx_word' id='word_1_139' title='bbox 3025 978 3137 1033; x_wconf 89' lang='lat' dir='ltr'><strong>aut,</strong></span> <span class='ocrx_word' id='word_1_140' title='bbox 3161 968 3206 1023; x_wconf 90' lang='lat' dir='ltr'><strong>si</strong></span> <span class='ocrx_word' id='word_1_141' title='bbox 3231 968 3422 1031; x_wconf 79' lang='lat' dir='ltr'><strong>mavis,</strong></span> <span class='ocrx_word' id='word_1_142' title='bbox 3487 1025 3492 1042; x_wconf 26' lang='grc' dir='ltr'><strong><em>ί</em></strong></span> 
     </span>
    </p>
   </div>
   <div class='ocr_carea' id='block_1_22' title="bbox 1861 1061 3499 1132">
    <p class='ocr_par' dir='ltr' id='par_1_22' title="bbox 1861 1061 3499 1132">
     <span class='ocr_line' id='line_1_22' title="bbox 1861 1061 3499 1132; baseline -0.005 -16"><span class='ocrx_word' id='word_1_143' title='bbox 1861 1065 2310 1132; x_wconf 82' lang='lat' dir='ltr'><strong>quemadmodum</strong></span> <span class='ocrx_word' id='word_1_144' title='bbox 2354 1063 2576 1117; x_wconf 85' lang='lat' dir='ltr'><strong>fulmine</strong></span> <span class='ocrx_word' id='word_1_145' title='bbox 2621 1063 2739 1116; x_wconf 72' lang='lat' dir='ltr'><strong>alia:</strong></span> <span class='ocrx_word' id='word_1_146' title='bbox 2785 1071 2973 1132; x_wconf 89' lang='lat' dir='ltr'><strong>partes</strong></span> <span class='ocrx_word' id='word_1_147' title='bbox 3012 1061 3123 1130; x_wconf 84' lang='lat' dir='ltr'><strong>jam</strong></span> <span class='ocrx_word' id='word_1_148' title='bbox 3154 1076 3426 1128; x_wconf 76' lang='lat' dir='ltr'><strong>occupan—</strong></span> <span class='ocrx_word' id='word_1_149' title='bbox 3491 1077 3499 1108; x_wconf 80' lang='lat'><strong>;</strong></span> 
     </span>
    </p>
   </div>
   <div class='ocr_carea' id='block_1_23' title="bbox 1861 1151 3426 1225">
    <p class='ocr_par' dir='ltr' id='par_1_23' title="bbox 1861 1151 3426 1225">
     <span class='ocr_line' id='line_1_23' title="bbox 1861 1151 3426 1225; baseline -0.002 -16"><span class='ocrx_word' id='word_1_150' title='bbox 1861 1165 1972 1218; x_wconf 90' lang='lat' dir='ltr'><strong>tur,</strong></span> <span class='ocrx_word' id='word_1_151' title='bbox 2001 1155 2120 1210; x_wconf 73' lang='lat' dir='ltr'><strong>alite</strong></span> <span class='ocrx_word' id='word_1_152' title='bbox 2151 1157 2368 1225; x_wconf 83' lang='lat' dir='ltr'><strong>nigrore</strong></span> <span class='ocrx_word' id='word_1_153' title='bbox 2397 1157 2548 1224; x_wconf 84' lang='lat' dir='ltr'><strong>prius</strong></span> <span class='ocrx_word' id='word_1_154' title='bbox 2576 1153 2910 1220; x_wconf 83' lang='lat' dir='ltr'><strong>inﬁciuntur,</strong></span> <span class='ocrx_word' id='word_1_155' title='bbox 2949 1153 3126 1222; x_wconf 88' lang='lat' dir='ltr'><strong>quoad</strong></span> <span class='ocrx_word' id='word_1_156' title='bbox 3157 1168 3249 1207; x_wconf 88' lang='lat' dir='ltr'><strong>eas</strong></span> <span class='ocrx_word' id='word_1_157' title='bbox 3285 1151 3426 1206; x_wconf 88' lang='lat' dir='ltr'><strong>malo</strong></span> 
     </span>
    </p>
   </div>
   <div class='ocr_carea' id='block_1_24' title="bbox 1859 1243 3425 1316">
    <p class='ocr_par' dir='ltr' id='par_1_24' title="bbox 1859 1243 3425 1316">
     <span class='ocr_line' id='line_1_24' title="bbox 1859 1243 3425 1316; baseline -0.001 -18"><span class='ocrx_word' id='word_1_158' title='bbox 1859 1260 2072 1316; x_wconf 90' lang='lat' dir='ltr'><strong>quoque</strong></span> <span class='ocrx_word' id='word_1_159' title='bbox 2100 1246 2414 1300; x_wconf 88' lang='lat' dir='ltr'><strong>dominante</strong></span> <span class='ocrx_word' id='word_1_160' title='bbox 2445 1244 2748 1314; x_wconf 75' lang='lat' dir='ltr'><strong>pervaserit</strong></span> <span class='ocrx_word' id='word_1_161' title='bbox 2777 1259 2791 1298; x_wconf 91' lang='lat'><strong>:</strong></span> <span class='ocrx_word' id='word_1_162' title='bbox 2829 1244 2906 1298; x_wconf 93' lang='lat' dir='ltr'><strong>sic</strong></span> <span class='ocrx_word' id='word_1_163' title='bbox 2932 1244 3094 1298; x_wconf 89' lang='lat' dir='ltr'><strong>etiam</strong></span> <span class='ocrx_word' id='word_1_164' title='bbox 3127 1243 3194 1296; x_wconf 90' lang='lat' dir='ltr'><strong>ab</strong></span> <span class='ocrx_word' id='word_1_165' title='bbox 3228 1256 3292 1298; x_wconf 92' lang='lat' dir='ltr'><strong>eo</strong></span> <span class='ocrx_word' id='word_1_166' title='bbox 3321 1243 3425 1296; x_wconf 87' lang='lat' dir='ltr'><strong>alia</strong></span> 
     </span>
    </p>
   </div>
   <div class='ocr_carea' id='block_1_25' title="bbox 1854 1335 3426 1406">
    <p class='ocr_par' dir='ltr' id='par_1_25' title="bbox 1854 1335 3426 1406">
     <span class='ocr_line' id='line_1_25' title="bbox 1854 1335 3426 1406; baseline 0.001 -20"><span class='ocrx_word' id='word_1_167' title='bbox 1854 1335 1964 1404; x_wconf 90' lang='lat' dir='ltr'><strong>jam</strong></span> <span class='ocrx_word' id='word_1_168' title='bbox 1999 1336 2180 1405; x_wconf 91' lang='lat' dir='ltr'><strong>inique</strong></span> <span class='ocrx_word' id='word_1_169' title='bbox 2208 1345 2262 1391; x_wconf 91' lang='lat' dir='ltr'><strong>et</strong></span> <span class='ocrx_word' id='word_1_170' title='bbox 2291 1337 2553 1391; x_wconf 77' lang='lat' dir='ltr'><strong>scelerate</strong></span> <span class='ocrx_word' id='word_1_171' title='bbox 2582 1336 2958 1406; x_wconf 88' lang='lat' dir='ltr'><strong>patrabantur,</strong></span> <span class='ocrx_word' id='word_1_172' title='bbox 2988 1336 3089 1388; x_wconf 87' lang='lat' dir='ltr'><strong>alia</strong></span> <span class='ocrx_word' id='word_1_173' title='bbox 3115 1350 3210 1404; x_wconf 87' lang='lat' dir='ltr'><strong>spe</strong></span> <span class='ocrx_word' id='word_1_174' title='bbox 3235 1346 3289 1389; x_wconf 92' lang='lat' dir='ltr'><strong>et</strong></span> <span class='ocrx_word' id='word_1_175' title='bbox 3321 1335 3426 1388; x_wconf 83' lang='lat' dir='ltr'><strong>mi—</strong></span> 
     </span>
    </p>
   </div>
   <div class='ocr_carea' id='block_1_26' title="bbox 1860 1426 3420 1496">
    <p class='ocr_par' dir='ltr' id='par_1_26' title="bbox 1860 1426 3420 1496">
     <span class='ocr_line' id='line_1_26' title="bbox 1860 1426 3420 1496; baseline -0.002 -16"><span class='ocrx_word' id='word_1_176' title='bbox 1860 1427 1977 1492; x_wconf 89' lang='lat' dir='ltr'><strong>nis,</strong></span> <span class='ocrx_word' id='word_1_177' title='bbox 2009 1442 2144 1496; x_wconf 87' lang='lat' dir='ltr'><strong>quas</strong></span> <span class='ocrx_word' id='word_1_178' title='bbox 2181 1429 2335 1483; x_wconf 88' lang='lat' dir='ltr'><strong>nobis</strong></span> <span class='ocrx_word' id='word_1_179' title='bbox 2364 1429 2715 1494; x_wconf 88' lang='lat' dir='ltr'><strong>intendebat,</strong></span> <span class='ocrx_word' id='word_1_180' title='bbox 2744 1428 2891 1481; x_wconf 89' lang='lat' dir='ltr'><strong>velut</strong></span> <span class='ocrx_word' id='word_1_181' title='bbox 2924 1426 3420 1491; x_wconf 87' lang='lat' dir='ltr'><strong>adumbrabantur,</strong></span> 
     </span>
    </p>
   </div>
   <div class='ocr_carea' id='block_1_27' title="bbox 1862 1520 3428 1586">
    <p class='ocr_par' dir='ltr' id='par_1_27' title="bbox 1862 1520 3428 1586">
     <span class='ocr_line' id='line_1_27' title="bbox 1862 1520 3428 1586; baseline -0.001 -14"><span class='ocrx_word' id='word_1_182' title='bbox 1862 1531 2035 1586; x_wconf 91' lang='lat' dir='ltr'><strong>eaque</strong></span> <span class='ocrx_word' id='word_1_183' title='bbox 2065 1521 2136 1573; x_wconf 90' lang='lat' dir='ltr'><strong>ita</strong></span> <span class='ocrx_word' id='word_1_184' title='bbox 2167 1520 2400 1574; x_wconf 89' lang='lat' dir='ltr'><strong>absurda</strong></span> <span class='ocrx_word' id='word_1_185' title='bbox 2429 1531 2483 1573; x_wconf 91' lang='lat' dir='ltr'><strong>et</strong></span> <span class='ocrx_word' id='word_1_186' title='bbox 2509 1521 2794 1585; x_wconf 89' lang='lat' dir='ltr'><strong>inusitata,</strong></span> <span class='ocrx_word' id='word_1_187' title='bbox 2827 1530 2886 1573; x_wconf 90' lang='lat' dir='ltr'><strong>ut</strong></span> <span class='ocrx_word' id='word_1_188' title='bbox 2912 1521 2962 1573; x_wconf 89' lang='lat' dir='ltr'><strong>in</strong></span> <span class='ocrx_word' id='word_1_189' title='bbox 2995 1520 3136 1574; x_wconf 92' lang='lat' dir='ltr'><strong>illius</strong></span> <span class='ocrx_word' id='word_1_190' title='bbox 3164 1521 3428 1573; x_wconf 75' lang='lat' dir='ltr'><strong>duntaxat</strong></span> 
     </span>
    </p>
   </div>
   <div class='ocr_carea' id='block_1_28' title="bbox 191 1602 3424 1684">
    <p class='ocr_par' dir='ltr' id='par_1_28' title="bbox 191 1602 3424 1684">
     <span class='ocr_line' id='line_1_28' title="bbox 191 1602 3424 1684; baseline 0.002 -29"><span class='ocrx_word' id='word_1_191' title='bbox 191 1612 424 1656; x_wconf 81' lang='lat' dir='ltr'><strong>mentem</strong></span> <span class='ocrx_word' id='word_1_192' title='bbox 450 1603 552 1658; x_wconf 89' lang='lat' dir='ltr'><strong>hoc</strong></span> <span class='ocrx_word' id='word_1_193' title='bbox 575 1605 766 1658; x_wconf 86' lang='lat' dir='ltr'><strong>cadere</strong></span> <span class='ocrx_word' id='word_1_194' title='bbox 790 1614 988 1674; x_wconf 86' lang='lat' dir='ltr'><strong>posset,</strong></span> <span class='ocrx_word' id='word_1_195' title='bbox 1022 1613 1078 1657; x_wconf 91' lang='grc' dir='ltr'><strong>ιιι</strong></span> <span class='ocrx_word' id='word_1_196' title='bbox 1109 1606 1219 1658; x_wconf 47' lang='lat' dir='ltr'><strong>haec</strong></span> <span class='ocrx_word' id='word_1_197' title='bbox 1247 1604 1522 1672; x_wconf 75' lang='lat' dir='ltr'><strong>cogitaret,</strong></span> <span class='ocrx_word' id='word_1_198' title='bbox 1548 1614 1603 1659; x_wconf 91' lang='lat' dir='ltr'><strong>et</strong></span> <span class='ocrx_word' id='word_1_199' title='bbox 1629 1602 1839 1664; x_wconf 66' lang='lat' dir='ltr'><strong>allicere</strong></span> <span class='ocrx_word' id='word_1_200' title='bbox 1860 1609 2035 1675; x_wconf 78' lang='lat' dir='ltr'><strong>vellet,</strong></span> <span class='ocrx_word' id='word_1_201' title='bbox 2070 1612 2279 1668; x_wconf 89' lang='lat' dir='ltr'><strong>tametsi</strong></span> <span class='ocrx_word' id='word_1_202' title='bbox 2312 1613 2509 1684; x_wconf 80' lang='lat' dir='ltr'><strong>alioqui</strong></span> <span class='ocrx_word' id='word_1_203' title='bbox 2569 1611 2718 1665; x_wconf 91' lang='lat' dir='ltr'><strong>multi</strong></span> <span class='ocrx_word' id='word_1_204' title='bbox 2782 1621 2904 1666; x_wconf 85' lang='lat' dir='ltr'><strong>ante</strong></span> <span class='ocrx_word' id='word_1_205' title='bbox 2967 1627 3090 1666; x_wconf 90' lang='lat' dir='ltr'><strong>eum</strong></span> <span class='ocrx_word' id='word_1_206' title='bbox 3158 1609 3424 1665; x_wconf 78' lang='lat' dir='ltr'><strong>Christia-</strong></span> 
     </span>
    </p>
   </div>
   <div class='ocr_carea' id='block_1_29' title="bbox 189 1696 1474 1764">
    <p class='ocr_par' dir='ltr' id='par_1_29' title="bbox 189 1696 1474 1764">
     <span class='ocr_line' id='line_1_29' title="bbox 189 1696 1474 1764; baseline 0.002 -18"><span class='ocrx_word' id='word_1_207' title='bbox 189 1708 379 1747; x_wconf 84' lang='lat' dir='ltr'><strong>norum</strong></span> <span class='ocrx_word' id='word_1_208' title='bbox 412 1707 789 1764; x_wconf 84' lang='lat' dir='ltr'><strong>persecutores</strong></span> <span class='ocrx_word' id='word_1_209' title='bbox 824 1705 876 1750; x_wconf 85' lang='lat' dir='ltr'><strong>et</strong></span> <span class='ocrx_word' id='word_1_210' title='bbox 910 1697 1092 1750; x_wconf 82' lang='lat' dir='ltr'><strong>hostes</strong></span> <span class='ocrx_word' id='word_1_211' title='bbox 1120 1696 1474 1751; x_wconf 89' lang='lat' dir='ltr'><strong>exstitissent.</strong></span> 
     </span>
    </p>
   </div>
   <div class='ocr_carea' id='block_1_30' title="bbox 252 1785 1768 1859">
    <p class='ocr_par' dir='ltr' id='par_1_30' title="bbox 252 1786 1751 1859">
     <span class='ocr_line' id='line_1_30' title="bbox 252 1786 1751 1859; baseline 0.001 -21"><span class='ocrx_word' id='word_1_212' title='bbox 252 1789 385 1853; x_wconf 50' lang='lat' dir='ltr'><strong>qq&quot;.</strong></span> <span class='ocrx_word' id='word_1_213' title='bbox 436 1789 504 1840; x_wconf 80' lang='grc' dir='ltr'><strong>’Ἀ</strong></span> <span class='ocrx_word' id='word_1_214' title='bbox 551 1789 660 1859; x_wconf 80' lang='grc' dir='ltr'><strong>γὰρ</strong></span> <span class='ocrx_word' id='word_1_215' title='bbox 713 1791 849 1858; x_wconf 78' lang='grc' dir='ltr'>μήτε</span> <span class='ocrx_word' id='word_1_216' title='bbox 901 1787 1296 1858; x_wconf 81' lang='grc' dir='ltr'>Διοκλητιανδς,</span> <span class='ocrx_word' id='word_1_217' title='bbox 1325 1789 1354 1840; x_wconf 82' lang='grc' dir='ltr'><strong>ὁ</strong></span> <span class='ocrx_word' id='word_1_218' title='bbox 1398 1786 1611 1858; x_wconf 86' lang='grc' dir='ltr'>πρῶτος</span> <span class='ocrx_word' id='word_1_219' title='bbox 1642 1787 1751 1857; x_wconf 84' lang='grc'>(50)</span> 
     </span>
    </p>
   </div>
   <div class='ocr_carea' id='block_1_31' title="bbox 1879 1785 3428 1859">
    <p class='ocr_par' dir='ltr' id='par_1_31' title="bbox 1929 1785 3428 1858">
     <span class='ocr_line' id='line_1_31' title="bbox 1929 1785 3428 1858; baseline -0.003 -15"><span class='ocrx_word' id='word_1_220' title='bbox 1929 1787 2088 1858; x_wconf 80' lang='lat'><strong>129</strong></span> <span class='ocrx_word' id='word_1_221' title='bbox 2115 1786 2296 1843; x_wconf 77' lang='lat' dir='ltr'><strong>XCVI.</strong></span> <span class='ocrx_word' id='word_1_222' title='bbox 2339 1785 2472 1840; x_wconf 87' lang='lat' dir='ltr'><strong>Nam</strong></span> <span class='ocrx_word' id='word_1_223' title='bbox 2514 1801 2631 1856; x_wconf 78' lang='lat' dir='ltr'><strong>qua:</strong></span> <span class='ocrx_word' id='word_1_224' title='bbox 2664 1800 2931 1855; x_wconf 87' lang='lat' dir='ltr'><strong>nunquam</strong></span> <span class='ocrx_word' id='word_1_225' title='bbox 2969 1793 3025 1842; x_wconf 90' lang='lat' dir='ltr'><strong>in</strong></span> <span class='ocrx_word' id='word_1_226' title='bbox 3061 1802 3302 1841; x_wconf 81' lang='lat' dir='ltr'><strong>animum</strong></span> <span class='ocrx_word' id='word_1_227' title='bbox 3341 1789 3428 1840; x_wconf 86' lang='lat' dir='ltr'><strong>in—</strong></span> 
     </span>
    </p>
   </div>
   <div class='ocr_carea' id='block_1_32' title="bbox 189 1878 1762 1950">
    <p class='ocr_par' dir='ltr' id='par_1_32' title="bbox 189 1878 1762 1950">
     <span class='ocr_line' id='line_1_32' title="bbox 189 1878 1762 1950; baseline -0.001 -19"><span class='ocrx_word' id='word_1_228' title='bbox 189 1878 846 1950; x_wconf 80' lang='grc' dir='ltr'>ἐνυϐρίσαςΧριστιανοῖς,</span> <span class='ocrx_word' id='word_1_229' title='bbox 867 1880 1002 1950; x_wconf 81' lang='grc' dir='ltr'>μήτε</span> <span class='ocrx_word' id='word_1_230' title='bbox 1017 1880 1045 1932; x_wconf 85' lang='grc' dir='ltr'>ὁ</span> <span class='ocrx_word' id='word_1_231' title='bbox 1064 1878 1250 1932; x_wconf 77' lang='grc' dir='ltr'>τοῦτον</span> <span class='ocrx_word' id='word_1_232' title='bbox 1274 1878 1624 1949; x_wconf 77' lang='grc' dir='ltr'>ἐκδεξάμενος</span> <span class='ocrx_word' id='word_1_233' title='bbox 1649 1879 1762 1950; x_wconf 81' lang='grc'>(51)</span> 
     </span>
    </p>
   </div>
   <div class='ocr_carea' id='block_1_33' title="bbox 190 1969 1763 2042">
    <p class='ocr_par' dir='ltr' id='par_1_33' title="bbox 190 1969 1763 2042">
     <span class='ocr_line' id='line_1_33' title="bbox 190 1969 1763 2042; baseline 0.001 -22"><span class='ocrx_word' id='word_1_234' title='bbox 190 1971 272 2021; x_wconf 71' lang='grc' dir='ltr'>καὶ</span> <span class='ocrx_word' id='word_1_235' title='bbox 296 1970 630 2040; x_wconf 76' lang='grc' dir='ltr'>ὑπερϐαλὼν</span> <span class='ocrx_word' id='word_1_236' title='bbox 667 1970 1006 2040; x_wconf 80' lang='grc' dir='ltr'>Μαξιμιανὸς</span> <span class='ocrx_word' id='word_1_237' title='bbox 1035 1969 1343 2041; x_wconf 79' lang='grc' dir='ltr'>ἐνεθυμήθη</span> <span class='ocrx_word' id='word_1_238' title='bbox 1362 1969 1598 2034; x_wconf 87' lang='grc' dir='ltr'>πώποτε,</span> <span class='ocrx_word' id='word_1_239' title='bbox 1629 1971 1763 2042; x_wconf 80' lang='grc' dir='ltr'>μήτε</span> 
     </span>
    </p>
   </div>
   <div class='ocr_carea' id='block_1_34' title="bbox 189 2060 1763 2133">
    <p class='ocr_par' dir='ltr' id='par_1_34' title="bbox 189 2060 1763 2133">
     <span class='ocr_line' id='line_1_34' title="bbox 189 2060 1763 2133; baseline -0.001 -18"><span class='ocrx_word' id='word_1_240' title='bbox 189 2060 512 2132; x_wconf 74' lang='grc' dir='ltr'>Μαξιμῖνος,</span> <span class='ocrx_word' id='word_1_241' title='bbox 546 2065 573 2115; x_wconf 87' lang='grc' dir='ltr'><strong>ὁ</strong></span> <span class='ocrx_word' id='word_1_242' title='bbox 609 2064 723 2132; x_wconf 81' lang='grc' dir='ltr'>μετ’</span> <span class='ocrx_word' id='word_1_243' title='bbox 755 2063 1015 2126; x_wconf 80' lang='grc' dir='ltr'>ἐκείνους,</span> <span class='ocrx_word' id='word_1_244' title='bbox 1044 2063 1137 2115; x_wconf 75' lang='grc' dir='ltr'><strong>καὶ</strong></span> <span class='ocrx_word' id='word_1_245' title='bbox 1187 2063 1325 2133; x_wconf 84' lang='grc' dir='ltr'>ὑπὲρ</span> <span class='ocrx_word' id='word_1_246' title='bbox 1354 2063 1595 2125; x_wconf 77' lang='grc' dir='ltr'>ἐκείνους</span> <span class='ocrx_word' id='word_1_247' title='bbox 1637 2062 1763 2116; x_wconf 86' lang='grc' dir='ltr'>διώ-</span> 
     </span>
    </p>
   </div>
   <div class='ocr_carea' id='block_1_35' title="bbox 188 2147 1794 2226">
    <p class='ocr_par' dir='ltr' id='par_1_35' title="bbox 188 2147 1794 2226">
     <span class='ocr_line' id='line_1_35' title="bbox 188 2147 1794 2226; baseline 0.002 -21"><span class='ocrx_word' id='word_1_248' title='bbox 188 2169 314 2219; x_wconf 78' lang='grc' dir='ltr'>κτης</span> <span class='ocrx_word' id='word_1_249' title='bbox 354 2147 440 2222; x_wconf 75' lang='grc' dir='ltr'>(οὗ</span> <span class='ocrx_word' id='word_1_250' title='bbox 468 2153 537 2207; x_wconf 80' lang='grc' dir='ltr'>τὰ</span> <span class='ocrx_word' id='word_1_251' title='bbox 590 2153 831 2224; x_wconf 78' lang='grc' dir='ltr'>σύμϐολα</span> <span class='ocrx_word' id='word_1_252' title='bbox 862 2154 974 2225; x_wconf 73' lang='grc'>(52)</span> <span class='ocrx_word' id='word_1_253' title='bbox 996 2155 1096 2224; x_wconf 80' lang='grc' dir='ltr'>τῆς</span> <span class='ocrx_word' id='word_1_254' title='bbox 1130 2156 1221 2208; x_wconf 72' lang='grc' dir='ltr'><strong>ἐπὶ</strong></span> <span class='ocrx_word' id='word_1_255' title='bbox 1243 2155 1418 2224; x_wconf 85' lang='grc' dir='ltr'>τούτῳ</span> <span class='ocrx_word' id='word_1_256' title='bbox 1458 2156 1670 2226; x_wconf 83' lang='grc' dir='ltr'>πληγῆς</span> <span class='ocrx_word' id='word_1_257' title='bbox 1708 2157 1794 2223; x_wconf 56' lang='grc' dir='ltr'><strong>σθ’</strong></span> 
     </span>
    </p>
   </div>
   <div class='ocr_carea' id='block_1_36' title="bbox 187 2243 1766 2316">
    <p class='ocr_par' dir='ltr' id='par_1_36' title="bbox 187 2243 1766 2316">
     <span class='ocr_line' id='line_1_36' title="bbox 187 2243 1766 2316; baseline 0.001 -21"><span class='ocrx_word' id='word_1_258' title='bbox 187 2243 395 2306; x_wconf 80' lang='grc' dir='ltr'>είκὸνες</span> <span class='ocrx_word' id='word_1_259' title='bbox 440 2243 700 2314; x_wconf 80' lang='grc' dir='ltr'>φέρουσιν</span> <span class='ocrx_word' id='word_1_260' title='bbox 735 2243 814 2296; x_wconf 78' lang='grc' dir='ltr'>ἔτι</span> <span class='ocrx_word' id='word_1_261' title='bbox 848 2244 1083 2315; x_wconf 72' lang='grc' dir='ltr'>δημοσίᾳ</span> <span class='ocrx_word' id='word_1_262' title='bbox 1110 2245 1488 2316; x_wconf 85' lang='grc' dir='ltr'>προκείμεναι,</span> <span class='ocrx_word' id='word_1_263' title='bbox 1522 2248 1614 2298; x_wconf 73' lang='grc' dir='ltr'><strong>καὶ</strong></span> <span class='ocrx_word' id='word_1_264' title='bbox 1641 2261 1766 2316; x_wconf 89' lang='grc' dir='ltr'>στη-</span> 
     </span>
    </p>
   </div>
   <div class='ocr_carea' id='block_1_37' title="bbox 187 2334 1765 2406">
    <p class='ocr_par' dir='ltr' id='par_1_37' title="bbox 187 2334 1765 2406">
     <span class='ocr_line' id='line_1_37' title="bbox 187 2334 1765 2406; baseline 0.002 -20"><span class='ocrx_word' id='word_1_265' title='bbox 187 2334 495 2388; x_wconf 84' lang='grc' dir='ltr'>λιτεύουσαι</span> <span class='ocrx_word' id='word_1_266' title='bbox 540 2336 637 2405; x_wconf 78' lang='grc' dir='ltr'><strong>τὴν</strong></span> <span class='ocrx_word' id='word_1_267' title='bbox 681 2334 860 2404; x_wconf 76' lang='grc' dir='ltr'>λώϐην</span> <span class='ocrx_word' id='word_1_268' title='bbox 889 2336 981 2388; x_wconf 75' lang='grc' dir='ltr'><strong>τοῦ</strong></span> <span class='ocrx_word' id='word_1_269' title='bbox 1021 2335 1310 2406; x_wconf 86' lang='grc' dir='ltr'>σώματος),</span> <span class='ocrx_word' id='word_1_270' title='bbox 1343 2337 1514 2390; x_wconf 76' lang='grc' dir='ltr'>ταῦτα</span> <span class='ocrx_word' id='word_1_271' title='bbox 1560 2339 1765 2400; x_wconf 80' lang='grc' dir='ltr'>ἐκεῖνος</span> 
     </span>
    </p>
   </div>
   <div class='ocr_carea' id='block_1_38' title="bbox 185 2427 1766 2499">
    <p class='ocr_par' dir='ltr' id='par_1_38' title="bbox 185 2427 1766 2499">
     <span class='ocr_line' id='line_1_38' title="bbox 185 2427 1766 2499; baseline 0.003 -21"><span class='ocrx_word' id='word_1_272' title='bbox 185 2427 442 2479; x_wconf 79' lang='grc' dir='ltr'>διενοεῖτο</span> <span class='ocrx_word' id='word_1_273' title='bbox 482 2428 602 2496; x_wconf 80' lang='grc' dir='ltr'>μὲν,</span> <span class='ocrx_word' id='word_1_274' title='bbox 631 2427 706 2490; x_wconf 81' lang='grc' dir='ltr'>ὡς</span> <span class='ocrx_word' id='word_1_275' title='bbox 735 2430 784 2480; x_wconf 83' lang='grc' dir='ltr'><strong>οἱ</strong></span> <span class='ocrx_word' id='word_1_276' title='bbox 829 2427 937 2480; x_wconf 85' lang='grc' dir='ltr'><strong>τῶν</strong></span> <span class='ocrx_word' id='word_1_277' title='bbox 975 2429 1301 2499; x_wconf 69' lang='grc' dir='ltr'>ἀπορρήτων</span> <span class='ocrx_word' id='word_1_278' title='bbox 1335 2428 1544 2481; x_wconf 83' lang='grc' dir='ltr'>ἐκείνου</span> <span class='ocrx_word' id='word_1_279' title='bbox 1581 2446 1766 2482; x_wconf 88' lang='grc' dir='ltr'>κοινω-</span> 
     </span>
    </p>
   </div>
   <div class='ocr_carea' id='block_1_39' title="bbox 188 2517 1766 2592">
    <p class='ocr_par' dir='ltr' id='par_1_39' title="bbox 188 2517 1766 2592">
     <span class='ocr_line' id='line_1_39' title="bbox 188 2517 1766 2592; baseline 0.003 -23"><span class='ocrx_word' id='word_1_280' title='bbox 188 2518 258 2569; x_wconf 68' lang='grc' dir='ltr'>νοὶ</span> <span class='ocrx_word' id='word_1_281' title='bbox 282 2519 385 2570; x_wconf 80' lang='grc' dir='ltr'><strong>καὶ</strong></span> <span class='ocrx_word' id='word_1_282' title='bbox 427 2517 724 2589; x_wconf 77' lang='grc' dir='ltr'>μάρτυρεςο</span> <span class='ocrx_word' id='word_1_283' title='bbox 769 2519 1039 2590; x_wconf 83' lang='grc' dir='ltr'>ἐπεσχέθη</span> <span class='ocrx_word' id='word_1_284' title='bbox 1077 2520 1189 2590; x_wconf 75' lang='grc'>(55)</span> <span class='ocrx_word' id='word_1_285' title='bbox 1215 2521 1272 2574; x_wconf 84' lang='grc' dir='ltr'>δὲ</span> <span class='ocrx_word' id='word_1_286' title='bbox 1299 2524 1365 2592; x_wconf 84' lang='grc' dir='ltr'>τῇ</span> <span class='ocrx_word' id='word_1_287' title='bbox 1400 2521 1491 2574; x_wconf 79' lang='grc' dir='ltr'>τοῦ</span> <span class='ocrx_word' id='word_1_288' title='bbox 1516 2520 1648 2574; x_wconf 80' lang='grc' dir='ltr'>Θεοῦ</span> <span class='ocrx_word' id='word_1_289' title='bbox 1679 2539 1766 2589; x_wconf 86' lang='grc' dir='ltr'><strong>φι-</strong></span> 
     </span>
    </p>
   </div>
   <div class='ocr_carea' id='block_1_40' title="bbox 188 2608 1765 2684">
    <p class='ocr_par' dir='ltr' id='par_1_40' title="bbox 188 2608 1765 2684">
     <span class='ocr_line' id='line_1_40' title="bbox 188 2608 1765 2684; baseline 0.004 -24"><span class='ocrx_word' id='word_1_290' title='bbox 188 2608 527 2682; x_wconf 74' lang='grc' dir='ltr'>λανθρωπίᾳ,</span> <span class='ocrx_word' id='word_1_291' title='bbox 563 2611 658 2663; x_wconf 75' lang='grc' dir='ltr'><strong>καὶ</strong></span> <span class='ocrx_word' id='word_1_292' title='bbox 710 2614 822 2674; x_wconf 86' lang='grc' dir='ltr'>τοῖς</span> <span class='ocrx_word' id='word_1_293' title='bbox 851 2611 1192 2682; x_wconf 83' lang='grc' dir='ltr'>Χριστιανῶν</span> <span class='ocrx_word' id='word_1_294' title='bbox 1242 2613 1354 2681; x_wconf 65' lang='lat'><strong>(54)</strong></span> <span class='ocrx_word' id='word_1_295' title='bbox 1397 2614 1677 2684; x_wconf 81' lang='grc' dir='ltr'>δάκρυσιν,</span> <span class='ocrx_word' id='word_1_296' title='bbox 1730 2613 1765 2666; x_wconf 78' lang='grc' dir='ltr'>ἃ</span> 
     </span>
    </p>
   </div>
   <div class='ocr_carea' id='block_1_41' title="bbox 189 2700 1766 2776">
    <p class='ocr_par' dir='ltr' id='par_1_41' title="bbox 189 2700 1766 2776">
     <span class='ocr_line' id='line_1_41' title="bbox 189 2700 1766 2776; baseline 0.001 -23"><span class='ocrx_word' id='word_1_297' title='bbox 189 2700 349 2754; x_wconf 75' lang='grc' dir='ltr'>πολλὰ</span> <span class='ocrx_word' id='word_1_298' title='bbox 414 2702 481 2772; x_wconf 83' lang='grc' dir='ltr'>δὴ</span> <span class='ocrx_word' id='word_1_299' title='bbox 508 2703 604 2754; x_wconf 75' lang='grc' dir='ltr'><strong>καὶ</strong></span> <span class='ocrx_word' id='word_1_300' title='bbox 628 2702 777 2773; x_wconf 76' lang='grc' dir='ltr'>παρὰ</span> <span class='ocrx_word' id='word_1_301' title='bbox 809 2702 1018 2756; x_wconf 79' lang='grc' dir='ltr'>πολλῶν</span> <span class='ocrx_word' id='word_1_302' title='bbox 1049 2703 1214 2775; x_wconf 83' lang='grc' dir='ltr'>ἐχέθη</span> <span class='ocrx_word' id='word_1_303' title='bbox 1245 2704 1378 2776; x_wconf 78' lang='grc'>(55),</span> <span class='ocrx_word' id='word_1_304' title='bbox 1417 2705 1574 2757; x_wconf 80' lang='grc' dir='ltr'>τοῦτο</span> <span class='ocrx_word' id='word_1_305' title='bbox 1610 2705 1766 2775; x_wconf 84' lang='grc' dir='ltr'>μόνον</span> 
     </span>
    </p>
   </div>
   <div class='ocr_carea' id='block_1_42' title="bbox 189 2793 1767 2868">
    <p class='ocr_par' dir='ltr' id='par_1_42' title="bbox 189 2793 1767 2868">
     <span class='ocr_line' id='line_1_42' title="bbox 189 2793 1767 2868; baseline 0.001 -22"><span class='ocrx_word' id='word_1_306' title='bbox 189 2793 428 2862; x_wconf 76' lang='grc' dir='ltr'>ἑχόντων</span> <span class='ocrx_word' id='word_1_307' title='bbox 469 2793 612 2846; x_wconf 80' lang='grc' dir='ltr'>κατὰ</span> <span class='ocrx_word' id='word_1_308' title='bbox 644 2793 738 2846; x_wconf 79' lang='grc' dir='ltr'>τοῦ</span> <span class='ocrx_word' id='word_1_309' title='bbox 772 2794 1000 2848; x_wconf 87' lang='grc' dir='ltr'>διώκτου</span> <span class='ocrx_word' id='word_1_310' title='bbox 1043 2797 1354 2868; x_wconf 66' lang='grc' dir='ltr'><strong>φάρμακον⁸</strong></span> <span class='ocrx_word' id='word_1_311' title='bbox 1384 2796 1558 2849; x_wconf 67' lang='grc' dir='ltr'>ταῦτα.</span> <span class='ocrx_word' id='word_1_312' title='bbox 1585 2797 1643 2849; x_wconf 82' lang='grc' dir='ltr'>δὲ</span> <span class='ocrx_word' id='word_1_313' title='bbox 1698 2793 1767 2868; x_wconf 84' lang='grc' dir='ltr'>ἦν</span> 
     </span>
    </p>
   </div>
   <div class='ocr_carea' id='block_1_43' title="bbox 187 2881 1765 2958">
    <p class='ocr_par' dir='ltr' id='par_1_43' title="bbox 187 2881 1765 2958">
     <span class='ocr_line' id='line_1_43' title="bbox 187 2881 1765 2958; baseline 0.003 -25"><span class='ocrx_word' id='word_1_314' title='bbox 187 2882 364 2952; x_wconf 76' lang='grc' dir='ltr'>πάσης</span> <span class='ocrx_word' id='word_1_315' title='bbox 422 2881 520 2953; x_wconf 79' lang='grc' dir='ltr'><strong>μὲν</strong></span> <span class='ocrx_word' id='word_1_316' title='bbox 553 2883 863 2953; x_wconf 74' lang='grc' dir='ltr'>παρρησίας</span> <span class='ocrx_word' id='word_1_317' title='bbox 912 2885 1336 2956; x_wconf 83' lang='grc' dir='ltr'>ἀποστερεῖσθαι</span> <span class='ocrx_word' id='word_1_318' title='bbox 1390 2887 1765 2958; x_wconf 76' lang='grc' dir='ltr'>Χριστιανοὺς,</span> 
     </span>
    </p>
   </div>
   <div class='ocr_carea' id='block_1_44' title="bbox 188 2973 1764 3048">
    <p class='ocr_par' dir='ltr' id='par_1_44' title="bbox 188 2973 1764 3048">
     <span class='ocr_line' id='line_1_44' title="bbox 188 2973 1764 3048; baseline 0.003 -22"><span class='ocrx_word' id='word_1_319' title='bbox 188 2973 408 3027; x_wconf 71' lang='grc' dir='ltr'>πάντων</span> <span class='ocrx_word' id='word_1_320' title='bbox 469 2974 528 3026; x_wconf 80' lang='grc' dir='ltr'>δὲ</span> <span class='ocrx_word' id='word_1_321' title='bbox 585 2976 782 3038; x_wconf 81' lang='grc' dir='ltr'>αὐτοὺς</span> <span class='ocrx_word' id='word_1_322' title='bbox 845 2976 1123 3047; x_wconf 81' lang='grc' dir='ltr'>εἴργεσθαι</span> <span class='ocrx_word' id='word_1_323' title='bbox 1179 2977 1481 3045; x_wconf 75' lang='grc' dir='ltr'>συλλόγων,</span> <span class='ocrx_word' id='word_1_324' title='bbox 1531 2977 1764 3048; x_wconf 82' lang='grc' dir='ltr'>ἀγορῶν,</span> 
     </span>
    </p>
   </div>
   <div class='ocr_carea' id='block_1_45' title="bbox 187 3064 1768 3139">
    <p class='ocr_par' dir='ltr' id='par_1_45' title="bbox 187 3064 1768 3139">
     <span class='ocr_line' id='line_1_45' title="bbox 187 3064 1768 3139; baseline 0.002 -22"><span class='ocrx_word' id='word_1_325' title='bbox 187 3064 572 3136; x_wconf 76' lang='grc' dir='ltr'>πανηγύρεων,</span> <span class='ocrx_word' id='word_1_326' title='bbox 620 3067 726 3119; x_wconf 88' lang='grc' dir='ltr'><strong>τῶν</strong></span> <span class='ocrx_word' id='word_1_327' title='bbox 760 3067 1120 3138; x_wconf 81' lang='grc' dir='ltr'>δικαστηρίων</span> <span class='ocrx_word' id='word_1_328' title='bbox 1155 3067 1358 3121; x_wconf 82' lang='grc' dir='ltr'>αὐτῶν·</span> <span class='ocrx_word' id='word_1_329' title='bbox 1388 3069 1461 3139; x_wconf 78' lang='grc' dir='ltr'>μὴ</span> <span class='ocrx_word' id='word_1_330' title='bbox 1494 3067 1603 3139; x_wconf 79' lang='grc' dir='ltr'>γὰρ</span> <span class='ocrx_word' id='word_1_331' title='bbox 1631 3068 1768 3132; x_wconf 80' lang='grc' dir='ltr'>ἐξεῖ-</span> 
     </span>
    </p>
   </div>
   <div class='ocr_carea' id='block_1_46' title="bbox 185 3137 1837 3230">
    <p class='ocr_par' dir='ltr' id='par_1_46' title="bbox 185 3137 1837 3230">
     <span class='ocr_line' id='line_1_46' title="bbox 185 3137 1837 3230; baseline 0.001 -21"><span class='ocrx_word' id='word_1_332' title='bbox 185 3174 264 3210; x_wconf 85' lang='grc' dir='ltr'><strong>ναι</strong></span> <span class='ocrx_word' id='word_1_333' title='bbox 322 3157 634 3228; x_wconf 79' lang='grc' dir='ltr'>κεχρῆσθαι</span> <span class='ocrx_word' id='word_1_334' title='bbox 663 3159 894 3221; x_wconf 84' lang='grc' dir='ltr'>τούτοις,</span> <span class='ocrx_word' id='word_1_335' title='bbox 923 3160 1072 3222; x_wconf 81' lang='grc' dir='ltr'>ὅστις</span> <span class='ocrx_word' id='word_1_336' title='bbox 1117 3160 1189 3230; x_wconf 83' lang='grc' dir='ltr'>μὴ</span> <span class='ocrx_word' id='word_1_337' title='bbox 1243 3158 1384 3211; x_wconf 80' lang='grc' dir='ltr'><strong>κατά</strong></span> <span class='ocrx_word' id='word_1_338' title='bbox 1427 3157 1533 3211; x_wconf 86' lang='grc' dir='ltr'><strong>τῶν</strong></span> <span class='ocrx_word' id='word_1_339' title='bbox 1569 3158 1768 3228; x_wconf 83' lang='grc' dir='ltr'>βωμῶν</span> <span class='ocrx_word' id='word_1_340' title='bbox 1795 3137 1837 3196; x_wconf 78' lang='lat' dir='ltr'><strong>C</strong></span> 
     </span>
    </p>
   </div>
   <div class='ocr_carea' id='block_1_47' title="bbox 186 3231 1765 3322">
    <p class='ocr_par' dir='ltr' id='par_1_47' title="bbox 186 3231 1765 3322">
     <span class='ocr_line' id='line_1_47' title="bbox 186 3231 1765 3322; baseline 0.001 -21"><span class='ocrx_word' id='word_1_341' title='bbox 186 3248 509 3319; x_wconf 79' lang='grc' dir='ltr'>θυμιάσειεν</span> <span class='ocrx_word' id='word_1_342' title='bbox 537 3249 843 3321; x_wconf 74' lang='grc' dir='ltr'>ἔμπροσθεν</span> <span class='ocrx_word' id='word_1_343' title='bbox 872 3251 1138 3322; x_wconf 77' lang='grc' dir='ltr'>κειμένων</span> <span class='ocrx_word' id='word_1_344' title='bbox 1169 3251 1300 3321; x_wconf 79' lang='grc'>(56),</span> <span class='ocrx_word' id='word_1_345' title='bbox 1325 3252 1418 3304; x_wconf 73' lang='grc' dir='ltr'><strong>καὶ</strong></span> <span class='ocrx_word' id='word_1_346' title='bbox 1450 3231 1634 3322; x_wconf 63' lang='grc' dir='ltr'>μιέθὸν</span> <span class='ocrx_word' id='word_1_347' title='bbox 1653 3251 1765 3321; x_wconf 88' lang='grc' dir='ltr'>δοίη</span> 
     </span>
    </p>
   </div>
   <div class='ocr_carea' id='block_1_48' title="bbox 187 3336 1769 3412">
    <p class='ocr_par' dir='ltr' id='par_1_48' title="bbox 187 3336 1769 3412">
     <span class='ocr_line' id='line_1_48' title="bbox 187 3336 1769 3412; baseline 0.001 -21"><span class='ocrx_word' id='word_1_348' title='bbox 187 3340 356 3411; x_wconf 82' lang='grc' dir='ltr'>μέγαν</span> <span class='ocrx_word' id='word_1_349' title='bbox 385 3339 534 3393; x_wconf 77' lang='grc' dir='ltr'>οὕτω</span> <span class='ocrx_word' id='word_1_350' title='bbox 562 3340 657 3393; x_wconf 72' lang='grc' dir='ltr'><strong>καὶ</strong></span> <span class='ocrx_word' id='word_1_351' title='bbox 687 3340 940 3393; x_wconf 85' lang='grc' dir='ltr'>τοσούτου</span> <span class='ocrx_word' id='word_1_352' title='bbox 973 3341 1313 3412; x_wconf 82' lang='grc' dir='ltr'>πράγματος.</span> <span class='ocrx_word' id='word_1_353' title='bbox 1344 3336 1414 3392; x_wconf 82' lang='grc' dir='ltr'><strong><em>Ὦ</em></strong></span> <span class='ocrx_word' id='word_1_354' title='bbox 1443 3341 1617 3410; x_wconf 81' lang='grc' dir='ltr'>νόμοι,</span> <span class='ocrx_word' id='word_1_355' title='bbox 1673 3339 1769 3393; x_wconf 74' lang='grc' dir='ltr'><strong>καὶ</strong></span> 
     </span>
    </p>
   </div>
   <div class='ocr_carea' id='block_1_49' title="bbox 187 3429 1766 3502">
    <p class='ocr_par' dir='ltr' id='par_1_49' title="bbox 187 3429 1766 3502">
     <span class='ocr_line' id='line_1_49' title="bbox 187 3429 1766 3502; baseline -0.001 -20"><span class='ocrx_word' id='word_1_356' title='bbox 187 3431 504 3500; x_wconf 78' lang='grc' dir='ltr'>νομοθέται,</span> <span class='ocrx_word' id='word_1_357' title='bbox 531 3431 624 3482; x_wconf 74' lang='grc' dir='ltr'><strong>καὶ</strong></span> <span class='ocrx_word' id='word_1_358' title='bbox 651 3429 907 3500; x_wconf 82' lang='grc' dir='ltr'>βασιλεῖς,</span> <span class='ocrx_word' id='word_1_359' title='bbox 943 3431 991 3483; x_wconf 80' lang='grc' dir='ltr'><strong>οἳ</strong></span> <span class='ocrx_word' id='word_1_360' title='bbox 1021 3430 1269 3502; x_wconf 79' lang='grc' dir='ltr'>καθάπερ</span> <span class='ocrx_word' id='word_1_361' title='bbox 1293 3429 1522 3500; x_wconf 80' lang='grc' dir='ltr'>ούρανοῦ</span> <span class='ocrx_word' id='word_1_362' title='bbox 1554 3429 1766 3493; x_wconf 80' lang='grc' dir='ltr'>κάλλος,</span> 
     </span>
    </p>
   </div>
   <div class='ocr_carea' id='block_1_50' title="bbox 188 3523 1768 3599">
    <p class='ocr_par' dir='ltr' id='par_1_50' title="bbox 188 3523 1768 3599">
     <span class='ocr_line' id='line_1_50' title="bbox 188 3523 1768 3599; baseline -0.001 -23"><span class='ocrx_word' id='word_1_363' title='bbox 188 3524 273 3576; x_wconf 77' lang='grc' dir='ltr'><strong>καὶ</strong></span> <span class='ocrx_word' id='word_1_364' title='bbox 305 3524 474 3594; x_wconf 76' lang='grc' dir='ltr'>ἡλίου</span> <span class='ocrx_word' id='word_1_365' title='bbox 504 3524 638 3592; x_wconf 72' lang='grc' dir='ltr'>φῶς,</span> <span class='ocrx_word' id='word_1_366' title='bbox 677 3526 771 3577; x_wconf 71' lang='grc' dir='ltr'><strong>καὶ</strong></span> <span class='ocrx_word' id='word_1_367' title='bbox 820 3525 983 3599; x_wconf 81' lang='grc' dir='ltr'>ἀέρος</span> <span class='ocrx_word' id='word_1_368' title='bbox 1019 3524 1195 3595; x_wconf 85' lang='grc' dir='ltr'>χύσις,</span> <span class='ocrx_word' id='word_1_369' title='bbox 1248 3523 1418 3577; x_wconf 82' lang='grc' dir='ltr'>ἆπασι</span> <span class='ocrx_word' id='word_1_370' title='bbox 1456 3523 1768 3593; x_wconf 84' lang='grc' dir='ltr'>πρόκεινται</span> 
     </span>
    </p>
   </div>
   <div class='ocr_carea' id='block_1_51' title="bbox 188 3613 1770 3688">
    <p class='ocr_par' dir='ltr' id='par_1_51' title="bbox 188 3613 1770 3688">
     <span class='ocr_line' id='line_1_51' title="bbox 188 3613 1770 3688; baseline -0.001 -20"><span class='ocrx_word' id='word_1_371' title='bbox 188 3616 578 3687; x_wconf 75' lang='grc' dir='ltr'>φιλανθρωπία</span> <span class='ocrx_word' id='word_1_372' title='bbox 605 3618 757 3688; x_wconf 84' lang='grc' dir='ltr'>κοινή</span> <span class='ocrx_word' id='word_1_373' title='bbox 783 3634 842 3669; x_wconf 88' lang='grc' dir='ltr'><strong>τε</strong></span> <span class='ocrx_word' id='word_1_374' title='bbox 872 3618 966 3670; x_wconf 75' lang='grc' dir='ltr'><strong>καὶ</strong></span> <span class='ocrx_word' id='word_1_375' title='bbox 995 3616 1247 3686; x_wconf 68' lang='grc' dir='ltr'>ἄφθονος,</span> <span class='ocrx_word' id='word_1_376' title='bbox 1285 3613 1428 3668; x_wconf 78' lang='grc' dir='ltr'>οὕτω</span> <span class='ocrx_word' id='word_1_377' title='bbox 1450 3615 1505 3668; x_wconf 82' lang='grc' dir='ltr'><strong>δὲ</strong></span> <span class='ocrx_word' id='word_1_378' title='bbox 1532 3615 1626 3668; x_wconf 71' lang='grc' dir='ltr'>καὶ</span> <span class='ocrx_word' id='word_1_379' title='bbox 1671 3613 1770 3685; x_wconf 78' lang='grc' dir='ltr'><strong>τὴν</strong></span> 
     </span>
    </p>
   </div>
   <div class='ocr_carea' id='block_1_52' title="bbox 188 3705 1768 3777">
    <p class='ocr_par' dir='ltr' id='par_1_52' title="bbox 188 3705 1768 3777">
     <span class='ocr_line' id='line_1_52' title="bbox 188 3705 1768 3777; baseline -0.003 -17"><span class='ocrx_word' id='word_1_380' title='bbox 188 3708 288 3760; x_wconf 79' lang='grc' dir='ltr'><strong>τῶν</strong></span> <span class='ocrx_word' id='word_1_381' title='bbox 317 3709 517 3777; x_wconf 79' lang='grc' dir='ltr'>νόμων</span> <span class='ocrx_word' id='word_1_382' title='bbox 554 3707 840 3777; x_wconf 85' lang='grc' dir='ltr'>μετουσίαν</span> <span class='ocrx_word' id='word_1_383' title='bbox 871 3706 1164 3776; x_wconf 79' lang='grc' dir='ltr'>προθέντες</span> <span class='ocrx_word' id='word_1_384' title='bbox 1210 3705 1413 3758; x_wconf 75' lang='grc' dir='ltr'>ἅπασιν</span> <span class='ocrx_word' id='word_1_385' title='bbox 1449 3705 1768 3776; x_wconf 84' lang='grc' dir='ltr'>ἐλευθέροις,</span> 
     </span>
    </p>
   </div>
   <div class='ocr_carea' id='block_1_53' title="bbox 189 3793 1770 3869">
    <p class='ocr_par' dir='ltr' id='par_1_53' title="bbox 189 3793 1770 3869">
     <span class='ocr_line' id='line_1_53' title="bbox 189 3793 1770 3869; baseline -0.001 -20"><span class='ocrx_word' id='word_1_386' title='bbox 189 3798 304 3869; x_wconf 72' lang='grc' dir='ltr'>ἴσην</span> <span class='ocrx_word' id='word_1_387' title='bbox 331 3815 402 3852; x_wconf 83' lang='grc' dir='ltr'><strong>τε</strong></span> <span class='ocrx_word' id='word_1_388' title='bbox 433 3798 531 3850; x_wconf 72' lang='grc' dir='ltr'>καὶ</span> <span class='ocrx_word' id='word_1_389' title='bbox 556 3799 848 3868; x_wconf 77' lang='grc' dir='ltr'>ὀμότιμονί</span> <span class='ocrx_word' id='word_1_390' title='bbox 897 3793 965 3866; x_wconf 82' lang='grc' dir='ltr'>ἦς</span> <span class='ocrx_word' id='word_1_391' title='bbox 994 3800 1198 3859; x_wconf 81' lang='grc' dir='ltr'>ἐκεῖνος</span> <span class='ocrx_word' id='word_1_392' title='bbox 1226 3798 1615 3868; x_wconf 86' lang='grc' dir='ltr'>ἀποστερήσειν</span> <span class='ocrx_word' id='word_1_393' title='bbox 1659 3795 1770 3865; x_wconf 79' lang='lat'><strong>(57)</strong></span> 
     </span>
    </p>
   </div>
   <div class='ocr_carea' id='block_1_54' title="bbox 186 3887 1772 3959">
    <p class='ocr_par' dir='ltr' id='par_1_54' title="bbox 186 3887 1772 3959">
     <span class='ocr_line' id='line_1_54' title="bbox 186 3887 1772 3959; baseline -0.001 -18"><span class='ocrx_word' id='word_1_394' title='bbox 186 3888 447 3941; x_wconf 79' lang='grc' dir='ltr'>διενοεῖτο</span> <span class='ocrx_word' id='word_1_395' title='bbox 462 3887 842 3957; x_wconf 85' lang='grc' dir='ltr'>Χριστιανούς·</span> <span class='ocrx_word' id='word_1_396' title='bbox 872 3887 946 3950; x_wconf 82' lang='grc' dir='ltr'>ὡς</span> <span class='ocrx_word' id='word_1_397' title='bbox 970 3889 1104 3958; x_wconf 83' lang='grc' dir='ltr'>μήτε</span> <span class='ocrx_word' id='word_1_398' title='bbox 1141 3888 1589 3959; x_wconf 81' lang='grc' dir='ltr'>τυραννουμένοις</span> <span class='ocrx_word' id='word_1_399' title='bbox 1619 3887 1772 3950; x_wconf 88' lang='grc' dir='ltr'>δίκας</span> 
     </span>
    </p>
   </div>
   <div class='ocr_carea' id='block_1_55' title="bbox 188 3979 1775 4050">
    <p class='ocr_par' dir='ltr' id='par_1_55' title="bbox 188 3979 1775 4050">
     <span class='ocr_line' id='line_1_55' title="bbox 188 3979 1775 4050; baseline 0 -18"><span class='ocrx_word' id='word_1_400' title='bbox 188 3979 390 4046; x_wconf 73' lang='grc' dir='ltr'>ἐξεῖναι</span> <span class='ocrx_word' id='word_1_401' title='bbox 423 3979 633 4042; x_wconf 78' lang='grc' dir='ltr'>λαϐεῖν,</span> <span class='ocrx_word' id='word_1_402' title='bbox 656 3980 790 4050; x_wconf 80' lang='grc' dir='ltr'>μήτε</span> <span class='ocrx_word' id='word_1_403' title='bbox 822 3979 1017 4050; x_wconf 79' lang='grc' dir='ltr'>ζημιου</span> <span class='ocrx_word' id='word_1_404' title='bbox 1027 3979 1207 4050; x_wconf 86' lang='grc' dir='ltr'>μένοις</span> <span class='ocrx_word' id='word_1_405' title='bbox 1233 3982 1310 4042; x_wconf 85' lang='grc' dir='ltr'><strong>είς</strong></span> <span class='ocrx_word' id='word_1_406' title='bbox 1336 3981 1611 4050; x_wconf 83' lang='grc' dir='ltr'>χρήματα,</span> <span class='ocrx_word' id='word_1_407' title='bbox 1639 3981 1775 4049; x_wconf 83' lang='grc' dir='ltr'>μήτε</span> 
     </span>
    </p>
   </div>
   <div class='ocr_carea' id='block_1_56' title="bbox 189 4050 1776 4141">
    <p class='ocr_par' dir='ltr' id='par_1_56' title="bbox 189 4050 1776 4141">
     <span class='ocr_line' id='line_1_56' title="bbox 189 4050 1776 4141; baseline -0.002 -17"><span class='ocrx_word' id='word_1_408' title='bbox 189 4071 308 4124; x_wconf 78' lang='grc' dir='ltr'>ἄλλο</span> <span class='ocrx_word' id='word_1_409' title='bbox 330 4089 389 4124; x_wconf 77' lang='grc' dir='ltr'><strong>τι</strong></span> <span class='ocrx_word' id='word_1_410' title='bbox 425 4071 693 4140; x_wconf 78' lang='grc' dir='ltr'>πάσχουσι</span> <span class='ocrx_word' id='word_1_411' title='bbox 727 4071 980 4140; x_wconf 82' lang='grc' dir='ltr'>μικρὸνῆ</span> <span class='ocrx_word' id='word_1_412' title='bbox 1030 4072 1211 4140; x_wconf 74' lang='grc' dir='ltr'>μεῖζον</span> <span class='ocrx_word' id='word_1_413' title='bbox 1249 4070 1357 4123; x_wconf 88' lang='grc' dir='ltr'><strong>τῶν</strong></span> <span class='ocrx_word' id='word_1_414' title='bbox 1396 4050 1776 4141; x_wconf 73' lang='grc' dir='ltr'>ἀπηγορευμέ-</span> 
     </span>
    </p>
   </div>
   <div class='ocr_carea' id='block_1_57' title="bbox 184 4161 1772 4235">
    <p class='ocr_par' dir='ltr' id='par_1_57' title="bbox 184 4161 1772 4235">
     <span class='ocr_line' id='line_1_57' title="bbox 184 4161 1772 4235; baseline 0.001 -20"><span class='ocrx_word' id='word_1_415' title='bbox 184 4177 287 4215; x_wconf 86' lang='grc' dir='ltr'><strong>νων</strong></span> <span class='ocrx_word' id='word_1_416' title='bbox 310 4162 436 4233; x_wconf 77' lang='grc'>(58)</span> <span class='ocrx_word' id='word_1_417' title='bbox 485 4161 894 4233; x_wconf 81' lang='grc' dir='ltr'>ὲπικουρεῖσθαι</span> <span class='ocrx_word' id='word_1_418' title='bbox 923 4163 1032 4231; x_wconf 72' lang='grc'>(59)</span> <span class='ocrx_word' id='word_1_419' title='bbox 1077 4166 1191 4226; x_wconf 85' lang='grc' dir='ltr'>τοῖς</span> <span class='ocrx_word' id='word_1_420' title='bbox 1221 4163 1424 4234; x_wconf 86' lang='grc' dir='ltr'>νόμοις·</span> <span class='ocrx_word' id='word_1_421' title='bbox 1456 4164 1568 4216; x_wconf 81' lang='grc' dir='ltr'>ἀλλ’</span> <span class='ocrx_word' id='word_1_422' title='bbox 1597 4163 1772 4235; x_wconf 81' lang='grc' dir='ltr'>ἐξορί-</span> 
     </span>
    </p>
   </div>
   <div class='ocr_carea' id='block_1_58' title="bbox 191 4252 1772 4328">
    <p class='ocr_par' dir='ltr' id='par_1_58' title="bbox 191 4252 1772 4328">
     <span class='ocr_line' id='line_1_58' title="bbox 191 4252 1772 4328; baseline 0.002 -20"><span class='ocrx_word' id='word_1_423' title='bbox 191 4273 346 4320; x_wconf 87' lang='grc' dir='ltr'>στους</span> <span class='ocrx_word' id='word_1_424' title='bbox 397 4252 565 4322; x_wconf 73' lang='grc' dir='ltr'>εἶναι,</span> <span class='ocrx_word' id='word_1_425' title='bbox 600 4258 692 4309; x_wconf 75' lang='grc' dir='ltr'><strong>καὶ</strong></span> <span class='ocrx_word' id='word_1_426' title='bbox 742 4255 1098 4328; x_wconf 86' lang='grc' dir='ltr'>ἀναιρεῖσθαι,</span> <span class='ocrx_word' id='word_1_427' title='bbox 1143 4258 1236 4309; x_wconf 76' lang='grc' dir='ltr'>καὶ</span> <span class='ocrx_word' id='word_1_428' title='bbox 1265 4257 1458 4328; x_wconf 77' lang='grc' dir='ltr'>μικροῦ</span> <span class='ocrx_word' id='word_1_429' title='bbox 1499 4256 1604 4310; x_wconf 84' lang='grc' dir='ltr'><strong>τῶν</strong></span> <span class='ocrx_word' id='word_1_430' title='bbox 1646 4259 1772 4311; x_wconf 80' lang='grc' dir='ltr'>ἁνα-</span> 
     </span>
    </p>
   </div>
   <div class='ocr_carea' id='block_1_59' title="bbox 1868 1878 3429 1946">
    <p class='ocr_par' dir='ltr' id='par_1_59' title="bbox 1868 1878 3429 1946">
     <span class='ocr_line' id='line_1_59' title="bbox 1868 1878 3429 1946; baseline -0.003 -11"><span class='ocrx_word' id='word_1_431' title='bbox 1868 1881 2161 1945; x_wconf 86' lang='lat' dir='ltr'><strong>duxerunt,</strong></span> <span class='ocrx_word' id='word_1_432' title='bbox 2187 1893 2287 1934; x_wconf 90' lang='lat' dir='ltr'><strong>nec</strong></span> <span class='ocrx_word' id='word_1_433' title='bbox 2315 1878 2699 1943; x_wconf 88' lang='lat' dir='ltr'><strong>Diocletianus,</strong></span> <span class='ocrx_word' id='word_1_434' title='bbox 2730 1878 2820 1946; x_wconf 89' lang='lat' dir='ltr'><strong>qui</strong></span> <span class='ocrx_word' id='word_1_435' title='bbox 2847 1879 3054 1946; x_wconf 91' lang='lat' dir='ltr'><strong>primus</strong></span> <span class='ocrx_word' id='word_1_436' title='bbox 3085 1878 3429 1933; x_wconf 81' lang='lat' dir='ltr'><strong>Christianos</strong></span> 
     </span>
    </p>
   </div>
   <div class='ocr_carea' id='block_1_60' title="bbox 1865 1953 3430 2041">
    <p class='ocr_par' dir='ltr' id='par_1_60' title="bbox 1865 1953 3430 2041">
     <span class='ocr_line' id='line_1_60' title="bbox 1865 1953 3430 2041; baseline -0.001 -13"><span class='ocrx_word' id='word_1_437' title='bbox 1865 1972 2208 2028; x_wconf 88' lang='lat' dir='ltr'><strong>contumeliis</strong></span> <span class='ocrx_word' id='word_1_438' title='bbox 2242 1971 2442 2036; x_wconf 72' lang='lat' dir='ltr'><strong>affecit,</strong></span> <span class='ocrx_word' id='word_1_439' title='bbox 2479 1985 2579 2025; x_wconf 90' lang='lat' dir='ltr'><strong>nec</strong></span> <span class='ocrx_word' id='word_1_440' title='bbox 2605 1953 2982 2035; x_wconf 78' lang='lat' dir='ltr'><strong>Maximianus,</strong></span> <span class='ocrx_word' id='word_1_441' title='bbox 3016 1971 3105 2041; x_wconf 87' lang='lat' dir='ltr'><strong>qui</strong></span> <span class='ocrx_word' id='word_1_442' title='bbox 3138 1971 3184 2026; x_wconf 91' lang='lat' dir='ltr'><strong>ei</strong></span> <span class='ocrx_word' id='word_1_443' title='bbox 3216 1987 3430 2026; x_wconf 85' lang='lat' dir='ltr'><strong>succes-</strong></span> 
     </span>
    </p>
   </div>
   <div class='ocr_carea' id='block_1_61' title="bbox 1864 2061 3426 2130">
    <p class='ocr_par' dir='ltr' id='par_1_61' title="bbox 1864 2061 3426 2130">
     <span class='ocr_line' id='line_1_61' title="bbox 1864 2061 3426 2130; baseline -0.001 -14"><span class='ocrx_word' id='word_1_444' title='bbox 1864 2063 1954 2128; x_wconf 86' lang='lat' dir='ltr'><strong>sit,</strong></span> <span class='ocrx_word' id='word_1_445' title='bbox 1981 2077 2212 2130; x_wconf 86' lang='lat' dir='ltr'><strong>eumque</strong></span> <span class='ocrx_word' id='word_1_446' title='bbox 2235 2062 2544 2130; x_wconf 76' lang='lat' dir='ltr'><strong>superavit;</strong></span> <span class='ocrx_word' id='word_1_447' title='bbox 2573 2076 2671 2115; x_wconf 92' lang='lat' dir='ltr'><strong>nec</strong></span> <span class='ocrx_word' id='word_1_448' title='bbox 2694 2061 2925 2130; x_wconf 89' lang='lat' dir='ltr'><strong>denique</strong></span> <span class='ocrx_word' id='word_1_449' title='bbox 2949 2061 3290 2124; x_wconf 73' lang='lat' dir='ltr'><strong>Maximinus,</strong></span> <span class='ocrx_word' id='word_1_450' title='bbox 3315 2064 3426 2130; x_wconf 91' lang='lat' dir='ltr'><strong>qui,</strong></span> 
     </span>
    </p>
   </div>
   <div class='ocr_carea' id='block_1_62' title="bbox 1864 2151 3431 2222">
    <p class='ocr_par' dir='ltr' id='par_1_62' title="bbox 1864 2151 3431 2222">
     <span class='ocr_line' id='line_1_62' title="bbox 1864 2151 3431 2222; baseline -0.001 -15"><span class='ocrx_word' id='word_1_451' title='bbox 1864 2163 1924 2207; x_wconf 89' lang='lat' dir='ltr'><strong>ut</strong></span> <span class='ocrx_word' id='word_1_452' title='bbox 1952 2161 2190 2222; x_wconf 91' lang='lat' dir='ltr'><strong>tempore</strong></span> <span class='ocrx_word' id='word_1_453' title='bbox 2216 2153 2320 2207; x_wconf 89' lang='lat' dir='ltr'><strong>illis</strong></span> <span class='ocrx_word' id='word_1_454' title='bbox 2347 2155 2635 2222; x_wconf 88' lang='lat' dir='ltr'><strong>posterior,</strong></span> <span class='ocrx_word' id='word_1_455' title='bbox 2684 2151 2771 2206; x_wconf 89' lang='lat' dir='ltr'><strong>ita</strong></span> <span class='ocrx_word' id='word_1_456' title='bbox 2801 2154 3198 2222; x_wconf 86' lang='lat' dir='ltr'><strong>persecutionis</strong></span> <span class='ocrx_word' id='word_1_457' title='bbox 3236 2155 3431 2206; x_wconf 85' lang='lat' dir='ltr'><strong>atroci-</strong></span> 
     </span>
    </p>
   </div>
   <div class='ocr_carea' id='block_1_63' title="bbox 1866 2243 3427 2314">
    <p class='ocr_par' dir='ltr' id='par_1_63' title="bbox 1866 2243 3427 2314">
     <span class='ocr_line' id='line_1_63' title="bbox 1866 2243 3427 2314; baseline -0.004 -14"><span class='ocrx_word' id='word_1_458' title='bbox 1866 2253 1974 2300; x_wconf 89' lang='lat' dir='ltr'><strong>tate</strong></span> <span class='ocrx_word' id='word_1_459' title='bbox 2005 2245 2249 2313; x_wconf 84' lang='lat' dir='ltr'><strong>superior</strong></span> <span class='ocrx_word' id='word_1_460' title='bbox 2284 2243 2381 2297; x_wconf 81' lang='lat' dir='ltr'><strong>fuit</strong></span> <span class='ocrx_word' id='word_1_461' title='bbox 2416 2244 2611 2314; x_wconf 88' lang='lat' dir='ltr'><strong>(cujus</strong></span> <span class='ocrx_word' id='word_1_462' title='bbox 2650 2243 2799 2314; x_wconf 88' lang='lat' dir='ltr'><strong>signa</strong></span> <span class='ocrx_word' id='word_1_463' title='bbox 2853 2243 3018 2313; x_wconf 81' lang='lat' dir='ltr'><strong>plagte</strong></span> <span class='ocrx_word' id='word_1_464' title='bbox 3059 2245 3126 2297; x_wconf 92' lang='lat' dir='ltr'><strong>ob</strong></span> <span class='ocrx_word' id='word_1_465' title='bbox 3157 2259 3275 2298; x_wconf 89' lang='lat' dir='ltr'><strong>eam</strong></span> <span class='ocrx_word' id='word_1_466' title='bbox 3319 2260 3427 2297; x_wconf 82' lang='lat' dir='ltr'><strong>rem</strong></span> 
     </span>
    </p>
   </div>
   <div class='ocr_carea' id='block_1_64' title="bbox 1866 2335 3431 2404">
    <p class='ocr_par' dir='ltr' id='par_1_64' title="bbox 1866 2335 3431 2404">
     <span class='ocr_line' id='line_1_64' title="bbox 1866 2335 3431 2404; baseline -0.003 -13"><span class='ocrx_word' id='word_1_467' title='bbox 1866 2342 2134 2404; x_wconf 68' lang='lat' dir='ltr'><strong>acceptm,</strong></span> <span class='ocrx_word' id='word_1_468' title='bbox 2170 2337 2434 2403; x_wconf 85' lang='lat' dir='ltr'><strong>imagines</strong></span> <span class='ocrx_word' id='word_1_469' title='bbox 2475 2345 2527 2390; x_wconf 94' lang='lat' dir='ltr'><strong>et</strong></span> <span class='ocrx_word' id='word_1_470' title='bbox 2573 2345 2765 2390; x_wconf 71' lang='lat' dir='ltr'><strong>stature</strong></span> <span class='ocrx_word' id='word_1_471' title='bbox 2799 2335 2981 2390; x_wconf 77' lang='lat' dir='ltr'><strong>ferunt</strong></span> <span class='ocrx_word' id='word_1_472' title='bbox 3017 2335 3227 2404; x_wconf 86' lang='lat' dir='ltr'><strong>publice</strong></span> <span class='ocrx_word' id='word_1_473' title='bbox 3256 2336 3431 2389; x_wconf 89' lang='lat' dir='ltr'><strong>adhuc</strong></span> 
     </span>
    </p>
   </div>
   <div class='ocr_carea' id='block_1_65' title="bbox 1866 2425 3432 2496">
    <p class='ocr_par' dir='ltr' id='par_1_65' title="bbox 1866 2425 3432 2496">
     <span class='ocr_line' id='line_1_65' title="bbox 1866 2425 3432 2496; baseline -0.001 -17"><span class='ocrx_word' id='word_1_474' title='bbox 1866 2435 2200 2496; x_wconf 87' lang='lat' dir='ltr'><strong>prostautes,</strong></span> <span class='ocrx_word' id='word_1_475' title='bbox 2239 2425 2548 2494; x_wconf 76' lang='lat' dir='ltr'><strong>fmdamque</strong></span> <span class='ocrx_word' id='word_1_476' title='bbox 2583 2425 2829 2496; x_wconf 89' lang='lat' dir='ltr'><strong>corporis</strong></span> <span class='ocrx_word' id='word_1_477' title='bbox 2867 2426 3258 2480; x_wconf 84' lang='lat' dir='ltr'><strong>mutilationem</strong></span> <span class='ocrx_word' id='word_1_478' title='bbox 3291 2439 3432 2480; x_wconf 84' lang='lat' dir='ltr'><strong>sem-</strong></span> 
     </span>
    </p>
   </div>
   <div class='ocr_carea' id='block_1_66' title="bbox 1866 2515 3434 2588">
    <p class='ocr_par' dir='ltr' id='par_1_66' title="bbox 1866 2515 3434 2588">
     <span class='ocr_line' id='line_1_66' title="bbox 1866 2515 3434 2588; baseline -0.002 -16"><span class='ocrx_word' id='word_1_479' title='bbox 1866 2519 2073 2588; x_wconf 87' lang='lat' dir='ltr'><strong>piterna</strong></span> <span class='ocrx_word' id='word_1_480' title='bbox 2114 2517 2333 2571; x_wconf 80' lang='lat' dir='ltr'><strong>infamia</strong></span> <span class='ocrx_word' id='word_1_481' title='bbox 2371 2515 2679 2588; x_wconf 83' lang='lat' dir='ltr'><strong>notantes),</strong></span> <span class='ocrx_word' id='word_1_482' title='bbox 2713 2518 2826 2572; x_wconf 59' lang='lat' dir='ltr'><strong>ha‘c</strong></span> <span class='ocrx_word' id='word_1_483' title='bbox 2861 2517 2948 2570; x_wconf 90' lang='lat' dir='ltr'><strong>ille</strong></span> <span class='ocrx_word' id='word_1_484' title='bbox 2979 2518 3192 2584; x_wconf 89' lang='lat' dir='ltr'><strong>quidem</strong></span> <span class='ocrx_word' id='word_1_485' title='bbox 3231 2518 3434 2586; x_wconf 87' lang='lat' dir='ltr'><strong>cogita-</strong></span> 
     </span>
    </p>
   </div>
   <div class='ocr_carea' id='block_1_67' title="bbox 1867 2606 3434 2676">
    <p class='ocr_par' dir='ltr' id='par_1_67' title="bbox 1867 2606 3434 2676">
     <span class='ocr_line' id='line_1_67' title="bbox 1867 2606 3434 2676; baseline -0.003 -14"><span class='ocrx_word' id='word_1_486' title='bbox 1867 2608 1990 2671; x_wconf 85' lang='lat' dir='ltr'><strong>bat,</strong></span> <span class='ocrx_word' id='word_1_487' title='bbox 2026 2617 2083 2661; x_wconf 87' lang='grc' dir='ltr'><strong>ιιι</strong></span> <span class='ocrx_word' id='word_1_488' title='bbox 2114 2617 2340 2661; x_wconf 89' lang='lat' dir='ltr'><strong>narrant</strong></span> <span class='ocrx_word' id='word_1_489' title='bbox 2377 2608 2468 2676; x_wconf 90' lang='lat' dir='ltr'><strong>qui</strong></span> <span class='ocrx_word' id='word_1_490' title='bbox 2503 2621 2827 2660; x_wconf 88' lang='lat' dir='ltr'><strong>arcanorqu</strong></span> <span class='ocrx_word' id='word_1_491' title='bbox 2867 2606 3008 2659; x_wconf 91' lang='lat' dir='ltr'><strong>illius</strong></span> <span class='ocrx_word' id='word_1_492' title='bbox 3049 2606 3340 2675; x_wconf 89' lang='lat' dir='ltr'><strong>participes</strong></span> <span class='ocrx_word' id='word_1_493' title='bbox 3369 2620 3434 2659; x_wconf 89' lang='lat' dir='ltr'><strong>ac</strong></span> 
     </span>
    </p>
   </div>
   <div class='ocr_carea' id='block_1_68' title="bbox 1871 2698 3434 2768">
    <p class='ocr_par' dir='ltr' id='par_1_68' title="bbox 1871 2698 3434 2768">
     <span class='ocr_line' id='line_1_68' title="bbox 1871 2698 3434 2768; baseline -0.003 -12"><span class='ocrx_word' id='word_1_494' title='bbox 1871 2711 2035 2756; x_wconf 90' lang='lat' dir='ltr'><strong>testes</strong></span> <span class='ocrx_word' id='word_1_495' title='bbox 2058 2711 2253 2756; x_wconf 89' lang='lat' dir='ltr'><strong>erant:</strong></span> <span class='ocrx_word' id='word_1_496' title='bbox 2284 2716 2468 2755; x_wconf 90' lang='lat' dir='ltr'><strong>verum</strong></span> <span class='ocrx_word' id='word_1_497' title='bbox 2501 2701 2592 2754; x_wconf 92' lang='lat' dir='ltr'><strong>Dei</strong></span> <span class='ocrx_word' id='word_1_498' title='bbox 2623 2699 2958 2768; x_wconf 81' lang='lat' dir='ltr'><strong>benignitate</strong></span> <span class='ocrx_word' id='word_1_499' title='bbox 2984 2698 3249 2753; x_wconf 86' lang='lat' dir='ltr'><strong>inhibitus</strong></span> <span class='ocrx_word' id='word_1_500' title='bbox 3274 2709 3434 2765; x_wconf 86' lang='lat' dir='ltr'><strong>atque</strong></span> 
     </span>
    </p>
   </div>
   <div class='ocr_carea' id='block_1_69' title="bbox 1868 2791 3434 2862">
    <p class='ocr_par' dir='ltr' id='par_1_69' title="bbox 1868 2791 3434 2862">
     <span class='ocr_line' id='line_1_69' title="bbox 1868 2791 3434 2862; baseline -0.001 -16"><span class='ocrx_word' id='word_1_501' title='bbox 1868 2807 2150 2862; x_wconf 84' lang='lat' dir='ltr'><strong>repressus</strong></span> <span class='ocrx_word' id='word_1_502' title='bbox 2199 2804 2314 2857; x_wconf 90' lang='lat' dir='ltr'><strong>est,</strong></span> <span class='ocrx_word' id='word_1_503' title='bbox 2370 2792 2911 2861; x_wconf 88' lang='lat' dir='ltr'><strong>Christianorumque</strong></span> <span class='ocrx_word' id='word_1_504' title='bbox 2959 2791 3249 2860; x_wconf 84' lang='lat' dir='ltr'><strong>lacrymis,</strong></span> <span class='ocrx_word' id='word_1_505' title='bbox 3297 2805 3434 2860; x_wconf 88' lang='lat' dir='ltr'><strong>quas</strong></span> 
     </span>
    </p>
   </div>
   <div class='ocr_carea' id='block_1_70' title="bbox 1870 2881 3433 2950">
    <p class='ocr_par' dir='ltr' id='par_1_70' title="bbox 1870 2881 3433 2950">
     <span class='ocr_line' id='line_1_70' title="bbox 1870 2881 3433 2950; baseline -0.004 -14"><span class='ocrx_word' id='word_1_506' title='bbox 1870 2883 2067 2937; x_wconf 90' lang='lat' dir='ltr'><strong>multas</strong></span> <span class='ocrx_word' id='word_1_507' title='bbox 2096 2881 2246 2936; x_wconf 89' lang='lat' dir='ltr'><strong>multi</strong></span> <span class='ocrx_word' id='word_1_508' title='bbox 2278 2881 2652 2950; x_wconf 80' lang='lat' dir='ltr'><strong>profuderunt,</strong></span> <span class='ocrx_word' id='word_1_509' title='bbox 2688 2882 2789 2934; x_wconf 90' lang='lat' dir='ltr'><strong>hoc</strong></span> <span class='ocrx_word' id='word_1_510' title='bbox 2815 2895 2978 2934; x_wconf 92' lang='lat' dir='ltr'><strong>unum</strong></span> <span class='ocrx_word' id='word_1_511' title='bbox 3017 2882 3278 2934; x_wconf 89' lang='lat' dir='ltr'><strong>adversus</strong></span> <span class='ocrx_word' id='word_1_512' title='bbox 3307 2895 3433 2949; x_wconf 87' lang='lat' dir='ltr'><strong>per-</strong></span> 
     </span>
    </p>
   </div>
   <div class='ocr_carea' id='block_1_71' title="bbox 1869 2967 3433 3027">
    <p class='ocr_par' dir='ltr' id='par_1_71' title="bbox 1869 2967 3433 3027">
     <span class='ocr_line' id='line_1_71' title="bbox 1869 2967 3433 3027; baseline -0.004 0"><span class='ocrx_word' id='word_1_513' title='bbox 1869 2981 2170 3027; x_wconf 85' lang='lat' dir='ltr'><strong>secutorem</strong></span> <span class='ocrx_word' id='word_1_514' title='bbox 2239 2973 2692 3026; x_wconf 86' lang='lat' dir='ltr'><strong>medicamentum</strong></span> <span class='ocrx_word' id='word_1_515' title='bbox 2759 2970 3037 3023; x_wconf 83' lang='lat' dir='ltr'><strong>habentes.</strong></span> <span class='ocrx_word' id='word_1_516' title='bbox 3093 2967 3433 3022; x_wconf 90' lang='lat' dir='ltr'><strong>Christianos</strong></span> 
     </span>
    </p>
   </div>
   <div class='ocr_carea' id='block_1_72' title="bbox 1871 3060 3436 3129">
    <p class='ocr_par' dir='ltr' id='par_1_72' title="bbox 1871 3060 3436 3129">
     <span class='ocr_line' id='line_1_72' title="bbox 1871 3060 3436 3129; baseline -0.004 -10"><span class='ocrx_word' id='word_1_517' title='bbox 1871 3065 2012 3119; x_wconf 88' lang='lat' dir='ltr'><strong>enim</strong></span> <span class='ocrx_word' id='word_1_518' title='bbox 2047 3063 2191 3117; x_wconf 91' lang='lat' dir='ltr'><strong>omni</strong></span> <span class='ocrx_word' id='word_1_519' title='bbox 2228 3063 2475 3117; x_wconf 81' lang='lat' dir='ltr'><strong>libertate</strong></span> <span class='ocrx_word' id='word_1_520' title='bbox 2509 3072 2561 3117; x_wconf 90' lang='lat' dir='ltr'><strong>et</strong></span> <span class='ocrx_word' id='word_1_521' title='bbox 2605 3062 2796 3116; x_wconf 82' lang='lat' dir='ltr'><strong>ﬁducia</strong></span> <span class='ocrx_word' id='word_1_522' title='bbox 2832 3061 3100 3129; x_wconf 87' lang='lat' dir='ltr'><strong>spoliare,</strong></span> <span class='ocrx_word' id='word_1_523' title='bbox 3136 3077 3337 3128; x_wconf 86' lang='lat' dir='ltr'><strong>eosque</strong></span> <span class='ocrx_word' id='word_1_524' title='bbox 3367 3060 3436 3112; x_wconf 87' lang='lat' dir='ltr'><strong>ab</strong></span> 
     </span>
    </p>
   </div>
   <div class='ocr_carea' id='block_1_73' title="bbox 1873 3149 3434 3220">
    <p class='ocr_par' dir='ltr' id='par_1_73' title="bbox 1873 3149 3434 3220">
     <span class='ocr_line' id='line_1_73' title="bbox 1873 3149 3434 3220; baseline -0.006 -10"><span class='ocrx_word' id='word_1_525' title='bbox 1873 3156 2124 3210; x_wconf 88' lang='lat' dir='ltr'><strong>onmibus</strong></span> <span class='ocrx_word' id='word_1_526' title='bbox 2164 3156 2539 3218; x_wconf 71' lang='lat' dir='ltr'><strong>conventibus,</strong></span> <span class='ocrx_word' id='word_1_527' title='bbox 2566 3153 2722 3214; x_wconf 80' lang='lat' dir='ltr'><strong>foris,</strong></span> <span class='ocrx_word' id='word_1_528' title='bbox 2751 3151 2977 3220; x_wconf 80' lang='lat' dir='ltr'><strong>publicis</strong></span> <span class='ocrx_word' id='word_1_529' title='bbox 3003 3150 3250 3214; x_wconf 78' lang='lat' dir='ltr'><strong>ccetibus,</strong></span> <span class='ocrx_word' id='word_1_530' title='bbox 3277 3149 3434 3217; x_wconf 85' lang='lat' dir='ltr'><strong>ipsis-</strong></span> 
     </span>
    </p>
   </div>
   <div class='ocr_carea' id='block_1_74' title="bbox 1873 3241 3434 3317">
    <p class='ocr_par' dir='ltr' id='par_1_74' title="bbox 1873 3241 3434 3317">
     <span class='ocr_line' id='line_1_74' title="bbox 1873 3241 3434 3317; baseline -0.002 -20"><span class='ocrx_word' id='word_1_531' title='bbox 1873 3263 1978 3317; x_wconf 83' lang='lat' dir='ltr'><strong>que</strong></span> <span class='ocrx_word' id='word_1_532' title='bbox 2025 3245 2160 3300; x_wconf 80' lang='lat' dir='ltr'><strong>adeo</strong></span> <span class='ocrx_word' id='word_1_533' title='bbox 2200 3245 2556 3300; x_wconf 88' lang='lat' dir='ltr'><strong>tribunalibus</strong></span> <span class='ocrx_word' id='word_1_534' title='bbox 2604 3259 2792 3299; x_wconf 87' lang='lat' dir='ltr'><strong>arcere</strong></span> <span class='ocrx_word' id='word_1_535' title='bbox 2839 3241 3222 3298; x_wconf 89' lang='lat' dir='ltr'><strong>constituebat.</strong></span> <span class='ocrx_word' id='word_1_536' title='bbox 3251 3241 3434 3309; x_wconf 82' lang='lat' dir='ltr'><strong>Neque</strong></span> 
     </span>
    </p>
   </div>
   <div class='ocr_carea' id='block_1_75' title="bbox 1873 3333 3436 3407">
    <p class='ocr_par' dir='ltr' id='par_1_75' title="bbox 1873 3333 3436 3407">
     <span class='ocr_line' id='line_1_75' title="bbox 1873 3333 3436 3407; baseline -0.005 -14"><span class='ocrx_word' id='word_1_537' title='bbox 1873 3340 2015 3393; x_wconf 89' lang='lat' dir='ltr'><strong>enim</strong></span> <span class='ocrx_word' id='word_1_538' title='bbox 2051 3338 2132 3392; x_wconf 82' lang='lat' dir='ltr'><strong>fas</strong></span> <span class='ocrx_word' id='word_1_539' title='bbox 2162 3353 2282 3393; x_wconf 88' lang='lat' dir='ltr'><strong>esse</strong></span> <span class='ocrx_word' id='word_1_540' title='bbox 2311 3353 2633 3407; x_wconf 89' lang='lat' dir='ltr'><strong>quemquam</strong></span> <span class='ocrx_word' id='word_1_541' title='bbox 2668 3337 2750 3389; x_wconf 92' lang='lat' dir='ltr'><strong>his</strong></span> <span class='ocrx_word' id='word_1_542' title='bbox 2785 3336 2896 3398; x_wconf 92' lang='lat' dir='ltr'><strong>uti,</strong></span> <span class='ocrx_word' id='word_1_543' title='bbox 2930 3335 3020 3402; x_wconf 86' lang='lat' dir='ltr'><strong>qui</strong></span> <span class='ocrx_word' id='word_1_544' title='bbox 3055 3333 3122 3388; x_wconf 88' lang='lat' dir='ltr'><strong>ad</strong></span> <span class='ocrx_word' id='word_1_545' title='bbox 3154 3349 3276 3387; x_wconf 88' lang='lat' dir='ltr'><strong>aras</strong></span> <span class='ocrx_word' id='word_1_546' title='bbox 3311 3344 3436 3386; x_wconf 82' lang='lat' dir='ltr'><strong>ante</strong></span> 
     </span>
    </p>
   </div>
   <div class='ocr_carea' id='block_1_76' title="bbox 1874 3429 3436 3500">
    <p class='ocr_par' dir='ltr' id='par_1_76' title="bbox 1874 3429 3436 3500">
     <span class='ocr_line' id='line_1_76' title="bbox 1874 3429 3436 3500; baseline -0.004 -17"><span class='ocrx_word' id='word_1_547' title='bbox 1874 3431 2178 3500; x_wconf 85' lang='lat' dir='ltr'><strong>propositas</strong></span> <span class='ocrx_word' id='word_1_548' title='bbox 2222 3431 2378 3484; x_wconf 84' lang='lat' dir='ltr'><strong>thura</strong></span> <span class='ocrx_word' id='word_1_549' title='bbox 2422 3445 2526 3483; x_wconf 92' lang='lat' dir='ltr'><strong>non</strong></span> <span class='ocrx_word' id='word_1_550' title='bbox 2569 3429 2925 3493; x_wconf 79' lang='lat' dir='ltr'><strong>adolevisset,</strong></span> <span class='ocrx_word' id='word_1_551' title='bbox 2964 3437 3273 3494; x_wconf 88' lang='lat' dir='ltr'><strong>tantamque</strong></span> <span class='ocrx_word' id='word_1_552' title='bbox 3318 3435 3436 3478; x_wconf 82' lang='lat' dir='ltr'><strong>tan-</strong></span> 
     </span>
    </p>
   </div>
   <div class='ocr_carea' id='block_1_77' title="bbox 1880 3514 3436 3585">
    <p class='ocr_par' dir='ltr' id='par_1_77' title="bbox 1880 3514 3436 3585">
     <span class='ocr_line' id='line_1_77' title="bbox 1880 3514 3436 3585; baseline -0.004 -11"><span class='ocrx_word' id='word_1_553' title='bbox 1880 3521 2002 3574; x_wconf 65' lang='lat' dir='ltr'><strong>tulae</strong></span> <span class='ocrx_word' id='word_1_554' title='bbox 2028 3522 2102 3574; x_wconf 89' lang='lat' dir='ltr'><strong>rei</strong></span> <span class='ocrx_word' id='word_1_555' title='bbox 2131 3521 2435 3575; x_wconf 89' lang='lat' dir='ltr'><strong>mercedem</strong></span> <span class='ocrx_word' id='word_1_556' title='bbox 2463 3522 2562 3574; x_wconf 86' lang='lat' dir='ltr'><strong>hac</strong></span> <span class='ocrx_word' id='word_1_557' title='bbox 2588 3521 2800 3573; x_wconf 85' lang='lat' dir='ltr'><strong>ratione</strong></span> <span class='ocrx_word' id='word_1_558' title='bbox 2825 3517 3185 3585; x_wconf 86' lang='lat' dir='ltr'><strong>pependisset.</strong></span> <span class='ocrx_word' id='word_1_559' title='bbox 3207 3515 3250 3570; x_wconf 93' lang='grc' dir='ltr'><strong>Ο</strong></span> <span class='ocrx_word' id='word_1_560' title='bbox 3272 3514 3436 3584; x_wconf 85' lang='lat' dir='ltr'><strong>leges,</strong></span> 
     </span>
    </p>
   </div>
   <div class='ocr_carea' id='block_1_78' title="bbox 1873 3604 3435 3681">
    <p class='ocr_par' dir='ltr' id='par_1_78' title="bbox 1873 3604 3435 3681">
     <span class='ocr_line' id='line_1_78' title="bbox 1873 3604 3435 3681; baseline -0.006 -15"><span class='ocrx_word' id='word_1_561' title='bbox 1873 3621 1928 3666; x_wconf 90' lang='lat' dir='ltr'><strong>et</strong></span> <span class='ocrx_word' id='word_1_562' title='bbox 1960 3612 2330 3681; x_wconf 87' lang='lat' dir='ltr'><strong>legislatores,</strong></span> <span class='ocrx_word' id='word_1_563' title='bbox 2375 3622 2428 3665; x_wconf 90' lang='lat' dir='ltr'><strong>et</strong></span> <span class='ocrx_word' id='word_1_564' title='bbox 2476 3611 2784 3679; x_wconf 89' lang='lat' dir='ltr'><strong>principes;</strong></span> <span class='ocrx_word' id='word_1_565' title='bbox 2821 3609 2949 3677; x_wconf 89' lang='lat' dir='ltr'><strong>qui,</strong></span> <span class='ocrx_word' id='word_1_566' title='bbox 2988 3604 3435 3676; x_wconf 82' lang='lat' dir='ltr'><strong>quemadmodum</strong></span> 
     </span>
    </p>
   </div>
   <div class='ocr_carea' id='block_1_79' title="bbox 1875 3698 3436 3772">
    <p class='ocr_par' dir='ltr' id='par_1_79' title="bbox 1875 3698 3436 3772">
     <span class='ocr_line' id='line_1_79' title="bbox 1875 3698 3436 3772; baseline -0.007 -14"><span class='ocrx_word' id='word_1_567' title='bbox 1875 3704 1993 3758; x_wconf 77' lang='lat' dir='ltr'><strong>coeli</strong></span> <span class='ocrx_word' id='word_1_568' title='bbox 2042 3704 2420 3772; x_wconf 90' lang='lat' dir='ltr'><strong>pulchritudo,</strong></span> <span class='ocrx_word' id='word_1_569' title='bbox 2465 3713 2520 3756; x_wconf 87' lang='lat' dir='ltr'><strong>et</strong></span> <span class='ocrx_word' id='word_1_570' title='bbox 2555 3701 2684 3756; x_wconf 87' lang='lat' dir='ltr'><strong>solis</strong></span> <span class='ocrx_word' id='word_1_571' title='bbox 2718 3701 2935 3763; x_wconf 86' lang='lat' dir='ltr'><strong>lumen,</strong></span> <span class='ocrx_word' id='word_1_572' title='bbox 2987 3709 3043 3752; x_wconf 86' lang='lat' dir='ltr'><strong>et</strong></span> <span class='ocrx_word' id='word_1_573' title='bbox 3090 3698 3232 3752; x_wconf 89' lang='lat' dir='ltr'><strong>aeris</strong></span> <span class='ocrx_word' id='word_1_574' title='bbox 3271 3698 3436 3758; x_wconf 86' lang='lat' dir='ltr'><strong>fusio,</strong></span> 
     </span>
    </p>
   </div>
   <div class='ocr_carea' id='block_1_80' title="bbox 1873 3789 3436 3862">
    <p class='ocr_par' dir='ltr' id='par_1_80' title="bbox 1873 3789 3436 3862">
     <span class='ocr_line' id='line_1_80' title="bbox 1873 3789 3436 3862; baseline -0.005 -14"><span class='ocrx_word' id='word_1_575' title='bbox 1873 3793 2142 3848; x_wconf 86' lang='lat' dir='ltr'><strong>c0nunuui</strong></span> <span class='ocrx_word' id='word_1_576' title='bbox 2168 3803 2221 3846; x_wconf 90' lang='lat' dir='ltr'><strong>et</strong></span> <span class='ocrx_word' id='word_1_577' title='bbox 2244 3793 2463 3862; x_wconf 87' lang='lat' dir='ltr'><strong>perenni</strong></span> <span class='ocrx_word' id='word_1_578' title='bbox 2489 3791 2840 3845; x_wconf 84' lang='lat' dir='ltr'><strong>beneﬁcentia</strong></span> <span class='ocrx_word' id='word_1_579' title='bbox 2861 3790 3108 3843; x_wconf 88' lang='lat' dir='ltr'><strong>omnibus</strong></span> <span class='ocrx_word' id='word_1_580' title='bbox 3129 3798 3334 3858; x_wconf 90' lang='lat' dir='ltr'><strong>patent,</strong></span> <span class='ocrx_word' id='word_1_581' title='bbox 3360 3789 3436 3841; x_wconf 78' lang='lat' dir='ltr'><strong>sic</strong></span> 
     </span>
    </p>
   </div>
   <div class='ocr_carea' id='block_1_81' title="bbox 1873 3882 3437 3953">
    <p class='ocr_par' dir='ltr' id='par_1_81' title="bbox 1873 3882 3437 3953">
     <span class='ocr_line' id='line_1_81' title="bbox 1873 3882 3437 3953; baseline -0.004 -13"><span class='ocrx_word' id='word_1_582' title='bbox 1873 3886 2050 3953; x_wconf 85' lang='lat' dir='ltr'><strong>legum</strong></span> <span class='ocrx_word' id='word_1_583' title='bbox 2079 3898 2291 3953; x_wconf 88' lang='lat' dir='ltr'><strong>quoque</strong></span> <span class='ocrx_word' id='word_1_584' title='bbox 2321 3899 2477 3939; x_wconf 92' lang='lat' dir='ltr'><strong>usum</strong></span> <span class='ocrx_word' id='word_1_585' title='bbox 2509 3883 2696 3938; x_wconf 89' lang='lat' dir='ltr'><strong>liberis</strong></span> <span class='ocrx_word' id='word_1_586' title='bbox 2735 3882 2988 3937; x_wconf 89' lang='lat' dir='ltr'><strong>omnibus</strong></span> <span class='ocrx_word' id='word_1_587' title='bbox 3028 3883 3337 3936; x_wconf 88' lang='lat' dir='ltr'><strong>hominibus</strong></span> <span class='ocrx_word' id='word_1_588' title='bbox 3374 3897 3437 3934; x_wconf 78' lang='lat' dir='ltr'><strong>ex</strong></span> 
     </span>
    </p>
   </div>
   <div class='ocr_carea' id='block_1_82' title="bbox 1875 3974 3436 4048">
    <p class='ocr_par' dir='ltr' id='par_1_82' title="bbox 1875 3974 3436 4048">
     <span class='ocr_line' id='line_1_82' title="bbox 1875 3974 3436 4048; baseline -0.004 -16"><span class='ocrx_word' id='word_1_589' title='bbox 1875 3993 2027 4047; x_wconf 62' lang='lat' dir='ltr'><strong>aequo</strong></span> <span class='ocrx_word' id='word_1_590' title='bbox 2049 3977 2404 4048; x_wconf 85' lang='lat' dir='ltr'><strong>proposuistis</strong></span> <span class='ocrx_word' id='word_1_591' title='bbox 2429 3979 2442 4030; x_wconf 87' lang='lat'><strong>!</strong></span> <span class='ocrx_word' id='word_1_592' title='bbox 2474 3991 2630 4044; x_wconf 89' lang='lat' dir='ltr'><strong>quem</strong></span> <span class='ocrx_word' id='word_1_593' title='bbox 2662 3984 2844 4029; x_wconf 89' lang='lat' dir='ltr'><strong>tamen</strong></span> <span class='ocrx_word' id='word_1_594' title='bbox 2870 3974 2960 4028; x_wconf 89' lang='lat' dir='ltr'><strong>ille</strong></span> <span class='ocrx_word' id='word_1_595' title='bbox 2983 3974 3307 4029; x_wconf 85' lang='lat' dir='ltr'><strong>Christianis</strong></span> <span class='ocrx_word' id='word_1_596' title='bbox 3329 3976 3436 4027; x_wconf 86' lang='lat' dir='ltr'><strong>eri-</strong></span> 
     </span>
    </p>
   </div>
   <div class='ocr_carea' id='block_1_83' title="bbox 1875 4059 3437 4141">
    <p class='ocr_par' dir='ltr' id='par_1_83' title="bbox 1875 4059 3437 4141">
     <span class='ocr_line' id='line_1_83' title="bbox 1875 4059 3437 4141; baseline -0.001 -17"><span class='ocrx_word' id='word_1_597' title='bbox 1875 4086 2003 4141; x_wconf 87' lang='lat' dir='ltr'><strong>pere</strong></span> <span class='ocrx_word' id='word_1_598' title='bbox 2045 4071 2095 4122; x_wconf 91' lang='lat' dir='ltr'><strong>iu</strong></span> <span class='ocrx_word' id='word_1_599' title='bbox 2141 4070 2321 4123; x_wconf 89' lang='lat' dir='ltr'><strong>animo</strong></span> <span class='ocrx_word' id='word_1_600' title='bbox 2359 4069 2591 4122; x_wconf 88' lang='lat' dir='ltr'><strong>habebat</strong></span> <span class='ocrx_word' id='word_1_601' title='bbox 2623 4085 2636 4122; x_wconf 95' lang='lat'><strong>:</strong></span> <span class='ocrx_word' id='word_1_602' title='bbox 2680 4076 2739 4120; x_wconf 91' lang='lat' dir='ltr'><strong>ut</strong></span> <span class='ocrx_word' id='word_1_603' title='bbox 2767 4059 2868 4121; x_wconf 84' lang='lat' dir='ltr'><strong>nec</strong></span> <span class='ocrx_word' id='word_1_604' title='bbox 2900 4081 2995 4135; x_wconf 88' lang='lat' dir='ltr'><strong>per</strong></span> <span class='ocrx_word' id='word_1_605' title='bbox 3017 4067 3125 4120; x_wconf 91' lang='lat' dir='ltr'><strong>vim</strong></span> <span class='ocrx_word' id='word_1_606' title='bbox 3169 4069 3437 4136; x_wconf 74' lang='lat' dir='ltr'><strong>oppressis</strong></span> 
     </span>
    </p>
   </div>
   <div class='ocr_carea' id='block_1_84' title="bbox 1879 4155 3438 4229">
    <p class='ocr_par' dir='ltr' id='par_1_84' title="bbox 1879 4155 3438 4229">
     <span class='ocr_line' id='line_1_84' title="bbox 1879 4155 3438 4229; baseline -0.003 -13"><span class='ocrx_word' id='word_1_607' title='bbox 1879 4163 2103 4229; x_wconf 87' lang='lat' dir='ltr'><strong>injurias</strong></span> <span class='ocrx_word' id='word_1_608' title='bbox 2147 4175 2273 4214; x_wconf 89' lang='lat' dir='ltr'><strong>suas</strong></span> <span class='ocrx_word' id='word_1_609' title='bbox 2315 4159 2518 4226; x_wconf 85' lang='lat' dir='ltr'><strong>judicio</strong></span> <span class='ocrx_word' id='word_1_610' title='bbox 2567 4155 2815 4228; x_wconf 87' lang='lat' dir='ltr'><strong>persequi</strong></span> <span class='ocrx_word' id='word_1_611' title='bbox 2857 4157 3081 4220; x_wconf 89' lang='lat' dir='ltr'><strong>liceret,</strong></span> <span class='ocrx_word' id='word_1_612' title='bbox 3116 4173 3218 4212; x_wconf 83' lang='lat' dir='ltr'><strong>nec</strong></span> <span class='ocrx_word' id='word_1_613' title='bbox 3247 4159 3318 4223; x_wconf 91' lang='lat' dir='ltr'><strong>ii,</strong></span> <span class='ocrx_word' id='word_1_614' title='bbox 3351 4162 3438 4227; x_wconf 86' lang='lat' dir='ltr'><strong>qui</strong></span> 
     </span>
    </p>
   </div>
   <div class='ocr_carea' id='block_1_85' title="bbox 1880 4250 3418 4322">
    <p class='ocr_par' dir='ltr' id='par_1_85' title="bbox 1880 4250 3418 4322">
     <span class='ocr_line' id='line_1_85' title="bbox 1880 4250 3418 4322; baseline -0.003 -12"><span class='ocrx_word' id='word_1_615' title='bbox 1880 4254 2228 4322; x_wconf 82' lang='lat' dir='ltr'><strong>pecuniarum</strong></span> <span class='ocrx_word' id='word_1_616' title='bbox 2260 4262 2422 4321; x_wconf 88' lang='lat' dir='ltr'><strong>atque</strong></span> <span class='ocrx_word' id='word_1_617' title='bbox 2447 4267 2608 4322; x_wconf 90' lang='lat' dir='ltr'><strong>opum</strong></span> <span class='ocrx_word' id='word_1_618' title='bbox 2647 4251 3001 4313; x_wconf 89' lang='lat' dir='ltr'><strong>detrimento,</strong></span> <span class='ocrx_word' id='word_1_619' title='bbox 3037 4260 3125 4303; x_wconf 88' lang='lat' dir='ltr'><strong>aut</strong></span> <span class='ocrx_word' id='word_1_620' title='bbox 3159 4250 3265 4305; x_wconf 93' lang='lat' dir='ltr'><strong>alio</strong></span> <span class='ocrx_word' id='word_1_621' title='bbox 3311 4267 3418 4321; x_wconf 89' lang='lat' dir='ltr'><strong>quo</strong></span> 
     </span>
    </p>
   </div>
   <div class='ocr_carea' id='block_1_86' title="bbox 256 4432 1768 4523">
    <p class='ocr_par' dir='ltr' id='par_1_86' title="bbox 256 4435 1768 4523">
     <span class='ocr_line' id='line_1_86' title="bbox 256 4435 1768 4523; baseline 0 -32"><span class='ocrx_word' id='word_1_622' title='bbox 256 4438 376 4523; x_wconf 49' lang='grc'>(48)</span> <span class='ocrx_word' id='word_1_623' title='bbox 422 4435 767 4523; x_wconf 54' lang='grc' dir='ltr'>ξιάτέχεται.</span> <span class='ocrx_word' id='word_1_624' title='bbox 798 4439 962 4496; x_wconf 87' lang='lat' dir='ltr'><strong>Coisl.</strong></span> <span class='ocrx_word' id='word_1_625' title='bbox 999 4438 1050 4506; x_wconf 72' lang='lat'><strong>2,</strong></span> <span class='ocrx_word' id='word_1_626' title='bbox 1085 4448 1139 4494; x_wconf 89' lang='lat' dir='ltr'><strong>et</strong></span> <span class='ocrx_word' id='word_1_627' title='bbox 1163 4439 1308 4497; x_wconf 82' lang='lat' dir='ltr'><strong>Pass.</strong></span> <span class='ocrx_word' id='word_1_628' title='bbox 1345 4438 1579 4506; x_wconf 79' lang='grc' dir='ltr'>καίεται,</span> <span class='ocrx_word' id='word_1_629' title='bbox 1615 4457 1633 4489; x_wconf 81' lang='grc' dir='ltr'><strong>ι</strong></span> <span class='ocrx_word' id='word_1_630' title='bbox 1660 4438 1768 4491; x_wconf 77' lang='lat' dir='ltr'><strong>aiiar</strong></span> 
     </span>
    </p>
   </div>
   <div class='ocr_carea' id='block_1_87' title="bbox 1879 4432 3437 4523">
    <p class='ocr_par' dir='ltr' id='par_1_87' title="bbox 1881 4432 3437 4523">
     <span class='ocr_line' id='line_1_87' title="bbox 1881 4432 3437 4523; baseline -0.003 -34"><span class='ocrx_word' id='word_1_631' title='bbox 1881 4436 1934 4523; x_wconf 73' lang='lat' dir='ltr'><strong>in</strong></span> <span class='ocrx_word' id='word_1_632' title='bbox 1966 4454 2086 4493; x_wconf 90' lang='lat' dir='ltr'><strong>eum</strong></span> <span class='ocrx_word' id='word_1_633' title='bbox 2134 4440 2467 4520; x_wconf 80' lang='lat' dir='ltr'><strong>im_misit.....</strong></span> <span class='ocrx_word' id='word_1_634' title='bbox 2502 4453 2564 4492; x_wconf 92' lang='lat' dir='ltr'><strong>ac</strong></span> <span class='ocrx_word' id='word_1_635' title='bbox 2589 4436 2761 4523; x_wconf 62' lang='lat' dir='ltr'><strong>plaga:</strong></span> <span class='ocrx_word' id='word_1_636' title='bbox 2796 4436 3050 4518; x_wconf 73' lang='lat' dir='ltr'><strong>divinitus</strong></span> <span class='ocrx_word' id='word_1_637' title='bbox 3085 4433 3182 4503; x_wconf 88' lang='lat' dir='ltr'><strong>ipsi</strong></span> <span class='ocrx_word' id='word_1_638' title='bbox 3215 4433 3283 4488; x_wconf 93' lang='lat' dir='ltr'><strong>ob</strong></span> <span class='ocrx_word' id='word_1_639' title='bbox 3321 4432 3437 4485; x_wconf 89' lang='lat' dir='ltr'><strong>libi-</strong></span> 
     </span>
    </p>
   </div>
   <div class='ocr_carea' id='block_1_88' title="bbox 189 4509 814 4577">
    <p class='ocr_par' dir='ltr' id='par_1_88' title="bbox 189 4509 814 4577">
     <span class='ocr_line' id='line_1_88' title="bbox 189 4509 814 4577; baseline 0.006 -20"><span class='ocrx_word' id='word_1_640' title='bbox 189 4520 375 4577; x_wconf 83' lang='lat' dir='ltr'><strong>partes</strong></span> <span class='ocrx_word' id='word_1_641' title='bbox 413 4509 530 4575; x_wconf 88' lang='lat' dir='ltr'><strong>jam</strong></span> <span class='ocrx_word' id='word_1_642' title='bbox 554 4509 762 4560; x_wconf 85' lang='lat' dir='ltr'><strong>ardent.</strong></span> <span class='ocrx_word' id='word_1_643' title='bbox 797 4529 814 4560; x_wconf 74' lang='grc' dir='ltr'><strong>ι</strong></span> 
     </span>
    </p>
   </div>
   <div class='ocr_carea' id='block_1_89' title="bbox 255 4577 1495 4649">
    <p class='ocr_par' dir='ltr' id='par_1_89' title="bbox 255 4577 1495 4649">
     <span class='ocr_line' id='line_1_89' title="bbox 255 4577 1495 4649; baseline -0.002 -17"><span class='ocrx_word' id='word_1_644' title='bbox 255 4579 375 4644; x_wconf 69' lang='grc'>(49)</span> <span class='ocrx_word' id='word_1_645' title='bbox 426 4578 870 4649; x_wconf 60' lang='grc' dir='ltr'>Γεγενηέιὲνων.</span> <span class='ocrx_word' id='word_1_646' title='bbox 907 4577 1145 4633; x_wconf 82' lang='lat' dir='ltr'><strong>Combel&#39;.</strong></span> <span class='ocrx_word' id='word_1_647' title='bbox 1175 4580 1495 4649; x_wconf 83' lang='grc' dir='ltr'>γενομένων.</span> 
     </span>
    </p>
   </div>
   <div class='ocr_carea' id='block_1_90' title="bbox 255 4635 1772 4720">
    <p class='ocr_par' dir='ltr' id='par_1_90' title="bbox 255 4635 1772 4720">
     <span class='ocr_line' id='line_1_90' title="bbox 255 4635 1772 4720; baseline 0 -19"><span class='ocrx_word' id='word_1_648' title='bbox 255 4635 411 4720; x_wconf 60' lang='grc' dir='ltr'><strong>(εἱοχ</strong></span> <span class='ocrx_word' id='word_1_649' title='bbox 467 4635 532 4700; x_wconf 82' lang='grc' dir='ltr'><strong>’ό</strong></span> <span class='ocrx_word' id='word_1_650' title='bbox 563 4635 810 4720; x_wconf 30' lang='lat' dir='ltr'><strong>mpii-“imo.</strong></span> <span class='ocrx_word' id='word_1_651' title='bbox 854 4649 1032 4720; x_wconf 82' lang='lat' dir='ltr'><strong>Schol.</strong></span> <span class='ocrx_word' id='word_1_652' title='bbox 1069 4635 1432 4720; x_wconf 45' lang='lat' dir='ltr'><strong>rtpdkog&#39;mbv</strong></span> <span class='ocrx_word' id='word_1_653' title='bbox 1479 4651 1536 4702; x_wconf 80' lang='grc' dir='ltr'><strong>ἐν</strong></span> <span class='ocrx_word' id='word_1_654' title='bbox 1583 4648 1772 4719; x_wconf 85' lang='grc' dir='ltr'>ἐκείνῳ</span> 
     </span>
    </p>
   </div>
   <div class='ocr_carea' id='block_1_91' title="bbox 187 4717 1772 4790">
    <p class='ocr_par' dir='ltr' id='par_1_91' title="bbox 187 4717 1772 4790">
     <span class='ocr_line' id='line_1_91' title="bbox 187 4717 1772 4790; baseline 0 -18"><span class='ocrx_word' id='word_1_655' title='bbox 187 4717 477 4789; x_wconf 74' lang='grc' dir='ltr'>διωγμῶν,</span> <span class='ocrx_word' id='word_1_656' title='bbox 520 4717 832 4790; x_wconf 24' lang='grc' dir='ltr'>τοῦτ’ᾼὲστι,</span> <span class='ocrx_word' id='word_1_657' title='bbox 876 4718 954 4789; x_wconf 81' lang='grc' dir='ltr'>τῷ</span> <span class='ocrx_word' id='word_1_658' title='bbox 1003 4717 1232 4790; x_wconf 76' lang='grc' dir='ltr'>ἐσχάτῳ.</span> <span class='ocrx_word' id='word_1_659' title='bbox 1273 4739 1291 4771; x_wconf 80' lang='grc' dir='ltr'><strong>ι</strong></span> <span class='ocrx_word' id='word_1_660' title='bbox 1322 4719 1534 4774; x_wconf 88' lang='lat' dir='ltr'><strong>Primus</strong></span> <span class='ocrx_word' id='word_1_661' title='bbox 1581 4721 1632 4772; x_wconf 91' lang='lat' dir='ltr'><strong>in</strong></span> <span class='ocrx_word' id='word_1_662' title='bbox 1686 4717 1772 4772; x_wconf 76' lang='lat' dir='ltr'><strong>illa</strong></span> 
     </span>
    </p>
   </div>
   <div class='ocr_carea' id='block_1_92' title="bbox 187 4788 1772 4859">
    <p class='ocr_par' dir='ltr' id='par_1_92' title="bbox 187 4788 1772 4859">
     <span class='ocr_line' id='line_1_92' title="bbox 187 4788 1772 4859; baseline -0.001 -17"><span class='ocrx_word' id='word_1_663' title='bbox 187 4788 684 4859; x_wconf 9' lang='lat' dir='ltr'><strong>persecutione.gid</strong></span> <span class='ocrx_word' id='word_1_664' title='bbox 712 4798 814 4854; x_wconf 91' lang='lat' dir='ltr'><strong>est,</strong></span> <span class='ocrx_word' id='word_1_665' title='bbox 838 4788 1142 4857; x_wconf 26' lang='lat' dir='ltr'><strong>poeterio‘ri,</strong></span> <span class='ocrx_word' id='word_1_666' title='bbox 1174 4788 1194 4841; x_wconf 62' lang='grc' dir='ltr'><em>ὁ</em></span> <span class='ocrx_word' id='word_1_667' title='bbox 1223 4806 1339 4850; x_wconf 90' lang='lat' dir='ltr'><strong>seu,</strong></span> <span class='ocrx_word' id='word_1_668' title='bbox 1363 4792 1588 4846; x_wconf 83' lang='lat' dir='ltr'><strong>decima.</strong></span> <span class='ocrx_word' id='word_1_669' title='bbox 1615 4805 1772 4858; x_wconf 90' lang='lat' dir='ltr'><strong>quam</strong></span> 
     </span>
    </p>
   </div>
   <div class='ocr_carea' id='block_1_93' title="bbox 188 4857 1767 4928">
    <p class='ocr_par' dir='ltr' id='par_1_93' title="bbox 188 4857 1767 4928">
     <span class='ocr_line' id='line_1_93' title="bbox 188 4857 1767 4928; baseline -0.001 -17"><span class='ocrx_word' id='word_1_670' title='bbox 188 4857 358 4912; x_wconf 78' lang='lat' dir='ltr'><strong>movit</strong></span> <span class='ocrx_word' id='word_1_671' title='bbox 391 4857 792 4928; x_wconf 82' lang='lat' dir='ltr'><strong>Diocletianus;</strong></span> <span class='ocrx_word' id='word_1_672' title='bbox 828 4861 932 4923; x_wconf 88' lang='lat' dir='ltr'><strong>vel,</strong></span> <span class='ocrx_word' id='word_1_673' title='bbox 962 4878 979 4910; x_wconf 86' lang='grc'><strong>‹</strong></span> <span class='ocrx_word' id='word_1_674' title='bbox 1007 4859 1157 4926; x_wconf 85' lang='lat' dir='ltr'><strong>cujus</strong></span> <span class='ocrx_word' id='word_1_675' title='bbox 1189 4861 1507 4928; x_wconf 75' lang='lat' dir='ltr'><strong>principium</strong></span> <span class='ocrx_word' id='word_1_676' title='bbox 1535 4861 1727 4922; x_wconf 79' lang='lat' dir='ltr'><strong>fuerat,</strong></span> <span class='ocrx_word' id='word_1_677' title='bbox 1750 4879 1767 4910; x_wconf 73' lang='grc' dir='ltr'><strong>ο</strong></span> 
     </span>
    </p>
   </div>
   <div class='ocr_carea' id='block_1_94' title="bbox 190 4927 1770 4998">
    <p class='ocr_par' dir='ltr' id='par_1_94' title="bbox 190 4927 1770 4998">
     <span class='ocr_line' id='line_1_94' title="bbox 190 4927 1770 4998; baseline 0.001 -19"><span class='ocrx_word' id='word_1_678' title='bbox 190 4939 250 4981; x_wconf 84' lang='grc' dir='ltr'><strong>ιιι</strong></span> <span class='ocrx_word' id='word_1_679' title='bbox 290 4944 424 4983; x_wconf 84' lang='lat' dir='ltr'><strong>cum</strong></span> <span class='ocrx_word' id='word_1_680' title='bbox 460 4927 746 4982; x_wconf 87' lang='lat' dir='ltr'><strong>Lactantio</strong></span> <span class='ocrx_word' id='word_1_681' title='bbox 776 4929 962 4997; x_wconf 89' lang='lat' dir='ltr'><strong>loquar</strong></span> <span class='ocrx_word' id='word_1_682' title='bbox 991 4945 1112 4996; x_wconf 90' lang='lat' dir='ltr'><strong>cap.</strong></span> <span class='ocrx_word' id='word_1_683' title='bbox 1153 4931 1238 4992; x_wconf 84' lang='grc'>10,</span> <span class='ocrx_word' id='word_1_684' title='bbox 1273 4930 1349 4983; x_wconf 86' lang='lat' dir='ltr'><strong>De</strong></span> <span class='ocrx_word' id='word_1_685' title='bbox 1366 4927 1542 4983; x_wconf 13' lang='lat' dir='ltr'><strong>imorte</strong></span> <span class='ocrx_word' id='word_1_686' title='bbox 1577 4945 1770 4998; x_wconf 73' lang='lat' dir='ltr'><strong>persec.</strong></span> 
     </span>
    </p>
   </div>
   <div class='ocr_carea' id='block_1_95' title="bbox 190 4998 1778 5065">
    <p class='ocr_par' dir='ltr' id='par_1_95' title="bbox 190 4998 1778 5065">
     <span class='ocr_line' id='line_1_95' title="bbox 190 4998 1778 5065; baseline 0.001 -15"><span class='ocrx_word' id='word_1_687' title='bbox 190 4998 329 5052; x_wconf 83' lang='lat' dir='ltr'><strong>Tres</strong></span> <span class='ocrx_word' id='word_1_688' title='bbox 367 5012 614 5065; x_wconf 85' lang='lat' dir='ltr'><strong>namque</strong></span> <span class='ocrx_word' id='word_1_689' title='bbox 647 5000 1000 5052; x_wconf 70' lang='lat' dir='ltr'><strong>atrocissima:</strong></span> <span class='ocrx_word' id='word_1_690' title='bbox 1037 4999 1692 5064; x_wconf 85' lang='lat' dir='ltr'><strong>Diocletiani,Maximiani</strong></span> <span class='ocrx_word' id='word_1_691' title='bbox 1724 5011 1778 5052; x_wconf 86' lang='lat' dir='ltr'><strong>ct</strong></span> 
     </span>
    </p>
   </div>
   <div class='ocr_carea' id='block_1_96' title="bbox 188 5069 1780 5132">
    <p class='ocr_par' dir='ltr' id='par_1_96' title="bbox 188 5069 1780 5132">
     <span class='ocr_line' id='line_1_96' title="bbox 188 5069 1780 5132; baseline 0 -11"><span class='ocrx_word' id='word_1_692' title='bbox 188 5069 478 5121; x_wconf 73' lang='lat' dir='ltr'><strong>Maximini</strong></span> <span class='ocrx_word' id='word_1_693' title='bbox 515 5069 918 5132; x_wconf 83' lang='lat' dir='ltr'><strong>persecutiones</strong></span> <span class='ocrx_word' id='word_1_694' title='bbox 937 5070 1053 5124; x_wconf 89' lang='lat' dir='ltr'><strong>sine</strong></span> <span class='ocrx_word' id='word_1_695' title='bbox 1076 5071 1178 5122; x_wconf 91' lang='lat' dir='ltr'><strong>ulla</strong></span> <span class='ocrx_word' id='word_1_696' title='bbox 1207 5071 1604 5124; x_wconf 88' lang='lat' dir='ltr'><strong>intermissione</strong></span> <span class='ocrx_word' id='word_1_697' title='bbox 1627 5071 1780 5124; x_wconf 78' lang='lat' dir='ltr'><strong>Chri-</strong></span> 
     </span>
    </p>
   </div>
   <div class='ocr_carea' id='block_1_97' title="bbox 187 5138 1776 5196">
    <p class='ocr_par' dir='ltr' id='par_1_97' title="bbox 187 5138 1776 5196">
     <span class='ocr_line' id='line_1_97' title="bbox 187 5138 1776 5196; baseline -0.003 -5"><span class='ocrx_word' id='word_1_698' title='bbox 187 5142 402 5192; x_wconf 83' lang='lat' dir='ltr'><strong>stianos</strong></span> <span class='ocrx_word' id='word_1_699' title='bbox 433 5138 761 5191; x_wconf 84' lang='lat' dir='ltr'><strong>alllixeruul.</strong></span> <span class='ocrx_word' id='word_1_700' title='bbox 803 5139 1016 5192; x_wconf 84' lang='lat' dir='ltr'><strong>Primus</strong></span> <span class='ocrx_word' id='word_1_701' title='bbox 1048 5150 1224 5194; x_wconf 88' lang='lat' dir='ltr'><strong>autem</strong></span> <span class='ocrx_word' id='word_1_702' title='bbox 1265 5141 1460 5196; x_wconf 86' lang='lat' dir='ltr'><strong>dicitur</strong></span> <span class='ocrx_word' id='word_1_703' title='bbox 1489 5141 1776 5194; x_wconf 78' lang='lat' dir='ltr'><strong>Diocletia-</strong></span> 
     </span>
    </p>
   </div>
   <div class='ocr_carea' id='block_1_98' title="bbox 189 5208 1780 5278">
    <p class='ocr_par' dir='ltr' id='par_1_98' title="bbox 189 5208 1780 5278">
     <span class='ocr_line' id='line_1_98' title="bbox 189 5208 1780 5278; baseline 0 -18"><span class='ocrx_word' id='word_1_704' title='bbox 189 5224 311 5273; x_wconf 87' lang='lat' dir='ltr'><strong>nus,</strong></span> <span class='ocrx_word' id='word_1_705' title='bbox 345 5227 366 5259; x_wconf 75' lang='grc' dir='ltr'><strong>ι</strong></span> <span class='ocrx_word' id='word_1_706' title='bbox 409 5224 520 5262; x_wconf 90' lang='lat' dir='ltr'><strong>non</strong></span> <span class='ocrx_word' id='word_1_707' title='bbox 551 5208 692 5275; x_wconf 80' lang='lat' dir='ltr'><strong>quod</strong></span> <span class='ocrx_word' id='word_1_708' title='bbox 718 5210 974 5278; x_wconf 88' lang='lat' dir='ltr'><strong>temporis</strong></span> <span class='ocrx_word' id='word_1_709' title='bbox 1000 5211 1228 5268; x_wconf 87' lang='lat' dir='ltr'><strong>ratione,</strong></span> <span class='ocrx_word' id='word_1_710' title='bbox 1261 5229 1278 5260; x_wconf 73' lang='grc' dir='ltr'><strong>ι</strong></span> <span class='ocrx_word' id='word_1_711' title='bbox 1315 5213 1389 5263; x_wconf 89' lang='lat' dir='ltr'><strong>ait</strong></span> <span class='ocrx_word' id='word_1_712' title='bbox 1415 5211 1578 5273; x_wconf 81' lang='lat' dir='ltr'><strong>Elias,</strong></span> <span class='ocrx_word' id='word_1_713' title='bbox 1612 5230 1628 5260; x_wconf 84' lang='grc' dir='ltr'><strong>ι</strong></span> <span class='ocrx_word' id='word_1_714' title='bbox 1662 5227 1780 5276; x_wconf 77' lang='lat' dir='ltr'><strong>per-</strong></span> 
     </span>
    </p>
   </div>
   <div class='ocr_carea' id='block_1_99' title="bbox 187 5278 1776 5348">
    <p class='ocr_par' dir='ltr' id='par_1_99' title="bbox 187 5278 1776 5348">
     <span class='ocr_line' id='line_1_99' title="bbox 187 5278 1776 5348; baseline 0.001 -19"><span class='ocrx_word' id='word_1_715' title='bbox 187 5291 514 5332; x_wconf 80' lang='lat' dir='ltr'><strong>secutorum</strong></span> <span class='ocrx_word' id='word_1_716' title='bbox 551 5278 791 5330; x_wconf 89' lang='lat' dir='ltr'><strong>omnium</strong></span> <span class='ocrx_word' id='word_1_717' title='bbox 841 5280 1046 5348; x_wconf 89' lang='lat' dir='ltr'><strong>primus</strong></span> <span class='ocrx_word' id='word_1_718' title='bbox 1099 5281 1400 5344; x_wconf 83' lang='lat' dir='ltr'><strong>exstiterit;</strong></span> <span class='ocrx_word' id='word_1_719' title='bbox 1445 5281 1597 5333; x_wconf 90' lang='lat' dir='ltr'><strong>multi</strong></span> <span class='ocrx_word' id='word_1_720' title='bbox 1635 5281 1776 5332; x_wconf 82' lang='lat' dir='ltr'><strong>enim</strong></span> 
     </span>
    </p>
   </div>
   <div class='ocr_carea' id='block_1_100' title="bbox 186 5347 1779 5418">
    <p class='ocr_par' dir='ltr' id='par_1_100' title="bbox 186 5347 1779 5418">
     <span class='ocr_line' id='line_1_100' title="bbox 186 5347 1779 5418; baseline 0.001 -19"><span class='ocrx_word' id='word_1_721' title='bbox 186 5361 316 5403; x_wconf 89' lang='lat' dir='ltr'><strong>ante</strong></span> <span class='ocrx_word' id='word_1_722' title='bbox 367 5349 553 5418; x_wconf 85' lang='lat' dir='ltr'><strong>ipsum</strong></span> <span class='ocrx_word' id='word_1_723' title='bbox 603 5347 935 5404; x_wconf 84' lang='lat' dir='ltr'><strong>Christianos</strong></span> <span class='ocrx_word' id='word_1_724' title='bbox 991 5351 1256 5418; x_wconf 79' lang='lat' dir='ltr'><strong>persecuti</strong></span> <span class='ocrx_word' id='word_1_725' title='bbox 1305 5359 1460 5412; x_wconf 89' lang='lat' dir='ltr'><strong>sunt,</strong></span> <span class='ocrx_word' id='word_1_726' title='bbox 1511 5351 1602 5404; x_wconf 90' lang='lat' dir='ltr'><strong>sed</strong></span> <span class='ocrx_word' id='word_1_727' title='bbox 1657 5353 1779 5417; x_wconf 80' lang='lat' dir='ltr'><strong>quia</strong></span> 
     </span>
    </p>
   </div>
   <div class='ocr_carea' id='block_1_101' title="bbox 186 5417 1782 5488">
    <p class='ocr_par' dir='ltr' id='par_1_101' title="bbox 186 5417 1782 5488">
     <span class='ocr_line' id='line_1_101' title="bbox 186 5417 1782 5488; baseline 0.001 -18"><span class='ocrx_word' id='word_1_728' title='bbox 186 5420 410 5485; x_wconf 70' lang='lat' dir='ltr'><strong>primus</strong></span> <span class='ocrx_word' id='word_1_729' title='bbox 448 5417 594 5468; x_wconf 86' lang='lat' dir='ltr'><strong>illam</strong></span> <span class='ocrx_word' id='word_1_730' title='bbox 627 5417 1049 5488; x_wconf 76' lang='lat' dir='ltr'><strong>persecutionem</strong></span> <span class='ocrx_word' id='word_1_731' title='bbox 1083 5421 1360 5482; x_wconf 81' lang='lat' dir='ltr'><strong>excitavit,</strong></span> <span class='ocrx_word' id='word_1_732' title='bbox 1383 5435 1501 5488; x_wconf 74' lang='lat' dir='ltr'><strong>qua:</strong></span> <span class='ocrx_word' id='word_1_733' title='bbox 1533 5421 1630 5473; x_wconf 91' lang='lat' dir='ltr'><strong>sub</strong></span> <span class='ocrx_word' id='word_1_734' title='bbox 1666 5418 1782 5484; x_wconf 72' lang='lat' dir='ltr'><strong>ejus</strong></span> 
     </span>
    </p>
   </div>
   <div class='ocr_carea' id='block_1_102' title="bbox 187 5485 1780 5558">
    <p class='ocr_par' dir='ltr' id='par_1_102' title="bbox 187 5485 1780 5558">
     <span class='ocr_line' id='line_1_102' title="bbox 187 5485 1780 5558; baseline 0.001 -18"><span class='ocrx_word' id='word_1_735' title='bbox 187 5489 618 5542; x_wconf 81' lang='lat' dir='ltr'><strong>successoribus</strong></span> <span class='ocrx_word' id='word_1_736' title='bbox 675 5485 999 5543; x_wconf 81' lang='lat' dir='ltr'><strong>Maximiano</strong></span> <span class='ocrx_word' id='word_1_737' title='bbox 1053 5501 1105 5544; x_wconf 91' lang='lat' dir='ltr'><strong>et</strong></span> <span class='ocrx_word' id='word_1_738' title='bbox 1165 5485 1475 5545; x_wconf 78' lang='lat' dir='ltr'><strong>Maximino</strong></span> <span class='ocrx_word' id='word_1_739' title='bbox 1510 5501 1780 5558; x_wconf 45' lang='lat' dir='ltr'><strong>protrat&#39;ta</strong></span> 
     </span>
    </p>
   </div>
   <div class='ocr_carea' id='block_1_103' title="bbox 186 5570 363 5610">
    <p class='ocr_par' dir='ltr' id='par_1_103' title="bbox 186 5570 363 5610">
     <span class='ocr_line' id='line_1_103' title="bbox 186 5570 363 5610; baseline -0.006 0"><span class='ocrx_word' id='word_1_740' title='bbox 186 5570 289 5610; x_wconf 76' lang='lat' dir='ltr'><strong>est.</strong></span> <span class='ocrx_word' id='word_1_741' title='bbox 344 5579 363 5609; x_wconf 73' lang='grc' dir='ltr'><strong>ι</strong></span> 
     </span>
    </p>
   </div>
   <div class='ocr_carea' id='block_1_104' title="bbox 261 5625 1784 5701">
    <p class='ocr_par' dir='ltr' id='par_1_104' title="bbox 261 5625 1784 5701">
     <span class='ocr_line' id='line_1_104' title="bbox 261 5625 1784 5701; baseline 0.001 -20"><span class='ocrx_word' id='word_1_742' title='bbox 261 5628 386 5697; x_wconf 69' lang='grc' dir='ltr'>(Μ)</span> <span class='ocrx_word' id='word_1_743' title='bbox 441 5625 888 5696; x_wconf 75' lang='grc' dir='ltr'>Ἐκδεξάμενος.</span> <span class='ocrx_word' id='word_1_744' title='bbox 941 5626 1105 5701; x_wconf 83' lang='lat' dir='ltr'><strong>Coisl.</strong></span> <span class='ocrx_word' id='word_1_745' title='bbox 1159 5627 1225 5695; x_wconf 78' lang='grc'>2,</span> <span class='ocrx_word' id='word_1_746' title='bbox 1261 5637 1315 5683; x_wconf 90' lang='lat' dir='ltr'><strong>et</strong></span> <span class='ocrx_word' id='word_1_747' title='bbox 1351 5628 1501 5684; x_wconf 81' lang='lat' dir='ltr'><strong>Pass.</strong></span> <span class='ocrx_word' id='word_1_748' title='bbox 1541 5627 1784 5694; x_wconf 82' lang='grc' dir='ltr'>διαδεξά-</span> 
     </span>
    </p>
   </div>
   <div class='ocr_carea' id='block_1_105' title="bbox 261 5715 380 5760">
    <p class='ocr_par' dir='ltr' id='par_1_105' title="bbox 261 5715 380 5760">
     <span class='ocr_line' id='line_1_105' title="bbox 261 5715 380 5760; baseline 0 -10"><span class='ocrx_word' id='word_1_749' title='bbox 261 5715 380 5760; x_wconf 77' lang='grc' dir='ltr'>νος.</span> 
     </span>
    </p>
   </div>
   <div class='ocr_carea' id='block_1_106' title="bbox 188 5715 1782 5838">
    <p class='ocr_par' dir='ltr' id='par_1_106' title="bbox 188 5715 1782 5838">
     <span class='ocr_line' id='line_1_106' title="bbox 261 5715 380 5751; baseline 0 -1"><span class='ocrx_word' id='word_1_750' title='bbox 261 5715 380 5751; x_wconf 52' lang='grc' dir='ltr'>νοτ.</span> 
     </span>
     <span class='ocr_line' id='line_1_107' title="bbox 188 5715 1782 5838; baseline 0.001 -16"><span class='ocrx_word' id='word_1_751' title='bbox 188 5715 387 5836; x_wconf 56' lang='grc' dir='ltr'><strong>μεῶξ)</strong></span> <span class='ocrx_word' id='word_1_752' title='bbox 436 5763 517 5823; x_wconf 77' lang='grc' dir='ltr'><em>Οὗ</em></span> <span class='ocrx_word' id='word_1_753' title='bbox 547 5767 617 5821; x_wconf 82' lang='grc' dir='ltr'>τὰ</span> <span class='ocrx_word' id='word_1_754' title='bbox 646 5769 936 5836; x_wconf 73' lang='grc' dir='ltr'>σύμϐολα.</span> <span class='ocrx_word' id='word_1_755' title='bbox 974 5786 992 5819; x_wconf 82' lang='grc' dir='ltr'><strong>ι</strong></span> <span class='ocrx_word' id='word_1_756' title='bbox 1030 5767 1210 5823; x_wconf 70' lang='lat' dir='ltr'><strong>Divina</strong></span> <span class='ocrx_word' id='word_1_757' title='bbox 1239 5769 1339 5833; x_wconf 81' lang='lat' dir='ltr'><strong>ira,</strong></span> <span class='ocrx_word' id='word_1_758' title='bbox 1373 5791 1392 5823; x_wconf 70' lang='grc' dir='ltr'><strong>ι</strong></span> <span class='ocrx_word' id='word_1_759' title='bbox 1430 5769 1782 5838; x_wconf 79' lang='lat' dir='ltr'><strong>inqttitElias,</strong></span> 
     </span>
    </p>
   </div>
   <div class='ocr_carea' id='block_1_107' title="bbox 192 5838 1788 5913">
    <p class='ocr_par' dir='ltr' id='par_1_107' title="bbox 192 5838 1788 5913">
     <span class='ocr_line' id='line_1_108' title="bbox 192 5838 1788 5913; baseline 0 -17"><span class='ocrx_word' id='word_1_760' title='bbox 192 5855 220 5898; x_wconf 82' lang='grc'><strong>‹</strong></span> <span class='ocrx_word' id='word_1_761' title='bbox 251 5856 390 5897; x_wconf 87' lang='lat' dir='ltr'><strong>eum</strong></span> <span class='ocrx_word' id='word_1_762' title='bbox 429 5838 824 5911; x_wconf 68' lang='lat' dir='ltr'><strong>(Maximinum)</strong></span> <span class='ocrx_word' id='word_1_763' title='bbox 855 5853 1137 5909; x_wconf 86' lang='lat' dir='ltr'><strong>persecuta</strong></span> <span class='ocrx_word' id='word_1_764' title='bbox 1172 5850 1272 5908; x_wconf 90' lang='lat' dir='ltr'><strong>est,</strong></span> <span class='ocrx_word' id='word_1_765' title='bbox 1297 5843 1609 5913; x_wconf 78' lang='lat' dir='ltr'><strong>virgamque</strong></span> <span class='ocrx_word' id='word_1_766' title='bbox 1633 5856 1788 5897; x_wconf 88' lang='lat' dir='ltr'><strong>suam</strong></span> 
     </span>
    </p>
   </div>
   <div class='ocr_carea' id='block_1_108' title="bbox 1884 4508 3451 4578">
    <p class='ocr_par' dir='ltr' id='par_1_108' title="bbox 1884 4508 3451 4578">
     <span class='ocr_line' id='line_1_109' title="bbox 1884 4508 3451 4578; baseline -0.004 -18"><span class='ocrx_word' id='word_1_767' title='bbox 1884 4511 2061 4562; x_wconf 87' lang='lat' dir='ltr'><strong>dinem</strong></span> <span class='ocrx_word' id='word_1_768' title='bbox 2107 4523 2161 4562; x_wconf 81' lang='lat' dir='ltr'><strong>et</strong></span> <span class='ocrx_word' id='word_1_769' title='bbox 2206 4511 2533 4578; x_wconf 83' lang='lat' dir='ltr'><strong>impietatem</strong></span> <span class='ocrx_word' id='word_1_770' title='bbox 2589 4508 2802 4561; x_wconf 72' lang='lat' dir='ltr'><strong>inﬂicta:</strong></span> <span class='ocrx_word' id='word_1_771' title='bbox 2840 4508 2986 4576; x_wconf 89' lang='lat' dir='ltr'><strong>signa</strong></span> <span class='ocrx_word' id='word_1_772' title='bbox 3031 4514 3090 4578; x_wconf 79' lang='lat' dir='ltr'><strong>et</strong></span> <span class='ocrx_word' id='word_1_773' title='bbox 3129 4513 3302 4578; x_wconf 74' lang='lat' dir='ltr'><strong>notas,</strong></span> <span class='ocrx_word' id='word_1_774' title='bbox 3334 4513 3451 4578; x_wconf 55' lang='lat' dir='ltr'><strong>titur</strong></span> 
     </span>
    </p>
   </div>
   <div class='ocr_carea' id='block_1_109' title="bbox 1880 4572 3479 4647">
    <p class='ocr_par' dir='ltr' id='par_1_109' title="bbox 1880 4572 3479 4647">
     <span class='ocr_line' id='line_1_110' title="bbox 1880 4572 3479 4647; baseline -0.003 -18"><span class='ocrx_word' id='word_1_775' title='bbox 1880 4589 2070 4632; x_wconf 84' lang='lat' dir='ltr'><strong>statuae</strong></span> <span class='ocrx_word' id='word_1_776' title='bbox 2121 4572 2318 4643; x_wconf 78' lang='lat' dir='ltr'><strong>ferunt,</strong></span> <span class='ocrx_word' id='word_1_777' title='bbox 2371 4580 2685 4647; x_wconf 84' lang='lat' dir='ltr'><strong>publiceque</strong></span> <span class='ocrx_word' id='word_1_778' title='bbox 2737 4572 3040 4643; x_wconf 76' lang='lat' dir='ltr'><strong>prostautes</strong></span> <span class='ocrx_word' id='word_1_779' title='bbox 3079 4572 3352 4626; x_wconf 83' lang='lat' dir='ltr'><strong>infamiam</strong></span> <span class='ocrx_word' id='word_1_780' title='bbox 3384 4574 3444 4632; x_wconf 80' lang='lat' dir='ltr'><strong>ei</strong></span> <span class='ocrx_word' id='word_1_781' title='bbox 3472 4608 3479 4629; x_wconf 78' lang='grc'>-,</span> 
     </span>
    </p>
   </div>
   <div class='ocr_carea' id='block_1_110' title="bbox 1876 4647 3465 4711">
    <p class='ocr_par' dir='ltr' id='par_1_110' title="bbox 1876 4647 3465 4711">
     <span class='ocr_line' id='line_1_111' title="bbox 1876 4647 3465 4711; baseline -0.003 -12"><span class='ocrx_word' id='word_1_782' title='bbox 1876 4648 2116 4708; x_wconf 89' lang='lat' dir='ltr'><strong>iuuruut,</strong></span> <span class='ocrx_word' id='word_1_783' title='bbox 2149 4659 2258 4701; x_wconf 90' lang='lat' dir='ltr'><strong>tum</strong></span> <span class='ocrx_word' id='word_1_784' title='bbox 2304 4650 2647 4703; x_wconf 86' lang='lat' dir='ltr'><strong>historiarum</strong></span> <span class='ocrx_word' id='word_1_785' title='bbox 2690 4647 2922 4699; x_wconf 71' lang='lat' dir='ltr'><strong>volumir</strong></span> <span class='ocrx_word' id='word_1_786' title='bbox 2997 4649 3062 4696; x_wconf 86' lang='lat' dir='ltr'><strong>de</strong></span> <span class='ocrx_word' id='word_1_787' title='bbox 3094 4658 3158 4696; x_wconf 92' lang='lat' dir='ltr'><strong>eo</strong></span> <span class='ocrx_word' id='word_1_788' title='bbox 3191 4653 3465 4711; x_wconf 74' lang='lat' dir='ltr'><strong>tanquam.</strong></span> 
     </span>
    </p>
   </div>
   <div class='ocr_carea' id='block_1_111' title="bbox 1878 4719 2468 4785">
    <p class='ocr_par' dir='ltr' id='par_1_111' title="bbox 1878 4719 2468 4785">
     <span class='ocr_line' id='line_1_112' title="bbox 1878 4719 2468 4785; baseline -0.002 -15"><span class='ocrx_word' id='word_1_789' title='bbox 1878 4719 2202 4785; x_wconf 83' lang='lat' dir='ltr'><strong>triumphum</strong></span> <span class='ocrx_word' id='word_1_790' title='bbox 2233 4732 2416 4784; x_wconf 84' lang='lat' dir='ltr'><strong>agunt.</strong></span> <span class='ocrx_word' id='word_1_791' title='bbox 2451 4737 2468 4769; x_wconf 75' lang='grc' dir='ltr'><strong>ι</strong></span> 
     </span>
    </p>
   </div>
   <div class='ocr_carea' id='block_1_112' title="bbox 1947 4784 3069 4856">
    <p class='ocr_par' dir='ltr' id='par_1_112' title="bbox 1947 4784 3069 4856">
     <span class='ocr_line' id='line_1_113' title="bbox 1947 4784 3069 4856; baseline -0.006 -14"><span class='ocrx_word' id='word_1_792' title='bbox 1947 4784 2061 4856; x_wconf 75' lang='lat'><strong>(5&#39;5)</strong></span> <span class='ocrx_word' id='word_1_793' title='bbox 2112 4789 2455 4854; x_wconf 81' lang='grc' dir='ltr'>Ἐπεσχέθη.</span> <span class='ocrx_word' id='word_1_794' title='bbox 2501 4788 2613 4856; x_wconf 85' lang='lat' dir='ltr'><strong>Duo</strong></span> <span class='ocrx_word' id='word_1_795' title='bbox 2651 4787 2814 4854; x_wconf 73' lang='lat' dir='ltr'><strong>Regg.</strong></span> <span class='ocrx_word' id='word_1_796' title='bbox 2855 4784 3069 4855; x_wconf 76' lang='grc' dir='ltr'>ἐσχέθη.</span> 
     </span>
    </p>
   </div>
   <div class='ocr_carea' id='block_1_113' title="bbox 1947 4852 3446 4939">
    <p class='ocr_par' dir='ltr' id='par_1_113' title="bbox 1947 4852 3446 4939">
     <span class='ocr_line' id='line_1_114' title="bbox 1947 4852 3446 4939; baseline -0.005 -27"><span class='ocrx_word' id='word_1_797' title='bbox 2118 4859 2243 4924; x_wconf 80' lang='grc' dir='ltr'>Τοῖς</span> <span class='ocrx_word' id='word_1_798' title='bbox 2288 4852 2674 4926; x_wconf 67' lang='grc' dir='ltr'>Χριστιανῶν.</span> <span class='ocrx_word' id='word_1_799' title='bbox 2721 4852 2853 4925; x_wconf 80' lang='lat' dir='ltr'><strong>Reg.</strong></span> <span class='ocrx_word' id='word_1_800' title='bbox 2905 4852 2950 4918; x_wconf 55' lang='grc' dir='ltr'>Ι,</span> <span class='ocrx_word' id='word_1_801' title='bbox 2997 4856 3108 4916; x_wconf 84' lang='grc' dir='ltr'>τοῖς</span> <span class='ocrx_word' id='word_1_802' title='bbox 3155 4852 3264 4907; x_wconf 88' lang='grc' dir='ltr'><strong>τῶν</strong></span> <span class='ocrx_word' id='word_1_803' title='bbox 3315 4855 3446 4925; x_wconf 87' lang='grc' dir='ltr'>Χρι-</span> 
     </span>
    </p>
   </div>
   <div class='ocr_carea' id='block_1_114' title="bbox 1880 4946 2130 4982">
    <p class='ocr_par' dir='ltr' id='par_1_114' title="bbox 1880 4946 2130 4982">
     <span class='ocr_line' id='line_1_115' title="bbox 1880 4946 2130 4982; baseline 0 0"><span class='ocrx_word' id='word_1_804' title='bbox 1880 4946 2130 4982; x_wconf 87' lang='grc' dir='ltr'>στιανων.</span> 
     </span>
    </p>
   </div>
   <div class='ocr_carea' id='block_1_115' title="bbox 1950 4993 3448 5068">
    <p class='ocr_par' dir='ltr' id='par_1_115' title="bbox 1950 4993 3448 5068">
     <span class='ocr_line' id='line_1_116' title="bbox 1950 4993 3448 5068; baseline -0.007 -14"><span class='ocrx_word' id='word_1_805' title='bbox 1950 4999 2328 5068; x_wconf 71' lang='grc' dir='ltr'><strong>(55).Ἐχέοη.</strong></span> <span class='ocrx_word' id='word_1_806' title='bbox 2381 4998 2452 5052; x_wconf 83' lang='lat' dir='ltr'><strong>Ita</strong></span> <span class='ocrx_word' id='word_1_807' title='bbox 2501 5013 2593 5052; x_wconf 81' lang='lat' dir='ltr'><strong>sex</strong></span> <span class='ocrx_word' id='word_1_808' title='bbox 2644 4997 2836 5066; x_wconf 74' lang='lat' dir='ltr'><strong>Rrgg—.,</strong></span> <span class='ocrx_word' id='word_1_809' title='bbox 2861 5005 2972 5064; x_wconf 84' lang='lat' dir='ltr'><strong>tres</strong></span> <span class='ocrx_word' id='word_1_810' title='bbox 3014 4993 3167 5048; x_wconf 65' lang='lat' dir='ltr'><strong>Coll).</strong></span> <span class='ocrx_word' id='word_1_811' title='bbox 3198 5005 3252 5052; x_wconf 77' lang='lat' dir='ltr'><strong>et.</strong></span> <span class='ocrx_word' id='word_1_812' title='bbox 3293 4995 3448 5050; x_wconf 77' lang='lat' dir='ltr'><strong>Pass.</strong></span> 
     </span>
    </p>
   </div>
   <div class='ocr_carea' id='block_1_116' title="bbox 1878 5068 2394 5139">
    <p class='ocr_par' dir='ltr' id='par_1_116' title="bbox 1878 5068 2394 5139">
     <span class='ocr_line' id='line_1_117' title="bbox 1878 5068 2394 5139; baseline 0.004 -17"><span class='ocrx_word' id='word_1_813' title='bbox 1878 5068 2050 5123; x_wconf 83' lang='lat' dir='ltr'><strong>Paris.</strong></span> <span class='ocrx_word' id='word_1_814' title='bbox 2090 5073 2176 5121; x_wconf 81' lang='lat' dir='ltr'><strong>ed.</strong></span> <span class='ocrx_word' id='word_1_815' title='bbox 2207 5069 2394 5139; x_wconf 81' lang='grc' dir='ltr'>ἐχύθη.</span> 
     </span>
    </p>
   </div>
   <div class='ocr_carea' id='block_1_117' title="bbox 1950 5135 3454 5207">
    <p class='ocr_par' dir='ltr' id='par_1_117' title="bbox 1950 5135 3454 5207">
     <span class='ocr_line' id='line_1_118' title="bbox 1950 5135 3454 5207; baseline -0.001 -15"><span class='ocrx_word' id='word_1_816' title='bbox 1950 5140 2060 5205; x_wconf 76' lang='grc'>(56)</span> <span class='ocrx_word' id='word_1_817' title='bbox 2097 5135 2513 5207; x_wconf 62' lang='grc' dir='ltr'>Θυμιάσεὶενμ.</span> <span class='ocrx_word' id='word_1_818' title='bbox 2534 5139 2834 5206; x_wconf 70' lang='grc' dir='ltr'>κειμένων.</span> <span class='ocrx_word' id='word_1_819' title='bbox 2871 5137 2983 5191; x_wconf 91' lang='lat' dir='ltr'><strong>Duo</strong></span> <span class='ocrx_word' id='word_1_820' title='bbox 3009 5136 3176 5205; x_wconf 84' lang='lat' dir='ltr'><strong>Regg.</strong></span> <span class='ocrx_word' id='word_1_821' title='bbox 3202 5144 3254 5189; x_wconf 90' lang='lat' dir='ltr'><strong>et</strong></span> <span class='ocrx_word' id='word_1_822' title='bbox 3273 5135 3454 5200; x_wconf 82' lang='lat' dir='ltr'><strong>Pass.,</strong></span> 
     </span>
    </p>
   </div>
   <div class='ocr_carea' id='block_1_118' title="bbox 1882 5208 3198 5279">
    <p class='ocr_par' dir='ltr' id='par_1_118' title="bbox 1882 5208 3198 5279">
     <span class='ocr_line' id='line_1_119' title="bbox 1882 5208 3198 5279; baseline -0.002 -19"><span class='ocrx_word' id='word_1_823' title='bbox 1882 5208 2252 5262; x_wconf 78' lang='grc' dir='ltr'>θυσιάσειεν...</span> <span class='ocrx_word' id='word_1_824' title='bbox 2287 5209 2677 5279; x_wconf 57' lang='grc' dir='ltr'>προκειμένων.</span> <span class='ocrx_word' id='word_1_825' title='bbox 2715 5227 2732 5258; x_wconf 80' lang='grc' dir='ltr'><strong>ι</strong></span> <span class='ocrx_word' id='word_1_826' title='bbox 2768 5208 3144 5279; x_wconf 57' lang='grc' dir='ltr'>διιετὶίὶρὶιδςιιξι.</span> <span class='ocrx_word' id='word_1_827' title='bbox 3179 5223 3198 5257; x_wconf 84' lang='grc'><strong>›</strong></span> 
     </span>
    </p>
   </div>
   <div class='ocr_carea' id='block_1_119' title="bbox 1953 5274 3444 5354">
    <p class='ocr_par' dir='ltr' id='par_1_119' title="bbox 1953 5274 3444 5354">
     <span class='ocr_line' id='line_1_120' title="bbox 1953 5274 3444 5354; baseline -0.003 -22"><span class='ocrx_word' id='word_1_828' title='bbox 1953 5281 2062 5351; x_wconf 78' lang='grc'>(57)</span> <span class='ocrx_word' id='word_1_829' title='bbox 2115 5274 2595 5354; x_wconf 65' lang='grc' dir='ltr'>Ἀπο-στέμήσὲιν.</span> <span class='ocrx_word' id='word_1_830' title='bbox 2629 5277 2762 5332; x_wconf 81' lang='lat' dir='ltr'><strong>Tres</strong></span> <span class='ocrx_word' id='word_1_831' title='bbox 2813 5279 2976 5347; x_wconf 74' lang='lat' dir='ltr'><strong>liegg.</strong></span> <span class='ocrx_word' id='word_1_832' title='bbox 3018 5288 3070 5331; x_wconf 92' lang='lat' dir='ltr'><strong>et</strong></span> <span class='ocrx_word' id='word_1_833' title='bbox 3102 5274 3195 5330; x_wconf 90' lang='lat' dir='ltr'><strong>0r.</strong></span> <span class='ocrx_word' id='word_1_834' title='bbox 3230 5277 3286 5340; x_wconf 79' lang='grc'>1,</span> <span class='ocrx_word' id='word_1_835' title='bbox 3320 5278 3444 5328; x_wconf 65' lang='grc' dir='ltr'><strong>ἁποι</strong></span> 
     </span>
    </p>
   </div>
   <div class='ocr_carea' id='block_1_120' title="bbox 1885 5367 2109 5404">
    <p class='ocr_par' dir='ltr' id='par_1_120' title="bbox 1885 5367 2109 5404">
     <span class='ocr_line' id='line_1_121' title="bbox 1885 5367 2109 5404; baseline 0.009 -2"><span class='ocrx_word' id='word_1_836' title='bbox 1885 5367 2109 5404; x_wconf 83' lang='grc' dir='ltr'>στεοειν.</span> 
     </span>
    </p>
   </div>
   <div class='ocr_carea' id='block_1_121' title="bbox 1886 5368 3457 5490">
    <p class='ocr_par' dir='ltr' id='par_1_121' title="bbox 1886 5368 3457 5490">
     <span class='ocr_line' id='line_1_122' title="bbox 1886 5368 3457 5490; baseline -0.004 -18"><span class='ocrx_word' id='word_1_837' title='bbox 1886 5368 2234 5490; x_wconf 34' lang='grc' dir='ltr'><strong>ᾳϋῖἕὲῗοΤὼν</strong></span> <span class='ocrx_word' id='word_1_838' title='bbox 2266 5419 2788 5490; x_wconf 50' lang='grc' dir='ltr'>ἀπηγορευμένον.</span> <span class='ocrx_word' id='word_1_839' title='bbox 2849 5437 2866 5470; x_wconf 78' lang='grc' dir='ltr'><strong>ι</strong></span> <span class='ocrx_word' id='word_1_840' title='bbox 2891 5418 2967 5473; x_wconf 82' lang='lat' dir='ltr'><strong>Ex</strong></span> <span class='ocrx_word' id='word_1_841' title='bbox 3005 5418 3089 5472; x_wconf 87' lang='lat' dir='ltr'><strong>his</strong></span> <span class='ocrx_word' id='word_1_842' title='bbox 3134 5431 3254 5486; x_wconf 65' lang='lat' dir='ltr'><strong>quae</strong></span> <span class='ocrx_word' id='word_1_843' title='bbox 3293 5417 3457 5468; x_wconf 84' lang='lat' dir='ltr'><strong>inter-</strong></span> 
     </span>
    </p>
   </div>
   <div class='ocr_carea' id='block_1_122' title="bbox 1886 5490 2273 5544">
    <p class='ocr_par' dir='ltr' id='par_1_122' title="bbox 1886 5490 2273 5544">
     <span class='ocr_line' id='line_1_123' title="bbox 1886 5490 2273 5544; baseline -0.005 0"><span class='ocrx_word' id='word_1_844' title='bbox 1886 5490 2026 5544; x_wconf 76' lang='lat' dir='ltr'><strong>dicta</strong></span> <span class='ocrx_word' id='word_1_845' title='bbox 2056 5505 2196 5543; x_wconf 79' lang='lat' dir='ltr'><strong>sunt.</strong></span> <span class='ocrx_word' id='word_1_846' title='bbox 2231 5511 2273 5542; x_wconf 77' lang='grc' dir='ltr'><strong>ι.</strong></span> 
     </span>
    </p>
   </div>
   <div class='ocr_carea' id='block_1_123' title="bbox 1957 5557 3454 5627">
    <p class='ocr_par' dir='ltr' id='par_1_123' title="bbox 1957 5557 3454 5627">
     <span class='ocr_line' id='line_1_124' title="bbox 1957 5557 3454 5627; baseline -0.005 -13"><span class='ocrx_word' id='word_1_847' title='bbox 1957 5560 2065 5626; x_wconf 85' lang='grc'>(59)</span> <span class='ocrx_word' id='word_1_848' title='bbox 2119 5561 2607 5627; x_wconf 75' lang='grc' dir='ltr'>Ἐπικουρεῑσθιιι,</span> <span class='ocrx_word' id='word_1_849' title='bbox 2660 5560 3014 5612; x_wconf 81' lang='lat' dir='ltr'><strong>Restituimus</strong></span> <span class='ocrx_word' id='word_1_850' title='bbox 3066 5573 3248 5610; x_wconf 85' lang='lat' dir='ltr'><strong>vocem</strong></span> <span class='ocrx_word' id='word_1_851' title='bbox 3294 5557 3454 5618; x_wconf 85' lang='lat' dir='ltr'><strong>hanc,</strong></span> 
     </span>
    </p>
   </div>
   <div class='ocr_carea' id='block_1_124' title="bbox 1886 5627 3454 5700">
    <p class='ocr_par' dir='ltr' id='par_1_124' title="bbox 1886 5627 3454 5700">
     <span class='ocr_line' id='line_1_125' title="bbox 1886 5627 3454 5700; baseline -0.004 -17"><span class='ocrx_word' id='word_1_852' title='bbox 1886 5632 2358 5699; x_wconf 70' lang='lat' dir='ltr'><strong>quamprzeleruut</strong></span> <span class='ocrx_word' id='word_1_853' title='bbox 2378 5643 2608 5700; x_wconf 88' lang='lat' dir='ltr'><strong>quatuor</strong></span> <span class='ocrx_word' id='word_1_854' title='bbox 2630 5627 3212 5700; x_wconf 28' lang='lat' dir='ltr'><strong>Regii‘codiceleolb.</strong></span> <span class='ocrx_word' id='word_1_855' title='bbox 3233 5630 3287 5690; x_wconf 74' lang='grc' dir='ltr'>ὅ,</span> <span class='ocrx_word' id='word_1_856' title='bbox 3306 5627 3454 5700; x_wconf 80' lang='lat' dir='ltr'><strong>Pass.</strong></span> 
     </span>
    </p>
   </div>
   <div class='ocr_carea' id='block_1_125' title="bbox 1887 5697 3457 5765">
    <p class='ocr_par' dir='ltr' id='par_1_125' title="bbox 1887 5697 3457 5765">
     <span class='ocr_line' id='line_1_126' title="bbox 1887 5697 3457 5765; baseline -0.003 -12"><span class='ocrx_word' id='word_1_857' title='bbox 1887 5697 1990 5753; x_wconf 82' lang='lat' dir='ltr'><strong>etc.</strong></span> <span class='ocrx_word' id='word_1_858' title='bbox 2022 5705 2257 5764; x_wconf 81' lang='lat' dir='ltr'><strong>adeoque</strong></span> <span class='ocrx_word' id='word_1_859' title='bbox 2285 5697 2537 5754; x_wconf 78' lang='lat' dir='ltr'><strong>mutanda</strong></span> <span class='ocrx_word' id='word_1_860' title='bbox 2566 5701 2741 5752; x_wconf 87' lang='lat' dir='ltr'><strong>versio</strong></span> <span class='ocrx_word' id='word_1_861' title='bbox 2771 5697 2930 5760; x_wconf 79' lang='lat' dir='ltr'><strong>Billii,</strong></span> <span class='ocrx_word' id='word_1_862' title='bbox 2962 5699 3075 5765; x_wconf 85' lang='lat' dir='ltr'><strong>qui,</strong></span> <span class='ocrx_word' id='word_1_863' title='bbox 3101 5697 3310 5751; x_wconf 75' lang='lat' dir='ltr'><strong>sublato</strong></span> <span class='ocrx_word' id='word_1_864' title='bbox 3335 5698 3457 5748; x_wconf 83' lang='grc' dir='ltr'>ἐπι-</span> 
     </span>
    </p>
   </div>
   <div class='ocr_carea' id='block_1_126' title="bbox 1891 5769 3454 5842">
    <p class='ocr_par' dir='ltr' id='par_1_126' title="bbox 1891 5769 3454 5842">
     <span class='ocr_line' id='line_1_127' title="bbox 1891 5769 3454 5842; baseline -0.004 -18"><span class='ocrx_word' id='word_1_865' title='bbox 1891 5770 2217 5842; x_wconf 71' lang='grc' dir='ltr'>κουρεῖσθαι,</span> <span class='ocrx_word' id='word_1_866' title='bbox 2259 5773 2391 5826; x_wconf 81' lang='lat' dir='ltr'><strong>duas</strong></span> <span class='ocrx_word' id='word_1_867' title='bbox 2438 5773 2488 5824; x_wconf 91' lang='lat' dir='ltr'><strong>in</strong></span> <span class='ocrx_word' id='word_1_868' title='bbox 2539 5785 2698 5822; x_wconf 88' lang='lat' dir='ltr'><strong>uuam</strong></span> <span class='ocrx_word' id='word_1_869' title='bbox 2750 5769 3454 5842; x_wconf 77' lang='lat' dir='ltr'><strong>sententias_compiugeus,</strong></span> 
     </span>
    </p>
   </div>
   <div class='ocr_carea' id='block_1_127' title="bbox 1890 5835 3478 5910">
    <p class='ocr_par' dir='ltr' id='par_1_127' title="bbox 1890 5835 3478 5910">
     <span class='ocr_line' id='line_1_128' title="bbox 1890 5835 3478 5910; baseline -0.004 -13"><span class='ocrx_word' id='word_1_870' title='bbox 1890 5843 1970 5897; x_wconf 86' lang='lat' dir='ltr'><strong>sic</strong></span> <span class='ocrx_word' id='word_1_871' title='bbox 1991 5835 2233 5896; x_wconf 65' lang='lat' dir='ltr'><strong>&#39;reddidit</strong></span> <span class='ocrx_word' id='word_1_872' title='bbox 2276 5861 2288 5896; x_wconf 85' lang='lat'>:</span> <span class='ocrx_word' id='word_1_873' title='bbox 2335 5860 2352 5894; x_wconf 87' lang='grc' dir='ltr'><strong>ι</strong></span> <span class='ocrx_word' id='word_1_874' title='bbox 2381 5853 2437 5897; x_wconf 80' lang='grc' dir='ltr'><strong>ιιι</strong></span> <span class='ocrx_word' id='word_1_875' title='bbox 2467 5855 2563 5898; x_wconf 85' lang='lat' dir='ltr'><strong>nec</strong></span> <span class='ocrx_word' id='word_1_876' title='bbox 2595 5855 2692 5910; x_wconf 85' lang='lat' dir='ltr'><strong>per</strong></span> <span class='ocrx_word' id='word_1_877' title='bbox 2721 5840 2827 5894; x_wconf 85' lang='lat' dir='ltr'><strong>vim</strong></span> <span class='ocrx_word' id='word_1_878' title='bbox 2859 5835 3153 5909; x_wconf 55' lang='lat' dir='ltr'><strong>oppr-esis,</strong></span> <span class='ocrx_word' id='word_1_879' title='bbox 3185 5835 3283 5898; x_wconf 79' lang='lat' dir='ltr'><strong>uec</strong></span> <span class='ocrx_word' id='word_1_880' title='bbox 3313 5835 3478 5900; x_wconf 54' lang='lat' dir='ltr'><strong>iis“...</strong></span> 
     </span>
    </p>
   </div>
   <div class='ocr_carea' id='block_1_128' title="bbox 1802 5925 1858 5938">
    <p class='ocr_par' dir='ltr' id='par_1_128' title="bbox 1802 5925 1858 5938">
     <span class='ocr_line' id='line_1_129' title="bbox 1802 5925 1858 5938; baseline 0 0"><span class='ocrx_word' id='word_1_881' title='bbox 1802 5925 1858 5938; x_wconf 68' lang='lat'><strong>“-.</strong></span> 
     </span>
    </p>
   </div>
  </div>
