3878 6398
168 370 248 427 555
1088 355 1344 413 ORATIO
1384 355 1478 412 ιν.
1520 386 1589 397 -
1627 356 1664 412 C

1776 352 1896 412 ΓΒΑ
1934 355 2219 413 JULIANU
2232 354 2279 409 Μ
2321 353 2357 407 l.

3230 350 3333 408 65-5

167 483 364 548 ξάτωσαν
384 469 538 541 κῶςῆ
568 469 672 524 ποῦ
703 468 907 525 δίκαιον
933 469 1217 540 ὴμᾶς.μὲν
1250 469 1343 523 καὶ
1369 470 1665 539 πάσχοντας

1783 486 1945 539 quam
1974 468 2105 523 mali
2138 469 2269 533 sint,
2300 463 2589 536 pravisque
2614 464 2718 517 dus
2742 462 3025 533 gaudeant,
3060 458 3134 515 ita
3162 466 3339 515 tamen

166 568 415 640 καρτερεῖν,
463 561 653 623 αὐτοὺς
692 559 751 613 δὲ
800 560 934 631 μηδὲ
998 554 1326 630 φειδομένων
1380 559 1672 629 φείδεσθαιο

164 662 315 716 σκόπει
342 654 442 725 (71)
465 652 567 722 γὰρ
588 650 751 706 οὕτω.
785 652 910 705 Τῶν
952 651 1051 722 μὲν
1076 653 1206 722 ἡμῖν
1227 654 1525 721 γεγονότων
1552 669 1678 708 και-

166 754 247 824 ρῶν
274 746 352 801 τοῦ
379 745 646 808 δύνασθαι,
671 744 782 797 τῶν
822 744 881 797 δὲ
904 744 1035 814 ὑμῖν
1061 743 1247 798 ἄλλοτε
1272 744 1445 810 ἄλλως
1474 744 1678 800 τούτων

164 839 534 914 περιτρεχόντων
561 826 619 888 τε
641 835 749 903 (72)
783 835 879 887 καὶ
915 834 1345 905 μεθισταμένων,
1380 836 1433 887 τί
1470 836 1677 890 τοιοῦτο

163 932 278 1003 παρᾶ
307 926 629 999 Χριστιανῶν
656 944 786 979 ποτε
838 928 951 994 (75)
989 927 1187 997 συνέϐη
1221 928 1333 990 τοῖς
1371 928 1673 998 ὑμετέροις,

161 1021 224 1078 οἷα
251 1020 361 1091 παρ’
388 1017 532 1088 ὑμῶν
559 1016 817 1079 πολλάκις
846 1018 1224 1097 Χριστιανοῖςς
1254 1018 1419 1080 Ποίας
1453 1019 1673 1088 παρρη-

161 1115 285 1177 σίαςύ
293 1113 385 1183 μᾶς
396 1112 588 1163 ἁπεστε
599 1112 840 1180 ρήσαμεν
860 1110 1074 1179 ;Τίσιδή
1085 1127 1215 1179 μους
1230 1111 1676 1179 ὲπανεστήσαμεν

157 1208 355 1271 ζέονταςς
393 1201 527 1253 τίσιν
553 1190 838 1271 ἄρχοντας,
885 1198 1055 1253 πλείω
1090 1200 1197 1255 τῶν
1230 1200 1669 1270 ἐπιταττομένων

157 1293 531 1367 ὑπηρετοῦνταςς
591 1293 712 1344 Τίσι
776 1293 867 1345 τὸν
919 1293 1046 1362 περὶ
1091 1292 1268 1363 ψυχῆς
1325 1293 1674 1362 ἐπηγάγομεν

154 1389 373 1450 κίνδυνονς
419 1383 630 1437 Μᾶλλον
669 1384 727 1436 δὲ
757 1384 902 1447 τίνας
936 1383 1116 1454 ἀρχῶν
1150 1383 1532 1455 ἀπηλάσαμεν,
1580 1387 1675 1440 καὶ

152 1481 232 1534 τῶν
270 1477 423 1532 ἄλλων
456 1475 630 1545 τιμῶν
672 1475 729 1528 αἲ
769 1479 881 1540 τοῖς
904 1476 1148 1548 ἀρίστοις
1172 1474 1512 1545 ὀφείλονται;
1563 1478 1674 1533 Καὶ

154 1571 384 1626 συνελόντα
408 1568 515 1638 (74)
554 1568 738 1636 φάναι,
762 1567 867 1620 τίνι
890 1585 943 1621 τι
972 1567 1210 1621 τοιοῦτον
1244 1568 1670 1638 ὲπενηνόχαμεν,

153 1661 213 1720 δῖα
258 1660 409 1715 πολλά
474 1662 605 1731 παρ’
652 1660 806 1729 ὑμῶν
851 1660 919 1713 τὰ
970 1660 1068 1730 μὲν
1133 1659 1425 1731 ἐτολμήθη,
1490 1660 1557 1713 τὰ
1616 1660 1672 1714 δὲ

152 1752 393 1825 ἱ,πειλὴθη;
466 1751 605 1803 Ἀλλ’
672 1751 780 1804 οὐδ’
832 1751 899 1804 ἂν
946 1753 1100 1805 αὐτοὶ
1152 1752 1264 1822 (75)
1321 1752 1557 1823 φαίητε,
1622 1753 1669 1805 οἱ

1783 562 2121 630 impudentes
2168 567 2327 623 sunt,
2367 567 2427 612 ut
2475 555 2662 609 vitium
2708 556 2931 624 perinde
2962 562 3123 622 atque
3178 551 3339 606 aliam

1778 655 2068 723 quamdam
2092 651 2490 718 baereditatem,
2518 650 2583 704 ad
2620 664 2680 703 se
2708 648 2940 702 attinere
2962 645 3290 700 contendant
3321 660 3336 697 :

1776 744 2071 799 ostendant
2102 742 2289 806 velim,
2318 756 2549 811 quonam
2578 747 2736 811 pacto
2758 753 2971 808 aequum
3007 736 3096 802 sit,
3126 745 3218 789 aut
3249 734 3338 789 ubi

1777 838 1883 892 hoc
1932 844 2137 902 exstet,
2192 850 2291 891 nos
2326 836 2579 905 quidem,
2631 833 2792 888 etiam
2839 830 3050 901 injuriis
3095 830 3336 889 affectos,

1776 938 2089 984 constanter
2114 928 2256 982 ferre
2281 928 2498 990 debere,
2528 930 2671 995 ipsos
2694 937 2871 979 autem
2901 938 2966 978 ne
2994 921 3337 992 parecntibus

1775 1020 1992 1089 quidem
2025 1034 2275 1088 parcere.
2313 1017 2403 1073 Sic
2434 1019 2577 1073 enim
2609 1032 2720 1071 rem
2750 1016 3010 1086 expende.
3054 1014 3185 1070 Cum
3230 1029 3336 1068 non
3363 1072 3369 1078 ,

1776 1109 2046 1167 defuerint
2086 1117 2329 1178 tempora
2360 1108 2557 1177 quibus
2583 1123 2681 1163 nos
2710 1106 2947 1177 potentia
2974 1104 3335 1169 ﬂoruerimus,

1776 1202 1974 1270 quibus
2007 1215 2105 1255 vos
2138 1212 2317 1254 autem
2338 1240 2353 1265 ,
2383 1200 2467 1254 his
2496 1200 2745 1253 nimirum
2775 1198 2905 1253 alias
2931 1198 3084 1252 aliter
3114 1197 3338 1251 rotanti-

1776 1293 1895 1356 bus,
1926 1301 2089 1360 atque
2121 1290 2174 1345 in
2206 1291 2475 1345 diversum
2505 1288 2837 1355 labentibus,
2868 1288 3019 1358 131
3061 1287 3187 1356 quid
3221 1298 3339 1340 tan-

1776 1384 1895 1437 dem
1927 1382 2105 1439 simile
2132 1380 2294 1435 vestri
2320 1395 2349 1433 a
2378 1378 2707 1434 Christianis
2727 1379 2967 1448 perpessi
2989 1387 3135 1442 sunt,
3158 1378 3336 1447 qualia

1773 1489 2147 1542 smpenumero
2183 1472 2480 1528 Christiani
2511 1486 2540 1525 a
2569 1470 2724 1525 vobis
2750 1470 3125 1539 pertulerunt?
3165 1469 3335 1537 Quam

1777 1566 2081 1620 libertatem
2110 1565 2268 1618 vobis
2294 1562 2633 1632 eripuimus?
2664 1561 2721 1615 ln
2749 1577 2884 1631 quos
2916 1561 3121 1631 plebem
3150 1561 3337 1615 furen-

1773 1669 1881 1714 tem
1912 1656 2345 1714 concitavimus?
2385 1655 2441 1710 ln
2487 1670 2623 1723 quos
2668 1655 2837 1709 nostri
2869 1654 3155 1724 prresides,
3184 1653 3336 1722 plura

1774 1750 1936 1805 etiam
1972 1764 2131 1819 quam
2167 1749 2300 1819 ipsis
2334 1748 2653 1816 imperatum
2707 1754 2883 1810 esset,
2938 1744 3338 1815 exsequentes?

152 1848 189 1899 ιὸ
239 1846 420 1915 ⁴ἦμερον
465 1845 596 1915 ἡμῖν
655 1844 768 1914 (76)
824 1844 1180 1912 ἐγκαλοῦντες
1236 1845 1331 1901 καὶ
1377 1844 1437 1898 τὸ
1483 1844 1665 1916 φιλάν-

1776 1842 1982 1908 Quibus
2022 1842 2147 1896 vitae
2192 1840 2488 1909 periculum
2538 1838 2877 1893 creavimus?
2921 1836 3032 1892 lmo
3074 1852 3337 1907 quosnam

152 1942 332 2009 ipwmv.

1776 1936 2021 2005 prmturis
2071 1934 2299 2005 aliisque
2350 1932 2675 1996 honoribus,
2729 1932 2821 2000 qui
2874 1930 3337 2000 praestantissimis

150 2030 393 2095 quibusque
433 2026 565 2080 viris
596 2026 883 2091 debentur,
919 2024 1323 2080 submovimus?
1362 2025 1568 2095 Atque,
1610 2034 1671 2081 ut
1708 2027 2017 2081 summatim
2058 2026 2254 2089 dicam,
2283 2023 2433 2079 eccui
2459 2022 2657 2091 aliquid
2684 2022 2860 2079 simile
2886 2022 3183 2086 intulimus,
3209 2035 3338 2090 qua-

150 2122 195 2171 lia
219 2117 358 2170 multa
390 2134 417 2171 a
447 2118 608 2171 vobis
637 2118 835 2185 partim
906 2124 1139 2186 patrata,
1202 2117 1394 2186 partim
1429 2118 1739 2171 denuntiata
1780 2118 1942 2173 sunt?
1970 2117 2073 2172 Sed
2109 2132 2177 2172 ne
2219 2116 2320 2185 ipsi
2354 2116 2570 2186 quidem
2604 2116 2706 2171 hoc
2738 2114 3019 2184 dixeritis,
3055 2113 3147 2182 qui
3181 2112 3336 2169 nobis

149 2210 558 2262 mansuetudinem
624 2218 679 2263 et
734 2210 1120 2263 humanitatem
1180 2210 1392 2263 crimini
1455 2219 1666 2266 vertere
1692 2211 1899 2267 soletis.

192 2301 271 2368 Lf).
305 2302 526 2354 Ἔπειτα
563 2302 681 2366 πῶς
726 2302 903 2355 ἐκεῖνο
939 2302 1053 2372 (77)
1084 2304 1145 2355 οὐ
1174 2302 1382 2374 λογίζῃ,
1417 2298 1462 2356 ὦ
1490 2305 1665 2374 σοφώ-

140 2410 233 2445 τατε
260 2393 461 2446 πάντων
496 2395 594 2445 καὶ
627 2393 978 2457 συνετώτατε,
1014 2395 1041 2445 ὁ
1070 2395 1205 2465 πρὸς
1245 2392 1305 2447 τὸ
1337 2395 1437 2464 τῆς
1462 2396 1665 2467 ἀρετῆς

142 2485 267 2554 ἄκρον
294 2485 585 2554 ουγκλείων
615 2486 996 2555 Χριστιανοὺς,
1028 2486 1109 2538 ὅτι
1156 2487 1253 2557 τῆς
1284 2486 1556 2558 ἡμετέρας
1579 2505 1664 2540 νο-

143 2574 346 2643 μοθεσίας
371 2574 437 2629 τὰ
472 2577 573 2646 μὲν
607 2577 852 2647 ἀνάγκην
886 2576 999 2646 ἔχει
1044 2579 1155 2636 τοῖς
1196 2576 1661 2647 ἐπιταττομένοις,

140 2665 165 2717 Et
186 2666 258 2717 καὶ
289 2666 354 2737 μὴ
384 2668 713 2736 φυλάττουσι
739 2668 979 2730 κίνδυνος
1008 2668 1139 2737 (78)·
1174 2666 1242 2721 τά
1273 2668 1329 2720 δὲ
1358 2669 1456 2721 οὐκ
1494 2669 1663 2737 ἀνὰγο

139 2770 229 2824 κην,
260 2757 454 2828 αἵρεσιν
493 2758 582 2812 δέ·
615 2758 650 2812 ἃ.
689 2759 1010 2829 φυλάττουσι
1042 2760 1161 2829 μὲν,
1192 2760 1354 2830 τιμὴν
1402 2761 1495 2813 καὶ
1520 2762 1665 2815 ἀντί-

138 2846 244 2901 iam
263 2849 379 2918 (79),
407 2849 481 2921 μὴ
508 2851 838 2920 φυλάττουσι
864 2853 940 2918 δὲ,
970 2852 1078 2905 οὐδ’
1108 2853 1270 2905 ὅντιν’
1296 2850 1389 2906 οὖν
1417 2852 1525 2924 (80)
1554 2853 1667 2907 κίν-

134 2937 283 3005 ὁυνονς
323 2942 379 2995 Ei
408 2943 507 3012 μὲν
531 2946 643 3014 γὰρ
673 2939 783 2997 οἷόν
806 2962 865 2996 τε
898 2940 965 3015 ἦν
990 2944 1101 3015 (8|)
1135 2944 1381 3009 ἅπαντας
1413 2946 1669 3016 ἀρίστους

1846 2304 2034 2361 XCIX.
2066 2304 2147 2358 Ad
2176 2304 2291 2359 hate
2314 2305 2583 2374 quomodo
2614 2302 2741 2358 illud
2769 2318 2875 2357 non
2927 2300 3334 2365 animadvertis,

1769 2396 2009 2450 omnium
2065 2394 2467 2465 sapientissime
2508 2402 2561 2448 et
2604 2393 3073 2463 ingeniosissime,
3116 2393 3204 2457 qui
3265 2392 3333 2447 ad

1770 2486 1985 2539 virtutis
2009 2499 2189 2540 arcem
2221 2494 2274 2537 et
2305 2484 2561 2538 verticem
2590 2482 2931 2537 Christianos
2977 2483 3124 2551 cogis
3148 2523 3163 2548 ,
3190 2486 3333 2553 quod

1765 2578 1817 2632 iu
1848 2577 2053 2649 legibus
2090 2576 2313 2639 nostris,
2347 2575 2451 2629 alia
2480 2575 2705 2646 parendi
2749 2574 3127 2629 necessitatem
3158 2576 3334 2645 impo-

1765 2680 1919 2737 nunt,
1970 2682 2068 2723 nec
2103 2667 2220 2721 sine
2254 2665 2497 2736 periculo
2545 2666 2880 2735 praztermitti
2917 2676 3176 2735 possunt;
3228 2666 3333 2721 alia

1768 2773 1875 2815 non
1906 2756 2234 2812 necessitate
2259 2756 2658 2825 constringunt,
2690 2756 2783 2810 sed
2818 2756 2873 2809 in
2904 2756 3131 2811 arbitrio
3162 2768 3216 2811 et
3242 2772 3339 2811 vo-

1765 2850 1979 2904 luntate
2010 2850 2181 2918 posita
2215 2857 2339 2903 sunt
2373 2866 2386 2901 :
2420 2863 2483 2901 ac
2513 2847 2740 2917 proinde
2772 2850 2911 2901 hanc
2947 2848 3207 2903 rationem
3237 2850 3336 2902 ha-

1762 2938 1934 3003 bent,
1978 2947 2037 2992 ut
2077 2939 2166 3008 qui
2207 2952 2268 2991 ea
2306 2938 2661 2992 custodieriut
2689 2978 2704 3005 ,
2744 2940 2946 2993 honore
2992 2948 3046 2993 et
3101 2940 3340 3007 prtemiis

136 3024 369 3095 εἷναι,καὶ
400 3034 493 3087 τοῦ
542 3035 714 3104 ἄκρου
757 3037 856 3107 τῆς
905 3038 1105 3108 ἀρετῆς
1154 3037 1474 3103 ἐπιϐαίνειν,
1523 3038 1665 3091 τοῦτ’

1776 3028 2108 3094 afﬁciantur;
2156 3027 2246 3095 qui
2282 3036 2462 3082 autem
2497 3028 2677 3082 minus
2709 3044 2770 3083 ea
2807 3028 3162 3098 expleverint,
3203 3030 3337 3083 nihil

134 3120 183 3172 ἂν
200 3119 253 3194 ἦν
278 3126 559 3195 κράτιστόν
599 3144 658 3180 τε
690 3128 785 3182 καὶ
825 3126 1188 3181 τελεώτατον⁹
1225 3128 1348 3181 ἐπεὶ
1393 3128 1449 3181 δὲ
1492 3131 1663 3199 χωρὶς

133 3211 181 3263 τά
217 3213 319 3267 θεῖα
358 3216 465 3269 τῶν
510 3216 890 3287 ἀνθρωπίνων,
938 3218 1031 3271 καὶ
1060 3221 1172 3281 τοῖς
1223 3217 1323 3289 μὲν
1367 3220 1466 3273 οὑκ
1514 3218 1661 3272 ἔστιν

132 3302 224 3354 ὅτου
248 3303 344 3373 (82)
377 3305 450 3376 μὴ
487 3305 602 3358 τῶν
631 3306 811 3359 καλῶν
859 3305 1100 3377 μέτεστι,
1128 3309 1240 3369 τοῖς
1266 3307 1321 3361 δὲ
1355 3308 1516 3377 μέγα,
1556 3307 1661 3361 κᾶν

132 3392 259 3445 εἰτοῦ
290 3395 447 3464 μέσον
499 3396 841 3466 τυγχάνοιεν,
868 3397 922 3449 τί
973 3415 1053 3451 σοι
1097 3397 1345 3468 βούλεται
1388 3399 1448 3452 τὸ
1489 3398 1660 3453 ταῦτα

132 3483 409 3553 νομοθετεῖν,
440 3487 476 3541 ἃ
509 3488 589 3560 μὴ
620 3488 728 3541 τῶν
762 3490 975 3543 πάντων
1003 3490 1173 3553 ἐστὶν,
1210 3489 1243 3560 ἢ
1297 3491 1658 3561 κατακρίτους

131 3571 372 3643 εἶναιτοὺς
402 3581 463 3632 οὐ
514 3581 925 3650 φυλάσσοντας;
976 3584 1183 3654 ’Ὠσπερ
1214 3583 1323 3655 γὰρ
1366 3584 1513 3645 ὅστις
1546 3583 1656 3654 (85)

132 3670 174 3719 οὗ
213 3670 466 3735 κολάσεως
516 3671 689 3737 ἄξιος,
744 3672 845 3745 ἤδη
900 3674 996 3728 καὶ
1046 3676 1434 3749 ἀναρρήσεως·
1487 3674 1660 3739 οὕτως

130 3759 239 3823 ista;
269 3762 371 3831 (84)
405 3765 506 3816 οὐκ
536 3765 911 3835 ἀναρρήσεως,
949 3766 1051 3837 ἤδη
1078 3768 1174 3821 καὶ
1214 3768 1483 3839 τιμωρίας
1503 3786 1516 3799 ·
1545 3768 1659 3823 ἀλλ’

131 3851 170 3902 ἐν
189 3853 309 3923 ὅροις
340 3854 419 3907 δεῖ
454 3856 719 3926 μένοντας
747 3857 846 3929 τῆς
883 3858 1154 3931 ἡμετέρας
1188 3860 1525 3930 φιλοσοφίας,
1566 3862 1662 3914 καὶ

128 3944 199 4012 τῆς
228 3946 567 4021 ἀνθρωπίνης
602 3949 885 4020 δυνάμεως
919 3950 1049 4023 (85),
1084 3952 1257 4017 οὕτως
1288 3954 1538 4007 ἀπαιτεῖν
1569 3954 1661 4007 καὶ

130 4033 171 4085 τὸ
191 4039 609 4111 κατορθούμενον

1769 3118 1989 3190 periculi
2047 3118 2480 3189 pertimescant?
2526 3118 2734 3173 Etenim
2766 3159 2782 3186 ,
2812 3122 2857 3175 si
2889 3120 3005 3175 ﬁeri
3042 3132 3226 3190 posset
3279 3132 3339 3177 ut

1769 3229 1926 3284 quam
1956 3212 2143 3282 optimi
2169 3227 2358 3266 omnes
2392 3221 2597 3278 essent,
2623 3224 2785 3281 atque
2818 3214 2885 3266 ad
2915 3228 3188 3267 sunnuum
3217 3214 3330 3266 vir—

1770 3307 1899 3361 tutis
1922 3305 2197 3375 fastigium
2227 3304 2570 3374 pervenirent
2601 3345 2616 3370 ,
2648 3306 2749 3359 hoc
2784 3304 2996 3373 quidem
3027 3306 3336 3375 praeclaris-

1769 3398 1962 3454 simum
2018 3407 2071 3452 et
2127 3396 2577 3465 perfectissimum
2630 3405 2794 3451 esset.
2837 3396 3107 3465 Quoniam
3140 3397 3336 3467 {autem

1766 3489 1946 3543 divina
1979 3490 2045 3542 ab
2073 3488 2323 3543 humanis
2355 3489 2617 3558 dirempta
2648 3496 2791 3554 sunt,
2823 3497 2985 3558 atque
3009 3488 3097 3543 alii
3118 3490 3332 3557 quidem

1766 3582 1912 3637 nullo
1939 3596 2045 3637 non
2075 3582 2291 3637 virtutis
2318 3598 2514 3654 genere
2539 3585 2831 3649 excellunt,
2868 3585 2957 3639 alii
2988 3594 3167 3640 autem
3197 3584 3337 3641 bene

1766 3691 1952 3731 secum
1985 3676 2071 3744 agi
2108 3683 2319 3744 putant,
2356 3679 2403 3731 si
2451 3676 2537 3732 vel
2580 3678 3005 3733 mediocritatem
3033 3693 3335 3749 assequun-

1765 3778 1875 3834 tur,
1909 3783 2029 3837 quae
2058 3768 2174 3823 htec
2200 3778 2287 3822 tua
2323 3768 2461 3823 ratio
2491 3776 2595 3833 est,
2621 3769 2746 3822 dum
2787 3784 2851 3824 ea
2895 3768 3088 3825 indicis
3116 3780 3171 3825 et
3199 3786 3337 3839 prae-

1765 3861 1993 3924 scribis,
2025 3876 2143 3930 qum
2169 3876 2276 3915 non
2317 3861 2557 3916 omnium
2602 3870 2765 3927 sunt;
2812 3870 2906 3917 aut
2938 3877 3032 3917 eos
3059 3878 3156 3931 pro
3183 3864 3337 3915 dam.

1771 3953 1913 4007 natis
1944 3952 2110 4007 habes
2135 3990 2151 4016 ,
2183 3953 2273 4021 qui
2323 3968 2427 4007 non
2466 3954 2823 4010 custodiunt?
2871 3952 3332 4022 Quemadmodum

1766 4045 1909 4099 enim
1943 4044 2187 4114 quisquis
2212 4045 2474 4115 supplicio
2506 4046 2647 4101 haud
2696 4046 2888 4114 dignus
2913 4055 3017 4111 est,
3047 4062 3152 4100 non
3191 4046 3332 4099 idem

127 4124 266 4177 statim
299 4126 507 4183 laudem
554 4140 611 4185 et
665 4130 1102 4201 pradicationem
1172 4142 1447 4199 meretur;
1508 4134 1695 4189 eodem
1736 4134 1897 4187 modo
1956 4148 2057 4188 nec
2100 4133 2346 4203 quisquis
2395 4134 2551 4191 laude
2607 4146 2661 4191 et
2712 4136 3090 4207 praedicatione
3144 4138 3337 4209 dignus

128 4227 205 4266 non
247 4227 344 4281 est,
411 4219 559 4274 idem
613 4221 895 4277 confestim
971 4237 1188 4292 poenam
1273 4238 1490 4292 quoque
1555 4234 1967 4279 commeretur:
2014 4226 2106 4280 sed
2151 4226 2505 4295 pbiIOSOphiae
2563 4238 2763 4281 nostra:
2818 4228 3186 4299 virtutumque
3236 4230 3336 4284 bu-

126 4320 360 4363 manarum
400 4310 603 4367 finibus
652 4328 752 4369 nos
814 4314 962 4383 ipsos
1012 4315 1295 4372 continere
1349 4316 1650 4391 debemus,
1691 4317 1878 4388 sicque
1923 4318 1975 4373 id
2004 4358 2020 4384 ,
2087 4319 2231 4389 quod
2298 4330 2445 4375 recte
2498 4328 2553 4375 et
2597 4335 2662 4375 ex
2713 4320 2909 4377 virtute
2939 4322 3165 4391 geritur,
3214 4322 3335 4377 exi-

126 4410 237 4464 gere.

173 4488 220 4542 Ρ¹
257 4494 387 4549 Ἀλλ’
432 4499 704 4554 ἀνοικτέον
735 4518 824 4566 μοι
870 4501 1032 4555 πάλιν
1070 4504 1160 4555 τὸν
1202 4502 1361 4572 λόγον
1407 4501 1499 4555 ἐπὶ
1545 4504 1669 4566 τοὺς

173 4672 269 4747 (ﬂ)
303 4678 547 4732 Σκόπει.
582 4678 714 4747 Reg.
751 4679 861 4742 bm,
893 4678 1250 4744 Comb.,Sav.
1284 4683 1559 4734 σκοπεῖτε.

123 4742 776 4872 ῡμῗέᾃέῖεῇῗέιῦεχόνξων
806 4767 888 4803 τε.
922 4748 1014 4804 Sic
1042 4742 1145 4806 duo
1192 4751 1361 4821 Regg.
1408 4760 1461 4806 el
1511 4751 1660 4805 Pass.

156 4828 248 4864 eest
274 4833 331 4867 τε
372 4828 423 4871 tu
455 4828 547 4872 ω.

138 4884 267 4961 ,(75)
300 4886 679 4961 39:071-thir
728 4906 890 4944 ποτε.
941 4886 1017 4943 Ita
1050 4890 1200 4957 Regii
1246 4901 1506 4961 quatuor,
1552 4891 1660 4945 duo

119 4952 262 5029 £0le
297 4952 393 5029 Οἱ.
429 4960 491 5029 1ἒ
522 4960 681 5025 Gub.,
710 4961 799 5013 alii
843 4969 1079 5017 servato.
1104 4952 1190 5013 alii
1235 4952 1433 5029 reiecto
1470 4952 1662 5015 accen-

123 5024 355 5141 "l‘jrﬂcg.
381 5028 422 5095 Ι,
464 5028 621 5085 Pass.
664 5024 720 5084 et
762 5029 926 5085 Savil.
972 5030 1212 5087 πώποτε.
1247 5024 1404 5087 Deest
1442 5048 1570 5084 ποτε
1604 5032 1657 5087 in

123 5109 180 5141 [⁸11
208 5111 263 5141 IS-

117 5105 265 5150 t‘tlllls,

170 5164 265 5225 «74)
290 5169 661 5223 Συνελόντα.
695 5170 825 5231 Alii,
852 5171 1143 5225 συνελόντι.

169 5234 267 5301 (75)
300 5239 505 5291 Αὐτοί.
542 5239 693 5295 Pass.
720 5241 1083 5303 addiuafna.

302 5308 509 5387 ygir._
532 5310 685 5387 Deest
714 5310 774 5387 iu
804 5312 1010 5365 duobus
1039 5312 1207 5387 Regg.
1236 5314 1401 5387 et_0r.
1431 5316 1479 5367 ι.

152 5378 268 5457 ,(77)
300 5378 435 5457 {hac
472 5379 697 5457 έκεῖνο.
739 5380 891 5437 Pass.
951 5392 1007 5437 et
1061 5378 1179 5448 alii;
1234 5384 1349 5448 πῶς
1382 5386 1501 5436 οὐκ.
1538 5384 1660 5437 Par.

116 5449 206 5505 ιἸύς
228 5449 385 5501 ἐκεῖν’
429 5450 519 5502 οὐ.

172 5516 269 5579 (ἷὸ)
299 5519 620 5592 Κίτδυνος.
682 5522 911 5577 Montac.
944 5521 1226 5592 legendum
1271 5533 1441 5592 putat,
1486 5524 1661 5577 κίνδυ-

116 5595 199 5641 κν.
229 5598 281 5663 ut
304 5588 585 5663 referatur
607 5595 670 5644 ad
700 5592 877 5663 φέρει,
908 5588 1050 5661 quod
1080 5588 1505 5649 subaudiendum
1533 5610 1659 5647 Cen-

114 5665 197 5707 !uet.
222 5658 411 5720 Quidni
444 5675 575 5713 vero
601 5663 665 5716 ad
693 5658 831 5728 ἔστι,
864 5658 1003 5731 quod
1032 5665 1313 5719 subaudiri
1349 5664 1527 5719 solet?
1554 5664 1659 5720 Fa-

116 5734 151 5769 ιι
169 5736 215 5772 ιιι
240 5742 424 5781 omnes
460 5731 694 5785 codices.

170 5794 267 5857 (79)
296 5796 485 5865 Τιμὴν
509 5800 601 5857 καί
624 5803 955 5861 ἀντίδοσιν.
987 5803 1442 5871 Subaudiendum,
1475 5802 1653 5873 φέρει,

1843 4504 1906 4560 C.
1931 4504 2000 4558 At
2030 4504 2159 4559 milii
2206 4520 2422 4559 rursum
2464 4502 2769 4559 faciendum
2822 4513 2925 4569 est,
2952 4513 3009 4558 ut
3033 4505 3335 4559 orationem

1697 4682 1742 4737 D
1773 4681 1856 4735 vel
1888 4682 2236 4751 repetendum
2267 4680 2399 4751 ἔχει.

1842 4747 1959 4825 (ὃθ)
1978 4750 2129 4825 ῌΟῠςῖ
2163 4747 2346 4825 diem}?
2374 4747 2679 4825 miraReg.
2735 4752 2827 4811 Im.
2846 4752 2997 4825 ᾼΙά..
3036 4752 3163 4806 Her.
3212 4755 3335 4825 μηδ’

1768 4817 2058 4900 egure-5v.
2081 4822 2247 4891 Regg.
2280 4823 2392 4888 bm,
2415 4822 2449 4887 Ι,
2479 4822 2587 4875 οὐδ’
2615 4823 2794 4875 ὅντινα
2813 4822 2925 4877 οὖν.
2955 4824 3142 4889 Basil.,
3167 4817 3336 4879 ὀντίνη-

1766 4908 2131 5050 οῒῖἐιὶρῖόν
2176 4977 2239 5013 τε
2276 4958 2373 5031 ἦν.
2415 4961 2490 5015 Ita
2549 4963 2789 5035 plerique
2850 4965 3085 5019 mdices'
3134 4945 3189 5018 I'O'
3246 4968 3333 5025 εδ·

1766 5027 1875 5085 οἷον
1908 5027 1954 5085 τ’
1979 5027 2065 5101 ἦν.
2299 5027 2308 5031 ’
2550 5027 2565 5032 ⁷

1836 5104 1948 5172 (82)
1985 5104 2183 5155 Ὅπου.
2212 5102 2339 5170 Reg.
2376 5105 2427 5167 b,
2466 5105 2592 5173 ὅτῳ.

1834 5174 2204 5249 (8ᾇ)”οστις.
2265 5173 2459 5249 Paris.,
2527 5176 2624 5244 οὐχ
2664 5175 2831 5238 ὅστις.
2890 5175 3190 5232 Delevimus
3215 5176 3332 5249 οὐχ,

1767 5245 1907 5314 quod
1944 5261 1970 5295 a
2001 5244 2279 5297 codicibus
2298 5243 2415 5314 fere
2439 5243 2685 5299 omnibus
2724 5250 2895 5299 abest.

1766 5313 1795 5399 αθ
1833 5314 1944 5383 (8-4)
1984 5315 2213 5379 Ὅστις.
2268 5313 2365 5369 llic
2412 5314 2605 5369 iterum
2661 5319 3022 5384 expunxiuius
3063 5317 3160 5387 οὐχ
3212 5328 3335 5373 ante

1763 5403 1949 5527 “(23%)
2002 5454 2781 5527 ’Λνθρωπίνςηςᾲδυνάμεωᾳ
2843 5456 2973 5525 Reg.
3033 5460 3125 5521 hu,
3186 5456 3333 5523 Ald.,

1765 5525 1936 5583 Herv.
1965 5525 2263 5601 ἡμετέρας.
2311 5525 2694 5601 Mallenrhunc
2732 5530 2908 5582 locum
2931 5530 3017 5601 sic
3058 5530 3282 5601 reddere
3314 5547 3328 5584 :

1769 5617 1787 5651 ι
1811 5596 2033 5668 Oportet
2068 5596 2227 5668 igitur
2278 5596 2630 5668 pliilosophite
2660 5607 2857 5652 nostra}
2894 5598 3195 5668 viriumque
3227 5600 3329 5653 liu-

1763 5666 2042 5724 manarum
2079 5666 2289 5726 finibus
2312 5666 2587 5745 continere
2635 5682 2714 5746 se,
2746 5683 2806 5720 ac
2832 5669 2907 5723 ita
2940 5666 3154 5726 demum
3187 5671 3329 5742 quod

1763 5752 1906 5797 recte
1938 5751 1994 5797 et
2022 5755 2087 5796 ex
2122 5745 2319 5797 virtute
2355 5747 2580 5805 geritur,
2602 5745 2835 5807 erigere.
2860 5756 2878 5789 ι
