3878 6398
532 290 635 348 639

1758 290 1817 342 S.
1863 288 2096 342 CREGU

2231 281 2585 340 THEOLOGI
3607 295 3685 351 656

533 410 598 466 ad
621 421 900 464 sermones
935 417 1221 469 revocem;
1252 417 1429 471 neque
1453 403 1597 457 enim
1636 401 1765 456 mihi
1803 412 2099 472 temperare

2203 403 2420 471 λόγουςο
2455 403 2516 454 οὐ
2547 399 2655 470 γὰρ
2685 397 2834 469 φέρω
2857 399 2930 469 μὴ
2954 415 3108 452 τουτο
3136 398 3378 464 πολλάκις
3404 403 3684 472 ἀνακυκλεῖν,

531 515 747 569 possum
775 538 790 562 ,
817 499 943 566 quin
989 496 1092 549 hoc
1126 494 1419 549 identidem
1450 483 1728 563 replidﬁin,
1758 493 2098 548 enitendum-

532 605 653 660 que,
691 599 750 642 ut
775 589 902 658 ipsis
925 602 1021 653 pro
1047 586 1184 640 virili
1215 601 1373 655 opem
1404 585 1595 638 feram.
1618 583 1750 636 Nam
1785 599 1904 636 cum
1933 583 2096 638 multa

532 691 580 735 et
601 680 784 750 gravia
814 679 922 733 sint
953 693 1072 746 quae
1109 677 1289 731 odium
1340 677 1415 729 illi
1465 676 1658 730 merito
1707 674 1946 730 conﬂare
2001 676 2097 730 de-

529 772 719 833 beant,
757 769 891 823 nihil
922 779 1102 822 tamen
1151 777 1233 820 est
1269 767 1322 820 in
1351 782 1458 837 quo
1507 767 1680 834 magis
1709 781 1866 833 quam
1897 766 1947 817 in
1999 765 2100 819 hac

529 876 622 923 re,
657 862 895 929 iniquum
936 875 999 912 ac
1029 858 1352 913 sceleratum
1400 872 1459 912 se
1509 858 1801 926 praebuisse
1832 857 1986 927 132
2021 859 2100 910 vi-

501 956 740 1016 ,deatur.
771 953 849 1008 Ae
881 968 1116 1017 meeum,
1143 951 1322 1017 velim,
1348 951 1680 1021 indignetur,
1713 952 1959 1021 quisquis
1985 968 2100 1006 ser-

530 1045 783 1100 monibus
842 1047 1210 1112 doctrinmque
1263 1043 1459 1097 studiis
1507 1044 1823 1109 delectatur,
1868 1044 2100 1114 huicque

531 1137 674 1208 parti
711 1137 958 1190 addictus
997 1146 1100 1199 est,
1137 1150 1244 1202 quo
1273 1137 1325 1188 in
1368 1149 1592 1189 numero
1627 1151 1712 1189 me
1744 1151 1958 1205 quoque
1981 1151 2101 1190 esse

533 1243 636 1282 non
672 1226 905 1283 inﬁcior.
939 1226 1075 1284 Nam
1111 1237 1307 1280 caetera
1341 1227 1555 1294 quidem
1584 1228 1760 1282 omnia
1791 1227 2101 1282 volentibus

534 1319 748 1388 reliqui,
779 1334 930 1387 opes,
961 1320 1174 1389 generis
1228 1319 1564 1373 nobilitatem
1593 1359 1606 1384 ,
1632 1319 1878 1388 gloriam,
1906 1330 2100 1389 poten-

535 1411 660 1464 tiam
691 1420 1013 1478 ca-teraque,
1039 1425 1156 1477 qua:
1184 1420 1409 1465 terrente
1434 1409 1591 1478 hujus
1619 1411 1933 1478 jactationis
1955 1420 2098 1471 sunt.

537 1511 590 1555 et
625 1517 778 1556 vana:
813 1502 1148 1571 somniisque
1173 1502 1364 1556 similis
1391 1502 1786 1557 oblectationis.
1809 1503 1876 1554 At
1902 1517 2105 1556 sermo-

534 1607 630 1647 nes
678 1592 822 1648 solos
871 1593 1199 1663 complector
1240 1612 1253 1647 :
1307 1609 1404 1648 nee
1450 1594 1650 1657 habeo,
1702 1595 1843 1664 quod
1892 1594 2103 1648 labores

533 1693 646 1737 tum
703 1693 846 1738 terra
884 1695 994 1737 tum
1032 1685 1164 1738 mari
1224 1695 1503 1753 susceptos
1553 1686 1791 1738 incusem
1821 1726 1837 1752 ,
1867 1686 1956 1753 qui
2009 1701 2102 1739 eos

2200 497 2292 548 κα)¹
2313 493 2594 566 πειρατέον
2621 491 2987 561 συνηγορήσαι
3014 489 3219 554 τούτοις
3240 493 3314 555 εἰς
3339 493 3538 566 δύναμιν
3553 515 3568 530 ο
3591 504 3687 554 πολ-

2199 584 2306 637 λῶν
2337 583 2446 654 γὰρ
2480 582 2573 635 κα).
2601 581 2788 634 δεινῶν
2813 581 3001 645 ὄντων,
3035 582 3120 650 ἐφ’
3149 576 3226 646 οἷς
3257 584 3445 649 ἐκεῖνος
3474 593 3691 657 μισεῖσθαι

2199 677 2424 740 δίκαιος,
2455 675 2554 726 οὐκ
2588 673 2733 726 ἔστιν
2758 673 2786 725 ὅ
2820 691 2871 725 τι
2905 672 3156 743 μᾶλλονῆ
3185 674 3334 727 τοῦτο
3360 684 3690 752 παρανομήσας

2201 768 2464 838 φαίνεται.
2506 767 2615 821 Καί
2653 783 2743 837 μοι
2780 766 3250 833 συναγανακτείτω
3283 770 3384 831 πᾶς
3405 770 3535 834 ὅστις
3556 773 3692 842 λόγοις

2199 860 2423 929 χαίρων,
2466 858 2558 911 καὶ
2601 859 2667 927 τῇ
2705 857 2870 926 μοίρᾳ
2897 856 3073 927 ταύτῃ
3119 858 3484 929 προσκείμενος
3507 865 3618 934 (86),
3638 863 3694 920 ὧν

2201 947 2338 1003 εἶναι
2373 950 2466 1003 καὶ
2501 949 2661 1011 αὐτὸς
2714 949 2814 1000 οὐκ
2856 949 3183 1019 ἀρνήσομαι.
3215 948 3295 1002 Τὰ
3342 949 3432 1020 μὲν
3467 953 3561 1024 γὰρ
3594 958 3696 1011 ἄλλα

2201 1042 2429 1112 παρῆκα
2475 1045 2586 1104 τοῖς
2640 1040 3002 1111 βουλομένοις,
3054 1039 3296 1104 πλοῦτον,
3330 1043 3593 1111 εὐγένειαν,
3629 1051 3696 1102 εὖ-

2200 1135 2406 1198 κλειαν,
2437 1133 2779 1196 δυναστείαν,
2813 1132 2848 1186 ἃ
2873 1133 2974 1202 τῆς
3015 1132 3164 1185 κάτω
3201 1138 3482 1205 περιφορᾶς
3512 1139 3606 1192 ἐστι
3629 1147 3698 1195 κ;ὶ

2201 1225 2515 1298 ὀνειρώδους
2539 1225 2780 1294 τέρψεως
2800 1242 2812 1254 ·
2846 1224 2940 1276 τοῦ
2965 1225 3124 1293 λόγου
3152 1226 3207 1278 δὲ
3236 1228 3532 1298 περιέχομαι
3556 1232 3695 1300 μόνον’

2201 1321 2293 1372 κα).
2326 1320 2386 1370 οὐ
2427 1319 2712 1389 μέμφομαι
2740 1317 3011 1387 χερσαίοις
3037 1335 3094 1370 τε
3121 1318 3299 1381 πόνοις
3323 1320 3410 1372 καὶ
3429 1319 3698 1389 θαλαςσξοκ,

2201 1413 2249 1464 οἳ
2297 1410 2516 1473 τούτους
2572 1426 2660 1479 μοι
2717 1408 3232 1480 συνεπόρισανί87).
3290 1410 3433 1480 Ἐμο).
3473 1413 3582 1480 γοῦν
3619 1418 3696 1486 εἴη,

2202 1503 2296 1555 καὶ
2324 1504 2473 1565 ὅστις
2506 1502 2628 1571 ἐμοὶ
2673 1500 2845 1568 φίλος,
2890 1500 2951 1552 τὸ
2981 1500 3088 1554 τῶν
3131 1500 3302 1569 λόγων
3337 1502 3518 1572 κράτος
3543 1505 3700 1575 (88)·ὃ

2203 1592 2418 1664 πρῶτον
2457 1592 2594 1662 μετὰ
2625 1592 2685 1644 τὸ
2716 1592 2930 1662 πρῶτον
2963 1593 3294 1663 ἠσπασάμην
3322 1611 3376 1646 τε
3409 1597 3492 1648 καὶ
3517 1598 3701 1663 ἀσπάζο-

2208 1702 2326 1753 μαι,
2355 1684 2423 1736 τὰ
2455 1683 2572 1737 θεῖα
2604 1683 2766 1752 λέγω,
2805 1685 2896 1736 κα).
2930 1684 3028 1746 τὰς
3064 1683 3168 1748 ἔξω
3198 1685 3302 1756 (89)
3335 1686 3435 1740 τῶν
3471 1690 3702 1759 ὁρωμένων

534 1775 665 1827 mihi
697 1784 1102 1844 compararunt.
1149 1775 1327 1843 Atque
1359 1777 1566 1829 utinam
1599 1776 1728 1829 mihi
1759 1817 1773 1842 ,
1805 1777 2099 1846 amicisque

2203 1775 2444 1838 ἐλπίδας.
2479 1776 2641 1828 Ὥστε
2683 1777 2731 1827 εἰ
2770 1776 2830 1828 τὸ
2863 1777 3060 1828 οἰκεῖον
3091 1777 3203 1844 (90)
3244 1778 3415 1842 πιέζει
3457 1782 3567 1842 πᾶν,
3599 1785 3702 1836 κατὶ

533 1865 690 1928 meis,
743 1880 1051 1919 sermonum
1085 1866 1249 1919 robur
1277 1866 1417 1919 adsit
1452 1867 1634 1933 :quod
1685 1866 1939 1935 primum,
1976 1879 2100 1934 post

533 1953 586 2008 id
609 1957 747 2024 quod
773 1956 1001 2023 primum
1031 1964 1134 2019 est,
1166 1956 1500 2025 amplexatus
1533 1973 1672 2022 sum,
1711 1967 1872 2026 atque
1898 1958 2095 2010 etiam-

534 2058 659 2096 num
721 2043 1017 2112 amplexor,
1071 2045 1173 2098 hoc
1206 2056 1287 2099 est
1313 2086 1327 2109 ,
1361 2058 1482 2114 post
1511 2047 1688 2100 divina
1720 2089 1733 2112 ,
1776 2058 1828 2100 et
1860 2061 1981 2114 spes
2032 2047 2098 2099 ab

531 2136 810 2190 oculorum
836 2135 1083 2190 sensibus
1105 2149 1364 2191 remetas.
1396 2137 1598 2203 Quare,
1631 2140 1674 2192 si
1699 2154 1794 2192 sua
1831 2151 2099 2206 quemque

2208 1867 2491 1936 Πίνδαρον,
2537 1867 2826 1935 ἀναγκαῖος
2860 1868 2889 1918 ὁ
2931 1869 3060 1938 περὶ
3108 1867 3310 1922 τούτων
3355 1868 3523 1940 ἔμοιγε
3562 1871 3699 1939 λόγος·

2206 1958 2300 2010 κα).
2335 1957 2566 2027 μάλιστα
2596 1957 2820 2020 δίκαιον,
2849 1959 2926 2021 ὡς
2966 1959 3065 2011 οὑκ
3102 1955 3202 2011 οἶδ’
3235 1959 3289 2011 εἴ
3322 1974 3372 2012 τι
3404 1961 3502 2012 τῶν
3528 1963 3616 2032 (91)
3639 1965 3704 2016 ἆ).-

2205 2046 2332 2109 λων,
2383 2047 2523 2119 λόγῳ
2573 2049 2672 2120 τὴν
2711 2049 2850 2119 ὑπὲρ
2894 2048 3067 2116 λόγων
3108 2049 3268 2120 χάριν
3313 2052 3584 2106 ἀπώιδόναι
3623 2058 3704 2117 τοῖς

2205 2136 2400 2206 λόγοις.
2499 2131 2507 2140 ’
2564 2128 2673 2152 ”’”’

531 2240 804 2300 premunt,
837 2238 895 2282 ut
926 2238 1010 2282 est
1035 2230 1171 2298 apud
1197 2229 1513 2297 Pindarum,
1542 2231 1669 2286 mihi
1701 2230 1915 2300 quidem
1943 2239 2090 2285 certe
2129 2228 2194 2283 de
2255 2231 2338 2285 his
2391 2247 2692 2287 sermonem
2756 2233 2953 2287 habere
3000 2245 3222 2287 necesse
3249 2243 3328 2287 est
3362 2253 3374 2287 :
3409 2238 3702 2303 maximeque,

533 2332 595 2378 ut
624 2322 762 2376 haud
796 2321 962 2376 sciam
997 2336 1064 2375 an
1097 2323 1386 2393 quidquam
1419 2325 1562 2380 aliud
1584 2365 1597 2390 ,
1622 2340 1834 2394 aequum
1891 2332 1974 2378 est
1996 2364 2027 2389 ,_
2049 2323 2289 2377 instituta
2351 2340 2447 2394 pro
2509 2325 2848 2380 sermonibus
2912 2326 3162 2378 oratione
3189 2325 3412 2392 gratiam
3430 2330 3706 2381 sermonibus

532 2415 764 2470 referre.

602 2531 687 2586 Cl.
720 2531 873 2588 Unde
900 2534 1064 2603 igitur
1083 2533 1186 2587 hoc
1224 2531 1319 2588 tibi
1351 2531 1403 2586 in
1444 2540 1678 2586 mentem
1712 2533 1864 2586 venit
1891 2573 1904 2596 ,
1936 2531 2100 2586 homo

533 2626 772 2679 omnium
801 2625 1071 2680 levissime
1127 2634 1179 2678 et
1208 2624 1706 2694 inexplebilissime,
1727 2633 1785 2677 ut
1815 2637 2100 2678 sermones

535 2718 862 2774 Christianis
913 2718 1198 2786 eriperes?
1251 2717 1354 2771 hoc
1382 2715 1525 2770 enim
1557 2731 1623 2769 ex
1661 2731 1846 2769 eorum
1876 2728 2101 2768 numero

535 2818 676 2873 erat,
707 2823 825 2877 qua:
852 2822 956 2862 non
983 2808 1034 2861 in
1058 2808 1217 2860 minis
1252 2807 1447 2876 posita,
1479 2806 1570 2860 sed
1613 2805 1726 2873 jam
1775 2806 1993 2858 decreta
2049 2813 2104 2857 et

535 2900 654 2970 iege
682 2900 885 2953 saucita
922 2908 1099 2954 erant.
1151 2898 1319 2964 Unde,
1355 2908 1410 2953 et
1437 2913 1544 2966 qua
1589 2912 1658 2951 ex
1711 2896 1919 2951 causa?
1974 2895 2106 2961 Quis

536 2991 740 3060 logicus
779 2990 1096 3055 Mercurius,
1133 3002 1192 3044 ut
1225 2990 1340 3060 ipse
1365 2989 1584 3053 dixeris,
1618 2989 1720 3042 hoc
1749 2988 1840 3043 tibi
1876 2988 1926 3040 in
1954 3002 2106 3040 men-

2273 2521 2396 2577 PA'.
2422 2522 2590 2575 Πόθεν
2622 2516 2713 2574 οὖν
2736 2521 2933 2592 ἐπῆλθέ
2963 2539 3044 2574 σοι
3067 2521 3248 2587 τοῦτο,
3265 2539 3308 2575 ω
3334 2525 3597 2592 κουφότατε
3612 2529 3707 2579 πεῖν·

2203 2634 2311 2671 των
2356 2617 2449 2668 κα).
2488 2615 2876 2686 ἀπληστότατε,
2914 2615 2974 2666 τὸ
3010 2614 3187 2684 λόγων
3234 2616 3575 2685 ἀποστερῆσαι
3609 2619 3707 2688 Χρι-

2208 2707 2488 2772 στιανούς;
2537 2706 2693 2758 τοῦτο
2725 2707 2832 2777 γὰρ
2876 2706 2935 2758 οὐ
2975 2707 3083 2758 τῶν
3120 2706 3510 2776 ἀπειλουμένων
3533 2708 3618 2775 (92)
3644 2703 3708 2777 ἦν,

2202 2801 2337 2854 ἀλλὰ
2383 2800 2488 2852 τῶν
2539 2800 2638 2869 ἤδη
2692 2797 3222 2869 νενομοθετημένων.
3271 2799 3452 2861 Πόθεν,
3484 2801 3575 2851 κάκ
3603 2801 3710 2861 τίνος

2204 2892 2408 2956 citing;
2461 2891 2556 2953 Τίς
2614 2891 2820 2960 Ἐρμῆς
2861 2907 2941 2942 σοι
2988 2892 3178 2959 λόγιος
3211 2891 3342 2962 (95),
3390 2893 3460 2956 ὡς
3501 2894 3556 2945 ἂν
3591 2895 3709 2955 αὐτὸς

2208 2983 2402 3046 εἴποις,
2437 2981 2581 3034 τοῦτ’
2618 2980 2709 3034 ἐπὶ
2752 2981 2876 3034 νοῦν
2912 2984 3118 3053 ἧγαγε;
3171 2983 3329 3046 Τίνες
3369 2984 3592 3054 Τελχῖνες
3628 2984 3709 3052 (91)

537 3053 642 3137 tein
671 3082 930 3136 immisit?
952 3082 1052 3148 Qui
1083 3053 1260 3150 ipravi-
1279 3081 1589 3144 Telchines,
1618 3089 1673 3135 et
1698 3079 1861 3133 invidi
1893 3078 2096 3132 dmino-

2208 3074 2453 3147 πονηροὶ,
2485 3073 2578 3126 καὶ
2611 3073 2870 3142 βάσκανοι
2899 3074 3184 3144 δαίμονεςς
3222 3076 3286 3128 Ei
3317 3053 3482 3144 βούλει
3510 3076 3619 3145 (95),
3644 3077 3711 3126 καὶ

536 3174 678 3228 nes?
709 3173 764 3228 Si
805 3174 1004 3244 placet,
1042 3173 1198 3240 hujus
1248 3188 1461 3242 quoque
1511 3173 1586 3225 rei
1639 3186 1860 3226 causam
1910 3169 2102 3223 alfere-

537 3281 679 3320 mus.
719 3265 985 3319 Nimirum
1029 3265 1348 3334 oportebat,
1373 3274 1432 3317 ut
1460 3279 1582 3318 cum
1613 3262 1778 3316 multa
1810 3273 1862 3316 et
1892 3260 2098 3315 nefaria

543 3356 750 3410 scelera
781 3365 1041 3421 tentares,
1069 3357 1174 3409 huc
1198 3355 1410 3408 tandem
1455 3351 1831 3422 impellereris,
1863 3351 2100 3420 atquein

538 3446 770 3514 teipsum
807 3447 1093 3517 perspicue
1135 3447 1444 3501 incurreres
1478 3464 1490 3500 :
1529 3455 1585 3499 ut
1620 3461 1723 3514 qua
1758 3460 1816 3498 re
1847 3443 1940 3497 tibi
1985 3459 2101 3496 ma-

539 3541 682 3592 xime
707 3537 1048 3608 gloriandum
1079 3538 1451 3602 existimabas,
1492 3538 1542 3590 in
1564 3537 1749 3592 eadem
1791 3535 2102 3605 imprudens

538 3627 776 3680 maxime
802 3627 1083 3696 ineptires,
1121 3643 1183 3681 ae
1216 3629 1386 3681 bruta:
1421 3627 1737 3681 stoliditatis
1761 3635 1941 3679 notam
1975 3627 2102 3678 sub-

536 3715 665 3770 ires.
695 3715 980 3785 Responde
1017 3718 1158 3770 enim
1182 3736 1194 3771 :
1215 3717 1352 3783 Quid
1382 3718 1475 3771 tibi
1499 3717 1600 3770 hoc
1625 3716 1906 3771 decretura
1940 3715 2052 3766 vult
2080 3715 2102 3768 ἲ

537 3821 764 3878 qumque
799 3817 850 3862 te
895 3809 1033 3862 ratio
1065 3809 1232 3862 movit
1261 3849 1275 3870 ,
1304 3817 1360 3862 ut
1391 3809 1536 3862 circa
1571 3822 1849 3862 sermones
1899 3806 2099 3874 aliquid

538 3900 844 3952 novandum
899 3899 1173 3951 duceres?
1202 3897 1355 3964 Quod
1408 3898 1453 3952 si
1499 3898 1632 3966 justi
1675 3897 1878 3965 aliquid
1909 3895 2102 3950 aﬂ‘erre

539 3989 689 4042 visus
742 3989 932 4053 fueris,
960 3989 1260 4044 dolebimus
1309 3989 1555 4058 quidem,
1587 3998 1638 4044 at
1673 3989 1893 4043 minime
1935 3998 1986 4042 te
2020 4004 2104 4043 re-

2198 3165 2388 3219 τούτου
2417 3165 2513 3235 τὴν
2543 3166 2720 3219 αἰτίαν
2750 3167 2909 3236 ἡμεῖς
2943 3167 3390 3237 παραστήσομεν.
3413 3167 3542 3220 Ἔδει
3564 3169 3650 3236 γάρ
3670 3183 3710 3217 ss

2204 3258 2416 3320 πολλοῖς
2438 3257 2784 3329 ἐγχειροῦντα
2809 3260 2901 3312 καὶ
2923 3259 3261 3329 παρανόμοις
3289 3261 3486 3324 κακοῖς,
3507 3262 3574 3322 εἰς
3596 3259 3714 3311 τοῦτο

2206 3349 2510 3420 ὑπαχθῆναι
2557 3349 2912 3417 τελευτῶντα,
2961 3352 3054 3404 κα).
3102 3351 3288 3423 σαυτῴ
3319 3353 3573 3423 προδήλως
3599 3369 3712 3419 περι-

2207 3447 2390 3497 πεσεῖν
2411 3461 2424 3474 ·
2446 3444 2510 3495 ἵν’
2529 3436 2571 3510 ᾧ
2590 3443 2699 3515 (96)
2726 3443 2958 3514 μάλιστα
2977 3447 3197 3516 φρονεῖν
3213 3445 3319 3516 ᾧου
3335 3445 3457 3508 δεῖν,
3476 3443 3712 3513 τούτῳ(9ἷ)

2205 3536 2436 3606 μάλιστα
2479 3535 2647 3606 λάθῃς
2699 3535 3105 3606 ἐνασχημονῶν,
3138 3538 3238 3589 καὶ
3267 3536 3480 3605 ἀλογίαν
3506 3552 3714 3602 κατακρι-

2200 3627 2442 3698 νόμενος.
2470 3628 2785 3699 Ἀπόκριναι
2819 3627 2928 3698 (98)
2960 3629 3067 3698 γάρ
3088 3645 3100 3657 ·
3132 3628 3190 3680 τί
3227 3645 3308 3681 σοι
3350 3628 3407 3681 τὸ
3434 3627 3588 3697 δόγμα
3619 3624 3713 3694 βού-

2200 3719 2379 3784 λεται;
2409 3721 2500 3773 καὶ
2531 3720 2614 3783 τίς
2642 3723 2669 3773 ὁ
2699 3720 2854 3788 λόγος
2886 3721 2983 3792 τῆς
3014 3723 3140 3792 περὶ
3174 3721 3363 3789 λόγους
3391 3716 3712 3787 καινοτομίαςς

2204 3811 2321 3864 Κάν
2359 3829 2410 3865 τι
2461 3811 2667 3864 δίκαιον
2707 3811 2866 3882 δόξῃς
2912 3812 3112 3880 λέγειν,
3171 3811 3497 3882 ἁνιασόμεθα
3539 3809 3636 3880 μὲν,
3669 3807 3712 3858 οὔ

2209 3903 2531 3974 μεμψόμεθα
2559 3903 2643 3956 δέ·
2674 3905 2768 3956 κα).
2798 3905 2904 3976 γὰρ
2931 3904 3118 3975 ὥσπερ
3139 3906 3240 3959 σὺν
3269 3905 3408 3975 λόγῳ
3432 3906 3588 3974 νικᾷν,
3607 3900 3715 3953 οὕτω

2207 3993 2299 4044 καὶ
2321 3993 2570 4046 νικᾶσθαι
2596 3994 2774 4058 καλῶς
2806 3995 3226 4066 μεμαθήκαμεν.

538 4078 954 4148 prehendemus.
1005 4078 1467 4144 Quemadmodum
1515 4078 1660 4133 enim
1719 4093 1840 4134 cum
1886 4079 2097 4135 ratione
2133 4080 2381 4148 vincere,
2449 4085 2528 4139 sic
2586 4086 2744 4138 etiam
2783 4085 3010 4141 honeste
3039 4101 3104 4141 ac
3143 4087 3480 4142 laudabiliter
3504 4084 3622 4140 vinci
3655 4082 3716 4135 di-

540 4171 790 4226 dicimus.

610 4263 721 4320 Cll.
758 4260 946 4319 Nostri
981 4273 1098 4319 sunt
1121 4278 1404 4330 sermones,
1435 4262 1631 4336 inquit,
1657 4271 1705 4318 et
1737 4272 1972 4319 nostrum
2013 4274 2088 4318 est

607 4521 718 4594 (86)
746 4523 1198 4592 Προσκεὶμενος.
1239 4520 1421 4578 Schol.
1453 4523 1726 4593 τυγχάνει.

606 4594 720 4666 (8?)
753 4596 1187 4666 Σονεπόρισαν.
1216 4594 1347 4664 Reg.
1376 4594 1485 4656 bm,
1521 4595 1911 4666 συνεπόρησαν.

606 4664 718 4735 (88)
746 4664 949 4735 Λόγων
971 4664 1205 4732 κράτος.
1239 4684 1257 4715 ι
1287 4665 1606 4718 Semnonum
1631 4664 1877 4728 victoria,
1909 4664 2100 4734 princi-

537 4734 716 4804 patus,
744 4734 1081 4804 praecipuum
1109 4736 1290 4788 decus.
1319 4753 1337 4785 ι

607 4804 718 4873 (89)
747 4804 856 4875 Τὰς
871 4803 1005 4866 ἔξω.
1036 4803 1199 4857 Μοιιι.
1240 4804 1458 4875 mavult,
1495 4803 1593 4866 τὰς
1639 4803 1770 4858 ἄνω.
1808 4803 1911 4856 Sed
1938 4820 2100 4875 repit-

535 4874 920 4940 guant'scripli
949 4875 1182 4928 codices.
1236 4873 1515 4929 Utrumvis
1545 4884 1724 4928 autem
1763 4875 1976 4943 legeris,
2001 4873 2099 4929 ea-

536 4947 656 5014 dem
693 4951 792 5014 est
821 4944 1107 5014 sententia.
1159 4944 1293 4999 Vide
1344 4943 1380 4995 ll
1408 4944 1530 4998 Cor.
1581 4960 1654 5009 IV,
1686 4944 1774 5005 18,
1830 4943 1910 4997 Τὰ
1939 4944 1994 4996 δὲ
2025 4963 2062 5014 μ

538 5012 846 5083 βλεπόμενα
877 5011 1092 5076 αἰώνια,
1114 5032 1132 5066 ι
1161 5030 1280 5083 qua:
1310 5024 1485 5069 autem
1509 5028 1614 5068 neu
1649 5016 1916 5080 videntur,
1951 5011 2106 5070 inter;

537 5099 601 5135 tta
627 5094 772 5136 sunt.
801 5103 820 5135 ι

608 5153 718 5223 (90)
749 5156 819 5206 Εἰ
845 5152 908 5206 τὸ
930 5152 1166 5206 οἰκεῖον.
1213 5151 1337 5206 Hme
1377 5153 1511 5221 apud
1542 5155 1760 5210 Pindar.
1791 5154 2103 5210 Nemeorum

536 5220 648 5277 Ode
684 5220 744 5294 1,
769 5240 956 5294 στροφ.
981 5230 1051 5291 γ’,
1085 5220 1427 5294 ἐπῳδηκώλ.
1462 5231 1533 5294 η’.

685 5293 754 5345 Τὸ
781 5293 890 5361 γὰρ
913 5294 1134 5346 οἰκεῖον
1160 5293 1342 5354 πιέζει

680 5363 858 5436 Πᾴξηθ
890 5363 1046 5436 ὁμῶς
1065 5380 1085 5436 '7
1111 5365 1291 5436 εὐθὺς
1313 5364 1363 5417 δ’
1389 5363 1640 5433 ἀπήμων
1668 5367 1875 5436 καρδία

680 5431 873 5498 Κιῐδος
893 5435 1034 5503 ἀμφ’
1057 5435 1394 5501 ἀλλότριον.

544 5501 692 5574 ala
723 5505 855 5555 enim
891 5501 1100 5573 propria
1125 5516 1364 5574 premunt

544 5570 1246 5644 ιζηιιηριιυευιᾲιιεφωνῆεν;
1298 5592 1471 5630 verum
1523 5593 1612 5631 cor
1663 5580 1836 5633 statim
1870 5581 2103 5634 ma'roris

547 5640 678 5696 Cum
706 5645 767 5696 de
798 5640 966 5698 alieno
999 5640 1141 5700 luctu
1171 5648 1363 5714 (igitur.
1880 5649 2104 5720 [θεμένη

2127 4522 2180 4580 D

2265 4261 2384 4317 PB’.
2426 4264 2731 4334 Ἠμέτεροι,
2765 4265 2948 4335 φησὶν,
2997 4267 3052 4318 οἱ
3083 4267 3278 4337 λόγοι,
3320 4268 3414 4320 καὶ
3457 4265 3517 4320 τὸ
3551 4265 3714 4329 Ἑλλη-

2275 4522 2386 4598 191)
2411 4524 2502 4598 EI
2524 4541 2578 4578 τι
2609 4523 2747 4598 τῷν,
2797 4535 2902 4598 ξω.
2958 4524 3090 4598 Reg.
3123 4527 3236 4598 ba}.
3271 4539 3321 4579 et
3351 4525 3464 4579 Bill.
3503 4521 3716 4598 εἴτι-τῷν

2201 4591 2376 4668 ἀλλων
2411 4595 2583 4668 λόγων
2628 4596 2726 4664 τὴν
2788 4595 2926 4668 ὑπὲρ
2958 4591 3132 4665 λόγον.
3189 4596 3383 4668 Postea
3435 4592 3719 4668 veroliillius

2199 4662 2370 4784 ἒργων
2399 4676 2453 4718 el
2473 4664 2624 4734 λόγον
2659 4662 2932 4735 eXpunxii.
2989 4662 3141 4722 Pass.
3174 4667 3233 4719 εἴ
3279 4683 3362 4729 τις
3410 4666 3510 4718 τῶν
3552 4662 3719 4728 ἀλόγων

2232 4751 2341 4784 ογιι)
2366 4737 2484 4784 τήν.
2517 4745 2624 4784 etc.

2232 4745 2341 4810 ογῳ
2366 4745 2484 4824 την.
2517 4745 2624 4788 etc.

2270 4807 2380 4880 (Si?)
2433 4804 3200 4880 Aqedovyérwr:_blont_.1c.,
3227 4804 3624 4880 ﬂ'ﬁstlnpéyw‘l._
3643 4870 3666 4880 η

2271 4872 2381 4945 (95)
2407 4877 2638 4945 Λόγιος.
2667 4872 2785 4929 Ald.
2813 4889 2866 4930 et
2893 4877 3050 4932 llerv.
3083 4872 3262 4945 λόγος.
3287 4872 3520 4930 (ὶοιιιῦυῐ.
3549 4872 3716 4925 reddit:

2209 4961 2227 4994 ι
2255 4948 2375 5012 quis
2401 4947 2623 5069 erudita:
2648 4947 2838 5017 lingua:
2862 4947 3156 5002 Mercurius
3179 4949 3202 5000 ἱ)
3226 4967 3244 4999 ι
3275 4947 3380 5012 vel,
3411 4962 3429 4996 ι
3457 4956 3714 4999 sermonum

2209 5029 2404 5069 praeses
2474 5035 2492 5067 ι
3220 5056 3226 5061 .

2206 5029 2404 5082 praeses
2428 5029 2450 5069 ι
2474 5035 2492 5067 ι
3220 5056 3226 5061 .

2277 5085 2387 5157 (94)
2424 5085 2717 5154 Τελχῖνες.
2753 5107 2770 5140 ι
2796 5087 3245 5158 Ρηεειὶςίιιιοΐεε.
3271 5106 3290 5139 ι
3331 5086 3440 5141 Vox
3467 5082 3673 5137 derivata
3696 5092 3718 5128 ι

2206 5155 2454 5232 θέλγοις
2483 5159 2753 5232 ηψιςθυ.»
2813 5228 2824 5232 _
2950 5155 3035 5232 ﬂ;
3172 5226 3224 5232 __
3485 5224 3528 5232 __
3606 5228 3613 5232 _
3661 5217 3699 5232 Μ

2275 5227 2387 5296 (95)
2411 5228 2478 5279 El
2499 5227 2736 5290 βούλει.
2766 5228 2910 5293 Ald,
2950 5226 3136 5291 Ἀρι-γη
3172 5226 3406 5280 Muniae.
3437 5224 3718 5296 addunt};

2209 5288 2460 5361 lieest'ei,
2502 5288 2564 5350 in
2590 5299 2822 5353 Colbcrt.
2852 5288 2907 5362 5,
2931 5297 3025 5350 οι·.
3054 5288 3240 5361 1,“οιι;.
3271 5298 3461 5366 Regius
3489 5294 3524 5357 1,
3551 5293 3580 5363 ἢ
3622 5288 3718 5358 βοῦ·

2207 5379 2307 5418 Αει.

2422 5437 2519 5491 ’Ἱν’
2550 5429 2618 5503 ᾧ.
2659 5437 2809 5492 Coll).
2838 5438 2891 5499 8.
2914 5438 2978 5491 ἵν’
3021 5439 3068 5492 ὃ.

2275 5507 2384 5576 (97‘)
2409 5509 2616 5575 Τούτῳ.
2645 5509 2774 5576 Reg.
2817 5510 2926 5574 hm,
2958 5510 3133 5565 τοῦτο.

2277 5563 2387 5648 (98)
2445 5563 2802 5648 Ἀπόκρινῆμ
2854 5563 3092 5645 Quatuor
3124 5563 3304 5636 'Colb.
3360 5577 3612 5647 ἀπόκρινε.
3658 5563 3721 5618 lla

2206 5653 2366 5704 etiam
2405 5651 2552 5707 Pass.
2589 5653 2675 5719 qui
2701 5652 2843 5706 addit
2877 5667 2986 5722 μοι.
