3878 6398
199 370 299 424 637

1190 374 1447 432 ORATIO
1486 376 1576 434 IV.
1616 408 1683 418 -
1723 379 2000 437 CONTRA
2040 378 2385 436 JULlANUM
2422 378 2486 435 l.'

3352 386 3455 435 Obb

195 477 397 547 νίζειν,
426 476 527 537 ὧν
558 486 658 542 καὶ
711 488 773 541 τὸ
827 487 1031 542 σέϐειν
1054 488 1165 559 (99)
1199 491 1405 557 θεούςο
1437 491 1606 562 ὑμῶν
1634 492 1703 546 δὲ
1731 496 1755 549 1‘

1876 492 2129 558 Graecari,
2158 503 2335 564 utpote
2370 511 2595 566 quorum
2617 494 2775 549 etiam
2804 495 2872 548 sit
2899 494 3023 549 deos
3051 498 3290 552 venerari
3320 514 3340 553 :
3363 518 3449 555 ve-

195 575 407 644 ἀιογία
443 578 543 631 καὶ
590 581 628 649 ἡ
669 581 968 650 ἀγροικία·
1016 582 1114 636 καὶ
1148 584 1330 639 οὐδὲν
1362 584 1515 653 ὑπὲρ
1545 584 1773 649 16,111;-

194 684 482 735 στευσον,
520 671 628 741 τῆς
654 673 941 743 ὑμετέρας
980 675 1111 729 ἐστὶ
1137 677 1377 746 σοφίας.
1410 678 1521 729 Οὐκ
1556 677 1621 731 ἂν
1653 679 1772 749 μὲν,

192 758 368 830 οἶμαι,
412 765 605 817 τούτου
636 767 1067 835 καταγελάσαιεν
1100 769 1148 821 οἱ
1178 771 1304 840 παρ’
1337 771 1466 840 ὑμῖν
1494 771 1562 822 τὰ
1594 769 1774 823 Πυθα-

194 852 355 922 γόρου
386 856 819 927 φιλοσοφοῦντες,
847 854 927 922 οἷς
958 860 1040 923 τὸ,
1066 859 1258 923 Αὐτὸς
1280 858 1506 931 ἕραῌ),
1530 860 1590 912 τὸ
1624 860 1773 932 πρῶ-

193 961 278 997 τον
314 946 410 998 καὶ
441 947 691 1017 μέγιστόν
718 951 832 1003 ἐστι
866 951 975 1003 τῶν
1016 951 1321 1021 δογμάτων,
1360 952 1452 1003 καὶ
1477 951 1583 1003 τῶν
1622 955 1771 1019 Χρυ-

192 1036 318 1089 σῷν
342 1039 523 1105 ἐπῶν,
562 1041 659 1094 εἴτ’
686 1039 778 1097 οὖν
816 1042 1049 1113 μολιϐὦν
1078 1044 1155 1113 (:2)
1206 1043 1583 1115 αἱρετώτερον.
1617 1044 1770 1097 Μετὰ

190 1128 295 1199 γὰρ
322 1129 423 1200 τὴν
470 1132 689 1204 πρώτην
732 1137 825 1188 καὶ
869 1135 1244 1205 πολυύμνητον
1283 1138 1395 1198 τοίς
1448 1134 1515 1187 τὰ
1561 1134 1766 1187 ἐκείνου

190 1221 534 1292 τελουμένοις
581 1226 897 1295 φιλοσοφίαν
944 1230 1043 1299 τῆς
1089 1228 1301 1297 σιωπῆς
1330 1228 1431 1297 (5),
1482 1228 1568 1281 ἵνα
1609 1226 1766 1295 λόγου

193 1313 368 1384 μέτρα
399 1315 478 1385 τῷ
528 1320 733 1388 σιωπᾷν
785 1320 1118 1390 ἀσκηθῶσιν,
1168 1320 1409 1390 ἔννομον,
1464 1319 1648 1390 φησὶν,
1700 1315 1768 1389 ἦν

190 1406 368 1459 ὁτιοῦν
397 1409 506 1461 τῶν
537 1410 822 1481 δογμάτων
852 1413 1246 1482 ἐρωτωμένοις,
1278 1411 1447 1465 ἔπειτ’
1474 1413 1769 1480 ἀποφαινο-

192 1499 376 1567 μένοις
392 1501 491 1571 (4),
520 1504 746 1556 ἀπαιτου
756 1505 913 1575 μένου
938 1506 1029 1560 καὶ
1048 1504 1224 1574 λόγου,
1249 1505 1373 1558 ἄλλο
1393 1505 1490 1575 μὲν
1509 1505 1671 1575 μηδὲν
1690 1504 1765 1575 (5)

187 1591 600 1663 ἀποκρίνεσθαι,
649 1596 729 1647 ὅτι
761 1594 817 1647 δὲ
860 1595 1151 1666 Πυθαγόρα
1192 1594 1337 1647 τοῦτ*
1384 1594 1471 1664 εἴη
1511 1593 1766 1663 δεδογμέ-

186 1699 306 1734 νον·
356 1685 452 1737 καὶ
495 1685 649 1755 λόγον
695 1682 834 1739 εἶναι
879 1686 971 1740 τοῦ
1021 1688 1310 1757 δόγματος,
1366 1687 1427 1739 τὸ
1480 1684 1764 1757 παραστὰν

187 1773 384 1844 ἐκείνῳ
419 1777 518 1847 (6),
562 1777 854 1831 ἀνεύθυνόν
898 1794 956 1829 τε
988 1777 1066 1845 (7)
1102 1778 1196 1829 καὶ
1230 1776 1629 1830 ἀϐασάνιστον*
1683 1776 1763 1838 εἰς

1877 598 1985 641 stra
2017 598 2192 641 autem
2226 597 2305 641 est
2336 588 2601 641 stoliditas
2637 598 2683 640 et
2717 588 3010 653 rusticitas,
3042 606 3133 643 nec
3165 592 3449 661 quidquam

1876 678 2046 764 n(iud,
2084 696 2265 749 quam,
2293 678 2479 744 Crede,
2523 678 2677 748 133
2708 680 2980 747 sapientia
3002 690 3186 735 vestra:
3223 693 3318 736 est.
3354 685 3450 736 At-

1873 770 1963 837 qui
2009 770 2129 834 hoc,
2163 780 2221 823 ut
2249 770 2461 840 opinor,
2500 786 2607 824 non
2656 771 2927 825 irriserint
2959 809 2975 835 ,
3024 772 3113 842 qui
3173 777 3315 841 apud
3354 791 3450 829 vos

1874 861 2195 932 Pythagora:
2230 864 2626 933 philosophiam
2653 864 2856 931 colunt,
2891 866 3088 934 quibus
3114 866 3242 921 illud
3270 908 3285 932 ,
3328 867 3449 937 Ipse

1872 953 2031 1017 dixit,
2069 952 2378 1021 dogmatum
2402 954 2643 1006 omnium
2684 954 2914 1023 primum
2934 964 3016 1008 est
3049 964 3103 1008 et
3129 957 3445 1024 maximum,

1872 1042 2162 1110 aureisque
2188 1083 2205 1106 ,
2248 1043 2355 1095 imo
2384 1041 2651 1111 plumbeis
2684 1044 3021 1098 carminibus
3074 1046 3440 1113 prmstantius.

1871 1130 2086 1185 Etenim
2118 1143 2238 1201 post
2264 1132 2492 1202 primam
2522 1133 2667 1186 illam
2693 1176 2708 1200 ,
2758 1144 2922 1202 atque
2972 1134 3113 1202 apud
3163 1150 3295 1200 eos,
3350 1138 3443 1207 qui

1873 1222 2016 1277 illius
2050 1222 2266 1291 placitis
2308 1223 2684 1287 initiabantur,
2722 1224 3201 1285 celebratissimam
3238 1228 3441 1283 silentii

1868 1314 2266 1383 philosophiam
2290 1354 2305 1379 ,
2340 1324 2397 1367 ut
2445 1314 2715 1369 sermonis
2751 1316 3174 1370 moderationem
3214 1321 3441 1373 tacendo

1868 1404 2271 1468 condiscerent,
2304 1404 2547 1457 solemne
2574 1412 2628 1456 et
2658 1403 2913 1457 usitatum
2947 1414 3085 1471 erat,
3113 1406 3178 1459 de
3203 1422 3441 1476 quocun.

1868 1509 1973 1564 que
2012 1495 2263 1564 dOgtnate
2320 1494 2810 1564 interrogarentur,
2850 1496 3223 1566 rationemque
3250 1514 3440 1565 posce-

1867 1594 2075 1647 rentur,
2114 1585 2246 1639 nihil
2282 1585 2429 1638 aliud
2480 1586 2809 1653 respondere
2835 1626 2849 1650 ,
2882 1600 3045 1654 quam
3075 1588 3216 1656 quod
3241 1588 3441 1659 Pytha-

1865 1692 2010 1748 gora:
2035 1676 2111 1731 ita
2134 1678 2427 1747 placuisset
2457 1694 2471 1729 :
2510 1678 2886 1747 rationemque
2911 1678 3176 1748 dogmatis
3204 1695 3344 1746 esse,
3371 1682 3427 1735 id

1866 1770 2007 1839 quod
2036 1770 2113 1824 illi
2146 1770 2199 1823 in
2234 1780 2466 1823 mentem
2522 1769 2780 1834 venisset,
2814 1770 2881 1824 ab
2911 1770 3058 1824 omni
3086 1772 3335 1827 examine
3364 1788 3429 1827 ac

183 1868 380 1919 ταυτὸν
430 1869 658 1938 ἥκοντος
705 1870 819 1933 τοῦ,
876 1869 1067 1933 Αὐτὸς
1123 1869 1259 1937 ἔφα,
1311 1864 1398 1938 τῷ
1440 1867 1566 1939 παρ’
1607 1869 1755 1938 ἡμῖνς

1871 1876 2095 1915 censura
2152 1860 2377 1915 liberum
2410 1871 2569 1930 atque
2622 1862 2879 1916 immune.
2906 1860 2981 1915 lta
3009 1901 3024 1927 ,
3073 1863 3199 1917 licet
3231 1863 3282 1917 in
3314 1865 3436 1919 aliis

182 1962 550 2026 Πίστευσον,
610 1965 667 2015 ὲν
706 1963 891 2026 ἄλλαις
941 1961 1230 2024 συλλαϐαῖς
1275 1978 1335 2013 τε
1386 1962 1479 2014 καὶ
1530 1961 1760 2031 ῥήμασι,

182 2054 283 2105 xiv
318 2055 369 2105 εἰ
407 2053 482 2124 μὴ
505 2053 761 2106 παύοισθε
782 2053 1165 2124 κωμῳδοῦντες
1184 2052 1259 2123 (8)
1283 2052 1549 2106 τοῦτοκαὶ
1576 2049 1761 2103 διασύ-

185 2160 389 2212 ροντες.
438 2143 693 2197 Βούλεται
739 2144 846 2216 γὰρ
880 2148 1011 2215 ἡμῖν
1041 2147 1069 2198 ὁ
1110 2144 1265 2213 λόγος
1316 2143 1389 2215 μὴ
1432 2142 1629 2207 ἐξεῖναι
1657 2142 1763 2194 δια-

182 2239 397 2287 πεστεῖν
433 2240 547 2299 τοῖς
589 2236 692 2289 ὑπὸ
728 2236 836 2289 τῶν
880 2236 1153 2308 θεοφόρων
1192 2236 1400 2308 ἀνδρῶν
1428 2234 1759 2305 εἰρημένοις,

181 2326 294 2379 ἀλλ’
328 2328 606 2392 ἀπόδειξιν
631 2324 770 2381 εἶναι
793 2326 884 2381 τοῦ
908 2328 1066 2397 λόγου
1090 2329 1151 2381 τὸ
1173 2330 1395 2382 ἐκείνων
1427 2327 1758 2392 ἀξιόπιστον,

181 2420 363 2490 πάσης
391 2422 470 2493 (9)
508 2421 786 2492 δυνάμεως
828 2420 1051 2491 λογικῆς
1095 2422 1189 2475 καὶ
1226 2420 1569 2490 ἀντιλογικῆς
1607 2421 1758 2489 ἰσχυ-

186 2511 434 2583 ρότερον.

244 2682 593 2739 ΡΓ’.’Ἔστω
640 2685 696 2738 δὲ
744 2683 1023 2739 καὶτοῦτο
1065 2684 1172 2736 τῶν
1227 2683 1509 2754 ἡμετέρων
1554 2682 1760 2753 εὑεπη-

182 2778 442 2848 ρὲαστοψ
494 2777 611 2840 πῶς
656 2777 711 2831 δὲ
744 2778 854 2846 (10)
896 2778 959 2830 σὺ
1009 2776 1202 2842 δείξεις
1252 2777 1378 2838 τοὺς
1430 2774 1620 2843 λόγους
1674 2791 1757 2827 σοι

178 2869 568 2939 διαφέροντας
601 2868 663 2921 Εἰ
710 2867 767 2921 δὲ
807 2868 901 2921 καὶ
946 2868 1089 2931 σοὺς,
1126 2866 1242 2930 πῶς
1286 2865 1490 2919 τούτων
1530 2868 1661 2937 ἡμῖν
1693 2865 1753 2918 οὐ

181 2961 342 3030 μετὸν
371 2962 486 3030 (11)
522 2959 663 3015 κατᾶ
700 2960 799 3031 τὴν
856 2959 953 3030 σὴν
999 2958 1318 3029 νομοθεσίαν
1364 2959 1459 3011 καὶ
1496 2958 1753 3027 ἀλογίαν;

175 3054 317 3117 τίνος
350 3054 466 3124 (12)
518 3053 625 3124 γὰρ
667 3052 759 3106 τοῦ
812 3052 1139 3123 Ἐλληνίζειν
1188 3052 1325 3105 εἰσὶν
1371 3053 1420 3103 οἱ
1452 3051 1618 3119 λόγοι,
1661 3051 1757 3104 καὶ

174 3145 261 3198 τοῦ
295 3145 418 3207 πῶς
448 3143 742 3214 λεγομένου
774 3144 868 3197 καὶ
901 3142 1354 3213 νοουμένου(15);
1386 3142 1484 3196 ”1ν’
1517 3141 1625 3210 ἐγώ
1672 3159 1753 3196 σοι

1867 1953 2095 2025 syllabis
2141 1964 2196 2007 et
2229 1954 2430 2019 verbis,
2461 1956 2650 2009 eodem
2683 1964 2862 2009 tamen
2893 1955 3086 2010 recidit
3123 1956 3276 2023 illud,
3314 1957 3435 2025 Ipse

1864 2047 2020 2111 dixit,
2048 2060 2154 2114 quo
2184 2056 2425 2099 nostrum
2483 2046 2648 2100 Crede
2678 2086 2692 2109 ,
2725 2046 2971 2114 quamvis
3009 2046 3060 2100 id
3090 2047 3341 2117 sugillare
3375 2065 3436 2104 ac

1864 2136 2137 2193 morsibus
2154 2145 2409 2207 appetere
2442 2154 2547 2192 non
2574 2138 2852 2192 desinatis.
2874 2137 2987 2193 Hoc
3015 2139 3157 2193 enim
3187 2155 3436 2196 sermone

1864 2231 1914 2285 id
1978 2228 2361 2298 intelligimus,
2400 2246 2503 2284 non
2540 2230 2704 2284 licere
2737 2230 2806 2283 iis
2853 2246 2972 2299 qua:
3024 2232 3091 2285 ab
3121 2232 3433 2289 hominibus

1862 2324 2043 2378 divino
2072 2323 2306 2379 Numine
2337 2322 2528 2377 alllatis
2556 2324 2698 2378 dicta
2747 2333 2910 2388 sunt,
2955 2324 3112 2378 ﬁdem
3146 2325 3429 2395 abrogare,

1863 2432 2050 2471 verum
2080 2432 2179 2486 pro
2208 2416 2474 2471 sermonis
2514 2425 2568 2470 et
2601 2418 2863 2471 doctrinae
2890 2418 3300 2474 conﬁrmatione
3322 2460 3337 2484 ,
3366 2420 3433 2475 il-

1862 2507 2035 2561 lorum
2076 2509 2454 2562 auctoritatem
2486 2523 2629 2574 esse,
2661 2510 2815 2564 omni
2845 2510 3017 2581 logica
3050 2510 3305 2568 facultate
3345 2524 3430 2568 at-

1859 2618 1962 2673 que
1990 2603 2418 2657 contradictione
2443 2602 2788 2656 validiorem.

1926 2694 2058 2749 Clll.
2084 2694 2187 2748 Sed
2220 2701 2463 2748 nostrum
2493 2694 2595 2748 hoc
2637 2693 2708 2748 sit
2742 2709 2871 2748 sane
2905 2696 3029 2759 tale,
3061 2706 3119 2748 ut
3148 2694 3435 2750 calumnia:

1860 2800 1923 2839 ac
1962 2784 2369 2854 reprehensioni
2417 2794 2619 2854 pateat.
2666 2784 2796 2838 Illud
2848 2798 3024 2840 autem
3055 2802 3166 2855 quo
3218 2789 3432 2841 tandem

1858 2878 2017 2931 modo
2064 2878 2353 2946 probabis,
2397 2892 2676 2932 sermones
2725 2879 2790 2931 ad
2834 2888 2883 2932 te
2918 2879 3190 2946 pertinere
3223 2881 3246 2933 ?
3278 2880 3432 2946 Quod

1858 2968 1900 3022 si
1933 2978 2051 3023 tuos
2086 2984 2300 3038 quoque
2347 2984 2467 3023 esse
2526 2968 2803 3032 ostendes,
2838 2971 3107 3037 quomodo
3141 2970 3295 3023 nobis
3325 2986 3432 3023 non

1857 3053 2021 3109 licere
2060 3071 2247 3110 eorum
2286 3071 2407 3109 esse
2444 3058 2738 3126 participes
2764 3098 2779 3124 ,
2804 3057 2959 3125 juxta
2993 3068 3137 3112 tuam
3171 3059 3335 3130 legem
3369 3074 3434 3113 ac

1859 3146 2208 3201 stoliditatem
2238 3148 2493 3202 conﬁcies
2523 3148 2545 3201 ?
2584 3149 2736 3214 cujus
2785 3148 2930 3201 enim
2972 3159 3099 3203 sunt
3130 3165 3430 3216 sermones,

170 3237 327 3289 διέλω
353 3236 456 3307 τὴν
478 3236 571 3288 τοῦ
604 3236 865 3306 ὀνόματος
894 3236 1143 3305 δύναμιν,
1176 3229 1220 3287 ὦ
1254 3236 1380 3305 περὶ
1416 3234 1513 3297 τὰς
1542 3237 1751 3304 όμωνυο

1871 3237 2048 3305 litibus
2096 3236 2412 3290 Graccantur
2444 3236 2691 3291 homines
2731 3238 2755 3291 ?
2797 3248 2851 3292 et
2895 3253 3003 3307 quo
3033 3252 3193 3292 sensu
3226 3238 3433 3293 Graeci-

172 3331 298 3399 μέας
332 3330 478 3400 ἔχων
509 3330 596 3393 σὺ,
631 3330 727 3382 καὶ
764 3328 831 3381 τὰ
862 3327 1186 3399 δηλούμενα,
1218 3328 1249 3399 ἢ
1282 3328 1381 3398 μιᾷ
1411 3327 1751 3399 προσηγορίᾳ

166 3421 427 3492 διάφορα,
452 3421 486 3492 ἢ
512 3420 788 3492 διαφόροις
808 3420 979 3473 ταυτα
999 3420 1131 3488 (14),
1158 3420 1190 3490 ἣ
1212 3418 1549 3491 ὲτέραιςΗὸ)
1565 3418 1745 3489 ἕτεραο

168 3514 197 3584 ῆ
226 3515 338 3585 γὰρ
372 3513 473 3584 τῆς
519 3512 813 3584 θρησκείας
847 3510 985 3567 εἶναι
1020 3514 1179 3567 τοῦτο
1224 3512 1494 3585 φήσεις,ἢ
1537 3510 1628 3564 τοῦ
1664 3510 1751 3564 ἔθ-

165 3626 284 3671 νους
331 3607 561 3678 δηλαδὴ,
582 3608 677 3660 καὶ
705 3606 814 3660 τῶν
845 3607 1057 3680 πρῶτον
1083 3606 1193 3679 (16)
1219 3606 1622 3679 εὑρισκομένων
1649 3603 1749 3673 τῆς

163 3699 452 3754 διαλέκτου
476 3700 575 3771 τὴν
590 3699 840 3770 δύναμιν.
862 3701 924 3752 Εἰ
944 3700 1042 3770 μὲν
1062 3696 1153 3753 οὖν
1179 3698 1278 3768 τῆς
1306 3695 1745 3769 θρησκείας(17),

163 3789 329 3857 δεῖξον
370 3789 475 3843 ποῦ
512 3790 605 3843 καὶ
633 3788 782 3860 παρὰ
812 3788 921 3841 τίσι
956 3788 1064 3842 τῶν
1098 3788 1285 3860 ἱερέων
1309 3787 1418 3855 (18)
1465 3786 1526 3838 τὸ
1566 3784 1750 3856 Ἐλλη-

163 3882 327 3947 νίξειν
358 3882 608 3953 ἔννομον,
637 3881 826 3953 ὥσπερ
855 3881 948 3934 καὶ
977 3880 1036 3934 τὸ
1071 3880 1181 3951 (19)
1213 3879 1360 3932 θύειν
1390 3878 1535 3932 ἔστιν
1572 3876 1609 3931 ὃ.
1657 3877 1752 3930 καὶ

226 4058 342 4128 (99)
374 4057 601 4112 Σέὄειν.
633 4056 841 4122 lleins.,
877 4058 1150 4112 σέϐεσθαι.

227 4125 544 4199 (1)Ἀὺτὸς
570 4127 706 4197 ἔφα.
746 4147 764 4180 ι
813 4128 928 4198 Ipse
958 4129 1110 4183 dixit.
1139 4148 1157 4181 ι
1203 4125 1454 4183 Solemne
1477 4142 1540 4183 ac
1576 4130 1750 4199 usita-

158 4207 267 4253 tmn
324 4202 472 4265 apud
526 4201 842 4267 Pythagora:
883 4199 1171 4266 discipulos
1218 4213 1557 4266 responsum.
1613 4198 1749 4254 Cum

158 4270 301 4322 enirn
334 4271 407 4324 de
434 4269 684 4337 dogmate
706 4270 961 4338 quodam,
990 4270 1131 4338 quod
1158 4284 1188 4323 a
1226 4269 1479 4337 magistro
1511 4272 1753 4337 accepis-

154 4352 303 4402 sent,
358 4340 831 4408 interrogarentur
857 4381 871 4403 ,
908 4354 1139 4405 cumque
1168 4338 1285 4407 ejus
1326 4353 1492 4393 causa
1527 4354 1591 4393 ac
1622 4354 1747 4406 pro-

154 4409 302 4463 bario
329 4425 403 4463 ex
431 4412 511 4464 eis
544 4410 928 4479 rcqnireretur,
960 4409 1253 4479 nihilaliud
1279 4409 1499 4479 omnino
1526 4424 1746 4478 respon-

154 4479 285 4532 dere
320 4480 567 4543 solitum,
619 4478 802 4548 quam,
846 4479 1017 4542 Αὐτὸς
1072 4478 1198 4547 ἔφα,
1259 4478 1417 4547 «Ipse
1464 4479 1634 4542 dixit,
1672 4481 1743 4533 ita

154 4549 255 4639 ipsi
284 4551 658 4639 visum'es.t.li‘
720 4550 872 4631 Quod
922 4551 1142 4631 quidem
1192 4559 1314 4617 apte
1352 4558 1408 4639 et.
1445 4564 1745 4639 opportunje
1780 4584 1823 4639 Β

153 4618 379 4673 Iuliano
405 4619 931 4691 ohjicitCregorius,
960 4629 1016 4673 ut
1048 4620 1213 4688 ipsius
1254 4619 1624 4691 cavillationes
1652 4620 1742 4673 ad-

156 4705 353 4744 versus
412 4691 554 4744 istud
596 4689 1042 4754 Christianorum,
1078 4691 1395 4754 Πίστευσον,
1457 4708 1477 4741 ι
1505 4689 1694 4754 Crede,
1723 4708 1740 4741 ι

154 4761 437 4813 retundat.
493 4759 857 4815 Christianam
905 4762 1048 4815 enim
1098 4762 1257 4814 tidem
1324 4760 1486 4829 impie
1517 4760 1745 4812 irridens

148 4832 446 4895 Apostata,
507 4830 773 4897 religiosis
831 4831 950 4883 titlei
1005 4833 1226 4885 asseclis
1290 4830 1655 4885 «stoliditatis
1682 4846 1747 4884 ac

152 4902 494 4955 rusticitatis
521 4918 539 4951 ι
571 4910 752 4953 notam
785 4902 1000 4954 inurere
1035 4902 1347 4955 conabatur.

219 4971 305 5043 (2)
348 4970 654 5043 Μολιϐῶν.
691 4970 871 5043 Heins.
915 4990 932 5021 ι
958 4971 1009 5024 Id
1036 4982 1136 5043 est,
1164 4990 1181 5023 ›
1218 4972 1555 5043 μολιϐδίνων.

219 5040 303 5111 (5)
340 5041 723 5113 Φιλοσοφίαν
770 5041 881 5110 τῆς
926 5042 1179 5111 σιωπῆς.
1220 5040 1245 5113 ἰ
1276 5044 1485 5098 Silentii
1511 5040 1747 5113 philoso-

150 5113 420 5184 phiath
465 5112 670 5165 Alludit
700 5113 784 5165 hic
815 5113 1109 5184 Gregorius
1129 5115 1194 5165 ad
1227 5112 1746 5184 Pythagoram,_qui

147 5183 463 5252 discipulos
492 5198 622 5236 suos
664 5197 759 5252 per
818 5183 1249 5250 quinquennium
1272 5182 1468 5239 tacere
1495 5182 1739 5252 jubebat.

146 5252 249 5311 llic
299 5251 470 5307 enim
521 5251 854 5309 erat'veluti
916 5254 1120 5323 primus
1176 5254 1347 5323 ipsius
1398 5251 1748 5324 philosophiae

182 5326 382 5378 radus.

142 5342 570 5468 ῗῆ-ῗῖῗξπειΐ
604 5392 1130 5464 ἀποφαινομένοις,
1169 5407 1274 5451 etc.
1326 5399 1440 5451 Duo
1482 5396 1635 5456 Colb.
1695 5406 1750 5454 et

140 5463 306 5521 Pass.
352 5463 453 5520 εἶτ’
488 5463 966 5536 ἀποφαινομένοις,
1034 5484 1052 5516 ι
1082 5480 1145 5521 ac
1192 5468 1279 5521 ubi
1322 5470 1746 5537 respondissent,

142 5542 428 5598 rationem
461 5553 584 5590 cum
614 5548 951 5607 rogarentur.
974 5557 991 5589 ι

214 5610 299 5675 (5)
333 5608 567 5674 Μηδέν.
601 5609 712 5660 Duo
749 5610 934 5673 Regg.,
965 5620 1074 5664 tres
1102 5606 1276 5671 Colb.,
1311 5607 1482 5663 οὒδέν.

143 5751 157 5763 .
215 5680 298 5763 (ti)
334 5678 672 5748 Παραστὰν
704 5680 935 5743 ἐκείνῳ.
959 5682 1108 5735 Colb.
1143 5680 1196 5745 3,
1252 5681 1556 5751 παραστάν.
1592 5681 1745 5739 Pass.

142 5767 395 5803 εκεινον.

214 5824 300 5894 (7)
356 5822 726 5876 Ἀνεύθυνόν
747 5840 828 5877 τε.
870 5842 887 5874 ι
914 5820 1079 5878 Nullis
1115 5822 1409 5879 rationibus
1433 5824 1745 5893 obnoxium,

143 5910 409 5949 cursura
429 5894 683 5950 liberum.
716 5912 734 5947 ι

1852 3342 2003 3381 smus
2044 3326 2365 3397 intelligitur
2396 3326 2485 3381 hic
2517 3337 2571 3381 et
2623 3338 2913 3397 usurpatur
2944 3330 2968 3384 ?
3008 3329 3164 3384 Libet
3200 3332 3365 3398 enim,
3394 3348 3430 3388 ο

1852 3420 2226 3489 ambiguarum
2262 3433 2453 3474 vocum
2498 3427 2765 3490 captator,
2792 3422 3026 3476 nominis
3055 3423 3162 3476 vim
3196 3424 3288 3477 tibi
3320 3425 3433 3478 dis-

1853 3508 2099 3579 tinguere
2121 3548 2137 3574 ,
2169 3519 2330 3578 atque
2376 3523 2437 3563 ea
2460 3550 2475 3577 ,
2500 3525 2619 3579 quae
2656 3511 2739 3565 vel
2768 3526 2875 3566 uno
2916 3513 3181 3567 vocabulo
3210 3514 3427 3569 divers’a

1851 3601 2182 3672 signiﬁcant,
2218 3600 2300 3654 vel
2331 3601 2564 3657 diversis
2592 3603 2803 3668 eadem,
2826 3603 2910 3658 vel
2939 3605 3169 3661 diversis
3191 3606 3424 3661 diversa.

1855 3694 1961 3749 Aut
1982 3697 2124 3750 enim
2158 3695 2388 3750 etbnicze
2422 3695 2698 3765 religionis
2725 3696 2826 3751 hoc
2852 3711 2971 3753 esse
3004 3699 3176 3766 dices,
3214 3711 3309 3753 aut
3331 3702 3431 3753 uti~

1855 3801 1959 3855 que
1984 3786 2179 3855 gentis,
2216 3796 2269 3840 et
2304 3801 2489 3840 eorum
2513 3786 2606 3856 qui
2635 3787 2742 3841 vim
2772 3788 2965 3858 lingua:
3003 3790 3163 3859 primi
3200 3790 3428 3845 invene~

1856 3888 2001 3935 runt.
2033 3879 2089 3935 Si
2116 3878 2390 3943 (ethnicael
2435 3878 2739 3949 religionis,
2772 3880 2997 3936 ostende
3028 3896 3266 3951 quonam
3307 3881 3428 3937 loco

1920 4057 1996 4128 (8)
2058 4057 2512 4127 Κωμῳδοῦντες.
2576 4076 2594 4110 ι
2634 4058 2851 4114 Cnmice
2912 4058 3262 4129 sugillantes;
3342 4060 3428 4115 vel

1848 4130 2009 4183 ctiam
2035 4128 2103 4183 in.
2123 4130 2346 4184 theatris
2368 4147 2431 4185 ac
2462 4130 2760 4185 commdiis.
2790 4148 2809 4181 ι

1922 4198 1997 4266 (9)
2033 4197 2262 4265 Πάσης,
2291 4211 2395 4255 etc.
2418 4198 2659 4256 Combel‘.
2696 4220 2712 4251 ι
2733 4199 2875 4252 omni
2904 4198 3183 4253 dialectica
3206 4209 3426 4269 arguta—

1849 4285 1952 4334 que
1977 4269 2282 4338 disputandi
2333 4286 2397 4326 ac
2426 4270 2828 4326 contradicendi
2883 4269 3139 4324 facultate
3195 4273 3419 4325 validio-

1852 4354 1986 4393 rem.
2014 4358 2031 4389 ι

1923 4409 2033 4479 (10)
2062 4407 2195 4475 Πῶς
2229 4408 2316 4467 δέ.
2356 4411 2436 4466 lla
2487 4410 2644 4465 Pass.
2701 4409 2901 4480 aliique
2958 4409 3141 4479 plures
3190 4410 3421 4465 codices.

1852 4476 2021 4532 Deest
2044 4480 2101 4533 δέ
2134 4482 2183 4532 in
2212 4481 2297 4533 ed.
2668 4510 2675 4523 ο

1923 4550 2033 4619 (11)
2093 4550 2309 4605 Μετόν.
2375 4552 2526 4605 Pass.
2591 4549 2870 4620 μεθεκτὸν.
2934 4546 3093 4603 Juxta
3148 4549 3423 4613 Basiliam,

1855 4620 2014 4688 μετόν
2049 4631 2337 4689 usurpatur
2370 4638 2465 4690 pro
2496 4619 2737 4691 μέτεστι,
2780 4622 2919 4674 sicut
2952 4620 3070 4686 ἐξόν
3101 4636 3194 4688 pro
3226 4619 3422 4691 ἔξεστι,

1853 4693 1903 4742 id
1928 4700 2011 4743 est
2042 4689 2381 4758 participium
2432 4689 2528 4759 pro
2560 4691 2778 4743 indicat.
2822 4691 3185 4759 pra-sentisz
3209 4689 3422 4758 μετὸν,

1852 4761 2044 4828 inquit,
2070 4759 2315 4826 μέτεστι
2354 4758 2625 4831 σημαίνει,
2666 4760 2740 4822 ὡς
2763 4758 2831 4813 τδ
2856 4758 3016 4824 ἐξὸν,
3046 4760 3271 4831 ἔξεστι.

1922 4831 2033 4900 (12)
2066 4832 2252 4895 Τίνος,
2278 4844 2382 4885 etc.
2410 4829 2598 4883 Billius
2629 4844 2643 4882 :
2705 4850 2722 4880 ι
2744 4830 2908 4896 Cujus
2959 4833 3100 4883 enim
3148 4829 3423 4884 Grmcismi

1850 4917 2127 4955 sermones
2154 4902 2323 4955 sunt?
2382 4912 2435 4955 et
2464 4916 2569 4970 quo
2596 4913 2760 4971 pacto
2786 4900 3038 4955 intellecti
3070 4911 3233 4969 atque
3269 4917 3425 4953 usur-

1887 4972 1997 5025 ati?
2025 4992 2042 5022 ι

1887 4988 1957 5025 att
1980 4988 1997 5023 ι
2025 4992 2042 5022 ι

1851 4988 1881 5041 p
1922 5042 2033 5111 (15)
2062 5042 2394 5110 Λεγομένου
2428 5042 2524 5095 καὶ
2552 5042 2906 5109 νοουμένου.
2962 5040 3202 5111 Codices
3242 5040 3423 5111 vulgo.

1852 5109 2261 5183 νοουμένουκαὶ
2287 5112 2600 5184 λεγομένου.
2631 5113 2684 5166 Ιιι
2715 5114 2847 5183 Reg.
2876 5118 2986 5177 bm,
3019 5113 3166 5166 deest
3193 5109 3420 5179 λεγομέ-

1850 5200 1961 5236 νου.

1921 5252 2034 5324 (14)
2071 5252 2278 5306 Ταυτά.
2312 5252 2461 5324 Pa_ss.
2487 5253 2553 5306 τὰ
2592 5254 2750 5307 αὑτά.

1921 5322 2031 5396 (15)
2073 5323 2348 5396 Ἑτέρως.
2374 5322 2524 5396 Pass.
2559 5326 2783 5396 ἑτέροις.

1920 5391 2033 5464 (16)
2079 5391 2473 5464 Τὼνιπρῶτον.
2498 5394 2589 5449 Sic
2612 5391 2716 5446 duo
2739 5395 2896 5464 lteg.,
2926 5393 3019 5449 0r.
3060 5393 3108 5446 1.
3146 5391 3261 5445 Non
3293 5410 3419 5457 pauo

1850 5467 1921 5523 ci.
1952 5464 2204 5536 πρώτων.
2268 5466 2387 5518 Mox
2420 5466 2654 5536 quinque
2690 5466 2864 5534 Regii,
2923 5476 3033 5518 tres
3077 5465 3229 5517 tlolb.
3262 5465 3411 5535 εὑρο-

1854 5534 2047 5606 μένων.
2074 5536 2223 5589 Pass.
2256 5534 2589 5606 εὑραμένωνζ

1923 5606 2032 5676 (17)
2057 5602 2407 5674 Θρησκείὰςζ
2443 5604 2592 5665 Pass.
2636 5606 2783 5660 addit
2829 5605 2984 5658 τοῦτο
3033 5602 3171 5657 εἶναι
3206 5606 3418 5675 φήσεις,

1857 5697 1874 5728 ι
1910 5684 2008 5731 hoc
2024 5692 2144 5731 esse
2172 5679 2393 5732 dixeris.
2420 5696 2437 5729 ι

1924 5748 2032 5817 (18)
2073 5746 2194 5802 Τῶν
2217 5750 2436 5815 ἱερέων.
2472 5748 2604 5801 Tres
2620 5748 2786 5816 Regg.
2821 5756 2870 5799 ct
2903 5743 2997 5799 Or.
3040 5745 3090 5806 1,
3124 5744 3305 5818 ἱερῶν.

1920 5821 2030 5891 (19)
2069 5819 2177 5873 Καὶ
2210 5823 2294 5875 τύ.
2334 5820 2491 5877 Deest
2528 5819 2617 5872 καί
2648 5822 2696 5873 in
2731 5818 3001 5891 plerisque
3024 5832 3153 5871 mss.
