3878 6398
191 341 264 399 su
1103 339 1358 395 ORATIO
1395 342 1485 395 η.
1523 373 1593 384 -—
1629 345 1906 400 CONTRA
1944 347 2291 404 JULIANUM
2331 355 2372 404 l.

3247 361 3352 413 1)ιῖ

153 501 155 510 ,
186 457 257 514 καὶ
292 451 340 505 τὸ
373 448 718 514 κοναὸἰξειν,
750 450 842 504 καὶ
877 451 937 504 τὸ
974 452 1125 521 μῶν,
1171 455 1264 508 καὶ
1292 455 1351 508 τὸ
1375 454 1670 522 δήπουθεν

1804 477 1921 531 qua:
1945 463 2154 517 tandem
2187 465 2299 518 bzec
2327 463 2544 532 partitio
2573 471 2654 517 est
2678 503 2692 527 ,
2730 475 2784 517 ut
2822 467 2935 520 haec
2975 469 3159 532 verba,
3187 487 3351 544 σμερο

186 548 255 600 καὶ
278 544 326 596 τὸ
351 538 502 600 ἅττα,
539 541 631 592 καὶ
657 540 716 592 τὸ
739 541 1102 611 ἀμωσγέπως
1132 539 1269 598 εἶναι
1296 547 1395 618 τῆς
1419 546 1692 603 διαλέκτου

183 639 326 709 μόνης,
349 630 505 684 τᾶλλα
528 630 581 682 δὲ
604 631 712 701 (55)
731 633 1066 704 ἀπερρίφθαι
1088 637 1166 698 εἰς
1195 637 1543 710 Κυνόσαργες
1559 642 1692 712 (36),

179 730 323 795 ὥσπερ
346 721 396 773 τὸ
421 719 583 772 πάλαι
614 723 738 786 τοὺς
762 723 978 789 νόθους;
1009 727 1057 778 εἰ
1087 726 1143 778 δὲ
1169 728 1261 779 καὶ
1286 729 1346 781 τὸ
1367 731 1579 796 εὐτελὲς
1600 733 1692 786 τοῦ

177 818 299 884 λόγου
325 813 404 866 καὶ
433 811 838 867 ἀκαλλώπιστον
857 816 1054 886 ὁμοίως
1080 817 1174 870 τοῦ
1206 819 1527 891 Ἐλληνίζειν
1558 825 1690 887 ἐστὶ,

176 909 214 960 τί
238 907 296 976 μὴ
320 902 398 955 καὶ
433 900 637 956 τούτων
671 905 1020 978 ἀποστερεῖτε
1051 909 1217 978 ἡμᾶς,
1254 912 1347 963 καὶ
1376 912 1690 984 ἁπλῶς(57)

176 999 316 1064 πάσης
347 992 580 1057 Ἑλλάδος
627 997 841 1066 φωνῆς.
883 998 1040 1051 ὁποία
1087 1000 1204 1052 πότ’
1259 1001 1325 1054 ἂν
1358 999 1414 1077 ᾗ,
1473 1005 1565 1056 καὶ
1615 1004 1690 1070 ὡς

175 1088 418 1156 ἀνέχουσα
447 1085 583 1158 τύχῃ
613 1087 753 1156 (58);
787 1087 930 1141 τοῦτ’
970 1090 1035 1142 ἂν
1080 1084 1147 1160 ἦν
1190 1091 1342 1162 ὑμῶν
1382 1094 1688 1168 φιλανθρω-

173 1179 354 1248 πότερον
391 1176 481 1228 καὶ
513 1177 730 1241 τελείως
764 1178 876 1250 (59)
911 1180 1009 1251 τῆς
1042 1182 1308 1251 ἀμουσίας
1350 1185 1448 1254 τῆς
1494 1185 1691 1256 ὑμετέ-

173 1286 263 1340 ρας.

221 1358 334 1424 Pq'.
365 1354 512 1425 Ἔχει
551 1355 660 1428 γὰρ
691 1357 892 1425 οὕτως,
926 1359 1010 1413 ἵνα
1042 1379 1122 1414 σοι
1168 1362 1510 1434 φιλοσοφήσω
1559 1365 1688 1436 περὶ

165 1452 345 1516 τούτων,
378 1450 704 1524 ὑψηλότερον
735 1471 793 1509 τε
829 1455 923 1508 καὶ
960 1455 1282 1526 τελεώτερον
1302 1469 1318 1485 ⁶
1362 1457 1422 1508 Ei
1455 1457 1552 1528 μὲν
1593 1460 1688 1512 καὶ

167 1542 275 1595 θεῖαί
298 1541 426 1604 τινές
455 1543 560 1594 εἰσι
591 1545 764 1612 φωναὶ
795 1545 907 1613 (40)
957 1550 1280 1616 φωνητικοῖς
1314 1547 1562 1618 ὀργάνοις
1593 1549 1686 1600 ὲκ-

165 1636 476 1706 πορευόμεναι
507 1636 638 1706 (ei),
671 1637 765 1689 καὶ
788 1637 878 1690 διὰ
900 1635 992 1690 τοῦ
1018 1638 1178 1709 ἀέρος
1211 1637 1462 1708 χεόμεναί
1489 1655 1546 1691 τε
1576 1638 1684 1709 (49)

164 1730 235 1782 καὶ
261 1730 428 1790 ἀκοαῖς
458 1728 789 1798 εἰσρέουσαι,
819 1728 928 1780 τῶν
959 1729 1241 1800 ἡμετέρων
1277 1731 1555 1801 κρείττους
1593 1731 1685 1783 καὶ

1795 553 2002 618 δαλέον,
2050 554 2374 618 κοναὸίςειν,
2419 554 2554 625 μῶν,
2591 556 2876 627 δήπουθεν,
2920 557 3076 624 ἅττα,
3105 562 3353 634 ἀμωσγέ-

1797 663 1938 709 πως,
1967 645 2133 701 solius
2161 647 2354 714 lingua:
2396 648 2525 708 sint,
2568 650 2770 716 reliqua
2805 662 2984 705 autem
3015 653 3070 707 in
3099 653 3354 722 Cynosar-

1796 736 1913 802 ges,
1948 746 2003 789 ut
2053 735 2179 789 olim
2235 737 2423 806 spurii,
2475 739 2781 810 relegantur
2818 742 2841 796 ?
2879 742 2933 797 Si
2989 756 3169 800 autem
3222 749 3354 803 viles

1803 822 1965 874 etiam
1995 829 2048 876 ct
2083 823 2344 877 inornatm
2369 835 2532 895 atque
2559 829 2890 899 inelegantes
2925 833 3188 890 dictiones
3207 853 3354 907 a'que

1793 910 2065 966 Grazcismi
2091 915 2378 985 sunt,’quin
2403 917 2501 970 has
2532 934 2742 989 quoque
2777 923 2956 989 nobis,
2986 935 3145 995 atque
3169 944 3353 985 omnes

1794 1001 1846 1054 in
1878 1004 2183 1058 universum
2215 1005 2428 1062 Grzccas
2453 1023 2630 1073 voces,
2659 1028 2883 1080 qumque
2929 1018 3142 1072 tandem
3169 1019 3269 1073 illae
3299 1031 3354 1076 et

1791 1092 2187 1164 qualescunque
2228 1098 2370 1159 sint,
2406 1099 2642 1154 adimitis
2677 1103 2700 1155 ?
2733 1105 2832 1157 hoc
2880 1107 3022 1160 enim
3076 1109 3248 1178 majus
3299 1114 3350 1164 in

1791 1184 1944 1238 vobis
1969 1186 2316 1241 humanitatis
2343 1203 2406 1242 ac
2431 1204 2693 1259 suprema:
2725 1195 2947 1252 inscitia:
2977 1214 3350 1270 argumentum

1789 1286 1953 1329 esset.

1861 1364 1992 1421 CVl.
2033 1367 2261 1435 Etenim,
2287 1381 2342 1425 ut
2379 1372 2443 1427 de
2477 1373 2560 1428 his
2591 1375 2750 1431 rebus
2775 1376 2936 1432 altius
2961 1395 3025 1433 ac
3055 1381 3350 1450 perfectius

1788 1467 1965 1514 tecum
1996 1476 2170 1529 agam,
2201 1464 2277 1518 sic
2324 1479 2383 1518 se
2418 1481 2504 1521 res
2550 1468 2710 1522 habet
2750 1485 2764 1522 :
2803 1469 2858 1522 Si
2899 1473 3142 1539 quaedam
3186 1475 3348 1529 etiam

1788 1549 2008 1604 deorum
2045 1565 2203 1606 voces
2240 1563 2402 1621 sunt,
2431 1570 2462 1610 e
2494 1557 2765 1612 vocalibus
2807 1561 3022 1628 organis
3054 1572 3310 1638 ex‘euntcs
3330 1605 3343 1632 ,

1787 1655 1849 1696 ac
1883 1657 1979 1710 per
2007 1658 2186 1698 aerem
2217 1644 2369 1711 fusm,
2402 1649 2729 1717 auribusque
2775 1650 3092 1717 intluentes,
3126 1655 3342 1712 vocibus

1789 1737 1986 1789 nostris
2008 1741 2409 1806 prastautiores
2431 1751 2484 1796 et
2504 1743 2955 1813 signiﬁcantiores
3001 1749 3174 1818 (rideo
3202 1751 3344 1806 enim

161 1818 472 1889 εὐσημότεραι
510 1818 670 1888 (γελῶ
704 1819 812 1890 γὰρ
839 1819 991 1889 ὑμῶν
1035 1819 1144 1871 τῶν
1177 1819 1388 1889 σεμνῶν
1419 1820 1478 1872 τὸ
1501 1821 1663 1874 Μῶλυ

1791 1825 2066 1881 hominum
2094 1829 2559 1898 gravium,quales
2592 1833 2774 1887 haberi
2806 1836 2984 1898 vultis,
3021 1838 3134 1892 lucc
3165 1841 3340 1906 verba,

163 1913 233 1964 καὶ
253 1911 328 1964 τὸν
353 1909 572 1975 Ξάνθον,
596 1911 688 1963 καὶ
709 1911 804 1981 τὴν
831 1910 1112 1978 Χαλκίδα),
1143 1911 1176 1982 ἢ
1208 1910 1294 1962 διὰ
1321 1911 1430 1981 (15)
1461 1911 1682 1982 γυμνῶν

161 2003 364 2074 ἀλλήλοις
396 2003 738 2070 συγγίνονται
768 2002 873 2056 τῶν
903 2002 1117 2056 ἐννοιῶν
1149 2003 1242 2056 καὶ
1278 2003 1385 2055 τῶν
1418 2003 1682 2074 τυπωμά-

157 2115 258 2159 των,
282 2097 367 2166 οὐχ
393 2095 660 2166 ἡμέτερον
686 2095 862 2163 λέγειν
879 2110 895 2125 ⁶
929 2095 989 2147 τὸ
1012 2095 1056 2146 δ’
1085 2090 1176 2148 οὖν
1214 2095 1483 2165 ἡμέτερον
1516 2095 1682 2148 τοιοῦ-

155 2191 222 2242 τόν
244 2191 404 2242 ἐστιν’
445 2185 586 2240 Οὔτε
638 2186 790 2257 φωνὴ
842 2186 949 2240 τῶν
996 2187 1305 2257 εὑρομένων
1358 2187 1514 2257 μόνον
1569 2186 1677 2258 (44)

156 2283 282 2343 ἐπὶν,
312 2279 437 2332 ἀλλᾶ
476 2279 694 2332 πάντων
721 2279 830 2332 τῶν
863 2280 1226 2350 μετεχόντωνο
1257 2277 1378 2332 οὔτε
1406 2280 1565 2351 τέχνη
1597 2298 1680 2342 τις

153 2370 174 2437 ῆ
215 2371 555 2441 ἐπιτήδευσις,
605 2371 670 2441 ἣν
722 2370 787 2423 ἂν
842 2369 1209 2441 ἐνθυμηθῆναι
1257 2369 1518 2442 θελήσῃς·
1563 2371 1676 2425 ἀλλ’

151 2461 297 2533 ὥσπερ
321 2464 372 2514 ἐν
399 2463 641 2533 ἁρμονίᾳ
669 2465 887 2533 τεχνικῇ
918 2480 977 2514 τε
1008 2463 1101 2516 καὶ
1139 2466 1368 2534 μουσικῇ
1395 2464 1551 2526 ἄλλος
1581 2465 1677 2532 μὲν

149 2544 248 2620 ἦχος
273 2551 425 2621 ἄλλης
455 2553 607 2614 τινὲς
633 2552 737 2605 τῶν
768 2553 974 2623 νευρῶν
1005 2553 1430 2623 συντεταμένος,
1471 2555 1505 2624 ἢ
1535 2554 1677 2606 ἀνει-

288 2645 410 2713 (45),
438 2645 622 2697 πάντα
647 2644 702 2697 δὲ
729 2626 832 2698 τοῖί
848 2645 966 2708 ἐνὸς
989 2644 1258 2715 ἁρμοστοῦ
1284 2645 1378 2698 καὶ
1403 2647 1672 2715 τεχνίτου,

147 2731 246 2802 πρὸς
273 2731 324 2785 ἒν
362 2750 412 2785 τι
453 2733 657 2796 κάλλος
694 2733 955 2805 ἁρμονίας
989 2733 1362 2786 συντείνοντα·
1402 2732 1541 2786 οὕτω
1575 2735 1676 2787 κάν

143 2823 308 2888 τούτοις
341 2827 368 2878 ὁ
396 2826 654 2895 τεχνίτης
689 2826 782 2878 καὶ
818 2826 1148 2896 δημιουργὸς
1182 2826 1351 2894 Λόγος
1380 2824 1536 2878 ἄλλον
1578 2825 1675 2894 μὲν

142 2916 269 2986 ἄλλης
310 2918 445 2981 τινὸς
503 2917 896 2988 ἐπιτηδεύσεως
954 2919 986 2989 ἢ
1046 2918 1241 2988 τέχνης
1289 2915 1514 2987 εὑρετὴν
1564 2915 1674 2987 (46)

139 3007 491 3077 προῦστήσατο,
538 3007 713 3060 πάντα
763 3007 819 3060 δὲ
869 3009 948 3071 εἰς
992 3008 1172 3078 μέσον
1221 3005 1501 3078 προῦθηκε
1540 3008 1674 3060 πᾶσι

139 3097 221 3157 τοίς
261 3096 619 3168 βουλομένοις,
673 3095 752 3168 τῷ
816 3097 1116 3168 κοινωνικῷ
1165 3097 1257 3150 καὶ
1308 3095 1673 3170 φιλανθρώπῳ

136 3188 324 3242 σανδέων
353 3190 443 3243 τὸν
474 3189 594 3256 βίον
624 3191 775 3261 ἡμῖν,
807 3190 901 3244 καὶ
935 3191 1102 3244 ποιῶν
1137 3189 1508 3262 ἡμερώτερον.

1783 1916 1944 1988 Moly,
1974 1928 2029 1972 et
2077 1919 2370 1986 Xanthum,
2400 1930 2454 1976 et
2503 1923 2868 1994 Chalcidem),
2903 1936 2995 1980 aut
3043 1944 3138 1997 per
3174 1931 3338 1986 nudas

1782 2011 2140 2077 cogitationes
2173 2023 2227 2066 et
2259 2012 2665 2070 informationes
2708 2019 3088 2073 commercium
3118 2021 3256 2076 inter
3286 2037 3340 2079 se

1783 2100 2001 2165 habent,
2053 2103 2465 2172 haudquaquam
2531 2118 2772 2160 nostrum
2831 2117 2912 2162 est
2967 2111 3339 2178 pronuntiare.

1782 2191 1934 2257 Quod
1960 2203 2138 2248 autem
2166 2195 2231 2248 ad
2264 2211 2363 2248 nos
2393 2196 2608 2262 attinet,
2633 2198 2704 2251 ita
2733 2212 2811 2263 se,
2845 2209 2904 2252 ut
2925 2201 3168 2256 dicturus
3199 2218 3339 2268 sum,

1782 2298 1868 2336 res
1903 2284 2081 2337 habet.
2112 2282 2242 2337 Nam
2279 2300 2374 2340 nec
2403 2301 2500 2339 vox
2533 2290 2904 2343 tantummodo
2932 2305 3115 2346 eormn
3138 2302 3221 2347 est
3249 2295 3339 2363 qui

1780 2385 1897 2424 eam
1933 2371 2275 2436 invenerunt,
2303 2374 2396 2428 sed
2419 2376 2658 2428 omnium
2691 2378 2781 2445 qui
2812 2377 2928 2448 ejus
2963 2388 3088 2433 sunt
3117 2381 3339 2448 partici-

1779 2479 1874 2533 pes
1914 2482 1928 2520 :
1959 2479 2058 2520 nec
2086 2480 2176 2519 ars
2207 2465 2310 2519 ulla
2349 2475 2443 2519 aut
2495 2468 2620 2544 vita:
2646 2469 2877 2522 studium
2913 2478 3074 2539 atque
3122 2472 3336 2527 institu-

1780 2565 1913 2619 tum,
1964 2557 2324 2627 quodcunque
2360 2558 2600 2627 cogitare
2653 2559 2927 2624 volueris;
2967 2563 3094 2630 quin
3135 2564 3332 2633 potius,

1776 2649 2225 2719 quemadmodum
2270 2652 2323 2704 in
2365 2661 2626 2706 concentu
2683 2652 2975 2708 artiﬁcioso
3017 2663 3072 2709 et
3110 2656 3336 2717 musico.

1777 2737 1879 2790 alia
1911 2737 2126 2806 quidem
2158 2737 2359 2792 chorda
2387 2739 2550 2793 alium
2581 2753 2771 2795 sonum
2803 2741 2932 2806 edit,
2958 2753 3115 2811 prout
3147 2744 3337 2798 videl'w

1775 2836 1882 2890 cet,
1917 2827 1996 2880 vel
2027 2829 2391 2891 contenditur,
2422 2829 2505 2882 vel
2533 2831 2846 2896 remittitur,
2877 2844 3130 2888 cazterum
3157 2849 3336 2889 omnia

1776 2919 1935 2970 unius
1972 2915 2318 2984 ejusdemque
2358 2928 2482 2971 sunt
2535 2919 2937 2976 concinnatoris
2981 2932 3036 2978 et
3089 2925 3335 2987 artificis,

1775 3016 1934 3076 atque
1961 3009 2026 3060 ad
2063 3024 2222 3062 unam
2256 3010 2542 3078 quamdam
2573 3022 2866 3068 concentus
2902 3014 3222 3086 elegantiam
3255 3033 3336 3071 re-

1777 3096 2022 3153 feruntur
2054 3119 2068 3154 :
2097 3101 2160 3154 ad
2189 3101 2434 3155 eumdem
2467 3105 2679 3157 modum
2710 3104 2762 3158 in
2793 3106 2876 3160 his
2903 3123 3115 3177 quoque
3146 3110 3327 3173 rebus,

1697 3180 1739 3237 C
1775 3189 1899 3243 licet.
1931 3206 2108 3245 rerum
2131 3193 2325 3247 artifex
2358 3207 2420 3248 ac
2445 3196 2691 3250 conditor
2714 3195 2968 3261 Verbum,
2999 3198 3159 3252 alium
3188 3200 3326 3254 alius

138 3280 388 3348 cuiuspiam
426 3283 667 3337 instituti
725 3281 806 3336 vel
864 3283 995 3337 artis
1031 3284 1364 3337 inventorem
1414 3281 1657 3352 elegerit,
1684 3283 1863 3340 omnia
1924 3294 2101 3336 tamen
2164 3284 2414 3338 omnibus
2463 3287 2516 3340 in
2551 3287 2781 3342 medium
2814 3288 3110 3357 proposuit,
3140 3291 3326 3345 utsci~

137 3366 237 3422 licet
264 3384 351 3438 per
419 3371 738 3425 societatem
779 3379 834 3425 et
877 3369 1418 3426 communicationem
1461 3385 1525 3424 ac
1566 3371 1980 3441 benignitatem,
2012 3372 2173 3428 veluti
2229 3376 2546 3446 quibusdam
2601 3379 2825 3434 vinculis
2881 3381 3042 3434 vitam
3087 3389 3327 3436 nostram

137 3462 412 3532 astringeret
435 3479 500 3519 ac
540 3463 811 3518 mitiorem
842 3464 1110 3519 redderet.

184 3552 285 3606 PZ'.
324 3554 423 3606 Σὸν
458 3554 522 3606 τὸ
563 3552 928 3624 Ἐλληνίζειν;
961 3553 1078 3607 εἰπέ
1114 3571 1233 3626 μοι*
1257 3555 1309 3608 τί
1337 3554 1424 3620 δέ;
1458 3554 1518 3608 οὐ
1549 3555 1665 3608 Φοιι

134 3641 261 3695 νίκων
283 3644 344 3696 τὰ
363 3646 707 3718 γράμματα;
733 3647 808 3710 ὼς
835 3646 891 3698 δέ
922 3663 1084 3711 τινες,
1116 3647 1430 3716 Αἰγυπτίων
1454 3663 1468 3712 ;
1496 3647 1528 3716 ἢ
1558 3645 1666 3698 τῶν

132 3735 191 3786 ἔτι
229 3736 420 3790 τούτων
487 3738 814 3810 σοφωτέρων
882 3738 1180 3810 Ἐϐραίων;
1240 3737 1289 3790 οἳ
1343 3738 1439 3791 καὶ
1504 3737 1667 3802 πλαξὶ

132 3825 472 3900 ϐεοχαράκτοις
537 3830 879 3902 ἐγγραφῆναι
942 3830 1052 3903 (47)
1122 3830 1212 3884 τὸν
1282 3829 1444 3899 νόμον
1514 3828 1666 3899 παρὰ

129 4090 233 4138 πως.
272 4076 525 4144 «partim,
564 4075 976 4144 quadamtenus.
1008 4092 1027 4126 ι
1067 4073 1254 4129 Billius
1289 4073 1340 4127 in
1369 4072 1484 4127 haec
1504 4072 1665 4144 verba

125 4142 339 4198 observat
383 4142 716 4212 (iregorium
763 4145 877 4198 hmo
943 4155 1239 4198 mutuatum
1273 4144 1444 4196 videri
1474 4160 1502 4195 a
1559 4142 1666 4196 Lu-

127 4215 271 4279 ciano,
298 4217 384 4268 “lli
429 4217 526 4270 lib.
565 4215 644 4268 De
699 4215 950 4268 ccnscrib.
1003 4214 1127 4268 hist.
1152 4213 1448 4268 salsissime
1474 4213 1664 4267 irridet

124 4282 479 4352 ineptissimum
515 4284 789 4338 hominem
826 4283 1296 4352 sesquipedalium,
1325 4283 1657 4336 exoletorum

127 4365 168 4404 et
213 4355 740 4408 lleinosthenicorum
791 4355 1078 4407 verborum
1121 4353 1508 4418 aﬂectatorem,
1567 4353 1660 4421 qui

123 4423 200 4492 sibi
223 4426 460 4478 facundia
500 4425 913 4478 Demosthenem
941 4438 1157 4492 aequare
1179 4423 1477 4487 videbatur,
1512 4423 1655 4492 quod

120 4491 233 4546 illius
258 4495 429 4548 verbis
460 4505 726 4548 uteretur.

173 4563 267 4631 (55)
304 4564 508 4618 ﬂuxa
535 4564 624 4628 δέ,
649 4575 754 4618 etc.
785 4581 806 4615 ε
836 4561 1055 4616 Ceterae
1091 4576 1218 4617 vero
1244 4560 1507 4617 dictiones
1533 4560 1659 4632 reji-

117 4629 297 4704 ciantur
322 4645 374 4687 et
405 4652 505 4704 pro
534 4634 737 4702 spuriis
768 4633 1090 4704 habeantur.
1115 4651 1134 4684 ι

171 4701 708 4773 (36)Κυν³όσαργες.
768 4702 940 4756 Locus
971 4711 1091 4756 erat
1134 4701 1357 4758 Athenis
1382 4701 1653 4773 ignobilis,

115 4769 157 4822 in
176 4769 317 4837 quem
351 4775 526 4840 spurii
544 4769 1002 4842 'conjiciebantur.

169 4842 264 4910 (57)
285 4845 394 4896 Καὶ
417 4841 821 4908 mammonae
867 4851 1165 4912 sequuntur
1210 4855 1380 4910 usque
1429 4841 1495 4894 ad
1546 4842 1659 4897 haec

113 4914 264 5032 Vflillla,
294 4915 449 4984 Ἔχει
475 4914 613 4984 γάρ,
643 4913 832 4966 desunt
853 4912 906 4966 in
929 4913 1060 4982 licg.
1084 4913 1176 4976 hu,
1201 4923 1257 4967 et
1286 4917 1337 4966 iu
1378 4913 1505 4967 edit.
1535 4914 1654 4967 Ald.

113 4994 136 5030 ε
216 4996 286 5032 er.

111 4987 154 5030 et
176 4987 286 5034 ller.

170 5049 266 5122 (58)
298 5053 480 5122 Τύχῃ.
520 5050 677 5107 Colb.
707 5053 760 5114 5,
785 5051 1062 5122 etComb.
1091 5050 1264 5122 τύχοι.

164 5121 260 5190 (ᾆθ)
291 5121 566 5188 Τελειως.
597 5121 759 5175 Savil.
791 5121 1083 5183 τελείωσις.

165 5187 264 5260 (40)
291 5196 360 5246 Ei
382 5194 508 5262 μὲν
540 5191 642 5246 καὶ
670 5191 817 5245 θεῖαι
849 5190 1006 5256 τινές
1041 5193 1159 5250 εισι
1192 5190 1402 5260 φωναί,
1429 5198 1534 5262 etc.
1561 5188 1654 5246 Hic

108 5259 263 5324 poetas
289 5279 351 5316 ac
379 5259 662 5332 pracipue
712 5263 1023 5324 Homerum,
1072 5259 1312 5332 aliosque
1352 5259 1651 5332 fabularum

109 5327 498 5402 ainatores,'qui
537 5327 649 5402 diis
684 5346 845 5386 voces
874 5327 1259 5402 attribuebttnt,
1291 5331 1478 5402 irridet
1519 5327 1654 5384 Gre-

108 5399 280 5462 gorius.
333 5400 394 5455 lu
422 5399 747 5471 exemplum
778 5399 980 5471 profert
1022 5402 1280 5469 quasdam
1312 5400 1542 5471 deorum
1563 5415 1654 5453 vo-

107 5480 197 5540 ces,
219 5487 349 5538 quas
377 5474 498 5540 ipse
540 5465 802 5525 Homerus
833 5470 1008 5533 ﬁnxit,
1039 5465 1246 5539 nempe
1271 5488 1290 5521 ι
1319 5465 1651 5540 Μοιγηξςοιι-

109 5537 308 5594 ιιιωιιει
335 5537 682 5604 Chalcidem,
728 5555 956 5609 quarum
983 5537 1180 5607 prima,
1209 5558 1254 5609 »γ
1286 5537 1459 5607 inquit
1485 5538 1647 5604 Elias,

110 5618 126 5652 ι
152 5609 287 5680 radix
306 5611 498 5678 stirpis
529 5608 980 5680 cujusdamuest,
1012 5609 1198 5680 altera,
1232 5608 1448 5672 ﬂuvius,
1495 5610 1647 5662 tertia

107 5678 218 5748 avis.
241 5681 322 5733 bis
343 5677 533 5734 verbis
565 5677 720 5736 uiens
754 5699 767 5734 :
806 5677 944 5748 Moly
969 5678 1106 5732 hanc
1129 5679 1202 5733 dii
1223 5688 1416 5732 vocant
1445 5695 1459 5731 :
1490 5690 1648 5744 quem

108 5739 352 5804 Xanthum
381 5751 459 5806 dii
482 5761 705 5813 vocant.
743 5739 984 5805 homines
1009 5758 1187 5804 autem
1215 5739 1642 5805 Scamandrum:

1849 3551 2008 3622 136
2037 3550 2191 3606 CVII.
2218 3551 2316 3609 Dic
2353 3554 2484 3608 mihi
2522 3573 2534 3608 :
2569 3564 2713 3608 tuum
2753 3565 2834 3610 est
2879 3557 3110 3612 Graecari
3140 3559 3162 3611 ?
3191 3557 3329 3624 Quid

1772 3653 1948 3698 autem
1978 3642 2001 3696 ?
2033 3641 2217 3696 Nonne
2251 3643 2560 3699 Phoenicum
2596 3653 2720 3700 sunt
2743 3647 2954 3712 littera},
2974 3645 3076 3710 vel,
3109 3657 3165 3700 ut
3199 3662 3331 3701 n0n-

1772 3734 1930 3790 nullis
1973 3733 2168 3804 placet,
2216 3734 2615 3806 Egyptiorum,
2665 3747 2755 3792 aut
2789 3739 2871 3791 bis
2907 3739 3079 3793 adhuc
3114 3739 3324 3807 sapien-

1771 3826 1968 3882 tiorum
2014 3825 2385 3892 Hebraeorum,
2423 3827 2514 3898 qui
2552 3829 2714 3882 etiam
2764 3827 2934 3897 legem
2969 3829 3020 3883 iu
3064 3830 3261 3885 tabulis
3295 3845 3326 3884 a

1765 4069 2071 4144 Chalcidem
2099 4071 2170 4126 dii
2200 4082 2411 4144 vocant,
2456 4073 2701 4128 homines
2745 4084 2924 4127 autem
2971 4072 3318 4144 Cymindinn

1763 4152 1868 4214 etc.
1914 4141 2036 4196 Haec
2063 4152 2146 4196 est
2173 4157 2302 4214 ergo
2327 4143 2856 4214 Gregoriiisententia
2890 4161 2930 4210 ,ι
2980 4141 3026 4198 si
3057 4159 3176 4213 quae
3201 4154 3325 4198 sunt

1763 4213 1987 4266 deorum
2002 4227 2190 4283 voces,
2237 4223 2294 4266 ut
2321 4213 2551 4283 nugatur
2578 4213 2860 4280 Homerus,
2891 4227 3065 4267 meum
3103 4229 3207 4268 non
3237 4225 3322 4269 est

1761 4282 2128 4349 pronuntiare.
2163 4284 2312 4347 Quod
2354 4282 2529 4337 autem
2567 4284 2633 4336 ad
2669 4285 2916 4338 homines
2947 4283 3197 4352 pertinet,
3225 4299 3323 4339 nec

1759 4363 1887 4423 vos,
1935 4365 2033 4423 nec
2065 4367 2155 4423 ars
2181 4353 2283 4406 ulla
2318 4354 2634 4422 cujusquam
2686 4353 2898 4423 propria
2922 4363 3024 4419 est,
3049 4354 3144 4407 sed
3169 4354 3323 4407 cuili-

1762 4419 2085 4491 hetvolenti
2125 4424 2190 4476 ad
2217 4419 2542 4490 usum‘mque
2563 4419 2728 4491 patet.

1833 4490 1943 4562 (11)
1977 4489 2485 4562 Ἑκπορευόμεναι.
2509 4561 2513 4562 ν
2537 4489 2611 4546 lia
2655 4493 2785 4562 lteg.
2816 4490 2853 4556 l,
2908 4489 3132 4562 Colb.5,
3166 4489 3317 4547 Pass.

1760 4567 1815 4614 et
1840 4559 2027 4630 nemo.
2063 4561 2201 4614 Edtti
2226 4559 2353 4616 vero
2389 4573 2443 4614 et
2470 4561 2646 4630 plures
2668 4559 3210 4630 ιιιέε..ὲκπορεύεται.

1853 4629 1943 4697 42)
1971 4631 2256 4698 Χεόμεναί
2282 4648 2362 4684 τε.
2387 4629 2479 4684 Sic
2507 4631 2654 4686 Pass.
2686 4634 2842 4686 Deest
2870 4647 2930 4684 τε
2965 4629 3016 4682 in
3055 4633 3183 4685 edit.

1860 4699 1946 4768 45)
1979 4701 2046 4754 Ἠ
2070 4699 2186 4754 διά.
2217 4701 2306 4754 Sic
2352 4700 2526 4754 Oxon.
2573 4703 2814 4770 hancque
2839 4700 3118 4770 lectionem
3155 4702 3316 4754 verba

1757 4769 2002 4836 praxime
2025 4771 2302 4838 sequentia
2345 4772 2632 4838 postulant.
2666 4769 3089 4840 qu’aim'isediti,
3124 4779 3178 4823 et
3203 4786 3321 4824 om-

1759 4855 1855 4893 nes
1886 4853 2021 4906 quos
2043 4840 2274 4894 vidimus
2299 4843 2512 4894 codiu-es
2544 4839 2800 4902 habeant,
2833 4839 2882 4892 οἳ
2908 4839 3016 4892 διά.

1829 4908 1941 4982 (44)
1962 4909 2313 4982 Epipoer
2335 4909 2544 4982 μόνον.
2588 4912 2749 4982 liegg.
2776 4911 2886 4973 bm,
2914 4923 3051 4982 q,_y,
3076 4907 3317 4982 εὑραμέο

1755 4977 1882 5033 νων.
1918 4977 2024 5032 Alii
2053 4977 2158 5034 duo
2187 4977 2378 5050 lieggl,
2407 4978 2606 5051 μόνων.
2645 4977 2941 5050 Utrumque
2971 4977 3174 5034 Savilio
3205 4977 3317 5050 pla-

1756 5061 1862 5104 cet.

1826 5118 1938 5190 (45)
1957 5117 2415 5188 Συντεταμένος,
2445 5119 2484 5189 ἢ
2507 5117 2952 5190 ἀνειμένοςηιιει
3000 5131 3190 5174 omnes
3221 5133 3318 5172 co-

1753 5188 1925 5253 dices,
1963 5192 2162 5243 fatente
2192 5191 2356 5260 ltlont.
2394 5207 2483 5260 qm
2526 5188 2700 5244 tamen
2756 5189 2957 5260 mallet,
2991 5190 3316 5260 συντεταμέ-

1753 5274 1870 5328 νηςν
1899 5267 2028 5323 etc.,
2059 5261 2153 5314 sed
2177 5259 2396 5327 perinde
2414 5259 2633 5327 dicitur,
2667 5279 2684 5311 I
2715 5275 2879 5314 sonus
2910 5259 3152 5314 intensus
3174 5278 3193 5312 ι
3222 5259 3316 5312 aut

1757 5345 1776 5377 ‹
1808 5329 2084 5393 remissus,
2114 5347 2133 5381 ι
2195 5339 2253 5382 ut
2302 5347 2322 5380 ι
2349 5331 2548 5386 chorda
2618 5334 2826 5386 inteusa
2855 5348 2875 5381 ι
2936 5339 3028 5384 aut
3080 5346 3098 5380 ι
3125 5329 3314 5383 remis-

1750 5410 1828 5451 ὅτι.
1861 5416 1878 5448 ι

1822 5467 2244 5538 (46)Εῠρετήν.
2312 5468 2568 5526 Mendose
2624 5471 2674 5526 in
2726 5468 2884 5526 llerv.
2927 5469 3146 5541 ἀρετήν.
3187 5466 3312 5541 Qua:

1753 5535 1922 5616 lectio
1962 5535 2264 5616 nullatenus
2310 5541 2524 5596 defendi
2594 5551 2788 5611 potest,
2816 5535 3105 5616 (quidquid
3165 5538 3310 5594 dicat

1749 5605 1795 5658 Μ
1806 5608 2128 5661 ontacutitts.

1821 5676 1930 5747 (47)
1953 5676 2379 5746 Θεοχαράκτοις
2405 5677 2787 5750 ἐγγραφῆναι.
2829 5679 3031 5748 Malim,
3068 5696 3088 5732 ι
3117 5676 3307 5736 divinis

1748 5746 2146 5804 characteribus
2169 5746 2466 5805 exaratam.
2483 5746 2514 5801 ἲ
