3824 6522
574 397 684 452 ωδ

1806 391 1863 446 s.
1901 389 2244 451 GREGORII
2285 384 2637 448 THEOLOGI
3694 407 3768 464 οη

578 510 692 563 Deo
719 506 1031 574 inscriptam
1069 519 1187 560 esse
1229 519 1546 574 persuasum
1582 504 1826 560 habent?
1855 503 2026 560 Tuum
2055 505 2142 559 At-

2257 503 2392 559 Θεοῦ
2438 492 2934 576 (48)’πιστεύουσι;
2972 503 3068 557 Σὺν
3101 502 3168 556 τδ
3219 503 3563 577 Ἀττικίζειν;
3592 514 3652 568 Τδ
3677 536 3768 574 πετ,

578 603 684 654 tice
713 599 859 669 loqui
887 599 910 652 ἲ
939 597 1077 664 Quid
1101 598 1125 650 ’ί
1155 597 1388 652 Calculis
1413 597 1510 661 uti,
1549 606 1605 651 et
1642 611 1952 664 numerare,
1987 608 2041 652 et
2061 599 2144 652 di-

576 691 702 760 gitis
756 699 1066 760 supputare,
1119 703 1386 742 mensura:
1419 689 1546 743 item
1593 696 1648 742 et
1695 689 1956 758 pondera,
1984 699 2146 756 atque

576 788 702 832 ante
731 777 846 832 lucc
879 778 1040 832 etiam
1070 761 1203 830 aciei
1237 777 1524 830 instructio
1553 787 1608 831 et
1633 791 1718 832 res
1747 777 2017 842 militaris,
2055 794 2147 833 cu-

570 871 660 940 jus
690 871 861 925 snnt?
893 884 1069 924 nonne
1100 867 1428 925 Eubmorum
1460 871 1549 924 ?si
1574 871 1733 926 modo
1768 871 2006 926 Eubmus
2031 881 2147 926 erat

575 964 664 1018 ille
695 962 982 1017 multarum
1021 976 1202 1014 rerum
1249 961 1498 1016 inventor
1541 961 1878 1028 Palamedes,
1917 962 2150 1017 invidia-

573 1070 678 1120 que
702 1056 769 1109 ob
797 1054 847 1108 id
884 1053 1180 1123 impetitus,
1221 1063 1382 1122 alque
1421 1053 1556 1109 adeo
1589 1055 1641 1108 in
1677 1054 1937 1126 judicium
1964 1057 2032 1110 ob
2061 1071 2148 1108 sa-

571 1147 834 1216 pientiam
860 1155 1102 1208 vocatus,
1141 1143 1208 1198 ab
1242 1133 1416 1214 iisque
1449 1145 1540 1214 qui
1588 1147 1847 1208 adversus
1874 1145 2025 1198 Ilium
2055 1161 2148 1199 ex-

571 1236 899 1306 peditionem
951 1244 1322 1304 susceperant,
1355 1244 1529 1289 morte
1553 1235 1810 1290 multatus
1840 1233 2019 1300 ?Quid
2044 1233 2147 1302 igi-

573 1329 702 1381 tur?
733 1327 788 1381 Si
843 1325 1108 1398 Aigyptii,
1156 1335 1210 1379 et
1257 1325 1568 1390 thnices,
1596 1337 1652 1380 et
1687 1325 1920 1390 Hebraei,
1953 1325 2146 1394 quibus

573 1419 641 1472 ad
675 1418 1032 1472 eruditionem
1093 1425 1332 1470 nostram
1386 1419 1609 1488 utimur,
1655 1419 1699 1472 si
1755 1416 1845 1486 qui
1886 1416 2144 1472 Euboeam

575 1510 804 1564 insulam
831 1510 1093 1573 incolunt,
1114 1510 1248 1572 haec,
1275 1520 1526 1579 tanquam
1553 1525 1670 1572 sua,
1693 1507 1842 1578 juxta
1883 1519 1968 1562 tua
2001 1509 2146 1577 prin-

570 1603 736 1672 cipia,
774 1602 1129 1666 vindicarint,
1159 1601 1284 1671 quid
1321 1601 1580 1656 faciemus
1611 1600 1634 1653 ?
1661 1601 1750 1653 aut
1786 1600 1914 1669 quid
1943 1601 2007 1654 ad
2052 1616 2144 1656 eos

569 1693 872 1749 causiﬁcari
912 1693 1226 1762 pOterimus,
1262 1693 1575 1746 nostrismet
1605 1691 1813 1762 legibus
1868 1690 2009 1760 capti
2063 1701 2144 1744 at-

569 1800 676 1854 que
703 1785 983 1840 constricti
1006 1785 1028 1838 ?
1048 1784 1232 1837 Nonne
1261 1799 1359 1838 nos
1389 1783 1608 1837 omnino
1631 1783 1714 1837 his
1743 1783 1905 1837 rebus
1943 1784 2144 1852 privari

2245 596 2425 649 στεύειν
2461 595 2572 666 (49)
2603 595 2662 648 δὲ
2708 595 2804 648 καὶ
2833 595 3107 668 ἀριθμεῖν,
3159 597 3258 650 καὶ
3291 599 3583 668 λογίζεσθαι
3621 607 3766 662 δακτύ-

2247 686 2392 749 λοις,
2424 685 2599 757 μέτρα
2631 702 2691 737 τε
2734 685 2826 740 καὶ
2858 684 3092 756 σταθμὰ,
3131 687 3230 738 καὶ
3261 685 3342 738 ἔτι
3373 689 3475 758 πρὸ
3513 691 3700 758 τούτων,
3722 705 3768 752 τὰ

2245 777 2480 830 τακτικὰ
2509 777 2604 830 καὶ
2632 776 2926 846 πολεμικὰ,
2957 778 3099 841 τίνος
3133 778 3287 848 (50);
3319 779 3417 832 οὐκ
3447 781 3694 850 Εὑδοέων;
3718 791 3768 839 εῖ-

2247 887 2352 942 περ
2373 870 2629 940 δΕὐϐοεὺς
2673 871 2702 922 ὁ
2746 869 3096 942 Παλαμήδης,
3131 872 3162 923 ὁ
3208 870 3422 924 πολλῶν
3468 874 3678 948 εὑρετὴς,
3705 880 3770 934 καὶ

2247 963 2344 1016 διὰ
2374 962 2534 1015 τοῦτο
2575 961 2884 1031 ἐπίφθονος,
2915 963 3010 1015 καὶ
3058 962 3249 1032 μέντοι
3304 964 3397 1016 καὶ
3427 964 3569 1029 δίκας
3600 968 3681 1037 τῆς
3706 988 3770 1023 σο.

2252 1054 2379 1124 φίας
2427 1053 2774 1124 ἀπαιτηθεὶς,
2823 1055 2920 1108 καὶ
2965 1054 3485 1125 κατακριθεὶςποῖς
3529 1059 3611 1111 ἐπὶ
3655 1061 3769 1116 Ἰλίου

2249 1145 2649 1217 στρατεύσασις
2701 1145 2768 1199 Τί
2805 1142 2932 1212 οὖν;
2965 1145 3031 1200 ἂν
3062 1145 3396 1216 Αἰγύπτιοι,
3431 1150 3521 1202 καὶ
3560 1151 3767 1218 Φοίνικες,

2258 1240 2498 1313 Ἐϐραῖοί
2526 1257 2607 1302 τε,
2637 1235 2720 1303 οἷς
2758 1241 2921 1310 ἡμεῖς
2939 1239 3325 1311 πυγχρὼμεθα
3351 1240 3484 1311 πρὸς
3512 1242 3598 1313 τὴν
3617 1243 3768 1315 ήμετέ.

2251 1349 2350 1403 ραν
2393 1331 2705 1392 παίδευσιν,
2741 1331 2794 1383 τί
2841 1330 2884 1384 δ’
2935 1331 3002 1384 ἂν
3037 1334 3085 1384 οί
3123 1331 3230 1403 τὴν
3263 1333 3423 1403 νῆσον
3461 1333 3647 1404 ἔχοντες
3687 1338 3766 1409 (SI)

2247 1422 2477 1476 Εὔϐοιαν
2506 1421 2925 1493 μεταποιοῦνται
2956 1424 3067 1493 (52)
3103 1423 3318 1477 τούτων
3347 1425 3422 1488 ὡς
3452 1426 3617 1491 αὐτοῖς
3634 1428 3768 1497 διαφε-

2251 1515 2471 1586 ρόντων,
2501 1515 2642 1568 κατὰ
2668 1513 2769 1577 τὰς
2810 1513 2911 1577 σὰς
2942 1515 3254 1580 ὑποθέσεις,
3287 1515 3342 1568 τί
3373 1517 3649 1588 cipimus»);
3677 1521 3700 1589 ἢ
3724 1520 3764 1572 τί

2245 1608 2767 1680 δικαιολογησάμεθα
2811 1608 2950 1680 πρὸς
2981 1609 3180 1672 αὐτοὺς
3201 1649 3216 1672 ,
3254 1613 3366 1674 τοῖς
3403 1611 3606 1674 οἰκείοις
3641 1613 3763 1664 ἑαλω-

2246 1699 2400 1762 κότες
2437 1697 2661 1769 νόμοις;
2707 1699 2777 1751 Ἢ
2821 1701 2970 1752 πᾶσα
3022 1699 3314 1771 στέρεσθαι
3348 1699 3542 1753 τούτων
3581 1702 3756 1772 ἀνάγκη.

2247 1792 2423 1845 καὶτὸ
2448 1790 2542 1844 τοῦ
2571 1791 2779 1844 κολοιοῦ
2825 1792 3056 1862 πάσχειν
3089 1792 3230 1862 (55),
3271 1795 3507 1863 γυμνοὺς
3532 1789 3646 1846 εἶναι
3683 1794 3759 1848 τῶν

569 1891 794 1933 necesse
821 1875 948 1940 erit,
981 1875 1241 1942 nobisque
1280 1875 1419 1927 idem
1453 1874 1596 1941 quod
1632 1871 1872 1942 graculo,
1901 1872 2138 1932 evenire,

2248 1881 2538 1954 ἀλλοτρίων
2570 1881 3016 1953 περιαιρεθέντας
3058 1883 3284 1956 πτερῶν
3322 1883 3432 1956 (54)
3463 1885 3549 1938 καὶ
3574 1885 3757 1955 ἀσχήμο-

569 1967 675 2023 hoc
702 1955 807 2033 est,
839 1977 897 2020 ut
935 1965 1123 2020 alienis
1151 1965 1345 2036 plumis
1387 1965 1544 2020 nobis
1575 1963 1850 2028 detractis,
1886 1963 2012 2018 nudi
2038 1962 2140 2033 ipsi

567 2074 633 2115 ac
658 2069 838 2129 turpes
878 2059 1047 2113 simus
1070 2059 1094 2111 ?

637 2149 818 2206 CVIII.
843 2149 954 2204 Tua
1003 2159 1130 2204 sunt
1163 2148 1453 2219 poemata?
1490 2146 1626 2214 Quid
1675 2155 1854 2200 autem
1880 2145 2006 2200 ?An
2035 2160 2142 2200 non

567 2247 748 2315 potius
785 2257 922 2296 anus
976 2240 1144 2307 illius,
1175 2255 1295 2310 qua:
1343 2255 1464 2293 cum
1520 2239 1740 2308 quidam
1793 2237 2145 2292 concitatiore

567 2351 756 2407 gressu
783 2349 850 2389 ex
887 2334 1116 2388 adverso
1161 2331 1436 2396 incedens,
1486 2330 1652 2398 ipsius
1684 2329 1966 2384 humerum
2014 2343 2143 2382 con-

567 2429 848 2492 cussisset,
887 2425 966 2480 sic
1009 2424 1154 2478 enim
1209 2433 1456 2486 narrant,
1511 2423 1732 2490 ipsaque
1782 2430 1966 2490 postea
2019 2436 2141 2475 enm

566 2517 826 2573 conviciis
882 2517 1207 2578 incesseret,
1252 2514 1486 2582 impetus
1535 2512 1872 2567 vehementia
1928 2527 2142 2567 carmen

566 2606 786 2672 cﬂ'udit;
828 2605 972 2674 quod
1006 2603 1328 2671 cumjuvcni
1362 2603 1516 2658 valde
1540 2603 1831 2666 arrisisset,
1862 2613 2023 2672 atque
2056 2619 2146 2657 ac-

567 2696 810 2751 curatius
839 2697 894 2750 in
922 2710 1176 2749 numeros
1199 2695 1487 2749 astrictum
1522 2694 1737 2757 fuisset,
1774 2695 2141 2750 admirabilem

570 2788 666 2842 tibi
691 2788 831 2841 hanc
859 2786 1063 2856 poesim
1095 2787 1300 2841 creavit
1324 2786 1347 2839 ?
1369 2787 1506 2853 Quid
1541 2787 1606 2840 de
1630 2786 1877 2841 caeteris?
1904 2786 1961 2842 Si
1997 2788 2142 2842 enim

567 2878 639 2933 ob
665 2894 813 2932 arma
863 2877 1131 2947 gloriaris,
1162 2892 1189 2928 a
1237 2862 1433 2946 quibus
1467 2877 1716 2941 tandem,
1760 2892 1794 2931 o
1828 2877 2142 2942 fortissime,

567 2986 720 3024 arma
744 2969 841 3023 tibi
873 2968 1279 3023 venerunt?An
1317 2984 1421 3023 non
1447 2984 1476 3022 a
1503 2969 1849 3039 Cyclopibus,
1886 2985 1914 3024 a
1951 2969 2145 3039 quibus

567 3075 658 3114 ars
688 3058 913 3112 ferraria
950 3067 1074 3112 nata
1097 3058 1224 3113 est?
1247 3057 1302 3113 Si
1338 3069 1515 3114 autem
1542 3076 1731 3129 magna
1763 3061 2007 3129 quaadam
2035 3077 2142 3128 res,

568 3151 676 3204 imo
698 3149 936 3206 omnium
991 3151 1249 3215 maxima,
1290 3151 1386 3205 tibi
1421 3166 1655 3221 purpura
1687 3152 1918 3217 videtur,
1945 3167 2008 3206 ex
2039 3167 2143 3222 qua

569 3253 623 3297 tu
655 3241 872 3312 sapiens
915 3242 1156 3308 evasisti,
1184 3253 1345 3313 atque
1376 3243 1680 3310 hujusmodi
1714 3242 1889 3312 legum
1915 3245 2144 3315 promnl-
2170 3233 2215 3295 C

568 3346 721 3404 gator
753 3377 767 3400 ,
798 3335 928 3405 quid
965 3334 988 3388 ?
1019 3349 1145 3389 num
1200 3351 1318 3390 eam
1369 3336 1552 3404 Tyriis
1587 3337 1830 3406 abjicies,
1867 3354 1894 3390 a
1946 3337 2143 3406 quibus

568 3426 862 3494 pastoralis
891 3426 980 3482 ille
1016 3427 1169 3482 canis
1223 3428 1444 3497 prodiit,
1475 3429 1564 3497 qui
1593 3443 1758 3483 exeso
1807 3428 2032 3492 murice,
2065 3429 2144 3482 la-

567 3518 780 3587 biisque
804 3532 996 3572 cruore
1035 3518 1290 3588 perfusis,
1323 3521 1525 3588 pastori
1564 3519 1749 3576 ﬂorem
1781 3520 2056 3586 indicavit,
2079 3536 2144 3577 ac

568 3626 667 3680 per
693 3626 787 3665 eos
811 3611 964 3666 vobis
992 3611 1412 3680 imperatoribus
1441 3628 1676 3684 pannum
1711 3613 1856 3665 illum
1885 3613 2144 3682 improbis

567 3701 876 3756 luctuosum
908 3709 962 3756 et
1014 3704 1305 3770 superbum
1361 3701 1778 3771 porrexit‘ljam
1837 3716 1966 3756 vero
2012 3703 2143 3771 quid

568 3792 764 3846 dicturi
796 3807 1003 3856 sumus,
1035 3793 1078 3846 si
1117 3794 1185 3847 ah
1219 3794 1548 3863 agricultura
1585 3795 1906 3864 naviumque
1933 3804 2144 3849 exstru-

569 3886 748 3940 ctione
769 3885 1128 3939 Atheuienses
1158 3899 1261 3938 nos
1303 3897 1543 3951 arceant,
1569 3885 1816 3950 Cereres,
1853 3895 1906 3940 et
1932 3885 2144 3956 Tripto-

569 3977 758 4040 lemos,
797 3985 853 4031 et
881 3979 1145 4031 dracones
1188 3976 1342 4046 137
1376 3988 1885 4041 commemorantes,
1919 3991 1982 4029 ac
2008 3992 2145 4046 pra:-

572 4077 717 4121 terea
741 4064 949 4134 Celeos,
983 4077 1038 4120 et
1064 4066 1287 4133 Icarios,
1339 4081 1660 4136 onmemque
1697 4069 1746 4120 in
1785 4067 1902 4122 istis
1927 4068 2142 4138 mytho-

571 4158 788 4229 Iogiam,
817 4173 935 4227 qua:
964 4159 1126 4213 etiam
1179 4160 1330 4214 vobis
1363 4174 1450 4213 res
1481 4159 1612 4214 istas
1642 4160 1785 4228 turpi
1826 4169 1880 4214 et
1909 4162 2143 4214 obsceno

568 4250 848 4322 mysterio,
880 4264 943 4304 ac
977 4259 1134 4304 nocte
1173 4266 1304 4305 sane
1331 4251 1524 4320 digno,
1553 4251 1902 4307 celebrandas
1941 4251 2088 4306 dedit
2120 4250 2142 4304 ?

641 4341 780 4398 CIX.
825 4344 1038 4411 Atque,
1092 4351 1148 4396 ut
1201 4342 1321 4396 aliis
1368 4342 1788 4412 praetermissis,
1843 4343 1910 4397 ad
1969 4344 2140 4413 ipsum

566 4432 828 4488 vecordia:
855 4442 977 4499 tuae,
998 4445 1089 4487 seu
1109 4432 1285 4501 potius
1314 4431 1601 4502 impietatis
1618 4441 1814 4504 ,_caput,
1832 4432 2138 4497 ascendam,

2245 1991 2371 2040 νας;

2315 2167 2444 2220 PH'.
2472 2164 2548 2217 Σὲ
2591 2163 2657 2218 τὰ
2696 2165 3007 2236 ποιήματα;
3039 2164 3092 2217 τί
3120 2164 3216 2230 δές
3259 2165 3322 2217 οὐ
3364 2164 3460 2234 τῆς
3503 2162 3646 2233 γραὸς
3675 2159 3752 2229 (55)

2251 2259 2453 2328 μᾶλλον
2491 2256 2704 2327 ἐκείνης
2724 2296 2738 2320 ,
2784 2260 2839 2328 ἡ,
2873 2257 2963 2310 τὸν
2995 2251 3148 2329 ὦμον
3184 2257 3459 2311 σεισθεῖσα
3490 2255 3620 2326 παρά
3651 2270 3750 2313 τινος

2247 2350 2513 2411 συντόνως
2547 2349 2976 2418 ἀντιπαριόντος,
3009 2349 3083 2413 ὡς
3122 2349 3304 2418 λόγος,
3350 2346 3445 2402 εἶτ’
3471 2347 3750 2419 ἐνυϐρίζουσι

2245 2439 2323 2510 τῷ
2370 2440 2583 2511 σφοδρῷ
2624 2440 2723 2510 τῆς
2767 2441 2962 2510 ὁρμῆς,
3007 2440 3137 2504 ἔπος
3181 2440 3509 2510 ἐφθέγξατοο
3545 2434 3749 2494 καὶτοῦτ’

2245 2528 2446 2597 ἀρέσαν
2475 2527 2554 2598 τῷ
2586 2527 2774 2598 νεανίᾳ
2802 2528 2922 2580 λίαν
2955 2529 3064 2600 (56)
3086 2570 3100 2594 ,
3134 2531 3232 2583 καὶ
3273 2529 3658 2599 φιλοπονώτερον
3683 2543 3749 2596 με·

2244 2618 2443 2690 τρηθὲν
2502 2619 2600 2689 τὴν
2657 2619 2966 2689 Θαυμασίαν
3023 2638 3118 2672 σου
3166 2620 3375 2692 ταύτην
3429 2618 3745 2690 ἐδημιούργησε

2247 2711 2495 2782 ποίησιν;
2528 2710 2592 2762 Τί
2621 2711 2788 2764 τᾶλλα
2819 2709 2967 2782 (57);
3002 2713 3063 2764 El
3096 2712 3156 2765 δὲ
3183 2715 3295 2776 τοῖς
3328 2711 3503 2774 ὅπλοις
3527 2711 3641 2781 μέγα
3663 2724 3734 2778 ego

2245 2805 2377 2865 νεῖς,
2417 2800 2568 2872 παρὰ
2599 2800 2762 2854 τίνων
2813 2819 2894 2854 σοι
2940 2801 3007 2854 τὰ
3048 2802 3212 2866 ὅπλα,
3259 2797 3306 2856 ὦ
3344 2802 3669 2872 γενναιότατε;
3694 2797 3745 2850 01

2245 2894 2353 2948 τῶν
2383 2890 2719 2957 Κυκλώπων,
2749 2893 2807 2957 ἐξ
2833 2887 2908 2946 ὧν
2938 2894 2998 2946 τὸ
3026 2895 3352 2964 χαλκεύειν;
3388 2896 3448 2948 Εἰ
3482 2893 3533 2946 δέ
3558 2909 3623 2945 σοι
3647 2889 3746 2960 μέγα

2248 2987 2344 3039 καὶ
2380 2986 2632 3057 μέγιστον
2661 2985 2770 3038 τῶν
2809 2986 2979 3038 ὄντων
3019 2986 3132 3056 (58)
3172 2989 3205 3058 ἡ
3243 2988 3509 3058 ἁλουργὶς,
3538 2985 3586 3050 ἐξ
3611 2981 3662 3054 ἧς
3688 2999 3746 3032 σο-

2247 3078 2346 3147 φὸς
2390 3079 2474 3140 σὺ,
2504 3077 2596 3130 καὶ
2626 3078 2733 3129 τῶν
2765 3077 3020 3130 τοιούτων
3062 3079 3360 3150 νομοθέτης
3379 3097 3392 3108 ·
3417 3079 3468 3130 τί
3492 3094 3504 3141 ;
3531 3076 3615 3129 οὐκ
3651 3077 3746 3126 ἀπο·

2249 3168 2389 3242 θήσῃ
2438 3166 2640 3239 ταύτην
2681 3169 2918 3241 Τυρίοις,
2974 3171 3102 3240 παρ’
3159 3165 3235 3226 ὧν
3290 3174 3323 3242 ἡ
3366 3167 3624 3240 ποιμενικὴ
3666 3164 3744 3235 (59)

2245 3262 2468 3332 κύων,ή
2500 3264 2564 3333 τῇ
2601 3261 2776 3333 κόχλῳ
2807 3262 3076 3335 βρωθείσῃ
3095 3304 3111 3327 ,
3143 3266 3238 3318 καὶ
3269 3264 3336 3319 τὰ
3365 3265 3504 3335 χείλη
3539 3261 3745 3328 x181sz-

2247 3355 2404 3427 ξάσῃ,
2430 3353 2508 3425 τῷ
2550 3356 2766 3426 ποιμένι
2795 3355 2855 3408 τὸ
2883 3356 3040 3421 ἄνθος
3075 3360 3413 3431 γνωρίσασα,
3443 3358 3528 3410 καὶ
3561 3354 3632 3408 διὰ
3657 3350 3743 3404 τούν

2245 3464 2353 3499 των
2377 3445 2487 3517 (60)
2510 3446 2824 3519 παραδοῦσα
2849 3451 2961 3511 τοῖς
2987 3448 3300 3518 βασιλεῦσιν
3325 3452 3446 3521 ὑμῖν
3471 3448 3525 3501 τὸ
3547 3445 3743 3511 πένθιμον

2243 3542 2355 3602 τοῖς
2388 3541 2576 3602 κακοῖς
2609 3540 2774 3610 ῥάκος
2803 3541 2896 3593 καὶ
2921 3541 3307 3613 {inept-(pavori;
3340 3540 3592 3613 Γεωργίας
3612 3537 3656 3589 δὲ
3678 3531 3744 3585 καὶ

2246 3631 2575 3702 ναυπηγίας,
2595 3631 2648 3683 τί
2673 3633 2940 3702 φήσομεν,
2971 3633 3036 3686 ἂν
3066 3634 3443 3688 ἀπελαύνωσιν
3471 3633 3597 3703 ἡμᾶς
3629 3625 3744 3690 Ἀθη

2245 3727 2404 3790 ναῖοι,
2438 3723 2536 3787 τὰς
2570 3726 2859 3795 Δήμητρας
2888 3725 2982 3779 καὶ
3008 3727 3136 3790 τοὺς
3170 3727 3560 3799 Τριπτολέμους
3585 3715 3740 3790 διηγού-

2249 3837 2428 3891 μενοι,
2471 3821 2564 3872 καὶ
2607 3821 2734 3882 τοὺς
2765 3820 3085 3892 δράκοντας,
3121 3821 3204 3875 ἔτι
3245 3823 3300 3876 δὲ
3343 3818 3558 3879 Κελεούς
3589 3831 3637 3866 τε
3676 3809 3741 3863 καὶ

2259 3911 2551 3982 Ἰκαρίους,
2577 3911 2670 3965 καὶ
2707 3913 2886 3965 πᾶσαν
2912 3913 3010 3983 τὴν
3051 3915 3184 3986 περὶ
3208 3913 3377 3967 ταῦτα
3415 3901 3741 3983 μυθολογίαν,ἣ

2244 4004 2339 4058 καὶ
2398 4005 2690 4074 μυστήριον
2731 4005 2860 4074 ὑμῖν
2920 4006 3145 4078 αἰσχρὸν
3197 4006 3369 4062 ταῦτα
3419 4003 3630 4072 ἐποίησε,
3676 3993 3740 4047 καὶ

2246 4097 2438 4160 νυκτὸς
2470 4097 2640 4160 ὅντως
2665 4094 2812 4161 ἄξιον
2832 4113 2846 4162 ;

2312 4345 2432 4400 ΡΘ’.
2466 4345 2675 4411 Βούλει,
2708 4346 2875 4400 τᾶλλα
2906 4348 3121 4417 παρεὶς,
3158 4349 3245 4401 ἐπ’
3270 4344 3398 4400 αὐτὸ
3429 4340 3485 4394 τὸ
3514 4331 3738 4402 κεφάλαιον

2245 4437 2538 4510 ἀναδράμω
2590 4438 2691 4508 τῆς
2742 4439 2842 4509 σῆς
2902 4439 3230 4511 ἐμπληξίας,
3284 4437 3382 4490 εἴτ’
3436 4427 3520 4486 οὖν
3573 4420 3736 4478 θεοὸλαι

647 4681 758 4754 (48)
782 4682 948 4752 Παρὰ
997 4684 1166 4738 Θεοῦ.
1217 4681 1376 4738 Deest
1419 4681 1474 4736 in
1516 4680 1648 4750 Reg.
1690 4680 1784 4746 hu,
1833 4679 1886 4734 in
1933 4679 2052 4735 Ald.
2089 4688 2142 4736 et

2249 4683 2362 4755 tab
2383 4683 2724 4738 adolescente
2757 4686 2988 4754 quodam
3016 4690 3369 4755 properanter
3397 4660 3733 4755 transcqﬂﬁi'f

569 4751 732 4806 Ilerv.

640 4823 1109 4894 (49)Πεττεύειν.
1151 4823 1226 4878 Ita
1266 4822 1423 4894 vulgo
1474 4837 1603 4877 mss.
1664 4819 1720 4874 ln
1762 4821 1848 4876 ed.
1905 4818 2142 4873 πεπτεύ-

567 4908 667 4946 ειν.

639 4963 753 5035 (50)
786 4965 972 5030 Τίνος.
1005 4967 1094 5020 Sic
1125 4965 1365 5035 plerique
1389 4962 1643 5035 gorlices._
1671 4960 1823 5035 Ij3_dit._
1847 4959 2028 5035 τίνων.

639 5029 750 5103 (BI)
781 5029 1086 5102 Ἔχοντες.
1127 5029 1353 5102 Septem
1389 5032 1580 5102 Regg.,
1605 5030 1756 5084 Colb.
1793 5030 1846 5095 5,
1896 5030 2058 5084 Coisl.
2084 5029 2120 5082 2

565 5099 805 5159 Ριιεεξθι
830 5099 924 5159 0r.
961 5105 1015 5170 I,
1039 5099 1330 5167 οξλοῦντες,

642 5174 753 5243 (52)
815 5169 1308 5230 Μεταποιοῦνται.
1379 5173 1625 5242 Quinque
1689 5171 1882 5241 Regg.,
1950 5169 2136 5234 Ilerv.,

566 5244 781 5317 Comi»,
816 5244 940 5317 Saiv.
953 5287 976 5317 ,γ
994 5244 1416 5317 μεταποιῶνται.

636 5315 749 5385 (55)
775 5315 885 5369 Καὶ
920 5308 1114 5370 τό’τοῦ
1145 5313 1391 5385 κολοιοῦ,
1409 5313 1688 5383 πάσχειν.
1757 5308 1831 5364 De
1863 5308 2134 5364 cornicula

563 5384 841 5450 Horatius,
871 5385 967 5440 lib.
993 5402 1031 5449 I,
1063 5389 1219 5453 epist.
1253 5385 1310 5447 5,
1345 5384 1422 5437 ait
1450 5400 1465 5437 :

708 5455 812 5518 Ne,
840 5457 887 5509 si
915 5456 1050 5524 forte
1082 5472 1206 5510 suas
1237 5456 1510 5520 repetitum
1533 5454 1720 5507 venerit
1759 5453 1882 5524 olim

703 5525 844 5579 Grex
864 5523 1036 5579 auium
1065 5527 1286 5592 plantas,
1309 5535 1505 5577 moveat
1541 5523 1802 5577 cornicula
1839 5525 2005 5578 risum

706 5593 941 5650 Furtivis
965 5597 1162 5648 nudata
1186 5595 1467 5649 coloribus.

635 5662 745 5733 (51)
784 5666 1258 5733 Περιαιρεθέντας
1295 5663 1542 5734 πτερῶν.
1583 5663 1715 5733 Reg.
1752 5679 1806 5728 a,
1847 5677 2126 5733 περιαιρε-

563 5732 762 5806 θένῖων
793 5732 1027 5806 πτερῶν-

637 5803 749 5866 (55)
791 5803 908 5870 Τῆς
933 5807 1130 5874 γραός.
1181 5805 1414 5865 «Mulier
1463 5805 1772 5878 quaedam,»
1825 5804 1900 5860 ait
1958 5803 2122 5866 Elias,

2249 4736 2475 4806 humero
2499 4736 2751 4808 succussa
2775 4736 3239 4810 ’aiﬁéin
3255 4736 3571 4822 petulantius
3589 4736 3733 4822 adigi:

2248 4837 2340 4876 sus
2393 4823 2791 4877 adolescentem
2846 4802 3088 4891 iiicitaia,
3138 4802 3394 4880 conviciis
3427 4828 3537 4870 etilli

2247 4895 2592 4964 pronuntiato
2620 4895 2848 4962 quodam
2890 4871 3207 4964 versu,'quo
3243 4871 3731 4964 vehetncntemullﬂ':

2249 4947 2504 5031 impetum
2568 4947 3390 5034 perstringebataliratautem
3446 4957 3536 5008 hoc
3576 4947 3728 5034 digit"!

2248 5009 2436 5104 versus
2459 5009 2701 5104 nun'ieris
2727 5009 3002 5089 astDrictus.
3044 5037 3143 5101 Qui
3183 5038 3463 5104 concentus

2250 5100 2492 5164 lescenti,
2529 5104 2720 5173 iisque,
2754 5086 2998 5172 quitum
3021 5086 3264 5168 aderant,
3291 5086 3726 5173 arrisissclzqif‘ﬂ‘f

2238 5171 2460 5241 hujusce
2480 5159 2671 5229 modus
2696 5159 2748 5228 in
2772 5159 2954 5228 'artem
2981 5177 3227 5230 redactus
3251 5159 3320 5226 ad
3344 5177 3514 5223 omnes
3534 5159 3724 5212 dimana-

2238 5243 2332 5296 vit.
2361 5261 2378 5293 ι

2448 5315 2617 5369 Δίαν.
2649 5316 2804 5370 Deest
2827 5314 2880 5368 in
2932 5314 3103 5370 tribus
3155 5315 3337 5384 Regg.,
3371 5303 3510 5363 Colh.
3538 5297 3584 5359 ὅ,
3609 5293 3676 5344 Οικ
3703 5279 3718 5331 ί

2232 5393 2286 5437 et
2324 5382 2482 5438 Ilerv.

2445 5433 2666 5509 litua.
2696 5455 2946 5510 Nonnulli
2977 5471 3132 5517 mss.,
3161 5451 3342 5516 τᾶλλα,
3362 5456 3414 5502 et
3441 5441 3484 5495 τ’
3505 5433 3631 5492 ἄλλα·

2301 5525 2416 5594 (58)
2450 5524 2575 5578 Τῶν
2602 5527 2808 5580 ὄντων.
2838 5525 2987 5580 Pass.
3017 5527 3123 5580 τῶν
3153 5525 3339 5579 ἄλλων.

2441 5597 2782 5679 ῌοιιμενῖική.
2810 5597 2966 5679 (ἔρ-11)...
3001 5597 3071 5679 li,_
3087 5588 3413 5679 ποέμαινικηί
3457 5644 3568 5679 mlh
3605 5652 3644 5679 ΩΔ
3673 5626 3697 5679 4

2301 5644 3428 5738 (οὐ),Κιϊὲέύὲϋολ’ἒ“6ιί›.“ὲ,”ξῖἇὲοῡτὶ›.
3457 5644 3582 5706 Colb.
3605 5652 3644 5699 a.
3673 5644 3710 5679 ε·

2226 5734 2313 5790 διὰ
2336 5734 2540 5790 τούτου.
