  <div class='ocr_page' id='page_1' title='image "/cluster/home/n/w/nwhite01/storage/ocr_20150623/35/hvd.32044024473308/328.png"; bbox 0 0 3878 6398; ppageno 0'>
   <div class='ocr_carea' id='block_1_1' title="bbox 172 282 275 346">
    <p class='ocr_par' dir='ltr' id='par_1_1' title="bbox 172 282 275 346">
     <span class='ocr_line' id='line_1_1' title="bbox 172 282 275 346; baseline 0.019 -2"><span class='ocrx_word' id='word_1_1' title='bbox 172 282 275 346; x_wconf 62' lang='lat'><strong>635</strong></span> 
     </span>
    </p>
   </div>
   <div class='ocr_carea' id='block_1_2' title="bbox 1150 294 2438 357">
    <p class='ocr_par' dir='ltr' id='par_1_2' title="bbox 1150 294 2438 357">
     <span class='ocr_line' id='line_1_2' title="bbox 1150 294 2438 357; baseline 0.006 -8"><span class='ocrx_word' id='word_1_2' title='bbox 1150 294 1408 352; x_wconf 80' lang='lat' dir='ltr'><strong>ORATIO</strong></span> <span class='ocrx_word' id='word_1_3' title='bbox 1447 297 1537 354; x_wconf 80' lang='lat' dir='ltr'><strong>IV.</strong></span> <span class='ocrx_word' id='word_1_4' title='bbox 1581 329 1653 339; x_wconf 90' lang='lat'><strong><em>—</em></strong></span> <span class='ocrx_word' id='word_1_5' title='bbox 1690 297 1974 354; x_wconf 73' lang='lat' dir='ltr'><strong>CONTRA</strong></span> <span class='ocrx_word' id='word_1_6' title='bbox 2012 298 2360 357; x_wconf 82' lang='lat' dir='ltr'><strong>JULIANUM</strong></span> <span class='ocrx_word' id='word_1_7' title='bbox 2397 301 2438 357; x_wconf 80' lang='grc'><strong>1.</strong></span> 
     </span>
    </p>
   </div>
   <div class='ocr_carea' id='block_1_3' title="bbox 3313 308 3418 362">
    <p class='ocr_par' dir='ltr' id='par_1_3' title="bbox 3313 308 3418 362">
     <span class='ocr_line' id='line_1_3' title="bbox 3313 308 3418 362; baseline -0.038 -1"><span class='ocrx_word' id='word_1_8' title='bbox 3313 308 3418 362; x_wconf 67' lang='grc'><strong>616</strong></span> 
     </span>
    </p>
   </div>
   <div class='ocr_carea' id='block_1_4' title="bbox 169 379 1726 490">
    <p class='ocr_par' dir='ltr' id='par_1_4' title="bbox 169 379 1726 480">
     <span class='ocr_line' id='line_1_4' title="bbox 169 379 1726 480; baseline 0.005 -22"><span class='ocrx_word' id='word_1_9' title='bbox 169 406 325 468; x_wconf 76' lang='grc' dir='ltr'>δείας</span> <span class='ocrx_word' id='word_1_10' title='bbox 357 404 505 475; x_wconf 72' lang='grc' dir='ltr'>(6ης</span> <span class='ocrx_word' id='word_1_11' title='bbox 548 389 678 458; x_wconf 77' lang='grc' dir='ltr'>αὐτο</span> <span class='ocrx_word' id='word_1_12' title='bbox 804 412 966 460; x_wconf 77' lang='grc' dir='ltr'>ποθεν</span> <span class='ocrx_word' id='word_1_13' title='bbox 1016 425 1095 461; x_wconf 87' lang='grc' dir='ltr'><strong>σοι</strong></span> <span class='ocrx_word' id='word_1_14' title='bbox 1146 409 1205 462; x_wconf 81' lang='grc' dir='ltr'>τὸ</span> <span class='ocrx_word' id='word_1_15' title='bbox 1233 411 1504 480; x_wconf 83' lang='grc' dir='ltr'><strong>μυεῖσθαι,</strong></span> <span class='ocrx_word' id='word_1_16' title='bbox 1549 413 1640 466; x_wconf 70' lang='grc' dir='ltr'><strong>καὶ</strong></span> <span class='ocrx_word' id='word_1_17' title='bbox 1677 413 1726 466; x_wconf 73' lang='grc' dir='ltr'><strong>τε</strong></span> 
     </span>
    </p>
   </div>
   <div class='ocr_carea' id='block_1_5' title="bbox 1835 379 3422 490">
    <p class='ocr_par' dir='ltr' id='par_1_5' title="bbox 1839 416 3422 490">
     <span class='ocr_line' id='line_1_5' title="bbox 1839 416 3422 490; baseline 0.006 -21"><span class='ocrx_word' id='word_1_18' title='bbox 1839 416 1942 472; x_wconf 91' lang='lat' dir='ltr'><strong>hoc</strong></span> <span class='ocrx_word' id='word_1_19' title='bbox 1970 417 2144 486; x_wconf 91' lang='lat' dir='ltr'><strong>ipsum</strong></span> <span class='ocrx_word' id='word_1_20' title='bbox 2172 417 2406 482; x_wconf 87' lang='lat' dir='ltr'><strong>initiari,</strong></span> <span class='ocrx_word' id='word_1_21' title='bbox 2424 426 2586 486; x_wconf 90' lang='lat' dir='ltr'><strong>atque</strong></span> <span class='ocrx_word' id='word_1_22' title='bbox 2611 416 2845 482; x_wconf 88' lang='lat' dir='ltr'><strong>initiare,</strong></span> <span class='ocrx_word' id='word_1_23' title='bbox 2875 425 2927 473; x_wconf 87' lang='lat' dir='ltr'><strong>et</strong></span> <span class='ocrx_word' id='word_1_24' title='bbox 2945 417 3071 471; x_wconf 84' lang='lat' dir='ltr'><strong>deos</strong></span> <span class='ocrx_word' id='word_1_25' title='bbox 3093 417 3422 490; x_wconf 83' lang='grc' dir='ltr'><strong>θρησκεύειν</strong></span> 
     </span>
    </p>
   </div>
   <div class='ocr_carea' id='block_1_6' title="bbox 172 497 1738 576">
    <p class='ocr_par' dir='ltr' id='par_1_6' title="bbox 172 497 1738 576">
     <span class='ocr_line' id='line_1_6' title="bbox 172 497 1738 576; baseline 0.005 -26"><span class='ocrx_word' id='word_1_26' title='bbox 172 501 325 570; x_wconf 84' lang='grc' dir='ltr'>μυεῖν</span> <span class='ocrx_word' id='word_1_27' title='bbox 370 497 504 568; x_wconf 80' lang='lat'><strong>(6&#39;2),</strong></span> <span class='ocrx_word' id='word_1_28' title='bbox 542 499 634 551; x_wconf 67' lang='grc' dir='ltr'><strong>καὶ</strong></span> <span class='ocrx_word' id='word_1_29' title='bbox 685 499 746 551; x_wconf 83' lang='grc' dir='ltr'><strong>τὸ</strong></span> <span class='ocrx_word' id='word_1_30' title='bbox 794 498 1148 570; x_wconf 83' lang='grc' dir='ltr'>Θρησκεύειν;</span> <span class='ocrx_word' id='word_1_31' title='bbox 1185 503 1257 555; x_wconf 85' lang='grc' dir='ltr'><strong>Οὐ</strong></span> <span class='ocrx_word' id='word_1_32' title='bbox 1301 503 1450 574; x_wconf 76' lang='grc' dir='ltr'>παρὰ</span> <span class='ocrx_word' id='word_1_33' title='bbox 1490 504 1738 576; x_wconf 80' lang='grc' dir='ltr'>Θρᾳκῶν,</span> 
     </span>
    </p>
   </div>
   <div class='ocr_carea' id='block_1_7' title="bbox 169 589 1741 668">
    <p class='ocr_par' dir='ltr' id='par_1_7' title="bbox 169 589 1741 668">
     <span class='ocr_line' id='line_1_7' title="bbox 169 589 1741 668; baseline 0.004 -25"><span class='ocrx_word' id='word_1_34' title='bbox 169 591 258 644; x_wconf 75' lang='grc' dir='ltr'>καὶ</span> <span class='ocrx_word' id='word_1_35' title='bbox 285 592 319 660; x_wconf 85' lang='grc' dir='ltr'><strong>ἡ</strong></span> <span class='ocrx_word' id='word_1_36' title='bbox 350 590 540 660; x_wconf 77' lang='grc' dir='ltr'>κλῆσις</span> <span class='ocrx_word' id='word_1_37' title='bbox 570 589 802 655; x_wconf 76' lang='grc' dir='ltr'>πειθέτω</span> <span class='ocrx_word' id='word_1_38' title='bbox 830 609 926 655; x_wconf 85' lang='grc' dir='ltr'>σε;</span> <span class='ocrx_word' id='word_1_39' title='bbox 965 593 1036 646; x_wconf 80' lang='grc' dir='ltr'><strong>Τὸ</strong></span> <span class='ocrx_word' id='word_1_40' title='bbox 1066 591 1212 646; x_wconf 90' lang='grc' dir='ltr'>θύειν</span> <span class='ocrx_word' id='word_1_41' title='bbox 1247 594 1303 648; x_wconf 83' lang='grc' dir='ltr'>δὲ</span> <span class='ocrx_word' id='word_1_42' title='bbox 1329 595 1388 648; x_wconf 82' lang='grc' dir='ltr'>οὐ</span> <span class='ocrx_word' id='word_1_43' title='bbox 1422 597 1575 668; x_wconf 77' lang='grc' dir='ltr'>παρὰ</span> <span class='ocrx_word' id='word_1_44' title='bbox 1597 597 1741 649; x_wconf 86' lang='grc' dir='ltr'>Χαλ-</span> 
     </span>
    </p>
   </div>
   <div class='ocr_carea' id='block_1_8' title="bbox 167 677 1742 756">
    <p class='ocr_par' dir='ltr' id='par_1_8' title="bbox 167 677 1742 756">
     <span class='ocr_line' id='line_1_8' title="bbox 167 677 1742 756; baseline 0.004 -22"><span class='ocrx_word' id='word_1_45' title='bbox 167 683 354 744; x_wconf 75' lang='grc' dir='ltr'>δαίων,</span> <span class='ocrx_word' id='word_1_46' title='bbox 378 679 478 734; x_wconf 75' lang='grc' dir='ltr'>εἴτ’</span> <span class='ocrx_word' id='word_1_47' title='bbox 508 677 602 734; x_wconf 77' lang='grc' dir='ltr'><strong>οὖν</strong></span> <span class='ocrx_word' id='word_1_48' title='bbox 637 681 930 751; x_wconf 74' lang='grc' dir='ltr'>Κυπρίωνς</span> <span class='ocrx_word' id='word_1_49' title='bbox 966 683 1039 736; x_wconf 88' lang='grc' dir='ltr'><strong>Τὸ</strong></span> <span class='ocrx_word' id='word_1_50' title='bbox 1067 685 1420 756; x_wconf 81' lang='grc' dir='ltr'>ἀστρονομεῖν</span> <span class='ocrx_word' id='word_1_51' title='bbox 1452 686 1507 738; x_wconf 80' lang='grc' dir='ltr'>δὲ</span> <span class='ocrx_word' id='word_1_52' title='bbox 1537 688 1597 739; x_wconf 84' lang='grc' dir='ltr'><strong>ού</strong></span> <span class='ocrx_word' id='word_1_53' title='bbox 1639 688 1742 741; x_wconf 89' lang='grc' dir='ltr'>Βα-</span> 
     </span>
    </p>
   </div>
   <div class='ocr_carea' id='block_1_9' title="bbox 168 771 1738 848">
    <p class='ocr_par' dir='ltr' id='par_1_9' title="bbox 168 771 1738 848">
     <span class='ocr_line' id='line_1_9' title="bbox 168 771 1738 848; baseline 0.006 -24"><span class='ocrx_word' id='word_1_54' title='bbox 168 772 426 825; x_wconf 75' lang='grc' dir='ltr'>ϐυλώνιον</span> <span class='ocrx_word' id='word_1_55' title='bbox 446 771 555 842; x_wconf 83' lang='grc'>(65)</span> <span class='ocrx_word' id='word_1_56' title='bbox 578 789 592 836; x_wconf 90' lang='grc'><strong>;</strong></span> <span class='ocrx_word' id='word_1_57' title='bbox 621 773 694 824; x_wconf 82' lang='grc' dir='ltr'><strong>Τὸ</strong></span> <span class='ocrx_word' id='word_1_58' title='bbox 717 773 770 826; x_wconf 78' lang='grc' dir='ltr'>δὲ</span> <span class='ocrx_word' id='word_1_59' title='bbox 795 779 1126 845; x_wconf 80' lang='grc' dir='ltr'><strong>γεωμετρεῖν</strong></span> <span class='ocrx_word' id='word_1_60' title='bbox 1150 777 1260 848; x_wconf 68' lang='grc'>(64)</span> <span class='ocrx_word' id='word_1_61' title='bbox 1287 779 1388 830; x_wconf 80' lang='grc' dir='ltr'><strong>οὐκ</strong></span> <span class='ocrx_word' id='word_1_62' title='bbox 1410 779 1738 846; x_wconf 75' lang='grc' dir='ltr'>Αίγύπτιονς</span> 
     </span>
    </p>
   </div>
   <div class='ocr_carea' id='block_1_10' title="bbox 169 864 1743 943">
    <p class='ocr_par' dir='ltr' id='par_1_10' title="bbox 169 864 1743 943">
     <span class='ocr_line' id='line_1_10' title="bbox 169 864 1743 943; baseline 0.007 -27"><span class='ocrx_word' id='word_1_63' title='bbox 169 866 237 916; x_wconf 80' lang='grc' dir='ltr'>Τὸ</span> <span class='ocrx_word' id='word_1_64' title='bbox 257 865 317 918; x_wconf 78' lang='grc' dir='ltr'><strong>δὲ</strong></span> <span class='ocrx_word' id='word_1_65' title='bbox 349 864 608 935; x_wconf 75' lang='grc' dir='ltr'>μαγεύειν</span> <span class='ocrx_word' id='word_1_66' title='bbox 636 865 695 917; x_wconf 87' lang='grc' dir='ltr'><strong>ού</strong></span> <span class='ocrx_word' id='word_1_67' title='bbox 729 868 1030 938; x_wconf 86' lang='grc' dir='ltr'>Περσικόν;</span> <span class='ocrx_word' id='word_1_68' title='bbox 1061 870 1169 938; x_wconf 84' lang='grc' dir='ltr'><strong>Τὴν</strong></span> <span class='ocrx_word' id='word_1_69' title='bbox 1189 870 1244 923; x_wconf 80' lang='grc' dir='ltr'>δὲ</span> <span class='ocrx_word' id='word_1_70' title='bbox 1277 871 1341 922; x_wconf 86' lang='grc' dir='ltr'>δι’</span> <span class='ocrx_word' id='word_1_71' title='bbox 1363 871 1583 943; x_wconf 86' lang='grc' dir='ltr'>ὀνείρων</span> <span class='ocrx_word' id='word_1_72' title='bbox 1611 890 1743 943; x_wconf 87' lang='grc' dir='ltr'>μαν-</span> 
     </span>
    </p>
   </div>
   <div class='ocr_carea' id='block_1_11' title="bbox 166 955 1741 1033">
    <p class='ocr_par' dir='ltr' id='par_1_11' title="bbox 166 955 1741 1033">
     <span class='ocr_line' id='line_1_11' title="bbox 166 955 1741 1033; baseline 0.004 -25"><span class='ocrx_word' id='word_1_73' title='bbox 166 957 320 1027; x_wconf 79' lang='grc' dir='ltr'>τικὴν</span> <span class='ocrx_word' id='word_1_74' title='bbox 350 955 510 1009; x_wconf 89' lang='grc' dir='ltr'>τίνων</span> <span class='ocrx_word' id='word_1_75' title='bbox 541 956 574 1026; x_wconf 80' lang='grc' dir='ltr'><strong>ἢ</strong></span> <span class='ocrx_word' id='word_1_76' title='bbox 611 956 935 1027; x_wconf 83' lang='grc' dir='ltr'>Τελμησέων</span> <span class='ocrx_word' id='word_1_77' title='bbox 968 958 1216 1026; x_wconf 84' lang='grc' dir='ltr'>ἁκούεις;</span> <span class='ocrx_word' id='word_1_78' title='bbox 1257 959 1366 1032; x_wconf 83' lang='grc' dir='ltr'><strong>Τὴν</strong></span> <span class='ocrx_word' id='word_1_79' title='bbox 1401 962 1741 1033; x_wconf 83' lang='grc' dir='ltr'>οἰωνιστικὴν</span> 
     </span>
    </p>
   </div>
   <div class='ocr_carea' id='block_1_12' title="bbox 165 1046 1740 1124">
    <p class='ocr_par' dir='ltr' id='par_1_12' title="bbox 165 1046 1740 1124">
     <span class='ocr_line' id='line_1_12' title="bbox 165 1046 1740 1124; baseline 0.004 -25"><span class='ocrx_word' id='word_1_80' title='bbox 165 1047 217 1099; x_wconf 79' lang='grc' dir='ltr'><strong>δὲ</strong></span> <span class='ocrx_word' id='word_1_81' title='bbox 233 1048 398 1100; x_wconf 87' lang='grc' dir='ltr'>τίνων</span> <span class='ocrx_word' id='word_1_82' title='bbox 423 1046 532 1118; x_wconf 72' lang='grc'>(65)</span> <span class='ocrx_word' id='word_1_83' title='bbox 551 1064 565 1111; x_wconf 90' lang='grc'><strong>;</strong></span> <span class='ocrx_word' id='word_1_84' title='bbox 585 1048 686 1100; x_wconf 75' lang='grc' dir='ltr'>οὐκ</span> <span class='ocrx_word' id='word_1_85' title='bbox 709 1047 882 1102; x_wconf 83' lang='grc' dir='ltr'>ἄλλων</span> <span class='ocrx_word' id='word_1_86' title='bbox 907 1049 939 1120; x_wconf 81' lang='grc' dir='ltr'>ἦ</span> <span class='ocrx_word' id='word_1_87' title='bbox 963 1051 1210 1121; x_wconf 83' lang='grc' dir='ltr'>Φρυγῶν,</span> <span class='ocrx_word' id='word_1_88' title='bbox 1241 1051 1348 1104; x_wconf 84' lang='grc' dir='ltr'><strong>τῶν</strong></span> <span class='ocrx_word' id='word_1_89' title='bbox 1379 1052 1606 1122; x_wconf 87' lang='grc' dir='ltr'>πρώτων</span> <span class='ocrx_word' id='word_1_90' title='bbox 1630 1053 1740 1124; x_wconf 89' lang='grc'>(66)</span> 
     </span>
    </p>
   </div>
   <div class='ocr_carea' id='block_1_13' title="bbox 167 1139 1737 1215">
    <p class='ocr_par' dir='ltr' id='par_1_13' title="bbox 167 1139 1737 1215">
     <span class='ocr_line' id='line_1_13' title="bbox 167 1139 1737 1215; baseline 0.005 -25"><span class='ocrx_word' id='word_1_91' title='bbox 167 1139 690 1210; x_wconf 84' lang='grc' dir='ltr'>περιεργασαμένων</span> <span class='ocrx_word' id='word_1_92' title='bbox 719 1141 947 1212; x_wconf 84' lang='grc' dir='ltr'>ὀρνίθων</span> <span class='ocrx_word' id='word_1_93' title='bbox 979 1142 1178 1213; x_wconf 80' lang='grc' dir='ltr'>πτῆσιν</span> <span class='ocrx_word' id='word_1_94' title='bbox 1217 1161 1275 1196; x_wconf 87' lang='grc' dir='ltr'><strong>τε</strong></span> <span class='ocrx_word' id='word_1_95' title='bbox 1304 1145 1398 1197; x_wconf 78' lang='grc' dir='ltr'><strong>καὶ</strong></span> <span class='ocrx_word' id='word_1_96' title='bbox 1429 1145 1737 1215; x_wconf 82' lang='grc' dir='ltr'>κινήματα;</span> 
     </span>
    </p>
   </div>
   <div class='ocr_carea' id='block_1_14' title="bbox 165 1231 1736 1305">
    <p class='ocr_par' dir='ltr' id='par_1_14' title="bbox 165 1231 1736 1305">
     <span class='ocr_line' id='line_1_14' title="bbox 165 1231 1736 1305; baseline 0.004 -23"><span class='ocrx_word' id='word_1_97' title='bbox 165 1231 292 1290; x_wconf 70' lang='grc' dir='ltr'>Καὶ,</span> <span class='ocrx_word' id='word_1_98' title='bbox 329 1233 416 1284; x_wconf 79' lang='grc' dir='ltr'><strong>ἵνα</strong></span> <span class='ocrx_word' id='word_1_99' title='bbox 449 1231 522 1303; x_wconf 79' lang='grc' dir='ltr'>μὴ</span> <span class='ocrx_word' id='word_1_100' title='bbox 557 1233 899 1305; x_wconf 80' lang='grc' dir='ltr'><strong>μακρολογῶ,</strong></span> <span class='ocrx_word' id='word_1_101' title='bbox 933 1233 1094 1287; x_wconf 60' lang='lat' dir='ltr'><strong>mea.</strong></span> <span class='ocrx_word' id='word_1_102' title='bbox 1126 1253 1209 1288; x_wconf 91' lang='grc' dir='ltr'><strong>σοι</strong></span> <span class='ocrx_word' id='word_1_103' title='bbox 1240 1235 1302 1289; x_wconf 83' lang='grc' dir='ltr'><strong>τὸ</strong></span> <span class='ocrx_word' id='word_1_104' title='bbox 1324 1235 1444 1288; x_wconf 87' lang='grc' dir='ltr'>καθ’</span> <span class='ocrx_word' id='word_1_105' title='bbox 1475 1236 1736 1303; x_wconf 75' lang='grc' dir='ltr'>ἓκαστον;</span> 
     </span>
    </p>
   </div>
   <div class='ocr_carea' id='block_1_15' title="bbox 162 1321 1740 1392">
    <p class='ocr_par' dir='ltr' id='par_1_15' title="bbox 162 1321 1740 1392">
     <span class='ocr_line' id='line_1_15' title="bbox 162 1321 1740 1392; baseline 0.003 -16"><span class='ocrx_word' id='word_1_106' title='bbox 162 1325 256 1392; x_wconf 79' lang='grc' dir='ltr'><strong>οὐχ</strong></span> <span class='ocrx_word' id='word_1_107' title='bbox 285 1322 346 1375; x_wconf 79' lang='grc' dir='ltr'>ἓν</span> <span class='ocrx_word' id='word_1_108' title='bbox 387 1323 447 1390; x_wconf 79' lang='grc' dir='ltr'>ἐξ</span> <span class='ocrx_word' id='word_1_109' title='bbox 479 1325 754 1390; x_wconf 80' lang='grc' dir='ltr'>ἐκάστων;</span> <span class='ocrx_word' id='word_1_110' title='bbox 786 1321 859 1380; x_wconf 80' lang='grc' dir='ltr'>ὧν</span> <span class='ocrx_word' id='word_1_111' title='bbox 899 1327 1114 1380; x_wconf 89' lang='grc' dir='ltr'>πάντων</span> <span class='ocrx_word' id='word_1_112' title='bbox 1145 1329 1226 1390; x_wconf 85' lang='grc' dir='ltr'><strong>είς</strong></span> <span class='ocrx_word' id='word_1_113' title='bbox 1264 1328 1427 1380; x_wconf 86' lang='grc' dir='ltr'>ταυτὺ</span> <span class='ocrx_word' id='word_1_114' title='bbox 1464 1327 1740 1382; x_wconf 79' lang='grc' dir='ltr'>συνελθόν-</span> 
     </span>
    </p>
   </div>
   <div class='ocr_carea' id='block_1_16' title="bbox 163 1414 1736 1491">
    <p class='ocr_par' dir='ltr' id='par_1_16' title="bbox 163 1414 1736 1491">
     <span class='ocr_line' id='line_1_16' title="bbox 163 1414 1736 1491; baseline 0.006 -26"><span class='ocrx_word' id='word_1_115' title='bbox 163 1433 287 1476; x_wconf 87' lang='grc' dir='ltr'>των,</span> <span class='ocrx_word' id='word_1_116' title='bbox 325 1414 383 1466; x_wconf 81' lang='grc' dir='ltr'>ἓν</span> <span class='ocrx_word' id='word_1_117' title='bbox 416 1415 836 1486; x_wconf 78' lang='grc' dir='ltr'>δεισιδαιμονίας</span> <span class='ocrx_word' id='word_1_118' title='bbox 875 1417 1100 1490; x_wconf 79' lang='grc' dir='ltr'><strong>συνέστη</strong></span> <span class='ocrx_word' id='word_1_119' title='bbox 1135 1420 1461 1491; x_wconf 88' lang='grc' dir='ltr'>μυστήριον;</span> <span class='ocrx_word' id='word_1_120' title='bbox 1515 1422 1580 1472; x_wconf 91' lang='grc' dir='ltr'>Τί</span> <span class='ocrx_word' id='word_1_121' title='bbox 1608 1416 1736 1489; x_wconf 79' lang='grc' dir='ltr'>οὗν;</span> 
     </span>
    </p>
   </div>
   <div class='ocr_carea' id='block_1_17' title="bbox 160 1505 1740 1585">
    <p class='ocr_par' dir='ltr' id='par_1_17' title="bbox 160 1505 1740 1585">
     <span class='ocr_line' id='line_1_17' title="bbox 160 1505 1740 1585; baseline 0.005 -26"><span class='ocrx_word' id='word_1_122' title='bbox 160 1505 449 1576; x_wconf 74' lang='grc' dir='ltr'>δεξόμεθα,</span> <span class='ocrx_word' id='word_1_123' title='bbox 485 1509 700 1562; x_wconf 84' lang='grc' dir='ltr'>πάντων</span> <span class='ocrx_word' id='word_1_124' title='bbox 731 1511 1203 1582; x_wconf 81' lang='grc' dir='ltr'>ἀποχωρησάντων</span> <span class='ocrx_word' id='word_1_125' title='bbox 1231 1513 1311 1574; x_wconf 82' lang='grc' dir='ltr'><strong>εἰς</strong></span> <span class='ocrx_word' id='word_1_126' title='bbox 1337 1513 1463 1577; x_wconf 84' lang='grc' dir='ltr'>τοὺς</span> <span class='ocrx_word' id='word_1_127' title='bbox 1492 1513 1740 1585; x_wconf 81' lang='grc' dir='ltr'><strong>πρώτους</strong></span> 
     </span>
    </p>
   </div>
   <div class='ocr_carea' id='block_1_18' title="bbox 162 1600 1739 1679">
    <p class='ocr_par' dir='ltr' id='par_1_18' title="bbox 162 1600 1739 1679">
     <span class='ocr_line' id='line_1_18' title="bbox 162 1600 1739 1679; baseline 0.009 -30"><span class='ocrx_word' id='word_1_128' title='bbox 162 1615 218 1649; x_wconf 92' lang='grc' dir='ltr'><strong>τε</strong></span> <span class='ocrx_word' id='word_1_129' title='bbox 261 1600 358 1652; x_wconf 69' lang='grc' dir='ltr'><strong>καὶ</strong></span> <span class='ocrx_word' id='word_1_130' title='bbox 409 1601 536 1664; x_wconf 78' lang='grc' dir='ltr'>τοὺς</span> <span class='ocrx_word' id='word_1_131' title='bbox 589 1602 699 1671; x_wconf 91' lang='grc'>(67)</span> <span class='ocrx_word' id='word_1_132' title='bbox 732 1603 1078 1673; x_wconf 80' lang='grc' dir='ltr'>εὑρομένους,</span> <span class='ocrx_word' id='word_1_133' title='bbox 1136 1604 1303 1674; x_wconf 82' lang='grc' dir='ltr'>μηδὲν</span> <span class='ocrx_word' id='word_1_134' title='bbox 1352 1606 1496 1677; x_wconf 79' lang='grc' dir='ltr'>ἔχειν</span> <span class='ocrx_word' id='word_1_135' title='bbox 1541 1608 1739 1679; x_wconf 82' lang='grc' dir='ltr'>ἡμέτε-</span> 
     </span>
    </p>
   </div>
   <div class='ocr_carea' id='block_1_19' title="bbox 168 1690 1738 1766">
    <p class='ocr_par' dir='ltr' id='par_1_19' title="bbox 168 1690 1738 1766">
     <span class='ocr_line' id='line_1_19' title="bbox 168 1690 1738 1766; baseline 0.005 -25"><span class='ocrx_word' id='word_1_136' title='bbox 168 1705 255 1756; x_wconf 85' lang='grc' dir='ltr'><strong>ρον</strong></span> <span class='ocrx_word' id='word_1_137' title='bbox 289 1690 404 1759; x_wconf 86' lang='grc'>(68)</span> <span class='ocrx_word' id='word_1_138' title='bbox 455 1690 591 1762; x_wconf 84' lang='grc' dir='ltr'>πλὴν</span> <span class='ocrx_word' id='word_1_139' title='bbox 633 1692 731 1762; x_wconf 77' lang='grc' dir='ltr'>τῆς</span> <span class='ocrx_word' id='word_1_140' title='bbox 774 1692 999 1755; x_wconf 80' lang='grc' dir='ltr'>κακίας,</span> <span class='ocrx_word' id='word_1_141' title='bbox 1048 1692 1271 1763; x_wconf 75' lang='grc' dir='ltr'>καὶτῆς</span> <span class='ocrx_word' id='word_1_142' title='bbox 1320 1695 1449 1766; x_wconf 79' lang='grc' dir='ltr'>περὶ</span> <span class='ocrx_word' id='word_1_143' title='bbox 1489 1694 1548 1748; x_wconf 83' lang='grc' dir='ltr'><strong>τὸ</strong></span> <span class='ocrx_word' id='word_1_144' title='bbox 1587 1696 1738 1750; x_wconf 87' lang='grc' dir='ltr'>Θεῖον</span> 
     </span>
    </p>
   </div>
   <div class='ocr_carea' id='block_1_20' title="bbox 1844 506 3420 577">
    <p class='ocr_par' dir='ltr' id='par_1_20' title="bbox 1844 506 3420 577">
     <span class='ocr_line' id='line_1_20' title="bbox 1844 506 3420 577; baseline 0.005 -19"><span class='ocrx_word' id='word_1_145' title='bbox 1844 506 1895 558; x_wconf 99' lang='lat' dir='ltr'><strong>id</strong></span> <span class='ocrx_word' id='word_1_146' title='bbox 1915 518 2018 573; x_wconf 90' lang='lat' dir='ltr'><strong>est,</strong></span> <span class='ocrx_word' id='word_1_147' title='bbox 2039 507 2234 570; x_wconf 87' lang='lat' dir='ltr'><strong>colere,</strong></span> <span class='ocrx_word' id='word_1_148' title='bbox 2266 507 2406 562; x_wconf 90' lang='lat' dir='ltr'><strong>unde</strong></span> <span class='ocrx_word' id='word_1_149' title='bbox 2423 508 2486 562; x_wconf 93' lang='lat' dir='ltr'><strong>ad</strong></span> <span class='ocrx_word' id='word_1_150' title='bbox 2515 518 2564 563; x_wconf 92' lang='lat' dir='ltr'><strong>te</strong></span> <span class='ocrx_word' id='word_1_151' title='bbox 2585 522 2840 577; x_wconf 88' lang='lat' dir='ltr'><strong>promana</strong></span> <span class='ocrx_word' id='word_1_152' title='bbox 2852 509 2958 562; x_wconf 89' lang='lat' dir='ltr'><strong>vit?</strong></span> <span class='ocrx_word' id='word_1_153' title='bbox 2981 509 3166 564; x_wconf 83' lang='lat' dir='ltr'><strong>Nonne</strong></span> <span class='ocrx_word' id='word_1_154' title='bbox 3188 525 3215 562; x_wconf 88' lang='lat' dir='ltr'><strong>a</strong></span> <span class='ocrx_word' id='word_1_155' title='bbox 3244 511 3420 566; x_wconf 89' lang='lat' dir='ltr'><strong>Thra-</strong></span> 
     </span>
    </p>
   </div>
   <div class='ocr_carea' id='block_1_21' title="bbox 1843 597 3417 669">
    <p class='ocr_par' dir='ltr' id='par_1_21' title="bbox 1843 597 3417 669">
     <span class='ocr_line' id='line_1_21' title="bbox 1843 597 3417 669; baseline 0.006 -20"><span class='ocrx_word' id='word_1_156' title='bbox 1843 597 2016 660; x_wconf 84' lang='lat' dir='ltr'><strong>cibus,</strong></span> <span class='ocrx_word' id='word_1_157' title='bbox 2053 608 2109 651; x_wconf 91' lang='lat' dir='ltr'><strong>ut</strong></span> <span class='ocrx_word' id='word_1_158' title='bbox 2136 598 2308 666; x_wconf 86' lang='lat' dir='ltr'><strong>ipsum</strong></span> <span class='ocrx_word' id='word_1_159' title='bbox 2332 613 2542 667; x_wconf 92' lang='lat' dir='ltr'><strong>quoque</strong></span> <span class='ocrx_word' id='word_1_160' title='bbox 2557 598 2768 669; x_wconf 72' lang='lat' dir='ltr'><strong>[nomen</strong></span> <span class='ocrx_word' id='word_1_161' title='bbox 2803 597 3417 658; x_wconf 84' lang='lat' dir='ltr'><strong>ostendit?Sacrilirare</strong></span> 
     </span>
    </p>
   </div>
   <div class='ocr_carea' id='block_1_22' title="bbox 1843 688 3414 759">
    <p class='ocr_par' dir='ltr' id='par_1_22' title="bbox 1843 688 3414 759">
     <span class='ocr_line' id='line_1_22' title="bbox 1843 688 3414 759; baseline 0.004 -19"><span class='ocrx_word' id='word_1_162' title='bbox 1843 696 2044 753; x_wconf 87' lang='lat' dir='ltr'><strong>autem,</strong></span> <span class='ocrx_word' id='word_1_163' title='bbox 2078 702 2254 742; x_wconf 84' lang='lat' dir='ltr'><strong>nonne</strong></span> <span class='ocrx_word' id='word_1_164' title='bbox 2282 703 2310 741; x_wconf 91' lang='lat' dir='ltr'><strong>a</strong></span> <span class='ocrx_word' id='word_1_165' title='bbox 2342 688 2626 752; x_wconf 80' lang='lat' dir='ltr'><strong>Chaldaeis,</strong></span> <span class='ocrx_word' id='word_1_166' title='bbox 2655 689 2769 744; x_wconf 85' lang='lat' dir='ltr'><strong>sive</strong></span> <span class='ocrx_word' id='word_1_167' title='bbox 2807 688 3058 759; x_wconf 85' lang='lat' dir='ltr'><strong>Cypriis?</strong></span> <span class='ocrx_word' id='word_1_168' title='bbox 3086 688 3204 744; x_wconf 84' lang='lat' dir='ltr'><strong>Jam</strong></span> <span class='ocrx_word' id='word_1_169' title='bbox 3239 700 3414 746; x_wconf 86' lang='lat' dir='ltr'><strong>astro-</strong></span> 
     </span>
    </p>
   </div>
   <div class='ocr_carea' id='block_1_23' title="bbox 1847 778 3412 849">
    <p class='ocr_par' dir='ltr' id='par_1_23' title="bbox 1847 778 3412 849">
     <span class='ocr_line' id='line_1_23' title="bbox 1847 778 3412 849; baseline 0.003 -19"><span class='ocrx_word' id='word_1_170' title='bbox 1847 778 2047 844; x_wconf 88' lang='lat' dir='ltr'><strong>nomia,</strong></span> <span class='ocrx_word' id='word_1_171' title='bbox 2079 793 2257 832; x_wconf 85' lang='lat' dir='ltr'><strong>nonne</strong></span> <span class='ocrx_word' id='word_1_172' title='bbox 2291 779 2712 849; x_wconf 76' lang='lat' dir='ltr'><strong>Babyloniorum</strong></span> <span class='ocrx_word' id='word_1_173' title='bbox 2743 778 3024 833; x_wconf 89' lang='lat' dir='ltr'><strong>inventum</strong></span> <span class='ocrx_word' id='word_1_174' title='bbox 3070 780 3191 834; x_wconf 89' lang='lat' dir='ltr'><strong>est?</strong></span> <span class='ocrx_word' id='word_1_175' title='bbox 3224 779 3412 834; x_wconf 81' lang='lat' dir='ltr'>Nonne</span> 
     </span>
    </p>
   </div>
   <div class='ocr_carea' id='block_1_24' title="bbox 1845 868 3415 940">
    <p class='ocr_par' dir='ltr' id='par_1_24' title="bbox 1845 868 3415 940">
     <span class='ocr_line' id='line_1_24' title="bbox 1845 868 3415 940; baseline 0.001 -16"><span class='ocrx_word' id='word_1_176' title='bbox 1845 869 2162 938; x_wconf 76' lang='lat' dir='ltr'><strong>geometria,</strong></span> <span class='ocrx_word' id='word_1_177' title='bbox 2189 868 2607 940; x_wconf 67' lang='lat' dir='ltr'><strong>Egyptiorum?</strong></span> <span class='ocrx_word' id='word_1_178' title='bbox 2635 868 2824 924; x_wconf 88' lang='lat' dir='ltr'>Nonne</span> <span class='ocrx_word' id='word_1_179' title='bbox 2849 870 3048 939; x_wconf 89' lang='lat' dir='ltr'><strong>magia,</strong></span> <span class='ocrx_word' id='word_1_180' title='bbox 3082 869 3415 926; x_wconf 82' lang='lat' dir='ltr'><strong>Persarum?</strong></span> 
     </span>
    </p>
   </div>
   <div class='ocr_carea' id='block_1_25' title="bbox 1844 960 3416 1032">
    <p class='ocr_par' dir='ltr' id='par_1_25' title="bbox 1844 960 3416 1032">
     <span class='ocr_line' id='line_1_25' title="bbox 1844 960 3416 1032; baseline 0.003 -18"><span class='ocrx_word' id='word_1_181' title='bbox 1844 961 2012 1015; x_wconf 85' lang='lat' dir='ltr'><strong>Porro</strong></span> <span class='ocrx_word' id='word_1_182' title='bbox 2044 961 2303 1016; x_wconf 76' lang='lat' dir='ltr'><strong>divinatio</strong></span> <span class='ocrx_word' id='word_1_183' title='bbox 2324 976 2386 1014; x_wconf 89' lang='lat' dir='ltr'><strong>ea</strong></span> <span class='ocrx_word' id='word_1_184' title='bbox 2419 976 2538 1031; x_wconf 65' lang='lat' dir='ltr'><strong>qua:</strong></span> <span class='ocrx_word' id='word_1_185' title='bbox 2571 962 2624 1015; x_wconf 92' lang='lat' dir='ltr'><strong>in</strong></span> <span class='ocrx_word' id='word_1_186' title='bbox 2656 960 2863 1017; x_wconf 87' lang='lat' dir='ltr'><strong>somnis</strong></span> <span class='ocrx_word' id='word_1_187' title='bbox 2892 961 2995 1016; x_wconf 90' lang='lat' dir='ltr'><strong>sita</strong></span> <span class='ocrx_word' id='word_1_188' title='bbox 3019 971 3126 1029; x_wconf 91' lang='lat' dir='ltr'><strong>est,</strong></span> <span class='ocrx_word' id='word_1_189' title='bbox 3156 977 3185 1016; x_wconf 92' lang='lat' dir='ltr'><strong>a</strong></span> <span class='ocrx_word' id='word_1_190' title='bbox 3217 963 3416 1032; x_wconf 90' lang='lat' dir='ltr'><strong>quibus</strong></span> 
     </span>
    </p>
   </div>
   <div class='ocr_carea' id='block_1_26' title="bbox 1843 1052 3417 1126">
    <p class='ocr_par' dir='ltr' id='par_1_26' title="bbox 1843 1052 3417 1126">
     <span class='ocr_line' id='line_1_26' title="bbox 1843 1052 3417 1126; baseline 0.003 -20"><span class='ocrx_word' id='word_1_191' title='bbox 1843 1054 1993 1118; x_wconf 86' lang='lat' dir='ltr'><strong>aliis,</strong></span> <span class='ocrx_word' id='word_1_192' title='bbox 2051 1069 2212 1124; x_wconf 91' lang='lat' dir='ltr'><strong>quam</strong></span> <span class='ocrx_word' id='word_1_193' title='bbox 2262 1069 2290 1107; x_wconf 89' lang='lat' dir='ltr'><strong>a</strong></span> <span class='ocrx_word' id='word_1_194' title='bbox 2344 1052 2712 1110; x_wconf 87' lang='lat' dir='ltr'><strong>Telmessibus</strong></span> <span class='ocrx_word' id='word_1_195' title='bbox 2760 1066 2881 1109; x_wconf 85' lang='lat' dir='ltr'><strong>orta</strong></span> <span class='ocrx_word' id='word_1_196' title='bbox 2933 1055 3054 1108; x_wconf 89' lang='lat' dir='ltr'><strong>est?</strong></span> <span class='ocrx_word' id='word_1_197' title='bbox 3100 1055 3417 1126; x_wconf 77' lang='lat' dir='ltr'><strong>Augur-andi</strong></span> 
     </span>
    </p>
   </div>
   <div class='ocr_carea' id='block_1_27' title="bbox 1842 1143 3411 1217">
    <p class='ocr_par' dir='ltr' id='par_1_27' title="bbox 1842 1143 3411 1217">
     <span class='ocr_line' id='line_1_27' title="bbox 1842 1143 3411 1217; baseline 0.004 -21"><span class='ocrx_word' id='word_1_198' title='bbox 1842 1143 1969 1198; x_wconf 89' lang='lat' dir='ltr'><strong>item</strong></span> <span class='ocrx_word' id='word_1_199' title='bbox 2008 1143 2284 1213; x_wconf 81' lang='lat' dir='ltr'><strong>disciplina</strong></span> <span class='ocrx_word' id='word_1_200' title='bbox 2327 1159 2356 1197; x_wconf 90' lang='lat' dir='ltr'><strong>a</strong></span> <span class='ocrx_word' id='word_1_201' title='bbox 2413 1144 2608 1212; x_wconf 91' lang='lat' dir='ltr'><strong>quibus</strong></span> <span class='ocrx_word' id='word_1_202' title='bbox 2654 1145 2776 1199; x_wconf 90' lang='lat' dir='ltr'><strong>aliis</strong></span> <span class='ocrx_word' id='word_1_203' title='bbox 2802 1160 2962 1214; x_wconf 87' lang='lat' dir='ltr'><strong>quam</strong></span> <span class='ocrx_word' id='word_1_204' title='bbox 2995 1161 3024 1198; x_wconf 91' lang='lat' dir='ltr'><strong>a</strong></span> <span class='ocrx_word' id='word_1_205' title='bbox 3062 1145 3369 1217; x_wconf 86' lang='lat' dir='ltr'><strong>Phrygibus</strong></span> <span class='ocrx_word' id='word_1_206' title='bbox 3393 1187 3411 1215; x_wconf 90' lang='lat'><strong>,</strong></span> 
     </span>
    </p>
   </div>
   <div class='ocr_carea' id='block_1_28' title="bbox 1842 1236 3413 1306">
    <p class='ocr_par' dir='ltr' id='par_1_28' title="bbox 1842 1236 3413 1306">
     <span class='ocr_line' id='line_1_28' title="bbox 1842 1236 3413 1306; baseline 0.004 -18"><span class='ocrx_word' id='word_1_207' title='bbox 1842 1238 1932 1303; x_wconf 88' lang='lat' dir='ltr'><strong>qui</strong></span> <span class='ocrx_word' id='word_1_208' title='bbox 2004 1236 2162 1306; x_wconf 87' lang='lat' dir='ltr'><strong>primi</strong></span> <span class='ocrx_word' id='word_1_209' title='bbox 2227 1237 2408 1290; x_wconf 90' lang='lat' dir='ltr'><strong>avium</strong></span> <span class='ocrx_word' id='word_1_210' title='bbox 2465 1237 2702 1291; x_wconf 87' lang='lat' dir='ltr'><strong>volatum</strong></span> <span class='ocrx_word' id='word_1_211' title='bbox 2761 1253 2824 1293; x_wconf 90' lang='lat' dir='ltr'><strong>ac</strong></span> <span class='ocrx_word' id='word_1_212' title='bbox 2884 1249 3090 1293; x_wconf 90' lang='lat' dir='ltr'><strong>motmn</strong></span> <span class='ocrx_word' id='word_1_213' title='bbox 3145 1239 3413 1295; x_wconf 91' lang='lat' dir='ltr'><strong>curiosius</strong></span> 
     </span>
    </p>
   </div>
   <div class='ocr_carea' id='block_1_29' title="bbox 1841 1327 3415 1401">
    <p class='ocr_par' dir='ltr' id='par_1_29' title="bbox 1841 1327 3415 1401">
     <span class='ocr_line' id='line_1_29' title="bbox 1841 1327 3415 1401; baseline 0.008 -25"><span class='ocrx_word' id='word_1_214' title='bbox 1841 1327 2252 1387; x_wconf 64' lang='lat' dir='ltr'><strong>ubservarunt‘L</strong></span> <span class='ocrx_word' id='word_1_215' title='bbox 2292 1329 2392 1394; x_wconf 86' lang='lat' dir='ltr'><strong>Ac,</strong></span> <span class='ocrx_word' id='word_1_216' title='bbox 2447 1344 2512 1384; x_wconf 89' lang='lat' dir='ltr'><strong>ne</strong></span> <span class='ocrx_word' id='word_1_217' title='bbox 2559 1331 2659 1383; x_wconf 90' lang='lat' dir='ltr'><strong>sim</strong></span> <span class='ocrx_word' id='word_1_218' title='bbox 2719 1330 2954 1401; x_wconf 81' lang='lat' dir='ltr'><strong>longior,</strong></span> <span class='ocrx_word' id='word_1_219' title='bbox 3007 1332 3149 1386; x_wconf 92' lang='lat' dir='ltr'><strong>unde</strong></span> <span class='ocrx_word' id='word_1_220' title='bbox 3203 1332 3415 1400; x_wconf 83' lang='lat' dir='ltr'><strong>singula</strong></span> 
     </span>
    </p>
   </div>
   <div class='ocr_carea' id='block_1_30' title="bbox 1844 1416 3412 1492">
    <p class='ocr_par' dir='ltr' id='par_1_30' title="bbox 1844 1416 3412 1492">
     <span class='ocr_line' id='line_1_30' title="bbox 1844 1416 3412 1492; baseline 0.006 -23"><span class='ocrx_word' id='word_1_221' title='bbox 1844 1416 2049 1472; x_wconf 85' lang='lat' dir='ltr'><strong>babes?</strong></span> <span class='ocrx_word' id='word_1_222' title='bbox 2078 1433 2256 1472; x_wconf 88' lang='lat' dir='ltr'><strong>nonne</strong></span> <span class='ocrx_word' id='word_1_223' title='bbox 2280 1434 2442 1472; x_wconf 90' lang='lat' dir='ltr'><strong>unum</strong></span> <span class='ocrx_word' id='word_1_224' title='bbox 2468 1420 2533 1473; x_wconf 85' lang='lat' dir='ltr'><strong>ab</strong></span> <span class='ocrx_word' id='word_1_225' title='bbox 2565 1424 2927 1492; x_wconf 89' lang='lat' dir='ltr'><strong>unoquoque?</strong></span> <span class='ocrx_word' id='word_1_226' title='bbox 2950 1424 3140 1490; x_wconf 86' lang='lat' dir='ltr'><strong>quibus</strong></span> <span class='ocrx_word' id='word_1_227' title='bbox 3162 1424 3412 1478; x_wconf 84' lang='lat' dir='ltr'><strong>omnibus</strong></span> 
     </span>
    </p>
   </div>
   <div class='ocr_carea' id='block_1_31' title="bbox 1844 1506 3410 1580">
    <p class='ocr_par' dir='ltr' id='par_1_31' title="bbox 1844 1506 3410 1580">
     <span class='ocr_line' id='line_1_31' title="bbox 1844 1506 3410 1580; baseline 0.004 -22"><span class='ocrx_word' id='word_1_228' title='bbox 1844 1506 1895 1558; x_wconf 90' lang='lat' dir='ltr'><strong>in</strong></span> <span class='ocrx_word' id='word_1_229' title='bbox 1931 1521 2094 1559; x_wconf 90' lang='lat' dir='ltr'><strong>unum</strong></span> <span class='ocrx_word' id='word_1_230' title='bbox 2129 1508 2332 1560; x_wconf 88' lang='lat' dir='ltr'><strong>coactis</strong></span> <span class='ocrx_word' id='word_1_231' title='bbox 2356 1547 2372 1571; x_wconf 94' lang='lat'><strong>,</strong></span> <span class='ocrx_word' id='word_1_232' title='bbox 2427 1523 2592 1560; x_wconf 90' lang='lat' dir='ltr'><strong>unum</strong></span> <span class='ocrx_word' id='word_1_233' title='bbox 2635 1511 3039 1578; x_wconf 84' lang='lat' dir='ltr'><strong>superstitionis</strong></span> <span class='ocrx_word' id='word_1_234' title='bbox 3092 1511 3410 1580; x_wconf 82' lang='lat' dir='ltr'><strong>mysterium</strong></span> 
     </span>
    </p>
   </div>
   <div class='ocr_carea' id='block_1_32' title="bbox 1840 1595 3410 1671">
    <p class='ocr_par' dir='ltr' id='par_1_32' title="bbox 1840 1595 3410 1671">
     <span class='ocr_line' id='line_1_32' title="bbox 1840 1595 3410 1671; baseline 0.001 -20"><span class='ocrx_word' id='word_1_235' title='bbox 1840 1595 2125 1656; x_wconf 82' lang='lat' dir='ltr'><strong>conflatum</strong></span> <span class='ocrx_word' id='word_1_236' title='bbox 2161 1604 2215 1650; x_wconf 88' lang='lat' dir='ltr'><strong>et</strong></span> <span class='ocrx_word' id='word_1_237' title='bbox 2238 1597 2589 1651; x_wconf 88' lang='lat' dir='ltr'><strong>constitutum</strong></span> <span class='ocrx_word' id='word_1_238' title='bbox 2625 1601 2748 1651; x_wconf 87' lang='lat' dir='ltr'><strong>est?</strong></span> <span class='ocrx_word' id='word_1_239' title='bbox 2776 1598 2916 1664; x_wconf 91' lang='lat' dir='ltr'><strong>Quid</strong></span> <span class='ocrx_word' id='word_1_240' title='bbox 2943 1600 3144 1671; x_wconf 82' lang='lat' dir='ltr'><strong>igitur?</strong></span> <span class='ocrx_word' id='word_1_241' title='bbox 3176 1615 3243 1652; x_wconf 90' lang='lat' dir='ltr'><strong>an</strong></span> <span class='ocrx_word' id='word_1_242' title='bbox 3277 1599 3410 1653; x_wconf 88' lang='lat' dir='ltr'><strong>illud</strong></span> 
     </span>
    </p>
   </div>
   <div class='ocr_carea' id='block_1_33' title="bbox 1841 1687 3447 1760">
    <p class='ocr_par' dir='ltr' id='par_1_33' title="bbox 1841 1687 3447 1760">
     <span class='ocr_line' id='line_1_33' title="bbox 1841 1687 3447 1760; baseline 0.003 -20"><span class='ocrx_word' id='word_1_243' title='bbox 1841 1687 2209 1751; x_wconf 81' lang='lat' dir='ltr'><strong>adinittemus,</strong></span> <span class='ocrx_word' id='word_1_244' title='bbox 2242 1687 2492 1742; x_wconf 89' lang='lat' dir='ltr'><strong>omnibus</strong></span> <span class='ocrx_word' id='word_1_245' title='bbox 2537 1689 2697 1744; x_wconf 84' lang='lat' dir='ltr'><strong>rebus</strong></span> <span class='ocrx_word' id='word_1_246' title='bbox 2727 1692 2792 1743; x_wconf 81' lang='lat' dir='ltr'><strong>ad</strong></span> <span class='ocrx_word' id='word_1_247' title='bbox 2827 1691 3031 1759; x_wconf 90' lang='lat' dir='ltr'><strong>primos</strong></span> <span class='ocrx_word' id='word_1_248' title='bbox 3073 1701 3126 1745; x_wconf 91' lang='lat' dir='ltr'><strong>et</strong></span> <span class='ocrx_word' id='word_1_249' title='bbox 3153 1705 3282 1756; x_wconf 90' lang='lat' dir='ltr'><strong>eos,</strong></span> <span class='ocrx_word' id='word_1_250' title='bbox 3316 1690 3411 1760; x_wconf 90' lang='lat' dir='ltr'><strong>qui</strong></span> <span class='ocrx_word' id='word_1_251' title='bbox 3441 1723 3447 1729; x_wconf 91' lang='lat'><strong>-</strong></span> 
     </span>
    </p>
   </div>
   <div class='ocr_carea' id='block_1_34' title="bbox 164 1779 1726 1856">
    <p class='ocr_par' dir='ltr' id='par_1_34' title="bbox 164 1781 1726 1856">
     <span class='ocr_line' id='line_1_34' title="bbox 164 1781 1726 1856; baseline 0.006 -25"><span class='ocrx_word' id='word_1_252' title='bbox 164 1781 368 1850; x_wconf 83' lang='grc' dir='ltr'>ταύτης</span> <span class='ocrx_word' id='word_1_253' title='bbox 416 1783 794 1853; x_wconf 84' lang='grc' dir='ltr'>καινοτομίας;</span> <span class='ocrx_word' id='word_1_254' title='bbox 833 1783 1054 1854; x_wconf 84' lang='grc' dir='ltr'>Πρῶτος</span> <span class='ocrx_word' id='word_1_255' title='bbox 1093 1783 1201 1854; x_wconf 75' lang='grc' dir='ltr'>γὰρ</span> <span class='ocrx_word' id='word_1_256' title='bbox 1244 1784 1352 1856; x_wconf 87' lang='grc'>(69)</span> <span class='ocrx_word' id='word_1_257' title='bbox 1397 1787 1726 1856; x_wconf 59' lang='grc' dir='ltr'>Χριστιανῶι</span> 
     </span>
    </p>
   </div>
   <div class='ocr_carea' id='block_1_35' title="bbox 1835 1779 3412 1856">
    <p class='ocr_par' dir='ltr' id='par_1_35' title="bbox 1842 1779 3412 1846">
     <span class='ocr_line' id='line_1_35' title="bbox 1842 1779 3412 1846; baseline 0.003 -14"><span class='ocrx_word' id='word_1_258' title='bbox 1842 1789 2092 1834; x_wconf 86' lang='lat' dir='ltr'><strong>auctores</strong></span> <span class='ocrx_word' id='word_1_259' title='bbox 2124 1779 2378 1844; x_wconf 87' lang='lat' dir='ltr'><strong>fuerunt,</strong></span> <span class='ocrx_word' id='word_1_260' title='bbox 2419 1782 2828 1846; x_wconf 86' lang='lat' dir='ltr'><strong>recedentibus,</strong></span> <span class='ocrx_word' id='word_1_261' title='bbox 2865 1797 2960 1837; x_wconf 92' lang='lat' dir='ltr'><strong>nos</strong></span> <span class='ocrx_word' id='word_1_262' title='bbox 3008 1783 3145 1836; x_wconf 89' lang='lat' dir='ltr'><strong>nihil</strong></span> <span class='ocrx_word' id='word_1_263' title='bbox 3189 1783 3412 1838; x_wconf 91' lang='lat' dir='ltr'><strong>omnino</strong></span> 
     </span>
    </p>
   </div>
   <div class='ocr_carea' id='block_1_36' title="bbox 164 1874 1735 1948">
    <p class='ocr_par' dir='ltr' id='par_1_36' title="bbox 164 1874 1735 1948">
     <span class='ocr_line' id='line_1_36' title="bbox 164 1874 1735 1948; baseline 0.005 -24"><span class='ocrx_word' id='word_1_264' title='bbox 164 1874 532 1927; x_wconf 79' lang='grc' dir='ltr'>ἐπανάστασιν</span> <span class='ocrx_word' id='word_1_265' title='bbox 580 1875 656 1944; x_wconf 81' lang='grc' dir='ltr'>τῷ</span> <span class='ocrx_word' id='word_1_266' title='bbox 684 1875 960 1948; x_wconf 82' lang='grc' dir='ltr'>Δεσπότῃ,</span> <span class='ocrx_word' id='word_1_267' title='bbox 1003 1875 1254 1947; x_wconf 83' lang='grc' dir='ltr'>καθάπερ</span> <span class='ocrx_word' id='word_1_268' title='bbox 1302 1880 1348 1930; x_wconf 81' lang='grc' dir='ltr'>οἱ</span> <span class='ocrx_word' id='word_1_269' title='bbox 1390 1877 1565 1930; x_wconf 82' lang='grc' dir='ltr'>δοῦλοί</span> <span class='ocrx_word' id='word_1_270' title='bbox 1607 1897 1735 1932; x_wconf 85' lang='grc' dir='ltr'>ποτε</span> 
     </span>
    </p>
   </div>
   <div class='ocr_carea' id='block_1_37' title="bbox 161 1961 1735 2042">
    <p class='ocr_par' dir='ltr' id='par_1_37' title="bbox 161 1961 1735 2042">
     <span class='ocr_line' id='line_1_37' title="bbox 161 1961 1735 2042; baseline 0.006 -27"><span class='ocrx_word' id='word_1_271' title='bbox 161 1967 269 2027; x_wconf 86' lang='grc' dir='ltr'>τοῖς</span> <span class='ocrx_word' id='word_1_272' title='bbox 319 1961 576 2032; x_wconf 86' lang='grc' dir='ltr'>Σκύθαις,</span> <span class='ocrx_word' id='word_1_273' title='bbox 625 1967 700 2030; x_wconf 82' lang='grc' dir='ltr'>ὥς</span> <span class='ocrx_word' id='word_1_274' title='bbox 745 1983 940 2036; x_wconf 75' lang='grc' dir='ltr'>φασιν,</span> <span class='ocrx_word' id='word_1_275' title='bbox 986 1967 1304 2038; x_wconf 80' lang='grc' dir='ltr'>ἐπενόησας.</span> <span class='ocrx_word' id='word_1_276' title='bbox 1342 1970 1544 2024; x_wconf 78' lang='grc' dir='ltr'>Πολλοῦ</span> <span class='ocrx_word' id='word_1_277' title='bbox 1587 1973 1735 2042; x_wconf 83' lang='grc' dir='ltr'>μέντ’</span> 
     </span>
    </p>
   </div>
   <div class='ocr_carea' id='block_1_38' title="bbox 162 2055 1736 2134">
    <p class='ocr_par' dir='ltr' id='par_1_38' title="bbox 162 2055 1736 2134">
     <span class='ocr_line' id='line_1_38' title="bbox 162 2055 1736 2134; baseline 0.004 -24"><span class='ocrx_word' id='word_1_278' title='bbox 162 2057 222 2110; x_wconf 79' lang='grc' dir='ltr'>ἂν</span> <span class='ocrx_word' id='word_1_279' title='bbox 250 2057 365 2129; x_wconf 88' lang='grc'>(70)</span> <span class='ocrx_word' id='word_1_280' title='bbox 388 2057 538 2122; x_wconf 79' lang='grc' dir='ltr'>ἄξιον</span> <span class='ocrx_word' id='word_1_281' title='bbox 565 2055 652 2130; x_wconf 76' lang='grc' dir='ltr'>ἦν,</span> <span class='ocrx_word' id='word_1_282' title='bbox 678 2059 730 2111; x_wconf 76' lang='grc' dir='ltr'><strong>εί</strong></span> <span class='ocrx_word' id='word_1_283' title='bbox 761 2076 840 2112; x_wconf 88' lang='grc' dir='ltr'><strong>σοι</strong></span> <span class='ocrx_word' id='word_1_284' title='bbox 861 2058 1074 2131; x_wconf 78' lang='grc' dir='ltr'>διελύθη</span> <span class='ocrx_word' id='word_1_285' title='bbox 1105 2061 1213 2132; x_wconf 85' lang='grc'>(71)</span> <span class='ocrx_word' id='word_1_286' title='bbox 1240 2061 1301 2113; x_wconf 82' lang='grc' dir='ltr'><strong>τὸ</strong></span> <span class='ocrx_word' id='word_1_287' title='bbox 1324 2063 1558 2134; x_wconf 79' lang='grc' dir='ltr'>πονηρὸν</span> <span class='ocrx_word' id='word_1_288' title='bbox 1581 2064 1736 2117; x_wconf 81' lang='grc' dir='ltr'>τοῦτο</span> 
     </span>
    </p>
   </div>
   <div class='ocr_carea' id='block_1_39' title="bbox 164 2149 1732 2228">
    <p class='ocr_par' dir='ltr' id='par_1_39' title="bbox 164 2149 1732 2228">
     <span class='ocr_line' id='line_1_39' title="bbox 164 2149 1732 2228; baseline 0.004 -28"><span class='ocrx_word' id='word_1_289' title='bbox 164 2149 484 2219; x_wconf 76' lang='grc' dir='ltr'>σύνταγμα,</span> <span class='ocrx_word' id='word_1_290' title='bbox 538 2151 677 2204; x_wconf 73' lang='grc' dir='ltr'>κατὰ</span> <span class='ocrx_word' id='word_1_291' title='bbox 724 2151 850 2213; x_wconf 77' lang='grc' dir='ltr'>τοὺς</span> <span class='ocrx_word' id='word_1_292' title='bbox 904 2152 1030 2214; x_wconf 80' lang='grc' dir='ltr'>σοὺς</span> <span class='ocrx_word' id='word_1_293' title='bbox 1073 2153 1231 2223; x_wconf 84' lang='grc' dir='ltr'>ὅρους</span> <span class='ocrx_word' id='word_1_294' title='bbox 1278 2154 1370 2208; x_wconf 78' lang='grc' dir='ltr'><strong>καὶ</strong></span> <span class='ocrx_word' id='word_1_295' title='bbox 1409 2155 1626 2228; x_wconf 84' lang='grc' dir='ltr'>νόμους,</span> <span class='ocrx_word' id='word_1_296' title='bbox 1667 2156 1732 2208; x_wconf 76' lang='grc' dir='ltr'>ἵν’</span> 
     </span>
    </p>
   </div>
   <div class='ocr_carea' id='block_1_40' title="bbox 162 2239 1734 2316">
    <p class='ocr_par' dir='ltr' id='par_1_40' title="bbox 162 2239 1734 2316">
     <span class='ocr_line' id='line_1_40' title="bbox 162 2239 1734 2316; baseline 0.004 -22"><span class='ocrx_word' id='word_1_297' title='bbox 162 2244 319 2313; x_wconf 69' lang='grc' dir='ltr'>ἡμεῖς</span> <span class='ocrx_word' id='word_1_298' title='bbox 345 2239 502 2314; x_wconf 66' lang='grc' dir='ltr'>’ἦμεν</span> <span class='ocrx_word' id='word_1_299' title='bbox 533 2243 644 2313; x_wconf 75' lang='grc'>(72)</span> <span class='ocrx_word' id='word_1_300' title='bbox 676 2244 1013 2314; x_wconf 79' lang='grc' dir='ltr'>πραγμάτων</span> <span class='ocrx_word' id='word_1_301' title='bbox 1041 2245 1473 2316; x_wconf 79' lang='grc' dir='ltr'>ἀπηλλαγμένοι,</span> <span class='ocrx_word' id='word_1_302' title='bbox 1502 2248 1596 2300; x_wconf 74' lang='grc' dir='ltr'><strong>καὶ</strong></span> <span class='ocrx_word' id='word_1_303' title='bbox 1627 2249 1734 2302; x_wconf 85' lang='grc' dir='ltr'>πά-</span> 
     </span>
    </p>
   </div>
   <div class='ocr_carea' id='block_1_41' title="bbox 162 2336 1734 2411">
    <p class='ocr_par' dir='ltr' id='par_1_41' title="bbox 162 2336 1734 2411">
     <span class='ocr_line' id='line_1_41' title="bbox 162 2336 1734 2411; baseline 0.004 -24"><span class='ocrx_word' id='word_1_304' title='bbox 162 2336 237 2388; x_wconf 77' lang='grc' dir='ltr'><strong>λιν</strong></span> <span class='ocrx_word' id='word_1_305' title='bbox 262 2337 361 2388; x_wconf 75' lang='grc' dir='ltr'>ἐπὶ</span> <span class='ocrx_word' id='word_1_306' title='bbox 387 2337 488 2406; x_wconf 83' lang='grc' dir='ltr'>τῆς</span> <span class='ocrx_word' id='word_1_307' title='bbox 515 2337 746 2407; x_wconf 85' lang='grc' dir='ltr'>ἀρχαίας</span> <span class='ocrx_word' id='word_1_308' title='bbox 775 2337 887 2407; x_wconf 75' lang='grc'>(75)</span> <span class='ocrx_word' id='word_1_309' title='bbox 918 2337 1260 2408; x_wconf 77' lang='grc' dir='ltr'>εὐδαιμονίας</span> <span class='ocrx_word' id='word_1_310' title='bbox 1283 2338 1379 2410; x_wconf 81' lang='grc' dir='ltr'>τὴν</span> <span class='ocrx_word' id='word_1_311' title='bbox 1422 2339 1734 2411; x_wconf 83' lang='grc' dir='ltr'>Ῥωμαϊκὴν</span> 
     </span>
    </p>
   </div>
   <div class='ocr_carea' id='block_1_42' title="bbox 164 2420 1733 2502">
    <p class='ocr_par' dir='ltr' id='par_1_42' title="bbox 164 2420 1733 2502">
     <span class='ocr_line' id='line_1_42' title="bbox 164 2420 1733 2502; baseline 0.003 -24"><span class='ocrx_word' id='word_1_312' title='bbox 164 2428 334 2496; x_wconf 77' lang='grc' dir='ltr'>ἀρχὴν</span> <span class='ocrx_word' id='word_1_313' title='bbox 368 2429 502 2498; x_wconf 78' lang='grc' dir='ltr'>ὀρᾷν</span> <span class='ocrx_word' id='word_1_314' title='bbox 533 2427 762 2499; x_wconf 73' lang='grc' dir='ltr'>ὑπῆρχε,</span> <span class='ocrx_word' id='word_1_315' title='bbox 794 2430 973 2501; x_wconf 76' lang='grc' dir='ltr'>πάσης</span> <span class='ocrx_word' id='word_1_316' title='bbox 1012 2420 1436 2501; x_wconf 80' lang='grc' dir='ltr'>ἀπηλλαγμένην</span> <span class='ocrx_word' id='word_1_317' title='bbox 1451 2429 1733 2502; x_wconf 31' lang='grc' dir='ltr'>δὲμφυλίου</span> 
     </span>
    </p>
   </div>
   <div class='ocr_carea' id='block_1_43' title="bbox 165 2519 1734 2594">
    <p class='ocr_par' dir='ltr' id='par_1_43' title="bbox 165 2519 1734 2594">
     <span class='ocr_line' id='line_1_43' title="bbox 165 2519 1734 2594; baseline 0.003 -23"><span class='ocrx_word' id='word_1_318' title='bbox 165 2520 436 2582; x_wconf 77' lang='grc' dir='ltr'>στάσεως·</span> <span class='ocrx_word' id='word_1_319' title='bbox 488 2519 516 2572; x_wconf 84' lang='grc' dir='ltr'>ὃ</span> <span class='ocrx_word' id='word_1_320' title='bbox 562 2520 652 2573; x_wconf 68' lang='grc' dir='ltr'>τοῦ</span> <span class='ocrx_word' id='word_1_321' title='bbox 699 2521 850 2593; x_wconf 83' lang='grc' dir='ltr'>παρὰ</span> <span class='ocrx_word' id='word_1_322' title='bbox 880 2521 986 2574; x_wconf 83' lang='grc' dir='ltr'><strong>τῶν</strong></span> <span class='ocrx_word' id='word_1_323' title='bbox 1020 2519 1217 2585; x_wconf 77' lang='grc' dir='ltr'>ἔξωθεν</span> <span class='ocrx_word' id='word_1_324' title='bbox 1263 2521 1501 2592; x_wconf 79' lang='grc' dir='ltr'>πολέμου</span> <span class='ocrx_word' id='word_1_325' title='bbox 1557 2521 1734 2594; x_wconf 83' lang='grc' dir='ltr'>πολλῷ</span> 
     </span>
    </p>
   </div>
   <div class='ocr_carea' id='block_1_44' title="bbox 163 2611 1736 2684">
    <p class='ocr_par' dir='ltr' id='par_1_44' title="bbox 163 2611 1736 2684">
     <span class='ocr_line' id='line_1_44' title="bbox 163 2611 1736 2684; baseline 0.003 -21"><span class='ocrx_word' id='word_1_326' title='bbox 163 2612 522 2683; x_wconf 74' lang='grc' dir='ltr'>φευκτότερον</span> <span class='ocrx_word' id='word_1_327' title='bbox 551 2613 666 2665; x_wconf 76' lang='grc' dir='ltr'>ἐστι</span> <span class='ocrx_word' id='word_1_328' title='bbox 698 2613 793 2666; x_wconf 69' lang='grc' dir='ltr'><strong>καὶ</strong></span> <span class='ocrx_word' id='word_1_329' title='bbox 827 2611 1217 2684; x_wconf 79' lang='grc' dir='ltr'>φοϐερώτερον,</span> <span class='ocrx_word' id='word_1_330' title='bbox 1251 2612 1360 2682; x_wconf 84' lang='grc' dir='ltr'><strong>ὅσῳ</strong></span> <span class='ocrx_word' id='word_1_331' title='bbox 1398 2613 1495 2676; x_wconf 79' lang='grc' dir='ltr'>τὰς</span> <span class='ocrx_word' id='word_1_332' title='bbox 1529 2613 1736 2676; x_wconf 79' lang='grc' dir='ltr'>οἰκείας</span> 
     </span>
    </p>
   </div>
   <div class='ocr_carea' id='block_1_45' title="bbox 161 2704 1733 2776">
    <p class='ocr_par' dir='ltr' id='par_1_45' title="bbox 161 2704 1733 2776">
     <span class='ocr_line' id='line_1_45' title="bbox 161 2704 1733 2776; baseline 0.003 -20"><span class='ocrx_word' id='word_1_333' title='bbox 161 2704 404 2774; x_wconf 77' lang='grc' dir='ltr'>δαπανᾷν</span> <span class='ocrx_word' id='word_1_334' title='bbox 448 2705 656 2775; x_wconf 73' lang='grc' dir='ltr'>σάρκας</span> <span class='ocrx_word' id='word_1_335' title='bbox 701 2704 808 2758; x_wconf 82' lang='grc' dir='ltr'><strong>τῶν</strong></span> <span class='ocrx_word' id='word_1_336' title='bbox 853 2704 1145 2775; x_wconf 85' lang='grc' dir='ltr'>ἀλλοτρίων</span> <span class='ocrx_word' id='word_1_337' title='bbox 1197 2705 1554 2773; x_wconf 80' lang='grc' dir='ltr'>φευκτότερον</span> <span class='ocrx_word' id='word_1_338' title='bbox 1599 2704 1733 2776; x_wconf 72' lang='grc'>(74).</span> 
     </span>
    </p>
   </div>
   <div class='ocr_carea' id='block_1_46' title="bbox 1843 1871 3408 1942">
    <p class='ocr_par' dir='ltr' id='par_1_46' title="bbox 1843 1871 3408 1942">
     <span class='ocr_line' id='line_1_46' title="bbox 1843 1871 3408 1942; baseline 0 -16"><span class='ocrx_word' id='word_1_339' title='bbox 1843 1871 2063 1936; x_wconf 85' lang='lat' dir='ltr'><strong>habere,</strong></span> <span class='ocrx_word' id='word_1_340' title='bbox 2099 1880 2294 1940; x_wconf 73' lang='lat' dir='ltr'><strong>prmter</strong></span> <span class='ocrx_word' id='word_1_341' title='bbox 2327 1872 2515 1925; x_wconf 84' lang='lat' dir='ltr'><strong>vitium</strong></span> <span class='ocrx_word' id='word_1_342' title='bbox 2539 1913 2553 1937; x_wconf 92' lang='lat'><strong>,</strong></span> <span class='ocrx_word' id='word_1_343' title='bbox 2593 1883 2754 1942; x_wconf 84' lang='lat' dir='ltr'><strong>atque</strong></span> <span class='ocrx_word' id='word_1_344' title='bbox 2792 1874 2935 1927; x_wconf 88' lang='lat' dir='ltr'><strong>hanc</strong></span> <span class='ocrx_word' id='word_1_345' title='bbox 2987 1875 3132 1928; x_wconf 89' lang='lat' dir='ltr'><strong>circa</strong></span> <span class='ocrx_word' id='word_1_346' title='bbox 3169 1873 3408 1927; x_wconf 91' lang='lat' dir='ltr'><strong>divinum</strong></span> 
     </span>
    </p>
   </div>
   <div class='ocr_carea' id='block_1_47' title="bbox 1842 1962 3409 2030">
    <p class='ocr_par' dir='ltr' id='par_1_47' title="bbox 1842 1962 3409 2030">
     <span class='ocr_line' id='line_1_47' title="bbox 1842 1962 3409 2030; baseline 0.001 -14"><span class='ocrx_word' id='word_1_347' title='bbox 1842 1963 2050 2016; x_wconf 83' lang='lat' dir='ltr'><strong>Numen</strong></span> <span class='ocrx_word' id='word_1_348' title='bbox 2089 1962 2476 2016; x_wconf 87' lang='lat' dir='ltr'><strong>novationem?</strong></span> <span class='ocrx_word' id='word_1_349' title='bbox 2508 1964 2721 2018; x_wconf 87' lang='lat' dir='ltr'><strong>Primus</strong></span> <span class='ocrx_word' id='word_1_350' title='bbox 2754 1965 2896 2018; x_wconf 87' lang='lat' dir='ltr'><strong>enim</strong></span> <span class='ocrx_word' id='word_1_351' title='bbox 2930 1962 3360 2019; x_wconf 85' lang='lat' dir='ltr'><strong>Christianorum</strong></span> <span class='ocrx_word' id='word_1_352' title='bbox 3388 2001 3409 2030; x_wconf 85' lang='lat'><strong>,</strong></span> 
     </span>
    </p>
   </div>
   <div class='ocr_carea' id='block_1_48' title="bbox 1843 2053 3410 2124">
    <p class='ocr_par' dir='ltr' id='par_1_48' title="bbox 1843 2053 3410 2124">
     <span class='ocr_line' id='line_1_48' title="bbox 1843 2053 3410 2124; baseline 0.001 -19"><span class='ocrx_word' id='word_1_353' title='bbox 1843 2063 1898 2106; x_wconf 92' lang='lat' dir='ltr'><strong>ut</strong></span> <span class='ocrx_word' id='word_1_354' title='bbox 1938 2055 2199 2107; x_wconf 85' lang='lat' dir='ltr'><strong>adversus</strong></span> <span class='ocrx_word' id='word_1_355' title='bbox 2247 2053 2529 2108; x_wconf 90' lang='lat' dir='ltr'><strong>Dominum</strong></span> <span class='ocrx_word' id='word_1_356' title='bbox 2578 2053 2906 2118; x_wconf 86' lang='lat' dir='ltr'><strong>rebellares,</strong></span> <span class='ocrx_word' id='word_1_357' title='bbox 2958 2056 3410 2124; x_wconf 74' lang='lat' dir='ltr'><strong>quemadmodum</strong></span> 
     </span>
    </p>
   </div>
   <div class='ocr_carea' id='block_1_49' title="bbox 1843 2145 3407 2218">
    <p class='ocr_par' dir='ltr' id='par_1_49' title="bbox 1843 2145 3407 2218">
     <span class='ocr_line' id='line_1_49' title="bbox 1843 2145 3407 2218; baseline 0.001 -19"><span class='ocrx_word' id='word_1_358' title='bbox 1843 2147 2088 2200; x_wconf 70' lang='lat' dir='ltr'><strong>feruntur</strong></span> <span class='ocrx_word' id='word_1_359' title='bbox 2118 2145 2389 2214; x_wconf 89' lang='lat' dir='ltr'><strong>quondam</strong></span> <span class='ocrx_word' id='word_1_360' title='bbox 2439 2145 2762 2218; x_wconf 85' lang='lat' dir='ltr'><strong>Scytharum</strong></span> <span class='ocrx_word' id='word_1_361' title='bbox 2797 2145 2937 2202; x_wconf 83' lang='lat' dir='ltr'><strong>servi</strong></span> <span class='ocrx_word' id='word_1_362' title='bbox 2971 2147 3232 2201; x_wconf 87' lang='lat' dir='ltr'><strong>adversus</strong></span> <span class='ocrx_word' id='word_1_363' title='bbox 3270 2145 3407 2217; x_wconf 89' lang='lat' dir='ltr'><strong>Scy-</strong></span> 
     </span>
    </p>
   </div>
   <div class='ocr_carea' id='block_1_50' title="bbox 1845 2238 3408 2310">
    <p class='ocr_par' dir='ltr' id='par_1_50' title="bbox 1845 2238 3408 2310">
     <span class='ocr_line' id='line_1_50' title="bbox 1845 2238 3408 2310; baseline 0.002 -19"><span class='ocrx_word' id='word_1_364' title='bbox 1845 2239 1964 2292; x_wconf 88' lang='lat' dir='ltr'><strong>thas</strong></span> <span class='ocrx_word' id='word_1_365' title='bbox 2014 2238 2260 2293; x_wconf 89' lang='lat' dir='ltr'><strong>dominos</strong></span> <span class='ocrx_word' id='word_1_366' title='bbox 2311 2253 2475 2305; x_wconf 88' lang='lat' dir='ltr'><strong>suos,</strong></span> <span class='ocrx_word' id='word_1_367' title='bbox 2508 2240 2564 2294; x_wconf 92' lang='lat' dir='ltr'><strong>in</strong></span> <span class='ocrx_word' id='word_1_368' title='bbox 2622 2238 2862 2294; x_wconf 91' lang='lat' dir='ltr'><strong>animum</strong></span> <span class='ocrx_word' id='word_1_369' title='bbox 2907 2239 3189 2295; x_wconf 81' lang='lat' dir='ltr'><strong>induxisti.</strong></span> <span class='ocrx_word' id='word_1_370' title='bbox 3233 2239 3408 2310; x_wconf 79' lang='lat' dir='ltr'><strong>Magni</strong></span> 
     </span>
    </p>
   </div>
   <div class='ocr_carea' id='block_1_51' title="bbox 1841 2331 3404 2402">
    <p class='ocr_par' dir='ltr' id='par_1_51' title="bbox 1841 2331 3404 2402">
     <span class='ocr_line' id='line_1_51' title="bbox 1841 2331 3404 2402; baseline 0.002 -18"><span class='ocrx_word' id='word_1_371' title='bbox 1841 2347 1972 2384; x_wconf 87' lang='lat' dir='ltr'><strong>vero</strong></span> <span class='ocrx_word' id='word_1_372' title='bbox 2001 2331 2106 2384; x_wconf 88' lang='lat' dir='ltr'><strong>hoc</strong></span> <span class='ocrx_word' id='word_1_373' title='bbox 2131 2331 2510 2385; x_wconf 68' lang='lat' dir='ltr'><strong>aestimandum</strong></span> <span class='ocrx_word' id='word_1_374' title='bbox 2543 2331 2751 2397; x_wconf 87' lang='lat' dir='ltr'><strong>fuisset,</strong></span> <span class='ocrx_word' id='word_1_375' title='bbox 2779 2333 2823 2386; x_wconf 90' lang='lat' dir='ltr'><strong>si</strong></span> <span class='ocrx_word' id='word_1_376' title='bbox 2853 2348 3074 2402; x_wconf 89' lang='lat' dir='ltr'><strong>pravum</strong></span> <span class='ocrx_word' id='word_1_377' title='bbox 3101 2333 3227 2398; x_wconf 87' lang='lat' dir='ltr'><strong>hoc,</strong></span> <span class='ocrx_word' id='word_1_378' title='bbox 3247 2331 3404 2400; x_wconf 81' lang='lat' dir='ltr'><strong>juxta</strong></span> 
     </span>
    </p>
   </div>
   <div class='ocr_carea' id='block_1_52' title="bbox 1843 2422 3405 2496">
    <p class='ocr_par' dir='ltr' id='par_1_52' title="bbox 1843 2422 3405 2496">
     <span class='ocr_line' id='line_1_52' title="bbox 1843 2422 3405 2496; baseline 0.004 -22"><span class='ocrx_word' id='word_1_379' title='bbox 1843 2423 1989 2491; x_wconf 77' lang='lat' dir='ltr'><strong>leges</strong></span> <span class='ocrx_word' id='word_1_380' title='bbox 2031 2431 2150 2476; x_wconf 90' lang='lat' dir='ltr'><strong>tuas</strong></span> <span class='ocrx_word' id='word_1_381' title='bbox 2193 2436 2256 2476; x_wconf 91' lang='lat' dir='ltr'><strong>ac</strong></span> <span class='ocrx_word' id='word_1_382' title='bbox 2291 2422 2524 2492; x_wconf 88' lang='lat' dir='ltr'><strong>regulas,</strong></span> <span class='ocrx_word' id='word_1_383' title='bbox 2565 2431 2618 2478; x_wconf 89' lang='lat' dir='ltr'><strong>et</strong></span> <span class='ocrx_word' id='word_1_384' title='bbox 2671 2424 2990 2479; x_wconf 89' lang='lat' dir='ltr'><strong>sceleratum</strong></span> <span class='ocrx_word' id='word_1_385' title='bbox 3039 2441 3231 2496; x_wconf 82' lang='lat' dir='ltr'><strong>agmen</strong></span> <span class='ocrx_word' id='word_1_386' title='bbox 3269 2442 3300 2481; x_wconf 88' lang='lat' dir='ltr'><strong>a</strong></span> <span class='ocrx_word' id='word_1_387' title='bbox 3353 2437 3405 2480; x_wconf 90' lang='lat' dir='ltr'><strong>te</strong></span> 
     </span>
    </p>
   </div>
   <div class='ocr_carea' id='block_1_53' title="bbox 1844 2516 3398 2588">
    <p class='ocr_par' dir='ltr' id='par_1_53' title="bbox 1844 2516 3398 2588">
     <span class='ocr_line' id='line_1_53' title="bbox 1844 2516 3398 2588; baseline 0.003 -16"><span class='ocrx_word' id='word_1_388' title='bbox 1844 2518 2160 2572; x_wconf 83' lang='lat' dir='ltr'><strong>dissolutum</strong></span> <span class='ocrx_word' id='word_1_389' title='bbox 2201 2516 2434 2582; x_wconf 85' lang='lat' dir='ltr'><strong>fuisset,</strong></span> <span class='ocrx_word' id='word_1_390' title='bbox 2481 2527 2540 2572; x_wconf 90' lang='lat' dir='ltr'><strong>ut</strong></span> <span class='ocrx_word' id='word_1_391' title='bbox 2577 2519 2914 2588; x_wconf 79' lang='lat' dir='ltr'><strong>negotiorum</strong></span> <span class='ocrx_word' id='word_1_392' title='bbox 2966 2519 3226 2576; x_wconf 89' lang='lat' dir='ltr'><strong>molestiis</strong></span> <span class='ocrx_word' id='word_1_393' title='bbox 3262 2520 3398 2576; x_wconf 90' lang='lat' dir='ltr'><strong>libe-</strong></span> 
     </span>
    </p>
   </div>
   <div class='ocr_carea' id='block_1_54' title="bbox 1842 2613 3399 2683">
    <p class='ocr_par' dir='ltr' id='par_1_54' title="bbox 1842 2613 3399 2683">
     <span class='ocr_line' id='line_1_54' title="bbox 1842 2613 3399 2683; baseline 0.001 -16"><span class='ocrx_word' id='word_1_394' title='bbox 1842 2628 2105 2678; x_wconf 90' lang='lat' dir='ltr'><strong>raremur,</strong></span> <span class='ocrx_word' id='word_1_395' title='bbox 2137 2627 2469 2682; x_wconf 87' lang='lat' dir='ltr'><strong>prorsusque</strong></span> <span class='ocrx_word' id='word_1_396' title='bbox 2504 2613 2556 2666; x_wconf 92' lang='lat' dir='ltr'><strong>in</strong></span> <span class='ocrx_word' id='word_1_397' title='bbox 2595 2614 2771 2683; x_wconf 88' lang='lat' dir='ltr'><strong>prisca</strong></span> <span class='ocrx_word' id='word_1_398' title='bbox 2815 2613 3071 2670; x_wconf 83' lang='lat' dir='ltr'><strong>felicitate</strong></span> <span class='ocrx_word' id='word_1_399' title='bbox 3097 2617 3399 2671; x_wconf 81' lang='lat' dir='ltr'><strong>Romanum</strong></span> 
     </span>
    </p>
   </div>
   <div class='ocr_carea' id='block_1_55' title="bbox 1842 2701 3404 2772">
    <p class='ocr_par' dir='ltr' id='par_1_55' title="bbox 1842 2701 3404 2772">
     <span class='ocr_line' id='line_1_55' title="bbox 1842 2701 3404 2772; baseline 0.002 -15"><span class='ocrx_word' id='word_1_400' title='bbox 1842 2703 2124 2772; x_wconf 90' lang='lat' dir='ltr'><strong>imperium</strong></span> <span class='ocrx_word' id='word_1_401' title='bbox 2157 2717 2382 2756; x_wconf 90' lang='lat' dir='ltr'><strong>cernere</strong></span> <span class='ocrx_word' id='word_1_402' title='bbox 2407 2701 2627 2768; x_wconf 89' lang='lat' dir='ltr'><strong>liceret,</strong></span> <span class='ocrx_word' id='word_1_403' title='bbox 2654 2704 2800 2758; x_wconf 88' lang='lat' dir='ltr'><strong>omni</strong></span> <span class='ocrx_word' id='word_1_404' title='bbox 2841 2705 2983 2759; x_wconf 85' lang='lat' dir='ltr'><strong>civili</strong></span> <span class='ocrx_word' id='word_1_405' title='bbox 3011 2714 3067 2760; x_wconf 90' lang='lat' dir='ltr'><strong>et</strong></span> <span class='ocrx_word' id='word_1_406' title='bbox 3104 2707 3404 2770; x_wconf 86' lang='lat' dir='ltr'><strong>domestico</strong></span> 
     </span>
    </p>
   </div>
   <div class='ocr_carea' id='block_1_56' title="bbox 162 2795 3409 2869">
    <p class='ocr_par' dir='ltr' id='par_1_56' title="bbox 162 2795 3409 2869">
     <span class='ocr_line' id='line_1_56' title="bbox 162 2795 3409 2869; baseline 0.003 -22"><span class='ocrx_word' id='word_1_407' title='bbox 162 2797 388 2851; x_wconf 83' lang='lat' dir='ltr'><strong>dissidio</strong></span> <span class='ocrx_word' id='word_1_408' title='bbox 411 2798 642 2852; x_wconf 88' lang='lat' dir='ltr'><strong>solutum</strong></span> <span class='ocrx_word' id='word_1_409' title='bbox 671 2816 686 2853; x_wconf 90' lang='lat'><strong>:</strong></span> <span class='ocrx_word' id='word_1_410' title='bbox 718 2799 859 2868; x_wconf 89' lang='lat' dir='ltr'><strong>quod</strong></span> <span class='ocrx_word' id='word_1_411' title='bbox 889 2799 1049 2869; x_wconf 71' lang='lat'><strong>138</strong></span> <span class='ocrx_word' id='word_1_412' title='bbox 1081 2798 1296 2866; x_wconf 89' lang='lat' dir='ltr'><strong>quidem</strong></span> <span class='ocrx_word' id='word_1_413' title='bbox 1333 2807 1558 2852; x_wconf 83' lang='lat' dir='ltr'><strong>externo</strong></span> <span class='ocrx_word' id='word_1_414' title='bbox 1627 2798 1766 2854; x_wconf 91' lang='lat' dir='ltr'><strong>bello</strong></span> <span class='ocrx_word' id='word_1_415' title='bbox 1804 2797 1971 2852; x_wconf 88' lang='lat' dir='ltr'><strong>multo</strong></span> <span class='ocrx_word' id='word_1_416' title='bbox 2034 2795 2277 2850; x_wconf 89' lang='lat' dir='ltr'><strong>odiosius</strong></span> <span class='ocrx_word' id='word_1_417' title='bbox 2320 2804 2404 2849; x_wconf 90' lang='lat' dir='ltr'><strong>est</strong></span> <span class='ocrx_word' id='word_1_418' title='bbox 2437 2796 2720 2868; x_wconf 79' lang='lat' dir='ltr'><strong>magisque</strong></span> <span class='ocrx_word' id='word_1_419' title='bbox 2761 2800 3102 2855; x_wconf 89' lang='lat' dir='ltr'><strong>metuendum</strong></span> <span class='ocrx_word' id='word_1_420' title='bbox 3131 2818 3145 2867; x_wconf 88' lang='lat'><strong>;</strong></span> <span class='ocrx_word' id='word_1_421' title='bbox 3183 2817 3287 2857; x_wconf 93' lang='lat' dir='ltr'><strong>non</strong></span> <span class='ocrx_word' id='word_1_422' title='bbox 3321 2817 3409 2858; x_wconf 87' lang='lat' dir='ltr'><strong>se-</strong></span> 
     </span>
    </p>
   </div>
   <div class='ocr_carea' id='block_1_57' title="bbox 161 2889 2446 2960">
    <p class='ocr_par' dir='ltr' id='par_1_57' title="bbox 161 2889 2446 2960">
     <span class='ocr_line' id='line_1_57' title="bbox 161 2889 2446 2960; baseline 0.003 -23"><span class='ocrx_word' id='word_1_423' title='bbox 161 2896 252 2938; x_wconf 71' lang='lat' dir='ltr'><strong>cus</strong></span> <span class='ocrx_word' id='word_1_424' title='bbox 284 2903 354 2943; x_wconf 87' lang='lat' dir='ltr'><strong>ac</strong></span> <span class='ocrx_word' id='word_1_425' title='bbox 404 2890 650 2958; x_wconf 80' lang='lat' dir='ltr'><strong>proprias</strong></span> <span class='ocrx_word' id='word_1_426' title='bbox 694 2904 885 2945; x_wconf 90' lang='lat' dir='ltr'><strong>carnes</strong></span> <span class='ocrx_word' id='word_1_427' title='bbox 926 2890 1192 2944; x_wconf 90' lang='lat' dir='ltr'><strong>morsibus</strong></span> <span class='ocrx_word' id='word_1_428' title='bbox 1241 2898 1494 2960; x_wconf 87' lang='lat' dir='ltr'><strong>appetere</strong></span> <span class='ocrx_word' id='word_1_429' title='bbox 1541 2890 1854 2944; x_wconf 83' lang='lat' dir='ltr'><strong>horribilius</strong></span> <span class='ocrx_word' id='word_1_430' title='bbox 1888 2898 1992 2952; x_wconf 88' lang='lat' dir='ltr'><strong>est,</strong></span> <span class='ocrx_word' id='word_1_431' title='bbox 2025 2905 2185 2958; x_wconf 88' lang='lat' dir='ltr'><strong>quam</strong></span> <span class='ocrx_word' id='word_1_432' title='bbox 2222 2889 2446 2946; x_wconf 88' lang='lat' dir='ltr'><strong>alienas.</strong></span> 
     </span>
    </p>
   </div>
   <div class='ocr_carea' id='block_1_58' title="bbox 220 2977 1740 3050">
    <p class='ocr_par' dir='ltr' id='par_1_58' title="bbox 220 2977 1740 3050">
     <span class='ocr_line' id='line_1_58' title="bbox 220 2977 1740 3050; baseline 0.003 -20"><span class='ocrx_word' id='word_1_433' title='bbox 220 2980 326 3035; x_wconf 84' lang='lat' dir='ltr'><strong>Pl&#39;.</strong></span> <span class='ocrx_word' id='word_1_434' title='bbox 380 2981 444 3033; x_wconf 82' lang='grc' dir='ltr'>Εί</span> <span class='ocrx_word' id='word_1_435' title='bbox 478 2980 533 3032; x_wconf 87' lang='grc' dir='ltr'>δὲ</span> <span class='ocrx_word' id='word_1_436' title='bbox 579 2979 755 3034; x_wconf 76' lang='grc' dir='ltr'>ταῦτά</span> <span class='ocrx_word' id='word_1_437' title='bbox 802 2999 882 3035; x_wconf 90' lang='grc' dir='ltr'><strong>σοι</strong></span> <span class='ocrx_word' id='word_1_438' title='bbox 928 2980 1265 3050; x_wconf 83' lang='grc' dir='ltr'>κακουργίας</span> <span class='ocrx_word' id='word_1_439' title='bbox 1310 2977 1450 3035; x_wconf 81' lang='grc' dir='ltr'>εἶναι</span> <span class='ocrx_word' id='word_1_440' title='bbox 1493 2981 1640 3036; x_wconf 89' lang='grc' dir='ltr'>δοκεῖ</span> <span class='ocrx_word' id='word_1_441' title='bbox 1680 2982 1740 3035; x_wconf 88' lang='grc' dir='ltr'><strong>τὸ</strong></span> 
     </span>
    </p>
   </div>
   <div class='ocr_carea' id='block_1_59' title="bbox 1919 2981 3403 3056">
    <p class='ocr_par' dir='ltr' id='par_1_59' title="bbox 1919 2981 3403 3056">
     <span class='ocr_line' id='line_1_59' title="bbox 1919 2981 3403 3056; baseline 0.006 -20"><span class='ocrx_word' id='word_1_442' title='bbox 1919 2981 2032 3036; x_wconf 76' lang='lat' dir='ltr'><strong>CX.</strong></span> <span class='ocrx_word' id='word_1_443' title='bbox 2071 2981 2222 3048; x_wconf 85' lang='lat' dir='ltr'><strong>Quod</strong></span> <span class='ocrx_word' id='word_1_444' title='bbox 2273 2983 2318 3036; x_wconf 91' lang='lat' dir='ltr'><strong>si</strong></span> <span class='ocrx_word' id='word_1_445' title='bbox 2368 2999 2430 3037; x_wconf 90' lang='lat' dir='ltr'><strong>ea</strong></span> <span class='ocrx_word' id='word_1_446' title='bbox 2473 2981 2624 3038; x_wconf 85' lang='lat' dir='ltr'><strong>vobis</strong></span> <span class='ocrx_word' id='word_1_447' title='bbox 2673 2996 2947 3040; x_wconf 86' lang='lat' dir='ltr'><strong>versutam</strong></span> <span class='ocrx_word' id='word_1_448' title='bbox 3005 2985 3403 3056; x_wconf 86' lang='lat' dir='ltr'><strong>improbitatem</strong></span> 
     </span>
    </p>
   </div>
   <div class='ocr_carea' id='block_1_60' title="bbox 218 3147 1726 3252">
    <p class='ocr_par' dir='ltr' id='par_1_60' title="bbox 218 3147 1726 3252">
     <span class='ocr_line' id='line_1_60' title="bbox 218 3147 1726 3252; baseline -0.001 -16"><span class='ocrx_word' id='word_1_449' title='bbox 218 3182 336 3252; x_wconf 86' lang='lat'><strong>(6|)</strong></span> <span class='ocrx_word' id='word_1_450' title='bbox 393 3147 774 3251; x_wconf 49' lang='lat' dir='ltr'><strong>‘Epixstniflac,</strong></span> <span class='ocrx_word' id='word_1_451' title='bbox 817 3181 922 3234; x_wconf 85' lang='grc' dir='ltr'>εἴτ’</span> <span class='ocrx_word' id='word_1_452' title='bbox 954 3174 1068 3234; x_wconf 80' lang='grc' dir='ltr'><strong>οὖν</strong></span> <span class='ocrx_word' id='word_1_453' title='bbox 1100 3181 1501 3246; x_wconf 77' lang='grc' dir='ltr'>θεοϐλαϐείας.</span> <span class='ocrx_word' id='word_1_454' title='bbox 1533 3181 1726 3236; x_wconf 86' lang='lat' dir='ltr'><strong>Comb.</strong></span> 
     </span>
    </p>
   </div>
   <div class='ocr_carea' id='block_1_61' title="bbox 1835 3147 3402 3252">
    <p class='ocr_par' dir='ltr' id='par_1_61' title="bbox 1835 3179 3402 3252">
     <span class='ocr_line' id='line_1_61' title="bbox 1835 3179 3402 3252; baseline 0.006 -19"><span class='ocrx_word' id='word_1_455' title='bbox 1835 3180 2079 3246; x_wconf 89' lang='lat' dir='ltr'><strong>serebas,</strong></span> <span class='ocrx_word' id='word_1_456' title='bbox 2126 3189 2179 3252; x_wconf 83' lang='lat' dir='ltr'><strong>et</strong></span> <span class='ocrx_word' id='word_1_457' title='bbox 2234 3179 2636 3244; x_wconf 89' lang='lat' dir='ltr'><strong>constituebas,</strong></span> <span class='ocrx_word' id='word_1_458' title='bbox 2683 3180 2924 3252; x_wconf 80' lang='lat' dir='ltr'><strong>deletum</strong></span> <span class='ocrx_word' id='word_1_459' title='bbox 2973 3196 3028 3236; x_wconf 86' lang='lat' dir='ltr'><strong>et</strong></span> <span class='ocrx_word' id='word_1_460' title='bbox 3077 3184 3402 3244; x_wconf 79' lang='lat' dir='ltr'><strong>exstinctum</strong></span> 
     </span>
    </p>
   </div>
   <div class='ocr_carea' id='block_1_62' title="bbox 162 3252 1730 3320">
    <p class='ocr_par' dir='ltr' id='par_1_62' title="bbox 162 3252 1730 3320">
     <span class='ocr_line' id='line_1_62' title="bbox 162 3252 1730 3320; baseline 0.004 -20"><span class='ocrx_word' id='word_1_461' title='bbox 162 3255 326 3318; x_wconf 62' lang='lat' dir='ltr'><strong>«gllira</strong></span> <span class='ocrx_word' id='word_1_462' title='bbox 362 3253 558 3306; x_wconf 87' lang='lat' dir='ltr'><strong>mentis</strong></span> <span class='ocrx_word' id='word_1_463' title='bbox 580 3268 608 3304; x_wconf 90' lang='lat' dir='ltr'><strong>a</strong></span> <span class='ocrx_word' id='word_1_464' title='bbox 642 3253 747 3306; x_wconf 90' lang='lat' dir='ltr'><strong>Deo</strong></span> <span class='ocrx_word' id='word_1_465' title='bbox 781 3265 1048 3320; x_wconf 70' lang='lat' dir='ltr'><strong>percussae</strong></span> <span class='ocrx_word' id='word_1_466' title='bbox 1075 3252 1339 3304; x_wconf 84' lang='lat' dir='ltr'><strong>Stoliditas</strong></span> <span class='ocrx_word' id='word_1_467' title='bbox 1361 3291 1374 3314; x_wconf 94' lang='lat'><strong>,</strong></span> <span class='ocrx_word' id='word_1_468' title='bbox 1409 3253 1558 3319; x_wconf 90' lang='lat' dir='ltr'><strong>quasi</strong></span> <span class='ocrx_word' id='word_1_469' title='bbox 1591 3252 1730 3306; x_wconf 77' lang='lat' dir='ltr'><strong>laesae</strong></span> 
     </span>
    </p>
   </div>
   <div class='ocr_carea' id='block_1_63' title="bbox 157 3321 1730 3394">
    <p class='ocr_par' dir='ltr' id='par_1_63' title="bbox 157 3321 1730 3394">
     <span class='ocr_line' id='line_1_63' title="bbox 157 3321 1730 3394; baseline 0.001 -21"><span class='ocrx_word' id='word_1_470' title='bbox 157 3325 314 3394; x_wconf 66' lang='lat' dir='ltr'><strong>abeo</strong></span> <span class='ocrx_word' id='word_1_471' title='bbox 341 3324 545 3394; x_wconf 12' lang='lat' dir='ltr'><strong>mentis,</strong></span> <span class='ocrx_word' id='word_1_472' title='bbox 571 3333 810 3394; x_wconf 58' lang='lat' dir='ltr'><strong>stupor.»</strong></span> <span class='ocrx_word' id='word_1_473' title='bbox 839 3321 1101 3374; x_wconf 82' lang='lat' dir='ltr'><strong>Nimirum</strong></span> <span class='ocrx_word' id='word_1_474' title='bbox 1126 3331 1351 3394; x_wconf 81' lang='lat' dir='ltr'><strong>utraque</strong></span> <span class='ocrx_word' id='word_1_475' title='bbox 1380 3337 1500 3394; x_wconf 80' lang='lat' dir='ltr'><strong>vox,</strong></span> <span class='ocrx_word' id='word_1_476' title='bbox 1521 3321 1730 3394; x_wconf 81' lang='grc' dir='ltr'>ἐμπλη-</span> 
     </span>
    </p>
   </div>
   <div class='ocr_carea' id='block_1_64' title="bbox 157 3391 1728 3460">
    <p class='ocr_par' dir='ltr' id='par_1_64' title="bbox 157 3391 1728 3460">
     <span class='ocr_line' id='line_1_64' title="bbox 157 3391 1728 3460; baseline 0.002 -15"><span class='ocrx_word' id='word_1_477' title='bbox 157 3392 234 3458; x_wconf 84' lang='grc' dir='ltr'><strong>ξία</strong></span> <span class='ocrx_word' id='word_1_478' title='bbox 265 3404 321 3446; x_wconf 90' lang='lat' dir='ltr'><strong>et</strong></span> <span class='ocrx_word' id='word_1_479' title='bbox 357 3391 700 3454; x_wconf 76' lang='grc' dir='ltr'>θεοϐλάϐεια,</span> <span class='ocrx_word' id='word_1_480' title='bbox 751 3392 892 3445; x_wconf 90' lang='lat' dir='ltr'><strong>idem</strong></span> <span class='ocrx_word' id='word_1_481' title='bbox 946 3398 1132 3457; x_wconf 81' lang='lat' dir='ltr'><strong>sonat,</strong></span> <span class='ocrx_word' id='word_1_482' title='bbox 1165 3391 1268 3445; x_wconf 89' lang='lat' dir='ltr'><strong>nisi</strong></span> <span class='ocrx_word' id='word_1_483' title='bbox 1317 3392 1457 3460; x_wconf 91' lang='lat' dir='ltr'><strong>quod</strong></span> <span class='ocrx_word' id='word_1_484' title='bbox 1489 3391 1728 3448; x_wconf 81' lang='lat' dir='ltr'><strong>secunda</strong></span> 
     </span>
    </p>
   </div>
   <div class='ocr_carea' id='block_1_65' title="bbox 158 3462 947 3530">
    <p class='ocr_par' dir='ltr' id='par_1_65' title="bbox 158 3462 947 3530">
     <span class='ocr_line' id='line_1_65' title="bbox 158 3462 947 3530; baseline 0.001 -15"><span class='ocrx_word' id='word_1_485' title='bbox 158 3475 312 3526; x_wconf 78' lang='lat' dir='ltr'><strong>auget</strong></span> <span class='ocrx_word' id='word_1_486' title='bbox 343 3475 399 3515; x_wconf 89' lang='lat' dir='ltr'><strong>et</strong></span> <span class='ocrx_word' id='word_1_487' title='bbox 433 3465 661 3530; x_wconf 85' lang='lat' dir='ltr'><strong>primam</strong></span> <span class='ocrx_word' id='word_1_488' title='bbox 692 3462 947 3530; x_wconf 75' lang='lat' dir='ltr'><strong>explicat.</strong></span> 
     </span>
    </p>
   </div>
   <div class='ocr_carea' id='block_1_66' title="bbox 217 3529 1728 3602">
    <p class='ocr_par' dir='ltr' id='par_1_66' title="bbox 217 3529 1728 3602">
     <span class='ocr_line' id='line_1_66' title="bbox 217 3529 1728 3602; baseline -0.001 -13"><span class='ocrx_word' id='word_1_489' title='bbox 217 3535 332 3602; x_wconf 74' lang='grc'>(6-2)</span> <span class='ocrx_word' id='word_1_490' title='bbox 378 3529 488 3587; x_wconf 79' lang='grc' dir='ltr'><strong>Καὶ</strong></span> <span class='ocrx_word' id='word_1_491' title='bbox 517 3531 583 3585; x_wconf 82' lang='grc' dir='ltr'>τὸ</span> <span class='ocrx_word' id='word_1_492' title='bbox 615 3532 811 3601; x_wconf 81' lang='grc' dir='ltr'>μυεῖν.</span> <span class='ocrx_word' id='word_1_493' title='bbox 841 3529 930 3586; x_wconf 88' lang='lat' dir='ltr'><strong>Sic</strong></span> <span class='ocrx_word' id='word_1_494' title='bbox 960 3531 1065 3585; x_wconf 93' lang='lat' dir='ltr'><strong>duo</strong></span> <span class='ocrx_word' id='word_1_495' title='bbox 1096 3529 1263 3601; x_wconf 80' lang='lat' dir='ltr'><strong>Regg.</strong></span> <span class='ocrx_word' id='word_1_496' title='bbox 1296 3539 1350 3584; x_wconf 94' lang='lat' dir='ltr'><strong>et</strong></span> <span class='ocrx_word' id='word_1_497' title='bbox 1378 3529 1528 3586; x_wconf 80' lang='lat' dir='ltr'><strong>PaSs.</strong></span> <span class='ocrx_word' id='word_1_498' title='bbox 1566 3532 1728 3588; x_wconf 90' lang='lat' dir='ltr'><strong>Deest</strong></span> 
     </span>
    </p>
   </div>
   <div class='ocr_carea' id='block_1_67' title="bbox 161 3603 1206 3656">
    <p class='ocr_par' dir='ltr' id='par_1_67' title="bbox 161 3603 1206 3656">
     <span class='ocr_line' id='line_1_67' title="bbox 161 3603 1206 3656; baseline 0.001 -2"><span class='ocrx_word' id='word_1_499' title='bbox 161 3604 215 3654; x_wconf 78' lang='grc' dir='ltr'><strong>τύ</strong></span> <span class='ocrx_word' id='word_1_500' title='bbox 250 3607 302 3654; x_wconf 85' lang='lat' dir='ltr'><strong>in</strong></span> <span class='ocrx_word' id='word_1_501' title='bbox 337 3608 424 3656; x_wconf 82' lang='lat' dir='ltr'><strong>ed.</strong></span> <span class='ocrx_word' id='word_1_502' title='bbox 1201 3603 1206 3610; x_wconf 87' lang='grc'><em>’</em></span> 
     </span>
    </p>
   </div>
   <div class='ocr_carea' id='block_1_68' title="bbox 216 3670 1726 3740">
    <p class='ocr_par' dir='ltr' id='par_1_68' title="bbox 216 3670 1726 3740">
     <span class='ocr_line' id='line_1_68' title="bbox 216 3670 1726 3740; baseline 0.001 -14"><span class='ocrx_word' id='word_1_503' title='bbox 216 3673 330 3738; x_wconf 78' lang='grc'>(65)</span> <span class='ocrx_word' id='word_1_504' title='bbox 371 3672 754 3726; x_wconf 75' lang='grc' dir='ltr'>Βαϐυλώνιον</span> <span class='ocrx_word' id='word_1_505' title='bbox 773 3713 787 3727; x_wconf 90' lang='grc'><strong>.</strong></span> <span class='ocrx_word' id='word_1_506' title='bbox 811 3708 826 3724; x_wconf 90' lang='grc'><strong>.</strong></span> <span class='ocrx_word' id='word_1_507' title='bbox 846 3710 860 3725; x_wconf 91' lang='grc'><strong>.</strong></span> <span class='ocrx_word' id='word_1_508' title='bbox 883 3670 1225 3740; x_wconf 77' lang='grc' dir='ltr'>Αίγύπτιον.</span> <span class='ocrx_word' id='word_1_509' title='bbox 1262 3670 1412 3725; x_wconf 83' lang='lat' dir='ltr'><strong>Pass.</strong></span> <span class='ocrx_word' id='word_1_510' title='bbox 1447 3686 1568 3726; x_wconf 92' lang='lat' dir='ltr'><strong>cum</strong></span> <span class='ocrx_word' id='word_1_511' title='bbox 1605 3673 1726 3728; x_wconf 91' lang='lat' dir='ltr'><strong>aliis</strong></span> 
     </span>
    </p>
   </div>
   <div class='ocr_carea' id='block_1_69' title="bbox 153 3742 1334 3810">
    <p class='ocr_par' dir='ltr' id='par_1_69' title="bbox 153 3742 1334 3810">
     <span class='ocr_line' id='line_1_69' title="bbox 153 3742 1334 3810; baseline 0.003 -19"><span class='ocrx_word' id='word_1_512' title='bbox 153 3743 496 3810; x_wconf 87' lang='lat' dir='ltr'><strong>quibusdam,</strong></span> <span class='ocrx_word' id='word_1_513' title='bbox 527 3742 878 3796; x_wconf 74' lang='grc' dir='ltr'>Βαϐυλωνίων</span> <span class='ocrx_word' id='word_1_514' title='bbox 898 3782 910 3794; x_wconf 92' lang='grc'><strong>.</strong></span> <span class='ocrx_word' id='word_1_515' title='bbox 933 3782 947 3795; x_wconf 93' lang='grc'><strong>.</strong></span> <span class='ocrx_word' id='word_1_516' title='bbox 969 3779 983 3794; x_wconf 93' lang='grc'><strong>.</strong></span> <span class='ocrx_word' id='word_1_517' title='bbox 1007 3742 1334 3809; x_wconf 82' lang='grc' dir='ltr'>Αἰγυπτίων.</span> 
     </span>
    </p>
   </div>
   <div class='ocr_carea' id='block_1_70' title="bbox 217 3811 1723 3883">
    <p class='ocr_par' dir='ltr' id='par_1_70' title="bbox 217 3811 1723 3883">
     <span class='ocr_line' id='line_1_70' title="bbox 217 3811 1723 3883; baseline 0.003 -19"><span class='ocrx_word' id='word_1_518' title='bbox 217 3813 332 3883; x_wconf 67' lang='grc'>(64)</span> <span class='ocrx_word' id='word_1_519' title='bbox 383 3813 762 3881; x_wconf 78' lang='grc' dir='ltr'>Γεωμετρεῐν.</span> <span class='ocrx_word' id='word_1_520' title='bbox 793 3811 982 3883; x_wconf 66' lang='lat' dir='ltr'><strong>Cornb.</strong></span> <span class='ocrx_word' id='word_1_521' title='bbox 1015 3812 1160 3879; x_wconf 83' lang='lat' dir='ltr'><strong>legit,</strong></span> <span class='ocrx_word' id='word_1_522' title='bbox 1190 3812 1491 3881; x_wconf 85' lang='grc' dir='ltr'>γοητεύειν,</span> <span class='ocrx_word' id='word_1_523' title='bbox 1523 3821 1577 3866; x_wconf 91' lang='lat' dir='ltr'><strong>et</strong></span> <span class='ocrx_word' id='word_1_524' title='bbox 1608 3828 1723 3867; x_wconf 86' lang='lat' dir='ltr'><strong>ver-</strong></span> 
     </span>
    </p>
   </div>
   <div class='ocr_carea' id='block_1_71' title="bbox 157 3881 1724 3952">
    <p class='ocr_par' dir='ltr' id='par_1_71' title="bbox 157 3881 1724 3952">
     <span class='ocr_line' id='line_1_71' title="bbox 157 3881 1724 3952; baseline 0.002 -18"><span class='ocrx_word' id='word_1_525' title='bbox 157 3885 248 3936; x_wconf 90' lang='lat' dir='ltr'><strong>tit:</strong></span> <span class='ocrx_word' id='word_1_526' title='bbox 287 3881 318 3933; x_wconf 75' lang='grc' dir='ltr'>ι’</span> <span class='ocrx_word' id='word_1_527' title='bbox 340 3899 524 3936; x_wconf 84' lang='lat' dir='ltr'><strong>nonne</strong></span> <span class='ocrx_word' id='word_1_528' title='bbox 553 3883 846 3938; x_wconf 86' lang='lat' dir='ltr'><strong>incantatio</strong></span> <span class='ocrx_word' id='word_1_529' title='bbox 869 3881 1279 3951; x_wconf 62' lang='lat' dir='ltr'><strong>Egyptiorum?</strong></span> <span class='ocrx_word' id='word_1_530' title='bbox 1305 3903 1324 3934; x_wconf 69' lang='grc' dir='ltr'><strong>ι</strong></span> <span class='ocrx_word' id='word_1_531' title='bbox 1362 3882 1574 3934; x_wconf 83' lang='lat' dir='ltr'><strong>Nullum</strong></span> <span class='ocrx_word' id='word_1_532' title='bbox 1607 3899 1724 3952; x_wconf 86' lang='lat' dir='ltr'><strong>pro-</strong></span> 
     </span>
    </p>
   </div>
   <div class='ocr_carea' id='block_1_72' title="bbox 153 3952 1723 4021">
    <p class='ocr_par' dir='ltr' id='par_1_72' title="bbox 153 3952 1723 4021">
     <span class='ocr_line' id='line_1_72' title="bbox 153 3952 1723 4021; baseline 0.003 -18"><span class='ocrx_word' id='word_1_533' title='bbox 153 3955 249 4005; x_wconf 82' lang='lat' dir='ltr'><strong>fert</strong></span> <span class='ocrx_word' id='word_1_534' title='bbox 281 3954 570 4018; x_wconf 86' lang='lat' dir='ltr'><strong>codicem;</strong></span> <span class='ocrx_word' id='word_1_535' title='bbox 615 3954 707 4008; x_wconf 91' lang='lat' dir='ltr'><strong>sed</strong></span> <span class='ocrx_word' id='word_1_536' title='bbox 751 3952 848 4006; x_wconf 90' lang='lat' dir='ltr'><strong>has</strong></span> <span class='ocrx_word' id='word_1_537' title='bbox 879 3955 1115 4006; x_wconf 86' lang='lat' dir='ltr'><strong>rationes</strong></span> <span class='ocrx_word' id='word_1_538' title='bbox 1154 3952 1284 4016; x_wconf 85' lang='lat' dir='ltr'><strong>edit,</strong></span> <span class='ocrx_word' id='word_1_539' title='bbox 1331 3953 1472 4020; x_wconf 89' lang='lat' dir='ltr'><strong>quod</strong></span> <span class='ocrx_word' id='word_1_540' title='bbox 1506 3967 1723 4021; x_wconf 86' lang='lat' dir='ltr'><strong>geome-</strong></span> 
     </span>
    </p>
   </div>
   <div class='ocr_carea' id='block_1_73' title="bbox 153 4022 1722 4093">
    <p class='ocr_par' dir='ltr' id='par_1_73' title="bbox 153 4022 1722 4093">
     <span class='ocr_line' id='line_1_73' title="bbox 153 4022 1722 4093; baseline 0.005 -21"><span class='ocrx_word' id='word_1_541' title='bbox 153 4025 246 4093; x_wconf 84' lang='lat' dir='ltr'><strong>tria</strong></span> <span class='ocrx_word' id='word_1_542' title='bbox 291 4027 363 4076; x_wconf 84' lang='lat' dir='ltr'><strong>ad</strong></span> <span class='ocrx_word' id='word_1_543' title='bbox 397 4024 746 4093; x_wconf 78' lang='lat' dir='ltr'><strong>impietatem</strong></span> <span class='ocrx_word' id='word_1_544' title='bbox 795 4037 903 4076; x_wconf 91' lang='lat' dir='ltr'><strong>non</strong></span> <span class='ocrx_word' id='word_1_545' title='bbox 941 4022 1227 4089; x_wconf 84' lang='lat' dir='ltr'><strong>pertineat.</strong></span> <span class='ocrx_word' id='word_1_546' title='bbox 1275 4034 1332 4076; x_wconf 90' lang='lat' dir='ltr'><strong>ut</strong></span> <span class='ocrx_word' id='word_1_547' title='bbox 1372 4032 1569 4093; x_wconf 68' lang='lat' dir='ltr'><strong>caetera</strong></span> <span class='ocrx_word' id='word_1_548' title='bbox 1602 4040 1722 4093; x_wconf 75' lang='lat' dir='ltr'><strong>qtue</strong></span> 
     </span>
    </p>
   </div>
   <div class='ocr_carea' id='block_1_74' title="bbox 154 4090 1722 4164">
    <p class='ocr_par' dir='ltr' id='par_1_74' title="bbox 154 4090 1722 4164">
     <span class='ocr_line' id='line_1_74' title="bbox 154 4090 1722 4164; baseline 0.004 -21"><span class='ocrx_word' id='word_1_549' title='bbox 154 4092 233 4145; x_wconf 84' lang='lat' dir='ltr'><strong>hic</strong></span> <span class='ocrx_word' id='word_1_550' title='bbox 286 4109 319 4146; x_wconf 87' lang='lat' dir='ltr'><strong>a</strong></span> <span class='ocrx_word' id='word_1_551' title='bbox 379 4090 642 4164; x_wconf 77' lang='lat' dir='ltr'><strong>Gregorio</strong></span> <span class='ocrx_word' id='word_1_552' title='bbox 681 4104 1085 4164; x_wconf 43' lang='lat' dir='ltr'><strong>recensentur;</strong></span> <span class='ocrx_word' id='word_1_553' title='bbox 1131 4093 1348 4164; x_wconf 83' lang='lat' dir='ltr'><strong>deinde</strong></span> <span class='ocrx_word' id='word_1_554' title='bbox 1378 4090 1722 4164; x_wconf 29' lang='lat' dir='ltr'><strong>quodhElias</strong></span> 
     </span>
    </p>
   </div>
   <div class='ocr_carea' id='block_1_75' title="bbox 151 4160 1721 4230">
    <p class='ocr_par' dir='ltr' id='par_1_75' title="bbox 151 4160 1721 4230">
     <span class='ocr_line' id='line_1_75' title="bbox 151 4160 1721 4230; baseline 0.004 -18"><span class='ocrx_word' id='word_1_555' title='bbox 151 4166 459 4228; x_wconf 67' lang='lat' dir='ltr'><strong>geometriae</strong></span> <span class='ocrx_word' id='word_1_556' title='bbox 498 4160 602 4217; x_wconf 75' lang='lat' dir='ltr'>non</span> <span class='ocrx_word' id='word_1_557' title='bbox 642 4173 873 4230; x_wconf 84' lang='lat' dir='ltr'><strong>opponat</strong></span> <span class='ocrx_word' id='word_1_558' title='bbox 923 4160 1174 4230; x_wconf 73' lang='grc' dir='ltr'>μαγείαν,</span> <span class='ocrx_word' id='word_1_559' title='bbox 1222 4162 1296 4214; x_wconf 92' lang='lat' dir='ltr'><strong>uti</strong></span> <span class='ocrx_word' id='word_1_560' title='bbox 1340 4160 1404 4219; x_wconf 82' lang='lat' dir='ltr'><strong>in.</strong></span> <span class='ocrx_word' id='word_1_561' title='bbox 1444 4161 1596 4214; x_wconf 86' lang='lat' dir='ltr'><strong>Billio</strong></span> <span class='ocrx_word' id='word_1_562' title='bbox 1645 4165 1721 4218; x_wconf 90' lang='lat' dir='ltr'><strong>le-</strong></span> 
     </span>
    </p>
   </div>
   <div class='ocr_carea' id='block_1_76' title="bbox 151 4230 1719 4306">
    <p class='ocr_par' dir='ltr' id='par_1_76' title="bbox 151 4230 1719 4306">
     <span class='ocr_line' id='line_1_76' title="bbox 151 4230 1719 4306; baseline 0.005 -26"><span class='ocrx_word' id='word_1_563' title='bbox 151 4235 585 4306; x_wconf 12' lang='lat' dir='ltr'><strong>gitur;rdemum</strong></span> <span class='ocrx_word' id='word_1_564' title='bbox 629 4233 770 4306; x_wconf 71' lang='lat' dir='ltr'><strong>quod</strong></span> <span class='ocrx_word' id='word_1_565' title='bbox 803 4233 1149 4306; x_wconf 80' lang='lat' dir='ltr'><strong>adversantes</strong></span> <span class='ocrx_word' id='word_1_566' title='bbox 1197 4230 1368 4302; x_wconf 85' lang='lat' dir='ltr'><strong>Moysi</strong></span> <span class='ocrx_word' id='word_1_567' title='bbox 1417 4233 1719 4306; x_wconf 73' lang='lat' dir='ltr'><strong>prtestigia-</strong></span> 
     </span>
    </p>
   </div>
   <div class='ocr_carea' id='block_1_77' title="bbox 151 4300 1048 4370">
    <p class='ocr_par' dir='ltr' id='par_1_77' title="bbox 151 4300 1048 4370">
     <span class='ocr_line' id='line_1_77' title="bbox 151 4300 1048 4370; baseline 0.001 -17"><span class='ocrx_word' id='word_1_568' title='bbox 151 4313 287 4357; x_wconf 85' lang='lat' dir='ltr'><strong>tores</strong></span> <span class='ocrx_word' id='word_1_569' title='bbox 323 4304 416 4356; x_wconf 88' lang='lat' dir='ltr'><strong>hic</strong></span> <span class='ocrx_word' id='word_1_570' title='bbox 449 4304 703 4370; x_wconf 82' lang='lat' dir='ltr'><strong>respiciat</strong></span> <span class='ocrx_word' id='word_1_571' title='bbox 733 4300 1048 4368; x_wconf 87' lang='lat' dir='ltr'><strong>Gregorius.</strong></span> 
     </span>
    </p>
   </div>
   <div class='ocr_carea' id='block_1_78' title="bbox 213 4370 986 4442">
    <p class='ocr_par' dir='ltr' id='par_1_78' title="bbox 213 4370 986 4442">
     <span class='ocr_line' id='line_1_78' title="bbox 213 4370 986 4442; baseline -0.004 -17"><span class='ocrx_word' id='word_1_572' title='bbox 213 4373 326 4442; x_wconf 84' lang='grc'>(65)</span> <span class='ocrx_word' id='word_1_573' title='bbox 379 4373 584 4425; x_wconf 78' lang='grc' dir='ltr'><strong>Τίνων.</strong></span> <span class='ocrx_word' id='word_1_574' title='bbox 619 4370 770 4442; x_wconf 82' lang='lat' dir='ltr'><strong>Pass.</strong></span> <span class='ocrx_word' id='word_1_575' title='bbox 801 4371 986 4442; x_wconf 61' lang='lat' dir='ltr'><strong>again»).</strong></span> 
     </span>
    </p>
   </div>
   <div class='ocr_carea' id='block_1_79' title="bbox 210 4440 1528 4512">
    <p class='ocr_par' dir='ltr' id='par_1_79' title="bbox 210 4440 1528 4512">
     <span class='ocr_line' id='line_1_79' title="bbox 210 4440 1528 4512; baseline 0.002 -17"><span class='ocrx_word' id='word_1_576' title='bbox 210 4440 323 4506; x_wconf 81' lang='lat'><strong>(66)</strong></span> <span class='ocrx_word' id='word_1_577' title='bbox 374 4442 500 4512; x_wconf 67' lang='grc' dir='ltr'><strong>Τῶν</strong></span> <span class='ocrx_word' id='word_1_578' title='bbox 526 4441 787 4510; x_wconf 79' lang='grc' dir='ltr'>πρώτων.</span> <span class='ocrx_word' id='word_1_579' title='bbox 821 4440 934 4512; x_wconf 86' lang='lat' dir='ltr'><strong>Duo</strong></span> <span class='ocrx_word' id='word_1_580' title='bbox 972 4441 1134 4510; x_wconf 86' lang='lat' dir='ltr'><strong>Regg.</strong></span> <span class='ocrx_word' id='word_1_581' title='bbox 1153 4440 1528 4512; x_wconf 15' lang='lat' dir='ltr'><strong>ictBVAi-rptb-cov.</strong></span> 
     </span>
    </p>
   </div>
   <div class='ocr_carea' id='block_1_80' title="bbox 1831 3251 3403 3319">
    <p class='ocr_par' dir='ltr' id='par_1_80' title="bbox 1831 3251 3403 3319">
     <span class='ocr_line' id='line_1_80' title="bbox 1831 3251 3403 3319; baseline 0.006 -15"><span class='ocrx_word' id='word_1_582' title='bbox 1831 3261 2002 3314; x_wconf 81' lang='lat' dir='ltr'><strong>esset,</strong></span> <span class='ocrx_word' id='word_1_583' title='bbox 2047 3261 2105 3303; x_wconf 91' lang='lat' dir='ltr'><strong>ut</strong></span> <span class='ocrx_word' id='word_1_584' title='bbox 2143 3251 2254 3319; x_wconf 86' lang='lat' dir='ltr'><strong>jam</strong></span> <span class='ocrx_word' id='word_1_585' title='bbox 2286 3251 2520 3319; x_wconf 88' lang='lat' dir='ltr'><strong>negotiis</strong></span> <span class='ocrx_word' id='word_1_586' title='bbox 2545 3251 2798 3305; x_wconf 91' lang='lat' dir='ltr'><strong>omnibus</strong></span> <span class='ocrx_word' id='word_1_587' title='bbox 2827 3252 3070 3312; x_wconf 82' lang='lat' dir='ltr'><strong>liberati,</strong></span> <span class='ocrx_word' id='word_1_588' title='bbox 3115 3255 3291 3308; x_wconf 70' lang='lat' dir='ltr'><strong>lanam</strong></span> <span class='ocrx_word' id='word_1_589' title='bbox 3347 3268 3403 3312; x_wconf 88' lang='lat' dir='ltr'><strong>et</strong></span> 
     </span>
    </p>
   </div>
   <div class='ocr_carea' id='block_1_81' title="bbox 1831 3321 3402 3393">
    <p class='ocr_par' dir='ltr' id='par_1_81' title="bbox 1831 3321 3402 3393">
     <span class='ocr_line' id='line_1_81' title="bbox 1831 3321 3402 3393; baseline 0.004 -18"><span class='ocrx_word' id='word_1_590' title='bbox 1831 3321 2070 3393; x_wconf 82' lang='lat' dir='ltr'><strong>beatam,</strong></span> <span class='ocrx_word' id='word_1_591' title='bbox 2095 3321 2309 3393; x_wconf 8' lang='lat' dir='ltr'><strong>utgolim</strong></span> <span class='ocrx_word' id='word_1_592' title='bbox 2340 3322 2562 3393; x_wconf 78' lang='lat' dir='ltr'><strong>ﬂorente</strong></span> <span class='ocrx_word' id='word_1_593' title='bbox 2597 3323 2928 3393; x_wconf 88' lang='lat' dir='ltr'><strong>paganismo,</strong></span> <span class='ocrx_word' id='word_1_594' title='bbox 2965 3323 3128 3377; x_wconf 89' lang='lat' dir='ltr'><strong>vitam</strong></span> <span class='ocrx_word' id='word_1_595' title='bbox 3149 3329 3402 3393; x_wconf 81' lang='lat' dir='ltr'><strong>ageretis,</strong></span> 
     </span>
    </p>
   </div>
   <div class='ocr_carea' id='block_1_82' title="bbox 1830 3390 3397 3463">
    <p class='ocr_par' dir='ltr' id='par_1_82' title="bbox 1830 3390 3397 3463">
     <span class='ocr_line' id='line_1_82' title="bbox 1830 3390 3397 3463; baseline 0.004 -18"><span class='ocrx_word' id='word_1_596' title='bbox 1830 3406 1928 3463; x_wconf 85' lang='lat' dir='ltr'><strong>nec</strong></span> <span class='ocrx_word' id='word_1_597' title='bbox 1949 3390 2101 3463; x_wconf 80' lang='lat' dir='ltr'><strong>ullis,</strong></span> <span class='ocrx_word' id='word_1_598' title='bbox 2126 3391 2196 3463; x_wconf 87' lang='lat' dir='ltr'><strong>ob</strong></span> <span class='ocrx_word' id='word_1_599' title='bbox 2233 3391 2557 3444; x_wconf 86' lang='lat' dir='ltr'><strong>contrariam</strong></span> <span class='ocrx_word' id='word_1_600' title='bbox 2586 3392 3017 3463; x_wconf 75' lang='lat' dir='ltr'><strong>Christianorum</strong></span> <span class='ocrx_word' id='word_1_601' title='bbox 3056 3390 3397 3463; x_wconf 74' lang='lat' dir='ltr'><strong>religionem,</strong></span> 
     </span>
    </p>
   </div>
   <div class='ocr_carea' id='block_1_83' title="bbox 1829 3461 3400 3530">
    <p class='ocr_par' dir='ltr' id='par_1_83' title="bbox 1829 3461 3400 3530">
     <span class='ocr_line' id='line_1_83' title="bbox 1829 3461 3400 3530; baseline 0.004 -16"><span class='ocrx_word' id='word_1_602' title='bbox 1829 3461 2068 3515; x_wconf 90' lang='lat' dir='ltr'><strong>dissidiis</strong></span> <span class='ocrx_word' id='word_1_603' title='bbox 2107 3461 2573 3530; x_wconf 13' lang='lat' dir='ltr'><strong>agitatamnretc.</strong></span> <span class='ocrx_word' id='word_1_604' title='bbox 2606 3461 2865 3528; x_wconf 86' lang='lat' dir='ltr'><strong>Quartam</strong></span> <span class='ocrx_word' id='word_1_605' title='bbox 2899 3461 3054 3516; x_wconf 91' lang='lat' dir='ltr'><strong>nobis</strong></span> <span class='ocrx_word' id='word_1_606' title='bbox 3103 3461 3263 3518; x_wconf 76' lang='lat' dir='ltr'><strong>liceat</strong></span> <span class='ocrx_word' id='word_1_607' title='bbox 3306 3461 3400 3521; x_wconf 52' lang='lat' dir='ltr'><strong>ex;</strong></span> 
     </span>
    </p>
   </div>
   <div class='ocr_carea' id='block_1_84' title="bbox 1828 3529 3398 3600">
    <p class='ocr_par' dir='ltr' id='par_1_84' title="bbox 1828 3529 3398 3600">
     <span class='ocr_line' id='line_1_84' title="bbox 1828 3529 3398 3600; baseline 0.006 -16"><span class='ocrx_word' id='word_1_608' title='bbox 1828 3529 2159 3599; x_wconf 86' lang='lat' dir='ltr'><strong>positionem</strong></span> <span class='ocrx_word' id='word_1_609' title='bbox 2181 3531 2394 3585; x_wconf 79' lang='lat' dir='ltr'><strong>afferre.</strong></span> <span class='ocrx_word' id='word_1_610' title='bbox 2431 3529 2609 3584; x_wconf 87' lang='lat' dir='ltr'><strong>Primo</strong></span> <span class='ocrx_word' id='word_1_611' title='bbox 2632 3532 2846 3600; x_wconf 86' lang='lat' dir='ltr'><strong>quidem</strong></span> <span class='ocrx_word' id='word_1_612' title='bbox 2879 3533 3255 3594; x_wconf 78' lang='lat' dir='ltr'><strong>existimamus</strong></span> <span class='ocrx_word' id='word_1_613' title='bbox 3283 3537 3398 3594; x_wconf 69' lang='lat' dir='ltr'><strong>haec</strong></span> 
     </span>
    </p>
   </div>
   <div class='ocr_carea' id='block_1_85' title="bbox 1827 3599 3396 3673">
    <p class='ocr_par' dir='ltr' id='par_1_85' title="bbox 1827 3599 3396 3673">
     <span class='ocr_line' id='line_1_85' title="bbox 1827 3599 3396 3673; baseline 0.006 -21"><span class='ocrx_word' id='word_1_614' title='bbox 1827 3602 2024 3673; x_wconf 66' lang='lat' dir='ltr'><strong>verba;</strong></span> <span class='ocrx_word' id='word_1_615' title='bbox 2055 3599 2268 3672; x_wconf 82' lang='grc' dir='ltr'>πρῶτος</span> <span class='ocrx_word' id='word_1_616' title='bbox 2293 3601 2402 3673; x_wconf 80' lang='grc' dir='ltr'><strong>γὰρ</strong></span> <span class='ocrx_word' id='word_1_617' title='bbox 2431 3599 2790 3672; x_wconf 67' lang='grc' dir='ltr'>Χριστιανῶν,</span> <span class='ocrx_word' id='word_1_618' title='bbox 2819 3615 2949 3666; x_wconf 89' lang='lat' dir='ltr'><strong>etc.,</strong></span> <span class='ocrx_word' id='word_1_619' title='bbox 2980 3621 2996 3653; x_wconf 79' lang='grc' dir='ltr'><strong>ι</strong></span> <span class='ocrx_word' id='word_1_620' title='bbox 3028 3605 3230 3672; x_wconf 90' lang='lat' dir='ltr'><strong>primus</strong></span> <span class='ocrx_word' id='word_1_621' title='bbox 3253 3609 3396 3662; x_wconf 90' lang='lat' dir='ltr'><strong>enim</strong></span> 
     </span>
    </p>
   </div>
   <div class='ocr_carea' id='block_1_86' title="bbox 1826 3669 3400 3744">
    <p class='ocr_par' dir='ltr' id='par_1_86' title="bbox 1826 3669 3400 3744">
     <span class='ocr_line' id='line_1_86' title="bbox 1826 3669 3400 3744; baseline 0.004 -20"><span class='ocrx_word' id='word_1_622' title='bbox 1826 3669 2278 3744; x_wconf 83' lang='lat' dir='ltr'><strong>Christianorum,</strong></span> <span class='ocrx_word' id='word_1_623' title='bbox 2305 3669 2326 3722; x_wconf 70' lang='lat' dir='ltr'><strong>i</strong></span> <span class='ocrx_word' id='word_1_624' title='bbox 2361 3669 2494 3744; x_wconf 72' lang='lat' dir='ltr'><strong>etc.,</strong></span> <span class='ocrx_word' id='word_1_625' title='bbox 2518 3687 2636 3725; x_wconf 87' lang='lat' dir='ltr'><strong>esse</strong></span> <span class='ocrx_word' id='word_1_626' title='bbox 2667 3669 3054 3740; x_wconf 84' lang='lat' dir='ltr'><strong>expositionem</strong></span> <span class='ocrx_word' id='word_1_627' title='bbox 3085 3675 3233 3728; x_wconf 84' lang='lat' dir='ltr'><strong>vocis</strong></span> <span class='ocrx_word' id='word_1_628' title='bbox 3262 3693 3400 3744; x_wconf 69' lang='lat' dir='ltr'><strong>pim-</strong></span> 
     </span>
    </p>
   </div>
   <div class='ocr_carea' id='block_1_87' title="bbox 1827 3741 3391 3812">
    <p class='ocr_par' dir='ltr' id='par_1_87' title="bbox 1827 3741 3391 3812">
     <span class='ocr_line' id='line_1_87' title="bbox 1827 3741 3391 3812; baseline 0.005 -19"><span class='ocrx_word' id='word_1_629' title='bbox 1827 3742 2086 3812; x_wconf 74' lang='lat' dir='ltr'><strong>cedentis,</strong></span> <span class='ocrx_word' id='word_1_630' title='bbox 2128 3741 2500 3812; x_wconf 80' lang='grc' dir='ltr'>καινοτομίας,</span> <span class='ocrx_word' id='word_1_631' title='bbox 2531 3744 2674 3810; x_wconf 86' lang='lat' dir='ltr'><strong>quod</strong></span> <span class='ocrx_word' id='word_1_632' title='bbox 2707 3754 2852 3797; x_wconf 89' lang='lat' dir='ltr'><strong>certe</strong></span> <span class='ocrx_word' id='word_1_633' title='bbox 2888 3758 3044 3797; x_wconf 90' lang='lat' dir='ltr'><strong>nemo</strong></span> <span class='ocrx_word' id='word_1_634' title='bbox 3095 3741 3391 3812; x_wconf 79' lang='lat' dir='ltr'><strong>negaverit.</strong></span> 
     </span>
    </p>
   </div>
   <div class='ocr_carea' id='block_1_88' title="bbox 1826 3811 3393 3882">
    <p class='ocr_par' dir='ltr' id='par_1_88' title="bbox 1826 3811 3393 3882">
     <span class='ocr_line' id='line_1_88' title="bbox 1826 3811 3393 3882; baseline 0.004 -18"><span class='ocrx_word' id='word_1_635' title='bbox 1826 3811 2031 3882; x_wconf 84' lang='lat' dir='ltr'><strong>Deinde</strong></span> <span class='ocrx_word' id='word_1_636' title='bbox 2082 3813 2182 3865; x_wconf 86' lang='lat' dir='ltr'><strong>hac</strong></span> <span class='ocrx_word' id='word_1_637' title='bbox 2218 3811 2572 3878; x_wconf 79' lang='lat' dir='ltr'><strong>expositione.</strong></span> <span class='ocrx_word' id='word_1_638' title='bbox 2621 3813 2783 3866; x_wconf 89' lang='lat' dir='ltr'><strong>veluti</strong></span> <span class='ocrx_word' id='word_1_639' title='bbox 2827 3813 3008 3866; x_wconf 81' lang='lat' dir='ltr'><strong>clausa</strong></span> <span class='ocrx_word' id='word_1_640' title='bbox 3056 3811 3393 3882; x_wconf 85' lang='lat' dir='ltr'><strong>parenthesi,</strong></span> 
     </span>
    </p>
   </div>
   <div class='ocr_carea' id='block_1_89' title="bbox 1825 3881 3392 3941">
    <p class='ocr_par' dir='ltr' id='par_1_89' title="bbox 1825 3881 3392 3941">
     <span class='ocr_line' id='line_1_89' title="bbox 1825 3881 3392 3941; baseline 0.005 -8"><span class='ocrx_word' id='word_1_641' title='bbox 1825 3890 1880 3933; x_wconf 90' lang='lat' dir='ltr'><strong>et</strong></span> <span class='ocrx_word' id='word_1_642' title='bbox 1905 3881 1970 3934; x_wconf 90' lang='lat' dir='ltr'><strong>ad</strong></span> <span class='ocrx_word' id='word_1_643' title='bbox 2001 3896 2111 3935; x_wconf 77' lang='lat' dir='ltr'><strong>suae</strong></span> <span class='ocrx_word' id='word_1_644' title='bbox 2145 3883 2404 3936; x_wconf 90' lang='lat' dir='ltr'><strong>orationis</strong></span> <span class='ocrx_word' id='word_1_645' title='bbox 2441 3882 2699 3936; x_wconf 90' lang='lat' dir='ltr'><strong>terminos</strong></span> <span class='ocrx_word' id='word_1_646' title='bbox 2744 3894 2993 3936; x_wconf 88' lang='lat' dir='ltr'><strong>revocata</strong></span> <span class='ocrx_word' id='word_1_647' title='bbox 3021 3883 3073 3936; x_wconf 92' lang='lat' dir='ltr'><strong>in</strong></span> <span class='ocrx_word' id='word_1_648' title='bbox 3117 3899 3212 3938; x_wconf 90' lang='lat' dir='ltr'><strong>sua</strong></span> <span class='ocrx_word' id='word_1_649' title='bbox 3242 3881 3392 3941; x_wconf 50' lang='lat' dir='ltr'><strong>com?</strong></span> 
     </span>
    </p>
   </div>
   <div class='ocr_carea' id='block_1_90' title="bbox 1825 3950 3395 4021">
    <p class='ocr_par' dir='ltr' id='par_1_90' title="bbox 1825 3950 3395 4021">
     <span class='ocr_line' id='line_1_90' title="bbox 1825 3950 3395 4021; baseline 0.006 -20"><span class='ocrx_word' id='word_1_650' title='bbox 1825 3950 2106 4021; x_wconf 84' lang='lat' dir='ltr'><strong>paratione</strong></span> <span class='ocrx_word' id='word_1_651' title='bbox 2145 3953 2318 4021; x_wconf 80' lang='lat' dir='ltr'><strong>pergit</strong></span> <span class='ocrx_word' id='word_1_652' title='bbox 2352 3962 2556 4006; x_wconf 90' lang='lat' dir='ltr'><strong>orator.</strong></span> <span class='ocrx_word' id='word_1_653' title='bbox 2584 3951 2736 4018; x_wconf 86' lang='lat' dir='ltr'><strong>Quod</strong></span> <span class='ocrx_word' id='word_1_654' title='bbox 2761 3954 2903 4006; x_wconf 90' lang='lat' dir='ltr'><strong>enim</strong></span> <span class='ocrx_word' id='word_1_655' title='bbox 2937 3953 3114 4017; x_wconf 91' lang='lat' dir='ltr'><strong>modo,</strong></span> <span class='ocrx_word' id='word_1_656' title='bbox 3142 3952 3203 4007; x_wconf 79' lang='grc' dir='ltr'>ἓν</span> <span class='ocrx_word' id='word_1_657' title='bbox 3232 3956 3395 4011; x_wconf 86' lang='grc' dir='ltr'>δεισι-</span> 
     </span>
    </p>
   </div>
   <div class='ocr_carea' id='block_1_91' title="bbox 1823 4019 3391 4097">
    <p class='ocr_par' dir='ltr' id='par_1_91' title="bbox 1823 4019 3391 4097">
     <span class='ocr_line' id='line_1_91' title="bbox 1823 4019 3391 4097; baseline 0.006 -25"><span class='ocrx_word' id='word_1_658' title='bbox 1823 4019 2104 4097; x_wconf 80' lang='grc' dir='ltr'>δαιμονίας</span> <span class='ocrx_word' id='word_1_659' title='bbox 2142 4019 2463 4097; x_wconf 65' lang='grc' dir='ltr'>μυσξτήριον,</span> <span class='ocrx_word' id='word_1_660' title='bbox 2499 4038 2517 4071; x_wconf 80' lang='grc' dir='ltr'><strong>ι</strong></span> <span class='ocrx_word' id='word_1_661' title='bbox 2546 4037 2710 4075; x_wconf 92' lang='lat' dir='ltr'><strong>unum</strong></span> <span class='ocrx_word' id='word_1_662' title='bbox 2751 4024 3152 4097; x_wconf 78' lang='lat' dir='ltr'><strong>superstitionis</strong></span> <span class='ocrx_word' id='word_1_663' title='bbox 3197 4039 3391 4097; x_wconf 69' lang='lat' dir='ltr'><strong>myste-</strong></span> 
     </span>
    </p>
   </div>
   <div class='ocr_carea' id='block_1_92' title="bbox 1823 4092 3380 4165">
    <p class='ocr_par' dir='ltr' id='par_1_92' title="bbox 1823 4092 3380 4165">
     <span class='ocr_line' id='line_1_92' title="bbox 1823 4092 3380 4165; baseline 0.007 -23"><span class='ocrx_word' id='word_1_664' title='bbox 1823 4092 1960 4165; x_wconf 82' lang='lat' dir='ltr'><strong>rium</strong></span> <span class='ocrx_word' id='word_1_665' title='bbox 1987 4109 2004 4140; x_wconf 76' lang='grc' dir='ltr'><strong>ι</strong></span> <span class='ocrx_word' id='word_1_666' title='bbox 2041 4092 2362 4165; x_wconf 75' lang='lat' dir='ltr'><strong>appellabat,</strong></span> <span class='ocrx_word' id='word_1_667' title='bbox 2413 4093 2551 4165; x_wconf 72' lang='lat' dir='ltr'><strong>idem</strong></span> <span class='ocrx_word' id='word_1_668' title='bbox 2599 4108 2760 4158; x_wconf 88' lang='lat' dir='ltr'><strong>nunc,</strong></span> <span class='ocrx_word' id='word_1_669' title='bbox 2807 4092 3108 4165; x_wconf 85' lang='grc' dir='ltr'>σύνταγμα,</span> <span class='ocrx_word' id='word_1_670' title='bbox 3150 4113 3169 4146; x_wconf 87' lang='grc'><strong><em>‹</em></strong></span> <span class='ocrx_word' id='word_1_671' title='bbox 3197 4092 3380 4165; x_wconf 80' lang='lat' dir='ltr'><strong>agmer</strong></span> 
     </span>
    </p>
   </div>
   <div class='ocr_carea' id='block_1_93' title="bbox 1823 4160 3378 4233">
    <p class='ocr_par' dir='ltr' id='par_1_93' title="bbox 1823 4160 3378 4233">
     <span class='ocr_line' id='line_1_93' title="bbox 1823 4160 3378 4233; baseline 0.005 -18"><span class='ocrx_word' id='word_1_672' title='bbox 1823 4160 2146 4215; x_wconf 89' lang='lat' dir='ltr'><strong>sceleratum</strong></span> <span class='ocrx_word' id='word_1_673' title='bbox 2178 4181 2197 4214; x_wconf 74' lang='grc' dir='ltr'><strong>ι</strong></span> <span class='ocrx_word' id='word_1_674' title='bbox 2235 4162 2384 4228; x_wconf 87' lang='lat' dir='ltr'><strong>dicit,</strong></span> <span class='ocrx_word' id='word_1_675' title='bbox 2419 4162 2840 4228; x_wconf 67' lang='lat' dir='ltr'><strong>Graecarumque</strong></span> <span class='ocrx_word' id='word_1_676' title='bbox 2884 4160 3024 4218; x_wconf 77' lang='lat' dir='ltr'><strong>illud</strong></span> <span class='ocrx_word' id='word_1_677' title='bbox 3057 4160 3378 4233; x_wconf 72' lang='lat' dir='ltr'><strong>superstitio-</strong></span> 
     </span>
    </p>
   </div>
   <div class='ocr_carea' id='block_1_94' title="bbox 1824 4233 3379 4303">
    <p class='ocr_par' dir='ltr' id='par_1_94' title="bbox 1824 4233 3379 4303">
     <span class='ocr_line' id='line_1_94' title="bbox 1824 4233 3379 4303; baseline 0.008 -23"><span class='ocrx_word' id='word_1_678' title='bbox 1824 4247 1950 4303; x_wconf 77' lang='lat' dir='ltr'><strong>num</strong></span> <span class='ocrx_word' id='word_1_679' title='bbox 2004 4246 2202 4301; x_wconf 91' lang='lat' dir='ltr'><strong>corpus</strong></span> <span class='ocrx_word' id='word_1_680' title='bbox 2233 4241 2289 4303; x_wconf 79' lang='lat' dir='ltr'><strong>et</strong></span> <span class='ocrx_word' id='word_1_681' title='bbox 2330 4234 2874 4303; x_wconf 74' lang='lat' dir='ltr'><strong>coagmentationem,</strong></span> <span class='ocrx_word' id='word_1_682' title='bbox 2906 4233 2989 4287; x_wconf 90' lang='lat' dir='ltr'><strong>vel</strong></span> <span class='ocrx_word' id='word_1_683' title='bbox 3027 4234 3092 4289; x_wconf 91' lang='lat' dir='ltr'><strong>ab</strong></span> <span class='ocrx_word' id='word_1_684' title='bbox 3131 4237 3246 4303; x_wconf 89' lang='lat' dir='ltr'><strong>ipso</strong></span> <span class='ocrx_word' id='word_1_685' title='bbox 3291 4236 3379 4292; x_wconf 85' lang='lat' dir='ltr'><strong>Ju-</strong></span> 
     </span>
    </p>
   </div>
   <div class='ocr_carea' id='block_1_95' title="bbox 1822 4299 3378 4371">
    <p class='ocr_par' dir='ltr' id='par_1_95' title="bbox 1822 4299 3378 4371">
     <span class='ocr_line' id='line_1_95' title="bbox 1822 4299 3378 4371; baseline 0.003 -18"><span class='ocrx_word' id='word_1_686' title='bbox 1822 4299 1984 4364; x_wconf 90' lang='lat' dir='ltr'><strong>liano,</strong></span> <span class='ocrx_word' id='word_1_687' title='bbox 2019 4299 2119 4354; x_wconf 28' lang='lat' dir='ltr'><strong>vel‘</strong></span> <span class='ocrx_word' id='word_1_688' title='bbox 2147 4301 2312 4370; x_wconf 88' lang='lat' dir='ltr'><strong>ipsius</strong></span> <span class='ocrx_word' id='word_1_689' title='bbox 2335 4299 2532 4355; x_wconf 29' lang='lat' dir='ltr'><strong>Juli’ani</strong></span> <span class='ocrx_word' id='word_1_690' title='bbox 2566 4302 2770 4371; x_wconf 86' lang='lat' dir='ltr'><strong>legibus</strong></span> <span class='ocrx_word' id='word_1_691' title='bbox 2798 4299 2919 4358; x_wconf 75' lang='lat' dir='ltr'><strong>esse</strong></span> <span class='ocrx_word' id='word_1_692' title='bbox 2953 4299 3378 4371; x_wconf 72' lang='lat' dir='ltr'><strong>dissolvendum,</strong></span> 
     </span>
    </p>
   </div>
   <div class='ocr_carea' id='block_1_96' title="bbox 1822 4371 3376 4432">
    <p class='ocr_par' dir='ltr' id='par_1_96' title="bbox 1822 4371 3376 4432">
     <span class='ocr_line' id='line_1_96' title="bbox 1822 4371 3376 4432; baseline 0.006 -9"><span class='ocrx_word' id='word_1_693' title='bbox 1822 4372 1869 4423; x_wconf 87' lang='lat' dir='ltr'><strong>si</strong></span> <span class='ocrx_word' id='word_1_694' title='bbox 1925 4373 2174 4425; x_wconf 88' lang='lat' dir='ltr'><strong>nimirum</strong></span> <span class='ocrx_word' id='word_1_695' title='bbox 2233 4371 2320 4426; x_wconf 92' lang='lat' dir='ltr'><strong>ille</strong></span> <span class='ocrx_word' id='word_1_696' title='bbox 2379 4374 2490 4426; x_wconf 89' lang='lat' dir='ltr'><strong>suis</strong></span> <span class='ocrx_word' id='word_1_697' title='bbox 2543 4373 2859 4427; x_wconf 90' lang='lat' dir='ltr'><strong>auctoribus</strong></span> <span class='ocrx_word' id='word_1_698' title='bbox 2903 4383 2958 4427; x_wconf 91' lang='lat' dir='ltr'><strong>et</strong></span> <span class='ocrx_word' id='word_1_699' title='bbox 3017 4375 3376 4432; x_wconf 70' lang='lat' dir='ltr'><strong>inventoribus</strong></span> 
     </span>
    </p>
   </div>
   <div class='ocr_carea' id='block_1_97' title="bbox 1820 4442 3375 4512">
    <p class='ocr_par' dir='ltr' id='par_1_97' title="bbox 1820 4442 3375 4512">
     <span class='ocr_line' id='line_1_97' title="bbox 1820 4442 3375 4512; baseline 0.005 -20"><span class='ocrx_word' id='word_1_700' title='bbox 1820 4443 2242 4510; x_wconf 91' lang='lat' dir='ltr'><strong>unumquodque</strong></span> <span class='ocrx_word' id='word_1_701' title='bbox 2274 4442 2622 4504; x_wconf 86' lang='lat' dir='ltr'><strong>restituisset,</strong></span> <span class='ocrx_word' id='word_1_702' title='bbox 2661 4451 2752 4495; x_wconf 88' lang='lat' dir='ltr'><strong>aut</strong></span> <span class='ocrx_word' id='word_1_703' title='bbox 2783 4444 2826 4496; x_wconf 92' lang='lat' dir='ltr'><strong>si</strong></span> <span class='ocrx_word' id='word_1_704' title='bbox 2860 4443 2959 4511; x_wconf 92' lang='lat' dir='ltr'><strong>ipsi</strong></span> <span class='ocrx_word' id='word_1_705' title='bbox 3003 4458 3102 4498; x_wconf 93' lang='lat' dir='ltr'><strong>suo</strong></span> <span class='ocrx_word' id='word_1_706' title='bbox 3133 4446 3257 4512; x_wconf 91' lang='lat' dir='ltr'><strong>jure</strong></span> <span class='ocrx_word' id='word_1_707' title='bbox 3299 4463 3375 4499; x_wconf 83' lang='lat' dir='ltr'><strong>re-</strong></span> 
     </span>
    </p>
   </div>
   <div class='ocr_carea' id='block_1_98' title="bbox 213 4510 1726 4584">
    <p class='ocr_par' dir='ltr' id='par_1_98' title="bbox 213 4510 1715 4584">
     <span class='ocr_line' id='line_1_98' title="bbox 213 4510 1715 4584; baseline 0.002 -19"><span class='ocrx_word' id='word_1_708' title='bbox 213 4514 324 4584; x_wconf 83' lang='grc'>(67)</span> <span class='ocrx_word' id='word_1_709' title='bbox 369 4511 648 4584; x_wconf 74' lang='grc' dir='ltr'>Πρώτο-υς</span> <span class='ocrx_word' id='word_1_710' title='bbox 692 4528 757 4564; x_wconf 83' lang='grc' dir='ltr'><strong>τε</strong></span> <span class='ocrx_word' id='word_1_711' title='bbox 805 4510 902 4584; x_wconf 70' lang='grc' dir='ltr'>καὶ</span> <span class='ocrx_word' id='word_1_712' title='bbox 949 4512 1108 4584; x_wconf 80' lang='grc' dir='ltr'>τούς.</span> <span class='ocrx_word' id='word_1_713' title='bbox 1150 4511 1231 4584; x_wconf 87' lang='lat' dir='ltr'><strong>lta_</strong></span> <span class='ocrx_word' id='word_1_714' title='bbox 1259 4510 1390 4582; x_wconf 76' lang='lat' dir='ltr'><strong>Reg.</strong></span> <span class='ocrx_word' id='word_1_715' title='bbox 1425 4514 1539 4584; x_wconf 22' lang='lat' dir='ltr'><strong>Abu,</strong></span> <span class='ocrx_word' id='word_1_716' title='bbox 1565 4512 1715 4580; x_wconf 90' lang='lat' dir='ltr'><strong>Sav.,</strong></span> 
     </span>
    </p>
   </div>
   <div class='ocr_carea' id='block_1_99' title="bbox 1835 4510 3378 4584">
    <p class='ocr_par' dir='ltr' id='par_1_99' title="bbox 1835 4510 3378 4584">
     <span class='ocr_line' id='line_1_99' title="bbox 1835 4510 3378 4584; baseline 0.006 -23"><span class='ocrx_word' id='word_1_717' title='bbox 1835 4511 2144 4584; x_wconf 81' lang='lat' dir='ltr'><strong>petiissent,</strong></span> <span class='ocrx_word' id='word_1_718' title='bbox 2196 4513 2646 4584; x_wconf 76' lang='lat' dir='ltr'><strong>quemadmodum</strong></span> <span class='ocrx_word' id='word_1_719' title='bbox 2703 4510 3223 4584; x_wconf 19' lang='lat' dir='ltr'><strong>linguainﬂGrtecam</strong></span> <span class='ocrx_word' id='word_1_720' title='bbox 3283 4517 3378 4570; x_wconf 73' lang='lat' dir='ltr'><strong>sib‘</strong></span> 
     </span>
    </p>
   </div>
   <div class='ocr_carea' id='block_1_100' title="bbox 147 4581 1719 4656">
    <p class='ocr_par' dir='ltr' id='par_1_100' title="bbox 147 4581 1719 4656">
     <span class='ocr_line' id='line_1_100' title="bbox 147 4581 1719 4656; baseline 0.001 -20"><span class='ocrx_word' id='word_1_721' title='bbox 147 4583 260 4636; x_wconf 77' lang='lat' dir='ltr'><strong>Ald.</strong></span> <span class='ocrx_word' id='word_1_722' title='bbox 289 4581 339 4635; x_wconf 73' lang='lat' dir='ltr'><strong>et</strong></span> <span class='ocrx_word' id='word_1_723' title='bbox 384 4583 541 4656; x_wconf 72' lang='lat' dir='ltr'><strong>Herv.</strong></span> <span class='ocrx_word' id='word_1_724' title='bbox 569 4584 716 4635; x_wconf 81' lang='lat' dir='ltr'><strong>Pass.</strong></span> <span class='ocrx_word' id='word_1_725' title='bbox 743 4581 988 4656; x_wconf 80' lang='grc' dir='ltr'>πρώτους</span> <span class='ocrx_word' id='word_1_726' title='bbox 1027 4581 1374 4656; x_wconf 73' lang='grc' dir='ltr'>εὑραμένους.</span> <span class='ocrx_word' id='word_1_727' title='bbox 1408 4581 1534 4656; x_wconf 76' lang='lat' dir='ltr'><strong>Alii,</strong></span> <span class='ocrx_word' id='word_1_728' title='bbox 1568 4584 1719 4656; x_wconf 80' lang='grc' dir='ltr'>πρώο</span> 
     </span>
    </p>
   </div>
   <div class='ocr_carea' id='block_1_101' title="bbox 149 4651 1719 4724">
    <p class='ocr_par' dir='ltr' id='par_1_101' title="bbox 149 4651 1719 4724">
     <span class='ocr_line' id='line_1_101' title="bbox 149 4651 1719 4724; baseline 0.001 -19"><span class='ocrx_word' id='word_1_729' title='bbox 149 4669 264 4716; x_wconf 79' lang='grc' dir='ltr'>τους</span> <span class='ocrx_word' id='word_1_730' title='bbox 294 4653 417 4715; x_wconf 82' lang='grc' dir='ltr'>καί,</span> <span class='ocrx_word' id='word_1_731' title='bbox 448 4651 647 4724; x_wconf 85' lang='lat' dir='ltr'><strong>rejecto</strong></span> <span class='ocrx_word' id='word_1_732' title='bbox 671 4669 750 4704; x_wconf 87' lang='grc' dir='ltr'>τε.</span> <span class='ocrx_word' id='word_1_733' title='bbox 780 4651 906 4708; x_wconf 74' lang='lat' dir='ltr'><strong>Par.</strong></span> <span class='ocrx_word' id='word_1_734' title='bbox 925 4656 1009 4706; x_wconf 89' lang='lat' dir='ltr'><strong>ed.</strong></span> <span class='ocrx_word' id='word_1_735' title='bbox 1040 4651 1161 4706; x_wconf 89' lang='lat' dir='ltr'><strong>cum</strong></span> <span class='ocrx_word' id='word_1_736' title='bbox 1191 4654 1535 4720; x_wconf 88' lang='lat' dir='ltr'><strong>quibusdam,</strong></span> <span class='ocrx_word' id='word_1_737' title='bbox 1569 4651 1719 4724; x_wconf 82' lang='grc' dir='ltr'>πρώ-</span> 
     </span>
    </p>
   </div>
   <div class='ocr_carea' id='block_1_102' title="bbox 146 4721 650 4793">
    <p class='ocr_par' dir='ltr' id='par_1_102' title="bbox 146 4721 650 4793">
     <span class='ocr_line' id='line_1_102' title="bbox 146 4721 650 4793; baseline 0.002 -19"><span class='ocrx_word' id='word_1_738' title='bbox 146 4739 264 4786; x_wconf 69' lang='grc' dir='ltr'>τους</span> <span class='ocrx_word' id='word_1_739' title='bbox 293 4721 650 4793; x_wconf 76' lang='grc' dir='ltr'>εὑρομένους.</span> 
     </span>
    </p>
   </div>
   <div class='ocr_carea' id='block_1_103' title="bbox 213 4790 1715 4864">
    <p class='ocr_par' dir='ltr' id='par_1_103' title="bbox 213 4790 1715 4864">
     <span class='ocr_line' id='line_1_103' title="bbox 213 4790 1715 4864; baseline 0.001 -17"><span class='ocrx_word' id='word_1_740' title='bbox 213 4793 329 4864; x_wconf 82' lang='grc'>(68)</span> <span class='ocrx_word' id='word_1_741' title='bbox 370 4790 719 4862; x_wconf 67' lang='grc' dir='ltr'>“Ἡμέτερον.</span> <span class='ocrx_word' id='word_1_742' title='bbox 765 4792 1014 4864; x_wconf 81' lang='lat' dir='ltr'><strong>Heinsius</strong></span> <span class='ocrx_word' id='word_1_743' title='bbox 1055 4790 1258 4864; x_wconf 83' lang='lat' dir='ltr'><strong>mavult</strong></span> <span class='ocrx_word' id='word_1_744' title='bbox 1284 4791 1582 4864; x_wconf 4' lang='grc' dir='ltr'>(ὑμέτερον.</span> <span class='ocrx_word' id='word_1_745' title='bbox 1610 4795 1715 4850; x_wconf 85' lang='lat' dir='ltr'><strong>Fa-</strong></span> 
     </span>
    </p>
   </div>
   <div class='ocr_carea' id='block_1_104' title="bbox 147 4861 1711 4935">
    <p class='ocr_par' dir='ltr' id='par_1_104' title="bbox 147 4861 1711 4935">
     <span class='ocr_line' id='line_1_104' title="bbox 147 4861 1711 4935; baseline 0.004 -22"><span class='ocrx_word' id='word_1_746' title='bbox 147 4877 266 4917; x_wconf 87' lang='lat' dir='ltr'><strong>veut</strong></span> <span class='ocrx_word' id='word_1_747' title='bbox 310 4861 644 4935; x_wconf 42' lang='lat' dir='ltr'><strong>&#39;sequentia,</strong></span> <span class='ocrx_word' id='word_1_748' title='bbox 700 4864 887 4935; x_wconf 79' lang='lat' dir='ltr'><strong>sicque</strong></span> <span class='ocrx_word' id='word_1_749' title='bbox 925 4862 1140 4935; x_wconf 65' lang='lat' dir='ltr'><strong>videtur</strong></span> <span class='ocrx_word' id='word_1_750' title='bbox 1194 4861 1386 4935; x_wconf 87' lang='lat' dir='ltr'><strong>legisse</strong></span> <span class='ocrx_word' id='word_1_751' title='bbox 1432 4861 1617 4935; x_wconf 75' lang='lat' dir='ltr'><strong>Dillius</strong></span> <span class='ocrx_word' id='word_1_752' title='bbox 1643 4867 1711 4935; x_wconf 66' lang='lat' dir='ltr'><strong>,in</strong></span> 
     </span>
    </p>
   </div>
   <div class='ocr_carea' id='block_1_105' title="bbox 143 4932 1715 5000">
    <p class='ocr_par' dir='ltr' id='par_1_105' title="bbox 143 4932 1715 5000">
     <span class='ocr_line' id='line_1_105' title="bbox 143 4932 1715 5000; baseline 0.004 -18"><span class='ocrx_word' id='word_1_753' title='bbox 143 4935 314 5000; x_wconf 88' lang='lat' dir='ltr'><strong>prima</strong></span> <span class='ocrx_word' id='word_1_754' title='bbox 371 4934 624 4986; x_wconf 89' lang='lat' dir='ltr'><strong>versione</strong></span> <span class='ocrx_word' id='word_1_755' title='bbox 653 4950 665 4985; x_wconf 96' lang='lat'><strong>:</strong></span> <span class='ocrx_word' id='word_1_756' title='bbox 700 4951 719 4983; x_wconf 74' lang='grc' dir='ltr'><strong>ι</strong></span> <span class='ocrx_word' id='word_1_757' title='bbox 751 4933 889 4999; x_wconf 85' lang='lat' dir='ltr'><strong>Quid</strong></span> <span class='ocrx_word' id='word_1_758' title='bbox 923 4932 1104 5000; x_wconf 83' lang='lat' dir='ltr'><strong>igitur,</strong></span> <span class='ocrx_word' id='word_1_759' title='bbox 1151 4947 1220 4984; x_wconf 86' lang='lat' dir='ltr'><strong>an</strong></span> <span class='ocrx_word' id='word_1_760' title='bbox 1252 4934 1505 4987; x_wconf 83' lang='lat' dir='ltr'><strong>fateberis</strong></span> <span class='ocrx_word' id='word_1_761' title='bbox 1526 4973 1541 4988; x_wconf 96' lang='lat'><strong>.</strong></span> <span class='ocrx_word' id='word_1_762' title='bbox 1563 4972 1578 4988; x_wconf 95' lang='lat'><strong>.</strong></span> <span class='ocrx_word' id='word_1_763' title='bbox 1601 4973 1616 4988; x_wconf 95' lang='lat'><strong>.</strong></span> <span class='ocrx_word' id='word_1_764' title='bbox 1644 4932 1715 4990; x_wconf 29' lang='lat' dir='ltr'><strong>‘te</strong></span> 
     </span>
    </p>
   </div>
   <div class='ocr_carea' id='block_1_106' title="bbox 144 5001 1060 5071">
    <p class='ocr_par' dir='ltr' id='par_1_106' title="bbox 144 5001 1060 5071">
     <span class='ocr_line' id='line_1_106' title="bbox 144 5001 1060 5071; baseline -0.003 -18"><span class='ocrx_word' id='word_1_765' title='bbox 144 5005 268 5055; x_wconf 82' lang='lat' dir='ltr'><strong>nihil</strong></span> <span class='ocrx_word' id='word_1_766' title='bbox 309 5002 512 5056; x_wconf 82' lang='lat' dir='ltr'><strong>habere</strong></span> <span class='ocrx_word' id='word_1_767' title='bbox 551 5004 692 5071; x_wconf 92' lang='lat' dir='ltr'><strong>quod</strong></span> <span class='ocrx_word' id='word_1_768' title='bbox 728 5013 874 5056; x_wconf 91' lang='lat' dir='ltr'><strong>tuum</strong></span> <span class='ocrx_word' id='word_1_769' title='bbox 911 5001 1010 5056; x_wconf 84' lang='lat' dir='ltr'><strong>sit?</strong></span> <span class='ocrx_word' id='word_1_770' title='bbox 1043 5020 1060 5050; x_wconf 77' lang='grc' dir='ltr'><strong>ι</strong></span> 
     </span>
    </p>
   </div>
   <div class='ocr_carea' id='block_1_107' title="bbox 210 5069 1708 5142">
    <p class='ocr_par' dir='ltr' id='par_1_107' title="bbox 210 5069 1708 5142">
     <span class='ocr_line' id='line_1_107' title="bbox 210 5069 1708 5142; baseline 0.001 -16"><span class='ocrx_word' id='word_1_771' title='bbox 210 5074 322 5142; x_wconf 82' lang='grc'>(69)</span> <span class='ocrx_word' id='word_1_772' title='bbox 363 5069 602 5141; x_wconf 51' lang='grc' dir='ltr'>Πρῶτος</span> <span class='ocrx_word' id='word_1_773' title='bbox 658 5071 788 5142; x_wconf 77' lang='grc' dir='ltr'>γάρ,</span> <span class='ocrx_word' id='word_1_774' title='bbox 839 5084 943 5126; x_wconf 89' lang='lat' dir='ltr'><strong>etc.</strong></span> <span class='ocrx_word' id='word_1_775' title='bbox 991 5069 1228 5125; x_wconf 75' lang='lat' dir='ltr'><strong>Difﬁcilis</strong></span> <span class='ocrx_word' id='word_1_776' title='bbox 1261 5081 1342 5126; x_wconf 92' lang='lat' dir='ltr'><strong>est</strong></span> <span class='ocrx_word' id='word_1_777' title='bbox 1393 5073 1484 5130; x_wconf 89' lang='lat' dir='ltr'><strong>hic</strong></span> <span class='ocrx_word' id='word_1_778' title='bbox 1538 5074 1708 5135; x_wconf 87' lang='lat' dir='ltr'><strong>locus,</strong></span> 
     </span>
    </p>
   </div>
   <div class='ocr_carea' id='block_1_108' title="bbox 142 5143 1709 5213">
    <p class='ocr_par' dir='ltr' id='par_1_108' title="bbox 142 5143 1709 5213">
     <span class='ocr_line' id='line_1_108' title="bbox 142 5143 1709 5213; baseline 0.004 -20"><span class='ocrx_word' id='word_1_779' title='bbox 142 5157 296 5213; x_wconf 81' lang='lat' dir='ltr'><strong>quem</strong></span> <span class='ocrx_word' id='word_1_780' title='bbox 346 5143 553 5196; x_wconf 88' lang='lat' dir='ltr'><strong>idcirco</strong></span> <span class='ocrx_word' id='word_1_781' title='bbox 609 5152 920 5209; x_wconf 91' lang='lat' dir='ltr'><strong>corruptum</strong></span> <span class='ocrx_word' id='word_1_782' title='bbox 970 5151 1348 5213; x_wconf 31' lang='lat' dir='ltr'><strong>aut‘mancum</strong></span> <span class='ocrx_word' id='word_1_783' title='bbox 1379 5147 1709 5213; x_wconf 11' lang='lat' dir='ltr'><strong>“suspicatur</strong></span> 
     </span>
    </p>
   </div>
   <div class='ocr_carea' id='block_1_109' title="bbox 143 5210 1703 5278">
    <p class='ocr_par' dir='ltr' id='par_1_109' title="bbox 143 5210 1703 5278">
     <span class='ocr_line' id='line_1_109' title="bbox 143 5210 1703 5278; baseline 0.004 -15"><span class='ocrx_word' id='word_1_784' title='bbox 143 5211 399 5266; x_wconf 74' lang='lat' dir='ltr'><strong>Savilius.</strong></span> <span class='ocrx_word' id='word_1_785' title='bbox 453 5213 615 5265; x_wconf 85' lang='lat' dir='ltr'><strong>Binas</strong></span> <span class='ocrx_word' id='word_1_786' title='bbox 671 5224 844 5266; x_wconf 87' lang='lat' dir='ltr'><strong>tamen</strong></span> <span class='ocrx_word' id='word_1_787' title='bbox 912 5210 1273 5278; x_wconf 85' lang='lat' dir='ltr'><strong>expositiones</strong></span> <span class='ocrx_word' id='word_1_788' title='bbox 1329 5210 1703 5269; x_wconf 38' lang='lat' dir='ltr'><strong>affert—Elia»</strong></span> 
     </span>
    </p>
   </div>
   <div class='ocr_carea' id='block_1_110' title="bbox 137 5281 1708 5350">
    <p class='ocr_par' dir='ltr' id='par_1_110' title="bbox 137 5281 1708 5350">
     <span class='ocr_line' id='line_1_110' title="bbox 137 5281 1708 5350; baseline 0.003 -14"><span class='ocrx_word' id='word_1_789' title='bbox 137 5281 403 5336; x_wconf 74' lang='lat' dir='ltr'><strong>Neutrum</strong></span> <span class='ocrx_word' id='word_1_790' title='bbox 436 5285 638 5350; x_wconf 85' lang='lat' dir='ltr'><strong>&#39;probat</strong></span> <span class='ocrx_word' id='word_1_791' title='bbox 669 5282 885 5347; x_wconf 76' lang='lat' dir='ltr'><strong>Dillius;</strong></span> <span class='ocrx_word' id='word_1_792' title='bbox 924 5281 1031 5333; x_wconf 92' lang='lat' dir='ltr'><strong>imo</strong></span> <span class='ocrx_word' id='word_1_793' title='bbox 1066 5291 1347 5350; x_wconf 88' lang='lat' dir='ltr'><strong>utramque</strong></span> <span class='ocrx_word' id='word_1_794' title='bbox 1388 5281 1612 5346; x_wconf 85' lang='lat' dir='ltr'><strong>refellit;</strong></span> <span class='ocrx_word' id='word_1_795' title='bbox 1652 5297 1708 5340; x_wconf 85' lang='lat' dir='ltr'><strong>et</strong></span> 
     </span>
    </p>
   </div>
   <div class='ocr_carea' id='block_1_111' title="bbox 139 5351 1703 5418">
    <p class='ocr_par' dir='ltr' id='par_1_111' title="bbox 139 5351 1703 5418">
     <span class='ocr_line' id='line_1_111' title="bbox 139 5351 1703 5418; baseline 0.003 -15"><span class='ocrx_word' id='word_1_796' title='bbox 139 5369 288 5404; x_wconf 82' lang='lat' dir='ltr'><strong>suam</strong></span> <span class='ocrx_word' id='word_1_797' title='bbox 319 5354 438 5418; x_wconf 89' lang='lat' dir='ltr'><strong>ipse</strong></span> <span class='ocrx_word' id='word_1_798' title='bbox 477 5352 731 5411; x_wconf 70' lang='lat' dir='ltr'><strong>affet-ens.</strong></span> <span class='ocrx_word' id='word_1_799' title='bbox 761 5363 946 5406; x_wconf 81' lang='lat' dir='ltr'><strong>censet</strong></span> <span class='ocrx_word' id='word_1_800' title='bbox 975 5351 1089 5404; x_wconf 65' lang='lat' dir='ltr'><strong>haec</strong></span> <span class='ocrx_word' id='word_1_801' title='bbox 1117 5353 1294 5416; x_wconf 86' lang='lat' dir='ltr'><strong>priora</strong></span> <span class='ocrx_word' id='word_1_802' title='bbox 1333 5355 1490 5406; x_wconf 88' lang='lat' dir='ltr'><strong>verba</strong></span> <span class='ocrx_word' id='word_1_803' title='bbox 1520 5373 1532 5407; x_wconf 94' lang='lat'><strong>:</strong></span> <span class='ocrx_word' id='word_1_804' title='bbox 1565 5355 1703 5407; x_wconf 89' lang='grc' dir='ltr'>Πολ-</span> 
     </span>
    </p>
   </div>
   <div class='ocr_carea' id='block_1_112' title="bbox 138 5419 1792 5503">
    <p class='ocr_par' dir='ltr' id='par_1_112' title="bbox 138 5419 1792 5503">
     <span class='ocr_line' id='line_1_112' title="bbox 138 5419 1792 5503; baseline 0.003 -30"><span class='ocrx_word' id='word_1_805' title='bbox 138 5422 224 5475; x_wconf 74' lang='grc' dir='ltr'>λοῦ</span> <span class='ocrx_word' id='word_1_806' title='bbox 275 5423 431 5493; x_wconf 79' lang='grc' dir='ltr'>μέντ’</span> <span class='ocrx_word' id='word_1_807' title='bbox 460 5422 525 5474; x_wconf 81' lang='grc' dir='ltr'>ἂν</span> <span class='ocrx_word' id='word_1_808' title='bbox 575 5421 721 5486; x_wconf 77' lang='grc' dir='ltr'>ἄξιον</span> <span class='ocrx_word' id='word_1_809' title='bbox 753 5419 840 5495; x_wconf 81' lang='grc' dir='ltr'>ἦν,</span> <span class='ocrx_word' id='word_1_810' title='bbox 888 5421 942 5503; x_wconf 76' lang='grc' dir='ltr'><strong>εἴ</strong></span> <span class='ocrx_word' id='word_1_811' title='bbox 978 5437 1058 5472; x_wconf 91' lang='grc' dir='ltr'><strong>σοι</strong></span> <span class='ocrx_word' id='word_1_812' title='bbox 1099 5420 1419 5503; x_wconf 53' lang='grc' dir='ltr'>διελύθηπδ</span> <span class='ocrx_word' id='word_1_813' title='bbox 1469 5427 1702 5495; x_wconf 85' lang='grc' dir='ltr'>πονηρὸν</span> <span class='ocrx_word' id='word_1_814' title='bbox 1789 5440 1792 5442; x_wconf 80' lang='grc'><strong>·</strong></span> 
     </span>
    </p>
   </div>
   <div class='ocr_carea' id='block_1_113' title="bbox 135 5493 1702 5562">
    <p class='ocr_par' dir='ltr' id='par_1_113' title="bbox 135 5493 1702 5562">
     <span class='ocr_line' id='line_1_113' title="bbox 135 5493 1702 5562; baseline 0.004 -18"><span class='ocrx_word' id='word_1_815' title='bbox 135 5493 295 5545; x_wconf 78' lang='grc' dir='ltr'>τοῦτο</span> <span class='ocrx_word' id='word_1_816' title='bbox 377 5493 699 5562; x_wconf 85' lang='grc' dir='ltr'>σύνταγμα,</span> <span class='ocrx_word' id='word_1_817' title='bbox 777 5493 991 5562; x_wconf 69' lang='lat' dir='ltr'><strong>ironice</strong></span> <span class='ocrx_word' id='word_1_818' title='bbox 1047 5506 1166 5544; x_wconf 88' lang='lat' dir='ltr'><strong>esse</strong></span> <span class='ocrx_word' id='word_1_819' title='bbox 1234 5493 1702 5562; x_wconf 45' lang='lat' dir='ltr'><strong>accipiendafet</strong></span> 
     </span>
    </p>
   </div>
   <div class='ocr_carea' id='block_1_114' title="bbox 135 5556 1697 5633">
    <p class='ocr_par' dir='ltr' id='par_1_114' title="bbox 135 5556 1697 5633">
     <span class='ocr_line' id='line_1_114' title="bbox 135 5556 1697 5633; baseline 0.001 -17"><span class='ocrx_word' id='word_1_820' title='bbox 135 5564 442 5630; x_wconf 84' lang='lat' dir='ltr'><strong>posteriora</strong></span> <span class='ocrx_word' id='word_1_821' title='bbox 489 5556 631 5617; x_wconf 70' lang='lat' dir='ltr'><strong>ista:</strong></span> <span class='ocrx_word' id='word_1_822' title='bbox 667 5563 730 5615; x_wconf 80' lang='grc' dir='ltr'>ἶν’</span> <span class='ocrx_word' id='word_1_823' title='bbox 764 5564 922 5633; x_wconf 81' lang='grc' dir='ltr'>ἡμεῖς</span> <span class='ocrx_word' id='word_1_824' title='bbox 962 5556 1123 5632; x_wconf 84' lang='grc' dir='ltr'>ἦμεν,</span> <span class='ocrx_word' id='word_1_825' title='bbox 1167 5570 1298 5626; x_wconf 76' lang='lat' dir='ltr'><strong>etc.,</strong></span> <span class='ocrx_word' id='word_1_826' title='bbox 1337 5561 1549 5617; x_wconf 85' lang='lat' dir='ltr'><strong>Juliauo</strong></span> <span class='ocrx_word' id='word_1_827' title='bbox 1600 5567 1697 5618; x_wconf 80' lang='lat' dir='ltr'><strong>tri-</strong></span> 
     </span>
    </p>
   </div>
   <div class='ocr_carea' id='block_1_115' title="bbox 136 5633 1693 5698">
    <p class='ocr_par' dir='ltr' id='par_1_115' title="bbox 136 5633 1693 5698">
     <span class='ocr_line' id='line_1_115' title="bbox 136 5633 1693 5698; baseline 0.003 -14"><span class='ocrx_word' id='word_1_828' title='bbox 136 5636 390 5698; x_wconf 68' lang='lat' dir='ltr'><strong>linenda,</strong></span> <span class='ocrx_word' id='word_1_829' title='bbox 447 5633 519 5687; x_wconf 91' lang='lat' dir='ltr'><strong>ita</strong></span> <span class='ocrx_word' id='word_1_830' title='bbox 570 5645 628 5686; x_wconf 92' lang='lat' dir='ltr'><strong>ut</strong></span> <span class='ocrx_word' id='word_1_831' title='bbox 673 5636 718 5688; x_wconf 88' lang='lat' dir='ltr'><strong>is</strong></span> <span class='ocrx_word' id='word_1_832' title='bbox 765 5637 835 5687; x_wconf 89' lang='lat' dir='ltr'><strong>sit</strong></span> <span class='ocrx_word' id='word_1_833' title='bbox 890 5636 1079 5686; x_wconf 89' lang='lat' dir='ltr'><strong>borum</strong></span> <span class='ocrx_word' id='word_1_834' title='bbox 1122 5633 1406 5686; x_wconf 87' lang='lat' dir='ltr'><strong>verborum</strong></span> <span class='ocrx_word' id='word_1_835' title='bbox 1459 5648 1693 5689; x_wconf 88' lang='lat' dir='ltr'><strong>sensus:</strong></span> 
     </span>
    </p>
   </div>
   <div class='ocr_carea' id='block_1_116' title="bbox 141 5700 1786 5773">
    <p class='ocr_par' dir='ltr' id='par_1_116' title="bbox 141 5700 1786 5773">
     <span class='ocr_line' id='line_1_116' title="bbox 141 5700 1786 5773; baseline 0.004 -21"><span class='ocrx_word' id='word_1_836' title='bbox 141 5704 364 5773; x_wconf 61' lang='lat' dir='ltr'><strong>anani</strong></span> <span class='ocrx_word' id='word_1_837' title='bbox 408 5705 584 5773; x_wconf 84' lang='lat' dir='ltr'><strong>magni</strong></span> <span class='ocrx_word' id='word_1_838' title='bbox 620 5704 822 5758; x_wconf 86' lang='lat' dir='ltr'><strong>scilicet</strong></span> <span class='ocrx_word' id='word_1_839' title='bbox 852 5700 1223 5754; x_wconf 84' lang='lat' dir='ltr'><strong>aestimandum</strong></span> <span class='ocrx_word' id='word_1_840' title='bbox 1259 5712 1422 5765; x_wconf 83' lang='lat' dir='ltr'><strong>esset,</strong></span> <span class='ocrx_word' id='word_1_841' title='bbox 1465 5703 1542 5757; x_wconf 90' lang='lat' dir='ltr'><strong>sic</strong></span> <span class='ocrx_word' id='word_1_842' title='bbox 1581 5719 1696 5758; x_wconf 75' lang='lat' dir='ltr'><strong>see-</strong></span> <span class='ocrx_word' id='word_1_843' title='bbox 1776 5704 1786 5744; x_wconf 74' lang='grc' dir='ltr'><strong><em>Γ</em></strong></span> 
     </span>
    </p>
   </div>
   <div class='ocr_carea' id='block_1_117' title="bbox 1825 4581 3375 4654">
    <p class='ocr_par' dir='ltr' id='par_1_117' title="bbox 1825 4581 3375 4654">
     <span class='ocr_line' id='line_1_117' title="bbox 1825 4581 3375 4654; baseline 0.006 -24"><span class='ocrx_word' id='word_1_844' title='bbox 1825 4581 2164 4654; x_wconf 82' lang='lat' dir='ltr'><strong>vindicabat_</strong></span> <span class='ocrx_word' id='word_1_845' title='bbox 2201 4581 2461 4654; x_wconf 83' lang='lat' dir='ltr'><strong>Julianus.</strong></span> <span class='ocrx_word' id='word_1_846' title='bbox 2517 4581 2720 4646; x_wconf 88' lang='lat' dir='ltr'><strong>Quibus</strong></span> <span class='ocrx_word' id='word_1_847' title='bbox 2777 4583 3013 4654; x_wconf 69' lang='lat' dir='ltr'><strong>ostendit</strong></span> <span class='ocrx_word' id='word_1_848' title='bbox 3061 4584 3375 4654; x_wconf 67' lang='lat' dir='ltr'><strong>Gregorius</strong></span> 
     </span>
    </p>
   </div>
   <div class='ocr_carea' id='block_1_118' title="bbox 1818 4649 3375 4719">
    <p class='ocr_par' dir='ltr' id='par_1_118' title="bbox 1818 4649 3375 4719">
     <span class='ocr_line' id='line_1_118' title="bbox 1818 4649 3375 4719; baseline 0.007 -20"><span class='ocrx_word' id='word_1_849' title='bbox 1818 4663 1978 4718; x_wconf 88' lang='lat' dir='ltr'><strong>quam</strong></span> <span class='ocrx_word' id='word_1_850' title='bbox 2027 4649 2228 4705; x_wconf 87' lang='lat' dir='ltr'><strong>insulsa</strong></span> <span class='ocrx_word' id='word_1_851' title='bbox 2267 4659 2323 4704; x_wconf 84' lang='lat' dir='ltr'><strong>et.</strong></span> <span class='ocrx_word' id='word_1_852' title='bbox 2368 4651 2762 4719; x_wconf 67' lang='lat' dir='ltr'><strong>inconsequens,</strong></span> <span class='ocrx_word' id='word_1_853' title='bbox 2791 4662 2936 4706; x_wconf 85' lang='lat' dir='ltr'><strong>esset</strong></span> <span class='ocrx_word' id='word_1_854' title='bbox 2986 4649 3375 4710; x_wconf 57' lang='lat' dir='ltr'><strong>Juliani&#39;mens</strong></span> 
     </span>
    </p>
   </div>
   <div class='ocr_carea' id='block_1_119' title="bbox 1817 4719 3363 4789">
    <p class='ocr_par' dir='ltr' id='par_1_119' title="bbox 1817 4719 3363 4789">
     <span class='ocr_line' id='line_1_119' title="bbox 1817 4719 3363 4789; baseline 0.005 -17"><span class='ocrx_word' id='word_1_855' title='bbox 1817 4729 1870 4772; x_wconf 91' lang='lat' dir='ltr'><strong>et</strong></span> <span class='ocrx_word' id='word_1_856' title='bbox 1903 4721 2258 4776; x_wconf 86' lang='lat' dir='ltr'><strong>ratiocinatio.</strong></span> <span class='ocrx_word' id='word_1_857' title='bbox 2298 4720 2406 4774; x_wconf 72' lang='lat' dir='ltr'><strong>Nec</strong></span> <span class='ocrx_word' id='word_1_858' title='bbox 2449 4720 2562 4787; x_wconf 88' lang='lat' dir='ltr'><strong>jam</strong></span> <span class='ocrx_word' id='word_1_859' title='bbox 2616 4719 2861 4789; x_wconf 81' lang='lat' dir='ltr'><strong>ambigua</strong></span> <span class='ocrx_word' id='word_1_860' title='bbox 2912 4723 3066 4777; x_wconf 85' lang='lat' dir='ltr'><strong>istius</strong></span> <span class='ocrx_word' id='word_1_861' title='bbox 3121 4725 3219 4778; x_wconf 92' lang='lat' dir='ltr'><strong>loci</strong></span> <span class='ocrx_word' id='word_1_862' title='bbox 3257 4741 3363 4780; x_wconf 91' lang='lat' dir='ltr'><strong>sen-</strong></span> 
     </span>
    </p>
   </div>
   <div class='ocr_carea' id='block_1_120' title="bbox 1819 4791 3374 4858">
    <p class='ocr_par' dir='ltr' id='par_1_120' title="bbox 1819 4791 3374 4858">
     <span class='ocr_line' id='line_1_120' title="bbox 1819 4791 3374 4858; baseline 0.006 -18"><span class='ocrx_word' id='word_1_863' title='bbox 1819 4791 2008 4854; x_wconf 90' lang='lat' dir='ltr'><strong>tentia,</strong></span> <span class='ocrx_word' id='word_1_864' title='bbox 2052 4805 2152 4844; x_wconf 84' lang='lat' dir='ltr'><strong>nec</strong></span> <span class='ocrx_word' id='word_1_865' title='bbox 2210 4791 2401 4844; x_wconf 87' lang='lat' dir='ltr'><strong>dubius</strong></span> <span class='ocrx_word' id='word_1_866' title='bbox 2443 4805 2564 4844; x_wconf 89' lang='lat' dir='ltr'><strong>esse</strong></span> <span class='ocrx_word' id='word_1_867' title='bbox 2622 4801 2798 4858; x_wconf 87' lang='lat' dir='ltr'><strong>potest</strong></span> <span class='ocrx_word' id='word_1_868' title='bbox 2851 4793 3062 4846; x_wconf 57' lang='lat' dir='ltr'><strong>horum&#39;</strong></span> <span class='ocrx_word' id='word_1_869' title='bbox 3093 4796 3374 4849; x_wconf 89' lang='lat' dir='ltr'><strong>verborum</strong></span> 
     </span>
    </p>
   </div>
   <div class='ocr_carea' id='block_1_121' title="bbox 1815 4860 3373 4934">
    <p class='ocr_par' dir='ltr' id='par_1_121' title="bbox 1815 4860 3373 4934">
     <span class='ocr_line' id='line_1_121' title="bbox 1815 4860 3373 4934; baseline 0.003 -20"><span class='ocrx_word' id='word_1_870' title='bbox 1815 4875 2042 4934; x_wconf 75' lang='lat' dir='ltr'><strong>sensus:</strong></span> <span class='ocrx_word' id='word_1_871' title='bbox 2081 4860 2386 4934; x_wconf 54' lang='grc' dir='ltr'>κατάποὺς</span> <span class='ocrx_word' id='word_1_872' title='bbox 2429 4861 2561 4934; x_wconf 63' lang='grc' dir='ltr'><strong>σοὺςΔ</strong></span> <span class='ocrx_word' id='word_1_873' title='bbox 2590 4861 2758 4934; x_wconf 32' lang='grc' dir='ltr'>,ὄρους</span> <span class='ocrx_word' id='word_1_874' title='bbox 2782 4862 2883 4934; x_wconf 22' lang='grc' dir='ltr'>*καὶ</span> <span class='ocrx_word' id='word_1_875' title='bbox 2925 4861 3140 4934; x_wconf 69' lang='grc' dir='ltr'>νόμους,</span> <span class='ocrx_word' id='word_1_876' title='bbox 3180 4882 3198 4914; x_wconf 74' lang='grc' dir='ltr'><strong>ι</strong></span> <span class='ocrx_word' id='word_1_877' title='bbox 3223 4864 3373 4934; x_wconf 86' lang='lat' dir='ltr'><strong>juxta</strong></span> 
     </span>
    </p>
   </div>
   <div class='ocr_carea' id='block_1_122' title="bbox 1815 4929 3362 5001">
    <p class='ocr_par' dir='ltr' id='par_1_122' title="bbox 1815 4929 3362 5001">
     <span class='ocr_line' id='line_1_122' title="bbox 1815 4929 3362 5001; baseline 0.006 -21"><span class='ocrx_word' id='word_1_878' title='bbox 1815 4929 1954 5001; x_wconf 86' lang='lat' dir='ltr'><strong>leges</strong></span> <span class='ocrx_word' id='word_1_879' title='bbox 1983 4946 2046 4984; x_wconf 89' lang='lat' dir='ltr'><strong>ac</strong></span> <span class='ocrx_word' id='word_1_880' title='bbox 2081 4933 2291 5001; x_wconf 83' lang='lat' dir='ltr'><strong>regulas</strong></span> <span class='ocrx_word' id='word_1_881' title='bbox 2320 4944 2458 4993; x_wconf 86' lang='lat' dir='ltr'><strong>tuas,</strong></span> <span class='ocrx_word' id='word_1_882' title='bbox 2489 4949 2507 4981; x_wconf 79' lang='grc' dir='ltr'><strong>ι</strong></span> <span class='ocrx_word' id='word_1_883' title='bbox 2553 4931 2602 4984; x_wconf 91' lang='lat' dir='ltr'><strong>id</strong></span> <span class='ocrx_word' id='word_1_884' title='bbox 2633 4929 2928 5001; x_wconf 10' lang='lat' dir='ltr'><strong>est,rjuxta</strong></span> <span class='ocrx_word' id='word_1_885' title='bbox 2967 4929 3164 4986; x_wconf 70' lang='lat' dir='ltr'><strong>Iuliani</strong></span> <span class='ocrx_word' id='word_1_886' title='bbox 3215 4929 3362 4988; x_wconf 76' lang='lat' dir='ltr'><strong>ratio-</strong></span> 
     </span>
    </p>
   </div>
   <div class='ocr_carea' id='block_1_123' title="bbox 1812 5000 3372 5070">
    <p class='ocr_par' dir='ltr' id='par_1_123' title="bbox 1812 5000 3372 5070">
     <span class='ocr_line' id='line_1_123' title="bbox 1812 5000 3372 5070; baseline 0.004 -18"><span class='ocrx_word' id='word_1_887' title='bbox 1812 5000 2236 5056; x_wconf 67' lang='lat' dir='ltr'><strong>cinationeuret</strong></span> <span class='ocrx_word' id='word_1_888' title='bbox 2300 5001 2600 5070; x_wconf 88' lang='lat' dir='ltr'><strong>principia,</strong></span> <span class='ocrx_word' id='word_1_889' title='bbox 2649 5000 2846 5069; x_wconf 89' lang='lat' dir='ltr'><strong>quibus</strong></span> <span class='ocrx_word' id='word_1_890' title='bbox 2911 5003 3174 5057; x_wconf 89' lang='lat' dir='ltr'><strong>adversus</strong></span> <span class='ocrx_word' id='word_1_891' title='bbox 3222 5003 3372 5058; x_wconf 87' lang='lat' dir='ltr'><strong>Chri-</strong></span> 
     </span>
    </p>
   </div>
   <div class='ocr_carea' id='block_1_124' title="bbox 1811 5071 3372 5138">
    <p class='ocr_par' dir='ltr' id='par_1_124' title="bbox 1811 5071 3372 5138">
     <span class='ocr_line' id='line_1_124' title="bbox 1811 5071 3372 5138; baseline 0.005 -16"><span class='ocrx_word' id='word_1_892' title='bbox 1811 5071 2014 5124; x_wconf 86' lang='lat' dir='ltr'><strong>stianos</strong></span> <span class='ocrx_word' id='word_1_893' title='bbox 2055 5072 2330 5135; x_wconf 86' lang='lat' dir='ltr'><strong>utebatur,</strong></span> <span class='ocrx_word' id='word_1_894' title='bbox 2358 5081 2415 5124; x_wconf 92' lang='lat' dir='ltr'><strong>ut</strong></span> <span class='ocrx_word' id='word_1_895' title='bbox 2445 5072 2653 5126; x_wconf 86' lang='lat' dir='ltr'><strong>litteras</strong></span> <span class='ocrx_word' id='word_1_896' title='bbox 2686 5071 2815 5138; x_wconf 87' lang='lat' dir='ltr'><strong>ipsis</strong></span> <span class='ocrx_word' id='word_1_897' title='bbox 2861 5071 3225 5129; x_wconf 81' lang='lat' dir='ltr'><strong>interdiceret.</strong></span> <span class='ocrx_word' id='word_1_898' title='bbox 3260 5074 3372 5130; x_wconf 85' lang='lat' dir='ltr'><strong>llac</strong></span> 
     </span>
    </p>
   </div>
   <div class='ocr_carea' id='block_1_125' title="bbox 1809 5141 3370 5210">
    <p class='ocr_par' dir='ltr' id='par_1_125' title="bbox 1809 5141 3370 5210">
     <span class='ocr_line' id='line_1_125' title="bbox 1809 5141 3370 5210; baseline 0.005 -18"><span class='ocrx_word' id='word_1_899' title='bbox 1809 5141 2142 5210; x_wconf 78' lang='lat' dir='ltr'><strong>expositione</strong></span> <span class='ocrx_word' id='word_1_900' title='bbox 2190 5141 2345 5210; x_wconf 89' lang='lat' dir='ltr'><strong>plana</strong></span> <span class='ocrx_word' id='word_1_901' title='bbox 2406 5150 2530 5194; x_wconf 87' lang='lat' dir='ltr'><strong>sunt</strong></span> <span class='ocrx_word' id='word_1_902' title='bbox 2584 5143 2785 5194; x_wconf 86' lang='lat' dir='ltr'><strong>omnia.</strong></span> <span class='ocrx_word' id='word_1_903' title='bbox 2835 5141 3006 5197; x_wconf 91' lang='lat' dir='ltr'><strong>Porro</strong></span> <span class='ocrx_word' id='word_1_904' title='bbox 3060 5143 3295 5198; x_wconf 82' lang='lat' dir='ltr'><strong>diximus</strong></span> <span class='ocrx_word' id='word_1_905' title='bbox 3345 5162 3370 5200; x_wconf 68' lang='grc' dir='ltr'>ρ</span> 
     </span>
    </p>
   </div>
   <div class='ocr_carea' id='block_1_126' title="bbox 1807 5207 3350 5282">
    <p class='ocr_par' dir='ltr' id='par_1_126' title="bbox 1807 5207 3350 5282">
     <span class='ocr_line' id='line_1_126' title="bbox 1807 5207 3350 5282; baseline 0.006 -22"><span class='ocrx_word' id='word_1_906' title='bbox 1807 5207 2041 5282; x_wconf 72' lang='lat' dir='ltr'><strong>.lurliano,</strong></span> <span class='ocrx_word' id='word_1_907' title='bbox 2068 5211 2148 5264; x_wconf 90' lang='lat' dir='ltr'><strong>vel</strong></span> <span class='ocrx_word' id='word_1_908' title='bbox 2172 5207 2238 5266; x_wconf 84' lang='lat' dir='ltr'><strong>ab</strong></span> <span class='ocrx_word' id='word_1_909' title='bbox 2261 5212 2379 5265; x_wconf 89' lang='lat' dir='ltr'><strong>aliis</strong></span> <span class='ocrx_word' id='word_1_910' title='bbox 2401 5211 2842 5281; x_wconf 87' lang='lat' dir='ltr'><strong>superstitionum</strong></span> <span class='ocrx_word' id='word_1_911' title='bbox 2866 5227 3058 5282; x_wconf 89' lang='lat' dir='ltr'><strong>agmen</strong></span> <span class='ocrx_word' id='word_1_912' title='bbox 3081 5214 3350 5269; x_wconf 87' lang='lat' dir='ltr'><strong>dissolven</strong></span> 
     </span>
    </p>
   </div>
   <div class='ocr_carea' id='block_1_127' title="bbox 1805 5280 3352 5352">
    <p class='ocr_par' dir='ltr' id='par_1_127' title="bbox 1805 5280 3352 5352">
     <span class='ocr_line' id='line_1_127' title="bbox 1805 5280 3352 5352; baseline 0.005 -20"><span class='ocrx_word' id='word_1_913' title='bbox 1805 5280 1962 5352; x_wconf 83' lang='lat' dir='ltr'><strong>dum;</strong></span> <span class='ocrx_word' id='word_1_914' title='bbox 1992 5283 2148 5352; x_wconf 89' lang='lat' dir='ltr'><strong>idque</strong></span> <span class='ocrx_word' id='word_1_915' title='bbox 2177 5280 2652 5352; x_wconf 18' lang='lat' dir='ltr'><strong>suadetiorationis</strong></span> <span class='ocrx_word' id='word_1_916' title='bbox 2677 5283 2846 5352; x_wconf 84' lang='lat' dir='ltr'><strong>series</strong></span> <span class='ocrx_word' id='word_1_917' title='bbox 2875 5280 2930 5337; x_wconf 76' lang='lat' dir='ltr'><strong>ei</strong></span> <span class='ocrx_word' id='word_1_918' title='bbox 2957 5287 3352 5352; x_wconf 84' lang='lat' dir='ltr'><strong>argumentatio</strong></span> 
     </span>
    </p>
   </div>
   <div class='ocr_carea' id='block_1_128' title="bbox 1900 5349 2860 5422">
    <p class='ocr_par' dir='ltr' id='par_1_128' title="bbox 1900 5349 2860 5422">
     <span class='ocr_line' id='line_1_128' title="bbox 1900 5349 2860 5422; baseline 0.002 -18"><span class='ocrx_word' id='word_1_919' title='bbox 1900 5350 1989 5422; x_wconf 78' lang='grc'>70)</span> <span class='ocrx_word' id='word_1_920' title='bbox 2026 5350 2206 5404; x_wconf 82' lang='grc' dir='ltr'><strong>Μέντ’</strong></span> <span class='ocrx_word' id='word_1_921' title='bbox 2243 5349 2338 5422; x_wconf 72' lang='grc' dir='ltr'><strong>ἄν.</strong></span> <span class='ocrx_word' id='word_1_922' title='bbox 2371 5351 2526 5406; x_wconf 89' lang='lat' dir='ltr'><strong>Pass.</strong></span> <span class='ocrx_word' id='word_1_923' title='bbox 2561 5351 2746 5422; x_wconf 81' lang='grc' dir='ltr'>μέντοι</span> <span class='ocrx_word' id='word_1_924' title='bbox 2775 5351 2860 5407; x_wconf 87' lang='grc' dir='ltr'><strong>ἄν.</strong></span> 
     </span>
    </p>
   </div>
   <div class='ocr_carea' id='block_1_129' title="bbox 1901 5421 3365 5494">
    <p class='ocr_par' dir='ltr' id='par_1_129' title="bbox 1901 5421 3365 5494">
     <span class='ocr_line' id='line_1_129' title="bbox 1901 5421 3365 5494; baseline 0.007 -23"><span class='ocrx_word' id='word_1_925' title='bbox 1901 5421 1986 5491; x_wconf 80' lang='grc'><strong>71)</strong></span> <span class='ocrx_word' id='word_1_926' title='bbox 2027 5422 2100 5474; x_wconf 82' lang='grc' dir='ltr'><strong>ΕΖ</strong></span> <span class='ocrx_word' id='word_1_927' title='bbox 2129 5436 2227 5475; x_wconf 89' lang='grc' dir='ltr'><strong>σοι</strong></span> <span class='ocrx_word' id='word_1_928' title='bbox 2253 5421 2518 5490; x_wconf 80' lang='grc' dir='ltr'>διελύθη.</span> <span class='ocrx_word' id='word_1_929' title='bbox 2564 5421 2802 5475; x_wconf 67' lang='grc' dir='ltr'>ιΤοιυω</span> <span class='ocrx_word' id='word_1_930' title='bbox 2841 5432 2986 5476; x_wconf 89' lang='lat' dir='ltr'><strong>esset</strong></span> <span class='ocrx_word' id='word_1_931' title='bbox 3022 5438 3236 5494; x_wconf 91' lang='lat' dir='ltr'><strong>unaque</strong></span> <span class='ocrx_word' id='word_1_932' title='bbox 3262 5426 3365 5481; x_wconf 87' lang='lat' dir='ltr'><strong>dis-</strong></span> 
     </span>
    </p>
   </div>
   <div class='ocr_carea' id='block_1_130' title="bbox 1801 5491 2100 5559">
    <p class='ocr_par' dir='ltr' id='par_1_130' title="bbox 1801 5491 2100 5559">
     <span class='ocr_line' id='line_1_130' title="bbox 1801 5491 2100 5559; baseline -0.003 -15"><span class='ocrx_word' id='word_1_933' title='bbox 1801 5491 2052 5559; x_wconf 75' lang='lat' dir='ltr'><strong>sipatum.</strong></span> <span class='ocrx_word' id='word_1_934' title='bbox 2082 5511 2100 5543; x_wconf 75' lang='grc' dir='ltr'><strong>ι</strong></span> 
     </span>
    </p>
   </div>
   <div class='ocr_carea' id='block_1_131' title="bbox 1872 5557 2612 5633">
    <p class='ocr_par' dir='ltr' id='par_1_131' title="bbox 1872 5557 2612 5633">
     <span class='ocr_line' id='line_1_131' title="bbox 1872 5557 2612 5633; baseline -0.015 -9"><span class='ocrx_word' id='word_1_935' title='bbox 2024 5557 2245 5633; x_wconf 47' lang='grc' dir='ltr'>τΗμεν,</span> <span class='ocrx_word' id='word_1_936' title='bbox 2264 5561 2416 5617; x_wconf 87' lang='lat' dir='ltr'><strong>Pass.</strong></span> <span class='ocrx_word' id='word_1_937' title='bbox 2442 5557 2612 5633; x_wconf 78' lang='grc' dir='ltr'>ὦμεν.</span> 
     </span>
    </p>
   </div>
   <div class='ocr_carea' id='block_1_132' title="bbox 1870 5630 3368 5707">
    <p class='ocr_par' dir='ltr' id='par_1_132' title="bbox 1870 5630 3368 5707">
     <span class='ocr_line' id='line_1_132' title="bbox 1870 5630 3368 5707; baseline 0.005 -24"><span class='ocrx_word' id='word_1_938' title='bbox 1870 5631 1982 5707; x_wconf 63' lang='grc'>(75)</span> <span class='ocrx_word' id='word_1_939' title='bbox 2033 5633 2156 5707; x_wconf 65' lang='grc' dir='ltr'><strong>Ἐπὶ</strong></span> <span class='ocrx_word' id='word_1_940' title='bbox 2184 5632 2293 5707; x_wconf 77' lang='grc' dir='ltr'>τῆς</span> <span class='ocrx_word' id='word_1_941' title='bbox 2325 5630 2595 5707; x_wconf 70' lang='grc' dir='ltr'>ἀρχαζας.</span> <span class='ocrx_word' id='word_1_942' title='bbox 2626 5630 2718 5707; x_wconf 80' lang='lat' dir='ltr'><strong>Qr.</strong></span> <span class='ocrx_word' id='word_1_943' title='bbox 2747 5632 2915 5707; x_wconf 61' lang='grc' dir='ltr'>1,-ξπὶ</span> <span class='ocrx_word' id='word_1_944' title='bbox 2942 5635 3063 5698; x_wconf 86' lang='grc' dir='ltr'>ταῖς</span> <span class='ocrx_word' id='word_1_945' title='bbox 3091 5635 3368 5707; x_wconf 76' lang='grc' dir='ltr'>ἀρχαίαις.</span> 
     </span>
    </p>
   </div>
   <div class='ocr_carea' id='block_1_133' title="bbox 1869 5702 3374 5786">
    <p class='ocr_par' dir='ltr' id='par_1_133' title="bbox 1869 5702 3374 5786">
     <span class='ocr_line' id='line_1_133' title="bbox 1869 5702 3374 5786; baseline 0.005 -33"><span class='ocrx_word' id='word_1_946' title='bbox 1869 5702 2440 5786; x_wconf 53' lang='grc' dir='ltr'>Φευκξςξςερονς</span> <span class='ocrx_word' id='word_1_947' title='bbox 2487 5705 2619 5776; x_wconf 82' lang='lat' dir='ltr'><strong>Reg.</strong></span> <span class='ocrx_word' id='word_1_948' title='bbox 2649 5703 2684 5770; x_wconf 95' lang='lat' dir='ltr'><strong>l,</strong></span> <span class='ocrx_word' id='word_1_949' title='bbox 2723 5716 2777 5760; x_wconf 90' lang='lat' dir='ltr'><strong>et</strong></span> <span class='ocrx_word' id='word_1_950' title='bbox 2814 5705 2942 5759; x_wconf 85' lang='lat' dir='ltr'><strong>Sav.</strong></span> <span class='ocrx_word' id='word_1_951' title='bbox 2975 5702 3198 5773; x_wconf 72' lang='lat' dir='ltr'><strong>addunt,</strong></span> <span class='ocrx_word' id='word_1_952' title='bbox 3235 5702 3374 5786; x_wconf 55' lang='grc' dir='ltr'><strong>εἷενἼ</strong></span> 
     </span>
    </p>
   </div>
   <div class='ocr_carea' id='block_1_134' title="bbox 137 5771 2345 5844">
    <p class='ocr_par' dir='ltr' id='par_1_134' title="bbox 137 5771 2345 5844">
     <span class='ocr_line' id='line_1_134' title="bbox 137 5771 2345 5844; baseline 0.001 -17"><span class='ocrx_word' id='word_1_953' title='bbox 137 5771 371 5828; x_wconf 70' lang='lat' dir='ltr'><strong>lunatum</strong></span> <span class='ocrx_word' id='word_1_954' title='bbox 399 5771 518 5831; x_wconf 66' lang='lat' dir='ltr'><strong>hoc</strong></span> <span class='ocrx_word' id='word_1_955' title='bbox 543 5775 971 5830; x_wconf 88' lang='lat' dir='ltr'><strong>Christianorum</strong></span> <span class='ocrx_word' id='word_1_956' title='bbox 1010 5785 1222 5844; x_wconf 83' lang='lat' dir='ltr'><strong>agmen,</strong></span> <span class='ocrx_word' id='word_1_957' title='bbox 1265 5783 1322 5829; x_wconf 90' lang='lat' dir='ltr'><strong>ut</strong></span> <span class='ocrx_word' id='word_1_958' title='bbox 1360 5773 1574 5844; x_wconf 85' lang='lat' dir='ltr'><strong>quidem</strong></span> <span class='ocrx_word' id='word_1_959' title='bbox 1609 5789 1693 5832; x_wconf 87' lang='lat' dir='ltr'><strong>as-</strong></span> <span class='ocrx_word' id='word_1_960' title='bbox 1728 5780 1753 5822; x_wconf 60' lang='grc' dir='ltr'><em>ὲ</em></span> <span class='ocrx_word' id='word_1_961' title='bbox 1799 5779 1872 5826; x_wconf 88' lang='lat' dir='ltr'><strong>tta</strong></span> <span class='ocrx_word' id='word_1_962' title='bbox 1913 5772 2053 5829; x_wconf 82' lang='lat' dir='ltr'><strong>Eli‘as</strong></span> <span class='ocrx_word' id='word_1_963' title='bbox 2088 5774 2138 5827; x_wconf 93' lang='lat' dir='ltr'><strong>in</strong></span> <span class='ocrx_word' id='word_1_964' title='bbox 2169 5772 2345 5830; x_wconf 84' lang='lat' dir='ltr'><strong>Biliio.</strong></span> 
     </span>
    </p>
   </div>
  </div>
