3878 6398
545 343 643 398 65!

1748 341 1806 396 S.
1853 339 2182 398 GBEGORII
2222 337 2570 396 TIIEOLOGI
3631 359 3709 416 οδε

541 464 684 516 enim
720 457 1229 530 contemplationem
1263 473 1522 514 ascensus
1553 459 1618 512 ad
1659 460 1900 515 coelestia
1936 457 2098 515 comi-

2215 457 2461 551 ἐπίϐασιν
2481 474 2494 488 ο
2527 455 2645 510 οὐδὲ
2675 456 2782 551 γαρ
2811 449 3006 551 οἷόντε
3041 451 3182 510 εἶναι
3203 459 3392 551 σοφίας
3423 469 3629 540 μετέχειν
3655 482 3708 551 μὴ

544 569 648 609 tein
678 554 1026 617 asciscim-zs,
1052 551 1125 605 ita
1154 550 1393 604 vicissim
1427 551 1570 606 actio
1597 552 1752 606 nobis
1775 551 1842 605 ad
1868 560 2111 607 contem-

543 647 830 715 plationem
879 644 1078 713 gradus
1126 657 1189 696 ac
1221 642 1368 698 velut
1407 642 1551 697 scala
1599 651 1700 698 est.
1735 641 1922 712 Neque
1968 644 2111 698 enim

545 740 655 790 tieri
688 744 884 805 potest,
912 743 967 787 ut
997 732 1277 803 sapientiae
1306 743 1587 802 compotes
1617 734 1746 797 sint,
1775 733 1866 803 qui
1897 733 2112 803 sapien-

543 840 623 881 ter
653 843 755 881 non
792 826 1043 880 vixerint.
1081 824 1235 896 Apud
1266 824 1386 878 illos
1420 835 1600 878 autem
1621 863 1636 887 ,
1673 824 1810 877 haud
1843 824 1960 879 scio
1991 835 2108 878 utra

543 934 626 972 res
661 917 830 986 magis
864 916 1088 972 ridicula
1129 926 1288 985 atque
1325 915 1536 969 inﬁrma
1570 915 1872 981 videbitur;
1911 926 1969 969 ut
2015 916 2107 984 qui

540 1029 567 1064 τι
620 1010 798 1064 divino
833 1008 1016 1062 aﬂlatu
1066 1006 1554 1077 coagmentationis
1605 1015 1661 1060 et
1703 994 2109 1062 constitutionis

539 1117 649 1156 sua:
698 1100 862 1156 robur
894 1101 1309 1170 haudquaquam
1365 1100 1631 1161 habeant,
1675 1099 1950 1153 radicibus
2001 1099 2108 1154 illis

539 1208 642 1244 non
673 1191 966 1255 absimiles,
1003 1207 1151 1260 quze,
1191 1191 1332 1260 quod
1367 1191 1548 1246 stabili
1583 1190 1703 1244 loco
1730 1188 1954 1243 minime
1986 1189 2103 1244 fixae

538 1285 667 1346 sint,
711 1284 868 1338 undis
897 1283 1162 1337 feruntur.
1197 1283 1342 1353 Ergo
1383 1283 1436 1336 in
1474 1281 1688 1335 beatam
1725 1279 2104 1346 eortttnjacia-

537 1393 677 1439 mus,
728 1387 787 1430 ut
847 1393 966 1431 cum
1025 1377 1156 1442 ipsis
1201 1375 1550 1438 ludentibus,
1601 1382 1654 1428 et
1705 1372 2102 1439 fabulantibus,

537 1470 986 1536 quemadmodum
1019 1469 1070 1523 in
1102 1469 1370 1538 plerisque
1398 1467 1629 1523 scenicis
1671 1467 1814 1520 ludis
1846 1464 1961 1518 ﬁeri
2018 1479 2109 1518 so-

2212 550 2390 619 σοφῶς
2422 549 2872 620 ἀναστραφέντας
3045 553 3157 613 τοῖς
3196 549 3250 601 δὲ
3283 552 3373 605 οὐκ
3397 551 3480 610 οἷδ’
3507 549 3709 636 ὁπότερα,

2209 641 2350 707 δόξει
2379 639 2714 712 γελοιότερον
2757 657 2816 693 τε
2861 641 2954 695 καὶ
2985 641 3394 714 ἀσθενέστερον,
3435 649 3522 703 οὐκ
3549 653 3713 724 ἔχουσιν

2210 737 2273 787 ἐκ
2303 733 2453 798 θείας
2477 733 2847 796 ἐπιπνεύσεως
2870 733 2930 786 τὸ
2956 732 3179 786 δυνατὸν
3207 733 3282 804 (4)
3305 735 3390 788 τοῦ
3417 745 3710 814 συστήματος.

2209 824 2400 894 ὥσπερ
2447 825 2556 877 τῶν
2599 825 2786 896 ῥιζῶν,
2828 826 2882 878 αἳ
2929 824 3048 878 καθ’
3095 823 3286 889 ὓδατος
3320 827 3562 899 ὀχοῦνται,
3591 839 3714 908 πῆξιν

2209 917 2309 968 οὐκ
2339 916 2575 984 ἔχουσαι.
2611 917 2719 969 Καὶ
2751 915 2814 988 δὴ
2849 917 3099 988 βάλωμεν
3143 919 3224 979 είς
3255 918 3348 989 τὴν
3380 926 3616 995 μακαρίαν
3642 933 3713 984 αὖ-

2204 1005 2319 1098 ’τῶν
2354 1008 2452 1076 (Pi),
2481 1007 2546 1060 ἵν’
2573 1007 2728 1076 ὀλίγα
2755 1009 2847 1062 καὶ
2873 1009 3028 1062 αὐτοὶ
3054 1007 3336 1073 παίζουσιν
3364 1013 3527 1078 αὐτοῖς
3547 1021 3622 1071 καὶ
3642 1041 3717 1090 μυ-

2211 1098 2542 1166 θολογοῦσιν,
2580 1101 2770 1172 ὥσπερ
2807 1101 2866 1153 ὲν
2900 1101 3113 1164 πολλοῖς
3150 1101 3256 1156 τῶν
3287 1102 3578 1174 δραμάτων,
3615 1128 3716 1182 συμ-

2199 1189 2496 1262 επαίξωμεν
2545 1191 2664 1263 (6)-
2714 1193 2808 1245 καὶ
2873 1192 3196 1264 προστεθείη
3245 1192 3320 1264 τῷ
3369 1198 3572 1266 χαίρειν
3605 1210 3718 1269 μετὰ

2207 1284 2554 1352 χαιρόντων,
2585 1285 2684 1337 καὶ
2719 1285 3006 1338 κλαίουσι
3039 1285 3452 1354 συνδακρύειν,
3476 1289 3529 1342 τὸ
3551 1292 3628 1343 καὶ
3653 1294 3717 1363 λη·

2217 1374 2457 1445 ραίνουσι
2511 1375 2796 1447 συλληρεῖν
2851 1377 3176 1447 ἀνέχεσθαιο
3227 1377 3320 1431 καὶ
3360 1379 3547 1446 γέλωτα
3579 1384 3626 1435 ἐν
3650 1383 3716 1436 δας

2215 1466 2402 1537 κρύοις
2435 1469 2655 1538 ποιηταὶ
2685 1469 2763 1540 (7)
2794 1468 3170 1538 γινώσκουσιν.

538 1563 631 1624 let,
670 1578 765 1616 nos
807 1576 1018 1631 quoque
1063 1561 1276 1631 paulum
1319 1560 1566 1615 ludamus
1608 1579 1620 1614 :
1661 1569 1819 1630 atque
1888 1559 1954 1611 ad
2023 1556 2152 1611 illud
2223 1557 2554 1630 Scripturze,
2590 1577 2696 1632 quo
2729 1579 2843 1616 cum
2887 1564 3234 1632 gaudentibus
3278 1565 3519 1633 gaudere,
3546 1581 3585 1622 et
3629 1588 3715 1624 cum

537 1655 780 1723 ﬂentibus
848 1654 1042 1723 ﬂere”
1103 1654 1494 1716 admonemur,
1548 1652 1651 1706 hoc
1699 1665 1910 1720 quoque
1975 1649 2319 1719 adiungatur,
2371 1664 2429 1708 ut
2483 1669 2606 1708 cum
2640 1653 2972 1723 nugantibus
3006 1655 3193 1725 nugari
3241 1656 3589 1715 sustineamus.
3619 1661 3714 1718 Nam

537 1758 590 1799 et
623 1757 792 1815 pnetre
824 1747 988 1799 risum
1027 1747 1078 1799 in
1121 1746 1373 1817 lacrymis
1401 1761 1642 1814 μετεωρο
1665 1753 1988 1814 agnoscunt.

607 1837 790 1892 CXIV.
825 1837 907 1890 Sit
934 1837 1093 1905 igitur
1116 1847 1237 1905 apte
1259 1847 1503 1905 paratum
1531 1837 1799 1890 theatrum
1821 1855 1833 1889 :
1859 1852 1977 1889 nam
1997 1851 2098 1904 quo

2275 1833 2416 1884 PIA'.
2459 1830 2638 1882 Ἔστω
2684 1829 2743 1882 τὸ
2789 1830 3013 1902 θέατρον
3053 1831 3316 1903 εὐτρεπές
3343 1831 3414 1903 (8)
3438 1850 3451 1862 °
3483 1834 3620 1904 ἤοῦκ
3645 1825 3714 1891 οἶδ’

536 1929 642 1984 alio
667 1929 886 1982 nomine
908 1928 1164 1997 templum
1185 1943 1339 1982 suum
1364 1927 1542 1982 vocari
1569 1926 1851 1992 iusserint,
1873 1927 2058 1981 nescio
2086 1944 2098 1978 :

533 2033 812 2090 praecones
853 2019 1120 2083 clament;
1157 2019 1388 2089 populus
1436 2017 1706 2086 conﬂuat,
1740 2019 2060 2088 przesideant
2086 2058 2100 2082 ,

534 2111 615 2164 vel
644 2110 731 2178 qui
769 2117 961 2174 aetate,
992 2119 1048 2163 et
1087 2107 1319 2175 canitie,
1349 2122 1413 2162 ac
1447 2107 1571 2162 vita:
1618 2107 1931 2174 integritate
1963 2121 2105 2177 pra:-

535 2212 700 2268 stant,
735 2201 816 2256 vel
845 2202 933 2271 qui
962 2202 1175 2270 generis
1199 2199 1486 2269 splendore
1522 2215 1586 2254 ac
1619 2199 1788 2269 gloria
1825 2198 2103 2269 conspicui

535 2305 679 2360 sunt,
709 2309 878 2364 eaque
907 2293 1165 2364 sapientia
1194 2307 1313 2363 quae
1337 2293 1569 2347 terrenis
1599 2299 1867 2357 nectatur,
1903 2298 1957 2345 et
1986 2306 2106 2359 qua:

528 2385 887 2454 jucundttatis
917 2384 1036 2453 plus
1067 2384 1262 2437 habeat
1297 2397 1458 2451 quam
1485 2396 1612 2437 vera
1643 2380 1838 2451 pietas.
1871 2380 1926 2434 id
1960 2380 2102 2433 enim

531 2494 719 2533 eorum
768 2477 993 2532 arbitrio
1046 2475 1446 2544 permittemus.
1496 2473 1634 2539 Quid
1683 2473 1877 2527 deinde
1910 2471 2105 2543 agent?

533 2569 636 2634 ipsi
677 2567 930 2638 prwsides
957 2580 1082 2620 suos
1112 2573 1168 2618 et
1201 2563 1475 2617 antistites
1505 2560 1837 2616 describant.
1863 2558 2102 2630 Purpura

533 2678 628 2716 eos
647 2660 880 2718 ornabit,
903 2668 956 2713 et
983 2659 1151 2720 vitta),
1179 2666 1233 2709 et
1260 2655 1462 2709 ﬂorida:
1489 2669 1553 2709 ac
1575 2653 1817 2722 pulchra:
1844 2667 2058 2708 coronae
2086 2670 2101 2707 :

534 2745 963 2818 quandoquidem
1012 2745 1284 2814 plerisque
1341 2744 1394 2798 in
1455 2741 1619 2798 rebus
1668 2744 1995 2812 gravitatem
2047 2753 2100 2797 et

535 2841 874 2908 maiestatem
917 2838 983 2891 ab
1038 2837 1165 2906 ipsis
1195 2835 1440 2890 aﬂ'ectari
1483 2837 1761 2904 comperi,
1805 2835 1967 2906 idque
2007 2851 2099 2890 eos

535 2932 782 2996 studere,
815 2941 872 2984 ut
913 2944 1072 2998 supra
1112 2930 1350 2998 privatos
1404 2943 1468 2983 ac
1504 2929 1742 2998 plebeios
1785 2930 2097 2983 emineant:

535 3034 790 3090 tanquam
825 3018 1073 3073 videlicet
1115 3017 1165 3071 id
1199 3017 1339 3086 quod
1370 3030 1658 3072 commune
1693 3026 1860 3087 atque
1893 3018 2099 3073 humile

532 3123 637 3177 est,
667 3110 820 3165 facile
851 3109 903 3163 in
939 3117 1304 3177 contemptum
1342 3107 1563 3163 veniat:
1595 3111 1734 3175 quod
1769 3118 1947 3163 autem
1988 3109 2102 3164 ela-

2206 1925 2234 1976 ὅ
2265 1940 2317 1975 τι
2351 1921 2443 1976 καὶ
2476 1919 2659 1974 καλεῖν
2696 1921 2787 1973 τὸν
2821 1919 2969 1974 οἷκον
3004 1921 3184 1976 αὐτῶν
3214 1923 3541 1979 κελεύσουσιν
3563 1927 3643 1995 (9)’
3679 1933 3712 1982 οἱ

2207 2015 2444 2084 κήρυκες
2481 2011 2786 2080 βοάτωσανο
2828 2012 2856 2063 ὀ
2897 2011 3024 2075 λαὸς
3065 2013 3300 2066 συνίτω·
3351 2014 3445 2085 τὴν
3487 2017 3716 2086 προεδρίαν

2206 2103 2478 2173 ἐχέτωσαν
2509 2101 2616 2155 εἴτε
2652 2103 2700 2154 οἱ
2732 2101 2891 2174 πολιᾷ
2917 2143 2931 2166 ,
2967 2103 3060 2156 καὶ
3095 2103 3291 2174 χρόνῳ,
3331 2106 3420 2158 καὶ
3448 2105 3515 2176 τῷ
3539 2106 3619 2176 τῆς
3647 2124 3716 2161 π.

2205 2195 2406 2258 λιτείας
2451 2194 2810 2265 ὲξειλεγμένῳ
2853 2195 3209 2266 προέχοντες,
3259 2198 3364 2250 εἴτε
3411 2199 3456 2250 οἱ
3500 2198 3620 2267 γένει
3649 2201 3715 2253 καὶ

2205 2287 2333 2358 δόξῃ
2355 2305 2420 2340 πε
2430 2285 2725 2357 ρίόλεπτοι,
2753 2285 2847 2339 καὶ
2871 2287 3031 2357 σοφίᾳ
3053 2289 3116 2358 τῇ
3144 2286 3296 2340 κάτω
3319 2287 3594 2362 πλεκομένῃ
3617 2291 3714 2354 litt),

2206 2381 2302 2434 καὶ
2329 2379 2508 2432 πλεῖον
2535 2378 2732 2450 ἐχούσῃ
2761 2379 2824 2432 τὸ
2853 2378 3084 2451 τερπνὸν
3114 2379 3214 2449 τῆς
3241 2380 3469 2451 ἀληθοῦς
3493 2381 3586 2450 (Η)
3611 2382 3717 2433 εὗσε-

2206 2472 2386 2536 6είας·
2439 2471 2595 2525 τοῦτο
2637 2471 2746 2542 γὰρ
2789 2473 2875 2525 ἐπ’
2927 2473 3110 2536 αὐτοῖς
3157 2473 3485 2544 ποιησόμεθα
3527 2474 3632 2542 (l2).
3670 2475 3716 2525 Τί

2207 2564 2492 2634 ποιήσουσι
2538 2563 2606 2616 τὰ
2644 2563 2797 2633 ὲξῆς;
2845 2564 3010 2617 Αὐτοὶ
3055 2565 3184 2628 τοὺς
3238 2565 3440 2618 ἑαυτῶν
3482 2565 3717 2636 προέδρους

2205 2655 2592 2726 γραψάτωσαν.
2630 2655 2917 2726 Ἀλουργὶς
2939 2655 3134 2719 αὐτοὺς
3156 2658 3442 2727 κοσμήσει,
3468 2658 3551 2709 καὶ
3565 2657 3714 2712 ταινία.

2204 2747 2298 2799 καὶ
2333 2747 2605 2814 στεφάνων
2634 2747 2792 2811 ἄνθος
2824 2750 2916 2800 καὶ
2946 2747 3140 2811 κάλλος
3161 2765 3177 2779 ·
3209 2747 3396 2819 ἐπειδὴ
3427 2746 3651 2817 πολλαχοῦ
3676 2747 3719 2797 τὸ

2209 2840 2400 2910 σεμνὸν
2435 2839 2602 2906 ἔγνων
2651 2840 2832 2903 αὐτοῖς
2880 2839 3341 2911 σπουδαζόμενον,
3377 2841 3465 2894 καὶ
3503 2841 3556 2892 τὸ
3595 2840 3720 2910 ὑπερ-

2207 2928 2318 2979 άνω
2361 2925 2455 2979 τοῦ
2494 2926 2697 2980 ἰδιώτου
2783 2929 2859 2992 ὠς
2904 2929 2996 2982 τοῦ
3043 2930 3139 2999 μὲν
3185 2929 3365 2982 κοινοῦ
3394 2931 3482 2982 καὶ
3520 2926 3654 2992 πεζοῦ
3679 2928 3721 2978 τὸ

2207 3019 2678 3090 εὐκαταφρόνητον
2705 3020 2938 3090 ἔχοντος,
2967 3023 3060 3074 τοῦ
3088 3022 3144 3074 δὲ
3212 3023 3512 3094 ὑπερόγκου
3537 3023 3614 3072 καὶ
3632 3020 3722 3072 δυτ-

2208 3109 2428 3180 εφίκτου
2450 3110 2508 3163 τὸ
2524 3111 2849 3178 ἀξιόπιστον.
2881 3114 2950 3165 Ἦ
2981 3112 3265 3166 κάνταῦθα
3295 3113 3479 3184 μέχρις
3506 3111 3634 3182 ἡμῶν
3658 3127 3726 3162 κα-

537 3215 646 3258 tum
673 3213 722 3258 et
763 3202 1044 3265 tumidum,
1082 3207 1243 3268 atque
1286 3210 1534 3254 assecutu
1578 3201 1814 3266 difﬁcile,
1846 3202 2090 3256 auctori-

2215 3201 2559 3271 ταϐήσονται,
2606 3203 2680 3273 μὴ
2730 3203 2790 3255 τὸ
2835 3204 2894 3256 ἐν
2948 3206 3059 3266 τοῖς
3112 3183 3603 3274 σχήμασινὺψηλὺν
3643 3200 3724 3267 (15)

534 3305 698 3349 tatem
726 3293 936 3348 atl'erat.
967 3294 1048 3345 An
1095 3292 1184 3346 hic
1225 3305 1441 3360 quoque
1472 3291 1540 3346 ad
1572 3305 1670 3346 nos
1704 3305 1876 3361 usque
1910 3307 1969 3346 se
2007 3293 2100 3347 de-

531 3387 778 3458 mittent,
814 3400 877 3439 ac
917 3383 1341 3446 sublimitatem,
1375 3399 1480 3439 non
1513 3383 1700 3452 “magis
1745 3381 1800 3436 in
1843 3391 1997 3453 gestu
2039 3398 2103 3437 ac

530 3479 748 3550 specie,
794 3492 956 3547 quam
1008 3476 1062 3529 in
1105 3475 1348 3529 moribus
1403 3475 1504 3530 sibi
1545 3475 1878 3542 convenire,
1931 3475 2102 3530 nostri

534 3574 722 3636 instar,
773 3568 1199 3626 existimabunt?
1250 3566 1402 3638 141
1465 3567 1576 3624 Νοε
1631 3569 1775 3622 enim
1822 3577 2103 3624 externam

533 3667 744 3734 quidem
777 3663 1033 3733 speciem,
1077 3675 1140 3714 ac
1173 3660 1316 3713 velut
1350 3661 1612 3728 picturam
1634 3700 1650 3727 ,
1686 3675 1877 3729 parum
1914 3661 2102 3715 admo—

533 3753 658 3808 dum
703 3769 998 3811 curamus:
1052 3752 1104 3805 in
1163 3751 1383 3806 interno
1437 3761 1614 3805 autem
1665 3752 1884 3806 homine
1926 3751 2094 3806 multo

2212 3294 2409 3366 μᾶλλον
2476 3294 2508 3365 ἢ
2551 3295 2609 3348 τὺ
2647 3297 2704 3348 ἐν
2738 3295 2816 3366 τῷ
2856 3296 3041 3368 τρόπῳ
3080 3295 3318 3366 πρέπειν
3353 3296 3556 3360 αὑτοῖς,
3581 3293 3725 3360 ὥσπερ

2204 3387 2398 3455 ἡμεῖς,
2445 3385 2790 3456 νομίζοντες;
2835 3387 2994 3457 Ἡμῖν
3027 3386 3136 3457 γὰρ
3189 3385 3290 3438 τοῦ
3329 3387 3424 3456 μὲν
3463 3381 3724 3454 φαινομένου

2203 3479 2297 3532 καὶ
2347 3479 2692 3550 γραφομένου
2732 3479 2841 3550 (id)
2881 3480 3084 3550 βραχὺς
3117 3481 3144 3532 ὁ
3191 3479 3385 3548 λόγος·
3419 3481 3452 3549 ὴ
3488 3476 3656 3530 πλείων
3683 3471 3724 3523 δὲ

2205 3570 2561 3641 πραγματεία
2586 3569 2712 3640 περὶ
2744 3570 2832 3623 τὸν
2863 3570 3012 3634 ἐντὸς
3041 3570 3352 3641 ἄνθρωπον,
3384 3570 3474 3622 καὶ
3502 3566 3725 3638 μεθέλκειν

2202 3664 2293 3715 τὸν
2337 3661 2534 3734 θεατὴν
2562 3662 2671 3731 (15)
2698 3663 2789 3715 ἐπὶ
2821 3662 2882 3715 τὸ
2912 3663 3226 3734 νοούμενον,
3255 3657 3300 3731 ᾦ
3326 3663 3417 3716 καὶ
3445 3660 3616 3732 μᾶλλον
3633 3655 3725 3714 τρὶς

2205 3753 2433 3816 πολλοὺς
2464 3753 2875 3822 ὲκπαιδεύομεν.

532 3847 654 3910 plus
716 3859 893 3915 operae
965 3841 1239 3911 studiique
1282 3841 1569 3911 ponimus,
1628 3842 1788 3913 idque
1834 3845 2170 3913 potissimum
2213 3845 2537 3910 studemus,
2585 3857 2644 3900 ut
2689 3854 3047 3916 spectatorem
3088 3849 3156 3901 ad
3189 3862 3252 3902 ea
3303 3862 3421 3916 quae
3453 3845 3611 3899 animo
3636 3857 3726 3897 crr-

534 3947 757 4001 mmtur,
790 3937 1151 4002 retrahamus,
1188 3950 1292 4004 qua
1319 3935 1479 3989 etiam
1515 3937 1722 3991 ratione
1751 3938 1941 4008 vulgus
1973 3942 2139 4010 magis
2169 3942 2466 3995 ermlinms.

603 4029 762 4084 CXV.
804 4032 976 4098 Atque
1015 4031 1128 4084 haec
1172 4029 1236 4082 ad
1273 4029 1414 4082 hunc
1467 4029 1682 4083 modum
1726 4046 1782 4084 se
1827 4031 2076 4087 habeant.

591 4193 638 4223 η
682 4150 837 4244 ιιοιῖτ.
872 4205 968 4253 χιι,
1001 4190 1088 4246 t5.

2263 4035 2406 4086 PIE'.
2443 4033 2625 4085 Ταῦτα
2658 4033 2752 4102 μὲν
2773 4032 2835 4104 δὴ
2865 4033 3056 4108 ταύτῃ·
3081 4035 3210 4088 τίδὲ
3235 4033 3298 4086 τὸ
3322 4031 3585 4093 ἐντεῦθενς
3619 4028 3729 4096 Παρ-

603 4368 680 4439 (5)
732 4365 1266 4434 Ἀναστραφέντας.
1307 4361 1439 4433 Reg.
1492 4361 1542 4427 ι),
1579 4362 1726 4418 Coll).
1754 4362 1808 4428 k,
1843 4363 2098 4433 ἀναστρέ·

2215 4363 2348 4439 πές,
2368 4381 2386 4416 ι
2413 4365 2737 4439 speciosum,
2763 4365 2955 4439 decore
2979 4368 3298 4439 eximium.)

570 4455 748 4500 οντας.

530 4458 794 4576 φοῖλῗςῗό
823 4507 1104 4562 δυνατόν.
1138 4503 1381 4576 Lombef.
1424 4525 1441 4556 ι
1465 4505 1545 4558 ειιί
1575 4504 1960 4576 emtus_rob_nr.
1987 4523 2004 4554 ι

599 4573 677 4647 (5)
718 4578 1002 4646 Βάλωμεν
1030 4579 1116 4647 είς
1144 4575 1258 4647 τὴν
1287 4577 1581 4647 μακαρίαν
1619 4573 1843 4647 agape.
1871 4574 1968 4647 Ita
1992 4574 2102 4647 plc—

531 4645 684 4716 rique
718 4645 951 4703 codices.
979 4646 1116 4700 Edit.
1147 4645 1449 4716 βάλλωμεν.
1482 4645 1632 4716 Pass.
1668 4645 1776 4716 Καὶ
1804 4645 1872 4716 δὲγ
1891 4645 2102 4697 καὶείσο

531 4667 594 4702 ΓΙ(
620 4667 684 4702 ue
718 4667 951 4703 COHICCS.
979 4667 1116 4700 ιιιιιι.
1147 4667 1449 4716 ραΛΛωμεν.
1482 4667 1632 4698 rass.
1668 4667 1776 4696 κιαι
1804 4667 1858 4696 οε
1891 4667 2098 4697 καιεισ-

528 4667 800 4789 ϐάλωμεν,
842 4728 895 4772 et
926 4729 1046 4784 post
1074 4715 1252 4789 αὐτῶν
1276 4717 1444 4777 addit,
1470 4715 1812 4789 Ἐκκλησίαν.
1842 4715 1970 4789 Qua:
1998 4730 2098 4768 vox

529 4785 793 4859 glossema
840 4797 955 4851 est,
1002 4787 1171 4859 quod
1197 4791 1248 4859 in
1292 4793 1496 4859 textum
1533 4785 2096 4859 _irrepsit.__(;mteru_tn

528 4854 786 4924 parmmia
815 4860 926 4910 lucc
951 4867 1034 4911 est
1059 4872 1123 4910 ex
1149 4857 1508 4922 Aristophane
1531 4856 1582 4908 in
1615 4854 1893 4922 Equitibus
1923 4871 1939 4906 :
1970 4855 2096 4907 Bdtit‘

527 4931 586 4992 ἐς
618 4929 890 5000 μακαρίαν
913 4967 928 4991 ,
965 4946 983 4976 ι
1011 4926 1165 5000 aufer
1210 4936 1262 4978 te
1296 4926 1348 4978 in
1403 4928 1634 5000 beatam,
1663 4943 1689 5000 r_
1730 4925 1781 4977 id
1813 4936 1961 5000 _est,_
1991 4943 2008 4976 ι
2045 4927 2095 4978 in

526 4995 938 5053 beatitudinem.
969 5015 986 5046 ι
1025 4995 1120 5050 Hic
1169 5009 1348 5050 sermo
1383 5010 1480 5063 per
1526 4995 1904 5062 antiphrasim,
1945 4995 2095 5062 juxta

524 5068 720 5132 Eliam,
761 5078 846 5122 est
877 5084 904 5118 a
942 5064 1207 5132 Gregorio
1253 5075 1564 5132 usurpatus,
1604 5067 1676 5118 ita
1724 5075 1780 5116 ut
1818 5083 1836 5115 ι
1868 5065 2097 5119 beatitu-

525 5139 667 5192 dinis
693 5157 711 5189 ι
748 5138 986 5202 nomine,
1016 5149 1197 5188 veram
1235 5153 1254 5184 ι
1281 5135 1552 5188 miseriam
1577 5154 1596 5187 ι
1634 5135 1931 5203 intelligat;
1969 5154 1986 5186 ι
2013 5147 2097 5188 at.-

524 5222 630 5275 que
660 5209 797 5261 idem
831 5217 933 5270 est,
957 5226 975 5258 ι
1018 5215 1077 5258 ιιι
1111 5221 1235 5275 cum
1266 5203 1422 5257 Billio
1471 5205 1678 5272 loquar,
1708 5223 1726 5256 ι
1751 5220 1814 5258 ac
1856 5205 1901 5258 si
1951 5205 2096 5260 dice—

443 5318 449 5326 .
527 5274 652 5331 ret:
687 5278 1042 5331 ftedissimam
1089 5274 1299 5328 illorum
1341 5275 1654 5343 religionem
1720 5277 2093 5330 examinemus

523 5359 572 5470 ξι
602 5348 956 5470 li)nsectemur,
983 5361 1142 5417 quam
1174 5357 1353 5399 tamen
1387 5359 1483 5412 pro
1508 5344 1663 5399 beata
1699 5355 1753 5399 et
1782 5345 2090 5421 veneranda

567 5432 595 5469 a
637 5427 747 5470 ent.
773 5438 792 5469 ι

567 5419 747 5472 abent.
773 5438 792 5469 ι
1005 5416 1008 5417 ν
1787 5416 1792 5421 ’

596 5487 670 5558 (6)
711 5488 1161 5558 Συιιπαίξωμεν.
1196 5486 1272 5540 Ita
1316 5483 1467 5539 Pass.
1492 5484 1688 5553 aliique
1704 5501 1912 5541 omnes.
1949 5479 2088 5540 Edit.

525 5558 940 5628 ουμπαίζωμεν.
1010 5627 1029 5628 η
1283 5592 1298 5601 ι

591 5626 668 5698 (7)
711 5626 974 5696 Ποιὴταί.
1007 5627 1156 5683 Pass.
1186 5628 1351 5692 addit,
1387 5626 1664 5691 πολλάκις,
1705 5647 1720 5677 ι
1751 5642 1910 5697 sepe.
1937 5645 1956 5678 ι

592 5697 669 5767 (8;
709 5698 965 5766 Θέατρον
989 5698 1290 5765 εὐτρεπές.
1329 5717 1346 5748 ι
1376 5701 1511 5768 Apte
1542 5707 1787 5765 paratum
1818 5700 1885 5752 sit
1939 5699 2087 5752 thea-

523 5776 687 5824 trum.
718 5788 733 5819 ι
777 5771 868 5824 Sic
901 5769 1053 5824 Pass.
1081 5774 1370 5839 creteriquc
1411 5769 1647 5824 codices.
1696 5769 1857 5833 Editi,
1885 5769 2084 5839 εὐπρε-

2282 4435 2358 4510 (ξξ)
2399 4431 2939 4510 ΙιέᾼεύσρυοςινηΙιιι
2983 4447 3214 4510 quatuor
3246 4438 3415 4510 Regg.
3439 4435 3531 4492 Or.
3565 4434 3611 4498 i,
3637 4431 3728 4485 Ald.

2205 4514 2260 4558 et
2293 4505 2458 4558 llerv.
2492 4505 2544 4558 In
2578 4506 2708 4558 edit.
2738 4505 2908 4560 Paris.
2937 4508 3274 4562 κελεύουσιν.

2274 4576 2385 4642 (10)
2425 4577 2615 4643 Σοφίᾳ
2661 4575 2734 4642 τῇ
2792 4575 2946 4648 κάτω
3013 4578 3381 4648 πλεκομένῃ.
3429 4575 3540 4648 Biil.
3575 4571 3732 4627 «humi

2204 4654 2454 4716 contexta
2483 4650 2764 4713 sapientia.
2791 4667 2809 4698 ι
2848 4647 2976 4716 Reg.
3012 4663 3078 4716 q,
3127 4647 3383 4703 et’Pass.
3436 4647 3735 4699 πλεονεκτου-

2205 4713 2375 4795 μένῃ,
2407 4717 2739 4795 «ξιιρθι-ιοιὶῃ,
2773 4713 3130 4795 ριιιεειὲιιιιξοιὶ
3165 4719 3456 4795 sapientia.
3479 4736 3496 4768 ι

2272 4783 2381 4856 (Η)
2427 4786 2541 4852 Τῆς
2575 4783 2858 4853 ἀληθοῦς.
2906 4789 3154 4856 Plerique
3199 4783 3442 4851 codices,
3484 4785 3576 4854 τῆς
3612 4783 3733 4834 εὐσει

2203 4854 2375 4929 θείοις,
2419 4873 2436 4906 ι
2463 4858 2699 4929 pietatis,
2729 4876 2747 4908 ι
2776 4858 2916 4929 (ιιιοᾴ
2945 4854 3122 4929 magis
3150 4860 3349 4927 Ρτοιηι
3377 4857 3558 4913 οοωδ·

2271 4926 2383 4994 (12)
2421 4921 2815 4994 Ποιησόμεθαῖ
2839 4921 3069 4982 Αάάιιιιῖ
3083 4921 3237 4983 Pass.
3269 4929 3472 4996 aliique
3501 4921 3729 4980 nonnulli:

2198 4995 2264 5047 Τί
2283 4997 2529 5068 ,φήσουσι
2557 4997 2616 5049 τὸ
2644 4996 2799 5068 eam;
2823 5013 2856 5068 7C
2880 4998 3020 5068 quid
3039 5008 3226 5066 postea
3265 4995 3478 5052 dicent?
3497 5015 3513 5047 ι

2269 5059 2383 5135 ((⁵)
2425 5064 2522 5133 Μὴ
2559 5067 2622 5119 τὸ
2653 5059 2872 5132 ἐντὸῖς
2900 5059 3218 5136 ἱῖχήλιασιν
3245 5069 3512 5136 ὑψηλόν,
3537 5073 3628 5120 etc.
3652 5059 3735 5136 Mr-

2199 5133 2300 5188 lius
2345 5133 2397 5190 in
2446 5137 2557 5189 Elia
2595 5137 2815 5208 Billius:
2849 5155 2866 5187 ι
2900 5133 3067 5208 Magis
3118 5140 3220 5192 sibi
3261 5133 3576 5208 morum‘ac
3618 5135 3730 5205 vitaj.

2197 5219 2356 5273 quam
2386 5216 2664 5260 externam
2692 5217 2747 5260 et
2775 5207 2828 5260 in
2861 5204 3042 5277 specie
3076 5209 3348 5263 duntaxat
3381 5221 3444 5261 ac
3475 5204 3590 5261 fuco
3622 5204 3732 5272 post-

2197 5285 2304 5328 tam
2337 5277 2719 5346 sublimitatem
2745 5277 3074 5346 judicantes.
3107 5296 3126 5328 ι
3461 5345 3464 5346 ν
3592 5279 3603 5288 '

2267 5346 2378 5416 (14)
2410 5345 2524 5400 Τοῦ
2548 5345 2666 5414 μὲν
2686 5341 3049 5416 φάινομένου
3079 5347 3175 5400 καὶ
3195 5345 3592 5415 γραφομένου.
3612 5341 3731 5395 Com-

2193 5413 2311 5490 beti.‘
2342 5413 2368 5466 ι’
2395 5413 2597 5490 Parum
2642 5413 2898 5472 curamus
2947 5419 3086 5486 quod
3127 5413 3622 5490 oculis—subjectum
3665 5417 3731 5490 e9!

2195 5499 2258 5539 ac
2279 5485 2476 5540 litteris
2505 5485 2899 5546 deformatum:
2930 5485 3032 5541 »ιιι
3059 5498 3161 5551 εει,
3191 5488 3341 5556 quod
3374 5489 3594 5556 videtur,
3620 5485 3729 5534 etin

2193 5558 2397 5610 cortice
2441 5570 2523 5611 est
2574 5557 2796 5619 litterae,
2836 5559 2920 5611 cui
2964 5554 3280 5628 opponitur,
3334 5557 3398 5610 τὸ
3448 5554 3726 5625 νοούμενον.

2199 5644 2216 5676 ι
2252 5627 2394 5694 quod
2423 5635 2601 5680 mente
2637 5628 2972 5697 intelligitur.
3003 5627 3036 5679 ί»
3070 5628 3210 5682 Nihil
3247 5628 3337 5683 hic
3367 5629 3434 5683 de
3465 5630 3669 5697 pictura.

2262 5689 2372 5765 (⁷15)
2422 5697 2530 5750 Τὸν
2558 5689 2980 5768 θεωρῇ-δίης.
3012 5714 3044 5768 q
3075 5739 3089 5762 ,
3123 5699 3276 5755 Coll).
3312 5699 3346 5750 5
3366 5737 3380 5762 ,
3417 5689 3476 5754 ρι’
3496 5698 3630 5752 Pass.
3654 5689 3728 5742 τὸν

2191 5769 2488 5840 ἀκροατήν.
2528 5785 2547 5818 ‹
2584 5772 2909 5824 auditorem.
2947 5790 2966 5822 ›
