3878 6398
230 384 315 439 653

1166 378 1420 437 ORATIO
1458 378 1549 433 Ν.
1590 408 1658 417 --
1694 377 1968 433 CONTRA
2009 379 2348 435 JULIANUM
2387 381 2428 434 Ι.

3288 378 3392 433 654

227 513 341 577 ἕξεις
360 502 455 576 (16)
483 501 659 564 αὐτοῖς
692 501 971 569 ὑποφήτας
1000 498 1199 571 δηλαδὴ
1220 498 1492 571 θεοφόρων
1511 499 1731 568 λογίων,

1857 502 1971 568 Quid
2008 502 2232 571 postea?
2268 500 2540 555 Praebebis
2565 499 2697 568 ipsis
2730 498 2939 553 scilicet
2977 497 3309 559 divinorum,
3343 506 3399 548 ut

224 604 285 663 ὡς
300 598 355 652 ἂν
368 592 505 649 αὐτοὶ
536 590 725 660 φαίητε
754 588 885 659 (Π),
919 588 1012 641 καὶ
1036 587 1247 657 βίϐλους
1276 586 1538 651 ἀνελίξεις
1563 586 1741 639 θεολο-

221 691 354 762 γικάς
383 702 436 738 τε
466 683 555 735 καὶ
602 680 817 751 ήθικάς.
861 681 1023 743 Τίνας
1053 681 1277 743 ταύτας,
1322 680 1443 734 εἰπέ
1486 697 1597 750 μοι,
1648 680 1741 731 καὶ

220 783 386 841 τίνων;
415 773 583 827 Καλὸν
607 770 964 841 πωσᾲδεσθαι
1011 771 1107 840 τὴν
1150 770 1393 822 Ἡσιόδου
1425 770 1741 840 Θεογονίαν

220 871 373 931 αὐτοῖς
405 867 493 920 καὶ
534 865 660 927 τοὺς
709 863 827 915 ἐκεῖ
878 860 1145 931 πολέμους
1194 860 1290 913 καὶ
1321 860 1560 925 κλόνους,
1615 861 1743 921 τοὺς

220 962 438 1021 Τιτᾶνας,
458 954 580 1017 τοὺς
602 954 888 1021 Γίγαντας,
906 951 1044 1023 μετὰ
1070 952 1177 1005 τῶν
1194 951 1322 1020 φοϐε
1329 952 1439 1024 ρῶν
1465 951 1741 1022 ὀνομάτων

215 1073 261 1109 τε
287 1053 369 1107 καὶ
401 1048 762 1121 πραγμάτων;
799 1046 972 1109 Κότος
1002 1046 1137 1116 (18),
1183 1046 1484 1117 Βριάρεως,
1540 1044 1738 1115 Γύγης,

227 1144 526 1216 Ἐγκέλαδος,
559 1142 608 1192 oi
637 1140 1056 1213 δρακοντόποδες
1088 1140 1259 1210 ὑμῶν,
1278 1141 1324 1192 oi
1354 1138 1741 1209 κεραυνοφόροι

216 1242 323 1303 θεοὶ,
352 1238 402 1291 αἱ
423 1232 629 1296 τούτοις
659 1232 1019 1301 ὲπαφιέμεναι
1049 1235 1222 1303 νῆσοι,
1256 1231 1383 1301 βέλη
1400 1248 1456 1284 τε
1480 1229 1614 1300 ὁμοῦ
1649 1231 1742 1284 καὶ

214 1336 347 1402 τάφοι
396 1330 502 1389 τοῖς
524 1326 897 1395 ἀπαντήσασι·
925 1324 992 1376 τὰ
1014 1324 1187 1394 πικρὰ
1208 1323 1409 1377 τούτων
1432 1324 1743 1393 γεννήματα

214 1426 289 1477 καὶ
312 1419 674 1489 προϐλήματα,
712 1416 929 1487 ’Ύδραι,
961 1417 1248 1487 Χίμαιραι,
1284 1415 1571 1487 Κέρϐεροι,
1606 1416 1741 1486 Γορ-

212 1516 339 1583 γόνες
366 1510 489 1581 (19),
527 1508 801 1579 φιλοτιμία
831 1508 1026 1570 παντὸς
1047 1506 1236 1559 κακοῦ.
1261 1506 1445 1559 Ταῦτα
1472 1507 1612 1560 ἔστω
1634 1506 1743 1559 τῶν

220 1603 428 1658 Ἡσιόδου
465 1601 643 1654 καλῶν
696 1604 812 1662 ταῖς
864 1601 1053 1661 ἀκοαῖς
1098 1598 1483 1669 προτιθέμενα.
1512 1598 1743 1669 Ὀρφεὺς

212 1696 393 1768 παρίτω
428 1693 561 1764 μετὰ
609 1693 708 1761 τῆς
747 1691 977 1762 κιθάρας
1006 1690 1099 1744 καὶ
1138 1690 1238 1760 τῆς
1273 1689 1448 1742 πάντα
1481 1688 1743 1759 ἑλκούσης

208 1788 346 1858 ᾠδῆς,
373 1783 718 1856 ἑπιϐρεμέτω
742 1784 825 1836 Ad.
858 1784 926 1836 τὰ
961 1781 1170 1853 μεγάλα
1208 1782 1302 1834 καὶ
1343 1780 1595 1851 ὑπερφυῆ
1640 1784 1739 1851 τῆς

210 1878 450 1946 θεολογίας
484 1878 705 1947 ῥήματα
741 1876 834 1929 καὶ
860 1875 1105 1946 νοήματα
1128 1891 1141 1904 ⁸

204 2140 299 2194 Ζεῦ
318 2137 577 2201 κύδιστε,
599 2137 843 2207 μέγιστε
872 2137 1041 2202 θεῶν,
1069 2137 1344 2207 εἰλυμέιέ
1376 2138 1486 2208 (20)
1517 2140 1736 2206 κόπρῳ,

203 2301 281 2368 ὅση
314 2316 365 2350 τε
392 2297 588 2368 μηλείη
621 2296 755 2368 (21),
788 2297 886 2368 ὅση
916 2314 975 2349 τε
1008 2298 1207 2359 ἵππων,
1235 2297 1334 2367 ὅση
1372 2312 1429 2348 τε
1468 2295 1737 2365 ἡμιόνων,

204 2391 256 2442 ἶν’
285 2389 537 2451 ἐντεῦθεν,
564 2385 714 2459 οἶμαι
746 2388 879 2458 (22),
907 2387 1090 2458 δειχθῇ
1114 2387 1175 2439 τὸ
1195 2386 1456 2455 ζωογόνον
1483 2384 1576 2438 τοῦ
1616 2384 1738 2437 θεοῦ

203 2485 278 2538 καὶ
304 2482 581 2554 φερέσϐιον
603 2498 615 2511 ο
649 2482 709 2533 ού
744 2481 853 2551 γὰρ
906 2480 1078 2543 ἄλλως
1116 2474 1226 2532 οἷόν
1248 2498 1305 2532 τε
1337 2476 1405 2551 ἦν
1430 2496 1443 2509 ⁸
1469 2480 1562 2533 καὶ
1605 2478 1739 2549 μηδὲ

199 2578 278 2647 τῆς
304 2575 459 2646 ἄλλης
482 2573 761 2643 φείδεσθαι
792 2573 904 2644 (25)
936 2573 1357 2643 μεγαληγορίας.

288 2690 377 2754 Ὣς
397 2688 660 2741 εἰποῦσα
686 2687 809 2751 θεὰ,
832 2686 1030 2752 δοιοὺς
1054 2687 1386 2754 ἀνεσύρατο
1403 2704 1654 2755 μηρους,

200 2798 270 2850 ἵνα
293 2796 474 2868 τελέσῃ
504 2799 640 2859 τοὺς
672 2796 928 2867 ἐραστὰς,
982 2797 1017 2850 δι
1052 2798 1145 2850 καὶ
1190 2796 1287 2851 νῦν
1330 2796 1410 2849 ἔτι
1443 2796 1585 2849 τελεῖ
1631 2795 1740 2864 (25)

198 2888 287 2945 τοῖς
314 2887 607 2957 σχήμασιν.
638 2887 761 2939 Ἐπὶ
788 2887 954 2939 πᾶσιν
978 2889 1007 2940 ό
1032 2888 1211 2958 Φάνης
1233 2905 1294 2940 τε
1324 2889 1417 2940 καὶ
1454 2889 1481 2940 ὁ
1524 2889 1743 2959 Ἦρικα-

198 2982 348 3041 παῖος,
382 2980 475 3032 καὶ
513 2983 541 3032 ὁ
584 2979 790 3043 πάντας
845 2981 1156 3033 καταπίνων
1202 2982 1327 3042 τοὺς
1380 2979 1590 3044 ἄλλους,
1644 2976 1741 3031 εἴτ’

197 3071 437 3134 ἀναδιδοὺς
473 3071 655 3134 θεοὺς,
684 3072 771 3124 ἵνα
811 3072 1035 3143 γένηται
1068 3073 1252 3144 πατὴρ
1281 3072 1487 3144 ἀνδρῶν
1520 3091 1579 3125 τε
1607 3073 1742 3126 θεῶν

1844 594 1942 663 ipsi
1979 594 2157 648 dicere
2206 593 2389 647 soletis
2413 633 2428 658 ,
2457 594 2798 648 oraculorum
2834 591 3191 658 interpretes;
3234 602 3299 641 ac
3331 586 3366 639 li

1840 686 1988 748 bros,
2021 695 2131 738 tum
2181 685 2525 754 theologicos,
2563 695 2670 737 tum
2702 682 2930 738 morales
2962 681 3179 737 evolves
3214 689 3268 734 et
3304 695 3385 732 ex-

1841 774 2083 843 plicabis.
2112 773 2381 840 Quosnam
2413 775 2623 828 tandem
2655 775 2773 838 hos,
2803 774 2908 839 dic,
2946 787 3161 842 qumso,
3190 781 3243 826 et
3270 786 3401 838 quo-

1842 866 2003 921 rum?
2036 865 2356 920 Praeclarum
2391 866 2497 920 erit
2524 864 2737 920 Hesiodi
2764 863 3127 933 Theogoniam
3153 864 3282 933 ipsis
3312 878 3400 915 ac-

1842 956 1972 1020 cini,
2000 965 2053 1011 et
2081 957 2217 1011 bella
2261 957 2369 1010 illic
2398 957 2688 1025 descripta,
2743 963 2796 1010 et
2825 955 3102 1018 tumultus,
3146 954 3400 1018 Titanes,

1842 1047 2116 1117 Gigantes,
2170 1048 2479 1103 nominibus
2522 1047 2681 1102 simul
2729 1062 2793 1101 ac
2851 1045 3010 1100 rebus
3069 1046 3401 1100 horrendos?

1840 1135 2189 1193 Proferentur
2240 1138 2437 1205 Cotus,
2492 1137 2741 1191 Briareus
2761 1176 2776 1199 ,
2822 1135 2997 1206 Gyges
3019 1177 3034 1201 ,
3065 1135 3362 1191 Enceladus
3382 1176 3397 1199 ,

1842 1230 2167 1300 anguipedes
2204 1232 2391 1295 vestri,
2427 1231 2607 1301 diique
2662 1230 2862 1285 fulmen
2903 1238 3206 1298 gestantes,
3232 1239 3287 1283 et
3316 1230 3393 1282 in-

1843 1321 1971 1375 suis:
2004 1321 2056 1374 in
2088 1337 2180 1376 eos
2226 1322 2473 1391 injecta,
2527 1337 2648 1391 quae
2694 1322 2797 1375 tela
2843 1320 3001 1374 simul
3041 1330 3096 1374 et
3154 1320 3398 1389 sepulcra

1844 1411 1953 1464 illis
2007 1411 2075 1465 ad
2128 1411 2368 1479 przelium
2425 1412 2836 1466 occurrentibus
2866 1411 3220 1465 exstiterunt:
3290 1421 3399 1465 tum

1843 1502 2023 1555 acerbi
2072 1510 2231 1570 atque
2288 1503 2549 1556 immanes
2594 1516 2778 1556 eorum
2836 1502 2999 1555 foetus
3051 1516 3113 1555 ac
3158 1502 3399 1562 soboles,

1843 1592 2059 1663 Ilydrae,
2087 1593 2387 1659 Chimmrae,
2423 1593 2666 1659 Cerberi,
2700 1592 3008 1663 Gorgones,
3034 1594 3213 1647 omnis
3254 1592 3404 1647 deni-

1842 1700 1945 1754 que
1976 1686 2100 1739 mali
2124 1685 2399 1741 colluvies.
2453 1685 2576 1740 Ilaec
2619 1686 2727 1739 sint
2755 1688 2960 1757 egregia
3012 1687 3121 1751 illa,
3159 1701 3277 1756 quzc
3307 1702 3397 1738 au-

1843 1778 2106 1833 ditoribus
2156 1794 2223 1832 ex
2287 1778 2519 1833 Hesiodo
2566 1788 2949 1850 proponentur.
3006 1778 3249 1849 Orpheus
3291 1779 3400 1847 jam

1844 1886 1966 1924 cum
2007 1869 2240 1934 cithara,
2276 1880 2329 1922 et
2362 1880 2521 1924 cantu
2550 1871 2725 1923 omnia
2758 1870 2998 1924 trahente
3027 1869 3284 1939 prodeat,
3315 1867 3407 1923 Jo-

1844 1962 2003 2029 vique
2027 1976 2216 2031 magna
2252 1961 2338 2014 illa
2368 1970 2422 2015 et
2463 1959 2660 2013 eximia
2718 1959 2996 2029 theologia:
3041 1960 3199 2014 verba
3237 1969 3405 2014 etco-

1846 2054 2009 2124 gitata
2032 2053 2285 2106 iufremat
2314 2070 2328 2106 :

1929 2144 2138 2225 Jupiter
2163 2144 2551 2281 augf‘gzstt‘ssime,
2586 2145 2797 2198 deorum
2827 2144 3051 2197 maxime
3104 2146 3192 2198 aui
3220 2155 3267 2197 te
3297 2143 3404 2198 rol—

2054 2229 2128 2267 m
2160 2230 2214 2266 ιη
2288 2230 2370 2265 mo
2390 2254 2405 2278 ,
3256 2224 3259 2227 '

2054 2224 2128 2267 vis
2160 2230 2214 2266 ιη
2246 2224 2405 2278 nmo,
3256 2224 3259 2227 '

1849 2313 1957 2357 tum
1989 2303 2191 2367 ovium,
2225 2311 2337 2355 tum
2364 2316 2645 2371 equorum,
2690 2313 2799 2358 tum
2842 2305 3106 2359 mulorum
3128 2345 3141 2369 ,
3170 2313 3232 2358 ut
3261 2304 3406 2358 vide—

1848 2390 1970 2443 licet
1992 2390 2118 2443 hinc
2149 2388 2326 2443 vitalis
2343 2398 2397 2443 et
2426 2388 2650 2445 fecunda
2697 2394 2779 2446 dei
2822 2394 2899 2448 vis
2940 2394 3280 2459 declaretur;
3315 2409 3406 2447 ne-

1846 2498 1950 2552 que
2002 2482 2144 2536 enim
2186 2483 2347 2536 aliter
2376 2493 2620 2553 poterat;
2649 2484 2776 2552 quin
2811 2500 2908 2539 nec
2935 2485 3024 2539 alii
3064 2486 3280 2555 quidem
3308 2487 3405 2541 hu-

1842 2574 2075 2644 jnsmodi
2109 2575 2589 2645 graudiloqueutire
2621 2591 2845 2646 parcere
2876 2596 2890 2631 :

1922 2690 2021 2745 Ubi
2048 2692 2147 2745 dea
2175 2690 2353 2745 locuta
2386 2700 2481 2758 est,
2510 2701 2780 2761 utramque
2800 2707 2985 2746 coxam
3004 2692 3200 2746 'delext't
3227 2733 3243 2758 ,

1848 2812 1908 2857 ut
1938 2803 2171 2859 amasios
2196 2819 2322 2859 suos
2352 2803 2617 2867 initiaret,
2641 2817 2758 2872 quae
2782 2802 2998 2873 quidem
3032 2820 3171 2859 nunc
3194 2820 3409 2875 quoque

1848 2894 2025 2947 adhuc
2069 2907 2167 2961 per
2209 2893 2358 2963 signa
2406 2901 2459 2946 et
2506 2900 2692 2961 gestus
2749 2891 3113 2947 celebrantur.
3150 2894 3231 2949 Ad
3294 2895 3408 2949 haec

1849 2984 2029 3037 omnia
2067 2982 2276 3038 Phanes
2305 2984 2547 3049 accedat,
2577 2991 2631 3037 et
2660 2981 2987 3051 Ericapaaus,
3015 2996 3071 3038 et
3103 2985 3193 3053 qui
3224 3001 3408 3041 omnes

1851 3074 1982 3130 alios
2028 3075 2160 3130 deos
2190 3076 2451 3139 devorat,
2506 3090 2571 3129 ac
2620 3086 2803 3144 postea
2849 3077 3038 3146 egerit,
3090 3086 3147 3131 ut
3186 3077 3405 3133 deorum

193 3179 259 3215 τε.
311 3163 491 3217 Ταῦτα
569 3163 1032 3217 ὲπεισκυκλείσθω
1096 3167 1208 3227 τοῖς
1257 3163 1583 3235 θαυμαστοῖς
1642 3165 1742 3233 τῆς

1857 3178 2010 3235 atque
2036 3166 2311 3222 hominum
2345 3175 2499 3236 pater
2531 3166 2814 3223 elﬁciatur.
2850 3168 2969 3223 llaec
2997 3169 3209 3225 eximiis
3235 3180 3292 3224 et
3316 3171 3408 3223 ad-

196 3253 438 3323 θεολογίας
462 3257 784 3327 ἀκροαταῖς,
810 3251 907 3309 εἴτ’
943 3256 1259 3310 ἐπινοεῖσθω
1283 3257 1489 3320 τούτοις
1512 3257 1713 3327 ἀλληγο
1729 3278 1769 3329 :_

196 3349 389 3415 ρήματα
413 3350 507 3401 καὶ
538 3349 959 3419 τερατεύματα·
993 3349 1086 3401 καὶ
1118 3349 1225 3402 τῶν
1250 3348 1623 3419 προκειμένων
1658 3351 1749 3401 ἐκ·

196 3434 377 3490 πίπτων
399 3440 426 3491 ό
455 3438 620 3507 λόγος
651 3441 731 3503 είς
771 3439 1020 3510 βάραθρα
1048 3441 1308 3513 χωρείτω,
1335 3441 1428 3495 καὶ
1471 3441 1747 3511 κρημνοὺς

195 3526 395 3602 θεωρίας
420 3532 519 3586 ούκ
552 3532 790 3604 ἐχούσης
819 3531 884 3586 τὸ
918 3533 1200 3603 στάσιμον.

246 3714 394 3782 Ρῐςο.
423 3715 679 3786 ’Όμηρον
710 3714 765 3767 δὲ
796 3714 898 3768 ποῦ
926 3714 1127 3786 θήσεις,
1162 3716 1252 3768 τὸν
1285 3715 1457 3786 μέγαν
1484 3716 1589 3768 τῶν
1610 3714 1746 3768 θεῶν

196 3820 271 3857 σου
290 3806 392 3877 (25)
424 3808 912 3878 κωμῳδιογράφον,
944 3808 995 3860 εί
1013 3809 1058 3859 τ’
1078 3802 1169 3860 οὖν
1198 3808 1742 3881 τραγῳδοποιόν(26);

206 3897 486 3970 Ἂμφότερα
513 3900 624 3971 γὰρ
660 3901 909 3971 εὑρήσεις
948 3903 1003 3953 ὲν
1052 3902 1163 3963 τοῖς
1210 3900 1534 3971 θαυμασίοις
1580 3884 1744 3953 αὐτού

195 3992 453 4062 ποιήμασι·
487 3993 556 4046 τὰ
594 3994 694 4064 μὲν
718 3995 1017 4064 συμφορᾶς,
1039 3992 1106 4046 τὰ
1134 3993 1189 4046 δὲ
1210 3992 1439 4062 γέλωτος
1471 3992 1614 4056 ἄξια.
1639 3995 1748 4046 Καὶ

196 4083 284 4154 γὰρ
298 4084 460 4148 ὅντως
491 4088 553 4138 ού
587 4087 789 4158 μικρᾶς
816 4086 913 4156 τῆς
945 4085 1220 4155 φροντίδος
1252 4086 1426 4137 ἐκεῖνο
1451 4085 1596 4147 ἰδεῖν,
1630 4084 1745 4149 πῶς

197 4176 277 4243 μὲν
316 4178 571 4242 Ὠκεανὸς
601 4179 777 4249 Τηθύῖ
810 4179 1281 4249 καταλλαγήσεται
1306 4179 1371 4231 δι’
1400 4181 1577 4250 ’Ἥρας
1617 4196 1747 4249 πορ-

195 4268 335 4333 νικῶς
357 4271 741 4341 κοσμουμένης
760 4288 772 4301 ·
794 4270 978 4342 ἐπειδὴ
1000 4272 1238 4334 κίνδυνος
1264 4272 1342 4342 τῷ
1378 4272 1538 4325 παντὶ
1558 4274 1745 4343 χρόνον

192 4360 292 4412 τινὰ
308 4363 733 4434 σωφρονούντων
758 4364 937 4416 αὐτῶν
958 4381 969 4393 ·
1013 4366 1109 4416 εἴτ’
1143 4359 1234 4417 οὖν
1267 4364 1364 4435 τὴν
1395 4364 1565 4435 ξηρὰν
1584 4365 1745 4433 φύσιν

193 4452 269 4504 καὶ
291 4453 381 4525 τὴν
402 4455 582 4527 ὑγρὰν
600 4454 1060 4509 καταλλάττεσθαι
1081 4455 1209 4518 δέοι,
1234 4454 1308 4525 μὴ
1327 4454 1403 4525 τῷ
1425 4453 1746 4525 πλεονασμῷ

1847 3258 2107 3312 mirandis
2129 3258 2428 3313 divinitatis
2470 3257 2806 3314 auditoribus
2846 3258 3178 3312 inculcentur
3204 3299 3218 3323 ,
3260 3271 3407 3328 post-

1848 3364 2018 3417 eaque
2057 3349 2142 3403 his
2174 3348 2445 3419 allegoria:
2480 3364 2544 3403 ac
2585 3360 2911 3418 portentosa:
2943 3351 3407 3420 interpretationes

1846 3442 2254 3508 excogitentur;
2307 3452 2467 3511 atque
2512 3457 2545 3497 a
2582 3443 2869 3512 pr0positis
2930 3444 3088 3498 rebus
3137 3445 3395 3500 aberrans

1846 3534 2041 3599 oratio,
2072 3533 2124 3586 in
2155 3542 2421 3603 praarupta
2456 3533 2949 3600 contemplationis,
2980 3547 3097 3603 quae
3130 3534 3264 3588 nihil
3290 3545 3401 3590 sta-

1847 3625 1952 3680 bile
1973 3640 2036 3678 ac
2064 3624 2291 3679 solidum
2318 3625 2538 3692 habeat,
2568 3625 2792 3679 feratur.

1920 3715 2114 3771 CXVI.
2143 3717 2212 3771 At
2237 3730 2366 3771 vero
2397 3715 2683 3772 Homerum
2711 3733 2817 3788 quo
2841 3718 3051 3773 tandem
3083 3719 3201 3775 loco
3219 3735 3405 3790 pones.

1849 3824 2124 3879 magnum,
2159 3810 2378 3880 inquam
2406 3849 2421 3875 ,
2452 3809 2599 3863 illum
2635 3810 2852 3864 deorum
2886 3810 3041 3882 142
3073 3820 3285 3865 tuorum
3318 3829 3409 3867 co-

1848 3902 2170 3956 mmdiarum
2241 3903 2415 3957 dicam
2477 3917 2545 3956 an
2616 3905 2995 3972 tragcediarum
3046 3904 3407 3973 scriptorem?

1852 3994 2156 4064 Utrumque
2181 3994 2325 4049 enim
2362 3995 2414 4049 in
2445 3995 2688 4051 miriﬁcis
2710 3995 2850 4050 illius
2876 3996 3115 4050 versibus
3138 3998 3371 4067 reperies
3390 4038 3407 4063 ,

1849 4088 1952 4142 alia
1992 4102 2185 4156 nempe
2232 4088 2409 4142 tristia
2453 4098 2507 4142 et
2542 4088 2872 4154 calamitosa,
2920 4086 3026 4141 alia
3070 4088 3181 4141 risu
3225 4087 3407 4158 digna.

1849 4178 2029 4250 Neque
2087 4181 2228 4235 enim
2272 4178 2515 4249 profecto
2560 4180 2692 4236 levis
2744 4180 2872 4234 illud
2922 4197 3062 4235 curae
3109 4190 3190 4235 est
3227 4182 3408 4237 videre

1848 4272 2298 4341 quemadmodum
2341 4276 2585 4327 Oceanus
2607 4313 2623 4338 ,
2659 4271 2886 4327 Junonis
2930 4274 3233 4328 meretricio
3262 4290 3409 4329 more

1850 4364 2006 4416 culta:
2032 4362 2416 4430 instructaeque
2442 4376 2605 4431 opera
2633 4402 2649 4425 ,
2692 4362 2746 4416 in
2786 4363 3010 4430 gratiam
3044 4378 3163 4417 cum
3188 4363 3409 4418 Thetide

1850 4455 2124 4508 rediturus
2183 4453 2299 4508 sit:
2360 4452 2792 4522 quandoquidem
2847 4469 3024 4507 rerum
3073 4457 3408 4536 universitati

190 4546 268 4598 τοῦ
299 4549 483 4619 ἐτέρου
520 4551 585 4602 τὸ
619 4551 726 4602 πᾶν
763 4550 996 4619 συγχεθῇ
1029 4549 1169 4619 (27)·
1204 4548 1313 4600 εἴτε
1346 4566 1396 4601 τι
1452 4548 1578 4601 ἄλλο
1621 4548 1742 4600 τού-

1857 4545 2146 4614 periculum
2180 4544 2493 4598 imminebat
2521 4583 2536 4609 ,
2562 4546 2605 4597 si
2636 4545 2736 4613 ipsi
2763 4546 3153 4614 aliquantisper
3186 4561 3215 4598 a
3250 4548 3408 4601 rebus

193 4653 283 4689 των
327 4639 433 4709 (28)
489 4641 729 4702 ἐπινοεῖς
762 4639 1127 4711 ἀτοπώτερον.
1178 4640 1273 4701 Τίς
1313 4639 1374 4693 ,δὲ
1406 4642 1436 4710 ή
1469 4628 1744 4709 θαυμασία

191 4728 317 4795 μίξις
346 4731 440 4783 τοῦ
465 4730 895 4801 νεφεληγερέτου
931 4731 1042 4801 (29)
1077 4732 1167 4784 καὶ
1194 4731 1292 4800 τῆς
1321 4730 1524 4801 σεμνῆς
1548 4731 1743 4800 ”Ηρας,

190 4820 331 4889 ἡνίκα
350 4825 690 4895 ἀσχημονεῖν
720 4824 880 4878 αὐτὸν
911 4823 1190 4877 ἀναπείθει
1220 4821 1488 4893 μεσούσης
1512 4822 1743 4893 ἡμέρας,

246 5050 347 5119 (16)
383 5052 695 5121 Παρέξεις.
728 5052 861 5121 Reg.
890 5068 922 5119 q
942 5093 957 5113 ,
988 5052 1138 5107 Pass.
1174 5051 1463 5122 παράξεις.

245 5123 349 5190 (l7)
391 5125 489 5189 Ὠς
522 5122 605 5175 ἂν
637 5122 803 5175 αὐτοὶ
835 5124 1068 5189 φαίητε.
1122 5123 1243 5175 1Ιὶἒο
1281 5125 1333 5175 in
1382 5136 1486 5174 uno
1523 5123 1651 5191 Reg.
1676 5136 1744 5190 q,

190 5198 488 5257 reperimus.

244 5262 347 5327 (18)
389 5265 605 5326 Κότος.
632 5262 758 5319 Alii.
802 5261 1025 5323 Κόττος.

244 5331 349 5403 (l9)
388 5332 713 5403 Γοργόνες.
752 5333 882 5403 Reg.
913 5333 1029 5396 hu.,
1064 5332 1347 5403 Γοργόναι.

246 5400 349 5461 (20)
389 5400 729 5469 Εἱλυμένερ
763 5402 892 5471 Reg.
914 5404 999 5454 hm
1024 5443 1036 5461 ,
1069 5412 1123 5456 et
1141 5400 1245 5455 alii
1269 5443 1283 5465 ,
1317 5401 1551 5470 ίλυμένε.
1598 5402 1737 5455 Edit.

182 5468 484 5541 είλυμμένε.
523 5468 788 5525 Caeterum
842 5468 931 5525 hic
986 5487 1172 5525 versus
1229 5480 1282 5525 et
1344 5468 1612 5538 sequens,
1664 5472 1741 5534 ὣς

184 5540 400 5663 daein
422 5581 437 5603 ,
466 5552 583 5595 etc.
612 5557 713 5595 non
744 5543 1087 5611 reperiuntur
1120 5543 1172 5595 in
1206 5541 1366 5596 editis
1388 5540 1583 5608 Orphei
1620 5556 1742 5595 car-

184 5623 300 5661 mtm
343 5627 424 5663 ns.

182 5623 424 5664 mtmbus.

242 5679 349 5751 (21)
382 5681 647 5751 Μηλείη.
677 5681 808 5736 Tres
838 5681 968 5750 Reg.
998 5692 1048 5736 et
1085 5682 1235 5738 Colb.
1272 5679 1304 5733 k
1324 5720 1338 5745 ,
1379 5680 1563 5751 μηλίη.

261 5749 348 5817 22)
381 5752 579 5818 Οἶμαι.
620 5750 775 5806 Deest
801 5754 850 5805 in
880 5749 1031 5808 Pass.

264 5819 352 5892 25)
392 5821 733 5877 Φείδεσθαι.
794 5822 926 5879 Tres
973 5824 1103 5895 Reg.
1139 5822 1233 5877 0r.
1291 5823 1352 5890 1,
1404 5831 1457 5876 et
1508 5819 1736 5878 Montac.

1851 4637 2099 4692 venereis
2131 4637 2456 4691 abstinerent
2490 4652 2505 4687 :
2540 4636 2653 4689 sive
2677 4636 2761 4691 his
2783 4637 2963 4691 verbis
2988 4638 3089 4693 hoc
3121 4637 3407 4707 intelligas,

1852 4738 2098 4782 naturam
2132 4729 2332 4782 siccam
2366 4743 2486 4781 cum
2514 4727 2731 4781 humida
2762 4730 2813 4783 in
2854 4731 3193 4785 concordiam
3230 4718 3411 4784 reduci

1852 4824 2121 4890 dportere,
2156 4804 2223 4874 u'e
2249 4819 2563 4873 alterutrius
2616 4820 2971 4875 redundantia
3020 4822 3251 4876 mundus
3288 4839 3409 4891 ρον-ι

1854 5046 2113 5121 φείδεσθε.
2151 5046 2330 5101 Schol.
2364 5048 2607 5121 φείδεσθε
2643 5051 2690 5101 οἱ
2723 5050 2976 5121 ’Έλληνες
3008 5051 3184 5121 ὑμεις.

1923 5116 2035 5187 (24)
2074 5119 2201 5187 Ἔτι
2228 5119 2403 5171 τελεῖ.
2438 5124 2568 5187 Reg.
2599 5121 2704 5172 hm.
2738 5120 2854 5174 Bill.
2875 5119 3028 5173 'Elias
3050 5116 3130 5171 ἔτι
3158 5118 3407 5171 τελεῖται.

1851 5186 1986 5267 Tres
2018 5186 2151 5258 Reg.
2185 5186 2340 5241 Pass.
2376 5196 2469 5247 καὶ
2504 5186 2595 5241 νῦν
2628 5189 2882 5245 ἐπιτελεῖ.
2915 5191 3039 5244 Sav.
3074 5189 3194 5245 Ald.
3230 5190 3409 5241 ἐπιτε-

1852 5260 2042 5309 λεῖται.
2164 5300 2167 5303 .

1919 5326 2026 5396 (‘25)
2076 5326 2196 5379 Τῶν
2224 5326 2372 5381 θεῶν
2419 5341 2555 5382 σου.
2586 5328 2810 5382 Billius:
2848 5346 2866 5377 ι
2900 5329 3230 5382 Divinarum.
3280 5346 3299 5378 ι

1918 5399 2031 5469 (26)
2082 5397 2538 5469 Τραγῳδοοτοιόν.
2584 5400 2697 5453 Duo
2745 5400 2911 5469 Regg.
2958 5396 3407 5469 τραγῳδιοποιόν.

1916 5466 2025 5539 (27)
2046 5466 2338 5537 Συγχεθῇ.
2365 5468 2439 5521 Ita
2456 5468 2629 5539 Begg.
2660 5466 3039 5535 omnes,'0r.'i
3065 5487 3079 5536 ;
3106 5466 3281 5535 Pass,
3300 5478 3405 5521 etc.

1842 5537 2007 5609 Mo'nt.
2042 5553 2189 5598 vero,
2222 5539 2343 5591 Par.
2363 5548 2416 5609 et
2447 5537 2867 5609 δονζσυγχυθῇ.

1913 5608 2023 5676 (28)
2069 5609 2318 5662 Τούτων.
2358 5607 2448 5661 Sic
2504 5607 2742 5677 plerique
2785 5607 3020 5665 codices.
3073 5607 3236 5662 Pauci
3285 5622 3406 5661 cum

1842 5678 1999 5737 editis
2023 5678 2283 5731 τοιοῦτον.

1914 5747 2024 5816 (29)
2066 5749 2174 5802 Τοῦ
2224 5748 2711 5819 νεφεληγερέτου.
2768 5770 2785 5803 ι
2839 5749 3068 5806 Nubium
3116 5761 3410 5819 congregat-

1845 5820 1999 5886 toris,
2036 5840 2053 5871 ι
2090 5834 2302 5890 nempe.
2337 5838 2355 5870 ι
2381 5818 2547 5874 Jovis.
2582 5839 2601 5871 ι
