3878 6398
432 405 544 463 635

1630 394 1695 452 ὅ.
1737 392 2063 450 GREGORII
2104 389 2453 447 THEOLOGI

3564 389 3660 470 est;

443 523 684 579 turbetur
726 538 738 573 :
778 520 889 574 sive
930 516 1069 571 aliud
1104 515 1351 586 quiddam
1386 515 1469 570 his
1503 515 1792 569 absurdius
1838 529 1996 567 exco-

2109 512 2199 565 κᾶν
2226 514 2273 565 οἰ
2310 510 2528 580 ποιηταὶ
2563 508 2699 579 μετά
2721 509 2826 561 τῶν
2854 507 3067 579 μέτρων
3110 506 3269 560 αὑτὸν
3306 507 3660 572 κολακεύωσι,

441 612 597 684 gites.
626 611 743 664 Jam
776 650 790 676 ,
821 609 937 677 quis
969 606 1317 662 admirandus
1348 604 1493 660 Jovis
1533 604 1707 671 illius,
1745 621 1808 659 ac
1834 620 1998 657 vene-

441 703 624 758 randze
653 700 881 756 Junonis
905 713 1258 769 congressus,
1288 712 1408 751 cum
1440 700 1541 752 hoc
1576 697 1688 766 ipsa
1717 698 1764 751 ei
1786 711 2005 767 persua-

439 795 551 861 det,
582 803 637 846 ut
671 792 843 847 medio
882 792 996 860 ipso
1046 790 1131 845 die
1165 790 1411 845 obsceum
1451 790 1523 844 rei
1564 790 1717 843 daret
1763 803 2001 857 operam,

440 896 716 953 utcunque
766 892 939 952 poetae
976 882 1310 936 carminibus
1349 881 1460 934 suis
1500 882 1598 950 ipsi
1643 880 2003 942 blandiantur,

441 975 607 1029 lotum
658 972 926 1026 roscidum
989 971 1427 1036 substerneutes,
1474 982 1527 1024 et
1574 985 1793 1024 crocum
1846 978 2003 1037 atque

444 1066 788 1136 hyacinthum
833 1078 863 1117 e
918 1074 1058 1116 terra
1101 1062 1495 1131 producentes?
1537 1060 1686 1116 Unde
1752 1060 1903 1123 hac,
1952 1068 2005 1112 et

440 1172 561 1227 quae
598 1157 789 1210 horum
821 1164 901 1209 est
928 1155 1103 1208 ratio?
1129 1154 1245 1220 Quo
1271 1154 1432 1208 etiam
1463 1162 1617 1222 pacto
1640 1159 1814 1205 vestra
1844 1149 2001 1213 Juno,

443 1248 533 1303 illa
571 1247 745 1315 magni
776 1245 924 1300 Jovis
947 1262 1101 1300 soror
1140 1255 1191 1300 et
1231 1244 1448 1311 conjux,
1478 1244 1567 1297 illa
1595 1242 1839 1295 ulnarum
1872 1255 2003 1294 can-

440 1340 600 1403 dore,
635 1339 910 1406 roseisque
962 1337 1141 1406 digitis
1178 1336 1422 1406 insignis,
1460 1348 1599 1387 nunc
1628 1334 1680 1386 in
1711 1331 1913 1386 aethere
1952 1339 2005 1385 et

442 1432 675 1485 nubibus
713 1430 945 1499 pendet,
992 1428 1287 1496 ferreisque
1338 1424 1621 1480 incudibus
1653 1424 2003 1491 deprimitur,

438 1524 729 1592 aureisque
762 1522 986 1577 manicis
1018 1522 1272 1586 vincitur,
1308 1522 1441 1576 adeo
1477 1530 1534 1573 ut
1560 1533 1627 1573 ne
1662 1520 1761 1573 diis
1787 1518 2001 1587 quidem

443 1614 658 1669 veniam
688 1616 734 1668 ei
763 1629 790 1666 a
815 1612 945 1667 Jove
972 1613 1259 1682 impetrare
1287 1611 1757 1673 contendentibus,
1782 1610 2002 1680 periculi

442 1720 637 1773 expers
696 1704 999 1774 hujusmodi
1054 1705 1362 1757 humanitas
1404 1712 1594 1757 esset:
1637 1718 1774 1755 nunc
1821 1712 1998 1755 autem

449 1797 759 1851 universum
823 1811 1065 1851 amorum
1124 1806 1325 1850 cestum
1390 1795 1638 1860 assumit,
1694 1795 2003 1863 lascivoque

2103 603 2270 656 λωτὸν
2324 601 2795 673 ὑποστρωννύντες
2830 602 3115 671 ἑρσήεντα,
3174 600 3267 653 καὶ
3308 602 3506 671 κρόκον
3534 603 3663 654 ἁνα-

2104 694 2327 763 φύοντες
2350 694 2414 746 ὲκ
2446 694 2544 763 τῆς
2572 693 2675 763 γῆς
2709 693 2801 746 καὶ
2836 691 3120 755 ὑάκινθονς
3156 689 3327 743 Πόθεν
3348 691 3543 751 ταῦτα,
3575 692 3665 743 καὶ

2100 788 2183 851 τίς
2212 786 2412 838 τούτων
2441 788 2467 838 ὁ
2493 785 2647 852 λόγος
2668 802 2681 850 ;
2702 785 2827 846 Πῶς
2863 785 2917 837 δὲ
2946 786 2978 854 η
3008 782 3144 854 αὑτὴ
3183 782 3302 836 καθ’
3330 783 3473 852 ὑμᾶς
3498 784 3663 853 Ἦρα,

2102 881 2134 949 η
2169 877 2261 930 τοῦ
2295 877 2407 948 (30)
2439 877 2673 948 μεγάλου
2720 877 2842 939 Διὸς
2886 876 3089 947 ἀδελφὴ
3119 877 3211 929 κα).
3248 875 3535 945 ὁμόζυγος,
3573 876 3667 928 νῦν

2106 970 2204 1039 μὲν
2243 970 2300 1022 ὲν
2326 969 2503 1041 αἰθέρι
2534 970 2625 1022 κα).
2654 969 2909 1037 νεφέλαις
2931 968 3273 1039 κρεμαμένη,
3304 967 3397 1019 καὶ
3432 967 3667 1037 σιδηροῖς

2103 1059 2303 1130 ἄκμοσι
2344 1060 2740 1131 καθελκομένη,
2776 1061 2869 1113 καὶ
2906 1064 3137 1131 χρυσαῖς
3173 1058 3454 1129 τιμωμένη
3489 1074 3668 1129 χειρο-

2103 1156 2311 1217 πέδαις,
2342 1155 2375 1223 ἠ
2404 1152 2731 1215 λευκώλενος
2759 1170 2819 1205 τε
2845 1154 2937 1205 καί
2972 1151 3372 1223 ῥοδοδάκτυλος,
3408 1150 3483 1212 ὡς
3537 1149 3667 1219 μηδὲ

2104 1247 2217 1307 τοῖς
2254 1244 2638 1314 παραιτεῖσθαι
2694 1243 3034 1313 βουλομένοις
3066 1241 3172 1293 τῶν
3202 1240 3337 1292 θεῶν
3389 1238 3669 1291 ἀκίνδυνον

2102 1334 2239 1391 εἰναι
2264 1338 2362 1407 τὴν
2390 1336 2793 1407 φιλανθρωπίαν
2814 1353 2828 1366 ·
2856 1335 2949 1389 νῦν
2979 1335 3035 1387 δὲ
3056 1334 3174 1387 ὅλον
3201 1333 3290 1385 τὸν
3322 1332 3429 1383 τῶν
3452 1328 3669 1400 ἐρώτων

2104 1430 2292 1482 κεστὸν
2316 1430 2397 1497 ἐφ’
2421 1426 2614 1499 ἑαυτὴν
2643 1428 2751 1498 (3|)
2771 1427 3002 1480 ἕλκουσα
3031 1425 3120 1478 διὰ
3148 1424 3253 1476 τῶν
3287 1422 3421 1493 πρὸς
3450 1421 3542 1473 τὸν
3574 1420 3669 1472 Δέα

2103 1520 2592 1590 καλλωπισμάτων,
2616 1519 2689 1581 ὼς
2718 1517 2810 1572 καὶ
2861 1517 3069 1577 πάντας
3112 1512 3489 1584 ὁμολογεῖσθαι
3522 1510 3671 1578 αὐτῴ

2100 1614 2225 1675 τοὺς
2245 1614 2333 1665 ἐπὶ
2348 1613 2544 1673 πάσαις
2562 1610 2765 1682 ἔρωτας
2787 1610 2902 1672 ἐνὸς
2922 1608 3107 1661 τούτου
3131 1625 3204 1659 πα
3214 1604 3415 1676 ραπολὺ
3434 1604 3547 1671 (52)
3561 1604 3669 1655 λεια

2104 1704 2402 1776 πομένους;
2430 1703 2524 1766 Τίς
2555 1703 2609 1755 δὲ
2640 1705 2668 1755 ὁ
2692 1700 2873 1771 φόϐος,
2908 1699 2981 1771 μὴ
3028 1699 3135 1751 τῶν
3170 1698 3306 1751 θεῶν
3338 1696 3672 1764 κινουμένων

2104 1797 2243 1866 ὑπὲρ
2290 1796 2389 1864 τῆς
2438 1795 2713 1863 Λακαίνης
2774 1792 3023 1862 μοιχάδος
3081 1790 3232 1859 (33),
3288 1789 3380 1842 καὶ
3440 1785 3671 1857 οὐρανοῦ

438 1896 630 1941 ornatu
660 1884 846 1940 Jovem
883 1886 955 1940 ita
982 1885 1164 1951 allicit,
1197 1897 1255 1940 ut
1282 1887 1395 1955 ipse
1427 1900 1640 1955 quoque
1661 1901 1848 1941 omnes
1875 1900 1999 1941 suos

2109 1888 2446 1952 σαλπίζοντος
2465 1888 2597 1958 (54),
2618 1889 2899 1958 ἀναρραγῇ
2926 1886 3020 1955 μὲν
3032 1884 3135 1952 γῆς
3152 1883 3300 1951 ἕδρα,
3321 1878 3671 1952 μεθαρμοσθῇ

438 1975 676 2029 omnium
713 1975 1030 2030 feminarum
1054 1992 1263 2031 amores
1291 1979 1390 2032 hoc
1414 1993 1518 2031 uno
1546 1979 1729 2035 multis
1756 1982 2000 2049 partibus

440 2064 722 2120 inferiores
746 2081 863 2122 esse
882 2068 1384 2135 conﬁteatur?Quis
1409 2081 1665 2136 praeterea
1694 2074 1779 2127 hic
1804 2084 1999 2139 metus,

440 2172 509 2211 ne
540 2156 644 2211 diis
681 2172 777 2227 pro
813 2157 1037 2213 Lacaeno
1072 2171 1251 2215 scorto
1283 2161 1536 2222 incitatis.
1566 2164 1809 2234 cmloque
1864 2166 2003 2220 into-

438 2260 624 2313 nante,
653 2259 808 2305 terra:
833 2250 1045 2319 quidem
1080 2252 1233 2307 sedes
1285 2263 1583 2321 rumpatur,
1617 2270 1765 2309 mare
1804 2265 1982 2310 autem

441 2340 757 2405 invertatur,
787 2351 841 2396 et
891 2341 1013 2395 Orci
1046 2342 1191 2411 regia
1233 2343 1486 2412 pateﬁat,
1538 2358 1701 2415 atque
1739 2360 1835 2410 ea,
1884 2360 2003 2415 quae

396 2446 401 2447 '
439 2432 694 2485 diuturtm
739 2442 977 2502 tempore
1004 2434 1212 2489 obtecta
1250 2434 1500 2500 fuerant,
1533 2436 1585 2489 in
1641 2447 1885 2505 apertum
1918 2452 2003 2492 ve-

441 2523 630 2578 niant?
666 2523 797 2590 Quis
829 2540 989 2593 porro
1032 2526 1118 2581 ille
1152 2527 1426 2596 nigrorum
1464 2529 1873 2595 superciliorum
1911 2546 1999 2584 nu-

444 2622 564 2678 tus,
618 2623 671 2667 et
726 2614 1026 2669 divinorum
1096 2615 1328 2668 crinium
1382 2616 1670 2671 commotio
1728 2620 1997 2689 olympum

444 2713 611 2758 totum
643 2706 999 2760 concutiens?
1026 2705 1158 2771 Quis
1188 2706 1345 2759 etiam
1384 2704 1525 2761 Mars
1552 2708 1640 2763 ille
1665 2709 1997 2774 vulneratus,

442 2807 535 2851 aut
566 2813 717 2853 aeneo
758 2813 977 2853 carcere
1003 2800 1327 2854 conclusus?
1364 2801 1486 2864 ille,
1532 2800 1749 2869 inquam
1771 2841 1786 2865 ,
1824 2816 1998 2856 aureae

2101 1981 2157 2034 δὲ
2210 1980 2471 2042 θάλασσα,
2508 1978 2841 2049 δημοσιευθῇ
2901 1976 2957 2029 δὲ
2991 1976 3116 2046 ᾇδου
3168 1974 3431 2043 βασίλεια,
3468 1972 3566 2025 κα)¹
3599 1973 3672 2033 εἰς

2100 2072 2407 2142 τούμφανὲς
2442 2071 2569 2143 ἔλθῃ
2617 2072 2684 2123 τὰ
2728 2069 2806 2139 τῷ
2857 2068 3053 2139 μακρῷ
3102 2068 3275 2138 χρόνῳ
3324 2064 3674 2133 κεκαλυμμέ-

2103 2164 2295 2231 να(55)
2318 2179 2330 2227 ;
2359 2164 2454 2225 Τίς
2473 2162 2529 2214 δὲ
2558 2165 2589 2233 ἡ
2617 2162 2723 2214 τῶν
2743 2162 2982 2215 κυανέων
3012 2158 3226 2229 ὀφρύων
3254 2158 3555 2217 ὲπίνευσις,
3585 2158 3671 2206 καὶ

2103 2258 2137 2328 ή
2164 2256 2271 2309 τῶν
2304 2255 2619 2327 ἀμϐροσίων
2642 2254 2840 2325 τριχῶν
2880 2253 3217 2323 συγκίνησις,
3241 2250 3359 2303 ὅλον
3391 2249 3670 2316 Ὄλυμπον

2090 2349 2467 2402 κατασείουσα
2523 2347 2633 2416 ('56)
2661 2363 2674 2411 ;
2704 2348 2799 2409 Τίς
2830 2346 2885 2399 δὲ
2909 2345 3388 2416 ὁτιτρωσκόμενος
3420 2340 3668 2409 Ἀρτιςοῆ

2102 2439 2283 2509 χαλκῷ
2304 2439 2527 2510 κεράμῳ
2548 2437 2999 2508 κατακλειόμενος
3021 2454 3034 2501 ;
3069 2439 3096 2489 ὁ
3113 2436 3213 2505 τῆς
3239 2433 3446 2505 χρυσῆς
3487 2432 3673 2499 Ἀφρο-

2102 2531 2249 2601 δίτης
2283 2532 2459 2603 ἀφυὴς
2494 2532 2749 2603 ἐραστὴς,
2774 2531 2867 2583 κα).
2911 2531 3095 2600 μοιχὸς
3126 2527 3533 2598 ἀπερίσκεπτος
3583 2520 3671 2572 καὶ

2103 2622 2179 2693 τῷ
2207 2624 2591 2695 Ἀμφιγυήεντι
2628 2623 2737 2693 ('57)
2770 2621 3156 2693 κρατούμενος,
3193 2620 3286 2673 καὶ
3315 2617 3548 2687 θέατρον
3571 2610 3671 2663 τῶν

2103 2712 2239 2765 θεῶν
2271 2715 2353 2782 ἐφ’
2389 2711 2565 2783 ἐαυτῷ
2593 2712 2861 2781 συλλέγων
2890 2709 3305 2781 ἀσχημονοῦντι,
3333 2706 3429 2759 κα).
3463 2706 3673 2775 μικροῖς

2101 2804 2375 2874 χρήμασιν
2395 2804 2682 2875 ἀφιέμενος
2700 2822 2715 2871 ;
2900 2812 2903 2815 ‘

442 2885 667 2941 Veneris
724 2886 964 2957 illepidus
1043 2896 1269 2950 amator,
1318 2888 1633 2957 adulterque
1707 2889 1923 2943 minime
1965 2902 2415 2962 circumspectus,
2483 2903 2643 2961 atque
2683 2909 2711 2946 a
2766 2892 3002 2960 loripede
3032 2891 3269 2947 Vulcano
3301 2899 3587 2959 correptus
3616 2898 3667 2940 et

442 2981 807 3047 constrictus,
848 2982 1178 3051 deorumque
1214 2981 1479 3036 theatrum
1512 2982 1582 3036 ob
1625 2981 2003 3050 turpitudinem
2043 2998 2193 3038 suam
2247 2994 2301 3038 et
2342 2985 2727 3040 ohscenitatem
2794 2985 3085 3054 colligens,
3145 2985 3452 3053 exiguoque
3493 2982 3660 3052 pretio

444 3075 737 3131 dimissus?

510 3186 716 3250 CXVII.
758 3189 888 3271 Cum
948 3191 1061 3244 hec
1110 3190 1312 3256 omnia,
1347 3199 1508 3261 atque
1557 3191 1642 3246 his
1690 3191 1865 3261 plura,
1921 3191 1995 3246 ita

2182 3192 2324 3246 PIZ'.
2356 3192 2539 3243 Ταῦτα
2570 3191 2743 3244 πάντα
2773 3191 2866 3245 καὶ
2894 3204 3060 3243 πλειω
3084 3190 3286 3243 τούτων
3317 3191 3462 3244 οὕτω
3500 3192 3672 3259 σοφῶς

444 3285 577 3343 scite
608 3296 658 3339 et
700 3284 847 3337 varie
877 3284 1169 3352 composita
1201 3294 1362 3351 atque
1409 3299 1627 3354 prorsus
1664 3284 1914 3338 inusitata
1946 3300 2003 3339 se

438 3379 693 3441 habeant,
720 3376 839 3446 quis
863 3376 999 3444 apud
1025 3392 1115 3429 vos
1151 3374 1306 3447 143
1333 3376 1402 3430 ita
1442 3392 1664 3447 magnus
1688 3386 1741 3430 et
1763 3376 2004 3431 sublimis

440 3477 542 3533 est,
576 3482 637 3521 ac
662 3482 783 3520 vere
805 3465 918 3519 Juvi
947 3467 1171 3520 consilio
1200 3484 1317 3535 par,
1344 3474 1419 3531 ut,
1454 3482 1613 3536 supra
1650 3469 1819 3521 nubes
1843 3468 1998 3521 elatae

440 3557 936 3626 contemplationis,
967 3557 1275 3627 mentisque
1316 3569 1515 3612 nostra
1557 3570 1769 3626 captum
1810 3569 1863 3613 et
1889 3574 2003 3612 mo-

441 3650 623 3705 dulum
664 3648 971 3717 superantis
1009 3650 1328 3713 rationibus,
1361 3665 1421 3703 ea
1460 3650 1679 3702 honesta
1721 3660 1774 3703 et
1808 3652 2001 3704 decora

441 3724 666 3796 reddere
704 3741 914 3810 possit?
938 3739 1003 3793 Et
1041 3741 1279 3807 quidem,
1311 3743 1354 3795 si
1399 3742 1510 3795 hzec
1538 3756 1662 3795 vera
1716 3751 1870 3802 sunt,
1899 3757 2001 3797 non

445 3834 770 3886 erubescant
801 3831 894 3895 illi,
928 3831 1020 3884 sed
1060 3831 1237 3900 potius
1268 3830 1589 3898 glorientur,
1628 3841 1719 3883 aut
1744 3847 1804 3885 ea
1836 3832 2004 3901 turpi-

448 3922 849 3977 tudine‘carere
881 3924 1126 3993 probent.
1171 3922 1308 3988 Quid
1343 3923 1485 3975 enim
1538 3938 1755 3977 necesse
1799 3932 1881 3976 est
1910 3938 2003 3978 eos

444 4012 509 4067 ad
542 4013 797 4076 fabulam,
827 4024 1080 4080 tanquam
1108 4013 1172 4067 ad
1199 4012 1546 4083 turpitudinis
1577 4015 2000 4083 integumentum

442 4100 767 4171 perfugere?
804 4101 985 4169 Neque
1007 4102 1146 4155 enim
1180 4103 1592 4172 prazlidentium,
1631 4107 1724 4157 sed
1762 4115 2003 4157 metuen-

445 4193 577 4245 tium
615 4208 675 4246 ac
707 4201 850 4261 terga
875 4194 1193 4247 vertentium
1218 4202 1300 4247 est
1332 4194 1534 4247 fabula.
1561 4193 1615 4248 Si
1642 4203 1821 4247 autem
1848 4194 2000 4257 falsa,

443 4282 671 4353 primum
702 4286 868 4337 nudos
893 4284 1168 4353 theologos
1197 4286 1347 4338 nobis
1374 4286 1679 4349 ostendant,
1700 4296 1755 4338 ut
1780 4301 1898 4339 cum
1920 4286 2003 4340 his

442 4376 857 4444 disputationem
890 4377 1151 4431 ineamus.
1182 4377 1383 4432 Deinde
1403 4378 1603 4443 dicant,
1656 4394 1832 4431 annon
1865 4378 2000 4432 stul-

440 4473 551 4518 tum
577 4467 667 4533 sit,
694 4467 886 4536 quibus
937 4476 994 4522 ut
1032 4468 1172 4523 ﬁctis
1225 4479 1281 4523 et
1328 4469 1584 4523 fabulosis
1639 4470 1998 4532 erubescunt,

2104 3284 2195 3337 καὶ
2211 3284 2559 3355 πολυτρόπως
2582 3285 2933 3353 συγκείμενα,
2961 3285 3052 3336 κα)⁵
3077 3284 3419 3336 παντάπασιν
3440 3284 3548 3349 ἔξω
3568 3284 3672 3337 τῶν

2103 3376 2519 3446 νενομισμένων,
2555 3376 2636 3439 τίς
2683 3376 2853 3439 οὓτως
2916 3376 3028 3445 (38)
3078 3377 3205 3445 ὑμῖν
3244 3376 3449 3448 ὑψηλός
3481 3394 3543 3429 τε
3581 3378 3671 3429 καὶ

2106 3467 2298 3538 μέγας,
2330 3469 2423 3520 καὶ
2454 3468 2619 3530 ὅντως
2650 3468 2732 3519 Διί
2793 3468 2953 3537 μῆτιν
3000 3467 3313 3532 ἀτάλαντος,
3364 3470 3442 3530 ὼς
3488 3471 3568 3531 εἰς
3616 3469 3675 3520 τὸ

2102 3558 2371 3627 εὐπρεπὲς
2420 3559 2644 3626 ἀγαγεῖν
2680 3558 2787 3629 (59)
2828 3558 3004 3625 λόγοις
3034 3557 3265 3627 θεωρίας
3297 3558 3670 3629 ὑπερνεφοῦς.

2103 3650 2197 3702 κα).
2230 3650 2368 3720 ὑπὲρ
2400 3650 2466 3701 τὰ
2502 3650 2745 3721 ἡμέτερα
2778 3651 2953 3721 μέτρα
2978 3650 3078 3720 τῆς
3123 3650 3483 3720 καταλήψεως
3512 3650 3627 3716 (40)
3654 3669 3668 3707 ;

2102 3739 2293 3791 Καίτοι
2324 3738 2497 3793 ταῦτα
2519 3742 2565 3792 εἰ
2593 3741 2688 3810 μὲν
2714 3739 2910 3810 ἀληθῆ,
2947 3742 3071 3810 μήτ’
3094 3740 3557 3810 αἱσχυνέσθωσαν,
3582 3740 3677 3792 καὶ

2102 3830 2608 3903 φιλοτιμείσθωσαν,
2630 3832 2684 3902 ἢ,
2720 3833 2799 3884 ὅτι
2830 3832 2903 3902 μὴ
2931 3833 3154 3904 αἰσχρὰ,
3189 3833 3551 3885 πειθέτωσαν’
3578 3833 3674 3885 καὶ

2102 3920 2153 3972 τί
2187 3920 2267 3972 δεῖ
2326 3920 2687 3989 καταφεύγειν
2726 3921 2920 3982 αὐτοὺς
2954 3921 3046 3972 ἐπὶ
3098 3921 3188 3973 τὸν
3238 3920 3428 3987 μῦθον,
3461 3920 3538 3982 ὼς
3572 3920 3675 3987 τῆς

2102 4011 2359 4084 αἰσχύνης
2381 4014 2491 4081 (41)
2525 4013 2890 4083 συγκάλυμμα
2910 4031 2923 4077 ;
2946 4015 3004 4065 οὑ
3035 4015 3142 4082 γὰρ
3167 4012 3534 4083 θαρρούντων,
3560 4012 3675 4065 ἀλλ’

2104 4103 2566 4173 ὑποχωρούντωνὸ
2596 4103 2913 4175 μῦθοςμὲγ
2940 4107 2987 4157 εἰ
3010 4105 3066 4157 δὲ
3099 4104 3289 4174 ψευδῆ,
3316 4104 3535 4173 πρῶτον
3576 4104 3677 4173 μὲν

2102 4194 2559 4248 ὲπιδεικνύτωσαν
2589 4199 2719 4266 ἡμῖν
2757 4198 2881 4259 τοὺς
2913 4196 3151 4266 γυμνοὺς
3178 4196 3482 4263 Θεολόγους.
3534 4198 3603 4249 ἶν’

2103 4286 2236 4354 πρὸς
2268 4286 2506 4349 ἐκείνους
2531 4289 2660 4357 ἡμῖν
2692 4289 2719 4339 ὁ
2748 4287 2935 4355 λόγος’
2986 4288 3177 4339 ἔπειτα
3210 4287 3522 4353 λεγέτωσαν
3556 4288 3675 4349 πῶς

2102 4378 2201 4429 οὐκ
2233 4376 2449 4447 εὔηθες,
2485 4374 2565 4441 οἷς
2612 4379 2683 4443 ὡς
2720 4380 2963 4449 μυθικοῖς
2998 4380 3336 4448 αἰσχύνονται
3372 4380 3514 4445 (45),
3548 4381 3679 4432 τοὺ-

2100 4486 2211 4532 τοις
2238 4470 2313 4534 ὡς
2344 4472 2579 4542 ἰσχυροῖς
2610 4472 3039 4537 καλλωπίζεσθαι
3061 4490 3073 4501 °
3106 4474 3198 4525 καὶ
3226 4472 3262 4525 ἃ
3292 4474 3419 4535 τοὺς
3443 4472 3681 4534 πολλοὺς

439 4557 649 4625 iisdem,
682 4569 739 4613 ut
780 4560 976 4624 firmis,
1010 4559 1389 4629 sesejactare;
1429 4572 1482 4614 et
1517 4575 1633 4627 qua:
1676 4561 1997 4615 multitudini

2109 4561 2383 4628 λανθάνειν
2430 4563 2655 4617 δυνατὸν
2690 4560 2779 4634 ἦν,
2820 4566 2880 4617 οὐ
2916 4564 3023 4635 γὰρ
3052 4565 3267 4617 πάντων
3300 4567 3331 4634 ὴ
3367 4564 3676 4625 παίδευσις,

436 4650 665 4709 obscura
698 4659 859 4720 atque
892 4651 1159 4720 incognita
1203 4667 1323 4707 esse
1359 4653 1687 4721 potuissent,
1720 4667 1821 4704 non
1855 4653 1998 4705 enim

436 4744 677 4797 omnium
709 4753 790 4798 εει
815 4743 1064 4808 eruditio,
1106 4744 1255 4809 h:ec,
1287 4753 1396 4798 tum
1425 4758 1520 4813 per
1555 4744 1806 4815 ﬁgmenta
1835 4785 1849 4807 ,
1886 4754 1999 4797 tum

508 4982 621 5053 (50)
665 4984 807 5050 Ἦρα
831 4985 868 5051 ἡ
901 4984 1025 5038 τοῦ.
1064 4983 1153 5039 Sir.
1186 4985 1351 5040 Mont.
1383 4984 1505 5038 Bill.
1540 4984 1693 5040 Pass.
1724 4994 1777 5039 et
1810 4986 1993 5040 caeteri

432 5054 760 5125 nissaheest
786 5055 896 5125 ﬁiu
936 5056 1054 5125 Par.
1088 5056 1218 5125 edit.

527 5122 615 5195 ξιξ)
662 5122 1051 5195 Ἐφ’ἐαυτήντ
1085 5124 1243 5180 Herv.
1281 5126 1367 5195 ἐφ’
1394 5125 1617 5194 ἑαυτῆς.

529 5193 618 5266 ἓξ)
646 5196 992 5266 ῌᾳρᾳπολᾲύ.
1039 5194 1283 5261 Plerique
1312 5193 1554 5266 codices,
1584 5194 1735 5266 παρά
1759 5194 1923 5266 [πολύς

528 5262 617 5333 55)
665 5263 841 5333 ’Υπὲρ
876 5263 984 5335 τῆς
1010 5266 1310 5331 Λακαίνης
1347 5262 1713 5335 μοιχάδοςξι
1754 5265 1856 5317 Pro
1894 5264 1997 5318 La—

430 5344 588 5387 rzeno
616 5346 815 5388 scorto.
856 5354 873 5385 ι
916 5337 989 5388 De
1022 5337 1231 5405 Argivae
1262 5336 1474 5389 Heletne
1516 5347 1671 5403 raptu
1700 5335 1787 5389 hic
1814 5349 1991 5390 sermo

436 5413 537 5455 €51.

508 5472 618 5541 (54)
656 5473 1071 5539 Σαλπίζοντος.
1112 5495 1129 5524 ι
1159 5476 1321 5541 Quasi
1353 5476 1474 5529 tuba
1506 5476 1715 5538 signum
1743 5475 1923 5531 dante.
1962 5495 1982 5530 ι

508 5542 618 5616 (33)
653 5541 1100 5613 Κεκαλυμμένα.
1136 5547 1261 5616 Reg.
1291 5546 1331 5607 l,
1367 5544 1879 5614 συγκεκαλυμμένα.

507 5611 619 5677 (56)
658 5611 1088 5669 Κατασείὸυσα.
1116 5611 1265 5670 Ρηδέ.
1297 5611 1706 5669 κατασείσουσα.

509 5681 619 5752 (57)
668 5684 1100 5754 Ἀμφιγυήεντι.
1145 5686 1294 5741 Pass.
1354 5686 1645 5756 ἀμφιγύηῖ-
1696 5684 1822 5755 εἶρε·
1860 5690 1985 5753 δῐην

436 5753 755 5827 ἀμφιγυήε-ι.
787 5753 911 5827 Alii,
942 5757 1230 5827 ἀμφιγύει,
1265 5753 1519 5827 ἀμφιγύςί,
1552 5753 1844 5826 ἀμφιγυίη.

505 5823 615 5897 (38)
660 5820 753 5889 Τίς
785 5820 1148 5895 infirmo-Reg.
1182 5820 1611 5894 ὺηι,’τ’ίςόὗτοςξ

2099 4654 2269 4707 ταῦτα
2325 4655 2669 4725 δημοσιεύειν
2728 4659 2847 4719 ταῖς
2888 4658 3141 4710 ἀπάντων
3188 4656 3376 4725 ὄψεσιν
3426 4658 3483 4708 ἐν
3537 4657 3681 4708 πλὰ-
3756 4672 3763 4683 ·

2102 4747 2270 4815 σμασί
2308 4747 2416 4817 (44)
2450 4765 2507 4800 τε
2552 4749 2645 4801 κα).
2681 4750 2943 4819 σχήμασι,
2972 4750 3065 4801 καὶ
3092 4749 3150 4801 τὸ
3178 4749 3503 4811 δεινότατον,
3555 4750 3680 4819 μεθ’

2173 4990 2283 5061 (39)
2319 4994 2421 5055 Εἰς
2464 4990 2529 5061 τὸ
2563 4990 2856 5058 εὐπρεπὲς
2904 4992 3163 5061 ἀγαγεῖν.
3203 5015 3221 5043 ε
3266 4990 3338 5045 Ut
3376 5006 3441 5047 ea
3472 4993 3541 5047 ad
3580 4996 3685 5048 ho-

2105 5063 2241 5114 nesti
2269 5060 2334 5113 ac
2358 5060 2534 5113 decori
2574 5065 2801 5123 speciem
2835 5060 3045 5115 trahere
3072 5065 3257 5129 possit.
3286 5081 3305 5114 ι

2153 5130 2284 5251 έ(40)
2323 5129 2518 5197 Μέτρα
2537 5129 2646 5197 τῆς
2677 5129 3087 5200 καταλήψεως.
3121 5129 3270 5188 Pass.
3309 5133 3685 5203 thdﬁw

2183 5217 2327 5251 τοον.

2107 5216 2327 5265 μετρον.

2178 5218 2650 5353 ἶξῗῖᾌῑσχύνης.
2677 5270 2807 5341 Reg.
2829 5271 2922 5335 hu,
2942 5272 3047 5325 duo
3072 5270 3220 5325 Colh.
3255 5282 3307 5325 et
3326 5273 3479 5328 Pass.
3498 5273 3688 5343 ἀσχη-

2141 5355 2354 5392 οσυνης.

2101 5356 2375 5481 ξιέῗῖἔρῖὸ
2401 5410 2609 5479 μῦθος.
2636 5409 2787 5464 Pass.
2810 5412 2956 5465 ἔστιν
2982 5414 3009 5464 ὁ
3040 5410 3226 5481 μῦθος.
3258 5410 3415 5465 Coll).
3442 5411 3499 5475 Β,
3527 5414 3563 5466 ὁ
3587 5412 3687 5481 μῦ-

2101 5476 2192 5540 θός
2222 5481 2386 5531 ἐστιν.
2403 5476 2467 5532 Ἰιι
2490 5482 2609 5533 aliis
2636 5484 2923 5547 omittitur,
2943 5476 3108 5546 ἐστίν,
3132 5484 3211 5536 vel
3235 5482 3499 5537 scribitur
3522 5476 3686 5544 ante,

2098 5558 2361 5619 autypnst,
2392 5551 2420 5600 ὁ
2457 5550 2644 5619 μῦθος.

2171 5617 2278 5688 (45)
2304 5617 2698 5688 Αἰσχύνονται
2730 5622 2808 5673 Ita
2831 5620 3067 5677 melioris
3091 5632 3230 5676 nota:
3248 5623 3484 5678 codices.
3530 5622 3685 5677 Edit.

2097 5687 2475 5756 αἰσχύνωνται.

2169 5757 2285 5837 (At)
2299 5759 2764 5837 H.1d_0'paat,etc_.
2789 5758 2979 5837 C_omb.
2999 5764 3187 5817 vertit;
3220 5784 3235 5815 ι
3261 5781 3355 5835 pe:
3411 5776 3418 5782 ‘
3442 5765 3683 5819 uulacra

2099 5838 2151 5881 et
2178 5830 2501 5884 cerimonias
2536 5841 2587 5885 et
2613 5831 3069 5900 gesticulationes.
3103 5853 3121 5885 ι
