3878 6398
229 384 311 439 657
1161 377 1425 436 ORATIO
1462 376 1551 437 IV.
1588 412 1657 465 j—
1692 379 1972 438 CONTRA
2007 382 2354 443 JULIANUM
2393 386 2436 443 Ι.

3314 391 3417 450 638

225 501 332 563 ὅσης
348 490 434 558 τῆς
450 486 525 550 εἰς
554 487 811 558 χρήματα
828 487 1049 558 ζημίας,
1069 488 1127 543 ἔν
1154 508 1212 544 τε
1235 496 1381 557 ναοῖς
1407 496 1498 549 καὶ
1525 494 1737 567 βωμοῖςἸ

1852 472 1947 567 ρει·
1997 495 2217 566 ﬁguras,
2249 500 2320 554 ob
2365 499 2604 554 omnium
2662 502 2846 560 oculos
2897 518 3129 574 ponere,
3171 509 3422 577 quodque

225 590 297 642 καὶ
327 580 559 654 ἱδρύμασι
604 580 739 650 (45),
770 581 864 633 καὶ
890 582 1221 654 ἀναθήμασι,
1276 588 1370 640 καὶ
1405 587 1618 653 θυσίαις
1652 608 1749 644 πο-

222 675 548 734 λυταλάντοις,
584 672 677 724 καὶ
709 672 957 743 ἀζημίως
1007 675 1118 747 (46)
1169 677 1289 733 ἐνὸν
1320 680 1584 747 εύσεϐεἴν,
1617 685 1746 737 ἀσε-

221 772 314 823 ϐεῖν
342 762 593 836 αἱρεῖσθαι
617 764 753 834 μετὰ
780 763 1011 835 ζημίας;

270 1031 404 1085 Ρ1Η’.
436 1029 496 1083 El
528 1028 584 1082 δὲ
640 1030 811 1083 ταῦτα
871 1032 975 1103 μὲν
1024 1035 1265 1107 ποιητῶν
1323 1032 1460 1092 εἶναι
1515 1042 1745 1112 φήσουσι

215 1124 466 1195 πλάσματα
497 1123 590 1175 καὶ
615 1122 752 1195 ληρή
762 1142 928 1194 ματα,
962 1126 1055 1180 δύο
1082 1128 1292 1194 τούτοις
1311 1136 1746 1205 προσχρωμένων

212 1218 277 1280 εις
297 1215 349 1267 τὸ
376 1212 598 1283 τερπνὸν
626 1215 724 1285 τῆς
756 1218 1045 1287 ποιήσεως,
1081 1219 1261 1291 μέτρῳ
1308 1224 1402 1275 καὶ
1436 1223 1608 1295 μύθῳ.
1653 1228 1747 1280 καὶ

212 1303 303 1359 οἷον
322 1302 853 1370 καταγλυκαινόντων
884 1306 1095 1369 τούτοις
1133 1309 1231 1381 τὴν
1264 1312 1450 1384 ἀκοὴν,
1480 1316 1664 1379 αὐτοῖς
1689 1316 1746 1370 δὲ

210 1394 610 1466 ἀπορρητότερον
658 1395 799 1452 εἶναι
829 1399 925 1452 καὶ
952 1398 1245 1473 βαθύτερον
1271 1403 1361 1457 τὸν
1384 1406 1745 1479 ὲναποκείμε-

209 1504 280 1540 νον
298 1485 486 1549 τούτοις
510 1487 654 1552 νοῦν,
699 1490 795 1543 καὶ
848 1490 1098 1545 διαϐατὸν
1136 1494 1338 1563 ὀλίγοις
1365 1497 1471 1551 τῶν
1509 1500 1745 1570 σοφωτέ-

210 1596 328 1653 ρων,
368 1582 610 1632 σκοπεῖτε
630 1619 643 1643 ,
674 1581 749 1644 ὡς
779 1582 965 1647 ἁπλῶς
1003 1586 1097 1638 καὶ
1130 1586 1348 1659 δικαίως
1381 1591 1508 1662 περὶ
1543 1593 1746 1648 τούτων

206 1669 295 1739 ἐγὼ
318 1669 643 1740 διαλέξομαι.
668 1672 892 1744 Πρῶτον
924 1674 1021 1745 μὲν
1055 1675 1171 1740 πῶς
1203 1680 1482 1734 ἐπαινοῦσι
1520 1685 1643 1748 τοὺς
1669 1678 1744 1739 ὧν

208 1763 418 1816 σέϐουσιν
476 1763 737 1835 ὑϐριστὰς
783 1767 917 1835 (47),
962 1768 1055 1821 καὶ
1109 1770 1306 1841 μικροῦ
1364 1774 1473 1828 τῶν
1526 1776 1744 1831 ἰσοθέων

202 1855 379 1922 ἀξιοῦσι
399 1854 589 1924 τιμῶν,
632 1851 711 1920 οἷς
741 1858 804 1911 τὸ
836 1859 909 1929 μὴ
935 1860 1116 1915 δοῦναι
1154 1862 1311 1936 δίκην
1340 1866 1439 1937 τῆς
1483 1868 1738 1934 ἀσεϐείας
1771 1859 1812 1914 Β

204 1948 363 2019 κέρδος
387 1946 655 2020 αὔταρκες
681 1946 780 2021 ἦνς
827 1953 890 2006 El
925 1949 1033 2024 γὰρ
1064 1958 1176 2019 τοῖς
1216 1959 1295 2021 εἰς
1333 1958 1430 2012 ἕνα
1470 1960 1579 2031 (48)
1616 1962 1733 2016 θεὸν

200 2040 349 2094 αὐτῶν
376 2040 463 2093 καὶ
485 2040 592 2112 ἰδίᾳ
617 2044 710 2095 καὶ
746 2045 916 2115 μικρὰ
954 2046 1066 2116 (49)
1114 2048 1537 2123 βλασφημήσασι
1572 2054 1736 2109 θάνα-

200 2131 323 2202 τοςῆ
356 2131 519 2202 ζημία
552 2132 661 2203 (50)
698 2137 849 2205 παρὰ
886 2137 994 2191 τῶν
1016 2138 1214 2210 νόμων,
1262 2142 1315 2195 τί
1366 2145 1592 2216 πάσχειν
1626 2146 1733 2201 ἔδει

198 2224 299 2285 τοὺς
322 2225 476 2278 πᾶσιν
492 2225 630 2294 ὁμοῦ
661 2228 753 2280 καὶ
785 2230 1042 2303 δημοσίᾳ,
1073 2236 1164 2287 καὶ
1198 2237 1288 2289 ἐπὶ
1304 2238 1414 2300 τοῖς
1437 2239 1734 2308 αἰσχίστοις

198 2317 485 2384 ὲπαφιέντας
502 2319 602 2390 τὴν
628 2321 863 2393 ποίησιν,
882 2326 976 2377 καὶ
998 2327 1192 2399 μακρῷ
1208 2329 1380 2401 χρόνῳ
1401 2333 1735 2402 παραδόντας

196 2406 277 2474 τὴν
304 2409 585 2478 κωμῳδίαν
611 2426 624 2475 ;
664 2412 891 2467 Ἔπειτα
917 2417 1184 2471 καὶτοῦτο
1215 2420 1519 2488 λογίζεσθαι
1553 2424 1730 2492 ἄξιοψ

197 2501 281 2551 εἰσὶ
323 2502 408 2552 καὶ
438 2504 571 2573 παρ’
599 2503 728 2573 ἡμῖν
764 2508 883 2559 κατ’
920 2508 1212 2579 ἐπεκρυψιν
1242 2510 1390 2580 λόγοι
1436 2515 1597 2581 τινὲς,
1634 2518 1733 2572 ούκ

195 2587 487 2658 ἀρνήσομαι,
525 2590 664 2644 ἀλλὰ
709 2592 792 2657 τίς
829 2597 857 2648 ὁ
890 2597 1088 2666 τρόπος
1128 2598 1241 2670 (51)
1294 2602 1473 2657 αὐτῶν
1502 2605 1599 2676 τῆς
1650 2606 1731 2659 δι-

196 2679 350 2751 πλόης,
374 2681 463 2733 καὶ
493 2681 583 2746 τίς
612 2685 644 2754 ἡ
681 2683 936 2756 δύναμις;
971 2687 1106 2741 Οὔτε
1126 2690 1187 2743 τὸ
1211 2694 1530 2763 φαινόμενον
1564 2697 1733 2769 ἀπρε-

193 2770 290 2833 πὲς,
322 2773 409 2825 καὶ
445 2773 506 2825 τὸ
540 2776 918 2847 κρυπτόμενον
947 2778 1247 2850 θαυμάσιον
1281 2785 1393 2856 (52)
1424 2788 1518 2840 καὶ
1565 2789 1732 2860 ὑπέρ-

193 2862 406 2953 λαμπρον
426 2868 537 2931 τοῖς
572 2868 652 2930 εἰς
670 2867 729 2921 τὸ
756 2868 917 2939 βάθος
944 2874 1337 2945 εἰσαγομένοις,
1365 2880 1458 2931 καὶ
1478 2878 1664 2953 ὥσπερ
1679 2900 1731 2935 τι

194 2950 323 3021 σῶμα
350 2953 507 3008 καλὸν
542 2956 641 3009 καὶ
668 2958 984 3028 ἀπρόσιτον,
1016 2964 1078 3015 ού
1126 2965 1303 3040 φαύλῃ
1334 2971 1399 3040 τῇ
1424 2969 1610 3041 ἐσθῆτι
1633 2950 1733 3025 πε-

194 3046 583 3116 ρικαλύπτεται·
617 3050 700 3104 δεῖ
723 3052 851 3123 γὰρ,
883 3054 958 3118 ὡς
1007 3056 1135 3125 γοῦν
1184 3058 1373 3128 ἔμοιγε
1414 3062 1579 3127 δοκεῖ,
1624 3064 1742 3118 τῶν

192 3134 323 3189 Θεέων
375 3139 507 3209 μηδὲ
562 3140 665 3205 τὰς
724 3143 973 3210 ἐνδείξεις
1012 3148 1143 3220 (55),
1193 3150 1284 3204 καὶ
1333 3152 1433 3217 τὰς
1467 3155 1747 3227 ἐμφάσεις

1849 589 2224 658 gravissimum
2250 599 2353 655 est,
2382 606 2486 645 non
2530 594 2646 648 sine
2684 595 2922 650 maximo
2949 597 3296 666 pecuniarum
3327 601 3417 654 de-

1851 679 2124 747 trimento,
2158 682 2210 735 in
2240 682 2475 752 templis,
2506 686 2636 751 aris,
2661 689 2873 751 statuis.
2903 690 3159 755 donariis,
3181 705 3244 745 ac
3271 705 3419 744 sum--

1847 773 2217 843 ptuosissimis
2245 775 2546 845 sacriﬁciis,
2577 792 2804 850 cumque
2848 782 2987 835 citra
3029 782 3105 835 rei
3130 780 3417 835 familiaris

1848 865 2187 934 dispendium
2240 867 2493 937 pietatem
2557 869 2732 926 colere
2787 871 2965 938 liceat,
3022 872 3241 942 impium
3296 887 3416 927 esse

1847 957 2007 1011 malle
2035 972 2156 1012 cum
2189 959 2512 1016 detrimento
2536 962 2559 1015 ?

1915 1067 2143 1125 CXVIII.
2185 1070 2336 1137 Quod
2378 1072 2422 1126 si
2475 1074 2711 1128 dixerint
2744 1074 2862 1131 hac
2913 1076 3128 1146 quidem
3185 1090 3305 1132 esse
3348 1078 3414 1131 11η-

1845 1168 2061 1230 gmenta
2087 1170 2140 1215 et
2174 1173 2497 1231 nugamenta
2527 1176 2828 1234 poetarum,
2855 1169 2947 1236 qui
2988 1167 3094 1222 duo
3126 1170 3259 1231 haec.
3284 1183 3411 1224 car-

1850 1265 1969 1304 men
2002 1250 2215 1306 scilicet
2252 1261 2307 1305 et
2342 1252 2603 1320 fabulam,
2635 1254 2701 1309 ad
2730 1257 3117 1312 conciliandam
3148 1258 3295 1328 poesi
3319 1258 3412 1325 ju-

1845 1343 2199 1410 cunditatem,
2226 1344 2505 1412 adhibere,
2530 1356 2691 1417 atque
2715 1347 2779 1403 iis
2806 1364 2991 1405 aurem
3023 1351 3172 1403 velut
3201 1349 3413 1405 demul-

1845 1447 1970 1489 cere
2012 1432 2315 1502 voluerint;
2352 1446 2607 1492 cmterum
2664 1453 2791 1494 vero
2829 1438 3075 1494 altiorem
3108 1449 3163 1493 et
3201 1440 3414 1495 abstru-

1846 1528 2041 1582 siorem
2083 1528 2138 1581 in
2174 1527 2240 1581 iis
2267 1542 2485 1583 sensum
2514 1531 2850 1584 reconditum
2876 1545 3029 1595 esse,
3064 1540 3226 1601 atque
3263 1532 3411 1601 ejus-

1854 1619 2038 1683 modi,
2088 1627 2146 1673 ut
2197 1620 2579 1689 sapientiorum
2635 1622 2789 1691 pauci
2832 1621 2898 1675 ad
2953 1634 3074 1676 eum
3130 1630 3415 1690 penetrare

1847 1712 2054 1782 possint
2080 1730 2094 1766 :
2123 1711 2300 1767 videte
2328 1727 2489 1782 quam
2512 1712 2830 1783 simpliciter
2860 1723 2915 1767 et
2936 1727 3088 1783 asque
3121 1714 3186 1769 de
3214 1714 3298 1768 his
3327 1727 3415 1769 re-

1845 1801 1944 1856 bus
1964 1802 2245 1858 disseram.
2278 1803 2541 1870 Primum,
2575 1819 2679 1858 cur
2712 1818 2805 1858 eos
2841 1805 2930 1873 qui
2964 1806 3077 1860 suis
3103 1805 3413 1861 numinibus

1841 1892 2198 1947 contumelias
2225 1892 2502 1959 inferunt,
2531 1893 2781 1961 laudant,
2813 1895 3117 1965 divinisque
3150 1910 3284 1964 pene
3316 1897 3413 1951 ho-

1840 1982 2062 2036 noribus
2087 1982 2354 2049 alliciunt,
2379 1983 2571 2053 quibus
2596 1983 2885 2054 impietatis
2911 1998 3122 2053 poenam
3161 2000 3265 2039 non
3290 1999 3414 2056 pero

1839 2072 2044 2127 solvere
2083 2075 2215 2128 satis
2255 2075 2489 2143 amplum
2526 2073 2732 2129 lucrum
2771 2075 2924 2129 erat?
2953 2075 3083 2128 Nam
3113 2074 3158 2129 si
3193 2076 3245 2128 in
3278 2089 3403 2141 eos,

1840 2163 1930 2233 qui
1955 2181 2116 2218 unum
2140 2166 2448 2234 quempiam
2485 2165 2706 2219 deorum
2732 2181 2953 2220 suorum
2975 2166 3223 2234 privatim
3249 2165 3410 2219 etiam

1840 2268 1904 2308 ac
1941 2253 2042 2308 levi
2069 2256 2355 2310 maledicto
2380 2252 2678 2322 affecerint,
2705 2255 2787 2309 vel
2821 2255 2987 2310 multa
3039 2255 3122 2311 vel
3163 2254 3411 2325 capitalis

1840 2359 1997 2414 poena
2028 2346 2231 2416 legibus
2263 2347 2552 2402 constituta
2584 2347 2677 2413 sit,
2709 2363 2843 2417 quas
2883 2350 3094 2404 tandem
3130 2363 3222 2404 eos
3264 2364 3401 2418 pen-

1840 2438 1966 2492 dere
1998 2439 2299 2506 oportebat,
2339 2438 2429 2507 qui
2462 2439 2514 2492 in
2547 2454 2734 2494 omnes
2801 2441 2957 2494 simul
3006 2450 3060 2495 et
3092 2442 3325 2512 publice,
3353 2448 3409 2496 et

1838 2529 1908 2583 ob
1938 2531 2226 2585 foedissima
2249 2531 2447 2601 ﬂagitia
2474 2534 2650 2602 poesis
2674 2548 2782 2588 sua:
2805 2533 3019 2588 aculeos
3044 2534 3403 2598 Strinxerunt,

1839 2628 1998 2689 atque
2032 2621 2170 2677 hanc
2228 2624 2551 2679 commdiam
2584 2625 2814 2695 posteris
2861 2624 2915 2678 in
2952 2624 3167 2693 longum
3198 2631 3410 2693 tempus

1839 2714 2209 2769 tradiderunt?
2244 2715 2378 2771 Tum
2427 2717 2529 2772 hoc
2577 2732 2792 2788 quoque
2847 2719 3194 2773 considerare
3231 2731 3409 2787 operae

1837 2806 2067 2874 pretium
2099 2806 2263 2862 fuerit
2294 2827 2308 2863 :
2347 2818 2473 2863 sunt
2501 2810 2663 2863 etiam
2691 2813 2829 2880 apud
2868 2825 2969 2864 nos
2995 2810 3160 2866 abditi
3190 2810 3405 2881 quidam

1837 2903 1892 2950 et
1925 2896 2198 2967 allegorici
2250 2912 2548 2964 sermones,
2612 2914 2713 2955 nec
2780 2898 2833 2953 id
2890 2913 3180 2969 negavero,
3219 2912 3403 2954 verum

1838 3002 2079 3058 quaenam
2131 2988 2362 3057 duplicis
2413 3005 2598 3044 eorum
2656 3007 2849 3047 sensus
2879 3002 2963 3045 est
3003 2990 3174 3054 ratio,
3203 2996 3259 3044 et
3286 3003 3405 3059 qum

1837 3080 1922 3134 vis
1950 3096 2014 3135 ac
2038 3082 2320 3149 potestas?
2345 3080 2455 3136 Nec
2482 3092 2704 3136 externa
2732 3084 2936 3152 species
2964 3082 3211 3137 indecora
3237 3090 3291 3136 et
3320 3082 3404 3136 in-

1838 3173 2063 3227 honesta
2094 3184 2200 3237 est,
2247 3183 2298 3229 et
2333 3175 2472 3244 quod
2518 3174 2676 3247 144
2729 3174 3067 3239 occultatur,
3128 3173 3407 3227 admiran-

189 3228 423 3298 ἀπρεπεῖς
453 3227 598 3285 εἶναι
631 3236 724 3288 καὶ
774 3236 996 3302 ἀναξίας
1036 3240 1145 3293 τῶν
1176 3242 1550 3315 δηλουμένων,
1603 3251 1737 3322 μηδὲ

197 3318 233 3337 Α
330 3320 351 3337 η
491 3325 503 3337 .
555 3325 659 3337 ...η
700 3327 721 3337 -
765 3327 785 3337 -
1021 3332 1032 3337 -
1208 3335 1214 3337 Α

1846 3263 1962 3316 dum
1998 3274 2098 3327 est,
2137 3264 2312 3333 iisque
2333 3227 2468 3334 ,ιιιυί
2496 3227 2874 3335 inpenetralia
2904 3266 3017 3334 ipsa
3053 3265 3401 3323 inducuntur.

190 3318 305 3426 οἵαις
327 3320 389 3375 ἂν
420 3325 513 3377 καὶ
548 3325 664 3396 (54)
693 3327 970 3401 ἄνθρωποι
1021 3332 1339 3406 λεγομέναις
1384 3342 1511 3411 περ).
1554 3318 1733 3397 αύτιῦν

1846 3353 1980 3409 ntire
2007 3354 2345 3422 Splendidum
2372 3395 2387 3421 ,
2424 3372 2487 3410 ac
2520 3356 2864 3424 pulcherrimi
2911 3358 3083 3412 instar
3123 3355 3403 3426 cujusdam

188 3410 558 3519 δυσχεραίνοιεν
581 3434 594 3447 ·
639 3419 811 3492 ἀλλ’ἢ
843 3421 903 3475 τὸ
926 3424 1210 3481 κάλλιστον
1244 3410 1467 3496 πάντως
1490 3433 1652 3503 ἔχειν,
1697 3438 1730 3509 ἢ

1846 3443 2077 3511 corporis
2109 3444 2403 3510 inaccessi,
2441 3446 2582 3501 haud
2635 3449 2975 3517 aspernanda
3026 3456 3176 3503 veste
3215 3454 3402 3501 eonte-

189 3506 251 3573 μὴ
284 3506 336 3609 τὸ
362 3508 661 3581 αἴσχιστον,
717 3512 803 3567 ἵνα
843 3516 905 3569 τὸ
962 3518 1062 3588 μὲν
1094 3522 1221 3584 τοὺς
1255 3526 1595 3596 σοφωτέρους
1641 3506 1732 3582 ab;

1846 3536 1999 3605 gitur.
2042 3536 2243 3593 Rerum
2281 3539 2424 3593 enim
2473 3541 2813 3607 divinarum,
2871 3555 2985 3595 mea
3024 3541 3240 3611 quidem
3275 3552 3401 3594 sen-

188 3601 379 3698 ςραὶνῃ,
410 3601 469 3653 τὸ
497 3602 555 3656 δὲ
593 3603 666 3675 μὴ
688 3604 801 3676 (55)
837 3605 1047 3680 βλάπτῃ
1069 3612 1195 3674 τοὺς
1241 3612 1511 3679 πλείονας.

1846 3601 2026 3689 tentia,
2067 3642 2133 3682 ne
2178 3626 2533 3685 indicationes
2580 3601 2808 3700 quidem
2848 3630 2995 3701 ipsas
3036 3601 3400 3699 externasque

188 3692 370 3790 species
442 3692 763 3794 inhonestas
831 3712 951 3753 esse
1017 3704 1303 3768 convenit,
1366 3706 1631 3778 rebusque
1656 3712 1974 3783 signiﬁcatis
1996 3717 2263 3788 indignas,
2288 3735 2351 3775 ac
2385 3721 2614 3790 denique
2645 3722 2799 3786 tales,
2828 3735 2885 3776 ut
2920 3722 3161 3778 homines
3182 3737 3398 3794 quoque

187 3784 269 3845 ipsi
300 3796 386 3835 eas
438 3784 504 3839 de
550 3801 614 3841 se
657 3788 937 3856 prtedicari
994 3794 1321 3861 permoleste
1375 3798 1537 3853 laturi
1599 3803 1737 3857 sint:

1846 3822 2007 3862 'erum
2067 3820 2162 3865 aut
2203 3814 2489 3867 maximam
2529 3814 2749 3869 omnino
2793 3813 3240 3883 pulchritudinem
3299 3814 3402 3868 ba-

188 3872 309 3979 bere,
377 3887 494 4026 alutb
514 3890 669 4025 crerte
714 3897 742 3935 a
789 3898 995 3940 summa
1042 3889 1371 3957 turpitudine
1426 3894 1660 3964 abesse,
1714 3909 1771 3953 ut
1808 3902 2001 3969 partim
2052 3905 2379 3963 eruditiores
2446 3907 2751 3975 oblectent,
2790 3908 2993 3978 partim
3022 3906 3162 3977 vulgi
3192 3907 3402 3963 animos

188 3981 377 4024 minume
427 3987 455 4023 a
499 3992 529 4026 e
559 3982 761 4026 actem.

186 3981 377 4024 Intntme
408 3981 761 4028 labefactent.

239 4082 373 4136 ΗΘΖ
420 4083 589 4155 Ὑμῖν
624 4086 679 4138 δὲ
701 4087 822 4141 οὔτε
870 4090 1243 4164 τδννοούμενον
1286 4098 1612 4168 ἀξιόπιστον,
1642 4107 1734 4159 καὶ

1908 4105 2097 4163 CXIX.
2140 4108 2292 4178 Apud
2318 4124 2413 4165 vos
2440 4120 2624 4165 contra
2643 4151 2659 4178 ,
2692 4125 2788 4165 nec
2813 4111 2964 4181 quod
2988 4111 3392 4183 intelligendum

186 4174 232 4272 τὸ
263 4176 707 4249 προϐεϐλημένον
731 4182 990 4255 ὀλέθριον.
1024 4188 1134 4239 Καὶ
1176 4190 1257 4253 τίς
1301 4194 1333 4263 ἡ
1389 4194 1601 4262 σύνεσις
1646 4199 1732 4253 διὰ

1846 4201 2172 4268 proponitur,
2188 4174 2358 4257 tidem
2384 4174 2655 4268 meretur,
2689 4211 2741 4256 et
2784 4174 2924 4272 quod
2974 4174 3198 4259 externe
3230 4204 3400 4260 oculis

186 4264 420 4368 βοξδθξροτβ
451 4272 569 4342 (56)
601 4273 735 4368 “Bb;
761 4278 912 4330 πόλιν
947 4280 1118 4349 ἆγειν,
1181 4284 1212 4355 ἦ
1247 4286 1336 4339 διὰ
1368 4289 1645 4359 προϐόλων
1673 4311 1732 4347 τε

1846 4294 2107 4364 objicitur,
2153 4293 2422 4350 funestum
2474 4304 2528 4350 et
2582 4295 2866 4350 exitiosum
2901 4306 3004 4353 est.
3055 4296 3185 4364 Quae
3236 4312 3398 4368 porro

182 4359 259 4409 καὶ
307 4361 525 4450 ύφάλων
556 4367 642 4429 εἰς
668 4367 835 4438 ὅρμον
890 4372 1202 4440 ἐπείγεσθαι
1228 4393 1241 4441 ;
1277 4377 1341 4431 Τί
1372 4379 1480 4451 γὰρ
1523 4384 1586 4435 ὲκ
1610 4386 1733 4438 τού-

80 4445 84 4455 .
287 4451 391 4523 (57)
420 4445 803 4528 σύμϐήσετακ
858 4463 951 4515 καὶ
992 4464 1046 4517 τί
1084 4466 1189 4520 τῶν
1218 4445 1393 4537 λόγων
1426 4445 1486 4526 τὸ
1532 4475 1729 4548 πέραςς

182 4542 240 4639 ξὺ
269 4547 359 4613 μὲν
383 4548 672 4621 ληρήσεις,
709 4554 800 4607 καὶ
834 4555 1225 4630 ἁλληγορὴσεις
1254 4563 1353 4626 τὰς
1374 4564 1473 4629 σὰς
1509 4542 1733 4639 ἁτυνχίας

183 4632 555 4735 ᾖφαντασίαςο
592 4646 621 4696 ὁ
675 4644 731 4697 δὲ
788 4649 1110 4719 πεισόμενος
1163 4655 1263 4707 οὐκ
1316 4655 1502 4711 ἔσται·
1536 4660 1596 4713 τὸ
1615 4632 1733 4735 ’γὰρ

182 4723 431 4796 ὁρώμενον
467 4733 861 4806 πιθανώτερον.
897 4737 1031 4792 Οὔτε
1062 4737 1153 4794 οὖν
1182 4742 1273 4795 τὸν
1306 4746 1575 4819 ἀκροατὴν
1597 4723 1736 4822 Gtan-

185 4828 286 4882 σας,
310 4823 401 4874 καὶ
429 4823 523 4877 τὸν
566 4826 767 4898 θεατὴν
797 4828 1082 4896 ἀπώλεσας
1114 4835 1250 4904 μετά
1286 4836 1379 4890 τοῦ
1411 4842 1733 4911 φαινομένου

377 5041 755 5121 ’Ἱδρύμαονιζ
781 5045 929 5121 Pass.
975 5048 1285 5121 ἱδρύσμασι.

716 5115 869 5192 Coll).
899 5118 952 5181 k,
987 5110 1260 5192 ᾁζηεέίοις.

237 5180 340 5263 (ᾆἹ)
371 5180 525 5264 116:6
552 5180 877 5264 ἐπαινοῦσι
920 5180 1190 5264 coire?”
1221 5180 1533 5247 σέϐουσιν
1570 5196 1728 5264 ὑϐρι-

176 5252 345 5316 στάς;
400 5252 771 5328 Benellillius
805 5260 855 5311 in
892 5252 1062 5328 prima
1088 5263 1217 5318 edit.
1250 5281 1268 5313 ι
1307 5279 1405 5317 cur
1446 5252 1725 5319 numinum

177 5332 375 5404 suorum
414 5326 817 5404 coltvicfutores
852 5326 1106 5386 laudant?
1144 5351 1165 5385 ι
1190 5332 1248 5387 ln
1283 5332 1457 5388 Paris.
1509 5346 1731 5404 praeter-

178 5388 382 5443 missum
403 5434 417 5452 ,
461 5388 541 5447 ὧν
570 5396 810 5452 σέϐουσι.

177 5458 344 5579 ειὲιε)
386 5467 496 5531 εις
534 5465 667 5520 ἕνα.
700 5468 859 5524 Deest
901 5472 983 5533 εἰς
1029 5472 1082 5526 in
1121 5472 1328 5529 duobus
1368 5472 1538 5545 Regg.
1580 5474 1732 5532 Pass.

394 5603 550 5685 16!?
576 5608 676 5685 καὶ
700 5610 901 5685 grape}.
939 5610 1036 5665 llic
1070 5613 1451 5670 adverbialiter
1481 5616 1675 5685 posita.

239 5666 346 5756 (ξύ)
394 5676 462 5728 Ἦ
487 5666 819 5756 ζὴμίαῘ-διᾷ
848 5680 981 5749 Reg.
1010 5697 1065 5756 y_,
1104 5685 1271 5756 codex
1302 5666 1693 5756 optirnafnotze
1712 5726 1730 5753 ,

182 5749 513 5827 quenl'n‘sgqui
532 5762 662 5827 _tton
681 5749 1026 5827 dubitamus.—
1047 5749 1551 5827 1η-εᾴἱιηηζῃμία.

245 5808 351 5881 (51)
386 5808 478 5880 Τίς
512 5819 546 5870 ό
588 5820 823 5886 τρόπος.
857 5820 987 5892 Beg.
1014 5838 1068 5889 v,
1092 5808 1241 5882 Coll).
1274 5808 1333 5893 ιζ
1369 5808 1743 5885 'S'av.Comb..

1840 4388 2123 4455 prudentia
2152 4399 2234 4441 est
2260 4404 2356 4458 per
2376 4402 2590 4443 omnum
2617 4389 2683 4443 ad
2715 4392 2899 4446 urbem
2927 4391 3143 4454 ducere,
3177 4400 3270 4444 aut
3302 4407 3407 4460 per

1838 4494 1968 4531 saxa
2015 4488 2068 4531 et
2102 4479 2348 4548 sc0pulos
2397 4480 2461 4532 ad
2503 4479 2788 4533 stationem
2841 4478 3216 4534 contendere?
3258 4478 3400 4543 Quid

1839 4570 1980 4623 enim
2012 4584 2078 4623 ex
2110 4585 2175 4624 eo
2201 4571 2429 4635 accidet,
2453 4572 2647 4638 etquis
2684 4572 2968 4626 verborum
3016 4570 3137 4625 ﬁnis
3186 4568 3398 4624 futurus

1840 4659 1964 4713 est?
2005 4657 2082 4712 Tu
2132 4661 2348 4729 quidem
2397 4662 2706 4730 nugaberi's,
2759 4671 2984 4731 tuosque
3033 4676 3249 4717 errores
3304 4669 3398 4713 aut

1841 4753 2006 4805 animi
2047 4754 2325 4823 ﬁgmenta,
2379 4768 2539 4807 sensu
2590 4753 2873 4824 allegorica
2915 4754 3253 4824 explicahis:
3304 4752 3395 4821 qui

1840 4852 2016 4899 autem
2050 4845 2142 4899 tibi
2178 4844 2333 4900 ﬁdem
2358 4844 2573 4911 habeat,
2604 4859 2709 4899 non
2739 4843 2863 4899 erit.
2897 4843 3027 4898 Nam
3052 4844 3190 4914 quod
3225 4841 3395 4897 oculis

1830 5056 1914 5111 τίς
1935 5059 1962 5109 ό
1988 5059 2161 5111 λόγος.
2632 5098 2635 5101 ν

1887 5074 2409 5198 ἷὲἒςοέῖὲύμάσιον.
2449 5127 2578 5199 Reg.
2610 5098 2647 5195 f,
2673 5128 2819 5184 Colb.
2842 5127 2897 5194 k,
2922 5140 2974 5184 et
2995 5128 3141 5183 Pass.
3167 5129 3389 5197 addunt,

1834 5199 1925 5253 καὶ
1952 5199 2224 5269 domum
2264 5208 2315 5253 et
2341 5199 2590 5253 sublime.
2627 5219 2647 5251 ι

1908 5270 2018 5339 (55)
2052 5268 2408 5339 ⁷Ἐνδείξειᾳ
2438 5269 2583 5322 Pass.
2598 5298 2599 5301 η
2617 5268 2899 5335 ἐπιδείξεις

1907 5339 2018 5408 (54)
2069 5341 2176 5393 “Ar
2201 5341 2319 5393 καί.
2347 5338 2693 5410 Ηιιξοίιιθειιιιι
2719 5340 2772 5392 in
2804 5339 3009 5393 duobus
3044 5339 3207 5410 Regg.

1909 5411 2019 5479 (55)
2062 5411 2127 5463 Τὸ
2159 5410 2344 5479 δὲμὴ.
2383 5409 2532 5465 (.‘olb.
2560 5408 2611 5471 ις,
2644 5410 2705 5463 τὸ
2731 5410 2786 5463 δὲ
2818 5410 2903 5462 ἵνα
2939 5411 3036 5479 μή.

1906 5478 2018 5548 (56)
2057 5480 2160 5533 Διά
2185 5478 2500 5547 βορϐόρου,
2520 5490 2625 5534 etc.
2665 5497 2683 5531 ι
2724 5479 2826 5533 Per
2877 5478 3087 5533 cmuum
3113 5478 3177 5531 ad
3202 5479 3388 5533 urbem

1833 5554 2049 5608 ducere.
2084 5569 2101 5601 ι
2148 5550 2508 5606 Proverbialis
2558 5549 2752 5603 locutio
2797 5551 3076 5605 commode
3132 5560 3387 5617 usurpata

1833 5625 2092 5677 adversus
2123 5638 2248 5687 eos,
2314 5621 2402 5689 qui
2438 5634 2531 5688 per
2560 5622 2822 5676 obscenas
2868 5620 3074 5677 fabulas
3101 5621 3167 5676 ad
3193 5617 3388 5689 allego-

1832 5694 1976 5748 ricos
2013 5706 2204 5746 sensus
2232 5694 2456 5746 ducunt.

1898 5760 2010 5833 (57)
2046 5763 2283 5817 Τούτου.
2324 5761 2486 5817 Savil.
2523 5758 2746 5815 τούτων.
