3878 6398
417 356 519 412 659

1634 368 1690 425 S.
1732 371 2059 449 GREQORII
2098 373 2444 439 THEOLOGI

3544 398 3642 452 660

416 471 675 533 cernitur,
726 472 982 541 majorem
1034 486 1102 527 aa
1151 475 1577 543 persuadendum
1621 482 1728 537 vim
1786 487 1968 543 habet.

2085 509 2377 563 γενομενον.
2423 497 2561 549 Ἀλλ’
2586 499 2613 550 ό
2636 499 2735 570 μὲν
2759 498 3089 575 θεωρητικὸς
3114 505 3275 568 τόπος
3314 504 3432 577 (58)
3460 511 3638 575 αὐτοῖς

416 565 613 633 Sicque
646 564 840 618 nullam
878 564 1108 619 auditori
1141 566 1427 622 utilitatem
1455 570 1717 639 attuleris,
1758 586 1811 631 et
1842 595 1970 648 spe-

414 666 675 710 ctatorem
714 656 1045 723 perdideris,
1108 656 1202 726 qui
1248 659 1502 715 nimirum
1548 663 1598 717 ei
1632 668 1775 735 quod
1802 672 1974 727 oculis

411 747 647 801 oblatum
688 740 894 809 cernit,
938 748 1174 816 praebeat
1200 764 1501 806 assensum.
1532 756 1602 809 At
1644 764 1975 832 contempla-

414 840 574 893 tionis
604 840 818 907 quidem
846 839 997 894 locus
1047 842 1185 909 apud
1219 856 1311 896 eos
1344 844 1465 899 talis
1493 855 1610 912 est,
1657 858 1874 920 tamque
1906 857 1972 910 ab

412 928 791 999 hypothesibus
821 942 1055 986 remotus
1076 971 1092 996 ,
1127 942 1182 986 ut
1214 936 1359 1001 prius
1388 938 1573 991 omnia
1604 940 1745 995 inter
1782 959 1841 999 se
1876 960 1969 1000 co-

412 1022 595 1091 pulare
624 1025 744 1092 quis
771 1025 957 1094 possit,
991 1035 1153 1095 atque
1190 1041 1252 1079 ea
1310 1042 1428 1095 qua:
1474 1028 1634 1099 longo
1680 1035 1964 1094 intervallo

2075 587 2332 654 τοιοῦτος,
2364 593 2456 643 καὶ
2482 591 2623 645 οὕτω
2654 595 2841 666 πόρρω
2873 597 2980 648 τῶν
3015 598 3344 663 ὑποθέσεων,
3369 601 3445 663 ὠς
3470 604 3642 657 πάντα

2074 678 2339 751 πρότερον
2366 677 2504 735 εἶναι
2538 686 2835 755 συμϐαλεῖν
2875 686 2987 757 (59)
3028 688 3299 760 ἀλλήλοις,
3346 694 3440 743 καὶ
3476 696 3558 756 εἰς
3586 696 3643 745 ἓν

2073 769 2299 836 ἀγαγεῖν
2324 772 2390 824 τὰ
2426 774 2619 847 μακρῷ
2653 780 3055 848 κεχωρισμένα,
3090 781 3122 849 ἧ
3167 780 3339 833 ταῦτα
3375 782 3643 835 συνθεῖναι

2072 860 2165 910 καὶ
2200 864 2556 932 συναρμόσαι,
2594 868 2685 919 καὶ
2719 869 2812 921 τοῦ
2846 870 3009 921 αὑτοῦ
3036 871 3227 940 ἀνδρὸς
3263 869 3400 924 εἶναι
3448 873 3640 940 φῆσαι.

2069 950 2138 1003 τά
2192 954 2613 1027 μυθολογήματα
2661 977 2720 1012 τε
2779 960 2923 1030 λέγω
2993 963 3100 1031 (60)
3153 966 3245 1016 καὶ
3310 964 3378 1017 τὰ
3440 966 3644 1017 mxi-

2074 1058 2278 1112 σματα.

412 1116 672 1181 disjuncla
734 1126 894 1180 sunt,
954 1118 1007 1170 in
1051 1134 1213 1171 unum
1259 1120 1563 1189 adducere,
1626 1139 1785 1193 quam
1823 1139 1881 1183 ut
1921 1132 2035 1186 haec
2102 1151 2387 1208 componat
2444 1153 2604 1212 atque
2653 1145 2931 1211 conciliet,
2982 1147 3328 1219 ejusdemque
3376 1149 3475 1203 viri
3526 1163 3648 1206 esse

413 1207 657 1274 aﬂirmet,
701 1210 1219 1279 tigmeutauimirum
1249 1224 1508 1281 eteorum
1547 1216 1849 1277 involucra.

484 1302 643 1359 CXX.
684 1304 819 1369 Quid
847 1315 1024 1360 autem
1068 1305 1267 1361 dixeris
1310 1310 1376 1363 de
1425 1325 1488 1363 ea
1530 1312 1768 1381 ipsorum
1803 1318 1967 1373 disci-

416 1393 570 1463 plina:
599 1406 766 1463 parte,
797 1413 915 1465 quae
938 1398 1078 1451 circa
1110 1414 1285 1454 mores
1324 1404 1608 1456 versatur?
1642 1404 1816 1473 Unde,
1849 1422 1903 1464 et
1940 1426 1970 1464 a

415 1485 608 1554 quibus
627 1488 787 1541 rebus
820 1488 1113 1554 ordientes,
1147 1492 1447 1561 quibusque
1484 1496 1787 1552 rationibus
1819 1510 1974 1553 uten-

418 1583 519 1640 tes,
553 1576 617 1627 ad
645 1576 892 1630 virtutem
915 1592 1006 1631 eos
1038 1576 1348 1643 informare,
1386 1582 1738 1651 consiliisque
1786 1587 1899 1640 suis
1922 1595 1975 1640 et

418 1666 695 1735 praeceptis
736 1683 893 1737 quam
935 1668 1165 1735 Optimos
1226 1667 1435 1725 eiIicere
1477 1675 1764 1742 poterunt?
1815 1674 1972 1731 Verbi

418 1758 586 1828 gratia
615 1774 628 1810 :
659 1758 859 1827 Optima
904 1774 993 1813 res
1034 1769 1118 1813 est
1151 1762 1462 1828 concordia,
1498 1764 1700 1834 optima
1737 1782 1823 1822 res
1856 1769 1971 1837 pari

418 1851 718 1903 animorum
747 1865 1008 1905 consensu
1038 1850 1178 1905 inter
1210 1867 1269 1906 se
1299 1853 1544 1909 civitates
1565 1897 1580 1921 ,
1618 1868 1674 1911 et
1707 1858 1933 1927 populos
1958 1900 1973 1925 ,

416 1948 470 1994 ct
500 1940 749 2005 familias,
778 1950 831 1996 et
867 1942 1108 2012 singulos
1133 1942 1379 1998 homines
1401 1946 1577 2016 jungi,
1624 1948 1795 2017 legem
1827 1952 1977 2005 vide-

418 2033 544 2086 licet
598 2034 949 2102 ordinemque
1008 2042 1212 2088 natura:
1252 2046 1571 2104 sequentes,
1622 2054 1740 2107 quae
1799 2045 1978 2095 omnia

416 2125 601 2179 divisit
620 2126 779 2179 simul
798 2135 961 2195 atque
985 2128 1337 2191 constrinxit,
1358 2145 1420 2183 ac
1451 2139 1615 2184 totam
1642 2132 1779 2187 banc
1800 2150 1977 2188 rerum

417 2215 638 2282 molem,
686 2218 940 2272 mundum
988 2235 1150 2273 unum
1184 2234 1251 2274 ex
1286 2220 1529 2290 pluribus
1577 2225 1739 2279 rebus
1776 2225 1975 2280 eil‘ecit.

418 2306 622 2373 Quibus
656 2319 832 2363 autem
865 2311 1124 2380 exemplis
1160 2313 1261 2383 hoc
1288 2314 1360 2367 illi
1398 2316 1705 2372 docebunt?
1733 2321 1814 2371 An
1846 2318 1977 2373 deo-

418 2415 534 2453 rum
582 2400 715 2455 bella
764 2413 1079 2466 narrantes,
1128 2416 1183 2460 et
1220 2406 1480 2476 dissidia,
1536 2420 1589 2464 et
1639 2410 1978 2475 rebelliones,

418 2486 788 2558 malorumque
816 2491 1249 2560 multitudinem,
1291 2512 1409 2565 qua:
1456 2500 1703 2567 privatim
1744 2501 1841 2569 ipsi
1886 2518 1980 2569 pu-

418 2578 686 2649 bliceque,
723 2584 916 2649 partim
946 2586 1065 2639 aliis
1091 2586 1344 2653 inferunt,
1394 2592 1587 2659 partim
1612 2592 1680 2647 ab
1710 2594 1830 2648 aliis
1862 2611 1981 2663 per-

420 2672 717 2738 petiuutur,
751 2674 905 2745 145
932 2677 1123 2745 quibus
1144 2693 1330 2734 omnes
1361 2680 1471 2736 fere
1507 2683 1743 2738 historiae
1773 2694 1827 2740 et
1857 2702 1981 2755 poe-

421 2771 562 2814 mata
588 2763 740 2832 plena
767 2770 929 2819 sunt?
955 2766 1126 2823 Citius
1150 2772 1387 2839 profecto
1407 2788 1473 2828 ex
1499 2776 1703 2844 pacatis
1728 2776 1978 2842 bellaces,

417 2864 472 2908 et
526 2870 591 2909 ex
658 2857 989 2925 sapientibus
1041 2862 1302 2917 excordes
1350 2879 1411 2918 ac
1469 2864 1764 2931 dementes,
1824 2883 1978 2936 quam

419 2958 606 3002 contra
655 2964 721 3002 ex
761 2950 1051 3005 audacibus
1101 2963 1155 3007 et
1184 2954 1392 3009 stolidis
1460 2958 1764 3013 moderatos
1822 2971 1982 3029 atque

422 3042 712 3109 prudentes
746 3042 1050 3109 huiusmodi
1085 3048 1345 3117 exemplis
1386 3051 1734 3107 reddiderint.
1768 3053 1979 3108 Etenim

2144 1323 2269 1374 PK'.
2304 1322 2367 1375 Τί
2387 1322 2429 1374 δ’
2456 1324 2521 1377 ἂν
2546 1325 2720 1387 εἴποις
2745 1325 2977 1396 περὶτοῦ
3004 1327 3195 1396 ἠθικοῦ
3217 1329 3414 1399 μέρους
3436 1330 3644 1389 αὑτῶνς

2074 1412 2264 1478 Πόθεν,
2302 1415 2395 1466 καὶ
2419 1415 2481 1467 ὲκ
2509 1415 2669 1469 τίνων
2695 1416 2805 1484 (61)
2855 1416 3189 1488 ὁρμώμενοι,
3220 1421 3315 1472 καὶ
3363 1422 3474 1473 τίσι

2079 1521 2227 1574 μενοι
2265 1506 2460 1576 λόγοις,
2499 1507 2752 1561 πλάττειν
2781 1510 2975 1573 αὐτοὺς
3011 1514 3088 1574 εἰς
3136 1513 3337 1585 ἀρετὴν
3395 1514 3646 1584 δυνήσον·

2074 1613 2184 1659 ται,
2236 1600 2326 1651 καὶ
2358 1599 2609 1653 πλείστου
2649 1602 2820 1653 ποιεῖν
2840 1602 3021 1666 ἀξίους
3058 1606 3174 1667 ταῖς
3228 1607 3645 1674 παραινέσεσινς

2086 1687 2337 1759 Ἀριστον
2362 1691 2599 1760 ὁμόνοια,
2622 1693 2715 1744 καὶ
2734 1692 2795 1745 τὸ
2826 1698 3150 1764 συμφρονεῖν
3174 1697 3419 1767 ἀλλήλοις
3442 1699 3645 1765 πόλεις,

2006 1805 2049 1858 Β
2081 1784 2173 1836 καί
2198 1784 2418 1853 δήμους,
2455 1786 2548 1837 καὶ
2573 1787 2771 1850 οἰκίας,
2799 1789 2891 1841 καὶ
2917 1792 3041 1852 τοὺς
3062 1790 3183 1842 καθ’
3214 1791 3466 1853 ἕκαστον,
3501 1793 3648 1862 νόμῳ

2079 1875 2172 1928 καὶ
2194 1875 2341 1939 τάξει
2372 1875 2583 1945 φύσεως
2610 1878 2929 1948 ἑπομένους,
2974 1881 3007 1950 ἢ
3040 1881 3216 1934 πάντα
3259 1881 3419 1933 διεῖλέ
3466 1898 3526 1933 τε
3556 1883 3648 1933 καὶ

2081 1969 2355 2039 συνέδησε,
2392 1970 2570 2023 καὶτὸ
2600 1972 2706 2024 πᾶν
2735 1972 2890 2024 τοῦτο
2925 1974 3125 2043 κόσμον
3150 1973 3247 2027 ’ἐνα
3277 1977 3340 2027 ὲκ
3387 1974 3648 2027 πλειόνων

2080 2062 2363 2131 πεποίηκε.
2394 2062 2514 2114 Τίσι
2542 2061 2700 2115 τοῦτο
2723 2063 3020 2129 διδάξουσιν
3050 2065 3442 2135 ὑποδείγμασιν
3470 2061 3650 2137 ;⁹Αρα

2078 2144 2203 2217 τοὺς
2236 2152 2503 2225 πολέμους
2530 2153 2779 2222 λέγοντες
2805 2156 2913 2207 τῶν
2948 2155 3105 2219 θεῶν,
3134 2157 3228 2210 καὶ
3269 2157 3367 2220 τὰς
3409 2158 3647 2219 στάσεις,

2081 2246 2173 2299 καὶ
2194 2246 2294 2309 τὰς
2325 2247 2744 2310 ἐπαναστάσεις,
2781 2247 2881 2301 καὶ
2900 2246 3008 2300 τῶν
3033 2248 3218 2300 κακῶν
3247 2248 3305 2300 τὸ
3330 2248 3559 2318 πλῆθος,
3579 2243 3650 2301 ῶν

2080 2338 2230 2391 αὐτοί
2260 2357 2317 2391 τε
2345 2340 2546 2409 ἔχουσι,
2580 2339 2675 2392 καὶ
2710 2339 2957 2411 ἀλλήλοις
2991 2339 3099 2408 (69)
3150 2338 3509 2410 παρέχουσιν,
3549 2341 3651 2411 ἰδία

2079 2449 2137 2484 τε
2166 2433 2258 2485 καὶ
2289 2432 2545 2503 δημοσίᾳ,
2596 2425 2671 2485 ὧν
2721 2430 2918 2503 μικροῦ
2951 2433 3099 2484 πᾶσα
3131 2432 3491 2501 πεπλήρωται
3524 2449 3650 2499 συγ-

2082 2524 2263 2594 γραφή
2285 2540 2342 2575 τε
2360 2524 2453 2575 καὶ
2474 2523 2721 2593 ποίησις;
2755 2522 2957 2575 Θᾶττον
2984 2523 3082 2593 μέν
3102 2522 3147 2575 τ’
3174 2521 3239 2575 ἂν
3271 2520 3329 2585 ἐξ
3358 2520 3652 2592 εἰρηνικῶν

2085 2613 2370 2682 μαχίμους,
2404 2612 2497 2664 καὶ
2521 2613 2881 2683 παραπλῆγας
2910 2613 3032 2668 ἀντὶ
3060 2612 3258 2680 σοφῶν,
3281 2611 3314 2681 ἢ
3340 2612 3655 2664 τούναντίον

2086 2704 2336 2774 μετρίους
2376 2705 2468 2756 καὶ
2504 2702 2785 2775 σώφρονας
2813 2704 2932 2757 ἀντὶ
2954 2702 3199 2773 θρασέων
3240 2703 3334 2756 καὶ
3388 2702 3655 2756 ἀπαιδεύ-

2081 2809 2186 2845 των
2229 2795 2339 2855 τοῖς
2388 2791 2649 2855 τοιούτοις
2682 2792 2747 2845 ἂν
2799 2793 3120 2863 ἐργάσαιντο
3187 2792 3650 2862 παραδείγμασιν.

2083 2881 2190 2946 Οὓς
2220 2883 2327 2954 γάρ
2358 2884 2450 2936 καὶ
2472 2883 2592 2953 δίχα
2623 2883 2729 2936 τῶν
2754 2885 2832 2946 εἰς
2851 2884 2911 2935 τὸ
2933 2886 3111 2953 χεῖρον
3136 2883 3401 2936 ἑλκόντων
3420 2884 3655 2953 χαλεπὸν

2085 2975 2507 3048 μεταθεῖναι(65)
2526 2976 2738 3039 κακίας,
2759 2978 2851 3029 καὶ
2869 2975 3003 3047 πρὸς
3014 2976 3110 3045 τὴν
3129 2974 3365 3043 κρείσσω
3384 2974 3654 3045 μεταστῆ-

2084 3084 2173 3120 σαι
2215 3069 2407 3138 μοῖραν
2428 3066 2532 3119 ἀπὸ
2558 3067 2654 3137 τῆς
2675 3066 2933 3138 χείρονος,
2959 3066 3180 3129 τούτους
3211 3066 3291 3128 τίς
3324 3066 3392 3119 ἂν
3414 3068 3654 3119 πείσειεν

420 3147 594 3198 «litos,
641 3133 862 3188 remotis
900 3134 1062 3189 etiam
1112 3136 1359 3193 vitiorum
1424 3140 1726 3210 illecebris,
1778 3159 1806 3197 a
1845 3146 1975 3201 malo

2086 3133 2323 3230 ἡμέρους
2372 3155 2508 3211 εἶναι
2539 3133 2633 3211 καί
2665 3133 2983 3221 καθ-εκτους,
3024 3158 3163 3221 θεοῖς
3188 3157 3510 3227 χρωμένους
3543 3158 3651 3225 (64)

419 3232 696 3290 avertere,
763 3234 922 3294 atque
973 3242 1002 3280 a
1049 3227 1301 3285 deteriori
1361 3244 1513 3302 parte
1578 3236 1644 3290 ad
1702 3237 1979 3293 meliorem

422 3316 703 3371 traducere
751 3316 959 3373 diliicile
999 3329 1102 3385 est,
1138 3322 1259 3390 quis
1289 3325 1499 3379 tandem
1530 3326 1634 3391 his,
1677 3336 1734 3382 ut
1786 3330 1981 3398 placidi

418 3416 473 3459 et
518 3409 775 3464 moderati
824 3410 973 3479 sint,
1018 3416 1378 3482 persuaserit;
1421 3432 1543 3472 cum
1599 3419 1726 3475 deos
1760 3422 1982 3478 vitiosa-

421 3516 537 3553 rum
565 3499 903 3555 aﬂ‘ectionum
950 3504 1114 3559 duces
1167 3516 1220 3560 et
1264 3518 1519 3566 Datronos
1563 3510 1828 3567 habeant:
1892 3516 1980 3570 ubi

420 3593 671 3647 vitiosum
699 3610 841 3657 csse,
863 3610 967 3649 non
1000 3598 1153 3651 modo
1177 3614 1280 3654 non
1306 3610 1477 3670 turpe,
1507 3603 1598 3656 sed
1624 3602 1978 3661 honorificum

421 3686 580 3736 etiam
608 3684 943 3740 existimatur
984 3687 1199 3758 (utpote
1249 3691 1468 3747 deorum
1504 3694 1735 3763 aliquem
1793 3698 1975 3753 defen-

422 3792 597 3833 sorem
632 3795 694 3835 ac
723 3790 1005 3849 patronum
1038 3801 1346 3852 assumens,
1382 3790 1473 3858 qui
1498 3791 1687 3846 vitiosa
1724 3794 1822 3849 hac
1849 3795 1977 3850 alre—

2083 3246 2294 3319 ὀδηγοῖς
2337 3248 2444 3301 τῶν
2483 3248 2672 3302 παθῶν
2707 3247 2800 3301 κα)⁵
2828 3247 3159 3317 προστάταις
3184 3264 3198 3276 ο
3240 3246 3370 3299 ἔνθα
3390 3246 3453 3299 τὸ
3485 3248 3652 3299 κακὸν

2083 3336 2220 3393 εἶναι
2258 3340 2351 3393 καὶ
2378 3336 2577 3410 τίμιον,
2604 3339 2678 3401 ὼς
2719 3338 2857 3391 θεῶν
2882 3355 3001 3391 τινα
3033 3337 3465 3408 προϊστάμενον,
3512 3332 3572 3392 οὗ
3594 3339 3653 3390 τὸ

2085 3428 2255 3491 πάθος
2297 3430 2413 3482 ἐστὶ
2461 3429 2665 3499 βωμοῖς
2695 3446 2754 3480 τε
2784 3428 2880 3481 καὶ
2929 3427 3140 3491 θυσίαις
3185 3426 3521 3498 τιμώμενον,
3563 3430 3653 3480 καὶ

2086 3520 2394 3593 παρρησίαν
2422 3521 2643 3591 εἰληφὸς
2694 3519 2954 3589 ἐννομον;
2996 3518 3166 3572 Τοῦτο
3187 3519 3295 3590 γάρ
3325 3520 3386 3571 τὸ
3409 3518 3651 3572 δεινότα-

2082 3632 2202 3678 τον,
2242 3614 2322 3666 ὅτι
2372 3612 2408 3666 ἃ
2453 3616 2565 3675 τοῖς
2614 3613 2798 3683 νόμοις
2844 3611 3149 3675 κολάζεται,
3198 3610 3373 3664 ταῦτα
3411 3610 3491 3675 ὡς
3535 3610 3651 3663 θεῖα

2085 3708 2296 3761 σέϐεται
2352 3706 2496 3776 (65)·
2527 3704 2764 3775 τοσαύτη
2806 3722 2889 3767 τις
2924 3704 3051 3774 ὑμῖν
3089 3703 3189 3772 τῆς
3226 3702 3440 3767 ἀδικίας
3472 3704 3507 3774 ἡ
3558 3720 3651 3755 πε-

2085 3798 2318 3869 ριουσία.

423 3872 599 3928 ctione
623 3874 871 3944 laboret),
899 3887 1058 3947 atque
1087 3882 1193 3935 aris
1224 3889 1278 3936 et
1298 3883 1577 3939 sacriticiis
1605 3896 1844 3955 ornatur,
1876 3889 2271 3963 legitimamque
2309 3894 2605 3948 libertatem
2648 3901 2864 3948 nactum
2893 3895 3008 3949 est?
3036 3892 3148 3948 Hoc
3197 3893 3341 3948 enim
3406 3891 3647 3947 omnium

424 3970 853 4040 indignissimum
876 3984 990 4039 est,
1023 3977 1195 4045 quod,
1225 3992 1342 4045 qua:
1373 3977 1578 4048 legibus
1606 3981 1968 4051 vindicantur,
1992 4000 2053 4040 ea
2102 3987 2211 4055 illi,
2265 3998 2322 4043 ut
2361 3989 2561 4055 divina,
2598 3998 2961 4043 venerentur:
2998 3995 3143 4041 tanta
3186 3996 3269 4041 est
3313 3987 3456 4056 apud
3506 3986 3649 4054 ipsos

424 4062 696 4132 iniustitia:
743 4064 957 4119 ubertas
1024 4074 1080 4119 et
1132 4067 1443 4136 amplitudo.

493 4158 679 4213 CXXI.
720 4162 987 4226 Secundo,
1014 4163 1183 4217 honor
1217 4170 1272 4215 et
1301 4164 1598 4217 reverentia
1633 4179 1759 4235 erga
1790 4182 1976 4235 paren-

425 4261 505 4306 tes
534 4252 664 4320 ipsis
692 4263 1020 4322 propOnatur
1053 4272 1066 4308 :
1103 4253 1369 4323 illudque,
1403 4255 1633 4323 primam
1661 4268 1811 4314 ortus
1847 4275 1978 4313 cau-

424 4359 537 4398 sam
562 4344 745 4397 statim
781 4354 900 4414 post
933 4344 1159 4413 primam
1200 4344 1479 4400 colendam
1515 4362 1580 4399 ac
1619 4351 1976 4404 venerandam

423 4448 579 4495 esse:
612 4436 710 4488 hoc
737 4436 954 4503 etOratio
979 4435 1202 4500 doceat,
1244 4444 1300 4489 et
1331 4435 1593 4506 the010gia
1638 4443 1975 4508 persuadeat.

424 4528 615 4592 Quidni
649 4536 827 4581 autem
861 4528 963 4581 hoc
984 4526 1251 4581 Saturnus
1282 4530 1622 4597 persuadeat,
1650 4529 1800 4586 Caelo
1831 4534 1981 4602 geni-

428 4620 561 4675 tales
589 4631 769 4689 partes
803 4630 1109 4689 amputans,
1149 4633 1216 4675 ne
1247 4618 1375 4677 deos
1414 4622 1634 4703 gignat,
1673 4641 1854 4680 verum
1881 4628 1983 4683 hoc

2154 4170 2326 4223 PKA'.
2365 4169 2623 4240 Δεύτερον
2669 4169 2847 4233 αὐτοῖς
2890 4168 3199 4240 προκείσθω
3244 4170 3445 4238 γονέων
3490 4168 3648 4233 αἰδὼς

2084 4261 2175 4313 καὶ
2208 4260 2359 4332 τιμὴ,
2400 4260 2578 4313 καὶτὸ
2605 4263 2700 4329 τὴν
2743 4259 2964 4331 πρώτην
3013 4260 3123 4331 (66)
3161 4260 3339 4312 αἰτίαν
3375 4258 3471 4311 τοῦ
3512 4255 3649 4311 εἶναι

2086 4352 2259 4405 σέϐειν
2292 4353 2427 4424 μετά
2452 4352 2547 4423 τὴν
2581 4350 2828 4423 πρώτηνο
2864 4353 3019 4406 τοῦτο
3058 4353 3167 4423 (67)
3204 4354 3298 4407 καί¹
3337 4353 3495 4420 λόγος
3532 4355 3648 4406 εἰσσ

2083 4442 2320 4513 ηγείσθω
2362 4442 2495 4514 (68),
2540 4442 2632 4494 καὶ
2681 4440 2924 4509 θεολογία
2978 4440 3228 4494 πειθέτω.
3289 4438 3414 4502 Πῶς
3480 4439 3539 4492 δὲ
3584 4438 3645 4490 οὗ

2085 4536 2258 4587 πείσει
2288 4534 2495 4604 Κρόνος
2516 4532 2752 4604 Οὐρανὸν
2797 4532 3061 4602 ἐκτεμὼν,
3096 4533 3162 4584 ἵν’
3191 4531 3382 4599 ἄγονος
3486 4531 3643 4593 θεῶν,

2086 4631 2180 4684 καὶ
2219 4628 2293 4700 δῷ
2322 4628 2556 4699 κύμασιν
2598 4626 2919 4681 ἀποτελέσαι
2958 4625 3098 4690 θεὸν,
3144 4624 3318 4696 ἀφροῦ
3364 4623 3639 4694 γέννημα·

496 4805 608 4880 (58)
659 4807 861 4873 Τόπος.
910 4808 1041 4875 Reg.
1076 4825 1107 4862 ιι
1132 4851 1147 4874 ,
1191 4808 1421 4864 Montac.
1460 4818 1516 4864 et
1549 4809 1712 4865 Savil.
1745 4810 1975 4880 τρόπος,

2085 4808 2163 4875 gis
2186 4810 2480 4880 intuentur,
2509 4808 2633 4880 quid
2658 4808 2864 4875 Jupiter
2913 4801 3119 4880 fecerit,
3156 4796 3646 4880 quamnquod__do-

427 4894 445 4925 ‹
479 4878 685 4929 modus.
728 4895 745 4928 ι

489 4945 987 5021 (ὅθλΣυμόᾳλεζν.
1016 4948 1167 5021 Coll).
1214 4949 1277 5014 lt,
1307 4949 1651 5021 συμϐάλλειν.
1691 4950 1853 5006 Μοηι.
1884 4968 1972 5021 γρ.

424 5014 761 5088 συμόαίνειν.
794 5018 867 5071 Ita
910 5019 1038 5088 Reg.
1068 5020 1157 5088 lin
1185 5028 1357 5073 textu.

494 5085 603 5153 (60)
638 5085 1115 5159 Μυθολογήμὶιτά
1162 5105 1225 5159 τε
1277 5089 1448 5158 λέγω.
1498 5091 1688 5153 Deest,
1737 5091 1878 5159 λέγω
1923 5092 1972 5144 in

424 5154 569 5208 Pass.
608 5156 696 5233 qui
731 5173 854 5233 mox
888 5154 1004 5227 pro,
1041 5154 1417 5228 σκεπάσματα,
1444 5161 1621 5227 habet,
1661 5154 1969 5233 σκέμματα,

424 5244 446 5275 ι
483 5227 927 5291 exmgitationes.
960 5248 976 5278 ι

492 5294 604 5367 (6i)
644 5296 752 5349 Kal
783 5298 851 5350 ἐκ
888 5299 1083 5353 τίνων.
1117 5297 1227 5353 Νοη
1258 5301 1432 5367 pauci,
1477 5302 1584 5353 κάκ
1615 5301 1793 5355 τίνων.

496 5366 605 5433 (62)
652 5367 980 5433 Ἀλλήλοις.
1024 5388 1043 5420 ι
1078 5370 1232 5432 Puto,
1262 5366 1280 5420 δ
1309 5371 1383 5422 ait
1414 5370 1616 5435 Billius,
1646 5372 1842 5435 ἄλλοις.

494 5436 603 5503 (63)
632 5438 996 5517 μεταθεῖναι.
1017 5440 1148 5509 Reg.
1172 5440 1267 5505 hu,
1308 5438 1457 5495 Colb.
1489 5442 1540 5504 5,
1567 5443 1710 5508 Ald.,
1745 5443 1976 5514 llervag.

426 5522 776 5574 μεταστησαι.

496 5575 605 5649 (tit)
629 5578 793 5649 Θεοῖς
818 5579 1177 5649 χρωμένους,
1206 5588 1310 5634 etc.
1342 5580 1667 5648 Augustinus
1709 5582 1799 5635 lib.
1843 5598 1898 5640 ll,
1929 5599 1978 5636 c.

2084 4868 2258 4933 citerit
2301 4868 2488 4950 Plato,
2526 4868 2774 4950 velpat‘o
2810 4873 3102 4950 censuerit.
3152 4868 3183 4922 »ί
3214 4868 3427 4950 Profert
3460 4869 3644 4949 etiam,

2083 4950 2222 5021 inter
2265 4948 2565 5021 alia,hillud
2616 4946 2921 5003 Terentiani
2973 4943 3210 5021 (lbet-eae,
3262 4943 3645 5021 quineumjn

2081 5019 2342 5087 ﬂagitiosa
2398 5019 2614 5073 libidine
2636 5029 2962 5075 versaretur,
3007 5030 3026 5062 ι
3073 5012 3200 5066 deos
3230 5025 3291 5065 se
3319 5012 3520 5062 imitari
3560 5012 3646 5076 ja-

2079 5090 2635 5226 ειῗὲἓ)ἰξολάζεταιη
2659 5157 2912 5212 σέϐεται.
2932 5153 3063 5223 Reg.
3087 5168 3138 5215 x,
3156 5149 3319 5207 Mont.
3342 5148 3643 5212 κολάζετε..

2082 5230 2283 5370 σέῗὲἷῖῗ.
2308 5300 2567 5372 Πρώτην.
2624 5298 2851 5372 Mallem,
2894 5293 3171 5372 δευτέραν,
3208 5310 3225 5341 ι
3271 5291 3588 5372 secundam.
3626 5308 3646 5340 ι

2082 5360 2405 5441 Μιὶε,’με’ἕὰ
2460 5360 2567 5442 τὴν,
2619 5368 2858 5440 πρώτην.
2916 5360 3064 5419 Ριιτί
3106 5362 3387 5442 θάηιιιίιιίξ.
3441 5360 3648 5442 αἰτίαν,

2084 5430 2242 5509 quam
2270 5430 2458 5495 'vocem
2491 5430 2807 5504 deleviinus,
2837 5447 3018 5507 utpote
3041 5448 3162 5501 quae
3194 5432 3245 5484 in
3282 5432 3427 5485 nullo
3460 5430 3649 5484 codice

2080 5513 2291 5649 leg(ltil7l;.
2321 5580 2519 5634 Τοῦτο.
2558 5580 2719 5635 Deest
2776 5581 2828 5634 in
2886 5579 3090 5634 duobus
3139 5575 3270 5642 Reg.
3313 5580 3651 5638 totidemque

425 5645 477 5709 7,
496 5644 581 5720 _De
606 5644 949 5720 civitqtﬁliei,
970 5644 1157 5704 eadem
1187 5644 1473 5718 gentilibus
1488 5652 1670 5720 objicit
1701 5668 1712 5701 :
1739 5671 1757 5702 ι
1783 5651 1980 5705 Omnes
2076 5644 2224 5706 Colb.

422 5714 657 5787 cultores
684 5716 868 5772 talium
902 5721 1145 5785 deorum,
1190 5714 1381 5787 inquit,
1421 5714 1644 5775 mox'ut
1682 5736 1775 5777 eos
1816 5723 1979 5776 libido

420 5784 688 5857 pepulerit
720 5787 967 5853 ferventi,
995 5784 1139 5845 utait
1158 5784 1389 5859 Persius,
1417 5792 1582 5847 tincta
1606 5807 1826 5858 veneno,
1866 5807 1976 5845 ma-

2149 5722 2258 5791 (68)
2320 5725 2508 5792 Λόγος
2556 5721 2926 5791 εἰσηγεῖσθω.
3000 5717 3145 5773 Pass.
3194 5718 3222 5768 ὁ
3277 5712 3433 5780 λόγος
3488 5711 3643 5780 ἠγει-

2078 5793 2207 5849 σθω.

3616 5886 3657 5899 .-
