  <div class='ocr_page' id='page_1' title='image "/cluster/home/n/w/nwhite01/storage/ocr_20150623/35/hvd.32044024473308/336.png"; bbox 0 0 3878 6398; ppageno 0'>
   <div class='ocr_carea' id='block_1_1' title="bbox 205 367 2458 462">
    <p class='ocr_par' dir='ltr' id='par_1_1' title="bbox 205 367 2458 462">
     <span class='ocr_line' id='line_1_1' title="bbox 205 367 2458 462; baseline -0.018 -1"><span class='ocrx_word' id='word_1_1' title='bbox 205 404 282 462; x_wconf 73' lang='lat' dir='ltr'><strong>est</strong></span> <span class='ocrx_word' id='word_1_2' title='bbox 1152 367 1406 439; x_wconf 76' lang='lat' dir='ltr'><strong>ORATIO</strong></span> <span class='ocrx_word' id='word_1_3' title='bbox 1449 378 1537 432; x_wconf 84' lang='lat' dir='ltr'><strong>IV.</strong></span> <span class='ocrx_word' id='word_1_4' title='bbox 1577 408 1646 417; x_wconf 88' lang='lat'><strong>—</strong></span> <span class='ocrx_word' id='word_1_5' title='bbox 1683 373 1962 430; x_wconf 79' lang='lat' dir='ltr'><strong>CONTRA</strong></span> <span class='ocrx_word' id='word_1_6' title='bbox 2000 369 2344 429; x_wconf 77' lang='lat' dir='ltr'><strong>J—ULIANUM</strong></span> <span class='ocrx_word' id='word_1_7' title='bbox 2384 367 2422 422; x_wconf 91' lang='lat' dir='ltr'><strong><em>I.</em></strong></span> <span class='ocrx_word' id='word_1_8' title='bbox 2455 373 2458 378; x_wconf 93' lang='grc'><strong>·</strong></span> 
     </span>
    </p>
   </div>
   <div class='ocr_carea' id='block_1_2' title="bbox 1829 467 3397 548">
    <p class='ocr_par' dir='ltr' id='par_1_2' title="bbox 1829 467 3397 548">
     <span class='ocr_line' id='line_1_2' title="bbox 1829 467 3397 548; baseline -0.017 -4"><span class='ocrx_word' id='word_1_9' title='bbox 1829 488 2076 544; x_wconf 85' lang='lat' dir='ltr'><strong>fluctibus</strong></span> <span class='ocrx_word' id='word_1_10' title='bbox 2115 485 2228 548; x_wconf 89' lang='lat' dir='ltr'><strong>det,</strong></span> <span class='ocrx_word' id='word_1_11' title='bbox 2277 491 2335 536; x_wconf 93' lang='lat' dir='ltr'><strong>ut</strong></span> <span class='ocrx_word' id='word_1_12' title='bbox 2381 481 2556 543; x_wconf 91' lang='lat' dir='ltr'><strong>deam,</strong></span> <span class='ocrx_word' id='word_1_13' title='bbox 2589 489 2790 546; x_wconf 75' lang='lat' dir='ltr'><strong>spumae</strong></span> <span class='ocrx_word' id='word_1_14' title='bbox 2819 473 3006 536; x_wconf 88' lang='lat' dir='ltr'><strong>fetum,</strong></span> <span class='ocrx_word' id='word_1_15' title='bbox 3035 467 3305 529; x_wconf 82' lang='lat' dir='ltr'><strong>efficiant;</strong></span> <span class='ocrx_word' id='word_1_16' title='bbox 3342 478 3397 520; x_wconf 87' lang='lat' dir='ltr'><strong>et</strong></span> 
     </span>
    </p>
   </div>
   <div class='ocr_carea' id='block_1_3' title="bbox 204 492 1802 584">
    <p class='ocr_par' dir='ltr' id='par_1_3' title="bbox 204 492 1802 584">
     <span class='ocr_line' id='line_1_3' title="bbox 204 492 1802 584; baseline -0.02 -8"><span class='ocrx_word' id='word_1_17' title='bbox 204 522 282 580; x_wconf 77' lang='grc' dir='ltr'>καὶ</span> <span class='ocrx_word' id='word_1_18' title='bbox 313 512 485 584; x_wconf 73' lang='grc' dir='ltr'>Κρόνῳ</span> <span class='ocrx_word' id='word_1_19' title='bbox 517 506 650 570; x_wconf 74' lang='grc' dir='ltr'>Ζεὺς</span> <span class='ocrx_word' id='word_1_20' title='bbox 693 501 1150 572; x_wconf 82' lang='grc' dir='ltr'>ὲπανιστάμενος,</span> <span class='ocrx_word' id='word_1_21' title='bbox 1189 497 1328 552; x_wconf 81' lang='grc' dir='ltr'>κατὰ</span> <span class='ocrx_word' id='word_1_22' title='bbox 1373 497 1602 568; x_wconf 78' lang='grc' dir='ltr'><strong>μίμησιν</strong></span> <span class='ocrx_word' id='word_1_23' title='bbox 1633 492 1727 546; x_wconf 77' lang='grc' dir='ltr'>τοῦ</span> <span class='ocrx_word' id='word_1_24' title='bbox 1755 498 1802 554; x_wconf 78' lang='grc' dir='ltr'><strong>Α</strong></span> 
     </span>
    </p>
   </div>
   <div class='ocr_carea' id='block_1_4' title="bbox 1828 557 3394 650">
    <p class='ocr_par' dir='ltr' id='par_1_4' title="bbox 1828 557 3394 650">
     <span class='ocr_line' id='line_1_4' title="bbox 1828 557 3394 650; baseline -0.018 -13"><span class='ocrx_word' id='word_1_25' title='bbox 1828 581 2038 650; x_wconf 90' lang='lat' dir='ltr'><strong>J-Opiter</strong></span> <span class='ocrx_word' id='word_1_26' title='bbox 2085 579 2343 632; x_wconf 84' lang='lat' dir='ltr'><strong>adversus</strong></span> <span class='ocrx_word' id='word_1_27' title='bbox 2392 573 2705 632; x_wconf 87' lang='lat' dir='ltr'><strong>Saturnum,</strong></span> <span class='ocrx_word' id='word_1_28' title='bbox 2763 564 2932 635; x_wconf 82' lang='lat' dir='ltr'><strong>patris</strong></span> <span class='ocrx_word' id='word_1_29' title='bbox 2989 561 3070 617; x_wconf 90' lang='lat' dir='ltr'><strong>sui</strong></span> <span class='ocrx_word' id='word_1_30' title='bbox 3121 557 3394 626; x_wconf 77' lang='lat' dir='ltr'><strong>exemplo,</strong></span> 
     </span>
    </p>
   </div>
   <div class='ocr_carea' id='block_1_5' title="bbox 205 581 1723 672">
    <p class='ocr_par' dir='ltr' id='par_1_5' title="bbox 205 581 1723 672">
     <span class='ocr_line' id='line_1_5' title="bbox 205 581 1723 672; baseline -0.02 -12"><span class='ocrx_word' id='word_1_31' title='bbox 205 581 394 672; x_wconf 48' lang='grc' dir='ltr'>πατρὸς,</span> <span class='ocrx_word' id='word_1_32' title='bbox 422 597 448 648; x_wconf 75' lang='grc' dir='ltr'>ὁ</span> <span class='ocrx_word' id='word_1_33' title='bbox 491 591 693 661; x_wconf 82' lang='grc' dir='ltr'>γλυκὺς</span> <span class='ocrx_word' id='word_1_34' title='bbox 719 588 865 651; x_wconf 81' lang='grc' dir='ltr'>λίθος</span> <span class='ocrx_word' id='word_1_35' title='bbox 895 587 990 640; x_wconf 71' lang='grc' dir='ltr'><strong>καὶ</strong></span> <span class='ocrx_word' id='word_1_36' title='bbox 1034 585 1226 655; x_wconf 78' lang='grc' dir='ltr'>πικρὸς</span> <span class='ocrx_word' id='word_1_37' title='bbox 1273 581 1690 655; x_wconf 79' lang='grc' dir='ltr'><strong>τυραννοκτόνος</strong></span> <span class='ocrx_word' id='word_1_38' title='bbox 1711 598 1723 611; x_wconf 88' lang='grc'><strong>·</strong></span> 
     </span>
    </p>
   </div>
   <div class='ocr_carea' id='block_1_6' title="bbox 201 675 1732 752">
    <p class='ocr_par' dir='ltr' id='par_1_6' title="bbox 201 675 1732 752">
     <span class='ocr_line' id='line_1_6' title="bbox 201 675 1732 752; baseline -0.016 -1"><span class='ocrx_word' id='word_1_39' title='bbox 201 698 291 752; x_wconf 81' lang='grc' dir='ltr'>εἴτε</span> <span class='ocrx_word' id='word_1_40' title='bbox 319 709 366 744; x_wconf 88' lang='grc' dir='ltr'><strong>τι</strong></span> <span class='ocrx_word' id='word_1_41' title='bbox 404 685 526 741; x_wconf 82' lang='grc' dir='ltr'>ἄλλο</span> <span class='ocrx_word' id='word_1_42' title='bbox 557 680 797 735; x_wconf 80' lang='grc' dir='ltr'>τοιοῦτον</span> <span class='ocrx_word' id='word_1_43' title='bbox 825 681 1004 742; x_wconf 72' lang='grc' dir='ltr'>αὐτοῖς</span> <span class='ocrx_word' id='word_1_44' title='bbox 1031 679 1109 740; x_wconf 88' lang='grc' dir='ltr'>εἰς</span> <span class='ocrx_word' id='word_1_45' title='bbox 1135 675 1298 746; x_wconf 84' lang='grc' dir='ltr'>τιμὴν</span> <span class='ocrx_word' id='word_1_46' title='bbox 1330 675 1438 728; x_wconf 83' lang='grc' dir='ltr'>τῶν</span> <span class='ocrx_word' id='word_1_47' title='bbox 1468 690 1732 744; x_wconf 88' lang='grc' dir='ltr'>γεννησα-</span> 
     </span>
    </p>
   </div>
   <div class='ocr_carea' id='block_1_7' title="bbox 204 766 1788 861">
    <p class='ocr_par' dir='ltr' id='par_1_7' title="bbox 204 766 1788 861">
     <span class='ocr_line' id='line_1_7' title="bbox 204 766 1788 861; baseline -0.016 -22"><span class='ocrx_word' id='word_1_48' title='bbox 204 770 350 861; x_wconf 76' lang='grc' dir='ltr'>μένων</span> <span class='ocrx_word' id='word_1_49' title='bbox 374 780 424 832; x_wconf 89' lang='grc' dir='ltr'>αἱ</span> <span class='ocrx_word' id='word_1_50' title='bbox 472 775 638 846; x_wconf 75' lang='grc' dir='ltr'>βίϐλοι</span> <span class='ocrx_word' id='word_1_51' title='bbox 677 773 920 844; x_wconf 85' lang='grc' dir='ltr'>φέρουσι.</span> <span class='ocrx_word' id='word_1_52' title='bbox 969 770 1161 840; x_wconf 77' lang='grc' dir='ltr'>Τρίτον</span> <span class='ocrx_word' id='word_1_53' title='bbox 1194 770 1375 831; x_wconf 81' lang='grc' dir='ltr'>αὐτοῖς</span> <span class='ocrx_word' id='word_1_54' title='bbox 1413 766 1552 820; x_wconf 78' lang='grc' dir='ltr'>έστω</span> <span class='ocrx_word' id='word_1_55' title='bbox 1602 783 1732 838; x_wconf 82' lang='grc' dir='ltr'>χρη-</span> <span class='ocrx_word' id='word_1_56' title='bbox 1773 804 1788 824; x_wconf 48' lang='grc' dir='ltr'><strong>κ</strong></span> 
     </span>
    </p>
   </div>
   <div class='ocr_carea' id='block_1_8' title="bbox 204 857 1730 951">
    <p class='ocr_par' dir='ltr' id='par_1_8' title="bbox 204 857 1730 951">
     <span class='ocr_line' id='line_1_8' title="bbox 204 857 1730 951; baseline -0.014 -21"><span class='ocrx_word' id='word_1_57' title='bbox 204 857 358 951; x_wconf 72' lang='grc' dir='ltr'>μάτων</span> <span class='ocrx_word' id='word_1_58' title='bbox 382 865 665 936; x_wconf 73' lang='grc' dir='ltr'><strong>ὑπεροψία,</strong></span> <span class='ocrx_word' id='word_1_59' title='bbox 703 865 796 916; x_wconf 77' lang='grc' dir='ltr'><strong>καὶ</strong></span> <span class='ocrx_word' id='word_1_60' title='bbox 837 862 897 914; x_wconf 73' lang='grc' dir='ltr'>τὸ</span> <span class='ocrx_word' id='word_1_61' title='bbox 929 861 1006 932; x_wconf 83' lang='grc' dir='ltr'>μὴ</span> <span class='ocrx_word' id='word_1_62' title='bbox 1049 859 1381 929; x_wconf 79' lang='grc' dir='ltr'>πανταχόθεν</span> <span class='ocrx_word' id='word_1_63' title='bbox 1411 857 1730 929; x_wconf 84' lang='grc' dir='ltr'>κερδαίνειν,</span> 
     </span>
    </p>
   </div>
   <div class='ocr_carea' id='block_1_9' title="bbox 206 948 1733 1040">
    <p class='ocr_par' dir='ltr' id='par_1_9' title="bbox 206 948 1733 1040">
     <span class='ocr_line' id='line_1_9' title="bbox 206 948 1733 1040; baseline -0.014 -20"><span class='ocrx_word' id='word_1_64' title='bbox 206 948 315 1040; x_wconf 76' lang='grc' dir='ltr'>μηδὲ</span> <span class='ocrx_word' id='word_1_65' title='bbox 345 961 430 1016; x_wconf 79' lang='grc' dir='ltr'><strong>τοῦ</strong></span> <span class='ocrx_word' id='word_1_66' title='bbox 471 960 747 1026; x_wconf 83' lang='grc' dir='ltr'>δυστυχεῖν</span> <span class='ocrx_word' id='word_1_67' title='bbox 798 952 1128 1024; x_wconf 79' lang='grc' dir='ltr'>ἀρραϐῶνα,</span> <span class='ocrx_word' id='word_1_68' title='bbox 1170 951 1231 1002; x_wconf 80' lang='grc' dir='ltr'><strong>τὸ</strong></span> <span class='ocrx_word' id='word_1_69' title='bbox 1275 949 1458 1011; x_wconf 82' lang='grc' dir='ltr'>κακῶς</span> <span class='ocrx_word' id='word_1_70' title='bbox 1504 948 1733 1001; x_wconf 80' lang='grc' dir='ltr'>κτᾶσθαι</span> 
     </span>
    </p>
   </div>
   <div class='ocr_carea' id='block_1_10' title="bbox 95 1039 1734 1130">
    <p class='ocr_par' dir='ltr' id='par_1_10' title="bbox 95 1039 1734 1130">
     <span class='ocr_line' id='line_1_10' title="bbox 95 1039 1734 1130; baseline -0.015 -16"><span class='ocrx_word' id='word_1_71' title='bbox 95 1117 98 1120; x_wconf 64' lang='grc'><strong>,</strong></span> <span class='ocrx_word' id='word_1_72' title='bbox 200 1039 481 1130; x_wconf 75' lang='grc' dir='ltr'>λαμϐάνειν.</span> <span class='ocrx_word' id='word_1_73' title='bbox 525 1050 644 1112; x_wconf 84' lang='grc' dir='ltr'><strong>Πῶς</strong></span> <span class='ocrx_word' id='word_1_74' title='bbox 678 1045 770 1101; x_wconf 77' lang='grc' dir='ltr'><strong>οὖν</strong></span> <span class='ocrx_word' id='word_1_75' title='bbox 810 1049 838 1098; x_wconf 98' lang='lat'><strong>6</strong></span> <span class='ocrx_word' id='word_1_76' title='bbox 871 1043 1119 1114; x_wconf 80' lang='grc' dir='ltr'>Κερδῷος</span> <span class='ocrx_word' id='word_1_77' title='bbox 1163 1043 1272 1113; x_wconf 80' lang='grc'>(69)</span> <span class='ocrx_word' id='word_1_78' title='bbox 1323 1042 1504 1104; x_wconf 80' lang='grc' dir='ltr'>αὐτοῖς</span> <span class='ocrx_word' id='word_1_79' title='bbox 1540 1039 1734 1110; x_wconf 86' lang='grc' dir='ltr'>σταθή-</span> 
     </span>
    </p>
   </div>
   <div class='ocr_carea' id='block_1_11' title="bbox 204 1131 1730 1209">
    <p class='ocr_par' dir='ltr' id='par_1_11' title="bbox 204 1131 1730 1209">
     <span class='ocr_line' id='line_1_11' title="bbox 204 1131 1730 1209; baseline -0.015 -4"><span class='ocrx_word' id='word_1_80' title='bbox 204 1167 356 1209; x_wconf 83' lang='grc' dir='ltr'>σεται,</span> <span class='ocrx_word' id='word_1_81' title='bbox 384 1145 475 1199; x_wconf 75' lang='grc' dir='ltr'><strong>καὶ</strong></span> <span class='ocrx_word' id='word_1_82' title='bbox 513 1143 572 1195; x_wconf 82' lang='grc' dir='ltr'><strong>τὸ</strong></span> <span class='ocrx_word' id='word_1_83' title='bbox 614 1139 886 1196; x_wconf 88' lang='grc' dir='ltr'>σακέλλιον</span> <span class='ocrx_word' id='word_1_84' title='bbox 928 1137 1039 1206; x_wconf 84' lang='grc'>(70)</span> <span class='ocrx_word' id='word_1_85' title='bbox 1081 1131 1538 1206; x_wconf 78' lang='grc' dir='ltr'>προϐληθήσεται,</span> <span class='ocrx_word' id='word_1_86' title='bbox 1574 1133 1668 1184; x_wconf 77' lang='grc' dir='ltr'>καὶ</span> <span class='ocrx_word' id='word_1_87' title='bbox 1698 1134 1730 1201; x_wconf 80' lang='grc' dir='ltr'>ἡ</span> 
     </span>
    </p>
   </div>
   <div class='ocr_carea' id='block_1_12' title="bbox 198 1223 1730 1308">
    <p class='ocr_par' dir='ltr' id='par_1_12' title="bbox 198 1223 1730 1308">
     <span class='ocr_line' id='line_1_12' title="bbox 198 1223 1730 1308; baseline -0.013 -16"><span class='ocrx_word' id='word_1_88' title='bbox 198 1238 430 1308; x_wconf 75' lang='grc' dir='ltr'>κλεπτικὴ</span> <span class='ocrx_word' id='word_1_89' title='bbox 466 1232 558 1285; x_wconf 80' lang='grc' dir='ltr'><strong>τοῦ</strong></span> <span class='ocrx_word' id='word_1_90' title='bbox 605 1230 725 1283; x_wconf 78' lang='grc' dir='ltr'>θεοῦ</span> <span class='ocrx_word' id='word_1_91' title='bbox 779 1229 1004 1298; x_wconf 86' lang='grc' dir='ltr'>δύναμις</span> <span class='ocrx_word' id='word_1_92' title='bbox 1054 1226 1434 1296; x_wconf 80' lang='grc' dir='ltr'><strong>τιμηθήσεται,</strong></span> <span class='ocrx_word' id='word_1_93' title='bbox 1489 1223 1582 1275; x_wconf 79' lang='grc' dir='ltr'><strong>καὶ</strong></span> <span class='ocrx_word' id='word_1_94' title='bbox 1632 1223 1730 1274; x_wconf 84' lang='grc' dir='ltr'><strong>τό·</strong></span> 
     </span>
    </p>
   </div>
   <div class='ocr_carea' id='block_1_13' title="bbox 204 1312 1738 1400">
    <p class='ocr_par' dir='ltr' id='par_1_13' title="bbox 204 1312 1738 1400">
     <span class='ocr_line' id='line_1_13' title="bbox 204 1312 1738 1400; baseline -0.016 -11"><span class='ocrx_word' id='word_1_95' title='bbox 204 1339 347 1390; x_wconf 82' lang='grc' dir='ltr'>Ἄνευ</span> <span class='ocrx_word' id='word_1_96' title='bbox 381 1329 486 1400; x_wconf 72' lang='grc'>(71)</span> <span class='ocrx_word' id='word_1_97' title='bbox 520 1322 748 1396; x_wconf 75' lang='grc' dir='ltr'>χαλκοῦ</span> <span class='ocrx_word' id='word_1_98' title='bbox 782 1321 995 1374; x_wconf 75' lang='grc' dir='ltr'><strong>Φοῖϐον</strong></span> <span class='ocrx_word' id='word_1_99' title='bbox 1016 1317 1102 1387; x_wconf 80' lang='grc' dir='ltr'>μὴ</span> <span class='ocrx_word' id='word_1_100' title='bbox 1135 1316 1555 1386; x_wconf 81' lang='grc' dir='ltr'>μαντεύεσθαι,</span> <span class='ocrx_word' id='word_1_101' title='bbox 1583 1312 1738 1381; x_wconf 80' lang='grc' dir='ltr'>μηδὲ</span> 
     </span>
    </p>
   </div>
   <div class='ocr_carea' id='block_1_14' title="bbox 197 1405 1739 1481">
    <p class='ocr_par' dir='ltr' id='par_1_14' title="bbox 197 1405 1739 1481">
     <span class='ocr_line' id='line_1_14' title="bbox 197 1405 1739 1481; baseline -0.021 -1"><span class='ocrx_word' id='word_1_102' title='bbox 197 1423 332 1480; x_wconf 76' lang='grc' dir='ltr'>εἷναί</span> <span class='ocrx_word' id='word_1_103' title='bbox 374 1438 426 1473; x_wconf 88' lang='grc' dir='ltr'><strong>τι</strong></span> <span class='ocrx_word' id='word_1_104' title='bbox 465 1418 574 1472; x_wconf 85' lang='grc' dir='ltr'>τοῦ</span> <span class='ocrx_word' id='word_1_105' title='bbox 612 1413 828 1469; x_wconf 79' lang='grc' dir='ltr'>ὀϐολοῦ</span> <span class='ocrx_word' id='word_1_106' title='bbox 873 1410 1244 1481; x_wconf 61' lang='lat' dir='ltr'><strong>timeba-por;</strong></span> <span class='ocrx_word' id='word_1_107' title='bbox 1279 1406 1462 1460; x_wconf 77' lang='grc' dir='ltr'>Ταῦτα</span> <span class='ocrx_word' id='word_1_108' title='bbox 1498 1405 1606 1477; x_wconf 82' lang='grc' dir='ltr'>γὰρ</span> <span class='ocrx_word' id='word_1_109' title='bbox 1642 1405 1739 1459; x_wconf 72' lang='grc' dir='ltr'>αὐ-</span> 
     </span>
    </p>
   </div>
   <div class='ocr_carea' id='block_1_15' title="bbox 199 1503 1030 1580">
    <p class='ocr_par' dir='ltr' id='par_1_15' title="bbox 199 1503 1030 1580">
     <span class='ocr_line' id='line_1_15' title="bbox 199 1503 1030 1580; baseline -0.022 -9"><span class='ocrx_word' id='word_1_110' title='bbox 199 1518 288 1571; x_wconf 83' lang='grc' dir='ltr'>τῶν</span> <span class='ocrx_word' id='word_1_111' title='bbox 313 1513 376 1567; x_wconf 84' lang='grc' dir='ltr'>τὰ</span> <span class='ocrx_word' id='word_1_112' title='bbox 408 1509 582 1580; x_wconf 77' lang='grc' dir='ltr'>σεμνὰ</span> <span class='ocrx_word' id='word_1_113' title='bbox 614 1507 707 1560; x_wconf 76' lang='grc' dir='ltr'>καὶ</span> <span class='ocrx_word' id='word_1_114' title='bbox 742 1503 1030 1575; x_wconf 79' lang='grc' dir='ltr'>σεϐάσμια.</span> 
     </span>
    </p>
   </div>
   <div class='ocr_carea' id='block_1_16' title="bbox 256 1739 1741 1818">
    <p class='ocr_par' dir='ltr' id='par_1_16' title="bbox 256 1739 1741 1818">
     <span class='ocr_line' id='line_1_16' title="bbox 256 1739 1741 1818; baseline -0.009 -13"><span class='ocrx_word' id='word_1_115' title='bbox 256 1749 412 1806; x_wconf 82' lang='lat' dir='ltr'><strong>PKB’.</strong></span> <span class='ocrx_word' id='word_1_116' title='bbox 440 1749 505 1801; x_wconf 83' lang='grc' dir='ltr'><strong>Τί</strong></span> <span class='ocrx_word' id='word_1_117' title='bbox 551 1749 658 1814; x_wconf 68' lang='lat' dir='ltr'><strong>Eu;</strong></span> <span class='ocrx_word' id='word_1_118' title='bbox 695 1746 1049 1818; x_wconf 72' lang='grc' dir='ltr'>Σωφροσύνην</span> <span class='ocrx_word' id='word_1_119' title='bbox 1087 1743 1502 1804; x_wconf 85' lang='grc' dir='ltr'>διδασκέτωσαν,</span> <span class='ocrx_word' id='word_1_120' title='bbox 1544 1739 1741 1810; x_wconf 78' lang='grc' dir='ltr'>ἐγκρά-</span> 
     </span>
    </p>
   </div>
   <div class='ocr_carea' id='block_1_17' title="bbox 3289 353 3393 407">
    <p class='ocr_par' dir='ltr' id='par_1_17' title="bbox 3289 353 3393 407">
     <span class='ocr_line' id='line_1_17' title="bbox 3289 353 3393 407; baseline -0.01 0"><span class='ocrx_word' id='word_1_121' title='bbox 3289 353 3393 407; x_wconf 72' lang='grc' dir='ltr'><strong>6ϋὶ</strong></span> 
     </span>
    </p>
   </div>
   <div class='ocr_carea' id='block_1_18' title="bbox 1832 655 3397 741">
    <p class='ocr_par' dir='ltr' id='par_1_18' title="bbox 1832 655 3397 741">
     <span class='ocr_line' id='line_1_18' title="bbox 1832 655 3397 741; baseline -0.017 -13"><span class='ocrx_word' id='word_1_122' title='bbox 1832 674 2132 741; x_wconf 86' lang='lat' dir='ltr'><strong>insurgens,</strong></span> <span class='ocrx_word' id='word_1_123' title='bbox 2183 666 2353 722; x_wconf 87' lang='lat' dir='ltr'><strong>dulcis</strong></span> <span class='ocrx_word' id='word_1_124' title='bbox 2415 660 2708 735; x_wconf 82' lang='lat' dir='ltr'><strong>(inquam)</strong></span> <span class='ocrx_word' id='word_1_125' title='bbox 2764 658 2852 712; x_wconf 88' lang='lat' dir='ltr'><strong>ille</strong></span> <span class='ocrx_word' id='word_1_126' title='bbox 2906 655 3074 724; x_wconf 89' lang='lat' dir='ltr'><strong>lapis,</strong></span> <span class='ocrx_word' id='word_1_127' title='bbox 3133 661 3188 707; x_wconf 92' lang='lat' dir='ltr'><strong>et</strong></span> <span class='ocrx_word' id='word_1_128' title='bbox 3227 665 3397 714; x_wconf 67' lang='lat' dir='ltr'><strong>saevus</strong></span> 
     </span>
    </p>
   </div>
   <div class='ocr_carea' id='block_1_19' title="bbox 1833 745 3399 836">
    <p class='ocr_par' dir='ltr' id='par_1_19' title="bbox 1833 745 3399 836">
     <span class='ocr_line' id='line_1_19' title="bbox 1833 745 3399 836; baseline -0.016 -18"><span class='ocrx_word' id='word_1_129' title='bbox 1833 762 2164 836; x_wconf 88' lang='lat' dir='ltr'><strong>tyrannicida</strong></span> <span class='ocrx_word' id='word_1_130' title='bbox 2201 765 2334 813; x_wconf 84' lang='lat' dir='ltr'><strong>:aut</strong></span> <span class='ocrx_word' id='word_1_131' title='bbox 2354 757 2399 811; x_wconf 91' lang='lat' dir='ltr'><strong>si</strong></span> <span class='ocrx_word' id='word_1_132' title='bbox 2430 755 2555 824; x_wconf 91' lang='lat' dir='ltr'><strong>quid</strong></span> <span class='ocrx_word' id='word_1_133' title='bbox 2590 752 2732 808; x_wconf 83' lang='lat' dir='ltr'><strong>aliud</strong></span> <span class='ocrx_word' id='word_1_134' title='bbox 2764 747 3066 818; x_wconf 74' lang='lat' dir='ltr'><strong>huiusmodi</strong></span> <span class='ocrx_word' id='word_1_135' title='bbox 3101 745 3168 798; x_wconf 91' lang='lat' dir='ltr'><strong>ad</strong></span> <span class='ocrx_word' id='word_1_136' title='bbox 3203 757 3399 836; x_wconf 75' lang='lat' dir='ltr'><strong>pa_ren-</strong></span> 
     </span>
    </p>
   </div>
   <div class='ocr_carea' id='block_1_20' title="bbox 1834 830 3392 908">
    <p class='ocr_par' dir='ltr' id='par_1_20' title="bbox 1834 830 3392 908">
     <span class='ocr_line' id='line_1_20' title="bbox 1834 830 3392 908; baseline -0.016 -1"><span class='ocrx_word' id='word_1_137' title='bbox 1834 865 1942 908; x_wconf 90' lang='lat' dir='ltr'><strong>tum</strong></span> <span class='ocrx_word' id='word_1_138' title='bbox 1980 852 2236 906; x_wconf 86' lang='lat' dir='ltr'><strong>honorem</strong></span> <span class='ocrx_word' id='word_1_139' title='bbox 2262 844 2628 901; x_wconf 79' lang='lat' dir='ltr'><strong>voluminibus</strong></span> <span class='ocrx_word' id='word_1_140' title='bbox 2658 854 2844 894; x_wconf 91' lang='lat' dir='ltr'><strong>eorum</strong></span> <span class='ocrx_word' id='word_1_141' title='bbox 2870 832 3228 892; x_wconf 75' lang='lat' dir='ltr'><strong>continetur?</strong></span> <span class='ocrx_word' id='word_1_142' title='bbox 3257 830 3392 884; x_wconf 86' lang='lat' dir='ltr'><strong>Ter-</strong></span> 
     </span>
    </p>
   </div>
   <div class='ocr_carea' id='block_1_21' title="bbox 1835 923 3398 1012">
    <p class='ocr_par' dir='ltr' id='par_1_21' title="bbox 1835 923 3398 1012">
     <span class='ocr_line' id='line_1_21' title="bbox 1835 923 3398 1012; baseline -0.017 -12"><span class='ocrx_word' id='word_1_143' title='bbox 1835 946 1964 1000; x_wconf 90' lang='lat' dir='ltr'><strong>tium</strong></span> <span class='ocrx_word' id='word_1_144' title='bbox 1991 944 2117 1012; x_wconf 82' lang='lat' dir='ltr'><strong>ipsis</strong></span> <span class='ocrx_word' id='word_1_145' title='bbox 2144 942 2232 1004; x_wconf 90' lang='lat' dir='ltr'><strong>sit,</strong></span> <span class='ocrx_word' id='word_1_146' title='bbox 2269 937 2531 1009; x_wconf 87' lang='lat' dir='ltr'><strong>pecunias</strong></span> <span class='ocrx_word' id='word_1_147' title='bbox 2583 933 2862 1001; x_wconf 81' lang='lat' dir='ltr'><strong>despicere</strong></span> <span class='ocrx_word' id='word_1_148' title='bbox 2903 937 3062 996; x_wconf 90' lang='lat' dir='ltr'><strong>atque</strong></span> <span class='ocrx_word' id='word_1_149' title='bbox 3093 923 3398 994; x_wconf 88' lang='lat' dir='ltr'><strong>aspernari,</strong></span> 
     </span>
    </p>
   </div>
   <div class='ocr_carea' id='block_1_22' title="bbox 1835 1011 3402 1097">
    <p class='ocr_par' dir='ltr' id='par_1_22' title="bbox 1835 1011 3402 1097">
     <span class='ocr_line' id='line_1_22' title="bbox 1835 1011 3402 1097; baseline -0.013 -12"><span class='ocrx_word' id='word_1_150' title='bbox 1835 1047 1932 1086; x_wconf 91' lang='lat' dir='ltr'><strong>nec</strong></span> <span class='ocrx_word' id='word_1_151' title='bbox 1962 1011 2316 1097; x_wconf 84' lang='lat' dir='ltr'><strong>undecunque</strong></span> <span class='ocrx_word' id='word_1_152' title='bbox 2340 1027 2545 1080; x_wconf 90' lang='lat' dir='ltr'><strong>lucrum</strong></span> <span class='ocrx_word' id='word_1_153' title='bbox 2575 1020 2898 1089; x_wconf 90' lang='lat' dir='ltr'><strong>captandum</strong></span> <span class='ocrx_word' id='word_1_154' title='bbox 2931 1031 3073 1080; x_wconf 91' lang='lat' dir='ltr'><strong>esse,</strong></span> <span class='ocrx_word' id='word_1_155' title='bbox 3107 1029 3203 1069; x_wconf 91' lang='lat' dir='ltr'><strong>nec</strong></span> <span class='ocrx_word' id='word_1_156' title='bbox 3234 1011 3402 1067; x_wconf 89' lang='lat' dir='ltr'><strong>facul-</strong></span> 
     </span>
    </p>
   </div>
   <div class='ocr_carea' id='block_1_23' title="bbox 1839 1104 3403 1190">
    <p class='ocr_par' dir='ltr' id='par_1_23' title="bbox 1839 1104 3403 1190">
     <span class='ocr_line' id='line_1_23' title="bbox 1839 1104 3403 1190; baseline -0.013 -14"><span class='ocrx_word' id='word_1_157' title='bbox 1839 1124 2033 1177; x_wconf 90' lang='lat' dir='ltr'><strong>tatibus</strong></span> <span class='ocrx_word' id='word_1_158' title='bbox 2060 1121 2259 1190; x_wconf 87' lang='lat' dir='ltr'><strong>injusta</strong></span> <span class='ocrx_word' id='word_1_159' title='bbox 2279 1118 2488 1171; x_wconf 86' lang='lat' dir='ltr'><strong>ratione</strong></span> <span class='ocrx_word' id='word_1_160' title='bbox 2512 1111 2842 1182; x_wconf 81' lang='lat' dir='ltr'><strong>qmerendis,</strong></span> <span class='ocrx_word' id='word_1_161' title='bbox 2873 1105 3193 1163; x_wconf 75' lang='lat' dir='ltr'><strong>calamitatis</strong></span> <span class='ocrx_word' id='word_1_162' title='bbox 3211 1104 3403 1158; x_wconf 82' lang='lat' dir='ltr'><strong>arrha-</strong></span> 
     </span>
    </p>
   </div>
   <div class='ocr_carea' id='block_1_24' title="bbox 1839 1196 3401 1281">
    <p class='ocr_par' dir='ltr' id='par_1_24' title="bbox 1839 1196 3401 1281">
     <span class='ocr_line' id='line_1_24' title="bbox 1839 1196 3401 1281; baseline -0.012 -12"><span class='ocrx_word' id='word_1_163' title='bbox 1839 1217 2031 1269; x_wconf 88' lang='lat' dir='ltr'><strong>bonem</strong></span> <span class='ocrx_word' id='word_1_164' title='bbox 2086 1213 2354 1281; x_wconf 89' lang='lat' dir='ltr'><strong>accipere.</strong></span> <span class='ocrx_word' id='word_1_165' title='bbox 2422 1206 2702 1274; x_wconf 80' lang='lat' dir='ltr'><strong>Quomodo</strong></span> <span class='ocrx_word' id='word_1_166' title='bbox 2770 1203 2930 1270; x_wconf 82' lang='lat' dir='ltr'><strong>igitur</strong></span> <span class='ocrx_word' id='word_1_167' title='bbox 2987 1199 3211 1252; x_wconf 87' lang='lat' dir='ltr'><strong>Lucrius</strong></span> <span class='ocrx_word' id='word_1_168' title='bbox 3272 1196 3401 1265; x_wconf 87' lang='lat' dir='ltr'><strong>ipsis</strong></span> 
     </span>
    </p>
   </div>
   <div class='ocr_carea' id='block_1_25' title="bbox 1838 1286 3402 1365">
    <p class='ocr_par' dir='ltr' id='par_1_25' title="bbox 1838 1286 3402 1365">
     <span class='ocr_line' id='line_1_25' title="bbox 1838 1286 3402 1365; baseline -0.013 -7"><span class='ocrx_word' id='word_1_169' title='bbox 1838 1305 2215 1365; x_wconf 88' lang='lat' dir='ltr'><strong>constituetur,</strong></span> <span class='ocrx_word' id='word_1_170' title='bbox 2267 1309 2320 1354; x_wconf 87' lang='lat' dir='ltr'><strong>et</strong></span> <span class='ocrx_word' id='word_1_171' title='bbox 2368 1296 2611 1351; x_wconf 88' lang='lat' dir='ltr'><strong>sacculus</strong></span> <span class='ocrx_word' id='word_1_172' title='bbox 2639 1292 2959 1363; x_wconf 81' lang='lat' dir='ltr'><strong>proferetur,</strong></span> <span class='ocrx_word' id='word_1_173' title='bbox 3007 1299 3061 1344; x_wconf 91' lang='lat' dir='ltr'><strong>et</strong></span> <span class='ocrx_word' id='word_1_174' title='bbox 3093 1290 3249 1341; x_wconf 82' lang='lat' dir='ltr'><strong>furax</strong></span> <span class='ocrx_word' id='word_1_175' title='bbox 3310 1286 3402 1338; x_wconf 89' lang='lat' dir='ltr'><strong>dei</strong></span> 
     </span>
    </p>
   </div>
   <div class='ocr_carea' id='block_1_26' title="bbox 1837 1377 3380 1461">
    <p class='ocr_par' dir='ltr' id='par_1_26' title="bbox 1837 1377 3380 1461">
     <span class='ocr_line' id='line_1_26' title="bbox 1837 1377 3380 1461; baseline -0.014 -13"><span class='ocrx_word' id='word_1_176' title='bbox 1837 1395 1920 1449; x_wconf 91' lang='lat' dir='ltr'><strong>vis</strong></span> <span class='ocrx_word' id='word_1_177' title='bbox 1972 1403 2134 1461; x_wconf 89' lang='lat' dir='ltr'><strong>atque</strong></span> <span class='ocrx_word' id='word_1_178' title='bbox 2183 1389 2408 1444; x_wconf 81' lang='lat' dir='ltr'><strong>facultas</strong></span> <span class='ocrx_word' id='word_1_179' title='bbox 2463 1383 2817 1440; x_wconf 88' lang='lat' dir='ltr'><strong>honorabitur</strong></span> <span class='ocrx_word' id='word_1_180' title='bbox 2848 1399 2861 1434; x_wconf 85' lang='lat'><strong>:</strong></span> <span class='ocrx_word' id='word_1_181' title='bbox 2898 1380 3138 1448; x_wconf 85' lang='lat' dir='ltr'><strong>illudque</strong></span> <span class='ocrx_word' id='word_1_182' title='bbox 3191 1377 3380 1437; x_wconf 92' lang='lat' dir='ltr'><strong>etiam,</strong></span> 
     </span>
    </p>
   </div>
   <div class='ocr_carea' id='block_1_27' title="bbox 1839 1465 3402 1540">
    <p class='ocr_par' dir='ltr' id='par_1_27' title="bbox 1839 1465 3402 1540">
     <span class='ocr_line' id='line_1_27' title="bbox 1839 1465 3402 1540; baseline -0.015 0"><span class='ocrx_word' id='word_1_183' title='bbox 1839 1486 1965 1540; x_wconf 79' lang='lat' dir='ltr'><strong>Sine</strong></span> <span class='ocrx_word' id='word_1_184' title='bbox 2006 1501 2108 1538; x_wconf 73' lang='lat' dir='ltr'><strong>(ere</strong></span> <span class='ocrx_word' id='word_1_185' title='bbox 2171 1480 2417 1535; x_wconf 72' lang='lat' dir='ltr'><strong>Phoebum</strong></span> <span class='ocrx_word' id='word_1_186' title='bbox 2474 1477 2685 1531; x_wconf 78' lang='lat' dir='ltr'><strong>minime</strong></span> <span class='ocrx_word' id='word_1_187' title='bbox 2729 1473 3047 1537; x_wconf 83' lang='lat' dir='ltr'><strong>vaticinari,</strong></span> <span class='ocrx_word' id='word_1_188' title='bbox 3109 1485 3200 1522; x_wconf 85' lang='lat' dir='ltr'><strong>nec</strong></span> <span class='ocrx_word' id='word_1_189' title='bbox 3256 1465 3402 1520; x_wconf 83' lang='lat' dir='ltr'><strong>obolo</strong></span> 
     </span>
    </p>
   </div>
   <div class='ocr_carea' id='block_1_28' title="bbox 1837 1563 3400 1648">
    <p class='ocr_par' dir='ltr' id='par_1_28' title="bbox 1837 1563 3400 1648">
     <span class='ocr_line' id='line_1_28' title="bbox 1837 1563 3400 1648; baseline -0.014 -16"><span class='ocrx_word' id='word_1_190' title='bbox 1837 1579 2118 1648; x_wconf 80' lang='lat' dir='ltr'><strong>quidquam</strong></span> <span class='ocrx_word' id='word_1_191' title='bbox 2139 1591 2246 1629; x_wconf 73' lang='lat' dir='ltr'><strong>esse</strong></span> <span class='ocrx_word' id='word_1_192' title='bbox 2262 1571 2602 1644; x_wconf 73' lang='lat' dir='ltr'><strong>prwstantius</strong></span> <span class='ocrx_word' id='word_1_193' title='bbox 2627 1568 2648 1619; x_wconf 85' lang='lat'><strong><em>?</em></strong></span> <span class='ocrx_word' id='word_1_194' title='bbox 2685 1565 2806 1618; x_wconf 67' lang='lat' dir='ltr'><strong>Haec</strong></span> <span class='ocrx_word' id='word_1_195' title='bbox 2831 1563 2972 1618; x_wconf 92' lang='lat' dir='ltr'><strong>enim</strong></span> <span class='ocrx_word' id='word_1_196' title='bbox 2996 1574 3188 1631; x_wconf 81' lang='lat' dir='ltr'><strong>graves</strong></span> <span class='ocrx_word' id='word_1_197' title='bbox 3216 1572 3400 1612; x_wconf 92' lang='lat' dir='ltr'><strong>eorum</strong></span> 
     </span>
    </p>
   </div>
   <div class='ocr_carea' id='block_1_29' title="bbox 1841 1656 3160 1722">
    <p class='ocr_par' dir='ltr' id='par_1_29' title="bbox 1841 1656 3160 1722">
     <span class='ocr_line' id='line_1_29' title="bbox 1841 1656 3160 1722; baseline -0.013 -4"><span class='ocrx_word' id='word_1_198' title='bbox 1841 1681 1902 1720; x_wconf 88' lang='lat' dir='ltr'><strong>ac</strong></span> <span class='ocrx_word' id='word_1_199' title='bbox 1929 1664 2252 1719; x_wconf 83' lang='lat' dir='ltr'><strong>venerandae</strong></span> <span class='ocrx_word' id='word_1_200' title='bbox 2282 1669 2408 1714; x_wconf 90' lang='lat' dir='ltr'><strong>sunt</strong></span> <span class='ocrx_word' id='word_1_201' title='bbox 2434 1656 2738 1713; x_wconf 87' lang='lat' dir='ltr'><strong>sententiae.</strong></span> <span class='ocrx_word' id='word_1_202' title='bbox 3155 1715 3160 1722; x_wconf 26' lang='grc' dir='ltr'>ι</span> 
     </span>
    </p>
   </div>
   <div class='ocr_carea' id='block_1_30' title="bbox 1921 1740 3403 1820">
    <p class='ocr_par' dir='ltr' id='par_1_30' title="bbox 1921 1740 3403 1820">
     <span class='ocr_line' id='line_1_30' title="bbox 1921 1740 3403 1820; baseline -0.013 -9"><span class='ocrx_word' id='word_1_203' title='bbox 1921 1753 2126 1811; x_wconf 75' lang='lat' dir='ltr'><strong><em>CXXII.</em></strong></span> <span class='ocrx_word' id='word_1_204' title='bbox 2198 1752 2338 1819; x_wconf 85' lang='lat' dir='ltr'><strong>Quid</strong></span> <span class='ocrx_word' id='word_1_205' title='bbox 2401 1744 2702 1820; x_wconf 72' lang='lat' dir='ltr'><strong>prtetcrea?</strong></span> <span class='ocrx_word' id='word_1_206' title='bbox 2761 1743 3079 1798; x_wconf 87' lang='lat' dir='ltr'><strong>Pudicitiam</strong></span> <span class='ocrx_word' id='word_1_207' title='bbox 3133 1740 3403 1799; x_wconf 86' lang='lat' dir='ltr'><strong>doceant,</strong></span> 
     </span>
    </p>
   </div>
   <div class='ocr_carea' id='block_1_31' title="bbox 196 1830 1752 1911">
    <p class='ocr_par' dir='ltr' id='par_1_31' title="bbox 196 1830 1742 1911">
     <span class='ocr_line' id='line_1_31' title="bbox 196 1830 1742 1911; baseline -0.012 -12"><span class='ocrx_word' id='word_1_208' title='bbox 196 1861 322 1900; x_wconf 81' lang='grc' dir='ltr'>τειαν</span> <span class='ocrx_word' id='word_1_209' title='bbox 359 1838 807 1911; x_wconf 87' lang='grc' dir='ltr'>είσηγείσθωσαν·</span> <span class='ocrx_word' id='word_1_210' title='bbox 845 1838 938 1891; x_wconf 71' lang='grc' dir='ltr'>καὶ</span> <span class='ocrx_word' id='word_1_211' title='bbox 978 1839 1006 1890; x_wconf 90' lang='lat'><strong>6</strong></span> <span class='ocrx_word' id='word_1_212' title='bbox 1047 1836 1248 1889; x_wconf 87' lang='grc' dir='ltr'>πείθων</span> <span class='ocrx_word' id='word_1_213' title='bbox 1315 1834 1516 1902; x_wconf 75' lang='grc' dir='ltr'>ἐγγὺς,</span> <span class='ocrx_word' id='word_1_214' title='bbox 1565 1830 1742 1883; x_wconf 83' lang='grc' dir='ltr'>πάντα</span> 
     </span>
    </p>
   </div>
   <div class='ocr_carea' id='block_1_32' title="bbox 1862 1830 3406 1911">
    <p class='ocr_par' dir='ltr' id='par_1_32' title="bbox 1862 1832 3406 1908">
     <span class='ocr_line' id='line_1_32' title="bbox 1862 1832 3406 1908; baseline -0.014 -5"><span class='ocrx_word' id='word_1_215' title='bbox 1862 1846 2235 1904; x_wconf 84' lang='lat' dir='ltr'><strong>:ontinentiam</strong></span> <span class='ocrx_word' id='word_1_216' title='bbox 2286 1843 2568 1898; x_wconf 86' lang='lat' dir='ltr'><strong>suadeant.</strong></span> <span class='ocrx_word' id='word_1_217' title='bbox 2617 1839 2673 1893; x_wconf 92' lang='lat' dir='ltr'><strong><em>In</em></strong></span> <span class='ocrx_word' id='word_1_218' title='bbox 2714 1837 3016 1908; x_wconf 90' lang='lat' dir='ltr'><strong>propinquo</strong></span> <span class='ocrx_word' id='word_1_219' title='bbox 3053 1832 3254 1900; x_wconf 85' lang='lat' dir='ltr'><strong>estqui</strong></span> <span class='ocrx_word' id='word_1_220' title='bbox 3288 1844 3406 1900; x_wconf 90' lang='lat' dir='ltr'><strong>per-</strong></span> 
     </span>
    </p>
   </div>
   <div class='ocr_carea' id='block_1_33' title="bbox 199 1921 1738 2005">
    <p class='ocr_par' dir='ltr' id='par_1_33' title="bbox 199 1921 1738 2005">
     <span class='ocr_line' id='line_1_33' title="bbox 199 1921 1738 2005; baseline -0.012 -15"><span class='ocrx_word' id='word_1_221' title='bbox 199 1935 452 2005; x_wconf 76' lang='grc' dir='ltr'>γινὸμενος</span> <span class='ocrx_word' id='word_1_222' title='bbox 485 1931 577 1985; x_wconf 81' lang='grc' dir='ltr'>διὰ</span> <span class='ocrx_word' id='word_1_223' title='bbox 612 1930 709 1995; x_wconf 76' lang='grc' dir='ltr'>τὰς</span> <span class='ocrx_word' id='word_1_224' title='bbox 741 1933 1021 1998; x_wconf 85' lang='grc' dir='ltr'>γυναῖκας,</span> <span class='ocrx_word' id='word_1_225' title='bbox 1048 1930 1076 1982; x_wconf 91' lang='lat'><strong>6</strong></span> <span class='ocrx_word' id='word_1_226' title='bbox 1106 1929 1257 1990; x_wconf 85' lang='grc' dir='ltr'>Ζεὺς,</span> <span class='ocrx_word' id='word_1_227' title='bbox 1289 1925 1382 1978; x_wconf 77' lang='grc' dir='ltr'><strong>καὶ</strong></span> <span class='ocrx_word' id='word_1_228' title='bbox 1422 1921 1588 1995; x_wconf 75' lang='grc' dir='ltr'>Φρυξὶ</span> <span class='ocrx_word' id='word_1_229' title='bbox 1623 1939 1738 1993; x_wconf 82' lang='grc' dir='ltr'>μει-</span> 
     </span>
    </p>
   </div>
   <div class='ocr_carea' id='block_1_34' title="bbox 196 2013 1739 2100">
    <p class='ocr_par' dir='ltr' id='par_1_34' title="bbox 196 2013 1739 2100">
     <span class='ocr_line' id='line_1_34' title="bbox 196 2013 1739 2100; baseline -0.01 -20"><span class='ocrx_word' id='word_1_230' title='bbox 196 2027 452 2100; x_wconf 86' lang='grc' dir='ltr'>ρακίσκοις</span> <span class='ocrx_word' id='word_1_231' title='bbox 489 2023 603 2094; x_wconf 76' lang='grc'>(72)</span> <span class='ocrx_word' id='word_1_232' title='bbox 649 2022 805 2085; x_wconf 79' lang='grc' dir='ltr'>ἀετὸς</span> <span class='ocrx_word' id='word_1_233' title='bbox 851 2019 1082 2093; x_wconf 74' lang='grc' dir='ltr'>ἐραστὴς</span> <span class='ocrx_word' id='word_1_234' title='bbox 1133 2021 1161 2071; x_wconf 90' lang='lat'><strong>6</strong></span> <span class='ocrx_word' id='word_1_235' title='bbox 1205 2019 1452 2088; x_wconf 80' lang='grc' dir='ltr'>φίλτατος</span> <span class='ocrx_word' id='word_1_236' title='bbox 1509 2015 1597 2084; x_wconf 79' lang='grc' dir='ltr'>(ἵν’</span> <span class='ocrx_word' id='word_1_237' title='bbox 1663 2013 1739 2076; x_wconf 83' lang='grc' dir='ltr'>ὡς</span> 
     </span>
    </p>
   </div>
   <div class='ocr_carea' id='block_1_35' title="bbox 196 2104 1737 2186">
    <p class='ocr_par' dir='ltr' id='par_1_35' title="bbox 196 2104 1737 2186">
     <span class='ocr_line' id='line_1_35' title="bbox 196 2104 1737 2186; baseline -0.008 -17"><span class='ocrx_word' id='word_1_238' title='bbox 196 2117 361 2186; x_wconf 68' lang='grc' dir='ltr'>ἥδιστα</span> <span class='ocrx_word' id='word_1_239' title='bbox 401 2112 818 2185; x_wconf 77' lang='grc' dir='ltr'>συμποσιάξοιεν</span> <span class='ocrx_word' id='word_1_240' title='bbox 849 2115 898 2165; x_wconf 78' lang='lat' dir='ltr'><strong>oi</strong></span> <span class='ocrx_word' id='word_1_241' title='bbox 942 2112 1082 2174; x_wconf 80' lang='grc' dir='ltr'>Θεοὶ,</span> <span class='ocrx_word' id='word_1_242' title='bbox 1126 2113 1234 2173; x_wconf 84' lang='grc' dir='ltr'>τοῖς</span> <span class='ocrx_word' id='word_1_243' title='bbox 1289 2111 1413 2172; x_wconf 83' lang='grc' dir='ltr'>Διὸς</span> <span class='ocrx_word' id='word_1_244' title='bbox 1469 2104 1737 2176; x_wconf 81' lang='grc' dir='ltr'>οἰνοχοού-</span> 
     </span>
    </p>
   </div>
   <div class='ocr_carea' id='block_1_36' title="bbox 200 2194 1740 2276">
    <p class='ocr_par' dir='ltr' id='par_1_36' title="bbox 200 2194 1740 2276">
     <span class='ocr_line' id='line_1_36' title="bbox 200 2194 1740 2276; baseline -0.008 -18"><span class='ocrx_word' id='word_1_245' title='bbox 200 2223 327 2276; x_wconf 87' lang='grc' dir='ltr'>μενοι</span> <span class='ocrx_word' id='word_1_246' title='bbox 369 2202 660 2273; x_wconf 82' lang='grc' dir='ltr'>παιδικοῖς)</span> <span class='ocrx_word' id='word_1_247' title='bbox 682 2219 695 2231; x_wconf 91' lang='grc'><strong>·</strong></span> <span class='ocrx_word' id='word_1_248' title='bbox 727 2201 820 2254; x_wconf 73' lang='grc' dir='ltr'><strong>καὶ</strong></span> <span class='ocrx_word' id='word_1_249' title='bbox 857 2204 978 2264; x_wconf 91' lang='grc' dir='ltr'>ταῖς</span> <span class='ocrx_word' id='word_1_250' title='bbox 1018 2203 1352 2272; x_wconf 80' lang='grc' dir='ltr'>πεντήκοντα</span> <span class='ocrx_word' id='word_1_251' title='bbox 1392 2197 1612 2251; x_wconf 83' lang='grc' dir='ltr'>Θεστίου</span> <span class='ocrx_word' id='word_1_252' title='bbox 1649 2194 1740 2248; x_wconf 86' lang='grc' dir='ltr'>θυ-</span> 
     </span>
    </p>
   </div>
   <div class='ocr_carea' id='block_1_37' title="bbox 196 2288 1740 2365">
    <p class='ocr_par' dir='ltr' id='par_1_37' title="bbox 196 2288 1740 2365">
     <span class='ocr_line' id='line_1_37' title="bbox 196 2288 1740 2365; baseline -0.006 -17"><span class='ocrx_word' id='word_1_253' title='bbox 196 2295 434 2365; x_wconf 73' lang='grc' dir='ltr'>γατρασιν</span> <span class='ocrx_word' id='word_1_254' title='bbox 470 2293 777 2346; x_wconf 83' lang='grc' dir='ltr'>ὲναθλεύων</span> <span class='ocrx_word' id='word_1_255' title='bbox 815 2292 1092 2363; x_wconf 80' lang='grc' dir='ltr'><strong>Ἡρακλῆς</strong></span> <span class='ocrx_word' id='word_1_256' title='bbox 1120 2295 1175 2345; x_wconf 79' lang='grc' dir='ltr'>ἐν</span> <span class='ocrx_word' id='word_1_257' title='bbox 1210 2293 1306 2364; x_wconf 78' lang='grc' dir='ltr'>μιᾷ</span> <span class='ocrx_word' id='word_1_258' title='bbox 1344 2289 1497 2344; x_wconf 75' lang='grc' dir='ltr'>νυκτὶ</span> <span class='ocrx_word' id='word_1_259' title='bbox 1540 2291 1568 2344; x_wconf 88' lang='lat'><strong>6</strong></span> <span class='ocrx_word' id='word_1_260' title='bbox 1609 2288 1740 2359; x_wconf 84' lang='grc' dir='ltr'>Τρι-</span> 
     </span>
    </p>
   </div>
   <div class='ocr_carea' id='block_1_38' title="bbox 197 2381 1739 2459">
    <p class='ocr_par' dir='ltr' id='par_1_38' title="bbox 197 2381 1739 2459">
     <span class='ocr_line' id='line_1_38' title="bbox 197 2381 1739 2459; baseline -0.006 -19"><span class='ocrx_word' id='word_1_261' title='bbox 197 2388 419 2459; x_wconf 72' lang='grc' dir='ltr'>ἕσπερος,</span> <span class='ocrx_word' id='word_1_262' title='bbox 463 2387 562 2439; x_wconf 69' lang='grc' dir='ltr'><strong>καὶ</strong></span> <span class='ocrx_word' id='word_1_263' title='bbox 607 2386 1050 2456; x_wconf 79' lang='grc' dir='ltr'>τρισκαιδέκατον</span> <span class='ocrx_word' id='word_1_264' title='bbox 1081 2383 1240 2438; x_wconf 85' lang='grc' dir='ltr'>ἆθλον</span> <span class='ocrx_word' id='word_1_265' title='bbox 1284 2383 1468 2437; x_wconf 81' lang='grc' dir='ltr'>τοῦτον</span> <span class='ocrx_word' id='word_1_266' title='bbox 1499 2381 1739 2434; x_wconf 77' lang='grc' dir='ltr'>ἐπιτελέ-</span> 
     </span>
    </p>
   </div>
   <div class='ocr_carea' id='block_1_39' title="bbox 199 2473 1743 2547">
    <p class='ocr_par' dir='ltr' id='par_1_39' title="bbox 199 2473 1743 2547">
     <span class='ocr_line' id='line_1_39' title="bbox 199 2473 1743 2547; baseline -0.005 -15"><span class='ocrx_word' id='word_1_267' title='bbox 199 2497 298 2545; x_wconf 85' lang='grc' dir='ltr'>σας,</span> <span class='ocrx_word' id='word_1_268' title='bbox 335 2480 432 2532; x_wconf 81' lang='grc' dir='ltr'><strong>οὐκ</strong></span> <span class='ocrx_word' id='word_1_269' title='bbox 462 2474 565 2531; x_wconf 77' lang='grc' dir='ltr'>οἷδ’</span> <span class='ocrx_word' id='word_1_270' title='bbox 592 2479 738 2543; x_wconf 82' lang='grc' dir='ltr'>ὅπως</span> <span class='ocrx_word' id='word_1_271' title='bbox 774 2481 885 2541; x_wconf 90' lang='grc' dir='ltr'>τοῖς</span> <span class='ocrx_word' id='word_1_272' title='bbox 919 2478 1092 2541; x_wconf 80' lang='grc' dir='ltr'>ἄλλοις</span> <span class='ocrx_word' id='word_1_273' title='bbox 1129 2495 1191 2547; x_wconf 90' lang='grc' dir='ltr'><strong>γε</strong></span> <span class='ocrx_word' id='word_1_274' title='bbox 1221 2477 1281 2530; x_wconf 84' lang='grc' dir='ltr'><strong>ού</strong></span> <span class='ocrx_word' id='word_1_275' title='bbox 1315 2473 1743 2547; x_wconf 81' lang='grc' dir='ltr'>συναριθμούμε-</span> 
     </span>
    </p>
   </div>
   <div class='ocr_carea' id='block_1_40' title="bbox 197 2565 1744 2640">
    <p class='ocr_par' dir='ltr' id='par_1_40' title="bbox 197 2565 1744 2640">
     <span class='ocr_line' id='line_1_40' title="bbox 197 2565 1744 2640; baseline -0.005 -16"><span class='ocrx_word' id='word_1_276' title='bbox 197 2589 286 2624; x_wconf 81' lang='grc' dir='ltr'>νον.</span> <span class='ocrx_word' id='word_1_277' title='bbox 320 2570 694 2624; x_wconf 84' lang='grc' dir='ltr'>Ἐπικοπτέτω</span> <span class='ocrx_word' id='word_1_278' title='bbox 724 2570 817 2622; x_wconf 84' lang='grc' dir='ltr'><strong>τὸν</strong></span> <span class='ocrx_word' id='word_1_279' title='bbox 853 2569 1021 2640; x_wconf 79' lang='grc' dir='ltr'>θυμὸν</span> <span class='ocrx_word' id='word_1_280' title='bbox 1050 2571 1223 2640; x_wconf 82' lang='grc' dir='ltr'>Ἀρης</span> <span class='ocrx_word' id='word_1_281' title='bbox 1267 2567 1398 2639; x_wconf 78' lang='grc'>(75),</span> <span class='ocrx_word' id='word_1_282' title='bbox 1433 2566 1600 2636; x_wconf 81' lang='grc' dir='ltr'>μέθην</span> <span class='ocrx_word' id='word_1_283' title='bbox 1628 2565 1744 2617; x_wconf 84' lang='grc' dir='ltr'><strong>Διό-</strong></span> 
     </span>
    </p>
   </div>
   <div class='ocr_carea' id='block_1_41' title="bbox 198 2655 1742 2734">
    <p class='ocr_par' dir='ltr' id='par_1_41' title="bbox 198 2655 1742 2734">
     <span class='ocr_line' id='line_1_41' title="bbox 198 2655 1742 2734; baseline -0.006 -18"><span class='ocrx_word' id='word_1_284' title='bbox 198 2681 354 2727; x_wconf 84' lang='grc' dir='ltr'>νυσος,</span> <span class='ocrx_word' id='word_1_285' title='bbox 404 2663 720 2734; x_wconf 83' lang='grc' dir='ltr'>μισοξενίαν</span> <span class='ocrx_word' id='word_1_286' title='bbox 761 2663 1056 2732; x_wconf 80' lang='grc' dir='ltr'>Ἀρτεμις,</span> <span class='ocrx_word' id='word_1_287' title='bbox 1097 2660 1312 2729; x_wconf 79' lang='grc' dir='ltr'>ἀπάτην</span> <span class='ocrx_word' id='word_1_288' title='bbox 1341 2661 1369 2712; x_wconf 88' lang='lat'><strong>6</strong></span> <span class='ocrx_word' id='word_1_289' title='bbox 1410 2657 1589 2721; x_wconf 80' lang='grc' dir='ltr'>λοξίας</span> <span class='ocrx_word' id='word_1_290' title='bbox 1633 2655 1742 2725; x_wconf 72' lang='grc'>(74)</span> 
     </span>
    </p>
   </div>
   <div class='ocr_carea' id='block_1_42' title="bbox 198 2751 1743 2825">
    <p class='ocr_par' dir='ltr' id='par_1_42' title="bbox 198 2751 1743 2825">
     <span class='ocr_line' id='line_1_42' title="bbox 198 2751 1743 2825; baseline -0.005 -19"><span class='ocrx_word' id='word_1_291' title='bbox 198 2755 354 2806; x_wconf 81' lang='grc' dir='ltr'>αὐτῶν</span> <span class='ocrx_word' id='word_1_292' title='bbox 401 2754 799 2825; x_wconf 76' lang='grc' dir='ltr'>χρησμολόγος,</span> <span class='ocrx_word' id='word_1_293' title='bbox 837 2753 1069 2822; x_wconf 79' lang='grc' dir='ltr'>γέλωτος</span> <span class='ocrx_word' id='word_1_294' title='bbox 1118 2751 1382 2822; x_wconf 80' lang='grc' dir='ltr'>ἀμετρίαν</span> <span class='ocrx_word' id='word_1_295' title='bbox 1427 2751 1455 2801; x_wconf 91' lang='lat'><strong>6</strong></span> <span class='ocrx_word' id='word_1_296' title='bbox 1494 2765 1743 2818; x_wconf 81' lang='grc' dir='ltr'><strong>καταχω⁶</strong></span> 
     </span>
    </p>
   </div>
   <div class='ocr_carea' id='block_1_43' title="bbox 198 2843 1745 2915">
    <p class='ocr_par' dir='ltr' id='par_1_43' title="bbox 198 2843 1745 2915">
     <span class='ocr_line' id='line_1_43' title="bbox 198 2843 1745 2915; baseline 0.006 -33"><span class='ocrx_word' id='word_1_297' title='bbox 198 2845 346 2898; x_wconf 64' lang='grc' dir='ltr'>λεύων</span> <span class='ocrx_word' id='word_1_298' title='bbox 374 2845 517 2910; x_wconf 49' lang='grc' dir='ltr'>θεὸς,</span> <span class='ocrx_word' id='word_1_299' title='bbox 556 2845 664 2896; x_wconf 78' lang='grc' dir='ltr'><strong>τῶν</strong></span> <span class='ocrx_word' id='word_1_300' title='bbox 690 2844 825 2898; x_wconf 76' lang='grc' dir='ltr'>θεῶν</span> <span class='ocrx_word' id='word_1_301' title='bbox 849 2844 1224 2915; x_wconf 77' lang='grc' dir='ltr'>λυπουμένων,</span> <span class='ocrx_word' id='word_1_302' title='bbox 1251 2843 1346 2895; x_wconf 71' lang='grc' dir='ltr'><strong>καὶ</strong></span> <span class='ocrx_word' id='word_1_303' title='bbox 1384 2843 1601 2912; x_wconf 83' lang='grc' dir='ltr'>ἀραιαῖς</span> <span class='ocrx_word' id='word_1_304' title='bbox 1628 2843 1745 2904; x_wconf 84' lang='grc' dir='ltr'>ταῖς</span> 
     </span>
    </p>
   </div>
   <div class='ocr_carea' id='block_1_44' title="bbox 199 2931 1747 3006">
    <p class='ocr_par' dir='ltr' id='par_1_44' title="bbox 199 2931 1747 3006">
     <span class='ocr_line' id='line_1_44' title="bbox 199 2931 1747 3006; baseline -0.001 -20"><span class='ocrx_word' id='word_1_305' title='bbox 199 2936 408 3005; x_wconf 74' lang='grc' dir='ltr'>κνήμαις</span> <span class='ocrx_word' id='word_1_306' title='bbox 471 2935 982 3006; x_wconf 80' lang='grc' dir='ltr'>ὲπιῤῥωννύμενος·</span> <span class='ocrx_word' id='word_1_307' title='bbox 1042 2931 1482 3004; x_wconf 66' lang='grc' dir='ltr'>γαστριμαργίαν</span> <span class='ocrx_word' id='word_1_308' title='bbox 1533 2934 1560 2984; x_wconf 94' lang='lat'><strong>6</strong></span> <span class='ocrx_word' id='word_1_309' title='bbox 1614 2933 1747 2994; x_wconf 81' lang='grc' dir='ltr'>Ζεὺς</span> 
     </span>
    </p>
   </div>
   <div class='ocr_carea' id='block_1_45' title="bbox 199 3023 1748 3097">
    <p class='ocr_par' dir='ltr' id='par_1_45' title="bbox 199 3023 1748 3097">
     <span class='ocr_line' id='line_1_45' title="bbox 199 3023 1748 3097; baseline -0.003 -19"><span class='ocrx_word' id='word_1_310' title='bbox 199 3027 276 3080; x_wconf 72' lang='grc' dir='ltr'>ἐπὶ</span> <span class='ocrx_word' id='word_1_311' title='bbox 298 3029 446 3081; x_wconf 80' lang='grc' dir='ltr'>δαῖτα</span> <span class='ocrx_word' id='word_1_312' title='bbox 473 3027 712 3097; x_wconf 75' lang='grc' dir='ltr'>λιπαρὰν</span> <span class='ocrx_word' id='word_1_313' title='bbox 755 3027 962 3097; x_wconf 84' lang='grc' dir='ltr'>τρέχων</span> <span class='ocrx_word' id='word_1_314' title='bbox 1002 3028 1117 3096; x_wconf 88' lang='grc' dir='ltr'>μετ’</span> <span class='ocrx_word' id='word_1_315' title='bbox 1144 3024 1426 3094; x_wconf 84' lang='grc' dir='ltr'>ἀμύμονας</span> <span class='ocrx_word' id='word_1_316' title='bbox 1456 3023 1748 3094; x_wconf 81' lang='grc' dir='ltr'>Αἰθιοπῆας</span> 
     </span>
    </p>
   </div>
   <div class='ocr_carea' id='block_1_46' title="bbox 201 3113 1749 3189">
    <p class='ocr_par' dir='ltr' id='par_1_46' title="bbox 201 3113 1749 3189">
     <span class='ocr_line' id='line_1_46' title="bbox 201 3113 1749 3189; baseline -0.003 -19"><span class='ocrx_word' id='word_1_317' title='bbox 201 3120 282 3171; x_wconf 74' lang='grc' dir='ltr'><strong>σὺν</strong></span> <span class='ocrx_word' id='word_1_318' title='bbox 319 3122 425 3184; x_wconf 83' lang='grc' dir='ltr'>τοῖς</span> <span class='ocrx_word' id='word_1_319' title='bbox 471 3119 680 3182; x_wconf 69' lang='grc' dir='ltr'>λοιποῖς</span> <span class='ocrx_word' id='word_1_320' title='bbox 726 3118 1006 3189; x_wconf 63' lang='grc' dir='ltr'>δαίμοσιν·</span> <span class='ocrx_word' id='word_1_321' title='bbox 1051 3119 1079 3170; x_wconf 88' lang='grc' dir='ltr'>ὁ</span> <span class='ocrx_word' id='word_1_322' title='bbox 1133 3116 1418 3178; x_wconf 88' lang='grc' dir='ltr'>Βουθοίνας</span> <span class='ocrx_word' id='word_1_323' title='bbox 1471 3115 1615 3185; x_wconf 80' lang='grc'>(75),</span> <span class='ocrx_word' id='word_1_324' title='bbox 1659 3113 1749 3167; x_wconf 83' lang='grc' dir='ltr'><strong>τὸν</strong></span> 
     </span>
    </p>
   </div>
   <div class='ocr_carea' id='block_1_47' title="bbox 1848 1927 3407 2005">
    <p class='ocr_par' dir='ltr' id='par_1_47' title="bbox 1848 1927 3407 2005">
     <span class='ocr_line' id='line_1_47' title="bbox 1848 1927 3407 2005; baseline -0.015 -10"><span class='ocrx_word' id='word_1_325' title='bbox 1848 1941 2097 2000; x_wconf 81' lang='lat' dir='ltr'><strong>suadeat,</strong></span> <span class='ocrx_word' id='word_1_326' title='bbox 2137 1935 2352 2005; x_wconf 86' lang='lat' dir='ltr'><strong>Jupiter</strong></span> <span class='ocrx_word' id='word_1_327' title='bbox 2380 1932 2660 1995; x_wconf 88' lang='lat' dir='ltr'><strong>nimirum,</strong></span> <span class='ocrx_word' id='word_1_328' title='bbox 2713 1929 2784 1984; x_wconf 91' lang='lat' dir='ltr'><strong>ob</strong></span> <span class='ocrx_word' id='word_1_329' title='bbox 2817 1927 3136 1982; x_wconf 89' lang='lat' dir='ltr'><strong>feminarum</strong></span> <span class='ocrx_word' id='word_1_330' title='bbox 3168 1934 3407 1976; x_wconf 89' lang='lat' dir='ltr'><strong>amorem</strong></span> 
     </span>
    </p>
   </div>
   <div class='ocr_carea' id='block_1_48' title="bbox 1847 2014 3409 2103">
    <p class='ocr_par' dir='ltr' id='par_1_48' title="bbox 1847 2014 3409 2103">
     <span class='ocr_line' id='line_1_48' title="bbox 1847 2014 3409 2103; baseline -0.015 -15"><span class='ocrx_word' id='word_1_331' title='bbox 1847 2030 2143 2103; x_wconf 89' lang='lat' dir='ltr'><strong>quamlibet</strong></span> <span class='ocrx_word' id='word_1_332' title='bbox 2192 2029 2421 2082; x_wconf 88' lang='lat' dir='ltr'><strong>formam</strong></span> <span class='ocrx_word' id='word_1_333' title='bbox 2454 2023 2680 2079; x_wconf 89' lang='lat' dir='ltr'><strong>subinde</strong></span> <span class='ocrx_word' id='word_1_334' title='bbox 2715 2021 2964 2083; x_wconf 89' lang='lat' dir='ltr'><strong>induens,</strong></span> <span class='ocrx_word' id='word_1_335' title='bbox 3004 2027 3058 2072; x_wconf 92' lang='lat' dir='ltr'><strong>et</strong></span> <span class='ocrx_word' id='word_1_336' title='bbox 3104 2014 3409 2084; x_wconf 81' lang='lat' dir='ltr'><strong>Phrygibus</strong></span> 
     </span>
    </p>
   </div>
   <div class='ocr_carea' id='block_1_49' title="bbox 1849 2104 3410 2182">
    <p class='ocr_par' dir='ltr' id='par_1_49' title="bbox 1849 2104 3410 2182">
     <span class='ocr_line' id='line_1_49' title="bbox 1849 2104 3410 2182; baseline -0.013 -5"><span class='ocrx_word' id='word_1_337' title='bbox 1849 2119 2262 2177; x_wconf 85' lang='lat' dir='ltr'><strong>adolescentulis</strong></span> <span class='ocrx_word' id='word_1_338' title='bbox 2288 2114 2523 2170; x_wconf 86' lang='lat' dir='ltr'><strong>amatrix</strong></span> <span class='ocrx_word' id='word_1_339' title='bbox 2555 2111 2733 2182; x_wconf 89' lang='lat' dir='ltr'><strong>aquila</strong></span> <span class='ocrx_word' id='word_1_340' title='bbox 2767 2109 2942 2164; x_wconf 87' lang='lat' dir='ltr'><strong>factus</strong></span> <span class='ocrx_word' id='word_1_341' title='bbox 3001 2108 3091 2174; x_wconf 86' lang='lat' dir='ltr'><strong>(ut</strong></span> <span class='ocrx_word' id='word_1_342' title='bbox 3118 2107 3213 2171; x_wconf 90' lang='lat' dir='ltr'><strong>dii,</strong></span> <span class='ocrx_word' id='word_1_343' title='bbox 3264 2104 3410 2158; x_wconf 86' lang='lat' dir='ltr'><strong>Jovis</strong></span> 
     </span>
    </p>
   </div>
   <div class='ocr_carea' id='block_1_50' title="bbox 1846 2197 3411 2272">
    <p class='ocr_par' dir='ltr' id='par_1_50' title="bbox 1846 2197 3411 2272">
     <span class='ocr_line' id='line_1_50' title="bbox 1846 2197 3411 2272; baseline -0.011 -5"><span class='ocrx_word' id='word_1_344' title='bbox 1846 2213 2060 2268; x_wconf 68' lang='lat' dir='ltr'><strong>cinaedis</strong></span> <span class='ocrx_word' id='word_1_345' title='bbox 2086 2210 2264 2262; x_wconf 90' lang='lat' dir='ltr'><strong>vinum</strong></span> <span class='ocrx_word' id='word_1_346' title='bbox 2291 2203 2662 2269; x_wconf 86' lang='lat' dir='ltr'><strong>fundentibus,</strong></span> <span class='ocrx_word' id='word_1_347' title='bbox 2715 2199 2873 2272; x_wconf 63' lang='grc'><strong>146</strong></span> <span class='ocrx_word' id='word_1_348' title='bbox 2898 2215 3058 2268; x_wconf 89' lang='lat' dir='ltr'><strong>quam</strong></span> <span class='ocrx_word' id='word_1_349' title='bbox 3090 2197 3411 2254; x_wconf 85' lang='lat' dir='ltr'><strong>suavissime</strong></span> 
     </span>
    </p>
   </div>
   <div class='ocr_carea' id='block_1_51' title="bbox 1846 2289 3412 2372">
    <p class='ocr_par' dir='ltr' id='par_1_51' title="bbox 1846 2289 3412 2372">
     <span class='ocr_line' id='line_1_51' title="bbox 1846 2289 3412 2372; baseline -0.012 -13"><span class='ocrx_word' id='word_1_350' title='bbox 1846 2300 2252 2372; x_wconf 83' lang='lat' dir='ltr'><strong>computarent)</strong></span> <span class='ocrx_word' id='word_1_351' title='bbox 2297 2317 2312 2353; x_wconf 88' lang='lat'><strong>:</strong></span> <span class='ocrx_word' id='word_1_352' title='bbox 2363 2313 2426 2352; x_wconf 89' lang='lat' dir='ltr'><strong>ac</strong></span> <span class='ocrx_word' id='word_1_353' title='bbox 2477 2296 2836 2365; x_wconf 85' lang='lat' dir='ltr'><strong>Trivesperus</strong></span> <span class='ocrx_word' id='word_1_354' title='bbox 2891 2293 2980 2347; x_wconf 91' lang='lat' dir='ltr'><strong>ille</strong></span> <span class='ocrx_word' id='word_1_355' title='bbox 3027 2289 3304 2351; x_wconf 89' lang='lat' dir='ltr'><strong>llercules,</strong></span> <span class='ocrx_word' id='word_1_356' title='bbox 3357 2289 3412 2342; x_wconf 89' lang='lat' dir='ltr'><strong>in</strong></span> 
     </span>
    </p>
   </div>
   <div class='ocr_carea' id='block_1_52' title="bbox 1847 2388 3410 2465">
    <p class='ocr_par' dir='ltr' id='par_1_52' title="bbox 1847 2388 3410 2465">
     <span class='ocr_line' id='line_1_52' title="bbox 1847 2388 3410 2465; baseline -0.01 -16"><span class='ocrx_word' id='word_1_357' title='bbox 1847 2394 2236 2465; x_wconf 72' lang='lat' dir='ltr'><strong>quinquaginta</strong></span> <span class='ocrx_word' id='word_1_358' title='bbox 2268 2389 2475 2445; x_wconf 86' lang='lat' dir='ltr'><strong>Thestii</strong></span> <span class='ocrx_word' id='word_1_359' title='bbox 2511 2388 2723 2442; x_wconf 87' lang='lat' dir='ltr'><strong>filiabus</strong></span> <span class='ocrx_word' id='word_1_360' title='bbox 2749 2401 2854 2440; x_wconf 90' lang='lat' dir='ltr'><strong>una</strong></span> <span class='ocrx_word' id='word_1_361' title='bbox 2887 2393 3047 2439; x_wconf 72' lang='lat' dir='ltr'><strong>nocte</strong></span> <span class='ocrx_word' id='word_1_362' title='bbox 3077 2391 3313 2445; x_wconf 85' lang='lat' dir='ltr'><strong>certans,</strong></span> <span class='ocrx_word' id='word_1_363' title='bbox 3347 2395 3410 2435; x_wconf 88' lang='lat' dir='ltr'><strong>ac</strong></span> 
     </span>
    </p>
   </div>
   <div class='ocr_carea' id='block_1_53' title="bbox 1849 2472 3414 2543">
    <p class='ocr_par' dir='ltr' id='par_1_53' title="bbox 1849 2472 3414 2543">
     <span class='ocr_line' id='line_1_53' title="bbox 1849 2472 3414 2543; baseline -0.012 -1"><span class='ocrx_word' id='word_1_364' title='bbox 1849 2489 2112 2543; x_wconf 90' lang='lat' dir='ltr'><strong>decimum</strong></span> <span class='ocrx_word' id='word_1_365' title='bbox 2166 2482 2382 2536; x_wconf 89' lang='lat' dir='ltr'><strong>tertium</strong></span> <span class='ocrx_word' id='word_1_366' title='bbox 2441 2481 2542 2534; x_wconf 89' lang='lat' dir='ltr'><strong>hoc</strong></span> <span class='ocrx_word' id='word_1_367' title='bbox 2595 2487 2865 2533; x_wconf 84' lang='lat' dir='ltr'><strong>certamen</strong></span> <span class='ocrx_word' id='word_1_368' title='bbox 2917 2475 3227 2535; x_wconf 86' lang='lat' dir='ltr'><strong>conficiens,</strong></span> <span class='ocrx_word' id='word_1_369' title='bbox 3272 2472 3414 2541; x_wconf 85' lang='lat' dir='ltr'><strong>quod</strong></span> 
     </span>
    </p>
   </div>
   <div class='ocr_carea' id='block_1_54' title="bbox 1848 2571 3416 2648">
    <p class='ocr_par' dir='ltr' id='par_1_54' title="bbox 1848 2571 3416 2648">
     <span class='ocr_line' id='line_1_54' title="bbox 1848 2571 3416 2648; baseline -0.01 -11"><span class='ocrx_word' id='word_1_370' title='bbox 1848 2582 1991 2637; x_wconf 85' lang='lat' dir='ltr'><strong>haud</strong></span> <span class='ocrx_word' id='word_1_371' title='bbox 2036 2579 2149 2636; x_wconf 92' lang='lat' dir='ltr'><strong>scio</strong></span> <span class='ocrx_word' id='word_1_372' title='bbox 2198 2591 2367 2648; x_wconf 86' lang='lat' dir='ltr'><strong>quare</strong></span> <span class='ocrx_word' id='word_1_373' title='bbox 2455 2576 2508 2629; x_wconf 91' lang='lat' dir='ltr'><strong>in</strong></span> <span class='ocrx_word' id='word_1_374' title='bbox 2556 2572 2913 2629; x_wconf 86' lang='lat' dir='ltr'><strong>certaminum</strong></span> <span class='ocrx_word' id='word_1_375' title='bbox 2975 2571 3144 2638; x_wconf 89' lang='lat' dir='ltr'><strong>ipsius</strong></span> <span class='ocrx_word' id='word_1_376' title='bbox 3191 2583 3416 2624; x_wconf 90' lang='lat' dir='ltr'><strong>numero</strong></span> 
     </span>
    </p>
   </div>
   <div class='ocr_carea' id='block_1_55' title="bbox 1849 2661 3417 2742">
    <p class='ocr_par' dir='ltr' id='par_1_55' title="bbox 1849 2661 3417 2742">
     <span class='ocr_line' id='line_1_55' title="bbox 1849 2661 3417 2742; baseline -0.011 -14"><span class='ocrx_word' id='word_1_377' title='bbox 1849 2673 2012 2729; x_wconf 87' lang='lat' dir='ltr'><strong>fuerit</strong></span> <span class='ocrx_word' id='word_1_378' title='bbox 2044 2669 2488 2742; x_wconf 60' lang='lat' dir='ltr'><strong>praetermissum.</strong></span> <span class='ocrx_word' id='word_1_379' title='bbox 2533 2665 2672 2719; x_wconf 91' lang='lat' dir='ltr'><strong>Iram</strong></span> <span class='ocrx_word' id='word_1_380' title='bbox 2704 2664 2846 2717; x_wconf 81' lang='lat' dir='ltr'><strong>Mars</strong></span> <span class='ocrx_word' id='word_1_381' title='bbox 2899 2661 3193 2729; x_wconf 89' lang='lat' dir='ltr'><strong>reprimat.</strong></span> <span class='ocrx_word' id='word_1_382' title='bbox 3245 2663 3417 2713; x_wconf 76' lang='lat' dir='ltr'><strong>temu-</strong></span> 
     </span>
    </p>
   </div>
   <div class='ocr_carea' id='block_1_56' title="bbox 1851 2751 3416 2825">
    <p class='ocr_par' dir='ltr' id='par_1_56' title="bbox 1851 2751 3416 2825">
     <span class='ocr_line' id='line_1_56' title="bbox 1851 2751 3416 2825; baseline -0.011 -6"><span class='ocrx_word' id='word_1_383' title='bbox 1851 2763 2070 2819; x_wconf 88' lang='lat' dir='ltr'><strong>Ientiam</strong></span> <span class='ocrx_word' id='word_1_384' title='bbox 2109 2760 2376 2822; x_wconf 85' lang='lat' dir='ltr'><strong>Bacchus,</strong></span> <span class='ocrx_word' id='word_1_385' title='bbox 2408 2758 2677 2825; x_wconf 83' lang='lat' dir='ltr'><strong>hOSpitum</strong></span> <span class='ocrx_word' id='word_1_386' title='bbox 2723 2754 2903 2808; x_wconf 88' lang='lat' dir='ltr'><strong>odium</strong></span> <span class='ocrx_word' id='word_1_387' title='bbox 2941 2754 3128 2815; x_wconf 88' lang='lat' dir='ltr'><strong>Diana,</strong></span> <span class='ocrx_word' id='word_1_388' title='bbox 3172 2751 3416 2804; x_wconf 85' lang='lat' dir='ltr'><strong>fraudem</strong></span> 
     </span>
    </p>
   </div>
   <div class='ocr_carea' id='block_1_57' title="bbox 1851 2843 3418 2922">
    <p class='ocr_par' dir='ltr' id='par_1_57' title="bbox 1851 2843 3418 2922">
     <span class='ocr_line' id='line_1_57' title="bbox 1851 2843 3418 2922; baseline -0.008 -14"><span class='ocrx_word' id='word_1_389' title='bbox 1851 2855 2099 2922; x_wconf 91' lang='lat' dir='ltr'><strong>obliquus</strong></span> <span class='ocrx_word' id='word_1_390' title='bbox 2156 2851 2247 2906; x_wconf 91' lang='lat' dir='ltr'><strong>ille</strong></span> <span class='ocrx_word' id='word_1_391' title='bbox 2304 2851 2544 2920; x_wconf 91' lang='lat' dir='ltr'><strong>ipsorum</strong></span> <span class='ocrx_word' id='word_1_392' title='bbox 2618 2855 2802 2910; x_wconf 86' lang='lat' dir='ltr'><strong>vates,</strong></span> <span class='ocrx_word' id='word_1_393' title='bbox 2862 2845 3002 2899; x_wconf 88' lang='lat' dir='ltr'><strong>risus</strong></span> <span class='ocrx_word' id='word_1_394' title='bbox 3066 2843 3418 2912; x_wconf 86' lang='lat' dir='ltr'><strong>petulantiam</strong></span> 
     </span>
    </p>
   </div>
   <div class='ocr_carea' id='block_1_58' title="bbox 1853 2934 3417 3008">
    <p class='ocr_par' dir='ltr' id='par_1_58' title="bbox 1853 2934 3417 3008">
     <span class='ocr_line' id='line_1_58' title="bbox 1853 2934 3417 3008; baseline -0.01 -6"><span class='ocrx_word' id='word_1_395' title='bbox 1853 2947 1984 3002; x_wconf 89' lang='lat' dir='ltr'><strong>deus</strong></span> <span class='ocrx_word' id='word_1_396' title='bbox 2013 2945 2123 3008; x_wconf 90' lang='lat' dir='ltr'><strong>ille,</strong></span> <span class='ocrx_word' id='word_1_397' title='bbox 2172 2941 2524 2997; x_wconf 62' lang='lat' dir='ltr'><strong>manentibus</strong></span> <span class='ocrx_word' id='word_1_398' title='bbox 2563 2938 2683 2993; x_wconf 88' lang='lat' dir='ltr'><strong>aliis</strong></span> <span class='ocrx_word' id='word_1_399' title='bbox 2714 2938 2837 3002; x_wconf 86' lang='lat' dir='ltr'><strong>diis,</strong></span> <span class='ocrx_word' id='word_1_400' title='bbox 2878 2936 3210 2999; x_wconf 87' lang='lat' dir='ltr'><strong>claudicans,</strong></span> <span class='ocrx_word' id='word_1_401' title='bbox 3245 2934 3417 2988; x_wconf 90' lang='lat' dir='ltr'><strong>raris-</strong></span> 
     </span>
    </p>
   </div>
   <div class='ocr_carea' id='block_1_59' title="bbox 1854 3024 3405 3108">
    <p class='ocr_par' dir='ltr' id='par_1_59' title="bbox 1854 3024 3405 3108">
     <span class='ocr_line' id='line_1_59' title="bbox 1854 3024 3405 3108; baseline -0.01 -15"><span class='ocrx_word' id='word_1_402' title='bbox 1854 3054 1957 3108; x_wconf 86' lang='lat' dir='ltr'><strong>que</strong></span> <span class='ocrx_word' id='word_1_403' title='bbox 1989 3045 2042 3091; x_wconf 90' lang='lat' dir='ltr'><strong>et</strong></span> <span class='ocrx_word' id='word_1_404' title='bbox 2074 3033 2320 3089; x_wconf 89' lang='lat' dir='ltr'><strong>tenuibus</strong></span> <span class='ocrx_word' id='word_1_405' title='bbox 2351 3031 2503 3086; x_wconf 91' lang='lat' dir='ltr'><strong>tibiis</strong></span> <span class='ocrx_word' id='word_1_406' title='bbox 2536 3031 2804 3084; x_wconf 86' lang='lat' dir='ltr'><strong>innitens:</strong></span> <span class='ocrx_word' id='word_1_407' title='bbox 2844 3027 3135 3098; x_wconf 80' lang='lat' dir='ltr'><strong>ingluviem</strong></span> <span class='ocrx_word' id='word_1_408' title='bbox 3169 3024 3405 3093; x_wconf 87' lang='lat' dir='ltr'><strong>Jupiter,</strong></span> 
     </span>
    </p>
   </div>
   <div class='ocr_carea' id='block_1_60' title="bbox 1856 3115 3417 3200">
    <p class='ocr_par' dir='ltr' id='par_1_60' title="bbox 1856 3115 3417 3200">
     <span class='ocr_line' id='line_1_60' title="bbox 1856 3115 3417 3200; baseline -0.01 -18"><span class='ocrx_word' id='word_1_409' title='bbox 1856 3128 2069 3200; x_wconf 82' lang='lat' dir='ltr'><strong>pinguis</strong></span> <span class='ocrx_word' id='word_1_410' title='bbox 2101 3121 2335 3180; x_wconf 79' lang='lat' dir='ltr'><strong>convivii</strong></span> <span class='ocrx_word' id='word_1_411' title='bbox 2377 3135 2563 3182; x_wconf 85' lang='lat' dir='ltr'><strong>causa,</strong></span> <span class='ocrx_word' id='word_1_412' title='bbox 2609 3118 2767 3174; x_wconf 91' lang='lat' dir='ltr'><strong>simul</strong></span> <span class='ocrx_word' id='word_1_413' title='bbox 2809 3133 2930 3173; x_wconf 90' lang='lat' dir='ltr'><strong>cum</strong></span> <span class='ocrx_word' id='word_1_414' title='bbox 2965 3115 3184 3185; x_wconf 90' lang='lat' dir='ltr'><strong>reliquis</strong></span> <span class='ocrx_word' id='word_1_415' title='bbox 3214 3115 3417 3168; x_wconf 77' lang='lat' dir='ltr'><strong>daemo-</strong></span> 
     </span>
    </p>
   </div>
   <div class='ocr_carea' id='block_1_61' title="bbox 201 3206 1752 3284">
    <p class='ocr_par' dir='ltr' id='par_1_61' title="bbox 201 3206 1751 3281">
     <span class='ocr_line' id='line_1_61' title="bbox 201 3206 1751 3281; baseline -0.003 -18"><span class='ocrx_word' id='word_1_416' title='bbox 201 3212 419 3281; x_wconf 79' lang='grc' dir='ltr'>γεωργὸν</span> <span class='ocrx_word' id='word_1_417' title='bbox 493 3212 872 3281; x_wconf 80' lang='grc' dir='ltr'>τυραννήσας,</span> <span class='ocrx_word' id='word_1_418' title='bbox 927 3210 1021 3262; x_wconf 73' lang='grc' dir='ltr'><strong>καὶ</strong></span> <span class='ocrx_word' id='word_1_419' title='bbox 1085 3208 1176 3262; x_wconf 82' lang='grc' dir='ltr'><strong>τὸν</strong></span> <span class='ocrx_word' id='word_1_420' title='bbox 1227 3207 1427 3279; x_wconf 82' lang='grc' dir='ltr'>ἀρότην</span> <span class='ocrx_word' id='word_1_421' title='bbox 1478 3206 1602 3276; x_wconf 78' lang='grc' dir='ltr'>βοῦν</span> <span class='ocrx_word' id='word_1_422' title='bbox 1655 3206 1751 3258; x_wconf 90' lang='grc' dir='ltr'>λα-</span> 
     </span>
    </p>
   </div>
   <div class='ocr_carea' id='block_1_62' title="bbox 1862 3206 3418 3284">
    <p class='ocr_par' dir='ltr' id='par_1_62' title="bbox 1862 3207 3418 3284">
     <span class='ocr_line' id='line_1_62' title="bbox 1862 3207 3418 3284; baseline -0.01 -10"><span class='ocrx_word' id='word_1_423' title='bbox 1862 3221 2016 3276; x_wconf 72' lang='lat' dir='ltr'><strong>nibus</strong></span> <span class='ocrx_word' id='word_1_424' title='bbox 2047 3218 2123 3273; x_wconf 90' lang='lat' dir='ltr'><strong>ad.</strong></span> <span class='ocrx_word' id='word_1_425' title='bbox 2154 3214 2459 3284; x_wconf 88' lang='lat' dir='ltr'><strong>incnlpatos</strong></span> <span class='ocrx_word' id='word_1_426' title='bbox 2507 3211 2791 3281; x_wconf 68' lang='lat' dir='ltr'><strong>IEthiopes</strong></span> <span class='ocrx_word' id='word_1_427' title='bbox 2832 3225 3087 3272; x_wconf 88' lang='lat' dir='ltr'><strong>currens;</strong></span> <span class='ocrx_word' id='word_1_428' title='bbox 3120 3207 3418 3262; x_wconf 85' lang='lat' dir='ltr'><strong>Buthoenas</strong></span> 
     </span>
    </p>
   </div>
   <div class='ocr_carea' id='block_1_63' title="bbox 200 3295 1754 3372">
    <p class='ocr_par' dir='ltr' id='par_1_63' title="bbox 200 3295 1754 3372">
     <span class='ocr_line' id='line_1_63' title="bbox 200 3295 1754 3372; baseline -0.003 -20"><span class='ocrx_word' id='word_1_429' title='bbox 200 3302 370 3369; x_wconf 62' lang='grc' dir='ltr'>φᾴξας,</span> <span class='ocrx_word' id='word_1_430' title='bbox 409 3302 505 3354; x_wconf 76' lang='grc' dir='ltr'>καὶ</span> <span class='ocrx_word' id='word_1_431' title='bbox 552 3301 650 3372; x_wconf 83' lang='grc' dir='ltr'>τὴν</span> <span class='ocrx_word' id='word_1_432' title='bbox 690 3301 878 3370; x_wconf 79' lang='grc' dir='ltr'>κλῆσιν</span> <span class='ocrx_word' id='word_1_433' title='bbox 918 3297 1094 3352; x_wconf 73' lang='grc' dir='ltr'>λαϐὼν</span> <span class='ocrx_word' id='word_1_434' title='bbox 1132 3300 1196 3350; x_wconf 80' lang='grc' dir='ltr'><strong>ἐκ</strong></span> <span class='ocrx_word' id='word_1_435' title='bbox 1232 3298 1330 3367; x_wconf 83' lang='grc' dir='ltr'>τῆς</span> <span class='ocrx_word' id='word_1_436' title='bbox 1359 3295 1626 3367; x_wconf 82' lang='grc' dir='ltr'>πράξεως,</span> <span class='ocrx_word' id='word_1_437' title='bbox 1663 3295 1754 3348; x_wconf 82' lang='grc' dir='ltr'><strong>καὶ</strong></span> 
     </span>
    </p>
   </div>
   <div class='ocr_carea' id='block_1_64' title="bbox 202 3387 1754 3459">
    <p class='ocr_par' dir='ltr' id='par_1_64' title="bbox 202 3387 1754 3459">
     <span class='ocr_line' id='line_1_64' title="bbox 202 3387 1754 3459; baseline -0.005 -13"><span class='ocrx_word' id='word_1_438' title='bbox 202 3396 378 3458; x_wconf 76' lang='grc' dir='ltr'>πάντες</span> <span class='ocrx_word' id='word_1_439' title='bbox 431 3398 560 3459; x_wconf 82' lang='grc' dir='ltr'>ταῖς</span> <span class='ocrx_word' id='word_1_440' title='bbox 627 3395 870 3454; x_wconf 85' lang='grc' dir='ltr'>κνίσσαις</span> <span class='ocrx_word' id='word_1_441' title='bbox 929 3391 1020 3444; x_wconf 78' lang='grc' dir='ltr'><strong>καὶ</strong></span> <span class='ocrx_word' id='word_1_442' title='bbox 1077 3393 1196 3453; x_wconf 86' lang='grc' dir='ltr'>ταῖς</span> <span class='ocrx_word' id='word_1_443' title='bbox 1265 3389 1469 3452; x_wconf 71' lang='grc' dir='ltr'>λοιϐαῖς</span> <span class='ocrx_word' id='word_1_444' title='bbox 1534 3387 1754 3457; x_wconf 78' lang='grc' dir='ltr'>ἐπιτρέο</span> 
     </span>
    </p>
   </div>
   <div class='ocr_carea' id='block_1_65' title="bbox 204 3502 387 3553">
    <p class='ocr_par' dir='ltr' id='par_1_65' title="bbox 204 3502 387 3553">
     <span class='ocr_line' id='line_1_65' title="bbox 204 3502 387 3553; baseline 0.011 -17"><span class='ocrx_word' id='word_1_445' title='bbox 204 3502 387 3553; x_wconf 82' lang='grc' dir='ltr'>χοντες.</span> 
     </span>
    </p>
   </div>
   <div class='ocr_carea' id='block_1_66' title="bbox 262 3672 1758 3745">
    <p class='ocr_par' dir='ltr' id='par_1_66' title="bbox 262 3672 1758 3745">
     <span class='ocr_line' id='line_1_66' title="bbox 262 3672 1758 3745; baseline -0.008 -9"><span class='ocrx_word' id='word_1_446' title='bbox 262 3684 424 3740; x_wconf 80' lang='lat' dir='ltr'><strong>PKI&quot;.</strong></span> <span class='ocrx_word' id='word_1_447' title='bbox 466 3686 666 3737; x_wconf 78' lang='grc' dir='ltr'>Καίτοι</span> <span class='ocrx_word' id='word_1_448' title='bbox 717 3680 834 3744; x_wconf 84' lang='grc' dir='ltr'><strong>πῶς</strong></span> <span class='ocrx_word' id='word_1_449' title='bbox 882 3678 1054 3730; x_wconf 77' lang='grc' dir='ltr'>ταῦτα</span> <span class='ocrx_word' id='word_1_450' title='bbox 1100 3674 1205 3728; x_wconf 81' lang='grc' dir='ltr'><strong>τῶν</strong></span> <span class='ocrx_word' id='word_1_451' title='bbox 1251 3675 1531 3745; x_wconf 75' lang='grc' dir='ltr'>ἡμετέρων</span> <span class='ocrx_word' id='word_1_452' title='bbox 1571 3672 1758 3740; x_wconf 72' lang='grc' dir='ltr'>ἐγγὺς,</span> 
     </span>
    </p>
   </div>
   <div class='ocr_carea' id='block_1_67' title="bbox 200 3762 1762 3846">
    <p class='ocr_par' dir='ltr' id='par_1_67' title="bbox 200 3762 1762 3846">
     <span class='ocr_line' id='line_1_67' title="bbox 200 3762 1762 3846; baseline -0.008 -20"><span class='ocrx_word' id='word_1_453' title='bbox 200 3769 270 3837; x_wconf 78' lang='grc' dir='ltr'><strong>οἷς</strong></span> <span class='ocrx_word' id='word_1_454' title='bbox 313 3776 434 3846; x_wconf 80' lang='grc' dir='ltr'>ὄρος</span> <span class='ocrx_word' id='word_1_455' title='bbox 481 3773 587 3845; x_wconf 81' lang='grc' dir='ltr'><strong>μὲν</strong></span> <span class='ocrx_word' id='word_1_456' title='bbox 639 3771 818 3841; x_wconf 79' lang='grc' dir='ltr'>φιλίας</span> <span class='ocrx_word' id='word_1_457' title='bbox 868 3767 978 3839; x_wconf 85' lang='grc'>(76)</span> <span class='ocrx_word' id='word_1_458' title='bbox 1031 3765 1194 3828; x_wconf 83' lang='grc' dir='ltr'>αὐτὸς</span> <span class='ocrx_word' id='word_1_459' title='bbox 1241 3763 1506 3827; x_wconf 73' lang='grc' dir='ltr'>ἕκαστος,</span> <span class='ocrx_word' id='word_1_460' title='bbox 1562 3763 1654 3815; x_wconf 73' lang='grc' dir='ltr'>καὶ</span> <span class='ocrx_word' id='word_1_461' title='bbox 1700 3762 1762 3815; x_wconf 85' lang='grc' dir='ltr'>τὸ</span> 
     </span>
    </p>
   </div>
   <div class='ocr_carea' id='block_1_68' title="bbox 203 3853 1761 3934">
    <p class='ocr_par' dir='ltr' id='par_1_68' title="bbox 203 3853 1761 3934">
     <span class='ocr_line' id='line_1_68' title="bbox 203 3853 1761 3934; baseline -0.006 -19"><span class='ocrx_word' id='word_1_462' title='bbox 203 3866 258 3917; x_wconf 71' lang='grc' dir='ltr'>τὰ</span> <span class='ocrx_word' id='word_1_463' title='bbox 301 3865 437 3919; x_wconf 77' lang='grc' dir='ltr'>αὐτὰ</span> <span class='ocrx_word' id='word_1_464' title='bbox 471 3862 762 3934; x_wconf 87' lang='grc' dir='ltr'>βούλεσθαι</span> <span class='ocrx_word' id='word_1_465' title='bbox 807 3863 917 3922; x_wconf 87' lang='grc' dir='ltr'>τοῖς</span> <span class='ocrx_word' id='word_1_466' title='bbox 967 3855 1189 3926; x_wconf 86' lang='grc' dir='ltr'>πλησίον</span> <span class='ocrx_word' id='word_1_467' title='bbox 1234 3855 1270 3909; x_wconf 82' lang='grc' dir='ltr'>ἃ.</span> <span class='ocrx_word' id='word_1_468' title='bbox 1302 3855 1396 3908; x_wconf 72' lang='grc' dir='ltr'><strong>καὶ</strong></span> <span class='ocrx_word' id='word_1_469' title='bbox 1431 3853 1611 3924; x_wconf 86' lang='grc' dir='ltr'>σφίσιν</span> <span class='ocrx_word' id='word_1_470' title='bbox 1660 3853 1761 3906; x_wconf 83' lang='grc' dir='ltr'>αύ-</span> 
     </span>
    </p>
   </div>
   <div class='ocr_carea' id='block_1_69' title="bbox 201 3940 1764 4028">
    <p class='ocr_par' dir='ltr' id='par_1_69' title="bbox 201 3940 1764 4028">
     <span class='ocr_line' id='line_1_69' title="bbox 201 3940 1764 4028; baseline -0.006 -20"><span class='ocrx_word' id='word_1_471' title='bbox 201 3961 320 4021; x_wconf 69' lang='grc' dir='ltr'>τιῖς·</span> <span class='ocrx_word' id='word_1_472' title='bbox 357 3958 619 4028; x_wconf 78' lang='grc' dir='ltr'>ἔγκλημα</span> <span class='ocrx_word' id='word_1_473' title='bbox 656 3955 700 4007; x_wconf 89' lang='grc' dir='ltr'>δ’</span> <span class='ocrx_word' id='word_1_474' title='bbox 727 3954 788 4007; x_wconf 81' lang='grc' dir='ltr'>οὐ</span> <span class='ocrx_word' id='word_1_475' title='bbox 823 3953 980 4024; x_wconf 83' lang='grc' dir='ltr'>μόνον</span> <span class='ocrx_word' id='word_1_476' title='bbox 1015 3951 1074 4003; x_wconf 82' lang='grc' dir='ltr'>τὸ</span> <span class='ocrx_word' id='word_1_477' title='bbox 1104 3940 1361 4019; x_wconf 70' lang='grc' dir='ltr'>γενέσθαι</span> <span class='ocrx_word' id='word_1_478' title='bbox 1407 3946 1596 4010; x_wconf 72' lang='grc' dir='ltr'>κακὸν,</span> <span class='ocrx_word' id='word_1_479' title='bbox 1627 3946 1764 3999; x_wconf 76' lang='grc' dir='ltr'>ἀλλὰ</span> 
     </span>
    </p>
   </div>
   <div class='ocr_carea' id='block_1_70' title="bbox 205 4038 1762 4120">
    <p class='ocr_par' dir='ltr' id='par_1_70' title="bbox 205 4038 1762 4120">
     <span class='ocr_line' id='line_1_70' title="bbox 205 4038 1762 4120; baseline -0.006 -20"><span class='ocrx_word' id='word_1_480' title='bbox 205 4050 363 4102; x_wconf 74' lang='grc' dir='ltr'>καὶτὸ</span> <span class='ocrx_word' id='word_1_481' title='bbox 407 4049 680 4120; x_wconf 80' lang='grc' dir='ltr'>μελλῆσαι</span> <span class='ocrx_word' id='word_1_482' title='bbox 714 4046 826 4118; x_wconf 91' lang='grc'>(77)</span> <span class='ocrx_word' id='word_1_483' title='bbox 872 4041 1090 4116; x_wconf 83' lang='grc' dir='ltr'>μικροῦ,</span> <span class='ocrx_word' id='word_1_484' title='bbox 1135 4042 1227 4095; x_wconf 74' lang='grc' dir='ltr'><strong>καὶ</strong></span> <span class='ocrx_word' id='word_1_485' title='bbox 1273 4040 1370 4110; x_wconf 80' lang='grc' dir='ltr'>τῆς</span> <span class='ocrx_word' id='word_1_486' title='bbox 1437 4038 1604 4108; x_wconf 77' lang='grc' dir='ltr'>ὀργῆς</span> <span class='ocrx_word' id='word_1_487' title='bbox 1650 4038 1762 4108; x_wconf 87' lang='grc'>(78)</span> 
     </span>
    </p>
   </div>
   <div class='ocr_carea' id='block_1_71' title="bbox 203 4129 1766 4214">
    <p class='ocr_par' dir='ltr' id='par_1_71' title="bbox 203 4129 1766 4214">
     <span class='ocr_line' id='line_1_71' title="bbox 203 4129 1766 4214; baseline -0.008 -20"><span class='ocrx_word' id='word_1_488' title='bbox 203 4141 590 4214; x_wconf 74' lang='grc' dir='ltr'>κολαζομένης,</span> <span class='ocrx_word' id='word_1_489' title='bbox 665 4141 741 4204; x_wconf 87' lang='grc' dir='ltr'>ὡς</span> <span class='ocrx_word' id='word_1_490' title='bbox 803 4137 1083 4209; x_wconf 80' lang='grc' dir='ltr'>πράξεως·</span> <span class='ocrx_word' id='word_1_491' title='bbox 1135 4129 1216 4196; x_wconf 73' lang='grc' dir='ltr'>οἷς</span> <span class='ocrx_word' id='word_1_492' title='bbox 1291 4131 1607 4202; x_wconf 80' lang='grc' dir='ltr'>σωφροσύνη</span> <span class='ocrx_word' id='word_1_493' title='bbox 1668 4131 1766 4200; x_wconf 84' lang='grc' dir='ltr'><strong>μὲν</strong></span> 
     </span>
    </p>
   </div>
   <div class='ocr_carea' id='block_1_72' title="bbox 203 4222 1766 4297">
    <p class='ocr_par' dir='ltr' id='par_1_72' title="bbox 203 4222 1766 4297">
     <span class='ocr_line' id='line_1_72' title="bbox 203 4222 1766 4297; baseline -0.006 -13"><span class='ocrx_word' id='word_1_494' title='bbox 203 4233 326 4286; x_wconf 74' lang='grc' dir='ltr'>οὓτω</span> <span class='ocrx_word' id='word_1_495' title='bbox 359 4232 750 4297; x_wconf 79' lang='grc' dir='ltr'>σπουδάζεται,</span> <span class='ocrx_word' id='word_1_496' title='bbox 789 4230 930 4282; x_wconf 82' lang='grc' dir='ltr'>ὥστε</span> <span class='ocrx_word' id='word_1_497' title='bbox 973 4229 1066 4282; x_wconf 78' lang='grc' dir='ltr'><strong>καὶ</strong></span> <span class='ocrx_word' id='word_1_498' title='bbox 1114 4225 1390 4296; x_wconf 74' lang='grc' dir='ltr'>ὀφθαλμὸς</span> <span class='ocrx_word' id='word_1_499' title='bbox 1441 4222 1766 4277; x_wconf 69' lang='grc' dir='ltr'><strong>ἁναστέλλε⁸</strong></span> 
     </span>
    </p>
   </div>
   <div class='ocr_carea' id='block_1_73' title="bbox 202 4315 1768 4398">
    <p class='ocr_par' dir='ltr' id='par_1_73' title="bbox 202 4315 1768 4398">
     <span class='ocr_line' id='line_1_73' title="bbox 202 4315 1768 4398; baseline -0.007 -21"><span class='ocrx_word' id='word_1_500' title='bbox 202 4343 306 4378; x_wconf 75' lang='grc' dir='ltr'>ταιο</span> <span class='ocrx_word' id='word_1_501' title='bbox 347 4329 470 4398; x_wconf 72' lang='grc' dir='ltr'>χεὶρ</span> <span class='ocrx_word' id='word_1_502' title='bbox 523 4325 585 4379; x_wconf 81' lang='grc' dir='ltr'><strong>δὲ</strong></span> <span class='ocrx_word' id='word_1_503' title='bbox 639 4321 840 4393; x_wconf 81' lang='grc' dir='ltr'>φονικὴ</span> <span class='ocrx_word' id='word_1_504' title='bbox 891 4319 1141 4374; x_wconf 76' lang='grc' dir='ltr'>τοσοῦτον</span> <span class='ocrx_word' id='word_1_505' title='bbox 1199 4316 1478 4386; x_wconf 80' lang='grc' dir='ltr'>πόρρωθεν</span> <span class='ocrx_word' id='word_1_506' title='bbox 1527 4315 1768 4384; x_wconf 79' lang='grc' dir='ltr'>εἴργεται</span> 
     </span>
    </p>
   </div>
   <div class='ocr_carea' id='block_1_74' title="bbox 204 4404 1770 4483">
    <p class='ocr_par' dir='ltr' id='par_1_74' title="bbox 204 4404 1770 4483">
     <span class='ocr_line' id='line_1_74' title="bbox 204 4404 1770 4483; baseline -0.005 -20"><span class='ocrx_word' id='word_1_507' title='bbox 204 4411 326 4466; x_wconf 82' lang='grc' dir='ltr'>ὥστε</span> <span class='ocrx_word' id='word_1_508' title='bbox 377 4415 473 4468; x_wconf 68' lang='grc' dir='ltr'><strong>καὶ</strong></span> <span class='ocrx_word' id='word_1_509' title='bbox 523 4413 698 4483; x_wconf 82' lang='grc' dir='ltr'>θυμὸς</span> <span class='ocrx_word' id='word_1_510' title='bbox 767 4409 1185 4481; x_wconf 81' lang='grc' dir='ltr'>σωφρονίζεται·</span> <span class='ocrx_word' id='word_1_511' title='bbox 1245 4405 1498 4476; x_wconf 78' lang='grc' dir='ltr'>ἐπίορκον</span> <span class='ocrx_word' id='word_1_512' title='bbox 1536 4404 1592 4457; x_wconf 83' lang='grc' dir='ltr'><strong>δὲ</strong></span> <span class='ocrx_word' id='word_1_513' title='bbox 1643 4404 1770 4475; x_wconf 75' lang='grc' dir='ltr'><strong>ὀμόο</strong></span> 
     </span>
    </p>
   </div>
   <div class='ocr_carea' id='block_1_75' title="bbox 207 4493 1771 4575">
    <p class='ocr_par' dir='ltr' id='par_1_75' title="bbox 207 4493 1771 4575">
     <span class='ocr_line' id='line_1_75' title="bbox 207 4493 1771 4575; baseline -0.004 -22"><span class='ocrx_word' id='word_1_514' title='bbox 207 4517 283 4555; x_wconf 83' lang='grc' dir='ltr'><strong>σαι</strong></span> <span class='ocrx_word' id='word_1_515' title='bbox 316 4503 428 4575; x_wconf 92' lang='grc'>(79)</span> <span class='ocrx_word' id='word_1_516' title='bbox 466 4502 618 4556; x_wconf 76' lang='grc' dir='ltr'>οὕτω</span> <span class='ocrx_word' id='word_1_517' title='bbox 660 4500 826 4554; x_wconf 83' lang='grc' dir='ltr'>δεινὸν</span> <span class='ocrx_word' id='word_1_518' title='bbox 861 4499 954 4552; x_wconf 72' lang='grc' dir='ltr'>καὶ</span> <span class='ocrx_word' id='word_1_519' title='bbox 989 4498 1315 4569; x_wconf 85' lang='grc' dir='ltr'>ὑπέρογκον,</span> <span class='ocrx_word' id='word_1_520' title='bbox 1345 4493 1485 4550; x_wconf 82' lang='grc' dir='ltr'>ὥστε</span> <span class='ocrx_word' id='word_1_521' title='bbox 1536 4495 1634 4549; x_wconf 75' lang='grc' dir='ltr'><strong>καὶ</strong></span> <span class='ocrx_word' id='word_1_522' title='bbox 1679 4495 1771 4548; x_wconf 77' lang='grc' dir='ltr'><strong>τὸν</strong></span> 
     </span>
    </p>
   </div>
   <div class='ocr_carea' id='block_1_76' title="bbox 1856 3293 3415 3380">
    <p class='ocr_par' dir='ltr' id='par_1_76' title="bbox 1856 3293 3415 3380">
     <span class='ocr_line' id='line_1_76' title="bbox 1856 3293 3415 3380; baseline -0.01 -13"><span class='ocrx_word' id='word_1_523' title='bbox 1856 3313 2040 3377; x_wconf 87' lang='lat' dir='ltr'><strong>etiam,</strong></span> <span class='ocrx_word' id='word_1_524' title='bbox 2078 3310 2166 3379; x_wconf 91' lang='lat' dir='ltr'><strong>qui</strong></span> <span class='ocrx_word' id='word_1_525' title='bbox 2197 3308 2449 3380; x_wconf 67' lang='lat' dir='ltr'><strong>agricola:</strong></span> <span class='ocrx_word' id='word_1_526' title='bbox 2482 3307 2587 3358; x_wconf 88' lang='lat' dir='ltr'><strong>vim</strong></span> <span class='ocrx_word' id='word_1_527' title='bbox 2614 3303 2815 3369; x_wconf 88' lang='lat' dir='ltr'><strong>attulit,</strong></span> <span class='ocrx_word' id='word_1_528' title='bbox 2841 3313 2896 3357; x_wconf 92' lang='lat' dir='ltr'><strong>et</strong></span> <span class='ocrx_word' id='word_1_529' title='bbox 2926 3303 3113 3356; x_wconf 90' lang='lat' dir='ltr'><strong>bovem</strong></span> <span class='ocrx_word' id='word_1_530' title='bbox 3133 3293 3415 3352; x_wconf 78' lang='lat' dir='ltr'><strong>aratorem</strong></span> 
     </span>
    </p>
   </div>
   <div class='ocr_carea' id='block_1_77' title="bbox 1856 3391 3418 3469">
    <p class='ocr_par' dir='ltr' id='par_1_77' title="bbox 1856 3391 3418 3469">
     <span class='ocr_line' id='line_1_77' title="bbox 1856 3391 3418 3469; baseline -0.008 -14"><span class='ocrx_word' id='word_1_531' title='bbox 1856 3402 2090 3467; x_wconf 80' lang='lat' dir='ltr'><strong>voravit,</strong></span> <span class='ocrx_word' id='word_1_532' title='bbox 2131 3409 2294 3469; x_wconf 85' lang='lat' dir='ltr'><strong>atque</strong></span> <span class='ocrx_word' id='word_1_533' title='bbox 2335 3413 2402 3454; x_wconf 81' lang='lat' dir='ltr'><strong>ex</strong></span> <span class='ocrx_word' id='word_1_534' title='bbox 2434 3412 2498 3452; x_wconf 92' lang='lat' dir='ltr'><strong>eo</strong></span> <span class='ocrx_word' id='word_1_535' title='bbox 2534 3396 2771 3450; x_wconf 89' lang='lat' dir='ltr'><strong>facinore</strong></span> <span class='ocrx_word' id='word_1_536' title='bbox 2809 3409 3000 3448; x_wconf 89' lang='lat' dir='ltr'><strong>nomen</strong></span> <span class='ocrx_word' id='word_1_537' title='bbox 3038 3392 3278 3460; x_wconf 90' lang='lat' dir='ltr'><strong>accepit;</strong></span> <span class='ocrx_word' id='word_1_538' title='bbox 3346 3391 3418 3444; x_wconf 90' lang='lat' dir='ltr'><strong>dii</strong></span> 
     </span>
    </p>
   </div>
   <div class='ocr_carea' id='block_1_78' title="bbox 1858 3479 3418 3561">
    <p class='ocr_par' dir='ltr' id='par_1_78' title="bbox 1858 3479 3418 3561">
     <span class='ocr_line' id='line_1_78' title="bbox 1858 3479 3418 3561; baseline -0.011 -13"><span class='ocrx_word' id='word_1_539' title='bbox 1858 3493 2090 3561; x_wconf 87' lang='lat' dir='ltr'><strong>denique</strong></span> <span class='ocrx_word' id='word_1_540' title='bbox 2114 3504 2349 3554; x_wconf 86' lang='lat' dir='ltr'><strong>omnes,</strong></span> <span class='ocrx_word' id='word_1_541' title='bbox 2381 3488 2446 3540; x_wconf 88' lang='lat' dir='ltr'><strong>ad</strong></span> <span class='ocrx_word' id='word_1_542' title='bbox 2492 3485 2737 3540; x_wconf 89' lang='lat' dir='ltr'><strong>carnium</strong></span> <span class='ocrx_word' id='word_1_543' title='bbox 2784 3483 2999 3536; x_wconf 88' lang='lat' dir='ltr'><strong>nidores</strong></span> <span class='ocrx_word' id='word_1_544' title='bbox 3047 3489 3104 3534; x_wconf 89' lang='lat' dir='ltr'><strong>ct</strong></span> <span class='ocrx_word' id='word_1_545' title='bbox 3161 3479 3418 3534; x_wconf 87' lang='lat' dir='ltr'><strong>libamina</strong></span> 
     </span>
    </p>
   </div>
   <div class='ocr_carea' id='block_1_79' title="bbox 1859 3578 2852 3643">
    <p class='ocr_par' dir='ltr' id='par_1_79' title="bbox 1859 3578 2852 3643">
     <span class='ocr_line' id='line_1_79' title="bbox 1859 3578 2852 3643; baseline -0.011 -7"><span class='ocrx_word' id='word_1_546' title='bbox 1859 3595 2067 3636; x_wconf 85' lang='lat' dir='ltr'><strong>summa</strong></span> <span class='ocrx_word' id='word_1_547' title='bbox 2099 3578 2442 3634; x_wconf 87' lang='lat' dir='ltr'><strong>festinatione</strong></span> <span class='ocrx_word' id='word_1_548' title='bbox 2478 3583 2852 3643; x_wconf 88' lang='lat' dir='ltr'><strong>properantes.</strong></span> 
     </span>
    </p>
   </div>
   <div class='ocr_carea' id='block_1_80' title="bbox 1929 3662 3424 3733">
    <p class='ocr_par' dir='ltr' id='par_1_80' title="bbox 1929 3662 3424 3733">
     <span class='ocr_line' id='line_1_80' title="bbox 1929 3662 3424 3733; baseline -0.009 -6"><span class='ocrx_word' id='word_1_549' title='bbox 1929 3671 2159 3728; x_wconf 79' lang='lat' dir='ltr'><strong>CXXIII.</strong></span> <span class='ocrx_word' id='word_1_550' title='bbox 2199 3672 2281 3724; x_wconf 86' lang='lat' dir='ltr'><strong>An</strong></span> <span class='ocrx_word' id='word_1_551' title='bbox 2325 3683 2453 3723; x_wconf 90' lang='lat' dir='ltr'><strong>vero</strong></span> <span class='ocrx_word' id='word_1_552' title='bbox 2480 3667 2592 3721; x_wconf 75' lang='lat' dir='ltr'><strong>haec</strong></span> <span class='ocrx_word' id='word_1_553' title='bbox 2642 3666 2705 3720; x_wconf 89' lang='lat' dir='ltr'><strong>ad</strong></span> <span class='ocrx_word' id='word_1_554' title='bbox 2758 3674 2996 3719; x_wconf 85' lang='lat' dir='ltr'><strong>nostram</strong></span> <span class='ocrx_word' id='word_1_555' title='bbox 3029 3662 3340 3733; x_wconf 88' lang='lat' dir='ltr'><strong>religionem</strong></span> <span class='ocrx_word' id='word_1_556' title='bbox 3368 3669 3424 3714; x_wconf 87' lang='lat' dir='ltr'><strong>et</strong></span> 
     </span>
    </p>
   </div>
   <div class='ocr_carea' id='block_1_81' title="bbox 1865 3752 3425 3829">
    <p class='ocr_par' dir='ltr' id='par_1_81' title="bbox 1865 3752 3425 3829">
     <span class='ocr_line' id='line_1_81' title="bbox 1865 3752 3425 3829; baseline -0.01 -8"><span class='ocrx_word' id='word_1_557' title='bbox 1865 3766 2167 3821; x_wconf 88' lang='lat' dir='ltr'><strong>doctrinam</strong></span> <span class='ocrx_word' id='word_1_558' title='bbox 2205 3762 2491 3828; x_wconf 88' lang='lat' dir='ltr'><strong>accedunt,</strong></span> <span class='ocrx_word' id='word_1_559' title='bbox 2525 3758 2664 3829; x_wconf 89' lang='lat' dir='ltr'><strong>apud</strong></span> <span class='ocrx_word' id='word_1_560' title='bbox 2696 3756 2838 3826; x_wconf 91' lang='lat' dir='ltr'><strong>quod</strong></span> <span class='ocrx_word' id='word_1_561' title='bbox 2868 3757 2950 3810; x_wconf 77' lang='lat' dir='ltr'><strong>lex</strong></span> <span class='ocrx_word' id='word_1_562' title='bbox 2981 3763 3034 3810; x_wconf 92' lang='lat' dir='ltr'><strong>et</strong></span> <span class='ocrx_word' id='word_1_563' title='bbox 3076 3769 3264 3808; x_wconf 90' lang='lat' dir='ltr'><strong>norma</strong></span> <span class='ocrx_word' id='word_1_564' title='bbox 3288 3752 3425 3806; x_wconf 87' lang='lat' dir='ltr'><strong>ami-</strong></span> 
     </span>
    </p>
   </div>
   <div class='ocr_carea' id='block_1_82' title="bbox 1863 3843 3426 3924">
    <p class='ocr_par' dir='ltr' id='par_1_82' title="bbox 1863 3843 3426 3924">
     <span class='ocr_line' id='line_1_82' title="bbox 1863 3843 3426 3924; baseline -0.008 -14"><span class='ocrx_word' id='word_1_565' title='bbox 1863 3857 2004 3910; x_wconf 56' lang='lat' dir='ltr'><strong>citiae</strong></span> <span class='ocrx_word' id='word_1_566' title='bbox 2043 3854 2280 3924; x_wconf 89' lang='lat' dir='ltr'><strong>quisque</strong></span> <span class='ocrx_word' id='word_1_567' title='bbox 2314 3854 2429 3922; x_wconf 90' lang='lat' dir='ltr'><strong>ipse</strong></span> <span class='ocrx_word' id='word_1_568' title='bbox 2451 3859 2558 3914; x_wconf 90' lang='lat' dir='ltr'><strong>est,</strong></span> <span class='ocrx_word' id='word_1_569' title='bbox 2585 3857 2746 3916; x_wconf 89' lang='lat' dir='ltr'><strong>atque</strong></span> <span class='ocrx_word' id='word_1_570' title='bbox 2779 3848 2964 3901; x_wconf 90' lang='lat' dir='ltr'><strong>eadem</strong></span> <span class='ocrx_word' id='word_1_571' title='bbox 2994 3845 3252 3916; x_wconf 80' lang='lat' dir='ltr'><strong>proximis</strong></span> <span class='ocrx_word' id='word_1_572' title='bbox 3290 3843 3426 3899; x_wconf 82' lang='lat' dir='ltr'><strong>velle</strong></span> 
     </span>
    </p>
   </div>
   <div class='ocr_carea' id='block_1_83' title="bbox 1863 3934 3426 4016">
    <p class='ocr_par' dir='ltr' id='par_1_83' title="bbox 1863 3934 3426 4016">
     <span class='ocr_line' id='line_1_83' title="bbox 1863 3934 3426 4016; baseline -0.008 -15"><span class='ocrx_word' id='word_1_573' title='bbox 1863 3962 1980 4016; x_wconf 73' lang='lat' dir='ltr'><strong>qua:</strong></span> <span class='ocrx_word' id='word_1_574' title='bbox 2005 3957 2055 3999; x_wconf 87' lang='lat' dir='ltr'><strong>ct</strong></span> <span class='ocrx_word' id='word_1_575' title='bbox 2087 3945 2191 4000; x_wconf 88' lang='lat' dir='ltr'><strong>sibi</strong></span> <span class='ocrx_word' id='word_1_576' title='bbox 2225 3943 2357 4013; x_wconf 90' lang='lat' dir='ltr'><strong>ipsis</strong></span> <span class='ocrx_word' id='word_1_577' title='bbox 2387 3961 2402 3998; x_wconf 90' lang='lat'>:</span> <span class='ocrx_word' id='word_1_578' title='bbox 2432 3941 2636 3994; x_wconf 89' lang='lat' dir='ltr'><strong>crimen</strong></span> <span class='ocrx_word' id='word_1_579' title='bbox 2667 3945 2868 4002; x_wconf 87' lang='lat' dir='ltr'><strong>autem,</strong></span> <span class='ocrx_word' id='word_1_580' title='bbox 2906 3954 3009 3992; x_wconf 91' lang='lat' dir='ltr'><strong>non</strong></span> <span class='ocrx_word' id='word_1_581' title='bbox 3041 3936 3198 3991; x_wconf 91' lang='lat' dir='ltr'><strong>modo</strong></span> <span class='ocrx_word' id='word_1_582' title='bbox 3226 3934 3426 3989; x_wconf 90' lang='lat' dir='ltr'><strong>malum</strong></span> 
     </span>
    </p>
   </div>
   <div class='ocr_carea' id='block_1_84' title="bbox 1865 4026 3427 4103">
    <p class='ocr_par' dir='ltr' id='par_1_84' title="bbox 1865 4026 3427 4103">
     <span class='ocr_line' id='line_1_84' title="bbox 1865 4026 3427 4103; baseline -0.009 -9"><span class='ocrx_word' id='word_1_583' title='bbox 1865 4038 2162 4103; x_wconf 83' lang='lat' dir='ltr'><strong>exstitisse,</strong></span> <span class='ocrx_word' id='word_1_584' title='bbox 2195 4037 2290 4092; x_wconf 91' lang='lat' dir='ltr'><strong>sed</strong></span> <span class='ocrx_word' id='word_1_585' title='bbox 2321 4034 2481 4090; x_wconf 89' lang='lat' dir='ltr'><strong>etiam</strong></span> <span class='ocrx_word' id='word_1_586' title='bbox 2513 4047 2542 4086; x_wconf 93' lang='lat' dir='ltr'><strong>a</strong></span> <span class='ocrx_word' id='word_1_587' title='bbox 2574 4031 2715 4086; x_wconf 89' lang='lat' dir='ltr'><strong>malo</strong></span> <span class='ocrx_word' id='word_1_588' title='bbox 2748 4046 2936 4100; x_wconf 85' lang='lat' dir='ltr'><strong>parum</strong></span> <span class='ocrx_word' id='word_1_589' title='bbox 2972 4029 3230 4094; x_wconf 87' lang='lat' dir='ltr'><strong>abfuisse,</strong></span> <span class='ocrx_word' id='word_1_590' title='bbox 3263 4026 3427 4082; x_wconf 90' lang='lat' dir='ltr'><strong>nimi-</strong></span> 
     </span>
    </p>
   </div>
   <div class='ocr_carea' id='block_1_85' title="bbox 1867 4122 3429 4200">
    <p class='ocr_par' dir='ltr' id='par_1_85' title="bbox 1867 4122 3429 4200">
     <span class='ocr_line' id='line_1_85' title="bbox 1867 4122 3429 4200; baseline -0.008 -14"><span class='ocrx_word' id='word_1_591' title='bbox 1867 4149 1981 4186; x_wconf 92' lang='lat' dir='ltr'><strong>rum</strong></span> <span class='ocrx_word' id='word_1_592' title='bbox 2030 4131 2322 4200; x_wconf 88' lang='lat' dir='ltr'><strong>cupiditate</strong></span> <span class='ocrx_word' id='word_1_593' title='bbox 2360 4139 2574 4196; x_wconf 90' lang='lat' dir='ltr'><strong>qnoque</strong></span> <span class='ocrx_word' id='word_1_594' title='bbox 2606 4124 2717 4191; x_wconf 92' lang='lat' dir='ltr'><strong>ipsa</strong></span> <span class='ocrx_word' id='word_1_595' title='bbox 2751 4136 2908 4192; x_wconf 89' lang='lat' dir='ltr'><strong>pene,</strong></span> <span class='ocrx_word' id='word_1_596' title='bbox 2938 4131 2995 4175; x_wconf 92' lang='lat' dir='ltr'><strong>nt</strong></span> <span class='ocrx_word' id='word_1_597' title='bbox 3022 4122 3256 4185; x_wconf 86' lang='lat' dir='ltr'><strong>actione,</strong></span> <span class='ocrx_word' id='word_1_598' title='bbox 3313 4132 3429 4188; x_wconf 71' lang='lat' dir='ltr'><strong>pm-</strong></span> 
     </span>
    </p>
   </div>
   <div class='ocr_carea' id='block_1_86' title="bbox 1867 4212 3427 4290">
    <p class='ocr_par' dir='ltr' id='par_1_86' title="bbox 1867 4212 3427 4290">
     <span class='ocr_line' id='line_1_86' title="bbox 1867 4212 3427 4290; baseline -0.009 -12"><span class='ocrx_word' id='word_1_599' title='bbox 1867 4240 1989 4278; x_wconf 89' lang='lat' dir='ltr'><strong>nam</strong></span> <span class='ocrx_word' id='word_1_600' title='bbox 2026 4223 2236 4287; x_wconf 90' lang='lat' dir='ltr'><strong>luente;</strong></span> <span class='ocrx_word' id='word_1_601' title='bbox 2295 4219 2435 4290; x_wconf 89' lang='lat' dir='ltr'><strong>apud</strong></span> <span class='ocrx_word' id='word_1_602' title='bbox 2482 4231 2618 4286; x_wconf 85' lang='lat' dir='ltr'><strong>quos</strong></span> <span class='ocrx_word' id='word_1_603' title='bbox 2648 4225 2852 4270; x_wconf 86' lang='lat' dir='ltr'><strong>tantum</strong></span> <span class='ocrx_word' id='word_1_604' title='bbox 2883 4215 3154 4285; x_wconf 66' lang='lat' dir='ltr'><strong>pudicitia:</strong></span> <span class='ocrx_word' id='word_1_605' title='bbox 3195 4212 3427 4268; x_wconf 88' lang='lat' dir='ltr'><strong>studium</strong></span> 
     </span>
    </p>
   </div>
   <div class='ocr_carea' id='block_1_87' title="bbox 1868 4307 3428 4382">
    <p class='ocr_par' dir='ltr' id='par_1_87' title="bbox 1868 4307 3428 4382">
     <span class='ocr_line' id='line_1_87' title="bbox 1868 4307 3428 4382; baseline -0.01 -12"><span class='ocrx_word' id='word_1_606' title='bbox 1868 4326 1970 4382; x_wconf 85' lang='lat' dir='ltr'><strong>est,</strong></span> <span class='ocrx_word' id='word_1_607' title='bbox 2004 4327 2062 4370; x_wconf 89' lang='lat' dir='ltr'><strong>ut</strong></span> <span class='ocrx_word' id='word_1_608' title='bbox 2089 4314 2276 4370; x_wconf 89' lang='lat' dir='ltr'><strong>oculus</strong></span> <span class='ocrx_word' id='word_1_609' title='bbox 2311 4324 2523 4381; x_wconf 90' lang='lat' dir='ltr'><strong>quoque</strong></span> <span class='ocrx_word' id='word_1_610' title='bbox 2564 4307 2808 4362; x_wconf 90' lang='lat' dir='ltr'><strong>frenetur</strong></span> <span class='ocrx_word' id='word_1_611' title='bbox 2838 4322 2902 4361; x_wconf 93' lang='lat' dir='ltr'><strong>ac</strong></span> <span class='ocrx_word' id='word_1_612' title='bbox 2963 4307 3323 4376; x_wconf 86' lang='lat' dir='ltr'><strong>reprimatur;</strong></span> <span class='ocrx_word' id='word_1_613' title='bbox 3373 4315 3428 4358; x_wconf 88' lang='lat' dir='ltr'><strong>et</strong></span> 
     </span>
    </p>
   </div>
   <div class='ocr_carea' id='block_1_88' title="bbox 1872 4398 3426 4478">
    <p class='ocr_par' dir='ltr' id='par_1_88' title="bbox 1872 4398 3426 4478">
     <span class='ocr_line' id='line_1_88' title="bbox 1872 4398 3426 4478; baseline -0.01 -16"><span class='ocrx_word' id='word_1_614' title='bbox 1872 4423 2064 4462; x_wconf 89' lang='lat' dir='ltr'><strong>manus</strong></span> <span class='ocrx_word' id='word_1_615' title='bbox 2103 4406 2446 4478; x_wconf 87' lang='lat' dir='ltr'><strong>sanguinaria</strong></span> <span class='ocrx_word' id='word_1_616' title='bbox 2475 4408 2529 4455; x_wconf 87' lang='lat' dir='ltr'><strong>et</strong></span> <span class='ocrx_word' id='word_1_617' title='bbox 2573 4399 2849 4455; x_wconf 90' lang='lat' dir='ltr'><strong>mortifera</strong></span> <span class='ocrx_word' id='word_1_618' title='bbox 2882 4399 2954 4454; x_wconf 89' lang='lat' dir='ltr'><strong>ita</strong></span> <span class='ocrx_word' id='word_1_619' title='bbox 2992 4398 3150 4468; x_wconf 79' lang='lat' dir='ltr'><strong>longe</strong></span> <span class='ocrx_word' id='word_1_620' title='bbox 3189 4405 3426 4456; x_wconf 88' lang='lat' dir='ltr'><strong>arcetur,</strong></span> 
     </span>
    </p>
   </div>
   <div class='ocr_carea' id='block_1_89' title="bbox 1872 4487 3432 4567">
    <p class='ocr_par' dir='ltr' id='par_1_89' title="bbox 1872 4487 3432 4567">
     <span class='ocr_line' id='line_1_89' title="bbox 1872 4487 3432 4567; baseline -0.01 -14"><span class='ocrx_word' id='word_1_621' title='bbox 1872 4509 1929 4553; x_wconf 91' lang='lat' dir='ltr'><strong>ut</strong></span> <span class='ocrx_word' id='word_1_622' title='bbox 1962 4501 2041 4554; x_wconf 90' lang='lat' dir='ltr'><strong>ira</strong></span> <span class='ocrx_word' id='word_1_623' title='bbox 2068 4501 2231 4554; x_wconf 84' lang='lat' dir='ltr'><strong>etiam</strong></span> <span class='ocrx_word' id='word_1_624' title='bbox 2253 4499 2368 4567; x_wconf 89' lang='lat' dir='ltr'><strong>ipsa</strong></span> <span class='ocrx_word' id='word_1_625' title='bbox 2392 4503 2742 4551; x_wconf 86' lang='lat' dir='ltr'><strong>coerceatur:</strong></span> <span class='ocrx_word' id='word_1_626' title='bbox 2767 4492 3061 4562; x_wconf 73' lang='lat' dir='ltr'><strong>periurium</strong></span> <span class='ocrx_word' id='word_1_627' title='bbox 3093 4498 3272 4544; x_wconf 90' lang='lat' dir='ltr'><strong>autem</strong></span> <span class='ocrx_word' id='word_1_628' title='bbox 3297 4487 3432 4542; x_wconf 86' lang='lat' dir='ltr'><strong>adeo</strong></span> 
     </span>
    </p>
   </div>
   <div class='ocr_carea' id='block_1_90' title="bbox 267 4663 3433 4753">
    <p class='ocr_par' dir='ltr' id='par_1_90' title="bbox 267 4663 3433 4753">
     <span class='ocr_line' id='line_1_90' title="bbox 267 4663 3433 4753; baseline -0.005 -14"><span class='ocrx_word' id='word_1_629' title='bbox 267 4684 373 4753; x_wconf 77' lang='lat'><strong>(09)</strong></span> <span class='ocrx_word' id='word_1_630' title='bbox 405 4682 704 4752; x_wconf 81' lang='grc' dir='ltr'>Κερδῷος.</span> <span class='ocrx_word' id='word_1_631' title='bbox 754 4700 772 4734; x_wconf 78' lang='grc' dir='ltr'><strong>ι</strong></span> <span class='ocrx_word' id='word_1_632' title='bbox 813 4681 1058 4753; x_wconf 88' lang='lat' dir='ltr'><strong>Lucrius,</strong></span> <span class='ocrx_word' id='word_1_633' title='bbox 1100 4701 1118 4732; x_wconf 72' lang='grc' dir='ltr'><strong>ι</strong></span> <span class='ocrx_word' id='word_1_634' title='bbox 1160 4679 1407 4753; x_wconf 74' lang='lat' dir='ltr'><strong>Mercurii</strong></span> <span class='ocrx_word' id='word_1_635' title='bbox 1447 4679 1768 4753; x_wconf 84' lang='lat' dir='ltr'><strong>cpithetum,</strong></span> <span class='ocrx_word' id='word_1_636' title='bbox 1805 4686 1846 4741; x_wconf 84' lang='grc' dir='ltr'>ι)</span> <span class='ocrx_word' id='word_1_637' title='bbox 1875 4687 1928 4732; x_wconf 89' lang='lat' dir='ltr'><strong>et</strong></span> <span class='ocrx_word' id='word_1_638' title='bbox 1955 4678 2201 4748; x_wconf 79' lang='lat' dir='ltr'><strong>ambigua</strong></span> <span class='ocrx_word' id='word_1_639' title='bbox 2235 4675 2886 4753; x_wconf 21' lang='lat' dir='ltr'><strong>oracula_red‘deret,.quaz</strong></span> <span class='ocrx_word' id='word_1_640' title='bbox 2915 4670 3172 4753; x_wconf 82' lang='lat' dir='ltr'><strong>plurimos</strong></span> <span class='ocrx_word' id='word_1_641' title='bbox 3196 4686 3248 4724; x_wconf 80' lang='lat' dir='ltr'><strong>in</strong></span> <span class='ocrx_word' id='word_1_642' title='bbox 3279 4663 3433 4726; x_wconf 84' lang='lat' dir='ltr'><strong>erro-</strong></span> 
     </span>
    </p>
   </div>
   <div class='ocr_carea' id='block_1_91' title="bbox 211 4748 1773 4820">
    <p class='ocr_par' dir='ltr' id='par_1_91' title="bbox 211 4748 1773 4820">
     <span class='ocr_line' id='line_1_91' title="bbox 211 4748 1773 4820; baseline -0.004 -13"><span class='ocrx_word' id='word_1_643' title='bbox 211 4748 734 4810; x_wconf 45' lang='lat' dir='ltr'><strong>ad&#39;subindicandam</strong></span> <span class='ocrx_word' id='word_1_644' title='bbox 767 4752 1003 4820; x_wconf 78' lang='lat' dir='ltr'><strong>ipsiusin</strong></span> <span class='ocrx_word' id='word_1_645' title='bbox 1034 4759 1236 4816; x_wconf 72' lang='lat' dir='ltr'><strong>quaestu</strong></span> <span class='ocrx_word' id='word_1_646' title='bbox 1271 4748 1510 4803; x_wconf 76' lang='lat' dir='ltr'><strong>faciendo</strong></span> <span class='ocrx_word' id='word_1_647' title='bbox 1538 4749 1773 4801; x_wconf 79' lang='lat' dir='ltr'><strong>dexteri-</strong></span> 
     </span>
    </p>
   </div>
   <div class='ocr_carea' id='block_1_92' title="bbox 211 4820 1766 4892">
    <p class='ocr_par' dir='ltr' id='par_1_92' title="bbox 211 4820 1766 4892">
     <span class='ocr_line' id='line_1_92' title="bbox 211 4820 1766 4892; baseline -0.003 -17"><span class='ocrx_word' id='word_1_648' title='bbox 211 4834 390 4888; x_wconf 85' lang='lat' dir='ltr'><strong>tatem;</strong></span> <span class='ocrx_word' id='word_1_649' title='bbox 437 4825 796 4892; x_wconf 85' lang='lat' dir='ltr'><strong>quamobrem</strong></span> <span class='ocrx_word' id='word_1_650' title='bbox 843 4838 870 4874; x_wconf 86' lang='lat' dir='ltr'><strong>a</strong></span> <span class='ocrx_word' id='word_1_651' title='bbox 921 4820 1111 4887; x_wconf 85' lang='lat' dir='ltr'><strong>priscis</strong></span> <span class='ocrx_word' id='word_1_652' title='bbox 1141 4820 1453 4892; x_wconf 86' lang='lat' dir='ltr'><strong>pingebatnr</strong></span> <span class='ocrx_word' id='word_1_653' title='bbox 1493 4821 1766 4892; x_wconf 76' lang='lat' dir='ltr'><strong>accinctus</strong></span> 
     </span>
    </p>
   </div>
   <div class='ocr_carea' id='block_1_93' title="bbox 208 4887 1770 4963">
    <p class='ocr_par' dir='ltr' id='par_1_93' title="bbox 208 4887 1770 4963">
     <span class='ocr_line' id='line_1_93' title="bbox 208 4887 1770 4963; baseline -0.004 -16"><span class='ocrx_word' id='word_1_654' title='bbox 208 4909 342 4961; x_wconf 87' lang='lat' dir='ltr'><strong>pera,</strong></span> <span class='ocrx_word' id='word_1_655' title='bbox 375 4887 541 4963; x_wconf 73' lang='lat' dir='ltr'><strong>quam</strong></span> <span class='ocrx_word' id='word_1_656' title='bbox 572 4907 608 4963; x_wconf 10' lang='lat' dir='ltr'><strong>a7</strong></span> <span class='ocrx_word' id='word_1_657' title='bbox 628 4905 802 4963; x_wconf 78' lang='lat' dir='ltr'><strong>sacco,</strong></span> <span class='ocrx_word' id='word_1_658' title='bbox 835 4891 1102 4944; x_wconf 86' lang='lat' dir='ltr'><strong>sacculum</strong></span> <span class='ocrx_word' id='word_1_659' title='bbox 1145 4887 1501 4957; x_wconf 84' lang='lat' dir='ltr'><strong>appellabant.</strong></span> <span class='ocrx_word' id='word_1_660' title='bbox 1532 4887 1770 4942; x_wconf 70' lang='lat' dir='ltr'><strong>[labetur</strong></span> 
     </span>
    </p>
   </div>
   <div class='ocr_carea' id='block_1_94' title="bbox 207 4959 1240 5028">
    <p class='ocr_par' dir='ltr' id='par_1_94' title="bbox 207 4959 1240 5028">
     <span class='ocr_line' id='line_1_94' title="bbox 207 4959 1240 5028; baseline -0.007 -12"><span class='ocrx_word' id='word_1_661' title='bbox 207 4959 350 5016; x_wconf 80' lang='lat' dir='ltr'><strong>etiam</strong></span> <span class='ocrx_word' id='word_1_662' title='bbox 387 4959 445 5018; x_wconf 80' lang='lat' dir='ltr'><strong>ut</strong></span> <span class='ocrx_word' id='word_1_663' title='bbox 472 4962 612 5016; x_wconf 90' lang='lat' dir='ltr'><strong>lucri</strong></span> <span class='ocrx_word' id='word_1_664' title='bbox 648 4977 710 5013; x_wconf 89' lang='lat' dir='ltr'><strong>ac</strong></span> <span class='ocrx_word' id='word_1_665' title='bbox 732 4959 990 5015; x_wconf 88' lang='lat' dir='ltr'><strong>furtorum</strong></span> <span class='ocrx_word' id='word_1_666' title='bbox 1024 4973 1240 5028; x_wconf 78' lang='lat' dir='ltr'><strong>prtcses.</strong></span> 
     </span>
    </p>
   </div>
   <div class='ocr_carea' id='block_1_95' title="bbox 273 5025 1766 5104">
    <p class='ocr_par' dir='ltr' id='par_1_95' title="bbox 273 5025 1766 5104">
     <span class='ocr_line' id='line_1_95' title="bbox 273 5025 1766 5104; baseline -0.003 -20"><span class='ocrx_word' id='word_1_667' title='bbox 273 5032 376 5104; x_wconf 83' lang='grc'>(70)</span> <span class='ocrx_word' id='word_1_668' title='bbox 435 5033 807 5104; x_wconf 36' lang='lat' dir='ltr'><strong>Xerxi-ﬂutat?</strong></span> <span class='ocrx_word' id='word_1_669' title='bbox 879 5025 1056 5104; x_wconf 79' lang='lat' dir='ltr'><strong>Mallet</strong></span> <span class='ocrx_word' id='word_1_670' title='bbox 1112 5027 1504 5104; x_wconf 76' lang='lat' dir='ltr'><strong>Montacutius,</strong></span> <span class='ocrx_word' id='word_1_671' title='bbox 1567 5025 1766 5104; x_wconf 76' lang='grc' dir='ltr'>σακύλ-</span> 
     </span>
    </p>
   </div>
   <div class='ocr_carea' id='block_1_96' title="bbox 210 5097 1768 5224">
    <p class='ocr_par' dir='ltr' id='par_1_96' title="bbox 210 5097 1768 5224">
     <span class='ocr_line' id='line_1_96' title="bbox 210 5097 1768 5224; baseline -0.002 -70"><span class='ocrx_word' id='word_1_672' title='bbox 210 5097 453 5224; x_wconf 46' lang='grc' dir='ltr'>λιοῖἦὲεά</span> <span class='ocrx_word' id='word_1_673' title='bbox 484 5101 736 5170; x_wconf 88' lang='lat' dir='ltr'><strong>displicet</strong></span> <span class='ocrx_word' id='word_1_674' title='bbox 758 5099 1101 5162; x_wconf 87' lang='lat' dir='ltr'><strong>Combelisio,</strong></span> <span class='ocrx_word' id='word_1_675' title='bbox 1131 5097 1252 5166; x_wconf 90' lang='lat' dir='ltr'><strong>quia</strong></span> <span class='ocrx_word' id='word_1_676' title='bbox 1299 5098 1662 5167; x_wconf 83' lang='lat' dir='ltr'><strong>grammaticis</strong></span> <span class='ocrx_word' id='word_1_677' title='bbox 1686 5097 1768 5151; x_wconf 93' lang='lat' dir='ltr'><strong>in-</strong></span> 
     </span>
     <span class='ocr_line' id='line_1_97' title="bbox 211 5187 460 5224; baseline 0 0"><span class='ocrx_word' id='word_1_678' title='bbox 211 5187 286 5224; x_wconf 73' lang='lat' dir='ltr'><strong>alll</strong></span> <span class='ocrx_word' id='word_1_679' title='bbox 309 5191 321 5224; x_wconf 93' lang='lat' dir='ltr'><strong>I</strong></span> <span class='ocrx_word' id='word_1_680' title='bbox 350 5190 460 5224; x_wconf 89' lang='lat' dir='ltr'><strong>um.</strong></span> 
     </span>
    </p>
   </div>
   <div class='ocr_carea' id='block_1_97' title="bbox 211 5184 460 5228">
    <p class='ocr_par' dir='ltr' id='par_1_97' title="bbox 211 5184 460 5228">
     <span class='ocr_line' id='line_1_98' title="bbox 211 5184 460 5228; baseline 0.016 -4"><span class='ocrx_word' id='word_1_681' title='bbox 211 5184 460 5228; x_wconf 81' lang='lat' dir='ltr'><strong>amulum.</strong></span> 
     </span>
    </p>
   </div>
   <div class='ocr_carea' id='block_1_98' title="bbox 272 5235 1770 5314">
    <p class='ocr_par' dir='ltr' id='par_1_98' title="bbox 272 5235 1770 5314">
     <span class='ocr_line' id='line_1_99' title="bbox 272 5235 1770 5314; baseline -0.007 -15"><span class='ocrx_word' id='word_1_682' title='bbox 272 5243 379 5314; x_wconf 80' lang='lat'><strong>(7|)</strong></span> <span class='ocrx_word' id='word_1_683' title='bbox 437 5245 649 5305; x_wconf 77' lang='grc' dir='ltr'>Ἀνευ,</span> <span class='ocrx_word' id='word_1_684' title='bbox 704 5249 806 5314; x_wconf 79' lang='lat' dir='ltr'><strong>etc.</strong></span> <span class='ocrx_word' id='word_1_685' title='bbox 856 5238 946 5292; x_wconf 86' lang='lat' dir='ltr'><strong>Sic</strong></span> <span class='ocrx_word' id='word_1_686' title='bbox 1002 5238 1158 5314; x_wconf 82' lang='lat' dir='ltr'><strong>codd.</strong></span> <span class='ocrx_word' id='word_1_687' title='bbox 1203 5247 1256 5290; x_wconf 73' lang='lat' dir='ltr'><strong>et</strong></span> <span class='ocrx_word' id='word_1_688' title='bbox 1292 5238 1459 5314; x_wconf 46' lang='lat' dir='ltr'><strong>“editi.</strong></span> <span class='ocrx_word' id='word_1_689' title='bbox 1491 5235 1770 5314; x_wconf 62' lang='lat' dir='ltr'><strong>Herv.ve-_</strong></span> 
     </span>
    </p>
   </div>
   <div class='ocr_carea' id='block_1_99' title="bbox 211 5306 1772 5374">
    <p class='ocr_par' dir='ltr' id='par_1_99' title="bbox 211 5306 1772 5374">
     <span class='ocr_line' id='line_1_100' title="bbox 211 5306 1772 5374; baseline -0.002 -10"><span class='ocrx_word' id='word_1_690' title='bbox 211 5306 371 5366; x_wconf 57' lang='lat' dir='ltr'><strong>ro&#39;in&#39;</strong></span> <span class='ocrx_word' id='word_1_691' title='bbox 407 5323 588 5374; x_wconf 78' lang='lat' dir='ltr'><strong>textu,</strong></span> <span class='ocrx_word' id='word_1_692' title='bbox 641 5321 696 5364; x_wconf 93' lang='lat' dir='ltr'><strong>et</strong></span> <span class='ocrx_word' id='word_1_693' title='bbox 741 5310 970 5364; x_wconf 79' lang='lat' dir='ltr'><strong>Montac.</strong></span> <span class='ocrx_word' id='word_1_694' title='bbox 1024 5308 1076 5360; x_wconf 92' lang='lat' dir='ltr'><strong>in</strong></span> <span class='ocrx_word' id='word_1_695' title='bbox 1123 5322 1239 5371; x_wconf 89' lang='lat' dir='ltr'><strong>ora,</strong></span> <span class='ocrx_word' id='word_1_696' title='bbox 1285 5306 1496 5360; x_wconf 83' lang='grc' dir='ltr'>ἄνευθε.</span> <span class='ocrx_word' id='word_1_697' title='bbox 1538 5306 1669 5362; x_wconf 86' lang='lat' dir='ltr'><strong>Erat</strong></span> <span class='ocrx_word' id='word_1_698' title='bbox 1717 5307 1772 5361; x_wconf 91' lang='lat' dir='ltr'><strong>id</strong></span> 
     </span>
    </p>
   </div>
   <div class='ocr_carea' id='block_1_100' title="bbox 211 5380 800 5449">
    <p class='ocr_par' dir='ltr' id='par_1_100' title="bbox 211 5380 800 5449">
     <span class='ocr_line' id='line_1_101' title="bbox 211 5380 800 5449; baseline -0.005 -16"><span class='ocrx_word' id='word_1_699' title='bbox 211 5382 466 5449; x_wconf 84' lang='lat' dir='ltr'><strong>Apollinis</strong></span> <span class='ocrx_word' id='word_1_700' title='bbox 490 5380 800 5447; x_wconf 66' lang='lat' dir='ltr'><strong>oraculum,</strong></span> 
     </span>
    </p>
   </div>
   <div class='ocr_carea' id='block_1_101' title="bbox 275 5445 1773 5520">
    <p class='ocr_par' dir='ltr' id='par_1_101' title="bbox 275 5445 1773 5520">
     <span class='ocr_line' id='line_1_102' title="bbox 275 5445 1773 5520; baseline -0.002 -17"><span class='ocrx_word' id='word_1_701' title='bbox 275 5451 381 5520; x_wconf 76' lang='lat'><strong>(72)</strong></span> <span class='ocrx_word' id='word_1_702' title='bbox 416 5450 610 5520; x_wconf 78' lang='grc' dir='ltr'>Φρυξί</span> <span class='ocrx_word' id='word_1_703' title='bbox 641 5445 1068 5520; x_wconf 78' lang='grc' dir='ltr'>μειρακίσκοις.</span> <span class='ocrx_word' id='word_1_704' title='bbox 1106 5445 1188 5520; x_wconf 68' lang='lat' dir='ltr'><strong>Ita</strong></span> <span class='ocrx_word' id='word_1_705' title='bbox 1227 5460 1364 5520; x_wconf 78' lang='lat' dir='ltr'><strong>pene</strong></span> <span class='ocrx_word' id='word_1_706' title='bbox 1392 5459 1596 5520; x_wconf 30' lang='lat' dir='ltr'><strong>Aompes</strong></span> <span class='ocrx_word' id='word_1_707' title='bbox 1639 5460 1773 5520; x_wconf 74' lang='lat' dir='ltr'><strong>mss.</strong></span> 
     </span>
    </p>
   </div>
   <div class='ocr_carea' id='block_1_102' title="bbox 216 5513 1776 5593">
    <p class='ocr_par' dir='ltr' id='par_1_102' title="bbox 216 5513 1776 5593">
     <span class='ocr_line' id='line_1_103' title="bbox 216 5513 1776 5593; baseline -0.002 -21"><span class='ocrx_word' id='word_1_708' title='bbox 216 5513 721 5593; x_wconf 12' lang='lat' dir='ltr'><strong>Ed&#39;itiverb,7&lt;’l&gt;pagl</strong></span> <span class='ocrx_word' id='word_1_709' title='bbox 740 5513 1071 5589; x_wconf 77' lang='grc' dir='ltr'>μειρακίοις.</span> <span class='ocrx_word' id='word_1_710' title='bbox 1108 5516 1310 5570; x_wconf 85' lang='lat' dir='ltr'><strong>Alludit</strong></span> <span class='ocrx_word' id='word_1_711' title='bbox 1353 5515 1442 5570; x_wconf 88' lang='lat' dir='ltr'><strong>hic</strong></span> <span class='ocrx_word' id='word_1_712' title='bbox 1485 5513 1776 5584; x_wconf 77' lang='lat' dir='ltr'><strong>Gregorius</strong></span> 
     </span>
    </p>
   </div>
   <div class='ocr_carea' id='block_1_103' title="bbox 217 5589 866 5659">
    <p class='ocr_par' dir='ltr' id='par_1_103' title="bbox 217 5589 866 5659">
     <span class='ocr_line' id='line_1_104' title="bbox 217 5589 866 5659; baseline 0.002 -17"><span class='ocrx_word' id='word_1_713' title='bbox 217 5589 272 5643; x_wconf 72' lang='lat' dir='ltr'><strong>ad</strong></span> <span class='ocrx_word' id='word_1_714' title='bbox 291 5589 616 5646; x_wconf 60' lang='lat' dir='ltr'><strong>Ganimedis&#39;</strong></span> <span class='ocrx_word' id='word_1_715' title='bbox 638 5606 691 5644; x_wconf 88' lang='lat' dir='ltr'><strong>ra</strong></span> <span class='ocrx_word' id='word_1_716' title='bbox 701 5600 866 5659; x_wconf 87' lang='lat' dir='ltr'><strong>ptum.</strong></span> 
     </span>
    </p>
   </div>
   <div class='ocr_carea' id='block_1_104' title="bbox 277 5653 1778 5731">
    <p class='ocr_par' dir='ltr' id='par_1_104' title="bbox 277 5653 1778 5731">
     <span class='ocr_line' id='line_1_105' title="bbox 277 5653 1778 5731; baseline -0.003 -19"><span class='ocrx_word' id='word_1_717' title='bbox 277 5661 384 5731; x_wconf 77' lang='grc'>(75)</span> <span class='ocrx_word' id='word_1_718' title='bbox 419 5661 628 5731; x_wconf 66' lang='grc' dir='ltr'><strong>Θυμὸν</strong></span> <span class='ocrx_word' id='word_1_719' title='bbox 667 5653 868 5731; x_wconf 59' lang='grc' dir='ltr'>’Ᾰρηᾳ</span> <span class='ocrx_word' id='word_1_720' title='bbox 895 5658 1141 5731; x_wconf 83' lang='lat' dir='ltr'><strong>Quinque</strong></span> <span class='ocrx_word' id='word_1_721' title='bbox 1169 5655 1301 5726; x_wconf 82' lang='lat' dir='ltr'><strong>Reg.</strong></span> <span class='ocrx_word' id='word_1_722' title='bbox 1335 5657 1425 5709; x_wconf 89' lang='lat' dir='ltr'><strong>Ur.</strong></span> <span class='ocrx_word' id='word_1_723' title='bbox 1457 5653 1506 5720; x_wconf 85' lang='lat' dir='ltr'><strong>l,</strong></span> <span class='ocrx_word' id='word_1_724' title='bbox 1538 5665 1594 5710; x_wconf 91' lang='lat' dir='ltr'><strong>et</strong></span> <span class='ocrx_word' id='word_1_725' title='bbox 1620 5653 1778 5710; x_wconf 88' lang='lat' dir='ltr'><strong>Com-</strong></span> 
     </span>
    </p>
   </div>
   <div class='ocr_carea' id='block_1_105' title="bbox 217 5727 1674 5801">
    <p class='ocr_par' dir='ltr' id='par_1_105' title="bbox 217 5727 1674 5801">
     <span class='ocr_line' id='line_1_106' title="bbox 217 5727 1674 5801; baseline 0.001 -17"><span class='ocrx_word' id='word_1_726' title='bbox 217 5727 314 5801; x_wconf 64' lang='grc' dir='ltr'>δεῖ.</span> <span class='ocrx_word' id='word_1_727' title='bbox 342 5727 527 5801; x_wconf 78' lang='lat' dir='ltr'><strong>legunt</strong></span> <span class='ocrx_word' id='word_1_728' title='bbox 562 5729 766 5801; x_wconf 78' lang='grc' dir='ltr'>ιθυμὺν</span> <span class='ocrx_word' id='word_1_729' title='bbox 799 5730 896 5801; x_wconf 85' lang='grc' dir='ltr'>μὲν</span> <span class='ocrx_word' id='word_1_730' title='bbox 920 5729 1111 5801; x_wconf 61' lang='grc' dir='ltr'>Ἄρης.</span> <span class='ocrx_word' id='word_1_731' title='bbox 1160 5797 1190 5801; x_wconf 91' lang='lat'>__</span> <span class='ocrx_word' id='word_1_732' title='bbox 1486 5795 1502 5801; x_wconf 91' lang='lat'><em>_</em></span> <span class='ocrx_word' id='word_1_733' title='bbox 1581 5796 1595 5801; x_wconf 90' lang='lat'>_</span> <span class='ocrx_word' id='word_1_734' title='bbox 1653 5776 1674 5794; x_wconf 82' lang='lat'><em>.</em></span> 
     </span>
    </p>
   </div>
   <div class='ocr_carea' id='block_1_106' title="bbox 278 5795 1773 5872">
    <p class='ocr_par' dir='ltr' id='par_1_106' title="bbox 278 5795 1773 5872">
     <span class='ocr_line' id='line_1_107' title="bbox 278 5795 1773 5872; baseline -0.001 -18"><span class='ocrx_word' id='word_1_735' title='bbox 278 5795 681 5872; x_wconf 68' lang='grc' dir='ltr'><strong>(74)“Λοξιάς.’</strong></span> <span class='ocrx_word' id='word_1_736' title='bbox 698 5801 784 5858; x_wconf 87' lang='lat' dir='ltr'><strong>Sic</strong></span> <span class='ocrx_word' id='word_1_737' title='bbox 799 5795 1005 5870; x_wconf 65' lang='lat' dir='ltr'><strong>&#39;Apollo&#39;</strong></span> <span class='ocrx_word' id='word_1_738' title='bbox 1024 5795 1336 5870; x_wconf 82' lang='lat' dir='ltr'><strong>appellatus,</strong></span> <span class='ocrx_word' id='word_1_739' title='bbox 1363 5795 1504 5872; x_wconf 75' lang='lat' dir='ltr'><strong>quod</strong></span> <span class='ocrx_word' id='word_1_740' title='bbox 1547 5796 1773 5855; x_wconf 85' lang='lat' dir='ltr'><strong>obscura</strong></span> 
     </span>
    </p>
   </div>
   <div class='ocr_carea' id='block_1_107' title="bbox 1877 4743 3079 4808">
    <p class='ocr_par' dir='ltr' id='par_1_107' title="bbox 1877 4743 3079 4808">
     <span class='ocr_line' id='line_1_108' title="bbox 1877 4743 3079 4808; baseline -0.01 -6"><span class='ocrx_word' id='word_1_741' title='bbox 1877 4765 1986 4802; x_wconf 87' lang='lat' dir='ltr'><strong>rem</strong></span> <span class='ocrx_word' id='word_1_742' title='bbox 2022 4761 2074 4802; x_wconf 90' lang='lat' dir='ltr'><strong>et</strong></span> <span class='ocrx_word' id='word_1_743' title='bbox 2102 4743 2370 4802; x_wconf 71' lang='lat' dir='ltr'><strong>maximas</strong></span> <span class='ocrx_word' id='word_1_744' title='bbox 2389 4746 2720 4808; x_wconf 77' lang='lat' dir='ltr'><strong>calamitates</strong></span> <span class='ocrx_word' id='word_1_745' title='bbox 2739 4743 3079 4797; x_wconf 80' lang='lat' dir='ltr'><strong>induxerunt.</strong></span> 
     </span>
    </p>
   </div>
   <div class='ocr_carea' id='block_1_108' title="bbox 1939 4807 3432 4889">
    <p class='ocr_par' dir='ltr' id='par_1_108' title="bbox 1939 4807 3432 4889">
     <span class='ocr_line' id='line_1_109' title="bbox 1939 4807 3432 4889; baseline -0.007 -18"><span class='ocrx_word' id='word_1_746' title='bbox 1939 4819 2051 4889; x_wconf 82' lang='grc'>(75)</span> <span class='ocrx_word' id='word_1_747' title='bbox 2080 4819 2422 4889; x_wconf 66' lang='grc' dir='ltr'>Βουθοίνοις.</span> <span class='ocrx_word' id='word_1_748' title='bbox 2448 4816 2522 4870; x_wconf 90' lang='lat' dir='ltr'><strong>Ita</strong></span> <span class='ocrx_word' id='word_1_749' title='bbox 2551 4813 2956 4882; x_wconf 80' lang='lat' dir='ltr'><strong>cOgnominatus</strong></span> <span class='ocrx_word' id='word_1_750' title='bbox 2994 4807 3271 4864; x_wconf 86' lang='lat' dir='ltr'><strong>Hercules.</strong></span> <span class='ocrx_word' id='word_1_751' title='bbox 3302 4807 3432 4863; x_wconf 86' lang='lat' dir='ltr'><strong>Vide</strong></span> 
     </span>
    </p>
   </div>
   <div class='ocr_carea' id='block_1_109' title="bbox 1868 4887 2398 4950">
    <p class='ocr_par' dir='ltr' id='par_1_109' title="bbox 1868 4887 2398 4950">
     <span class='ocr_line' id='line_1_110' title="bbox 1868 4887 2398 4950; baseline -0.008 -7"><span class='ocrx_word' id='word_1_752' title='bbox 1868 4887 1970 4944; x_wconf 73' lang='lat' dir='ltr'><strong>col.</strong></span> <span class='ocrx_word' id='word_1_753' title='bbox 2012 4890 2136 4950; x_wconf 80' lang='grc'>605,</span> <span class='ocrx_word' id='word_1_754' title='bbox 2167 4898 2278 4941; x_wconf 92' lang='lat' dir='ltr'><strong>not.</strong></span> <span class='ocrx_word' id='word_1_755' title='bbox 2309 4887 2398 4941; x_wconf 83' lang='lat'><strong>86.</strong></span> 
     </span>
    </p>
   </div>
   <div class='ocr_carea' id='block_1_110' title="bbox 1939 4946 3429 5030">
    <p class='ocr_par' dir='ltr' id='par_1_110' title="bbox 1939 4946 3429 5030">
     <span class='ocr_line' id='line_1_111' title="bbox 1939 4946 3429 5030; baseline -0.009 -17"><span class='ocrx_word' id='word_1_756' title='bbox 1939 4960 2048 5030; x_wconf 87' lang='lat'><strong>(76)</strong></span> <span class='ocrx_word' id='word_1_757' title='bbox 2077 4946 2301 5024; x_wconf 78' lang='grc' dir='ltr'>Φιλίας.</span> <span class='ocrx_word' id='word_1_758' title='bbox 2327 4954 2684 5030; x_wconf 64' lang='lat' dir='ltr'><strong>Illontacutius</strong></span> <span class='ocrx_word' id='word_1_759' title='bbox 2703 4949 2920 5030; x_wconf 71' lang='lat' dir='ltr'><strong>coniicit</strong></span> <span class='ocrx_word' id='word_1_760' title='bbox 2955 4948 3235 5030; x_wconf 75' lang='lat' dir='ltr'><strong>legendum</strong></span> <span class='ocrx_word' id='word_1_761' title='bbox 3262 4946 3429 5028; x_wconf 45' lang='lat' dir='ltr'><strong>iptio-</strong></span> 
     </span>
    </p>
   </div>
   <div class='ocr_carea' id='block_1_111' title="bbox 1870 5018 3431 5098">
    <p class='ocr_par' dir='ltr' id='par_1_111' title="bbox 1870 5018 3431 5098">
     <span class='ocr_line' id='line_1_112' title="bbox 1870 5018 3431 5098; baseline -0.01 -15"><span class='ocrx_word' id='word_1_762' title='bbox 1870 5018 2080 5098; x_wconf 71' lang='grc' dir='ltr'>σοῲίας.</span> <span class='ocrx_word' id='word_1_763' title='bbox 2111 5030 2216 5083; x_wconf 86' lang='lat' dir='ltr'><strong>Sed</strong></span> <span class='ocrx_word' id='word_1_764' title='bbox 2259 5018 2432 5080; x_wconf 77' lang='lat' dir='ltr'><strong>nullos</strong></span> <span class='ocrx_word' id='word_1_765' title='bbox 2459 5025 2638 5077; x_wconf 86' lang='lat' dir='ltr'><strong>favere</strong></span> <span class='ocrx_word' id='word_1_766' title='bbox 2663 5020 2877 5098; x_wconf 73' lang='lat' dir='ltr'><strong>codices</strong></span> <span class='ocrx_word' id='word_1_767' title='bbox 2930 5018 3134 5098; x_wconf 37' lang='lat' dir='ltr'><strong>asseri‘t‘</strong></span> <span class='ocrx_word' id='word_1_768' title='bbox 3163 5020 3431 5098; x_wconf 64' lang='lat' dir='ltr'><strong>variarum</strong></span> 
     </span>
    </p>
   </div>
   <div class='ocr_carea' id='block_1_112' title="bbox 1871 5087 3435 5159">
    <p class='ocr_par' dir='ltr' id='par_1_112' title="bbox 1871 5087 3435 5159">
     <span class='ocr_line' id='line_1_113' title="bbox 1871 5087 3435 5159; baseline -0.01 -7"><span class='ocrx_word' id='word_1_769' title='bbox 1871 5087 2156 5154; x_wconf 77' lang='lat' dir='ltr'><strong>lectionum</strong></span> <span class='ocrx_word' id='word_1_770' title='bbox 2177 5098 2458 5159; x_wconf 87' lang='lat' dir='ltr'><strong>collector;</strong></span> <span class='ocrx_word' id='word_1_771' title='bbox 2475 5107 2660 5148; x_wconf 88' lang='lat' dir='ltr'><strong>verum</strong></span> <span class='ocrx_word' id='word_1_772' title='bbox 2684 5089 3038 5145; x_wconf 80' lang='lat' dir='ltr'><strong>hallucinatur</strong></span> <span class='ocrx_word' id='word_1_773' title='bbox 3062 5087 3257 5153; x_wconf 86' lang='lat' dir='ltr'><strong>;Coisl.</strong></span> <span class='ocrx_word' id='word_1_774' title='bbox 3287 5103 3435 5140; x_wconf 87' lang='lat' dir='ltr'><strong>nam-</strong></span> 
     </span>
    </p>
   </div>
   <div class='ocr_carea' id='block_1_113' title="bbox 1869 5165 2596 5239">
    <p class='ocr_par' dir='ltr' id='par_1_113' title="bbox 1869 5165 2596 5239">
     <span class='ocr_line' id='line_1_114' title="bbox 1869 5165 2596 5239; baseline -0.001 -23"><span class='ocrx_word' id='word_1_775' title='bbox 1869 5185 1972 5239; x_wconf 83' lang='lat' dir='ltr'><strong>que</strong></span> <span class='ocrx_word' id='word_1_776' title='bbox 2001 5171 2037 5221; x_wconf 78' lang='lat'><strong>‘2</strong></span> <span class='ocrx_word' id='word_1_777' title='bbox 2061 5170 2237 5239; x_wconf 88' lang='lat' dir='ltr'><strong>habet,</strong></span> <span class='ocrx_word' id='word_1_778' title='bbox 2265 5165 2596 5239; x_wconf 57' lang='grc' dir='ltr'>φιλοσοφίας.</span> 
     </span>
    </p>
   </div>
   <div class='ocr_carea' id='block_1_114' title="bbox 1942 5229 2943 5308">
    <p class='ocr_par' dir='ltr' id='par_1_114' title="bbox 1942 5229 2943 5308">
     <span class='ocr_line' id='line_1_115' title="bbox 1942 5229 2943 5308; baseline -0.012 -16"><span class='ocrx_word' id='word_1_779' title='bbox 1942 5239 2053 5308; x_wconf 86' lang='grc'>(77)</span> <span class='ocrx_word' id='word_1_780' title='bbox 2084 5229 2418 5308; x_wconf 74' lang='grc' dir='ltr'>Μελλῆσαι.</span> <span class='ocrx_word' id='word_1_781' title='bbox 2455 5229 2583 5308; x_wconf 60' lang='lat' dir='ltr'><strong>Reg.</strong></span> <span class='ocrx_word' id='word_1_782' title='bbox 2616 5247 2669 5302; x_wconf 86' lang='lat' dir='ltr'><strong>y,</strong></span> <span class='ocrx_word' id='word_1_783' title='bbox 2699 5229 2943 5308; x_wconf 66' lang='grc' dir='ltr'>μελῆσαι.</span> 
     </span>
    </p>
   </div>
   <div class='ocr_carea' id='block_1_115' title="bbox 1946 5297 3436 5381">
    <p class='ocr_par' dir='ltr' id='par_1_115' title="bbox 1946 5297 3436 5381">
     <span class='ocr_line' id='line_1_116' title="bbox 1946 5297 3436 5381; baseline -0.009 -18"><span class='ocrx_word' id='word_1_784' title='bbox 1946 5297 2058 5381; x_wconf 76' lang='grc'>(78)</span> <span class='ocrx_word' id='word_1_785' title='bbox 2089 5309 2194 5361; x_wconf 82' lang='grc' dir='ltr'><strong>Καὶ</strong></span> <span class='ocrx_word' id='word_1_786' title='bbox 2225 5297 2335 5373; x_wconf 80' lang='grc' dir='ltr'>τῆς</span> <span class='ocrx_word' id='word_1_787' title='bbox 2367 5297 2574 5373; x_wconf 74' lang='grc' dir='ltr'>ὁρμῆξ,</span> <span class='ocrx_word' id='word_1_788' title='bbox 2615 5297 2719 5356; x_wconf 74' lang='lat' dir='ltr'><strong>etc.</strong></span> <span class='ocrx_word' id='word_1_789' title='bbox 2768 5318 2786 5349; x_wconf 76' lang='grc' dir='ltr'><strong>ι</strong></span> <span class='ocrx_word' id='word_1_790' title='bbox 2821 5297 2940 5368; x_wconf 90' lang='lat' dir='ltr'><strong>Ipso</strong></span> <span class='ocrx_word' id='word_1_791' title='bbox 2991 5297 3154 5351; x_wconf 79' lang='lat' dir='ltr'><strong>amnti</strong></span> <span class='ocrx_word' id='word_1_792' title='bbox 3185 5304 3327 5350; x_wconf 90' lang='lat' dir='ltr'><strong>motu</strong></span> <span class='ocrx_word' id='word_1_793' title='bbox 3373 5309 3436 5349; x_wconf 90' lang='lat' dir='ltr'><strong>ac</strong></span> 
     </span>
    </p>
   </div>
   <div class='ocr_carea' id='block_1_116' title="bbox 1876 5378 2542 5447">
    <p class='ocr_par' dir='ltr' id='par_1_116' title="bbox 1876 5378 2542 5447">
     <span class='ocr_line' id='line_1_117' title="bbox 1876 5378 2542 5447; baseline -0.009 -15"><span class='ocrx_word' id='word_1_794' title='bbox 1876 5378 2166 5447; x_wconf 81' lang='lat' dir='ltr'><strong>cupiditate</strong></span> <span class='ocrx_word' id='word_1_795' title='bbox 2196 5392 2349 5444; x_wconf 83' lang='lat' dir='ltr'><strong>pene,</strong></span> <span class='ocrx_word' id='word_1_796' title='bbox 2391 5396 2408 5426; x_wconf 77' lang='grc' dir='ltr'><strong>ι</strong></span> <span class='ocrx_word' id='word_1_797' title='bbox 2440 5384 2542 5447; x_wconf 82' lang='lat' dir='ltr'><strong>etc.</strong></span> 
     </span>
    </p>
   </div>
   <div class='ocr_carea' id='block_1_117' title="bbox 1949 5435 3435 5517">
    <p class='ocr_par' dir='ltr' id='par_1_117' title="bbox 1949 5435 3435 5517">
     <span class='ocr_line' id='line_1_118' title="bbox 1949 5435 3435 5517; baseline -0.007 -18"><span class='ocrx_word' id='word_1_798' title='bbox 1949 5435 2059 5517; x_wconf 80' lang='grc'>(79)</span> <span class='ocrx_word' id='word_1_799' title='bbox 2117 5435 2422 5517; x_wconf 62' lang='grc' dir='ltr'>Ἐσὶίορκονξ</span> <span class='ocrx_word' id='word_1_800' title='bbox 2461 5443 2539 5517; x_wconf 12' lang='grc' dir='ltr'><strong>δὲᾼ</strong></span> <span class='ocrx_word' id='word_1_801' title='bbox 2587 5437 2945 5517; x_wconf 48' lang='grc' dir='ltr'>ῥμόσαι.μίιιι</span> <span class='ocrx_word' id='word_1_802' title='bbox 3003 5435 3135 5517; x_wconf 68' lang='lat' dir='ltr'><strong>Reg.</strong></span> <span class='ocrx_word' id='word_1_803' title='bbox 3185 5443 3435 5517; x_wconf 63' lang='lat' dir='ltr'><strong>qqatuor.</strong></span> 
     </span>
    </p>
   </div>
   <div class='ocr_carea' id='block_1_118' title="bbox 1880 5503 3441 5582">
    <p class='ocr_par' dir='ltr' id='par_1_118' title="bbox 1880 5503 3441 5582">
     <span class='ocr_line' id='line_1_119' title="bbox 1880 5503 3441 5582; baseline -0.008 -10"><span class='ocrx_word' id='word_1_804' title='bbox 1880 5529 1932 5572; x_wconf 89' lang='lat' dir='ltr'><strong>et</strong></span> <span class='ocrx_word' id='word_1_805' title='bbox 1953 5503 2069 5572; x_wconf 52' lang='lat' dir='ltr'><strong>‘duo</strong></span> <span class='ocrx_word' id='word_1_806' title='bbox 2112 5503 2287 5572; x_wconf 58' lang='lat' dir='ltr'><strong>Colb.&#39;</strong></span> <span class='ocrx_word' id='word_1_807' title='bbox 2325 5515 2465 5569; x_wconf 88' lang='lat' dir='ltr'><strong>Edit.</strong></span> <span class='ocrx_word' id='word_1_808' title='bbox 2527 5503 2776 5582; x_wconf 75' lang='grc' dir='ltr'>ἐπίορκον</span> <span class='ocrx_word' id='word_1_809' title='bbox 2832 5503 3173 5582; x_wconf 33' lang='grc' dir='ltr'>δὲῃχωρῆσαι</span> <span class='ocrx_word' id='word_1_810' title='bbox 3233 5504 3266 5582; x_wconf 69' lang='grc' dir='ltr'>ᾖ</span> 
     </span>
    </p>
   </div>
   <div class='ocr_carea' id='block_1_119' title="bbox 1885 5573 3442 5655">
    <p class='ocr_par' dir='ltr' id='par_1_119' title="bbox 1885 5573 3442 5655">
     <span class='ocr_line' id='line_1_120' title="bbox 1885 5573 3442 5655; baseline -0.01 -14"><span class='ocrx_word' id='word_1_811' title='bbox 1885 5605 1993 5641; x_wconf 88' lang='grc' dir='ltr'>σαι.</span> <span class='ocrx_word' id='word_1_812' title='bbox 2033 5587 2132 5641; x_wconf 84' lang='lat' dir='ltr'><strong>Alii</strong></span> <span class='ocrx_word' id='word_1_813' title='bbox 2185 5601 2308 5639; x_wconf 84' lang='lat' dir='ltr'><strong>vero</strong></span> <span class='ocrx_word' id='word_1_814' title='bbox 2331 5585 2506 5655; x_wconf 89' lang='lat' dir='ltr'><strong>plures</strong></span> <span class='ocrx_word' id='word_1_815' title='bbox 2551 5573 2844 5655; x_wconf 75' lang='grc' dir='ltr'>ἐπὶ’ὃρκον</span> <span class='ocrx_word' id='word_1_816' title='bbox 2877 5573 3272 5655; x_wconf 50' lang='grc' dir='ltr'>δὲ’ξχωρῆσαιῆ</span> <span class='ocrx_word' id='word_1_817' title='bbox 3315 5573 3442 5644; x_wconf 86' lang='grc' dir='ltr'><strong>ὀμό-</strong></span> 
     </span>
    </p>
   </div>
   <div class='ocr_carea' id='block_1_120' title="bbox 1886 5647 3442 5725">
    <p class='ocr_par' dir='ltr' id='par_1_120' title="bbox 1886 5647 3442 5725">
     <span class='ocr_line' id='line_1_121' title="bbox 1886 5647 3442 5725; baseline -0.008 -16"><span class='ocrx_word' id='word_1_818' title='bbox 1886 5675 1996 5720; x_wconf 87' lang='grc' dir='ltr'>σαι,</span> <span class='ocrx_word' id='word_1_819' title='bbox 2027 5673 2145 5725; x_wconf 83' lang='lat' dir='ltr'><strong>quae</strong></span> <span class='ocrx_word' id='word_1_820' title='bbox 2191 5647 2346 5712; x_wconf 72' lang='lat' dir='ltr'><strong>lectio</strong></span> <span class='ocrx_word' id='word_1_821' title='bbox 2379 5670 2484 5710; x_wconf 91' lang='lat' dir='ltr'><strong>non</strong></span> <span class='ocrx_word' id='word_1_822' title='bbox 2513 5647 2831 5723; x_wconf 83' lang='lat' dir='ltr'><strong>spernenda,</strong></span> <span class='ocrx_word' id='word_1_823' title='bbox 2875 5647 2967 5703; x_wconf 87' lang='lat' dir='ltr'><strong>sed</strong></span> <span class='ocrx_word' id='word_1_824' title='bbox 3015 5657 3190 5701; x_wconf 91' lang='lat' dir='ltr'><strong>tamen</strong></span> <span class='ocrx_word' id='word_1_825' title='bbox 3243 5655 3442 5699; x_wconf 74' lang='lat' dir='ltr'><strong>nostra:</strong></span> 
     </span>
    </p>
   </div>
   <div class='ocr_carea' id='block_1_121' title="bbox 1881 5726 2260 5797">
    <p class='ocr_par' dir='ltr' id='par_1_121' title="bbox 1881 5726 2260 5797">
     <span class='ocr_line' id='line_1_122' title="bbox 1881 5726 2260 5797; baseline -0.016 -12"><span class='ocrx_word' id='word_1_826' title='bbox 1881 5726 2236 5797; x_wconf 77' lang='lat' dir='ltr'><strong>post-habenda</strong></span> <span class='ocrx_word' id='word_1_827' title='bbox 2248 5766 2260 5779; x_wconf 96' lang='lat'><strong>.</strong></span> 
     </span>
    </p>
   </div>
  </div>
