3878 6398
398 289 501 344 cas
743 317 751 325 .
1628 295 1683 349 s.
1725 293 2055 349 cauconu
2099 273 2442 349 mactem
3539 309 3646 364 eos

397 417 550 458 atrox
589 413 640 456 et
661 403 926 458 nefarium
956 417 1232 469 censetur,
1264 418 1318 460 ut
1346 408 1721 476 jusjurandum
1749 427 1963 480 quoque

2079 413 2225 482 ὅρκον
2268 415 2448 482 μόνοις
2491 415 2625 484 ἡμῖν
2672 415 2970 484 τυγχάνειν·
3001 418 3325 490 ἀπώμοτον;
3370 425 3644 495 Χρήματα

401 499 574 565 ipsum
609 497 765 550 nobis
793 497 924 551 solis
959 498 1304 554 interdictum
1333 501 1441 554 sit?
1483 500 1601 556 .lam
1643 518 1772 557 vero
1802 519 1963 573 pecu-

2079 501 2117 552 Ξὲ
2144 505 2259 564 τοῖς
2304 503 2402 572 μὲν
2432 503 2645 568 πολλοῖς
2687 506 2797 559 οὐδ’
2845 507 3064 575 ἐγένετο
3110 510 3256 580 (80)·
3309 515 3530 572 πολλοῖς
3585 518 3643 570 δὲ

395 590 521 656 nite,
554 589 736 644 multis
769 605 833 643 ne
859 605 1094 658 unquam
1122 592 1337 662 quidem
1371 593 1489 648 ulla:
1534 593 1784 649 fuerunt:
1811 597 1961 650 multi

398 696 614 734 rursum
656 680 758 735 hoc
791 696 896 736 uno
931 683 1150 738 nomine
1179 684 1344 738 multa
1371 687 1600 741 libenter
1631 687 1960 756 habuerunt,

394 782 450 826 ut
489 772 652 827 multa
701 783 1134 840 contemnerent,
1185 785 1483 832 extremam
1521 779 1756 848 inOpiam
1794 781 1963 834 instar

391 863 632 916 omnium
677 879 838 932 opum
893 866 1152 921 colentes.
1210 865 1412 924 Ventre
1469 885 1654 938 porro,
1703 882 1958 941 tanquam

391 955 585 1030 acerbo
619 958 852 1025 quodam
899 967 953 1012 et
1001 956 1309 1014 detestabili
1370 963 1623 1028 domino,
1670 963 1963 1018 malorum-

388 1062 493 1119 que
521 1048 762 1102 ot‘nnium
805 1061 1028 1117 parente
1049 1091 1064 1115 ,
1116 1053 1183 1106 ad
1214 1067 1456 1107 crassum
1487 1054 1676 1124 vulgus
1714 1055 1960 1126 ahjecto;

389 1154 491 1194 non
518 1155 650 1193 sane
681 1155 932 1210 magnum
977 1143 1140 1198 fuerit
1170 1144 1272 1198 hoc
1315 1147 1380 1200 de
1410 1145 1543 1216 ipsis
1574 1147 1777 1210 dicere,
1816 1150 1963 1218 quod

394 1239 512 1280 eam
548 1227 648 1281 sibi
690 1228 797 1281 vim
842 1230 1164 1298 adhibeant,
1220 1241 1280 1286 ut
1339 1248 1476 1302 pene
1519 1235 1699 1291 carnis
1751 1252 1964 1307 quoque

394 1319 567 1372 omnis
604 1329 854 1388 expertes
890 1337 1010 1377 esse
1054 1325 1364 1389 videantur,
1419 1326 1670 1379 nimirum
1714 1327 1764 1381 id
1816 1329 1957 1396 quod

387 1411 613 1464 mortale
645 1423 748 1477 est,
785 1427 882 1479 per
915 1414 967 1468 id
1015 1418 1156 1485 quod
1191 1417 1518 1480 immortale,
1567 1417 1912 1472 absumentes
1943 1437 1955 1471 :

386 1518 448 1558 ac
477 1505 694 1561 virtutis
725 1506 856 1575 ipsis
890 1506 1004 1561 haec
1032 1524 1134 1561 una
1166 1509 1249 1563 lex
1286 1521 1388 1573 εει,
1428 1526 1496 1564 ne
1524 1509 1811 1565 levissimis
1836 1513 1956 1578 qui-

386 1596 506 1650 dem
538 1599 716 1662 vitiis,
767 1608 930 1667 atque
967 1599 1035 1655 ab
1080 1602 1333 1656 omnibus
1377 1602 1654 1672 neglectis,
1707 1618 1958 1659 succum-

2060 591 2147 644 διὰ
2194 592 2338 646 τοῦτ’
2361 593 2424 647 ἂν
2459 590 2527 666 ἦν
2559 597 2727 667 ἡδέως
2756 597 2924 651 πλείω
2971 602 3066 654 καὶ
3114 603 3294 672 μόνον,
3329 606 3416 659 ἵνα
3465 608 3645 661 πλειό-

2061 702 2168 737 νων
2202 685 2522 756 ὐπερίδωσι,
2549 689 2610 742 τὸ
2650 690 2812 760 μηδὲν
2841 691 2988 762 ἔχειν
3019 695 3143 747 ἀντὶ
3175 697 3373 760 παντὸς
3410 699 3650 754 πλούτου

2073 777 2520 848 φιλοσοφοῦντες·
2568 784 2809 854 γαστέρα
2861 784 2915 838 δὲ
2967 789 3081 849 τοῖς
3129 788 3345 853 πολλοῖς
3403 793 3641 864 ἀτεορρί-

2057 869 2256 938 ψαντες
2295 873 2372 936 ὡς
2405 873 2608 945 πικράν
2651 874 2936 930 δέσποιναν
2988 879 3082 930 καὶ
3133 879 3499 945 ἀπόπτυστον,
3554 885 3644 936 καὶ

2057 963 2273 1017 πάντων
2313 965 2500 1018 κακῶν
2553 967 2792 1038 μητέρα·
2845 969 2906 1021 οὐ
2945 969 3087 1039 μέγα
3126 971 3327 1040 φῆσαι,
3373 973 3460 1024 ὅτι
3509 975 3644 1042 μηδὲ

2059 1055 2260 1127 σάρκες
2298 1053 2438 1111 εἶναι
2473 1057 2774 1128 βιάζονται,
2811 1060 2889 1132 τῷ
2918 1061 3167 1132 ἀθανάτῳ
3195 1063 3306 1130 (81)
3340 1064 3401 1116 τὸ
3447 1064 3641 1133 θνητὸν

2059 1147 2465 1213 ἀναλίσκοντες·
2499 1151 2592 1202 καὶ
2621 1150 2783 1222 νόμος
2815 1147 2896 1215 εἷς
2932 1153 3114 1216 αὐτοῖς
3144 1154 3362 1225 ἀρετῆς,
3402 1155 3464 1207 τὸ
3507 1155 3639 1224 μηδὲ

2067 1238 2175 1292 τῶν
2210 1241 2420 1313 μικρῶν
2461 1243 2744 1315 ἡττᾶσθαι,
2780 1246 2874 1298 καὶ
2920 1247 3054 1298 πᾶσι
3078 1287 3080 1290 τ
3103 1247 3536 1317 παρορωμένων.
3570 1247 3640 1299 Τὸ

2067 1332 2176 1405 γὰρ
2226 1334 2532 1399 κάλλιστον,
2575 1339 2679 1401 ὅτι,
2721 1338 2830 1390 τῶν
2867 1338 3042 1392 ἄλλων
3089 1339 3158 1392 τά
3210 1338 3339 1407 τέλη
3373 1356 3642 1409 τιμωρου-

2069 1425 2242 1494 μένων
2287 1427 2428 1480 κατὰ
2457 1429 2584 1493 τοὺς
2617 1429 2834 1499 νόμους,
2881 1431 3041 1500 ἡμεῖς
3078 1429 3172 1482 καὶ
3203 1430 3303 1492 τὰς
3330 1430 3507 1500 ἀρχάς
3551 1447 3640 1482 κο-

2063 1515 2317 1586 λάζομεν,
2357 1517 2545 1590 ὥσπερ
2571 1537 2623 1573 τι
2653 1519 2832 1590 ῥεῦμα
2875 1521 3108 1591 πονηρὸν
3139 1522 3233 1574 καὶ
3269 1521 3639 1574 δυσκάθεκτον

2065 1607 2349 1679 πόρῤωθεν
2382 1611 2812 1674 ἀναστέλλοντες.

390 1691 536 1746 bere.
576 1690 721 1746 Nihil
753 1695 913 1748 etiam
952 1699 1263 1765 pra-clarius
1298 1716 1360 1753 ac
1393 1701 1758 1783 praestantius,
1792 1716 1952 1770 quam
1990 1703 2155 1772 quod,
2187 1705 2306 1761 aliis
2332 1706 2596 1762 scelerum
2627 1707 2764 1762 lines
2827 1709 2980 1777 juxta
3049 1708 3189 1775 leges
3218 1709 3637 1769 vindicantibus.

389 1801 483 1839 nos
514 1786 773 1856 principia
811 1803 1026 1858 quoque
1061 1791 1169 1859 ipsa
1209 1793 1514 1860 plectimns,
1549 1808 1612 1847 ac
1648 1793 1790 1848 velut
1829 1794 2027 1848 malum
2066 1796 2357 1866 quoddam,
2393 1799 2645 1869 quodque
2679 1800 2770 1854 vix
2795 1798 2915 1855 sisti
2944 1815 3006 1852 ac
3043 1799 3261 1868 reprimi
3300 1809 3487 1868 queat,
3518 1815 3637 1867 pro-

387 1877 606 1935 ﬂuvium
643 1880 811 1931 multo
848 1890 970 1933 ante
1009 1883 1344 1938 cohibemns.

461 1964 618 2036 147
658 1965 888 2021 CXXIV.
935 1969 1165 2025 Ubinam
1213 1980 1417 2037 autem,
1467 1987 1671 2042 quasso.
1724 1983 1776 2029 et
1821 1974 1963 2043 apud

2137 1974 2306 2026 PKA'.
2347 1972 2459 2025 Ποῦ
2504 1973 2561 2025 δὲ
2612 1991 2707 2027 και
2762 1975 2915 2047 παρὰ
2960 1977 3100 2030 τίσιν
3151 1977 3479 2050 ἀνθρώπων,
3524 1982 3643 2035 εὲπέ

387 2071 523 2125 quos
556 2057 832 2122 homines,
883 2059 1151 2115 sancitum
1196 2068 1300 2125 est,
1335 2071 1394 2115 ut
1420 2063 1508 2130 qui
1542 2061 1958 2124 maledicuntur,

387 2149 712 2204 benedicant
766 2151 833 2214 ⁸⁸,
885 2152 980 2221 qui
1031 2154 1498 2224 blasphemantur,
1556 2154 1842 2209 obsecrent
1890 2154 1958 2217 ⁵⁵,

387 2240 528 2307 quod
580 2242 790 2298 scilicet
848 2259 954 2298 non
999 2256 1107 2299 tam
1165 2240 1434 2313 obiectum
1493 2246 1740 2306 crimen,
1798 2260 1962 2314 quam

388 2335 588 2389 veritas
616 2334 728 2404 ipsa
771 2352 868 2392 nos
896 2338 1095 2403 laedat,
1136 2341 1226 2410 qui
1277 2339 1711 2408 persecutionem
1752 2339 1964 2407 patiun-

390 2448 495 2495 Ittl',
524 2429 738 2495 cedant,
777 2432 868 2500 qui
898 2432 1136 2486 vestibus
1163 2431 1487 2501 spoliantur,
1521 2430 1756 2501 amplius
1790 2432 1964 2486 adhuc

387 2543 444 2581 se
465 2533 685 2588 exuant,
719 2525 809 2593 qui
839 2523 1140 2577 maledictis
1166 2531 1222 2577 et
1246 2522 1619 2577 exsecratione
1639 2519 1958 2585 abiciuntur,

389 2634 489 2688 pro
541 2614 987 2670 maledicentibns
1049 2623 1255 2670 orent:
1293 2623 1475 2683 atque,
1526 2621 1587 2667 nt
1639 2627 1746 2668 uno
1797 2612 1963 2667 verbo

390 2710 606 2772 dicam,
663 2707 944 2760 audaciam
993 2716 1048 2760 et
1096 2705 1566 2776 importunitatem
1635 2703 1965 2775 benignitate

392 2798 630 2864 vincant,
671 2811 895 2865 eosque,
937 2811 968 2850 a
1017 2796 1213 2864 quibus
1244 2795 1498 2864 iniuriam
1546 2793 1839 2864 accipiunt,
1867 2808 1963 2863 pa-

391 2890 578 2945 tientia
609 2906 705 2944 sua
741 2891 995 2946 meliores
1026 2890 1303 2946 eliiciant?
1342 2891 1524 2960 Atque
1550 2898 1609 2943 ut
1631 2889 1732 2944 hoc
1755 2889 1962 2951 demus,

392 2997 486 3037 eos
514 2982 710 3038 fucatis
756 2983 870 3039 suis
919 2984 1205 3055 praeceptis
1251 2983 1443 3038 vitium
1475 2984 1801 3053 reprimere,
1856 2997 1964 3050 quo

395 3075 609 3131 tandem
643 3075 802 3132 modo
849 3078 914 3131 ad
964 3077 1183 3133 virtutis
1228 3085 1284 3133 et
1321 3076 1581 3133 doctrinas
1613 3084 1808 3130 nostra:
1845 3089 1968 3145 gra-

391 3166 514 3219 dum
549 3165 915 3234 pervenerint,
949 3167 1063 3237 qui,
1095 3181 1200 3221 non
1227 3166 1280 3221 in
1307 3167 1510 3222 virtute
1532 3166 1823 3236 proiicere,
1861 3181 1962 3221 nec

389 3273 456 3311 ex
496 3259 770 3314 veteribus
798 3258 1028 3314 subinde
1054 3274 1222 3314 novos
1248 3259 1385 3314 edici
1415 3299 1429 3324 ,
1475 3259 1568 3314 sed
1595 3259 1785 3313 eodem
1819 3266 1963 3312 statu

391 3350 616 3413 hmrere,
673 3349 727 3404 in
773 3351 906 3405 vitio
957 3351 1246 3419 ponimus?
1306 3350 1385 3405 Ita
1443 3351 1589 3405 enim
1623 3350 1781 3404 nobis
1827 3349 1963 3403 idem
1993 3323 2034 3380 (ἶ

390 3443 532 3512 quod
557 3443 780 3508 trochis,
818 3443 1110 3510 accideret,
1144 3457 1280 3513 quos
1325 3443 1379 3498 in
1424 3443 1610 3497 orbem
1648 3441 1819 3507 volvi,
1855 3457 1962 3497 non

390 3541 570 3588 :ntem
623 3533 896 3603 progredi,
951 3533 1217 3598 videmus,
1277 3542 1440 3602 atque
1488 3533 1729 3599 immote,
1782 3541 1842 3586 ut
1888 3532 1966 3587 sic

392 3623 604 3694 bquar,
639 3626 862 3680 scuticae
912 3625 964 3679 vi
1005 3624 1265 3695 impulsos
1317 3627 1507 3680 rotari.
1569 3624 1834 3690 Quocirca
1869 3641 1967 3678 nos

391 3715 465 3769 ita
502 3717 853 3770 constitutam
897 3714 1099 3770 habere
1144 3717 1267 3770 vitae
1317 3716 1583 3771 rationem
1620 3725 1856 3786 oportet,
1911 3726 1970 3769 ut

391 3806 640 3868 virtutes,
699 3807 896 3877 partim
955 3806 1064 3878 jam
1113 3823 1498 3878 exsequamur,
1548 3808 1745 3878 partim
1780 3808 1832 3862 in
1877 3823 1970 3863 eas

2067 2084 2179 2137 μοι,
2213 2065 2276 2118 τὺ
2315 2065 2756 2136 λοιδορουμένους
2799 2071 3088 2140 εὐφημεῖν,
3115 2069 3644 2141 βλασφημουμένους

2065 2159 2427 2232 παρακαλεῖν,
2455 2159 2530 2222 ὡς
2556 2159 2617 2212 οὺ
2649 2161 2746 2231 τῆς
2780 2163 3120 2234 κακηγορίας
3146 2163 3258 2234 (8⁸2)
3297 2163 3642 2234 βλαπτούπς

2068 2249 2270 2319 μᾶλλον
2320 2249 2354 2320 ἢ
2397 2248 2496 2317 τῆς
2556 2248 2852 2317 ἀληθείας,
2907 2249 3269 2320 διωκομένους
3317 2250 3644 2322 ὑποχωρεῖν,

2064 2340 2437 2411 γυμνομένόυς
2490 2341 2999 2411 προσαπεκδύεσθαι
3042 2341 3173 2412 (85),
3218 2342 3650 2416 καταρωμένους

2064 2432 2461 2505 ὑπερεύχεσθαι
2511 2431 2620 2484 τῶν
2683 2431 3007 2503 ἀρωμένωνο
3068 2433 3147 2485 ἐνὶ
3204 2431 3369 2503 λόγῳ,
3415 2432 3648 2502 χρηστό-

2063 2543 2185 2596 τητι
2235 2526 2390 2594 νικᾷν
2439 2523 2783 2594 θρασύτητα,
2832 2524 2923 2577 καὶ
2979 2523 3222 2593 βελτίους
3289 2529 3462 2579 ποιεῖν
3523 2528 3650 2591 τοὺς

2065 2615 2401 2679 ἀδικοῦντας,
2425 2610 2504 2679 οἷς
2531 2615 2900 2687 καρτεροῦμεν
2939 2615 3270 2686 statum-:53
3303 2617 3500 2671 Καίτοι
3546 2617 3650 2671 κᾶν

2065 2713 2113 2762 εἰ
2165 2710 2362 2764 κακίαν
2411 2709 2634 2779 δοίημεν
2686 2709 2883 2771 αὐτοὺς
2929 2708 3040 2778 (84)
3090 2708 3340 2772 κολάζειν
3388 2711 3511 2773 ταῖς
3556 2710 3652 2763 τοῦ

2067 2802 2381 2872 πλάσματος
2435 2799 2820 2871 παραινέσεσι,
2881 2798 2983 2852 ποῦ
3041 2800 3100 2852 τὸ
3137 2800 3341 2871 φθάσαι
3395 2802 3537 2874 πρὸς
3580 2802 3647 2854 τά

2070 2895 2242 2965 μέτρα
2283 2894 2383 2965 τῆς
2417 2892 2690 2964 ἡμετέρας
2741 2893 2942 2964 ἀρετῆς
3005 2894 3097 2946 καὶ
3158 2893 3518 2960 παιδεύσεως,
3567 2889 3647 2953 οἷς

2067 2988 2160 3039 κα).
2187 2985 2247 3038 τὸ
2284 2986 2359 3057 μὴ
2387 2985 2701 3057 προϐαίνειν
2729 2983 2841 3055 (85)
2871 2983 2948 3054 τῷ
2975 2984 3145 3054 καλῷ,
3181 2985 3315 3056 μηδὲ
3344 2985 3504 3047 νέους
3531 2986 3650 3038 ἀντὶ

2069 3076 2311 3130 παλαιῶν
2347 3076 2434 3129 ἀεὶ
2475 3074 2740 3144 γίνεσθαι,
2776 3074 2889 3127 ἀλλ’
2933 3076 2992 3127 ὲν
3018 3071 3201 3144 ταυτῴ
3249 3072 3435 3142 μένειν
3482 3071 3649 3125 κακία

2067 3166 2250 3231 δοκεῖ;
2318 3165 2609 3237 Στρόμὸων
2669 3164 2731 3217 τὸ
2808 3163 2981 3226 πάθος
3056 3163 3529 3235 περιτρεχόντων,
3589 3161 3646 3213 οὐ

2069 3259 2389 3328 προϊόντων,
2446 3258 2541 3310 καὶ
2613 3255 2876 3325 στάσιμον
2945 3255 3297 3326 κινουμένων,
3360 3255 3427 3307 ἵν’
3475 3252 3646 3315 οὕτως

2072 3349 2239 3412 εἴπω,
2284 3350 2350 3417 τῇ
2401 3346 2492 3418 βίᾳ
2534 3347 2630 3415 τῆς
2681 3347 2962 3416 μάστιγος.
3006 3346 3118 3398 Καὶ
3167 3345 3248 3398 δεῖ
3291 3344 3352 3397 τὸ
3391 3343 3496 3415 μὲν
3539 3343 3647 3412 (86)

2073 3443 2203 3512 ἡμῖν
2241 3438 2528 3510 ἐξηνύσθαι
2552 3437 2660 3490 τῶν
2689 3437 2890 3499 καλῶν,
2931 3437 3025 3490 τοῦ
3069 3437 3125 3490 δὲ
3168 3437 3413 3508 ἔχεσθαι,
3459 3436 3559 3490 τοῦ
3591 3436 3646 3489 δὲ

2072 3529 2317 3600 ἐφίεσθαι
2353 3529 2513 3602 μέχρι
2555 3530 2648 3581 τοῦ
2679 3528 2865 3592 τέλους
2901 3528 3000 3581 καὶ
3028 3529 3126 3597 τῆς
3169 3528 3438 3592 θεώσεως,
3483 3529 3570 3595 ἐφ’

2072 3621 2371 3693 γεγόναμεν
2403 3621 2496 3674 καὶ
2543 3621 2680 3690 πρὸς
2722 3619 2790 3691 ἢν
2823 3618 3177 3690 ἐπειγόμεθα,
3215 3619 3270 3673 οῖ
3297 3635 3360 3687 γε
3405 3619 3649 3672 διαῦατι-

2075 3718 2161 3768 κοὶ
2191 3713 2289 3784 τὴν
2315 3711 2696 3790 διάνοιανηκαί
2741 3728 2795 3764 τι
2841 3711 2940 3782 τῆς
2977 3710 3072 3764 τοῦ
3116 3711 3250 3765 Θεοῦ
3293 3711 3649 3782 μεγαλονοίας

2077 3806 2385 3871 ἐλπίζοντες
2413 3804 2582 3869 ἄξιον.

392 3903 792 3967 incumbamus,
819 3904 1014 3973 partim
1062 3905 1255 3974 cupide
1286 3915 1636 3975 appetamus,
1680 3920 1959 3975 quousque
1989 3906 2054 3959 ad
2092 3906 2248 3960 linem
2307 3919 2371 3958 ac
2429 3902 2826 3956 deificationem
2886 3900 3029 3955 illam
3087 3902 3535 3970 pervenerimus.
3583 3902 3650 3954 ob

393 4009 554 4064 quam
595 3995 762 4048 creati
821 4009 1029 4060 sumus,
1079 4002 1136 4049 et
1183 3994 1248 4048 ad
1281 4011 1442 4064 quam
1495 4009 1870 4064 properamus,
1921 3996 1965 4050 si
2008 3999 2164 4050 modo
2196 3995 2379 4050 animo
2405 3995 2617 4049 excelso
2661 4005 2716 4048 ct
2773 3994 2824 4046 in
2890 3992 3055 4048 altum
3083 4003 3402 4064 penetrante
3438 4009 3648 4056 sumus,

395 4096 559 4157 atque
628 4087 831 4157 aliquid
896 4087 992 4144 Dei
1047 4089 1452 4158 magniﬁcentia
1511 4088 1732 4156 dignum
1792 4104 2089 4159 speramus.

464 4181 512 4213 “
543 4180 733 4236 Matth.
779 4197 832 4245 v,
864 4180 953 4235 44.
1031 4183 1078 4214 ⁸³
1113 4180 1284 4237 ICor.
1318 4197 1392 4246 Iv,
1436 4183 1522 4236 l5.

464 4291 577 4362 (80)
593 4291 730 4345 Οὐδ’
759 4292 1014 4361 ἐγένετο.
1053 4292 1187 4360 Quia
1223 4293 1475 4348 nimirum
1507 4293 1590 4347 vel
1616 4293 1820 4349 oblatas
1841 4309 1970 4361 opes

395 4362 544 4416 adire
570 4364 872 4424 uoluerunt.
905 4365 984 4416 vel
1012 4379 1325 4432 comparare
1352 4363 1719 4432 neglexerunt.
1747 4365 1958 4434 Alioqui

394 4442 580 4487 coacta
597 4443 738 4555 etdex
758 4436 1080 4488 necessitate
1105 4444 1399 4504 paupertas
1416 4449 1444 4486 a
1463 4434 1723 4504 Gregorio
1744 4435 1964 4488 minime

397 4516 642 4556 commen
688 4513 827 4556 :Hlll‘.

464 4575 574 4645 (8!)
611 4572 692 4637 Τῷ
713 4574 1004 4638 ἀθανάτῳ.
1023 4573 1334 4630 Mendosein
1357 4574 1426 4628 Pa
1437 4573 1680 4628 r.edit.':b
1695 4574 1964 4645 ἀθανάτῳ.

2147 4290 2256 4358 (85)
2297 4287 2882 4358 Προσαπεκδύεσθαι.
2933 4287 3022 4342 Sic
3062 4287 3194 4357 Reg.
3238 4295 3293 4340 et
3342 4287 3496 4358 Colh.
3535 4290 3652 4355 plu-

2078 4357 2184 4424 res,
2227 4361 2377 4414 Pass.
2414 4369 2466 4414 et
2509 4359 2739 4413 Montac.
2775 4358 2912 4413 Editi
2952 4373 3100 4422 vero,
3141 4357 3646 4426 προσαποδύεσθαι.

2145 4431 2256 4501 (84)
2307 4431 2558 4498 Δοίημεν
2607 4429 2847 4501 αὐτούς.
2919 4427 3326 4501 Plures__Reg._
3379 4439 3430 4481 et
3461 4429 3556 4484 0r.
3595 4432 3646 4493 1,

2073 4496 2293 4571 δοίημεν
2316 4496 2530 4564 ,αὐτοῖς.
2571 4498 2694 4571 Alii,
2738 4499 2956 4571 δοίημεν
2995 4496 3239 4571 κολάζειν
3267 4498 3470 4571 αὐτοῖς.

2146 4570 2647 4640 (85)Προόαίνειν.
2682 4570 2978 4640 Ιιοίοιιιιιεε
3025 4570 3193 4622 nostri
3219 4570 3465 4640 βιώσεις,
3513 4585 3650 4636 [ιι-ε-

466 4643 577 4714 (82)
639 4637 1032 4712 Κακηγορίας.
1087 4646 1165 4699 lta
1222 4645 1354 4714 Reg.
1399 4645 1634 4713 quinque
1682 4657 1736 4699 et
1765 4647 1858 4700 Or.
1911 4637 1963 4698 ἱ.

2079 4637 2391 4714 ιρι-Βομη,
2424 4641 2514 4714 qui
2545 4655 2665 4714 cum
2691 4639 2825 4714 edit.
2861 4640 3037 4714 habet,
3063 4637 3428 4709 προσϐαίνειν.

396 4712 727 4786 Νοιιξρειυςί
783 4725 960 4768 tamen
1016 4731 1138 4786 cum
1169 4712 1347 4786 editis,
1384 4712 1736 4786 κατηγορίας.
1786 4717 1969 4771 Potest

397 4785 542 4855 reddi
573 4801 586 4835 :
628 4803 646 4833 ι
674 4797 857 4851 utpote
873 4801 1005 4852 quos
1034 4785 1172 4841 male
1193 4785 1461 4855 objectum
1483 4785 1687 4841 crimen
1717 4804 1822 4842 non
1857 4803 1970 4841 nia-

395 4854 476 4922 gis
497 4870 657 4923 quam
682 4860 882 4909 veritas
900 4856 1074 4910 laedat.
1115 4874 1134 4906 ι

2147 4709 2395 4781 (86)⁷Καὶ
2420 4711 2514 4764 δεῖ
2538 4709 2603 4763 τὸ
2627 4709 2760 4778 μέν,
2786 4721 2892 4765 etc.
2930 4728 2947 4759 ι
2987 4712 3300 4781 Oportetut
3347 4727 3468 4772 nos,
3525 4727 3647 4764 cum

2074 4779 2192 4851 qua:
2216 4794 2359 4837 recta
2391 4791 2517 4836 sunt
2563 4781 2667 4834 alia
2705 4793 2868 4850 opere
2917 4779 3384 4848 compleverimus,
3436 4783 3491 4834 in
3546 4783 3648 4835 alia

2074 4853 2462 4907 incumbamus.
2509 4869 2530 4903 ι

405 4977 3652 5004 ww

873 5107 1256 5184 ORATIO
1331 5110 1387 5179 V
1413 5104 1467 5183 ³.

499 5237 744 5293 Secunda
775 5240 831 5293 in
865 5239 1142 5293 Julianum
1171 5240 1531 5310 imperatorem
1559 5241 1833 5294 invectiva.

466 5395 508 5448 l.
542 5396 620 5450 Ac
655 5397 887 5464 primum
923 5396 1138 5464 quidem
1184 5411 1488 5451 sermonum
1525 5411 1764 5450 meorum
1802 5405 1976 5450 certa-

399 5501 518 5540 men
551 5487 856 5542 confectum
903 5501 956 5544 et
994 5490 1300 5546 absolutum
1337 5500 1439 5544 est.
1490 5488 1698 5544 Etenim
1745 5490 1978 5544 hominis

472 5618 491 5639 -
530 5600 673 5656 Alias
698 5617 779 5673 tv,
809 5619 931 5673 qua:
963 5617 1140 5660 autem
1174 5604 1206 5657 5
1238 5613 1377 5669 erat,
1420 5617 1561 5657 nunc
1589 5602 1977 5672 iO.-—Scripta

399 5673 552 5726 initio
585 5672 706 5725 anni
729 5672 852 5728 564.

469 5742 580 5815 (87)
613 5745 938 5809 Βασιλέως.
974 5744 1132 5798 Deest
1181 5745 1234 5800 in
1286 5755 1407 5800 octo
1437 5742 1567 5813 Reg.
1620 5745 1788 5801 tribus
1820 5746 1968 5801 Colh.

2599 5095 2964 5186 ΛΟΓΟΣ
3037 5093 3141 5187 Ε’.

2076 5237 2235 5292 Κατὰ
2294 5235 2620 5292 ’Ῑουλιανοῦ
2679 5235 2987 5358 βὲιοςιλέως
3038 5235 3153 5306 (87)
3204 5234 3656 5302 στηλιτευτικὸς

2748 5323 3006 5358 ευτεοοο.
3091 5343 3102 5356 .

2748 5323 3006 5373 ευτερος.
3091 5343 3102 5356 .

2148 5396 2228 5456 A’.
2269 5390 2436 5458 Οὗτος
2489 5411 2587 5466 μεν
2645 5395 2708 5466 δὴ
2762 5395 2866 5448 τῶν
2931 5395 3081 5466 ὲμῶν
3131 5394 3308 5464 λόγων
3358 5398 3387 5448 ὁ
3440 5394 3652 5465 πρῶτος

2084 5487 2273 5551 ἄεθλος
2323 5487 2434 5556 (88)
2483 5487 2857 5540 ἐκτετέλεσται
2903 5489 2997 5540 καὶ
3043 5487 3350 5558 διήνυσται’
3400 5488 3496 5541 κα)⁸
3548 5484 3652 5556 γὰρ

2087 5601 2180 5652 0r.
2209 5599 2260 5664 1,
2279 5597 2459 5652 etJes.
2490 5599 2540 5651 l.

2157 5670 2266 5738 (88)
2307 5670 2368 5721 Ὀ
2405 5667 2633 5736 πρῶτος
2669 5668 2902 5736 ἄεθλος.
2949 5668 3024 5725 lla
3072 5683 3201 5726 mss.
3256 5682 3463 5724 omnes.
3515 5667 3651 5721 Editi

2081 5740 2250 5812 πρῶτ’
2277 5738 2479 5802 ἄεθλος.
