3878 6398
141 404 216 462 653
1064 391 1320 448 ORATIO
1361 393 1422 447 V.
1463 426 1533 434 —
1570 395 1848 450 CONTRA
1889 395 2231 451 JULlANUM
2268 397 2334 452 11.

3198 403 3302 459 666

140 517 430 584 ἐπεδειξάμην
457 509 648 572 ἱκανῶς
690 507 791 578 τὴν
835 507 927 560 τοῦ
972 508 1160 578 ἀνδρὸς
1207 511 1534 581 κακοήθειαν
1581 514 1633 564 ἐν

1744 513 2142 582 improbitatem
2176 529 2239 566 ac
2266 512 2672 580 perversitatem
2705 513 2917 568 abunde
2937 515 3165 582 ostendi,
3191 529 3298 573 tam

137 610 198 676 οἷς
225 603 384 676 έδρασέ
419 616 474 652 τε
506 599 625 652 καθ’
662 597 838 668 ἡμῶν,
884 600 977 650 καὶ
1026 594 1106 662 οἷς
1164 599 1410 670 ἔμελλεν,
1459 602 1543 654 ἀεί
1586 621 1642 656 τι

137 703 216 756 τῶν
239 692 482 765 παρόντων
514 687 742 740 ἐπινοῶν
774 684 1091 757 βαρύτερον.
1123 688 1237 740 Νῦν
1277 684 1406 742 αὖτε
1441 691 1642 744 σκοπὸν

138 793 272 851 ἄλλον,
308 785 358 837 ὃν
395 782 487 834 οὐκ
531 777 624 832 οἷδ’
652 780 811 841 εἴτις
864 778 1149 849 βέϐληκεν,
1200 781 1301 851 ἤδη
1335 781 1429 834 τοῦ
1478 783 1636 850 λόγου

138 874 507 955 ﬁgmenti-owed,
537 872 656 943 Θεῷ
686 890 744 925 τε
801 872 1108 944 ἱερώτερον,
1156 876 1250 926 καὶ
1295 876 1428 945 ἡμῖν
1473 876 1631 945 ἡδίω,

135 979 202 1030 καὶ
250 975 345 1032 τοῖς
399 967 580 1019 ἔπειτα
647 965 1090 1036 χρησιμώτερον
1148 969 1262 1030 τοῖς
1322 969 1632 1037 εἰρημένοις

133 1065 384 1139 προσθεῖναι
431 1057 540 1128 (89)
588 1059 656 1112 τὰ
699 1059 879 1111 δίκαια
915 1058 1007 1112 τοῦ
1043 1057 1176 1112 Θεοῦ
1211 1060 1448 1131 σταθμία
1499 1061 1630 1132 (90),

133 1157 200 1208 καὶ
239 1147 306 1213 οἷς
349 1147 836 1201 ἀντιταλαντεύεται
901 1141 1136 1218 πονηρία
1188 1149 1322 1218 (91),
1379 1153 1490 1213 τοῖς
1537 1150 1636 1220 μὲν

130 1243 302 1300 αὐτόθεν
347 1239 450 1309 (92)
494 1239 810 1301 ἀπαντῶσα,
845 1242 957 1302 τοῖς
997 1239 1056 1292 δὲ
1103 1239 1198 1292 καὶ
1248 1240 1440 1310 μικρὸν
1481 1240 1635 1294 ὓστε-

134 1353 224 1409 ρον·
252 1336 380 1395 ὅπως
421 1329 503 1395 ἂν,
547 1327 728 1401 οἶμαι,
770 1329 846 1400 τῷ
893 1332 1112 1405 τεχνίτῃ
1141 1331 1298 1402 Λόγῳ
1333 1333 1499 1403 δοκῇ,
1541 1334 1636 1387 καὶ

129 1426 257 1496 ταμίᾳ
286 1423 383 1476 τῶν
423 1422 706 1494 ἡμετέρων
742 1423 884 1490 (95)’
928 1423 987 1486 ὃς
1025 1417 1133 1476 οἶδε
1198 1426 1482 1496 συμφορὰν
1537 1425 1638 1495 μὲν

131 1520 383 1572 ἐπικόπτειν
440 1513 601 1583 ἐλέῳ,
644 1513 843 1584 θράσος
906 1513 962 1566 δὲ
1017 1513 1210 1584 ἀτιμίᾳ
1283 1515 1637 1586 σωφρονίζειν

128 1613 195 1664 καὶ
226 1606 467 1680 μάστιξιν,
497 1602 580 1668 οἷς
620 1606 783 1668 αὐτὸς
814 1606 1100 1659 ἐπίσταται
1133 1606 1351 1676 μέτροις
1381 1608 1488 1677 (94)
1513 1626 1638 1661 παι-

127 1703 326 1762 ὃεύσεως.

1737 618 1834 672 per
1891 619 1953 657 ea
2005 617 2126 672 qua:
2171 604 2428 656 adversus
2460 618 2556 656 nos
2586 604 2950 672 perpetravit,
2993 621 3151 674 quam
3181 626 3301 678 qua:

1739 694 1918 748 facere
1951 693 2195 764 parabat,
2226 694 2306 748 sic
2350 693 2594 748 videlicet
2630 695 2810 748 animo
2849 710 3210 764 comparatus,
3242 712 3301 754 ut

1737 787 1805 842 ad
1843 796 2138 856 praesentes
2167 785 2493 840 acerbitates
2543 786 2744 854 aliquid
2790 788 3032 855 quotidie
3086 792 3301 859 gravius

1735 879 2092 948 excogitaret.
2117 877 2271 933 Nunc
2300 893 2426 933 vero
2451 878 2613 932 alium
2635 879 2745 948 jam
2772 881 3033 934 orationis
3059 897 3300 952 secpum,

1737 971 1802 1024 ad
1834 985 1993 1039 quem
2043 971 2185 1025 haud
2226 971 2340 1025 scio
2387 986 2455 1024 an
2499 971 2782 1040 quisquam
2835 973 3139 1038 collimarit,
3189 985 3300 1028 tum

1738 1065 1878 1132 apud
1935 1063 2100 1117 Deum
2153 1065 2505 1128 sanctiorem,
2546 1074 2658 1119 tum
2694 1064 2850 1119 nobis
2877 1064 3258 1133 iucundiorem
3285 1105 3300 1130 ,

1737 1163 1898 1224 atque
1933 1153 2067 1208 adeo
2109 1153 2342 1222 posteris
2374 1153 2665 1218 utiliorem,
2691 1153 2848 1208 nobis
2877 1168 3241 1223 proponemus
3280 1173 3296 1212 :

1745 1246 1999 1300 nimirum
2034 1255 2092 1300 ut
2119 1245 2186 1300 ad
2211 1259 2272 1300 ea
2303 1259 2423 1313 quae
2447 1244 2692 1313 superius
2724 1258 2755 1297 a
2796 1244 2954 1299 nobis
2979 1246 3124 1299 dicta
3155 1255 3302 1312 sunt,

1732 1336 1908 1404 justas
1936 1337 2030 1392 Dei
2062 1337 2243 1392 lances
2263 1336 2638 1405 adiungamus,
2663 1349 2862 1402 easque
2885 1350 3074 1404 poenas
3103 1337 3299 1404 quibus

1736 1427 2054 1496 improbitas
2124 1434 2529 1496 compensatur,
2579 1424 2702 1480 aliis
2757 1425 3016 1479 nimirum
3070 1426 3252 1480 statim
3285 1465 3301 1490 ,

1735 1520 1858 1574 aliis
1891 1529 2069 1573 autem
2101 1518 2382 1587 aliquanto
2414 1517 2576 1589 148
2608 1525 2732 1584 post
2762 1530 3086 1580 occurrens;
3124 1525 3302 1586 prout,

1733 1611 1948 1679 opinor,
1979 1608 2174 1664 artillci
2214 1607 2410 1674 Verbo,
2443 1620 2734 1676 rerumque
2761 1617 3068 1662 nostrarum
3101 1609 3306 1663 arbitro

1733 1711 1787 1756 et
1812 1701 2136 1756 moderatori
2174 1699 2348 1754 visum
2379 1699 2550 1754 fuerit
2588 1715 2604 1753 :
2646 1700 2737 1768 qui
2766 1738 2782 1763 ,
2826 1707 2886 1752 ut
2935 1699 3303 1754 calamitatem

129 1793 441 1850 misericordia
469 1792 738 1862 reprimit,
763 1793 832 1846 ita
857 1793 1020 1847 etiam
1073 1793 1365 1862 ignominia
1394 1804 1447 1848 et
1495 1793 1700 1862 ﬂagris,
1739 1811 1837 1864 pro
1875 1809 1942 1849 eo
1998 1793 2490 1849 animadversionis
2534 1795 2714 1860 modo,
2744 1808 2903 1864 quem
2940 1794 3055 1864 ipse
3087 1808 3308 1864 perspe-

126 1901 229 1942 ctum
269 1897 316 1941 et
350 1890 685 1955 exploratum
722 1887 921 1950 habet,
966 1888 1324 1941 temeritatem
1366 1903 1428 1943 ac
1475 1870 1813 1942 insolentiam
1843 1898 2077 1944 coercet.

174 1987 229 2036 θ’.
262 1983 451 2044 Νάσους
506 1981 608 2050 μὲν
665 1981 728 2050 δὴ
773 1980 882 2033 τῶν
934 1981 1145 2034 ἀσεϐῶν
1203 1959 1477 2046 ἐνδίκους,
1537 1983 1632 2035 καὶ
1662 1994 1704 2048 Β

127 2073 257 2143 ῥήξεις
281 2073 371 2124 οὐκ
411 2071 658 2138 ἀφανεῖς,
690 2070 782 2122 καὶ
811 2069 1181 2141 πολυτρόπους
1209 2070 1376 2134 ἄλλας
1418 2069 1635 2140 πληγάς

123 2167 186 2217 καὶ
215 2164 457 2232 μάστιγας
507 2155 592 2224 οἷς
641 2163 1004 2232 τετολμήκασι
1064 2162 1447 2233 παραπλησίας
1497 2163 1633 2233 (95),

123 2258 186 2307 καὶ
221 2255 460 2315 θανάτους
504 2254 570 2305 οὐ
621 2253 761 2306 κατά
805 2252 866 2305 τὸ
895 2251 1082 2315 εἰωθὸς
1115 2254 1487 2324 χωρήσαντας,
1540 2253 1636 2304 κα).

120 2348 188 2409 τὰς
210 2347 258 2398 ἐν
278 2346 448 2407 αὐτοῖς
487 2347 605 2407 τοῖς
643 2345 835 2408 δεινοῖς
867 2344 1265 2415 ἐξαγορεύσεις,
1310 2345 1402 2396 καὶ
1443 2344 1636 2414 ἀνονή-

119 2457 208 2501 τους
251 2437 632 2508 μεταμελείας,
683 2438 780 2498 τάς
825 2454 882 2489 τε
924 2437 989 2490 δι’
1037 2437 1326 2507 ὀνειράτων
1355 2434 1462 2506 (96)
1510 2453 1638 2488 παι-

119 2531 293 2594 δεύσεις,
317 2531 406 2582 καὶ
437 2529 504 2580 τὰ
545 2528 666 2581 καθ’
695 2529 842 2596 ὕπαρ
873 2527 982 2598 (97)
1020 2529 1402 2596 φαντάσματα,
1442 2527 1527 2590 τίς
1568 2527 1634 2580 ἂν

119 2622 238 2685 ἀξίως
278 2620 768 2691 ἑκτραγῳδὴσειεν;
805 2621 901 2672 ὅσα
944 2620 1068 2690 τεῆ
1121 2620 1248 2690 περὶ
1292 2620 1418 2682 τοὺς
1460 2619 1634 2682 θείους

117 2709 251 2773 οἴκους
283 2711 812 2784 παρανομήσασιν,ἦ
847 2711 974 2782 περὶ
1014 2711 1111 2772 τὰς
1165 2709 1316 2781 ἱερὰς
1360 2710 1635 2782 τραπέζας

117 2799 401 2870 ἑξνὸρίσασιν
449 2799 600 2870 (98),
641 2799 674 2870 ἦ
719 2801 844 2871 περὶ
894 2800 1018 2862 τοὺς
1078 2803 1374 2870 μυστικοὺς
1429 2800 1631 2871 κρατῆο

119 2907 188 2958 ρας
211 2889 302 2956 (99)
336 2893 605 2960 μανείσιν,
633 2891 665 2961 ἢ
707 2889 813 2943 τῶν
845 2891 1109 2959 σωμάτων
1139 2890 1294 2961 ἡμῶν
1331 2891 1522 2962 ἀνέδην
1556 2889 1633 2960 (1)

113 2982 509 3052 ἑμφορουμένοις,
553 2983 588 3053 ἢ
647 2981 813 3036 τᾶλλα
869 2981 1047 3035 πάντα
1093 2983 1192 3034 ὅσα
1247 2982 1632 3053 τετολμήκασι,

114 3077 528 3147 νεανιευσαμένοις
590 3077 772 3138 αὐτοῖς
826 3075 1140 3146 ἀπήντησε,
1196 3075 1297 3146 τῆς
1345 3075 1440 3130 τοῦ
1489 3076 1626 3130 Θεοῦ

112 3164 217 3218 κατά
247 3167 346 3220 τῶν
390 3165 653 3220 τοιούτων
701 3166 873 3238 ὀργῆς
918 3168 1118 3238 ὲναργῆ
1163 3167 1256 3220 καὶ
1302 3167 1510 3239 φανερά
1556 3167 1636 3238 (2)

113 3257 442 3327 γνωρίσματα
495 3258 688 3312 Ταῦτα
739 3258 838 3328 μὲν
887 3253 979 3310 οὖν
1028 3257 1168 3311 ἑκὼν
1224 3258 1629 3328 ὑπερϐήσομαι,

1803 1981 1864 2036 ll.
1907 1980 2200 2036 Enimvero
2236 1979 2358 2050 quis
2398 1979 2574 2049 justos
2615 1982 2902 2051 tmpiorum
2934 1982 3172 2047 morbos,
3206 1982 3310 2035 mi-

1737 2075 1992 2142 nimeque
2020 2072 2282 2127 obscuras
2328 2087 2612 2140 corporum
2660 2073 2956 2142 ruptiones,
3009 2088 3073 2128 ac
3128 2073 3311 2127 multi-

1737 2166 1906 2232 plices
1933 2165 2069 2218 alias
2092 2163 2278 2232 plagas
2308 2173 2363 2218 et
2401 2163 2564 2234 ﬂagra
2587 2207 2602 2231 ,
2630 2180 2817 2219 eorum
2858 2164 3154 2220 sceleribus
3178 2180 3310 2219 con-

1739 2258 1984 2324 gruentia
2014 2296 2030 2321 ,
2079 2265 2393 2326 mortesque
2444 2257 2858 2326 haudquaquam
2915 2258 3114 2312 usitato
3157 2272 3306 2313 more

1734 2350 1976 2411 obortas,
2006 2360 2305 2414 eorumque
2342 2346 2484 2398 inter
2517 2347 2662 2414 ipsos
2695 2347 2976 2402 cruciatus
3004 2347 3307 2401 confessio-

1737 2452 1852 2494 nes.
1889 2445 1943 2489 et
1977 2435 2196 2490 inutiles
2229 2420 2617 2503 poenitentias,
2653 2452 2852 2506 easque
2899 2453 3019 2506 quae
3071 2448 3180 2491 tum
3214 2453 3309 2508 per

1742 2527 2036 2592 insomnia,
2070 2537 2183 2581 tum
2222 2542 2318 2596 per
2355 2542 2481 2581 vera
2525 2529 2641 2580 visa
2675 2529 3046 2598 contigerunt,
3078 2529 3308 2597 castiga-

1737 2621 1955 2685 tiones,
2023 2634 2120 2688 pro
2169 2619 2426 2688 dignitate
2487 2633 2712 2673 narrare
2763 2628 2925 2688 atque
2981 2633 3308 2689 exaggerare

1735 2710 2008 2766 snﬂiciat?
2051 2725 2298 2782 quaeque,
2327 2709 2410 2765 vel
2441 2709 2510 2764 ob
2544 2709 2744 2779 ﬂagitia
2781 2711 2926 2764 circa
2961 2725 3146 2764 sacras
3167 2711 3308 2762 aedes
3379 2757 3382 2762 .

1735 2804 1996 2867 admissa,
2029 2803 2113 2858 vel
2142 2805 2211 2859 ob
2243 2818 2432 2857 sacras
2461 2816 2678 2856 mensas
2702 2802 3042 2856 contumeliis
3067 2801 3306 2864 affectas,

1735 2896 1818 2951 vel
1842 2897 1911 2951 ob
1944 2898 2173 2966 mystica
2219 2893 2412 2965 pocula
2444 2893 2650 2948 furiose
2680 2895 3041 2948 contaminata
3064 2933 3080 2959 ,
3112 2892 3197 2948 vel
3238 2894 3308 2947 ob

1735 2999 1977 3045 ventrem
2003 2990 2321 3058 corporibus
2356 2987 2557 3042 nostris
2596 2987 2834 3056 projecta
2868 2985 3096 3056 quadam
3137 2987 3309 3054 impu-

1735 3079 1913 3134 dentia
1939 3089 2234 3134 salutatum
2255 3120 2270 3146 ,
2312 3077 2394 3133 vel
2420 3077 2489 3132 ob
2519 3077 2699 3130 omnia
2730 3076 2830 3130 alia
2868 3075 3072 3130 scelera
3115 3089 3309 3142 perpe-

1737 3179 1874 3224 trata
1916 3170 2044 3239 ipsis
2087 3171 2419 3236 acciderunt,
2473 3170 2618 3224 clara
2670 3169 2856 3237 utique
2913 3174 2967 3220 et
3013 3164 3295 3235 perspicua

1737 3262 1930 3317 divina:
1973 3263 2232 3316 adversus
2279 3260 2584 3330 bujusmodi
2624 3259 2874 3314 homines
2919 3257 3013 3311 ira:
3063 3256 3216 3324 signa
3247 3263 3303 3308 ct

111 3348 182 3398 οὐκ
219 3349 447 3402 ἀπιστῶν
494 3352 613 3412 τοῖς
652 3349 969 3420 ὁρωμένοις,
1005 3350 1098 3402 καὶ
1151 3349 1480 3419 λεγομένοις,
1512 3346 1631 3402 οὐδὲ

1744 3355 2089 3425 argumenta?
2135 3353 2333 3410 Verum
2381 3354 2494 3407 hazc
2544 3351 2789 3406 consulto
2831 3347 3138 3418 praeteribo,
3190 3360 3300 3399 nou

112 3437 346 3508 αὐτομάτῳ
386 3441 496 3492 τινὶ
545 3441 692 3511 φορᾷ
724 3441 818 3494 καὶ
853 3438 1111 3510 συντυχίᾳ
1150 3439 1324 3502 διδοὺς
1370 3439 1440 3492 τά
1485 3456 1624 3510 συμ-

108 3527 321 3592 ϐαίνοντα,
361 3531 505 3584 κατά
537 3532 669 3594 τοὺς
699 3531 820 3601 εἰκῆ
850 3529 916 3583 τά
957 3529 1181 3582 τοιαῦτα
1221 3529 1626 3600 ὑπολαμϐάνον-

110 3636 196 3682 τας,
228 3622 330 3674 ἀλλ’
376 3623 464 3676 ἵνα
501 3624 581 3694 μὴ
632 3622 762 3694 περὶ
799 3623 866 3674 τὰ
919 3619 1087 3692 μικρὰ
1137 3620 1429 3691 διατρίϐειν
1469 3621 1626 3685 δόξω.

109 3713 259 3784 παρεὶς
302 3715 367 3769 τά
416 3717 598 3786 μείζω
637 3716 731 3769 καὶ
781 3714 1182 3784 ὀνομαστότερα
1229 3713 1334 3780 (5)°
1370 3713 1430 3764 τὸ
1466 3712 1510 3765 δ’
1537 3708 1629 3765 οὖν

106 3806 373 3878 περιϐόητον
403 3811 544 3862 πᾶσι
581 3807 787 3876 θαῦμα,
817 3807 911 3858 καὶ
947 3806 1066 3858 οὐδὲ
1098 3807 1211 3866 τοῖς
1245 3803 1423 3867 ἀθέοις
1449 3804 1632 3866 αὐτοῖς

101 3899 450 3972 ἀπιστούμενον
477 3901 656 3966 λέξων
685 3900 934 3970 ἔρχομαι.

1731 3444 1875 3514 quod
1927 3444 1993 3498 iis
2036 3458 2154 3512 qua:
2201 3443 2254 3496 in
2303 3441 2578 3495 hominum
2627 3438 2798 3493 oculis
2843 3445 3004 3506 atque
3055 3448 3306 3488 sermone

1731 3535 1902 3605 posita
1950 3543 2098 3599 sunt,
2160 3533 2320 3588 ﬂdem
2371 3532 2646 3600 abrogem,
2691 3540 2784 3584 aut
2841 3543 3020 3582 rerum
3075 3535 3302 3581 eventus

1732 3627 2022 3681 temerario
2095 3625 2308 3681 cuidam
2381 3624 2546 3678 motui
2620 3622 2959 3690 fortunaeque
3031 3619 3302 3683 tribuam,

1735 3717 2187 3786 quemadmodum
2221 3715 2324 3780 illi,
2359 3715 2450 3784 qui
2482 3729 2572 3770 res
2614 3711 2920 3783 bujusmodi
2957 3719 3157 3764 temere
3185 3723 3307 3762 sen-

1741 3809 1901 3874 tiunt,
1937 3807 2030 3862 sed
2059 3822 2148 3871 ne,
2192 3805 2491 3876 majoribus
2520 3815 2684 3872 atque
2728 3799 3109 3872 insignioribus
3143 3797 3309 3852 rebus

1741 3899 2154 3968 praetermissis,
2218 3898 2511 3952 levioribus
2567 3895 2842 3950 immorari
2903 3894 3108 3946 videar.
3167 3889 3300 3944 illud

104 4001 196 4040 vero
217 3991 550 4057 miraculum,
604 3990 745 4058 quod
777 3988 1016 4043 omnium
1072 4001 1166 4042 ore
1233 3985 1562 4050 celebratur,
1615 4001 1678 4042 ac
1719 4002 1786 4043 ne
1817 3991 1958 4059 apud
2005 4003 2100 4044 eos
2134 3988 2375 4058 quidem,
2403 3987 2494 4056 qui
2520 3985 2686 4040 Deum
2715 3983 2914 4038 nullum
2946 3987 3171 4050 putant,
3202 3979 3308 4032 lide

106 4089 236 4142 caret,
258 4084 501 4137 oratione
525 4097 852 4153 prosequar.

151 4172 206 4223 Γ.
249 4175 533 4243 Ἐμαίνετο
601 4173 722 4227 καθ’
775 4171 933 4243 ἡμῶν
980 4172 1064 4224 ἀεί
1115 4191 1167 4226 τι
1219 4172 1400 4237 πλέον,
1447 4172 1632 4242 ὥσπερ

100 4258 288 4328 κύμασιν
339 4263 653 4332 ἐπεγείρων
710 4262 957 4332 κύματα,
998 4264 1026 4315 ὁ
1070 4262 1190 4315 καθ’
1235 4261 1426 4315 ἑαυτοῦ
1480 4263 1632 4333 πρῶ-

95 4530 129 4581 (ﬁ
141 4461 238 4584 (ξι)
255 4463 653 4585 ΘΙζρρξθεῖνοιι.
673 4482 689 4514 ι
721 4465 884 4533 Lego,
905 4485 922 4516 ι
941 4465 1010 4518 ait
1047 4463 1316 4527 Heinsius,
1351 4459 1441 4516 οὖν
1465 4480 1628 4533 προσ-

121 4535 228 4584 εἶναι
255 4535 411 4588 θέλω.

95 4606 238 4722 ξ(91))
264 4609 550 4678 Σταθμία.
615 4607 748 4660 Tres
797 4604 927 4674 Reg.
973 4604 1128 4659 Colb.
1171 4603 1225 4668 ις,
1257 4603 1354 4657 Or.
1399 4605 1448 4667 1,
1500 4621 1630 4657 στα-

125 4691 194 4722 ια.

122 4691 194 4740 μα.

147 4745 238 4813 (9|)
269 4750 556 4816 Πονηρία.
593 4747 647 4800 In
675 4744 838 4798 Mont'.
872 4761 962 4814 γρ.
993 4744 1244 4815 πονηρίᾳ,
1270 4744 1416 4816 quod
1438 4744 1633 4816 habent

93 4812 184 4866 Ald.
223 4812 282 4869 et
330 4812 498 4874 llerv.
541 4817 700 4871 Hunc
746 4812 920 4868 locum
947 4817 1024 4868 sic
1053 4812 1227 4867 reddit
1273 4815 1458 4869 Comb.
1507 4832 1524 4864 ι
1567 4814 1632 4867 Et

90 4885 248 4966 quibus
273 4889 537 4966 iniquitas
591 4887 897 4955 rependitur
950 4887 1183 4955 pondera
1242 4885 1628 4954 appendamus,

92 4966 176 5019 Ipsa
203 4959 469 5022 nimirum,
514 4979 534 5011 ι
578 4968 684 5010 etc.

142 5023 234 5096 (92)
260 5030 551 5082 Αὺτόθεν.
588 5027 719 5093 Reg.
745 5042 800 5094 q,
828 5024 979 5096 Col‘h.
1034 5024 1087 5088 5,
1115 5025 1328 5078 αὐτίκα.
1357 5025 1447 5080 Or.
1482 5025 1535 5082 ‘l,
1565 5025 1628 5076 ad

89 5094 490 5172 marg._autéﬁev
519 5097 846 5151 ἀπαντῶσα.
885 5094 1054 5150 Mont.
1103 5107 1285 5150 censet
1324 5096 1624 5164 legendum,

85 5167 386 5220 ἀπαντῶντα.
459 5213 464 5222 ,.
1096 5179 1106 5191 ⁸

138 5235 231 5307 (95)
269 5238 630 5307 Ἠμετέριιηκ
654 5255 672 5288 ε
701 5235 936 5291 Subaudi
971 5233 1162 5303 λόγων,
1190 5252 1208 5284 ι
1249 5234 1420 5302 inquit
1463 5231 1625 5287 Mont.

89 5318 103 5351 ι
130 5321 224 5379 non
244 5311 622 5379 πραγμάτων,
652 5318 708 5379 ut
740 5307 942 5379 Billins.
981 5325 999 5357 ι

106 5371 616 5500 '(9t)019"aozo¢
657 5377 969 5430 ἐπίσταται
1011 5376 1268 5444 μέτροις.
1327 5371 1496 5427 Oxon.
1533 5373 1629 5424 καὶ

110 5462 159 5500 ες.
243 5465 343 5500 ass.
399 5450 665 5500 μάστιξιν
717 5442 804 5500 αἷς
855 5445 1015 5500 αὐτὸς
1059 5446 1364 5500 ἐπίσταται.
1414 5442 1505 5494 καὶ
1549 5439 1629 5500 οἷς

85 5442 159 5506 εἷςὲ
202 5442 360 5520 Pass;
399 5442 665 5520 μάστιξιν
717 5442 804 5509 αἷς
855 5442 1024 5520 αὐτὸς
1059 5442 1629 5520 ἐπίσταταιηκαὶιοῖς

89 5517 306 5584 μετρίοις.
337 5511 431 5572 Sic
459 5511 634 5571 etiam
664 5518 850 5573 Coutb.
873 5516 962 5584 qui
993 5517 1148 5570 vertit
1181 5531 1196 5568 :
1234 5531 1252 5563 ι
1288 5511 1490 5578 Quibus
1517 5513 1630 5580 ipse

86 5596 202 5639 novit
228 5586 406 5652 ﬂagris
422 5599 477 5642 et
509 5587 713 5657 quibus
750 5584 1517 5657 animadversionismodis._»

111 5657 231 5773 “Eii-5)
263 5653 733 5727 Παραπλὴσίας.
769 5674 787 5707 ι
811 5655 1042 5724 Flagella
1062 5653 1358 5712 sceleribus
1379 5653 1627 5721 ausisque

153 5743 246 5773 ma.
279 5747 297 5773 Ι

85 5739 246 5778 31111113.
278 5747 297 5778 ι

134 5798 230 5867 (116)
254 5802 328 5851 Δι’
354 5797 708 5868 ὀνειράτων.
747 5818 765 5850 ι
810 5797 913 5854 Per
946 5798 1230 5853 insomnia.
1280 5817 1294 5847 ι
1339 5793 1427 5850 Sic
1460 5794 1622 5849 casti-

1813 4169 1897 4222 111.
1941 4175 2174 4222 ιιιτθοιιι
2204 4167 2293 4222 ille
2329 4168 2380 4221 in
2439 4165 2552 4218 dies
2582 4177 2841 4217 adversus
2883 4175 2980 4214 nos
3020 4161 3305 4214 vehemen-

1740 4263 1870 4328 tius,
1912 4276 2019 4315 non
2054 4275 2210 4315 secus
2257 4275 2322 4314 ac
2362 4261 2556 4330 ﬂuctus
2595 4272 2756 4327 super
2800 4254 2993 4309 ﬂuctus
3040 4255 3303 4316 excitans,

1738 4474 1890 4534 gatus
1911 4463 2318 4520 estAhimelech
2338 4476 2428 4534 rex
2454 4462 2690 4524 Gerarte,
2719 4477 2838 4515 cum
2871 4460 3056 4514 Saram
3075 4459 3305 4513 Abralue

1665 4515 1708 4570 D
1739 4515 1958 4588 uxorem
1992 4535 2321 4586 abstulisset.
2347 4532 2480 4586 Gen.
2515 4549 2604 4586 xv.

1805 4606 1914 4674 (97)
1948 4604 2087 4656 Καθ’
2120 4604 2310 4674 ὒπαρζ
2335 4601 2804 4674 rYerisquevisis
2831 4597 3008 4674 oblata
3031 4609 3262 4674 spectra.
3280 4617 3296 4646 ι

1734 4668 2089 4743 Ειὶίιίζὺπέρ.
2141 4668 2250 4727 Sic
2283 4668 2600 4725 Balthasaro
2650 4669 2967 4743 impendens
3021 4668 3300 4722 calamitas

1734 4761 1828 4814 per
1856 4739 2049 4797 verum
2069 4743 2244 4814 visum
2269 4743 2584 4814 przesign_ata
2608 4752 2708 4814 est.
2745 4739 2944 4814 Daniel.
2969 4753 3025 4814 v._
3090 4808 3101 4814 Δ
3189 4776 3221 4814 Δ,

1804 4814 1914 4883 (98)
1991 4805 2454 4881 ἘξυόρίσὶισινῘ
2481 4811 2613 4880 Reg.
2680 4811 2716 4874 l,
2774 4820 2827 4864 el.
2871 4808 2962 4864 Or.
3005 4809 3054 4872 1,
3087 4805 3300 4877 ἐνυϐρί-

1736 4901 1912 4938 σασιν.

1805 4955 1912 5024 (99)
1943 4952 2286 5016 Μυστικοὺς
2316 4948 2632 5024 κρατῆρας.
2691 4969 2708 5001 ι
2748 4948 2969 5024 Mystica
3023 4945 3295 5024 pocula”.

1730 5014 1976 5078 Julianus
2011 5014 2316 5092 praefectus,
2348 5014 2640 5089 Ἀρυέιοιξιι
2684 5014 2999 5092 τιγιιιῖςιιιιιε,
3025 5014 3034 5016 ἡ
3057 5026 3110 5069 et
3151 5014 3300 5068 Felix

1733 5096 1928 5161 regalis
1962 5090 2136 5147 mrarii
2171 5099 2426 5158 quaestor,
2458 5105 2577 5143 cum
2605 5101 2810 5145 sacrata
2839 5090 2944 5142 Deo
2971 5103 3093 5161 vasa
3123 5095 3296 5161 teme-

1733 5156 1965 5229 rassent,
2012 5156 2280 5228 extemplo
2312 5161 2555 5213 horribili
2592 5163 2776 5215 morbo
2813 5158 3078 5229 correpti,
3105 5156 3297 5229 miser-

1733 5236 1866 5288 rima
1898 5223 2067 5287 morte
2105 5223 2444 5284 interierunt.
2483 5230 2610 5284 Rem
2645 5239 2866 5282 narrant
2904 5226 3121 5294 Niceplt.
3153 5223 3294 5278 Hist.

1731 5304 1768 5357 1.
1819 5322 1873 5371 x,
1907 5321 1955 5357 ρ.
2006 5304 2171 5365 29,1.
2224 5301 2284 5363 11,
2319 5314 2438 5368 pag.
2485 5301 2572 5354 (i7.
2623 5301 3037 5371 Cill'):505i0_llius
3087 5309 3298 5371 quoque

1734 5365 1877 5428 hom.
1917 5374 1968 5436 4,
2021 5375 2072 5426 in
2127 5365 2334 5424 laudem
2372 5365 2576 5440 populi,
2636 5380 2690 5423 et
2737 5365 3068 5422 Theodorcl.
3120 5365 3156 5416 l.
3213 5384 3294 5429 ιιι,

1731 5445 1874 5498 c.12

1803 5514 1878 5584 (1)
1921 5512 2188 5578 Ἀι·ἐδην.
2250 5509 2373 5565 Mss.
2409 5528 2513 5584 non
2556 5510 2735 5578 pauci,
2788 5507 3089 5580 maiorm}
3127 5503 3299 5572 impu-

1730 5581 1933 5638 denter.
1977 5607 1993 5634 ι
2503 5581 2513 5593 '

1803 5656 1877 5723 (:2)
1911 5653 2159 5721 Φανερά.
2197 5653 2345 5707 Pass.
2376 5649 2598 5723 φοϐερά.
2640 5667 2656 5698 t
2683 5647 2989 5723 liorrtéuzla.
3036 5666 3052 5696 ι

1918 5717 2405 5794 Ὀι-ρλιαστίῗῖεία.
2435 5717 2564 5790 Reg.
2588 5720 2640 5784 b,
2672 5717 3086 5788 ὀνομαστότατα.
