3878 6398
626 334 727 392 671

1865 344 1921 401 s.
1966 345 2303 404 cnsconu
2344 345 2691 403 THEOLOGI
3672 322 3765 420 ta

697 449 785 505 Vl.
820 451 993 521 Atque
1021 451 1136 507 haec
1166 451 1299 507 mihi
1324 452 1393 508 de
1419 454 1733 510 ctelestibus
1779 464 1941 527 atque
1970 459 2185 528 superis

2362 457 2468 527 ς’,
2499 458 2681 511 Ταῦτα
2702 457 2800 527 μὲν
2825 455 2888 507 ὲκ
2911 453 3021 507 τῶν
3052 452 3313 525 οὐρανίων
3339 458 3421 511 καὶ
3443 477 3535 516 των
3557 466 3646 523 ἀνω
3666 490 3766 543 mp-

624 560 745 613 qute
781 559 877 614 pro
908 560 1099 614 magna
1138 560 1222 610 ea,
1265 561 1388 617 qua:
1420 547 1477 602 in
1515 550 1772 604 universo
1820 551 2014 616 elucet,
2062 566 2195 605 con-

623 637 807 692 cordia
832 647 885 691 et
917 638 1319 695 necessitudine
1350 641 1514 696 rebus
1547 642 1751 697 nostris
1783 643 2193 709 condolescunt,

622 729 767 783 dicta
817 730 945 784 sint.
1000 728 1131 797 Quae
1164 748 1293 787 vero
1345 743 1669 803 sequuntur,
1717 732 2036 790 Psalmistes
2080 736 2193 804 jam

620 821 754 875 mihi
779 824 1018 892 expleat:
1043 822 1111 877 Et
1140 825 1290 895 151
1318 826 1553 881 civitates
1596 826 1963 880 destruxisti“
1993 830 2073 896 (ut
2110 844 2196 881 ve-

625 920 765 967 teres
787 913 906 967 illas
926 915 994 969 ob
1007 916 1221 970 easdem
1249 915 1604 985 impietates),
1632 916 1772 970 inter
1798 916 1964 985 ipsas,
1988 915 2194 984 quibus

622 1005 677 1057 in
708 1020 808 1059 nos
836 1007 1143 1073 utebantur,
1180 1008 1511 1077 iniquitates,
1544 1008 1742 1078 partim
1771 1007 1909 1061 mari
1938 1006 2189 1073 obrutas,

620 1096 819 1165 partim
858 1106 1016 1153 teme
1038 1107 1187 1152 motu
1222 1108 1522 1168 prostratas
1572 1108 1625 1153 et
1656 1112 1897 1162 eversas,
1950 1105 2013 1151 ut
2064 1111 2191 1166 pro-

618 1190 915 1256 pemodum
948 1190 1001 1244 id
1044 1192 1188 1260 quod
1236 1192 1501 1260 reliquum
1551 1200 1656 1257 est,
1706 1190 1885 1245 dicere
1940 1188 2188 1258 possim:

620 1279 789 1334 Periit
837 1283 1093 1335 memoria
1131 1299 1314 1336 earum
1359 1299 1477 1336 cum
1517 1284 1693 1336 sonitu
1719 1282 1785 1344 ⁵⁵,
1834 1288 1889 1335 et
1925 1281 2073 1335 claro
2128 1295 2193 1335 ac

616 1371 819 1426 celebri
854 1373 1041 1426 exitio.
1074 1372 1247 1427 Tanta
1276 1374 1420 1427 enim
1450 1375 1607 1427 ruina
1638 1380 1721 1427 est
1756 1380 2013 1441 tantaque
2060 1387 2192 1427 con-

618 1462 813 1519 tractio
836 1480 1022 1519 earum
1065 1482 1129 1520 ac
1164 1466 1376 1521 illarum
1406 1480 1525 1533 qua!
1554 1480 1583 1519 e
1613 1464 1789 1519 vicino
1823 1473 1971 1531 sunt,
2010 1465 2187 1519 maxi-

617 1570 813 1626 meque
842 1556 1035 1610 harum
1062 1573 1183 1626 quae
1213 1559 1487 1625 impietate
1517 1556 1876 1621 delectantur,
1907 1565 1965 1611 ut
1993 1556 2039 1611 si
2062 1555 2188 1625 quis

613 1646 779 1700 etiam
813 1662 1001 1702 earum
1040 1648 1488 1702 instaurationem
1518 1648 1733 1717 aggredi
1766 1648 1981 1713 audeat,
2013 1647 2186 1702 multo

616 1748 862 1807 tempore
899 1741 964 1793 ad
995 1754 1114 1795 eam
1146 1756 1258 1794 rem
1289 1755 1425 1809 opus
1450 1738 1693 1794 futurum
1722 1739 1811 1794 sit.

2304 552 2617 621 πασχόντων
2650 551 2760 611 τοῖς
2803 546 3112 618 ἡμετέροις,
3165 545 3304 599 κατὰ
3338 549 3426 620 τὴν
3466 557 3664 631 μεγάλην
3698 568 3762 620 τοῦ

2303 642 2503 704 παντὸς
2556 640 2823 711 ἁρμονίαν
2868 656 2930 691 τε
2974 640 3068 691 κα).
3122 638 3408 692 οίκείωσιψ
3454 646 3513 697 τὰ
3551 647 3598 700 δὲ
3636 650 3762 721 ἐξῆςέ

2300 727 2510 799 ψαλμὸς
2540 727 2650 798 (50)
2678 726 3077 798 συμπληρούτω
3104 744 3214 797 μοι·
3250 727 3326 780 ὄτι
3357 730 3454 783 Καὶ
3482 735 3652 806 πόλεις
3672 750 3765 795 καθ.

2300 820 2460 887 εἷλες
2510 821 2605 891 (ὼς
2644 821 2741 885 τὰς
2783 819 3015 883 παλαιὰς
3048 820 3263 883 ὲκείνας
3284 820 3370 873 ἐπὶ
3399 828 3499 888 τοῖς
3520 829 3666 894 αὐτοῖς
3686 836 3769 887 ἀπε.

2302 913 2583 983 ϐήμασιν),
2604 915 2660 966 ὲν
2675 914 2863 977 αὐταῖς
2884 917 3005 976 ταῖς
3032 912 3153 966 καθ’
3180 914 3213 984 ἡ
3222 912 3330 983 μῶν
3354 921 3683 988 παρανομίαις,
3702 930 3767 993 τὰς

2304 1006 2403 1075 μὲν
2431 1005 2721 1073 πελάγεσιν
2780 1004 3218 1069 ὲπικλυσθείσας,
3271 1004 3362 1069 τὰς
3394 1007 3444 1060 δὲ
3488 1013 3660 1082 σεισμῷ
3682 1034 3772 1069 κατ.

2299 1095 2631 1165 ενεχθείσας,
2654 1097 2728 1159 ὡς
2760 1096 2955 1167 μικροῦ
2975 1096 3069 1150 καὶ
3090 1096 3152 1148 τὸ
3178 1095 3476 1167 λειπόμενον
3499 1101 3767 1170 ἕχεινεξπείν,

2297 1188 2377 1240 ὃτι
2419 1186 2701 1241 Ἀπώλετο
2724 1188 2789 1241 τὸ
2809 1192 3209 1258 μνημόσυνον
3228 1188 3415 1241 αὐτῶν
3435 1192 3530 1260 (51)
3542 1199 3643 1260 μετ’
3662 1197 3767 1265 ἤχου

2299 1278 2389 1332 καὶ
2414 1278 2739 1351 περιϐοήτου
2772 1279 2871 1350 τῆς
2897 1278 3170 1341 ἀπωλείας
3189 1291 3205 1306 ⁸
3232 1280 3454 1351 τοσαύτη
3478 1282 3569 1355 γὰρ
3596 1288 3727 1340 αὐτῶν
3748 1294 3768 1359 ἡ

2298 1370 2522 1435 πτῶσις,
2557 1364 2649 1424 καῖ
2674 1369 2887 1423 τοιοῦτο
2910 1370 3023 1439 (52)
3057 1370 3117 1423 τὸ
3150 1368 3471 1441 σύντριμμα,
3506 1376 3587 1425 κα).
3618 1376 3699 1428 τῶν
3729 1381 3771 1431 ἐκ

2295 1462 2550 1530 γειτόνων
2576 1461 2710 1533 (55),
2737 1462 2832 1515 καὶ
2864 1461 3095 1532 μάλιστα
3127 1464 3193 1531 τῇ
3224 1460 3438 1532 ἀσεϐείᾳ
3467 1463 3563 1535 (54)
3590 1483 3769 1538 περιλει-

2298 1552 2516 1624 ρὸντων,
2573 1553 2648 1617 ὡς
2708 1554 2819 1625 (55)
2874 1554 3069 1606 πολλοῦ
3133 1554 3321 1625 χρόνου
3378 1556 3479 1608 δεῖν
3530 1561 3698 1622 αὑταῖς,
3739 1562 3770 1612 εἰ

2293 1661 2377 1707 τις
2429 1643 2539 1715 ἄρα
2592 1643 2685 1698 καὶ
2734 1644 3025 1715 τολμήσειε
3080 1643 3237 1698 τοῦτο
3291 1646 3420 1718 πρὸς
3468 1647 3565 1719 (56)
3608 1651 3771 1723 ἐπανέρ-

2293 1736 2478 1791 θωσιν.

687 1830 796 1885 Vll.
823 1832 899 1886 Ac
949 1843 1103 1885 terra:
1143 1833 1357 1901 quidem
1392 1841 1445 1885 et
1490 1832 1611 1887 caeli
1657 1833 1773 1886 haec
1814 1841 2025 1887 ostenta
2072 1832 2185 1888 fue-

2366 1830 2439 1883 Z'.
2480 1824 2606 1903 Ἆρ’
2629 1824 2721 1885 οὖν
2745 1829 2815 1901 γῆ
2845 1828 2943 1900 μὲν
2968 1826 3112 1882 οὕτω
3135 1829 3228 1881 καὶ
3253 1829 3495 1901 οὐρανός·
3521 1830 3611 1902 ἀὴρ
3635 1832 3715 1902 (57)
3735 1834 3771 1885 δὲ

614 1930 742 1973 runt
782 1931 1075 1974 :cazterum
1121 1936 1212 1975 aer
1252 1922 1555 1989 hujusmodi
1608 1930 1848 1989 tempore
1871 1922 2075 1976 nihilne
2104 1923 2185 1977 in-

612 2010 768 2079 signe
796 2009 981 2073 edidit,
1020 2024 1118 2064 nec
1155 2010 1419 2078 passionis
1456 2009 1659 2064 Christi
1686 2010 1853 2080 signis
1878 2009 2186 2065 sanctiﬁca—

615 2108 703 2151 tus
743 2098 867 2152 est?
902 2098 1187 2152 Proferant
1234 2115 1375 2153 nunc
1410 2114 1624 2168 quoque
1674 2109 1853 2153 vestes
1904 2115 2052 2165 suas,
2091 2100 2185 2169 qui

616 2190 775 2257 hujus
814 2191 1057 2245 miraculi
1111 2200 1448 2261 spectatores
1497 2202 1551 2247 et
1600 2193 1802 2247 conscii
1836 2194 2183 2255 exstiterunt,

614 2282 755 2347 illas,
786 2284 1217 2351 iuquam,crucis
1246 2285 1387 2339 notis
1418 2294 1544 2339 tunc
1576 2286 1783 2339 inustas
1818 2295 1871 2339 et
1896 2285 2184 2355 consigna-

614 2385 714 2428 tas.
753 2376 923 2428 Simul
950 2376 1092 2428 enim
1121 2390 1184 2429 ac
1214 2377 1516 2445 quispiam,
1548 2377 1661 2430 sive
1704 2385 2034 2440 nostrorum,
2067 2379 2180 2431 sive

613 2477 920 2520 exterorum
978 2467 1090 2520 haec
1125 2467 1399 2531 narrabat,
1441 2477 1534 2519 aut
1583 2477 1866 2521 narrantes
1914 2469 2184 2535 audiebat,

615 2559 794 2612 statim
822 2559 921 2611 hoc
948 2558 1287 2623 miraculum,
1306 2559 1387 2613 vel
1413 2560 1463 2613 in
1486 2561 1685 2628 seipso,
1703 2559 1785 2613 vel
1817 2562 1867 2613 in
1891 2561 2066 2615 vicino
2089 2578 2187 2615 suo

614 2652 996 2720 perspiciebat,
1035 2652 1280 2706 stellatus
1333 2652 1587 2705 nimirum
1636 2652 1749 2720 ipse
1782 2653 2029 2722 notisque
2074 2654 2187 2707 dis-

614 2743 846 2810 tinctus,
884 2743 967 2796 vel
1013 2744 1158 2797 illum
1214 2742 1372 2797 talem
1432 2744 1484 2796 in
1548 2744 1884 2798 vestimentis
1940 2743 2184 2810 intuens,

616 2848 829 2888 omnem
880 2835 1097 2889 textorii
1150 2834 1365 2889 artificii
1421 2834 1782 2905 elegantiam,
1832 2844 1924 2888 aut
1977 2849 2188 2889 summa

616 2942 743 2981 cura
798 2928 1126 2981 elaboratam
1177 2927 1443 2997 picturam
1503 2927 1771 2982 varietate
1822 2938 2185 2996 superantem.

614 3021 744 3085 Quae
774 3036 858 3075 res
888 3020 1249 3088 spectantium
1296 3020 1512 3075 animos
1550 3028 1700 3075 tanto
1725 3029 1947 3089 stupore
1984 3019 2184 3087 aﬂ‘eeit,

614 3124 671 3167 ut
691 3129 881 3169 omnes
900 3115 1090 3179 ferme,
1112 3114 1267 3181 quasi
1291 3129 1358 3167 ex
1386 3113 1538 3183 signo
1561 3128 1687 3181 uno,
1715 3123 1879 3183 atque
1901 3128 2008 3167 una
2032 3128 2186 3175 voce,

612 3206 1043 3260 Christianorum
1096 3206 1260 3261 Deum
1312 3207 1663 3273 invocarent,
1721 3219 1954 3274 eumque
2006 3204 2187 3259 multis

613 3296 857 3351 laudibus
884 3299 1238 3367 precibusque
1267 3298 1483 3366 placare
1507 3298 1816 3364 studerent;
1852 3296 2002 3351 multi
2023 3298 2186 3351 etiam

614 3402 717 3441 non
762 3388 817 3441 in
868 3389 1077 3460 longius
1124 3404 1237 3443 rem
1282 3390 1654 3454 extrahentes,
1698 3389 1791 3443 sed
1834 3390 2023 3444 eodem
2070 3389 2188 3459 ipso

617 3490 881 3549 tempore,
905 3496 1012 3550 quo
1044 3482 1159 3535 haec
1184 3481 1520 3545 acciderunt,
1542 3481 1609 3535 ad
1635 3481 1947 3535 sacerdotes
1975 3489 2187 3535 nostros

614 3584 989 3641 properantes,
1020 3574 1277 3627 adhibitis
1311 3574 1496 3629 multis
1526 3573 1777 3642 precibus
1806 3573 1858 3627 in
1891 3572 2185 3627 Ecclesiam

615 3666 859 3728 admissi,
916 3680 979 3720 ac
1031 3665 1434 3721 sublimioribus
1484 3666 1759 3735 mysteriis
1814 3665 2005 3719 imbuti
2056 3665 2187 3729 sint,

616 3773 772 3813 sacro
809 3758 1133 3827 baptismate
1163 3759 1459 3829 puriﬁcati,
1499 3769 1662 3829 atque
1714 3760 2003 3816 utilitatem
2027 3775 2091 3815 ex
2126 3759 2193 3813 ti-

616 3864 767 3903 more
798 3851 1096 3904 consecuti.

688 3939 820 3993 Vlll.
862 3940 937 3994 Ita
970 3942 1187 4011 quidem
1218 3956 1277 3997 se
1307 3958 1393 3998 res
1433 3944 1723 4000 habebant.
1775 3943 2021 4001 Julianus
2060 3960 2193 4001 vero

615 4028 820 4082 furoris
852 4030 1050 4083 sensim
1082 4029 1497 4100 ingravescentis
1527 4043 1692 4086 uestro
1726 4034 1960 4101 percitus
1988 4043 2040 4089 et
2070 4035 2185 4103 agi-

622 4124 786 4178 tatus,
815 4116 879 4169 ad
906 4116 1078 4185 ipsum
1111 4116 1479 4173 calamitatum
1522 4136 1742 4175 suarum
1776 4131 1935 4192 caput
1969 4125 2183 4178 tandem

616 4207 851 4261 devenit.
890 4206 957 4262 Ut
1002 4208 1144 4261 enim
1178 4208 1607 4267 Christianorum
1642 4229 1728 4269 res
1770 4230 1834 4268 ex
1867 4215 2031 4268 animi
2061 4230 2185 4269 seno

617 4300 781 4350 tentia
810 4313 866 4352 se
901 4298 1097 4354 habere
1131 4300 1479 4369 existimavit,
1512 4314 1673 4373 atque
1702 4318 1765 4358 ex
1794 4306 1895 4368 his,
1922 4321 2040 4374 qua:
2064 4307 2175 4376 jam

684 4459 726 4488 “
751 4458 891 4515 Psal.
928 4478 1001 4527 ut,
1036 4462 1086 4515 7.
1164 4464 1358 4519 “ibid.

2287 1918 2388 1973 οὐκ
2415 1921 2576 1990 ὲπιση
2587 1920 2765 1990 μαίνει
2788 1922 2901 1982 τοῖς
2924 1918 3184 1982 τοιούτοις
3213 1922 3441 1989 καιροῖς,
3471 1921 3575 1973 οὐδὲ
3606 1922 3771 1994 ἡγιάσθη

2287 2011 2409 2064 τότε
2460 2013 2573 2074 τοῖς
2626 2012 2871 2081 σημείοις
2941 2014 3035 2063 τοῦ
3104 2008 3346 2073 πάθους;
3407 2011 3769 2075 Ἐπιδειξάοωςαν

2287 2102 2366 2156 ἔτι
2401 2102 2511 2174 (58)
2540 2104 2633 2156 κα).
2657 2103 2752 2155 νῦν
2782 2105 2879 2167 τὰς
2912 2102 3163 2174 ἐσθῆτας,
3207 2105 3256 2155 οἱ
3288 2103 3378 2156 τοῦ
3419 2102 3656 2174 θαύματος
3677 2107 3771 2157 ὲκεί-

2287 2214 2376 2249 νου
2399 2195 2585 2249 θεαταὶ
2605 2198 2698 2249 καὶ
2727 2195 2943 2267 μύσται,
2968 2196 3065 2258 τὰς
3081 2196 3200 2247 τότε
3226 2196 3772 2266 κατασημανθείσας(59)

2286 2293 2397 2352 τοῖς
2428 2287 2521 2341 τοῦ
2571 2288 2803 2359 σταυροῦ
2851 2288 3161 2359 στίγμασιν.
3214 2287 3379 2357 ’0μοῦ
3426 2304 3479 2338 τε
3525 2286 3618 2357 γὰρ
3647 2286 3768 2337 ταῦτα

2286 2378 2520 2447 διηγεῖτό
2568 2395 2671 2443 τις,
2719 2379 2815 2429 εἴτ’
2863 2372 2954 2431 οὖν
2997 2377 3103 2431 τῶν
3146 2375 3448 2446 ἡμετέρων,
3490 2375 3575 2426 εἶτ’
3615 2370 3687 2426 οὖν
3704 2376 3777 2425 τίων

2288 2466 2484 2532 ἔξωθεν
2526 2467 2659 2537 (40),
2700 2467 2733 2536 ἢ
2778 2465 3145 2536 διηγουμένων
3187 2466 3375 2535 ἤκουε,
3425 2464 3511 2517 κα).
3551 2463 3602 2515 τὸ
3646 2462 3774 2531 Θαῦμι

2289 2558 2435 2630 ἐώρα
2464 2562 2589 2632 παρ’
2624 2558 2821 2630 ἐαυτῷ,
2856 2560 2888 2630 ἢ
2925 2558 3001 2629 τῷ
3021 2558 3250 2628 πλησίον
3272 2557 3565 2626 γινόμενον,
3584 2556 3777 2607 κατάπερ

2294 2669 2381 2721 ρος
2410 2651 2507 2715 ὢν,
2552 2652 2586 2722 ἢ
2619 2652 2824 2704 ἐκεῖνον
2856 2649 2996 2722 ὀρῶν
3028 2649 3275 2703 τοιοῦτον
3312 2652 3368 2701 ὲν
3411 2652 3515 2711 τοῖς
3557 2646 3778 2716 ἐσθήμαα,

2292 2743 2471 2813 πάσης
2529 2743 2877 2814 ἱστουργικῆς
2930 2742 3161 2813 ψηφῖδος
3213 2742 3248 2813 ἢ
3303 2741 3579 2812 περιέργου
3624 2739 3779 2808 ζωγρα-

2291 2837 2417 2905 φίας
2447 2835 2557 2906 (At)
2589 2834 2993 2907 ποικιλώτερον.
3049 2835 3143 2888 Ἐκ
3176 2834 3369 2888 τούτου
3402 2834 3451 2887 τί
3491 2834 3687 2901 vivam;
3710 2831 3777 2881 Tr,-

2292 2927 2460 2997 σαύτη
2513 2926 2620 2980 τῶν
2666 2926 2954 2997 ὁρωμένων
3005 2927 3371 2997 κατάπληξις,
3416 2925 3485 2989 ὡς
3518 2921 3679 2994 μικροῦ
3716 2922 3782 2991 μὲν

2289 3022 2530 3081 ἅπαντας
2560 3021 2747 3091 ὥσπερ
2796 3021 2855 3086 ἐξ
2896 3022 3013 3085 ἐνὸς
3052 3021 3399 3093 συνθήματος
3443 3020 3547 3092 (42)
3593 3021 3667 3072 καὶ
3694 3020 3781 3087 tui;

2290 3115 2473 3185 φωνῆς
2503 3114 2593 3166 τὸν
2619 3114 2726 3166 τῶν
2759 3112 3098 3185 Χριστιανῶν
3153 3113 3537 3167 ἀνακαλεῖσθαι
3581 3108 3703 3168 Θεὸν,
3725 3108 3783 3159 εἰ·

2292 3205 2525 3275 φημίαις
2550 3222 2607 3258 τε
2640 3204 2861 3267 πολλαῖς
2890 3203 2985 3257 κα)⁸
3019 3204 3256 3269 ἱκεσίαις
3290 3204 3450 3257 αὐτὸν
3472 3197 3782 3265 ἐξιλάσκεσθαι·

2294 3298 2519 3360 πολλοὺς
2548 3297 2603 3349 δὲ
2631 3298 2732 3350 ούκ
2763 3300 2842 3360 εἰς
2876 3296 3165 3362 ἀναϐολὰς,
3218 3296 3361 3351 ἀλλά
3406 3295 3527 3367 παρ’
3564 3291 3678 3347 αὒτά
3714 3289 3787 3341 τῶν

2296 3389 2615 3459 συμϐάντων
2652 3387 3101 3461 προσδραμόντας
3134 3392 3253 3454 τοῖς
3291 3387 3520 3459 ἱερεῦσιν
3564 3382 3704 3454 ἡμῶν,
3726 3382 3787 3430 καὶ

2295 3481 2463 3534 πολλὰ
2508 3482 2937 3553 καταδεηοέντας
3003 3482 3103 3551 τῆς
3149 3499 3213 3534 τε
3258 3478 3571 3550 Ἐκκλησίας
3606 3470 3789 3544 γενέσθαι

2298 3572 2481 3643 μέρος,
2499 3574 2590 3627 καὶ
2610 3574 2882 3644 μυηθῆναι
2911 3572 2977 3627 τὰ
3003 3573 3317 3644 τελεώτερα
3358 3572 3487 3642 (45),
3508 3570 3576 3640 τῷ
3597 3564 3786 3637 ίερῷμί)

2289 3662 2746 3731 καθαγνισθὼτας
2781 3662 3140 3734 βαπτίσματι,
3177 3665 3277 3717 καὶ
3308 3662 3398 3716 διὰ
3430 3661 3513 3713 τὸν
3541 3656 3675 3729 ςιόὸον
3711 3652 3787 3721 (ιδ)

2287 3753 2679 3826 ὠφεληθέντας.

2359 3940 2441 3991 H'.
2481 3932 2607 4008 Εἶχε
2642 3939 2741 4009 μὲν
2767 3934 2859 3992 οὖν
2893 3939 3034 3992 οὕτω
3066 3940 3245 3995 ταῦτα
3269 3958 3282 3971 ο
3310 3942 3340 3992 ὁ
3369 3940 3447 4003 δὲ,
3474 3942 3582 3999 ταῖς
3606 3934 3715 3987 κατᾶ
3734 3948 3793 4000 μι-

2289 4031 2419 4102 κρδν
2479 4030 2696 4100 μανίαις
2742 4031 3273 4103 οἰστρηλατούμενος
3290 4033 3385 4085 καὶ
3410 4030 3703 4098 δονούμενος,

2290 4120 2419 4173 αὐτὸ
2450 4122 2509 4173 τὸ
2538 4120 2827 4189 κεφάλαιον
2858 4124 3071 4193 ἀπαντᾷ
3098 4122 3212 4176 τῶν
3243 4123 3438 4176 ἑαυτοῦ
3458 4114 3794 4193 συμφορῶν.Ὠ;

2288 4211 2396 4282 γὰρ
2426 4211 2567 4264 κατὰ
2594 4210 2717 4263 νοῦν
2744 4212 2886 4281 ἔχειν
2916 4213 3064 4283 αὐτῷ
3095 4214 3166 4268 τά
3210 4213 3550 4285 Χριστιανῶν
3582 4211 3707 4279 ᾤετο,
3730 4204 3794 4255 13‘-

2288 4299 2369 4365 οἷς
2390 4304 2489 4374 ἤδη
2538 4302 2898 4373 κατείργαστο
2944 4305 3076 4377 (46),
3114 4306 3180 4360 τὸ
3230 4309 3328 4362 καὶ
3352 4308 3459 4360 πᾶν
3492 4304 3669 4358 ἁλωτὸν
3698 4293 3795 4350 εἶναι

683 4585 793 4662 (ξφ)
859 4588 1123 4657 ¹Ι”αλιιός.
1180 4588 1314 4659 Reg.
1374 4588 1482 4656 hu,
1544 4592 1664 4645 Ald.
1733 4598 1787 4645 et
1841 4591 2001 4648 Herv.
2050 4592 2185 4662 ψαλ-

2292 4660 2313 4662 _
2362 4590 2475 4661 (δίο)
2507 4591 2628 4643 Τῶν
2667 4589 2906 4653 ἔξωθεν.
2940 4587 3247 4655 Sicmagno
3267 4595 3529 4639 consensu
3558 4591 3667 4632 mss.
3698 4570 3793 4623 Edit.

610 4657 807 4726 μῳδός.

681 4729 790 4799 (51)
816 4727 1040 4799 Αὐτῶν.
1069 4728 1180 4799 Duo
1221 4731 1365 4799 Reg.)
1390 4730 1573 4783 αὑτοῦ.

680 4796 789 4867 (52)
823 4798 1072 4851 Τοιοῦτο.
1105 4798 1193 4853 Sic
1222 4796 1509 4855 mssflﬁdit.
1539 4818 1685 4866 vero,
1712 4804 1966 4857 τοιοῦτον.

680 4868 792 4939 (55)
829 4868 948 4922 Τῶν
967 4868 1033 4921 ἐκ
1052 4872 1350 4939 γειτόνων.
1376 4869 1527 4927 Pass.
1548 4886 1600 4926 et
1618 4873 1796 4929 Schol.
1821 4876 2049 4929 Montae.
2071 4872 2178 4925 τῶν

602 4942 659 4991 ἐν
699 4940 969 5007 γειτόνων.

677 5009 788 5078 (54)
862 5009 1284 5081 Ἀσεϐείᾳλιιει
1342 5010 1491 5065 Pass.
1553 5013 1753 5081 aliique
1811 5014 2063 5077 codices,
2125 5023 2180 5068 et

601 5094 798 5132 sensus
858 5081 1124 5156 postulat._
1165 5079 1304 5156 Edi‘ti
1372 5093 1587 5147 autem,
1653 5079 1920 5156 εὐσεϐείᾳ,
1990 5102 2009 5133 ι
2064 5084 2178 5156 pie-

603 5161 731 5213 tate,
789 5168 807 5200 ι
859 5150 1271 5224 _quod_tolerari
1328 5162 1575 5224 poterat,
1623 5156 1667 5207 si
1714 5150 1948 5220 abesset,
2020 5150 2177 5224 μάλι-

605 5234 726 5284 στα,
783 5220 905 5287 quia
946 5222 995 5273 in
1029 5220 1311 5288 impiorum
1359 5222 1533 5285 ruina,
1583 5224 1664 5277 vel
1712 5226 1951 5289 piissimo
1988 5220 2179 5291 cuique

603 5290 1151 5360 vnainotnetuendum
1203 5306 1342 5355 esse,
1399 5294 1645 5360 probant,
1688 5290 2178 5347 Sodomitarum’et

603 5358 855 5412 Abironis
885 5362 1219 5426 pereuntium
1270 5358 1533 5428 exempla,
1568 5358 1638 5416 et'
1674 5365 1927 5419 adhibita:
1968 5376 2076 5418 tum
2108 5363 2177 5418 ab

605 5432 1003 5512 attgf‘l‘i‘snftumn
1022 5445 1050 5482 a
1080 5430 1262 5512 Moyse
1294 5434 1589 5487 cautiones.

676 5501 788 5567 (55)
830 5500 938 5564 Ὡς.
969 5500 1113 5555 Pass.
1148 5500 1305 5555 ὥστε.

677 5570 788 5637 (56)
826 5572 1002 5636 Πρός.
1028 5571 1178 5624 Pass.
1217 5572 1431 5639 aliique,
1456 5575 1552 5634 εἰς.

676 5641 788 5715 (ῤῖ)
826 5640 1153 5715 ﬁdeliam
1179 5642 1316 5715 Ald._
1335 5653 1388 5696 et
1417 5642 1577 5697 llerv.
1606 5644 1766 5715 ἀνήρ,
1803 5665 1820 5696 ι
1870 5647 1970 5702 vir.
2013 5666 2031 5699 ι

681 5709 790 5777 (58)
825 5713 964 5764 Ἔτι.
996 5710 1158 5765 Mont.
1192 5713 1269 5773 εἰς
1293 5712 1388 5764 ἔτι.

677 5780 786 5850 (59)
815 5784 1401 5850 Κατασημῖινθεῐσιις.
1440 5783 1589 5841 Pass.
1628 5787 2104 5858 ὲπισημανθείσας.

2290 4660 2411 4716 Par.
2437 4662 2619 4727 ξένων.

2361 4714 2474 4803 (Af)
2524 4729 2884 4803 Zwrpasat'aq.
2923 4726 3081 4803 _Reg.
3146 4742 3246 4803 qu,
3310 4724 3463 4803 Cohlh.
3518 4722 3571 4803 5,
3602 4714 3803 4803 'Ald:

2290 4789 2686 4875 llervfadtlunt
2720 4789 3121 4875 ἀμπεχόμενονἷ
3152 4796 3316 4875 Pass.
3366 4789 3799 4875 Reg..l,.dpﬁfjf;

2290 4890 2469 4943 μενον.
2513 4872 2585 4925 Ita
2617 4863 2777 4924 etiam
2803 4863 2994 4923 Co'tnb.
3032 4869 3121 4937 qui
3147 4868 3343 4931 vertit,
3364 4884 3383 4915 ι
3406 4863 3588 4933 majori
3609 4863 3804 4910 varietate

2285 4944 2560 4997 amictum.
2608 4960 2624 4990 ι

2358 5014 2470 5080 (49η)
2504 5012 2599 5075 Ἐξ
2625 5010 2761 5075 ἐνὸς
2794 5008 3199 5077 συνθήματος.
3230 5006 3431 5080 Comb.
3454 5022 3473 5055 ι
3500 4998 3637 5074 quasi
3655 5009 3707 5051 ex
3731 5002 3802 5041 ιιῐι³

2289 5092 2514 5141 tessera,
2555 5102 2571 5132 ι
2609 5082 2711 5143 vel,
2749 5098 2766 5129 ι
2809 5081 2959 5146 quasi
2994 5095 3058 5133 ex
3076 5079 3356 5133 condicto.
3402 5096 3421 5128 ι

2357 5155 2468 5225 (45)
2511 5142 2859 5225 Τελειρτερᾴτ
2894 5148 2969 5203 Ita
3007 5166 3137 5225 mss.
3200 5147 3377 5211 Editi,
3406 5142 3701 5225 τελειοτερα.

2513 5201 2892 5289 ’ῖίέρᾠξίδιε
2925 5201 3178 5273 Vcodices
3256 5201 3469 5273 omnes.
3533 5201 3658 5267 Ειιιί.
3714 5201 3803 5256 Par.

2285 5294 2433 5359 θείῳ.
3370 5356 3390 5359 γ,
3545 5354 3565 5359 _
3634 5350 3655 5359 _
3717 5344 3727 5359 .

2358 5347 2467 5435 (λδ)
2493 5362 2733 5435 mare
2765 5362 2970 5435 5955670?-
3013 5359 3165 5413 ι’θεδο
3196 5359 3292 5435 διὰ
3321 5347 3807 5435 εῶκι.ξεοξερῶνέξ³ἓῗῖ

2284 5418 2545 5506 ληὸένίτας
2566 5434 2624 5487 τὸ
2641 5432 2713 5502 μὴ
2733 5418 3264 5506 φὶεεῖσθαιέέειειυθ
3284 5432 3334 5483 id
3360 5418 3673 5506 υιίιίὶκιίέρι
3691 5418 3810 5506 ei???

2288 5494 2540 5560 timendis
2562 5494 2831 5575 consecuti
2865 5510 2923 5554 ut
2949 5501 3075 5575 nihil
3108 5494 3583 5575 tiri.erent._t_‘S_ed
3616 5494 3807 5575 largae"

2285 5556 2581 5645 agnoscunt
2598 5556 2837 5645 plerique
2865 5570 3101 5637 codices,
3130 5586 3238 5627 nec
3277 5566 3649 5625 vertitBillius.
3676 5556 3801 5611 llcrt'.

2286 5644 2373 5699 διά
2409 5646 2515 5698 τῶν
2545 5644 2741 5699 φόϐων.

2358 5660 2911 5785 ἱᾱὲῖῖἰὲξέῗέίχίαστο.
2936 5712 3025 5764 Sic
3044 5711 3195 5785 Pass.
3231 5714 3520 5780 celerique
3547 5718 3659 5761 mss.
3682 5697 3808 5750 sunt

2287 5804 2414 5843 vero
2449 5782 2503 5842 et
2526 5788 2650 5842 etlit.
2673 5786 2789 5839 l’ar.
2810 5782 3233 5853 κατειργάσατο.
