3878 6398
120 355 196 412 δτι
345 308 350 316 ’
1079 330 1338 388 ORATIO
1379 332 1442 387 ν.
1483 362 1552 399 τ-
1591 332 1641 386 ο

1750 330 1872 386 ΓΒΑ
1915 328 2264 387 JULIANUM
2305 327 2369 382 ll.

3206 329 3308 385 678

114 487 194 526 των
229 452 563 526 διαδιδράσκει
619 451 883 504 κίνδυνον.
940 451 1030 513 Ὦς
1087 451 1143 504 δὲ
1195 449 1440 521 προῖόντι
1491 450 1634 521 Περ-

1750 459 2039 506 castrorum
2073 447 2263 500 horum
2287 438 2584 511 periculum
2625 437 2832 510 effugit.
2863 439 2932 496 Ut
2965 449 3141 497 autem
3182 452 3310 514 pro‘

117 558 212 628 σικὴ
250 551 454 617 δύναμις
518 545 932 614 παραφανεῖσα,
983 541 1076 594 καὶ
1109 541 1196 594 ἀεί
1243 558 1326 605 τις
1375 542 1441 611 τῇ
1490 538 1622 611 οὔσῃ

112 637 448 723 προσ-γινομένη
471 674 486 700 ,
542 633 684 689 κατὰ
732 632 984 704 μετώπου
1028 631 1141 700 (75)
1192 633 1292 703 μὲν
1341 630 1622 695 ἵστασθαι,

115 744 188 798 καὶ
235 727 626 790 διακινδυνεύειν
688 726 787 780 οὐκ
840 724 976 796 ᾤετο
1038 724 1148 778 δεῖν
1206 724 1328 795 δίχα
1382 724 1627 795 μεγάλης

114 833 333 900 ἀνάγκης,
373 821 486 875 ἐνὸν
529 821 594 873 ὲκ
630 818 946 890 περιουσίας
995 817 1247 888 κρατεῖν
1294 814 1361 866 ἐκ
1423 813 1480 866 δὲ
1533 813 1641 866 τῶν

114 927 250 994 λόφων
277 917 360 971 καὶ
398 912 505 968 τῶν
557 910 757 964 στενῶν
880 908 1170 980 παρείκοι,
1225 904 1494 990 βάλλουσα
1536 905 1630 958 καὶ

112 1014 366 1081 τοξεύουσα,
395 1007 484 1059 καὶ
508 1004 574 1058 τὰ
605 1002 794 1072 καίρια
820 1002 918 1071 τῆς
954 999 1124 1053 διόδου
1158 995 1628 1082 προκιξαλαμτϐά-

113 1123 266 1168 νουσα,
318 1099 506 1174 ῥᾳδίως
569 1091 718 1168 εἶργε
781 1092 874 1146 τοῦ
944 1091 1162 1163 πρόσωο
1204 1083 1510 1161 τηνίκαῦτα
1571 1090 1631 1141 ὲν

110 1199 271 1271 ἀπορίᾳ
305 1211 358 1247 τε
392 1187 458 1262 ἧν
496 1190 594 1262 ἤδη
629 1174 854 1258 ’πολλῇ,
893 1186 988 1240 καὶ
1032 1185 1133 1237 οὐκ
1179 1183 1318 1254 ἔχων
1357 1184 1463 1253 ὅπη
1519 1180 1631 1248 (76)

111 1293 362 1366 τράπηται.
425 1280 578 1335 λύσιν
634 1279 881 1349 εὑρίσκει
939 1274 1184 1347 πονηρὰν
1246 1273 1342 1327 τοῦ
1411 1271 1631 1343 βουλεύ-

115 1398 263 1457 ματος.

1740 538 2007 614 gredienti
2041 533 2490 614 Persicat‘copiae
2527 532 2582 586 in
2623 541 2966 602 conspectum
3007 535 3310 603 venientes,

1735 631 2085 704 quotidieque
2141 632 2522 696 augescentes,
2573 638 2692 680 eam
2727 624 2948 694 gerendi
2991 624 3118 679 belli
3141 627 3312 682 ratio-

1735 738 1860 780 nem
1899 731 2083 777 tenere
2117 724 2423 786 coeperunt,
2452 725 2512 770 ut
2549 716 2776 770 adversa
2819 715 3038 784 quidem
3071 717 3186 771 acie
3215 733 3312 772 ne-

1739 827 2012 886 quaquam
2073 809 2175 866 sibi
2225 808 2516 872 standum,
2562 821 2694 872 nec,
2730 821 2852 861 cum
2897 807 3172 876 copiarum
3216 824 3313 862 ex-

1740 904 2025 961 uberantia
2068 903 2289 957 vincere
2340 900 2555 965 liceret,
2597 898 2704 954 nisi
2751 913 2944 968 magna
2992 901 3313 954 necessitate

1742 1003 1995 1066 urgente,
2028 992 2342 1048 tentandam
2382 990 2482 1046 sibi
2525 1005 2715 1061 pugnae
2747 989 2922 1045 aleam
2954 990 3260 1059 iudicarent
3290 1011 3307 1059 ;

1741 1096 1995 1141 caeterum
2032 1098 2063 1138 e
2103 1081 2320 1137 tumulis
2347 1090 2402 1136 et
2436 1080 2676 1136 locorum
2708 1083 2990 1151 angustiis,
3017 1084 3107 1138 ubi
3143 1084 3312 1139 facul-

1743 1186 1827 1232 tas
1865 1176 2126 1241 daretur,
2163 1174 2348 1228 hostes
2389 1172 2603 1242 sagittis
2640 1173 2979 1242 impeterent,
3020 1185 3183 1245 atque
3213 1192 3311 1244 op-

1739 1266 2153 1338 portunissimis
2203 1266 2302 1319 viae
2339 1263 2660 1318 transilibus
2685 1267 2985 1332 occupatis,
3019 1280 3113 1322 eos
3153 1267 3310 1322 facil»

1737 1359 1886 1429 lime,
1939 1375 2009 1416 ne
2053 1374 2218 1428 porro
2272 1358 2751 1430 progrederemur,
2803 1359 3112 1415 inhiberent
3150 1372 3307 1416 :tum

117 1448 213 1527 iero
244 1469 288 1522 in
334 1477 521 1533 magna
570 1458 734 1514 animi
785 1457 1055 1512 anxietate
1112 1454 1474 1521 versabatur;
1511 1465 1634 1516 nec,
1675 1463 1786 1520 quo
1831 1465 1892 1506 se
1937 1459 2192 1515 verteret,
2269 1448 2515 1516 habens,
2583 1465 2806 1522 pravum
2843 1453 3056 1505 tandem
3103 1453 3310 1508 consilii

112 1565 173 1622 sui
199 1559 376 1616 exitum
408 1552 633 1622 reperit.

163 1660 249 1711 lA'.
293 1651 449 1721 Ἀνὴρ
501 1648 610 1718 γάρ
653 1664 736 1709 τις
779 1644 888 1698 τῶν
923 1642 1022 1695 οὐκ
1075 1639 1350 1708 ἀδοκίμων
1397 1639 1454 1689 ὲν
1486 1635 1629 1708 Πέρ-

1814 1635 1903 1690 XI.
1927 1635 2022 1689 Vir
2046 1635 2190 1689 enim
2216 1633 2457 1702 quidam,
2495 1634 2637 1689 inter
2662 1633 2856 1689 Persas
2898 1649 3003 1689 non
3038 1634 3308 1704 ignobilis.

115 1765 222 1812 σαις,
245 1745 324 1798 τὸν
367 1739 458 1794 ὲπὶ
491 1736 769 1790 Βαϐυλῶνι
799 1734 936 1805 πρὸς
986 1728 1168 1800 Κῦρον
1214 1728 1326 1799 (77)
1369 1725 1624 1796 Ζώπυρον

115 1837 467 1911 μιμησάμενος,
516 1830 591 1892 ὡς
621 1828 768 1899 δήτι
821 1823 898 1894 τῷ
949 1819 1172 1891 Περσῶν
1207 1816 1319 1889 (78)
1373 1815 1618 1886 βασιλεῖ,

114 1929 270 2002 μᾶλλον
309 1924 361 1978 δὲ
400 1922 635 2005 μέγιστα
671 1920 767 1972 καὶ
799 1915 891 1968 ἐπὶ
938 1913 1623 2005 μεγίστοιςῂπροσκεκρου-

111 1997 314 2084 iubendi.
345 1997 568 2075 δύσνους
602 2011 698 2082 μὲν
738 2010 849 2070 τοῖς
890 2006 1096 2060 ἐκείνου
1143 2001 1398 2074 μάλιστα,
1449 1997 1637 2061 εὔνους

112 2115 153 2166 δὲ
189 2112 283 2172 τοῖς
320 2103 601 2176 Ῥωμαίων
655 2099 945 2173 πράγμασι
991 2095 1079 2150 διὰ
1118 2094 1276 2149 τοῦτο
1328 2089 1632 2161 τυγχάνων,

112 2203 181 2256 καὶ
209 2200 261 2252 τὸ
302 2195 648 2251 πιστεύεσθαι
692 2189 877 2246 λαϐὼν
931 2189 997 2241 ὲκ
1042 2185 1136 2241 τοῦ
1184 2185 1527 2254 πλάσματος·
1579 2181 1639 2234 Τί

73 2289 272 2356 ’ταῦτα,
323 2289 504 2360 φησὶν,
551 2282 599 2341 ὦ
648 2281 948 2350 βασιλεῦ;
1005 2278 1138 2345 Πῶς
1196 2277 1351 2330 οὕτω
1402 2272 1638 2346 σαθρῷς

111 2385 210 2453 περὶ
258 2381 545 2437 τοσούτου
587 2375 963 2442 ,βουλεύεσθε
1026 2369 1409 2440 πράγματος;
1464 2365 1560 2430 Τίς
1607 2366 1639 2416 ὁ

111 2478 272 2543 rqian
301 2468 471 2536 οὗτός
510 2484 611 2524 σοι
639 2466 804 2531 σῖτος
831 2464 929 2518 καὶ
960 2466 993 2516 ὁ
1022 2459 1292 2529 περιττὸς
1329 2458 1569 2527 φόρτος,
1604 2457 1637 2508 ό

111 2568 191 2635 τῆς
231 2564 546 2631 ἀνανδρίας
607 2558 1009 2621 διδάσκαλος;
1069 2551 1261 2606 Οὐδὲν
1314 2549 1426 2618 γὰρ
1479 2546 1632 2599 οὕτω

111 2661 375 2728 δύσμαχον
419 2654 536 2724 (79)
591 2650 691 2705 καὶ
731 2648 1097 2718 φιλόνεικον,
1142 2645 1220 2708 ὡς
1254 2639 1502 2712 γαστὴρ,
1543 2637 1642 2690 καὶ

111 2750 160 2803 τὸ
193 2750 251 2802 ὲν
297 2747 508 2816 χερσίν
560 2743 719 2812 ἔχειν
766 2739 882 2807 τὴν
919 2737 1240 2805 σωτηρίαν.
1298 2732 1451 2788 Ἀλλ’
1502 2730 1641 2783 εἴτι

111 2842 206 2910 ἐμοὶ
257 2840 454 2906 πείθῃ,
509 2834 580 2889 τὸ
633 2831 749 2902 μὲν
805 2828 1090 2884 ναυτικὸν
1159 2825 1338 2880 τοῦτο
1415 2824 1643 2893 χαίρειν

109 2931 286 2998 ἐάσεις,
325 2928 421 2983 καὶ
461 2925 582 2996 τὴν
613 2921 916 2992 ἑπομένην
964 2919 1225 2972 ἔκλυσιν
1273 2914 1354 2980 τῷ
1392 2913 1643 2983 γενναίῳ

1737 1727 1934 1798 Zopyri
1982 1725 2128 1780 illius
2158 1740 2284 1794 erga
2316 1723 2540 1794 Cyrum,
2575 1725 2626 1778 in
2674 1725 2962 1796 Babylonis
3006 1725 3310 1789 obsidione,

1739 1819 1953 1875 facinus
2006 1818 2266 1882 imitatus,
2323 1818 2476 1888 quasi
2525 1820 2593 1872 ob
2645 1819 2998 1888 gravissimas
3041 1819 3300 1888 quasdam

1736 1923 1931 1964 causas
1978 1909 2029 1961 in
2068 1907 2443 1978 gravissimam
2482 1905 2833 1963 offensionem
2865 1908 3154 1964 Persarum
3194 1909 3307 1978 regi

1737 2000 1999 2062 venisset,
2028 2000 2096 2052 ob
2134 1999 2296 2068 idque
2336 1998 2388 2052 in
2429 2012 2550 2051 eum
2583 1998 2815 2068 pessime
2847 1999 3137 2063 animatus,
3171 2015 3306 2054 con-

1738 2100 1934 2160 traque
1963 2104 2090 2158 erga
2118 2089 2396 2144 Romanos
2435 2091 2638 2156 optime
2678 2087 2902 2168 allectus
2929 2101 3090 2154 esset,
3125 2106 3188 2145 ac
3213 2105 3309 2160 per

1740 2182 2048 2250 hujusmodi
2080 2179 2261 2236 fucum
2290 2190 2344 2260 et
2373 2182 2771 2236 simulationem
2799 2183 2956 2236 [idem
2989 2182 3091 2236 sibi
3133 2183 3312 2237 conci-

1738 2275 1926 2329 liasset
1959 2292 1973 2326 :
2009 2272 2150 2336 Quid
2197 2261 2342 2336 Ittec',
2385 2275 2578 2344 inquit,
2629 2275 2914 2336 imperator
2955 2272 3151 2338 ?Quid
3201 2284 3310 2326 tam

1739 2364 1982 2433 ignavum
2017 2375 2172 2431 atque
2198 2363 2512 2416 imbecillum
2542 2363 2604 2417 de
2643 2364 2775 2418 tanti
2811 2366 3054 2417 momenti
3103 2367 3310 2434 negotio

1739 2454 2014 2521 consilium
2042 2455 2226 2507 initis?
2257 2455 2518 2519 Quorsum
2546 2457 2642 2508 hoc
2669 2456 2851 2508 navale
2885 2456 3229 2522 frumentum,
3247 2473 3311 2509 ac

1740 2543 2064 2611 superﬂuum
2107 2558 2269 2606 onus,
2297 2543 2521 2612 ignavia:
2564 2545 2875 2612 magistrum
2913 2543 2937 2595 .9
2975 2542 3128 2596 Nihil
3176 2544 3314 2598 enim

1741 2636 1810 2688 ad
1859 2636 2264 2703 expugnandum
2314 2636 2600 2705 difﬁcilius,
2646 2636 2779 2688 nihil
2831 2636 3155 2702 pervicacius
3213 2646 3312 2701 est,

1740 2744 1898 2798 quam
1926 2739 2121 2789 venter,
2152 2729 2408 2795 situmque
2438 2728 2493 2780 in
2546 2728 2787 2780 manibus
2829 2727 3019 2780 habere
3050 2744 3190 2796 spem
3226 2745 3316 2780 sa-

1743 2816 1885 2872 Iutis.
1931 2817 2211 2883 Quocirca,
2249 2819 2294 2870 si
2343 2818 2467 2886 quid
2515 2834 2596 2870 me
2625 2819 2829 2883 audies,
2867 2819 3134 2872 nauticum
3179 2823 3316 2873 hunc

1743 2917 2056 2976 apparatum
2117 2909 2287 2962 valere
2323 2908 2563 2977 jubebis,
2597 2909 3004 2978 languoremque
3037 2927 3101 2964 ea:
3136 2927 3196 2964 eo
3247 2912 3317 2964 ad

113 2980 572 3090 ξὲξεξιῗοέὲρατεῖῖ·
622 2980 803 3080 αὺὲὸς
847 2980 917 3066 δὲ
977 3012 1052 3064 δι’
1101 3009 1296 3076 ἄλλης
1351 2980 1492 3060 ὀδοῦ
1542 3007 1639 3057 εὑ-

1750 2997 2087 3065 fortissimum
2113 2996 2248 3049 [tunc
2276 2999 2561 3049 exercitum
2595 2999 2891 3052 redeuntem
2917 3009 3005 3052 :tu
3033 3010 3205 3052 autem
3233 3001 3320 3052 via

111 3113 394 3183 zapmépac
444 3128 512 3165 τε
564 3109 660 3163 καί
716 3101 1195 3176 ἀσφαλεστέρας,
1255 3095 1332 3168 ἧς
1370 3096 1483 3167 ἐγώ
1542 3109 1641 3147 σοι

113 3205 409 3274 καθηγητὴς
467 3203 773 3275 (ἔμπειρος
810 3198 878 3251 δὲ
922 3196 977 3250 εί
1016 3213 1104 3260 τις
1134 3192 1324 3257 ἄλλος
1357 3189 1502 3259 φημὶ
1536 3186 1643 3254 τῆς

111 3297 264 3369 χώρας
287 3294 430 3352 εἶναι
462 3295 576 3363 τῆς
608 3290 951 3361 Περσικῆς),
985 3284 1262 3357 ἐμϐαλεῖς
1302 3300 1364 3336 τε
1403 3284 1488 3345 εἰς
1530 3279 1644 3347 τὴν

113 3390 374 3458 πολεμίαν,
418 3387 521 3440 καὶ
570 3384 689 3439 τῶν
754 3381 906 3436 κατὰ
941 3378 1180 3449 γνώμην
1225 3375 1424 3442 τυχὼν
1463 3372 1644 3424 ἐπαν-

114 3479 270 3546 ήξεις·
298 3477 454 3548 ἡμᾶς
482 3475 555 3530 δὲ
586 3473 910 3542 τηνικαῦτα
940 3466 1008 3524 εὖ
1027 3468 1327 3535 ποιήσεις,
1353 3465 1533 3530 ἡνίκα
1571 3463 1646 3516 ἂν

113 3569 226 3638 ἔργῳ
259 3570 364 3641 (80)
414 3569 635 3636 πεῖραν
679 3564 871 3632 λάϐῃς
908 3561 1018 3630 τῆς
1069 3558 1354 3630 ἡμετέρας
1407 3557 1645 3619 εὐνοίας

115 3659 185 3711 καὶ
222 3660 644 3728 παραινέσεως.

165 3750 249 3803 lB'.
298 3751 382 3814 Ὦς
415 3749 474 3804 δὲ
529 3743 653 3800 εἷπε
696 3744 890 3808 ταῦτα,
925 3742 1020 3796 καὶ
1064 3738 1232 3793 εἰπὼν
1285 3737 1521 3799 ἔπεισεν,
1559 3733 1648 3786 eli--

116 3856 265 3894 πιστον
325 3841 434 3912 γὰρ
482 3843 518 3912 ἡ
576 3837 878 3907 κουφότης,
931 3834 1025 3886 καὶ
1073 3831 1166 3884 τοῦ
1219 3828 1354 3882 Θεοῦ
1413 3825 1647 3898 μάλιστα

116 3931 508 3995 συνελαύνοντος,
557 3929 770 3983 ἅπαντα
817 3923 886 3997 ἦν
922 3923 1057 3996 ὁμοῦ
1096 3921 1166 3975 τὰ
1196 3919 1372 3974 δεινά·
1407 3917 1505 3982 τὰς
1553 3917 1650 3987 μὲν

115 4019 214 4082 ναῦς
234 4016 335 4090 εἶχε
373 4020 433 4072 τὸ
458 4019 599 4090 πῦρ,
636 4019 731 4072 καὶ
756 4018 784 4069 ὁ
825 4018 968 4078 σῖτος
995 4014 1094 4066 οὐκ
1133 4008 1222 4082 ἦν,
1255 4009 1346 4062 καὶ
1385 4006 1593 4077 προσῆν
1623 4007 1652 4058 ὁ

115 4111 282 4178 γέλως·
315 4111 578 4182 αὐτόχειρ
621 4109 728 4180 γὰρ
766 4110 800 4178 ἡ
851 4105 1032 4176 σφαγὴ
1067 4101 1286 4174 σχεδόν·
1339 4098 1407 4151 τὰ
1447 4098 1504 4150 δὲ
1547 4096 1651 4149 τῶν

117 4202 304 4256 ἐλπίδων
335 4203 446 4274 (8i)
490 4202 725 4274 φροῦδα,
759 4200 853 4254 καὶ
893 4201 920 4251 ὁ
950 4195 1140 4266 ὁδηγὸς
1187 4192 1298 4264 (89.)
1342 4187 1653 4258 συναπῆλθε

1744 3087 1977 3155 faciliori
2006 3097 2054 3142 et
2086 3088 2290 3150 tutiori,
2310 3090 2461 3146 cuius
2497 3087 2590 3140 tibi
2613 3104 2693 3141 me
2715 3090 2900 3144 ducem
2922 3093 3036 3155 [ore
3071 3089 3320 3158 proﬁteor

1744 3178 1889 3250 (nam
1917 3179 2146 3233 Persica:
2177 3179 2402 3248 regionis
2435 3189 2541 3230 tam
2590 3180 2788 3246 peritus
2825 3197 2942 3234 sum
2965 3198 3122 3250 quam
3149 3182 3318 3251 quivis

1745 3270 2002 3337 alius),in
2032 3270 2260 3322 hostium
2283 3280 2473 3322 terram
2497 3270 2884 3338 impressionem
2927 3270 3107 3338 facies,
3129 3271 3317 3324 rebus-

1743 3377 1840 3431 que
1864 3378 1927 3416 επ
1952 3362 2116 3415 animi
2139 3363 2391 3414 sententia
2410 3360 2655 3426 ronfectis
2696 3361 2764 3412 ad
2800 3363 3024 3415 reditum
3064 3374 3114 3416 te
3143 3364 3318 3416 accin-

1744 3467 1850 3521 ges.
1884 3451 1969 3505 Me
1993 3461 2163 3504 autem
2209 3461 2330 3503 tunc
2358 3447 2564 3503 demum
2593 3449 2836 3516 bene/icio
2883 3451 3090 3518 efﬁcies,
3123 3465 3238 3504 cum
3266 3467 3319 3505 re

1744 3549 1855 3607 ipsa
1877 3542 2235 3596 benevolentia’
2268 3558 2390 3611 erga
2423 3551 2471 3595 te
2522 3557 2648 3595 mea:
2681 3542 2986 3608 consiliique
3012 3543 3112 3594 mei
3152 3543 3318 3595 docu-

1745 3644 1972 3688 mentum
1999 3635 2208 3697 ceperis.

1818 3725 1927 3779 ΧΙΙ.
1956 3725 2065 3796 Hac
2109 3727 2356 3780 oratione
2391 3739 2541 3783 cum.
2570 3724 2622 3779 id
2656 3725 2798 3793 quod
2847 3725 3198 3794 proponebat,
3225 3722 3319 3777 Ju-

1747 3816 1890 3872 liano
1919 3817 2303 3886 persuasisset,
2353 3817 2571 3872 credula
2605 3817 2748 3870 enim
2780 3826 2862 3871 est
2895 3816 3104 3882 levitas,
3138 3816 3319 3884 νεα·σί-

1747 3924 1961 3982 pucqne
2020 3909 2184 3962 etiam
2241 3909 2348 3963 Deo
2408 3909 2629 3979 impium
2684 3909 3017 3978 exagitante,
3068 3909 3320 3963 omnibus

1750 3999 1911 4056 simul
1964 4000 2321 4054 incommodis
2353 3999 2528 4070 premi
2579 3999 2745 4069 ccepit
2796 3999 3089 4055 exercitus.
3148 3998 3322 4055 Naves

1752 4091 1859 4161 igni
1891 4089 2317 4160 conﬂagrabant,
2352 4091 2686 4144 frumentum
2725 4089 2930 4144 nullum
2974 4101 3112 4156 erat,
3144 4104 3208 4144 ac
3247 4091 3322 4145 ri-

1754 4197 1848 4238 sus
1907 4181 2128 4250 insuper
2181 4183 2526 4249 accedebat;
2569 4183 2710 4238 idem
2761 4181 2903 4236 enim
2962 4181 3129 4237 ferme
3167 4190 3321 4247 erat,

114 4296 206 4354 ταῖς
246 4296 624 4366 ὑποσχέσεσιν.
664 4293 750 4344 Ἐν
800 4289 984 4358 κύκλῳ
1033 4286 1088 4338 δὲ
1135 4287 1182 4336 οἱ
1237 4281 1510 4350 πολέμιοι,
1560 4278 1641 4330 καῖ

1760 4273 1916 4344 155
1967 4288 2030 4328 ac
2081 4274 2128 4328 si
2175 4289 2370 4328 manus
2403 4275 2504 4329 sibi
2538 4274 2638 4344 ipsi
2674 4287 2968 4341 necemque
3009 4272 3320 4338 attulisset,

116 4385 378 4456 περιρρέων
422 4387 451 4437 ὁ
509 4383 776 4453 πόλεμος·
814 4381 848 4451 ἦ
891 4396 950 4431 τε
1001 4375 1226 4448 πρόοδος
1270 4373 1330 4424 οὐ
1382 4370 1570 4442 ῥᾳδία,
1616 4371 1648 4439 ἡ

113 4475 250 4547 τροφὴ
282 4477 336 4530 δὲ
363 4477 465 4530 οὐκ
497 4474 763 4544 εῦποροςο
805 4475 861 4525 ἐν
891 4468 1099 4541 ἀθυμίῃ
1130 4466 1186 4520 δὲ
1215 4467 1243 4518 ὁ
1275 4461 1524 4533 στρατὸς,
1558 4460 1653 4512 καὶ

113 4562 164 4615 δι’
184 4567 333 4638 ὀργῆς
361 4565 511 4639 εἶχον
558 4566 668 4637 (85)
708 4565 798 4617 τὸν
845 4562 1068 4634 βασιλέα
1090 4575 1105 4590 ⁶
1153 4558 1396 4611 ἐλείπετο
1427 4555 1484 4608 δὲ
1521 4571 1653 4625 χρη-

117 4657 218 4726 στῆς
243 4659 449 4722 ἐλπίδος
474 4657 664 4712 οὐδέν’
703 4656 800 4727 μία
830 4655 886 4709 δὲ
920 4655 994 4717 ὡς
1025 4654 1081 4705 ὲν
1111 4654 1222 4714 τοῖς
1252 4647 1517 4719 παροῦσιν
1543 4645 1653 4698 ἐδό-

117 4749 345 4819 κειμόνη,
390 4751 492 4821 τῆς
546 4748 789 4817 πονηρᾶς
839 4744 1217 4812 ἀπαλλαγῆναι
1253 4737 1529 4808 βασιλείας
1561 4736 1654 4789 καὶ

118 4842 434 4910 στρατηγίας.

172 5065 441 5139 (ΞξῘΚατὰ
471 5067 771 5139 μετώπου.
814 5063 977 5139 Hom.
1008 5079 1098 5139 γρ.
1135 5058 1278 5115 κατὰ
1311 5057 1581 5128 μέτωπον

169 5135 264 5206 (76)
302 5133 488 5206 Ὅσιῖη.⁷
509 5139 759 5205 Plerique
789 5135 1019 5206 codices,
1041 5133 1184 5206 liuor.

305 5195 526 5277 Κῦρον.
560 5195 687 5283 Ijon'
707 5201 1244 5283 Cy_rtts,_.sedADarins
1267 5195 1578 5271 Hystaspis,
1596 5203 1656 5250 ut

119 5285 170 5326 ex
195 5274 452 5332 Herodoto
477 5289 533 5334 et
565 5274 853 5331 Plutarcho
886 5274 1163 5327 discimus.

173 5345 272 5418 (Ῐὸ)
299 5347 380 5412 Τῷ
411 5333 685 5418 Περσῶν.
718 5348 791 5418 Ita
824 5356 930 5418 tres
951 5343 1144 5418 Re_gg.,
1173 5343 1278 5394 duo
1301 5337 1452 5393 Colb.
1484 5343 1536 5390 et
1558 5333 1652 5390 Or.

120 5409 162 5464 i.
183 5409 284 5471 ‘Pa'u
306 5409 699 5481 ei'cum'editis,
726 5415 834 5467 τῶν
860 5409 1103 5483 Περσῶν.

175 5484 274 5557 (⁷9)
317 5488 479 5542 οὕτω
512 5477 848 5555 δύσμαχον.
893 5477 974 5557 Ιιῇ
997 5482 1256 5557 Pass.uac
1281 5477 1655 5557 pleriqueco-

121 5545 268 5609 dices:
293 5557 416 5612 Par.
459 5559 598 5612 edit.
629 5545 915 5625 ἐπίμαχον.
935 5549 1420 5625 ΝοιιηιιΙΙξ,ῌοῦτως
1448 5545 1659 5625 ,ἐπίμα-

122 5638 214 5698 χυζδ,
240 5643 369 5698 quos
393 5629 646 5697 sequitur
665 5617 852 5680 Comb.
881 5624 969 5692 qui
993 5623 1069 5676 sic
1093 5620 1263 5698 reddit
1288 5621 1430 5672 hunc
1447 5617 1618 5672 locum
1641 5630 1656 5667 :

129 5691 148 5769 ι
171 5691 293 5750 Nihil
310 5715 464 5769 atque
477 5691 546 5752 ad
565 5708 966 5769 pugnatnsegne
986 5701 1154 5769 inque
1177 5691 1439 5769 Ῐίξοδυων
1455 5700 1658 5769 1”?"-

124 5768 203 5832 ιετ,
229 5757 487 5838 suamque
511 5757 624 5837 pra:
639 5757 895 5822 inanibus
924 5757 1151 5820 salutem
1177 5762 1392 5817 habere.
1417 5779 1433 5811 ι
1464 5757 1660 5815 Eodem

1759 4381 1882 4436 spes
1907 4379 2095 4419 omnes
2121 4366 2381 4432 evanidae,
2411 4367 2624 4436 duxque
2662 4365 2869 4420 itineris
2900 4380 3020 4418 cum
3047 4365 3323 4432 promissis

1759 4457 1871 4510 suis
1907 4457 2264 4511 abscesserat.
2301 4456 2356 4510 ln
2385 4458 2570 4512 orbem
2607 4471 2768 4525 porro
2801 4457 2984 4510 hostes
3032 4454 3322 4518 instabant,

1757 4549 1953 4606 bellum
2010 4551 2417 4604 circumﬂuebat
2462 4567 2476 4603 :
2517 4564 2841 4619 progressus
2873 4564 2978 4601 non
3013 4546 3215 4611 facilis,
3246 4547 3321 4597 vi-

1760 4651 1876 4696 ctus
1919 4655 2059 4710 aegre
2099 4640 2354 4709 parabilis
2389 4660 2402 4695 :
2451 4641 2736 4710 languebat
2768 4641 3076 4704 exercitus,
3104 4638 3322 4693 animis-

1758 4747 1862 4802 que
1890 4733 2291 4798 conciderat,in
2320 4735 2696 4804 imperatorem
2724 4747 2983 4788 accensus
3009 4740 3128 4787 erat
3151 4751 3164 4786 :
3189 4731 3324 4786 nihil

1761 5064 1919 5120 sensu
1963 5049 2184 5119 exponit
2222 5049 2498 5120 δύσμαχον
2541 5051 2767 5103 Budaeus
2808 5049 2860 5120 in
2887 5047 3104 5120 Plutar.
3136 5045 3322 5120 Symp.

1760 5117 1942 5173 Voluit
1971 5116 2211 5187 proiecto
2253 5116 2508 5188 itnpostor
2553 5120 2778 5173 suadere
2816 5118 3048 5188 Juliauo,
3097 5116 3327 5188 militare

1761 5190 1924 5243 robur
1953 5186 2147 5259 frangi,
2175 5206 2238 5244 ac
2270 5186 2511 5244 riiosum
2547 5190 2681 5254 iieri,
2715 5186 3056 5259 cumdillluit
3081 5187 3325 5259 deliciis;

1761 5270 1816 5313 et
1867 5255 2229 5326 praeﬁdentem
2278 5269 2438 5328 atque
2486 5259 2758 5314 incautum
2809 5258 3123 5326 plerumque
3174 5255 3326 5309 labe-

1762 5329 1974 5394 lactari,
1996 5345 2116 5383 cntn
2146 5330 2200 5382 in
2230 5331 2475 5382 manibus
2502 5329 2646 5384 salus
2671 5342 2790 5383 esse
2814 5329 3039 5382 videtur.

1835 5400 1947 5469 (80)
2000 5401 2198 5453 'Hrlm
2236 5400 2312 5453 ἂν
2343 5399 2512 5468 ἔργῳ.
2547 5400 2637 5453 Sic
2673 5414 2802 5453 mss.
2826 5409 2880 5451 et
2914 5397 3066 5451 editi.
3089 5393 3322 5450 Montac.

1755 5479 1809 5523 et
1838 5470 1961 5541 Par.
1994 5470 2052 5541 ἐν
2081 5469 2246 5541 ἔργῳ.
2289 5539 2301 5541 _
2450 5540 2470 5541 ί
2633 5539 2665 5541 Α
2795 5538 2808 5541 _
2835 5537 2844 5541 _
2967 5516 2974 5524 _

1827 5540 1936 5608 (8H
1982 5537 2413 5595 Τῶνὲλπίδων.
2448 5540 2598 5594 Pass.
2628 5537 3006 5592 ἐλπισθέντων.

1827 5603 1937 5680 (82)
1988 5611 2041 5662 Ὁ
2072 5610 2307 5678 όδητρός.
2353 5610 2426 5664 Ita
2459 5610 2608 5666 Pass.
2653 5619 2708 5664 et
2745 5609 2833 5664 alii
2880 5608 3124 5678 plerique
3167 5603 3326 5659 codd.

1758 5682 1916 5737 Det‘Sl
1950 5683 1999 5743 ό,
2029 5682 2082 5732 in
2107 5684 2285 5735 editis.

1831 5751 1942 5824 (85)
1973 5746 2170 5820 Εἶχον.
2197 5750 2385 5806 Comb.
2422 5746 2552 5820 εἶχε.
