3878 6398
171 330 257 384 €81
1158 326 1417 381 ORATIO
1461 325 1520 380 V.
1560 357 1628 366 ——
1664 325 1740 380 CG

1853 325 1943 380 BA
1981 326 2328 383 JULIANUM
2370 326 2433 380 ll.

3300 329 3415 381 {38.1

169 442 220 494 ἓν
262 440 422 494 τοῦτο
465 440 561 513 τὴν
601 440 740 496 κατὰ
779 439 886 493 τῶν
916 440 1108 495 ἑαυτοῦ
1166 439 1489 510 σπλάγχνων
1524 439 1736 510 πληγὴν

1853 441 1984 494 thalc
2009 440 2168 512 156
2181 450 2328 497 certe
2349 439 2571 508 orbique
2594 453 2842 494 universo
2863 448 3096 495 salutare
3115 438 3304 494 vulnus
3326 461 3417 496 ac-

171 533 330 604 ὴγνόη
341 551 454 589 σεν.

1844 533 1992 602 cipit,
2011 550 2072 588 ac
2093 548 2186 603 per
2202 534 2411 588 unicam
2439 533 2778 598 incisionem,
2808 533 3095 588 multorum
3124 534 3414 598 viscerum,

169 627 362 696 quibus
403 628 545 685 male
583 629 893 684 crediderat
956 643 1147 698 pmnas
1199 627 1453 681 exsolvit.
1524 627 1674 692 Quod
1745 636 1798 681 et
1837 629 2009 698 ipsum
2061 632 2252 694 miror,
2297 645 2405 700 quo
2451 629 2608 683 modo
2657 628 2817 682 homo
2856 643 3048 694 vanus,
3095 629 3187 697 qui
3233 630 3415 683 omnia

169 719 286 771 hinc
319 733 381 773 se
411 721 556 774 scire
588 720 962 781 existimabat,
997 719 1098 773 hoc
1133 734 1295 772 unum
1329 719 1617 788 ignoravit,
1649 717 1906 773 nimirum
1941 719 2137 774 vulnus
2167 719 2462 774 visceribus
2495 718 2609 772 suis
2643 717 3012 787 inﬂigendum.

232 810 327 863 IA'.
377 809 558 877 Ἄξιον
594 810 651 863 δὲ
702 810 835 882 μηδὲ
867 809 1027 862 τοῦτο
1075 809 1454 880 παραδραμεῖν
1504 807 1598 860 τοῦ
1645 809 1742 861 ἀν-

167 901 302 972 δρὸς,
343 902 611 974 μεγίστην
639 904 737 973 τῆς
782 903 991 956 ἐκείνου
1037 901 1458 971 κακοδαιμονίας
1492 900 1604 968 (94)
1652 901 1745 953 ἐπὶ

168 989 377 1054 πολλοῖς
415 991 537 1063 ἕχον
563 991 854 1056 ἀπόδειξιν.
887 993 1103 1044 ’Έκειτο
1139 991 1235 1061 μὲν
1264 991 1356 1043 ἐπὶ
1382 993 1447 1060 τῇ
1487 990 1622 1061 ὄχθῃ
1650 989 1744 1043 τοῦ

168 1082 428 1153 ποταμοῦ,
455 1083 548 1136 καὶ
582 1084 833 1154 πονηρῶς
860 1079 971 1153 εἶχε
999 1081 1092 1136 τοῦ
1123 1081 1440 1154 τραύματος
1466 1098 1479 1110 ·
1516 1080 1742 1142 πολλοὺς

167 1179 215 1231 δὲ
259 1176 422 1240 εἰδὼς
471 1176 734 1248 τῶνδίπρὸ
779 1175 944 1229 αὐτοῦ
978 1175 1136 1246 δόξης
1183 1174 1518 1245 ἠξιωμένων,
1561 1175 1635 1237 ὡς
1675 1173 1740 1227 ἂν

167 1269 301 1338 ὑπὲρ
330 1267 617 1339 ἄνθρωπον
643 1266 965 1338 νομισθεῖεν,
1003 1267 1222 1337 τέχναις
1251 1267 1390 1319 τισὶν
1433 1265 1491 1331 ἐξ
1525 1263 1737 1336 ἀνθρώ-

168 1379 278 1414 πων
303 1359 718 1429 ἁφανισθέντας,
749 1364 843 1413 καὶ
875 1359 965 1412 διὰ
993 1359 1150 1412 τοῦτο
1179 1357 1334 1422 θεοὺς
1359 1357 1717 1429 νομισθέντας

166 1453 325 1524 ἔρωτι
352 1454 452 1524 τῆς
478 1454 648 1522 αὐτῆς
677 1452 835 1524 δόξης
861 1454 1137 1518 ἑαλωκὼς,
1172 1453 1265 1506 καὶ
1297 1453 1413 1521 ἅμα
1447 1451 1523 1522 τῷ
1551 1451 1736 1522 τρόπιι·

165 1545 260 1616 τῆς
304 1545 564 1616 τελευτῆς
592 1545 681 1598 διὰ
714 1546 775 1598 τὸ
816 1545 918 1616 τῆς
968 1544 1223 1608 ἀϐουλίας
1270 1543 1454 1607 ἄδοξον
1503 1544 1729 1614 αἰσχυνό

169 1653 348 1709 μενος,
389 1635 441 1689 τί
491 1638 833 1707 μηχανᾶται,
887 1637 982 1690 καὶ
1026 1637 1079 1689 τί
1126 1639 1298 1701 ποιεῖ;
1353 1635 1474 1689 οὐδὲ
1518 1636 1628 1706 γὰρ
1669 1635 1745 1706 τῷ

168 1731 263 1800 βίῳ
295 1729 743 1782 συναναλίσκεται
795 1729 1065 1801 πονηρία’
1100 1729 1253 1801 ῥίψαι
1304 1729 1445 1782 κατὰ
1499 1728 1596 1781 τοῦ
1649 1746 1747 1782 πο-

1920 809 2059 864 XIV.
2097 811 2202 867 Sed
2227 828 2294 866 ue
2323 813 2424 867 hoc
2447 812 2662 881 quidem
2689 810 3118 880 praetereundum
3144 817 3244 876 est,
3271 810 3413 878 quod

1847 913 2042 972 praater
2066 903 2170 957 alia
2199 903 2390 968 multa,
2415 905 2706 958 maximum
2739 899 2963 972 perdita:
2989 902 3135 957 illius
3163 905 3414 958 amentia:

1847 1002 2222 1062 argumentum
2254 993 2436 1048 habet.
2462 992 2516 1046 In
2545 991 2787 1046 ﬂuminis
2819 992 2933 1061 ripa
2961 993 3204 1062 jacebat,
3235 994 3413 1061 gravi-

1848 1090 1929 1136 ter
1975 1096 2039 1137 ex
2095 1082 2314 1138 vulnere
2353 1093 2618 1153 aegrotans
2666 1101 2679 1136 :
2728 1098 2849 1138 cum
2896 1093 3074 1136 autem
3118 1084 3413 1151 permultos

1843 1189 2055 1239 eorum,
2097 1176 2186 1244 qui
2233 1185 2358 1230 ante
2403 1176 2572 1244 ipsius
2609 1184 2823 1229 {etatem
2867 1174 3092 1244 gloriam
3135 1179 3410 1230 consecuti

1847 1262 2096 1328 fuerant,
2123 1273 2193 1318 -ut
2229 1264 2463 1318 humana
2499 1264 2816 1318 conditione
2850 1264 3082 1333 majores
3119 1279 3410 1318 censeren-

1848 1362 1955 1418 tur,
1979 1353 2185 1410 artibus
2206 1355 2525 1424 quibusdam
2551 1371 2616 1409 ex
2643 1357 2918 1411 hominum
2943 1360 3114 1412 oculis
3138 1375 3258 1414 sese
3284 1361 3412 1414 sub-

1847 1443 2086 1511 duxisse,
2118 1458 2346 1512 eamque
2379 1445 2448 1498 ob
2479 1459 2698 1499 causam
2733 1461 2828 1514 pro
2859 1447 2960 1500 diis
2993 1448 3204 1502 habitos
3248 1450 3416 1504 fuisse

1849 1534 2041 1598 sciret,
2072 1534 2312 1604 ejusdem
2349 1535 2535 1605 gloria:
2571 1538 2866 1605 cupiditate
2897 1551 3120 1608 captus,
3150 1541 3416 1610 simulque

1849 1624 2038 1680 mortis
2085 1642 2194 1680 sua:
2238 1627 2453 1683 modum
2501 1639 2721 1698 propter
2766 1632 3088 1687 temeritatis
3135 1632 3413 1688 infamiam

1845 1716 2203 1784 erubescens,
2243 1719 2370 1787 quid
2408 1719 2661 1774 molitur?
2695 1722 2822 1790 quid
2860 1721 3029 1778 facit?
3060 1739 3236 1795 neque
3269 1727 3414 1780 enim

164 1820 341 1892 ταμοῦ
385 1823 638 1892 πειρᾶται
678 1822 740 1874 τὸ
784 1821 962 1892 σῶμα,
1013 1821 1107 1874 καὶ
1151 1821 1287 1892 πρὸς
1336 1819 1494 1873 τοῦτο
1540 1820 1740 1892 ὲχρῆτό

1853 1809 1999 1863 iitttul
2027 1825 2147 1864 cum
2175 1811 2282 1864 vita
2312 1811 2629 1882 improbitas
2652 1815 3031 1882 exstinguitur:
3060 1818 3112 1871 in
3142 1818 3414 1888 proﬂuen-

163 1930 270 1966 τισι
305 1913 416 1966 τῶν
447 1913 652 1966 πιστῶν
683 1913 876 1968 ἑαυτοῦ
923 1916 1206 1985 συνεργοῖς
1233 1913 1327 1966 καὶ
1369 1912 1602 1983 μύσταις
1632 1912 1739 1966 τῶν

166 2007 516 2076 ἀπορρήτων.
548 2006 659 2059 Καὶ
683 2008 731 2058 εἰ
767 2006 842 2077 μὴ
873 2005 980 2058 τῶν
1010 2004 1302 2076 βασιλικῶν
1333 2003 1604 2074 εὐνούχων
1631 2021 1737 2066 τις,

162 2098 218 2150 τὸ
253 2099 492 2168 πρᾶγμα
534 2097 874 2167 αἰσθόμενος,
911 2097 1004 2150 καὶ
1053 2100 1166 2160 τοῖς
1196 2096 1376 2160 ἄλλοις
1423 2095 1740 2167 καταμηνύ-

76 2225 78 2228 -
166 2207 293 2254 σας,
343 2191 492 2261 μίσει
535 2188 627 2243 τοῦ
681 2191 1136 2262 κακουργήματος
1181 2189 1280 2261 τὴν
1323 2190 1498 2261 ὁρμὴν
1547 2188 1740 2242 διεκώ-

163 2278 327 2342 λυσε,
395 2278 500 2331 κᾶν
562 2277 734 2349 ἐφάνη
814 2295 899 2341 τις
959 2277 1115 2341 ἄλλος
1157 2279 1269 2340 τοῖς
1319 2278 1568 2349 ἀνοήτοις
1622 2277 1741 2340 θεὸς

163 2371 275 2434 νέος
317 2370 378 2435 ἐξ
415 2371 780 2442 ἀτυχήματος.
831 2371 969 2424 Ἀλλ’
1010 2371 1218 2433 ἐκεῖνος
1267 2369 1411 2423 οὕτω
1447 2369 1546 2440 μὲν
1585 2369 1742 2438 βασι-

161 2461 389 2524 λεύσας,
430 2460 572 2515 οὕτω
609 2461 665 2515 δὲ
699 2464 1112 2534 στρατηγήσας,
1155 2461 1296 2516 οὕτω
1337 2463 1432 2516 καί
1483 2461 1740 2516 καταλύει

163 2553 248 2603 τὸν
285 2549 408 2620 βίον
438 2550 571 2621 (95).

227 2733 336 2786 1Ε’.
376 2729 770 2800 Διαδεξάμενος
815 2729 873 2783 δὲ
928 2729 1027 2800 τὴν
1086 2728 1359 2799 βασιλείαν
1412 2728 1573 2791 εὐθὺς
1627 2727 1738 2799 (96)

164 2826 278 2896 μετ’
316 2825 548 2884 ἐκεῖνον,
577 2825 605 2876 ό
638 2824 752 2893 μετ’
791 2823 994 2875 ἐκεῖνον
1035 2821 1363 2893 ἀναρρηθεὶς
1398 2823 1454 2874 ἐν
1484 2819 1635 2890 αὐτῷ
1663 2819 1742 2891 τῷ

165 2917 522 2989 στρατοπέδῳ
553 2915 684 2986 (97),
716 2916 809 2968 καὶ
840 2917 906 2985 τῇ
936 2913 1044 2967 τῶν
1076 2914 1338 2967 κινδύνων
1384 2914 1536 2983 ἀκμῇ
1581 2913 1743 2981 ἀναγ-

161 3005 716 3080 καίωςὲπιςητούσῃ
758 3006 849 3058 τὸν
898 3005 1254 3076 ἡγησόμενον,
1307 3003 1445 3074 ἀνὴρ
1479 3001 1742 3074 ἐπιφανὴς

160 3102 228 3153 τά
257 3117 326 3152 τε
353 3098 494 3152 ἄλλα
523 3098 614 3152 καὶ
644 3096 740 3168 τὴν
769 3095 1070 3159 εὐσέϐειαν,
1099 3095 1192 3148 καὶ
1228 3093 1288 3147 τὸ
1325 3089 1486 3157 εἶδος,
1527 3093 1744 3164 ἀληθῶς

1851 1911 1952 1954 tem
1981 1916 2176 1970 corpus
2201 1917 2354 1958 suum
2387 1903 2648 1972 projicere
2676 1917 2924 1973 conatur,
2951 1899 3018 1962 ad
3046 1924 3272 1979 eamque
3303 1927 3414 1966 rem
3477 1948 3482 1950 -

1849 1990 2252 2058 nonnullorum,
2272 2007 2408 2062 quos
2431 1995 2663 2047 maxime
2681 1996 2812 2049 fidos
2831 2011 3262 2066 arcanorumque
3283 2013 3381 2054 con
3400 2028 3416 2038 ο

1848 2085 1992 2138 scios
2019 2085 2302 2150 habuerat,
2327 2099 2488 2154 Opera
2521 2088 2793 2141 utebatur.
2823 2087 2973 2152 Quod
3004 2089 3106 2143 uisi
3139 2089 3408 2158 quispiam

1848 2192 1913 2231 ex
1937 2176 2125 2231 aulicis
2147 2177 2429 2244 eunuchis,
2460 2178 2559 2232 hac
2583 2193 2639 2232 re
2664 2180 2900 2249 cognita,
2924 2181 3250 2251 scelerisque
3287 2183 3414 2237 odio

1848 2276 1902 2320 et
1931 2267 2289 2322 detestatione
2317 2268 2439 2322 aliis
2467 2268 2755 2336 patefacta,
2780 2271 2907 2325 huic
2931 2273 3146 2326 conatui
3174 2274 3417 2329 obstitis-

1849 2365 1965 2422 set,
2000 2371 2171 2410 novus
2207 2357 2394 2425 utique
2433 2358 2569 2412 alius
2597 2373 2661 2412 ex
2697 2359 3005 2416 calamitate
3039 2363 3170 2417 deus
3203 2365 3416 2419 stolidis

1849 2447 2159 2502 hominibus
2184 2449 2501 2504 exstitisset.
2533 2450 2708 2519 Atque
2733 2451 2821 2506 ille
2848 2452 3085 2520 quidem,
3110 2469 3232 2508 cum
3262 2455 3338 2510 sic
3361 2468 3416 2509 et

1850 2539 2130 2608 imperium
2168 2541 2422 2610 gessisset
2467 2551 2524 2596 et
2585 2540 2780 2596 bellum
2823 2543 3290 2612 administrasset,
3336 2551 3415 2603 sic

1847 2644 2060 2698 quoque
2089 2644 2119 2684 e
2145 2630 2254 2684 vita
2287 2631 2535 2688 discedit.

1920 2719 2034 2775 XV.
2081 2721 2275 2776 Statim
2307 2733 2486 2778 autem
2519 2734 2637 2794 post
2668 2725 2837 2794 ipsius
2869 2737 3097 2783 mortem
3128 2730 3413 2800 imperium

1847 2813 2126 2883 excipiens
2148 2853 2162 2879 ,
2195 2815 2286 2883 qui
2318 2825 2438 2885 post
2472 2815 2618 2870 illum
2653 2817 2705 2871 in
2743 2818 2873 2887 ipsis
2908 2821 3129 2888 castris,
3167 2833 3330 2892 atque
3364 2826 3414 2878 in

1850 2907 1962 2975 ipsa
1997 2905 2358 2976 periculorum
2392 2907 2631 2973 flamma,
2664 2911 2854 2965 ducem
2887 2914 3194 2969 necessario
3228 2919 3381 2986 requi
3402 2947 3416 2957 -

1851 3011 2026 3067 rente,
2073 3002 2414 3056 renuntiatus
2455 3001 2656 3070 fuerat,
2701 3007 2800 3066 vir,
2844 3016 2898 3060 ut
2946 3007 3068 3061 aliis
3115 3009 3297 3072 rebus,
3342 3011 3414 3063 ita

1849 3094 2050 3162 pietate
2079 3081 2260 3149 clarus
2289 3103 2343 3149 et
2373 3095 2619 3162 insignis,
2651 3104 2812 3166 atque
2840 3099 2955 3153 oris
2987 3100 3291 3168 majestate,
3325 3119 3416 3158 re-

157 3189 480 3263 τυραννίδος
507 3189 654 3253 ἄξιος
695 3188 828 3260 (98),
861 3187 922 3239 τὸ
955 3187 1051 3258 μὲν
1091 3186 1170 3248 εἰς
1208 3188 1395 3257 χεῖρας
1433 3184 1568 3237 ἰέναι
1601 3183 1740 3255 Πέρ-

1853 3198 1948 3250 garo
1981 3182 2224 3252 profecto
2255 3183 2412 3254 digna
2450 3185 2734 3254 praeditus,
2770 3201 2890 3241 cum
2929 3203 3028 3243 nec
3067 3205 3256 3246 manus
3291 3207 3412 3246 cum

161 3302 319 3348 σαις,
371 3285 406 3355 ἢ
456 3282 702 3354 προϊέναι
750 3277 999 3350 οὐδαμῶς
1049 3273 1160 3341 οἶός
1213 3293 1274 3329 τε
1320 3272 1407 3344 ἦν,
1455 3276 1631 3329 καίτοι
1677 3291 1741 3344 γε

159 3375 417 3450 ἀνδρείας
447 3375 541 3428 καὶ
585 3371 889 3445 προθυμίας
919 3371 1072 3424 οὐδὲν
1117 3369 1398 3429 ἐλλείπων.
1439 3367 1533 3421 τοῦ
1581 3384 1742 3439 στρα-

158 3467 249 3521 τοῦ
297 3465 631 3538 παρεικότος
667 3463 778 3532 (99)
829 3460 928 3524 τὰς
973 3463 1160 3532 χεῖρας
1209 3458 1304 3512 καὶ
1348 3457 1446 3522 τὰς
1489 3457 1739 3521 ἐλπίδας,

159 3558 348 3629 ἐζήτει
392 3557 453 3610 δὲ
508 3554 607 3625 τὴν
670 3551 983 3616 ἀνάζευξινο
1031 3551 1127 3604 καὶ
1182 3550 1331 3613 ὅπως
1374 3547 1439 3602 ἆν
1484 3546 1742 3618 ἀσφαλῶς

153 3650 311 3720 τύχοι
350 3647 426 3719 (l)
452 3646 655 3717 ταύτης
683 3645 923 3710 ἐσκόπει,
960 3642 1146 3714 ὥσπερ
1174 3643 1235 3695 οὐ
1279 3640 1578 3711 βασιλείας,
1624 3637 1739 3692 ἀλλ’

155 3744 328 3813 ἥττης
359 3737 602 3810 γεγονὼς
640 3736 994 3808 κληρονόμος.
1031 3736 1096 3789 Εἰ
1141 3735 1238 3805 μὲν
1281 3730 1372 3786 οὖν
1415 3732 1490 3804 μὴ
1534 3731 1742 3802 Πέρσαι

153 3837 215 3905 τῇ
246 3833 386 3906 νίκῃ
435 3829 815 3902 μετριάζοντες
851 3828 989 3899 (καὶ
1024 3826 1132 3897 γὰρ
1167 3826 1328 3896 νόμος
1363 3816 1516 3887 οὗτος
1559 3823 1742 3885 αὐτοῖς

156 3930 363 3983 εἰδέναι
405 3929 626 3998 μετρεῖν
664 3925 968 3996 εὐπραγίαν
999 3920 1126 3993 [2]),
1158 3921 1192 3991 ἦ
1213 3937 1265 3972 τι
1291 3919 1567 3981 δείσαντες
1615 3915 1742 3971 ἄλλο

150 4017 256 4071 τῶν
302 4016 644 4086 λεγομένων,
681 4016 759 4077 εἰς
800 4012 1099 4084 συμόάσεις
1139 4009 1457 4081 ἐτράποντο,
1492 4009 1586 4062 καὶ
1613 4006 1742 4060 ταύ-

150 4125 248 4173 τας
288 4108 605 4177 ἀδοκήτους
646 4105 788 4159 οὕτω
822 4107 916 4159 καὶ
961 4101 1393 4176 φιλανθρώπους,
1423 4099 1574 4152 οὐδὲν
1614 4097 1742 4152 ἐκώ·

147 4201 240 4254 λυε
290 4201 441 4272 μηδὲ
492 4197 768 4270 πυρφόρον
796 4198 902 4269 (5),
944 4197 972 4249 ὃ
1015 4196 1079 4266 δή
1123 4211 1305 4264 φασιν,
1353 4191 1740 4261 ὑπολειφθῆναι

146 4291 223 4363 τῷ
281 4289 540 4361 στρατῷ·
577 4288 827 4343 τοσοῦτον
871 4284 1016 4357 εἶχον
1062 4286 1259 4348 αὐτοὺς
1300 4285 1346 4336 οἱ
1394 4281 1600 4354 Πέρσαι
1653 4280 1740 4334 διὰ

145 4381 376 4453 χειρὸς,
424 4382 483 4433 ἐν
520 4382 590 4451 γῇ
636 4397 696 4432 τε
743 4379 848 4449 ἰδίᾳ
904 4377 1230 4449 μαχόμενοι,
1281 4375 1374 4428 καὶ
1422 4390 1740 4444 προσεπηρ-

149 4474 304 4542 μένοι
355 4475 473 4536 τοῖς
524 4471 834 4540 γεγονόσιν·
881 4469 1062 4522 ἱκανὸν
1120 4467 1228 4538 γὰρ
1281 4466 1343 4518 τό
1396 4483 1447 4516 τι
1500 4465 1739 4536 προσλα-

1849 3272 2030 3329 Persis
2068 3289 2373 3338 conserere,
2418 3291 2514 3330 nec
2560 3279 2806 3347 progredi
2850 3279 2957 3334 ullo
2998 3282 3157 3337 modo
3196 3294 3412 3351 posset;

1848 3363 1974 3417 licet
2017 3362 2216 3432 alioqui
2272 3365 2436 3419 animi
2489 3367 2874 3435 magnitudinis
2913 3379 3074 3439 atque
3117 3370 3415 3429 alacritatis

1850 3455 2006 3509 nulla:
2039 3465 2219 3526 partes
2253 3457 2528 3524 deessent,
2560 3461 2808 3527 quamvis
2844 3461 3041 3538 milites
3076 3465 3326 3520 manibus
3361 3479 3416 3519 et

1849 3563 1943 3616 spe
1979 3547 2137 3603 fracti
2173 3549 2540 3619 debilitatique
2573 3561 2787 3615 essent,
2820 3564 2996 3607 castra
3033 3570 3284 3623 movere,
3315 3573 3412 3612 co-

1850 3640 2074 3709 piasque
2108 3641 2366 3694 reducere
2395 3643 2676 3710 satagebat
2704 3660 2718 3696 :
2755 3645 2931 3714 idque,
2965 3655 3024 3699 ut
3055 3655 3168 3702 tuto
3195 3649 3296 3703 sibi
3329 3651 3413 3703 fa-

1848 3743 1973 3784 cere
2007 3729 2212 3796 liceret,
2257 3732 2555 3800 laborabat,
2595 3735 2818 3804 perinde
2857 3749 3017 3806 atque
3051 3754 3156 3793 non
3191 3740 3405 3810 imperii

1850 3821 1942 3876 sed
1969 3819 2138 3876 cladis
2167 3821 2339 3879 haeres
2368 3822 2609 3879 effectus.
2636 3824 2788 3890 Quod
2817 3827 2917 3880 nisi
2949 3827 3128 3884 Persae
3157 3831 3209 3885 in
3240 3833 3412 3887 victo-

1850 3912 1928 3965 ria
1949 3912 2219 3966 moderate
2251 3927 2309 3966 se
2338 3923 2588 3983 gerentes
2616 3915 2740 3984 (boc
2760 3918 2900 3971 enim
2921 3922 3057 3988 apud
3077 3936 3168 3976 eos
3187 3921 3241 3976 in
3265 3940 3414 3978 more

1851 4004 2083 4075 positum
2117 4017 2221 4067 εει,
2255 4005 2412 4076 157
2442 4014 2499 4062 ut
2533 4010 2697 4065 animi
2735 4012 3157 4070 moderationem
3193 4017 3247 4071 in
3283 4033 3413 4088 pro-

1848 4098 2105 4167 speritate
2130 4097 2465 4170 adhibeant),
2492 4110 2586 4154 aut
2609 4101 2753 4156 aliud
2778 4105 3032 4173 quiddam
3057 4123 3271 4176 eorum,
3295 4127 3416 4180 qua:

1849 4188 1992 4242 fama
2037 4187 2374 4256 ferebantur,
2412 4197 2742 4257 metuentes,
2779 4194 2847 4247 ad
2891 4195 3127 4252 ineunda
3168 4199 3412 4269 foedera,

1851 4289 1904 4335 et
1939 4281 2156 4351 quidem
2190 4281 2326 4335 adeo
2358 4282 2632 4351 inopinata
2662 4294 2716 4338 et
2748 4285 3000 4352 humana,
3036 4304 3157 4345 sese
3185 4305 3417 4347 conver-

1852 4373 2045 4426 tissent
2067 4411 2082 4432 ,
2119 4385 2184 4424 ne
2215 4369 2412 4439 ignifer
2436 4372 2684 4440 quidem,
2719 4382 2775 4427 ut
2803 4376 2910 4429 dici
2942 4378 3114 4443 solet,
3148 4385 3412 4437 exercitui

1849 4460 2242 4530 superfuisset;
2278 4475 2450 4529 usque
2481 4461 2615 4516 adeo
2642 4478 2736 4518 eos
2766 4467 2832 4519 ad
2863 4482 3080 4521 manum
3109 4468 3288 4523 Persae
3316 4472 3412 4524 ha-

144 4565 261 4620 Gaiv
301 4565 390 4637 (4)
422 4566 743 4636 εὐημερίας,
787 4564 878 4617 καὶ
909 4563 1046 4635 πρὸς
1089 4562 1188 4633 τὴν
1230 4559 1422 4613 ἐλπίδα
1469 4557 1564 4610 τοῦ
1618 4557 1740 4627 μέλ-

1853 4553 2067 4618 bebant,
2099 4563 2211 4606 tum
2241 4553 2292 4606 in
2324 4562 2465 4607 terra
2495 4569 2592 4608 sua
2625 4553 2970 4625 dimicantes,
3004 4571 3116 4615 tum
3151 4563 3313 4618 etiam
3343 4568 3412 4619 ob

218 4744 346 4817 (9t)
392 4741 886 4817 Κακοδαιμονίας.
952 4738 1195 4817 (Σοιιώιξίἶ
1257 4736 1538 4817 οΐοῐιοιίοἰ
1600 4738 1741 4792 illius

143 4808 350 4871 animi.
395 4835 415 4866 ι
452 4815 630 4868 Malim
652 4808 682 4864 ἐ
714 4829 732 4862 ι
761 4810 901 4864 malo
925 4812 1084 4879 genio
1116 4808 1321 4878 agitati.
1365 4827 1384 4860 ι

69 4891 74 4895 ’
149 4956 167 4960 Α
191 4959 196 4960 ί
216 4887 344 4960 (95)
392 4879 826 4960 mererimerer
849 4877 1013 4960 βιὸν.
1044 4877 1386 4960 Ammianus,
1399 4877 1506 4960 _lib._
1531 4893 1655 4943 xxv,
1686 4891 1738 4945 p.

139 4948 277 5022 295,
321 4948 369 5008 ἐ
416 4959 524 5010 vita
580 4963 661 5007 est
714 4951 988 5022 absolutus
1040 4948 1237 5022 medio
1272 4949 1442 5001 noctis
1493 4949 1740 5011 horrore,

143 5019 312 5085 sexto
338 5026 466 5080 Kal.
500 5024 631 5088 Jul.,
665 5036 805 5074 anno
836 5020 1011 5074 aetatis
1038 5019 1107 5074 52
1134 5019 1403 5071 inchoato.
1437 5037 1456 5070 ι

217 5097 349 5170 (915)
383 5087 745 5170 Σφίσι-,θεὼ
780 5090 911 5170 Reg.
943 5091 996 5170 b,
1029 5089 1082 5142 in
1103 5099 1279 5170 textu;
1300 5089 1388 5141 alii
1418 5088 1656 5170 plerique
1683 5087 1738 5170 in

139 5157 435 5238 margine,
465 5157 757 5238 ‘loGidvd;._
781 5179 811 5238 ⁸ι
849 5160 1126 5238 Jovianus.
1173 5177 1191 5209 ι
1240 5157 1391 5212 Pass.
1424 5168 1479 5212 et
1502 5159 1650 5212 Colb.
1683 5157 1738 5222 k,

141 5231 610 5308 praetermittunt,
643 5231 758 5308 μετ’
777 5233 1001 5308 ἐκεῖνον;

212 5306 346 5381 (9η
390 5297 946 5381 Στωτοὰἐιζυηρυε)
972 5300 1140 5381 Regg.
1173 5297 1396 5381 add-unt,
1450 5297 1738 5381 πλανωμέ-

139 5368 243 5450 vth
302 5368 491 5450 Regg}
533 5390 586 5440 υ,
626 5387 684 5443 y,
721 5368 869 5450 Golb.
914 5369 970 5435 ιι,
1021 5371 1218 5450 habth
1271 5377 1474 5450 tantum
1520 5368 1742 5450 3:1ng-

213 5430 331 5519 νῳ,
367 5430 513 5499 εἶῖη
532 5430 718 5519 marg.
746 5440 892 5519 _R_eg.
923 5430 987 5519 u'1
1003 5457 1094 5512 γρ.
1130 5438 1209 5519 τῷ
1239 5437 1498 5519 πολέμῳ..
1520 5437 1589 5519 Ιιι
1609 5438 1737 5519 (leg.

138 5450 331 5574 μένῳ,
367 5454 428 5499 et
461 5450 513 5498 in
545 5457 718 5509 marg.
762 5450 892 5510 Heg.
923 5457 977 5504 υ,
1003 5457 1094 5512 γρ.
1130 5455 1209 5508 τῳ
1239 5450 1498 5519 πολέμῳ..
1520 5450 1575 5490 In
1609 5450 1737 5507 tteg.

179 5536 242 5580 ιι,
299 5532 410 5588 γρ.
458 5513 562 5588 κοιλἒ
595 5511 673 5588 τῷ
705 5510 910 5582 πλάνῳ.
951 5511 1100 5565 Pass.
1144 5510 1202 5562 ὲν
1247 5508 1395 5578 αὐτῳ
1430 5525 1508 5578 τῳ
1534 5508 1739 5578 πλάνῳ,

136 5584 369 5652 misso,
405 5584 522 5656 μετ’
547 5584 770 5656 ἐκεῖνον.

213 5648 351 5731 (98)
382 5648 618 5731 ξΑξιος.
654 5652 765 5705 Duo
786 5649 951 5720 Regg.
975 5659 1027 5705 et
1047 5649 1195 5704 Pass.
1224 5650 1390 5716 ἄξιον.
1421 5648 1590 5705 Verba
1623 5659 1747 5705 sunt

141 5727 467 5799 Euripidis.

218 5790 358 5869 (99)
406 5794 783 5864 Παρεικότος.
819 5790 1000 5847 Schol.
1037 5790 1389 5862 παρειμένον.

466 5891 738 5950 ΡΑτιιοι..
769 5886 887 5949 Gn.
916 5886 1183 5949 XXXV.

2037 4743 2229 4816 Τύχοι.
2263 4741 2532 4816 Nonnulli,
2576 4743 2731 4816 τύχῃ.

1849 4811 1998 4944 ag)
2037 4814 2405 4883 Εὺπραγίαν.
2465 4815 2611 4867 Pass.
2641 4811 2855 4883 aliique
2898 4815 3157 4877 nonnulli.
3210 4831 3415 4892 εὐπρα-

1902 4895 1987 4933 αν.

1920 4951 1994 5026 (5)
2033 4954 2368 5022 Πυρφόρον,
2417 4964 2521 5008 etc.
2571 4972 2608 5026 cf
2639 4954 2943 5023 lgnil'erum,
2989 4977 3009 5009 ι
3050 4955 3100 5008 id
3131 4968 3233 5023 est,
3263 4958 3414 5026 juxta

1848 5020 2039 5097 suam.
2072 5039 2093 5074 ί
2123 5020 2481 5097 sacerdotem,
2522 5020 2860 5097 quis'acrum
2898 5028 3070 5097 ignetn
3091 5028 3175 5097 (ad
3208 5020 3416 5082 suci-ili-

1848 5093 1926 5167 cia
1969 5095 2330 5167 consumenda
2370 5095 2497 5148 olim
2533 5096 2592 5167 _in
2630 5095 2768 5149 bello
2796 5093 3059 5166 geSIabat.
3088 5095 3181 5151 His
3226 5099 3416 5167 ignife-

1850 5161 1925 5215 ris
1973 5177 2158 5234 necem
2209 5164 2408 5234 inferre
2454 5165 2603 5218 nefas
2636 5175 2774 5228 erat,
2800 5161 2969 5234 'atque
3010 5167 3138 5233 ipsis
3182 5161 3415 5225 victores

1850 5231 2082 5286 maxime
2112 5233 2591 5307 parcebant,_quod
2624 5237 2841 5289 deorum
2879 5231 3044 5290 cultui
3076 5246 3132 5290 et
3153 5238 3414 5307 obsequio

1847 5311 2002 5354 erant
2026 5303 2346 5357 consecrati.
2389 5303 2444 5356 Id
2475 5315 2650 5356 autem
2691 5307 2743 5360 in
2775 5309 3041 5372 proverbii
3067 5303 3413 5364 consuetudi-

1851 5387 1972 5448 nem
2003 5373 2248 5448 venit,et
2284 5388 2391 5448 per
2408 5374 2732 5448 hyperbolen
2769 5377 2966 5448 dictum
2995 5379 3172 5448 estde
3202 5380 3283 5442 iis,
3321 5383 3411 5448 qni

1850 5441 1902 5494 in
1934 5441 2116 5515 praelia
2166 5444 2238 5515 ita
2275 5444 2340 5497 ad
2380 5441 2795 5500 internecionem
2831 5447 2954 5500 caesi
2985 5462 3048 5500 ac
3068 5446 3226 5501 deleti
3262 5441 3410 5515 Sunt,

1849 5519 1905 5563 ut
1935 5526 2002 5566 ne
2033 5511 2076 5587 is
2108 5513 2356 5587 quidem,
2379 5515 2468 5587 qui
2497 5514 2635 5582 apud
2661 5529 2753 5570 eos
2785 5517 3084 5584 hujnsmodi
3114 5518 3287 5587 ignem
3321 5511 3413 5587 ge;

1847 5590 1974 5652 stat,
2005 5581 2141 5638 cladi
2171 5581 2512 5652 superfuerit.
2532 5581 2567 5634 ό

1854 5721 1885 5773 6
1917 5650 2002 5738 μ)
2041 5650 2433 5720 Προσλαϐεἷν,
2465 5654 2584 5711 Bill.
2631 5663 2686 5708 et
2743 5655 2904 5710 Savil.
2938 5674 2953 5706 ι
2997 5657 3152 5721 forte,
3208 5659 3410 5732 προλα..

1889 5738 1983 5773 ειν.
2033 5742 2050 5773 ι

1889 5738 1983 5776 ειν.
2033 5742 2050 5773 ι

3097 5891 3175 5950 22
