3878 6398
491 334 594 388 685

1683 327 1737 381 S.
1782 325 2108 381 GREGORII
2150 324 2488 379 'l'llEOLOGl
3618 330 3705 383 684

493 461 553 499 ea
584 460 700 514 quae
735 441 1088 512 contigerant,
1122 440 1316 494 animis
1353 441 1512 496 altius
1548 439 1696 495 elati.
1728 439 1874 493 Felix
1907 440 2047 493 enim

2159 441 2363 503 λοντος·
2396 440 2489 493 νῦν
2518 439 2575 492 δὲ
2608 441 2635 490 ὀ
2671 439 2787 508 μὲν,
2834 442 2969 511 ὅπερ
3009 437 3179 503 εἶπον,
3212 442 3329 504 ἑνὸς
3365 436 3433 511 ἦν
3476 441 3569 493 τοῦ
3605 440 3707 496 δια-

492 537 755 605 qnispiam
791 548 1075 588 success-is
1110 547 1227 585 eam
1260 532 1365 586 vim
1403 533 1602 596 habet,
1639 540 1695 585 ut
1728 547 1875 602 spem
1914 547 2039 600 quo-

491 645 597 699 que
627 629 801 682 laetam
835 624 997 679 futttri
1027 623 1234 677 alferat.
1265 625 1529 687 At’nttnc,
1564 633 1620 677 ut
1652 622 1764 691 jam
1796 622 1929 687 dixi,
1961 623 2049 675 illc

495 732 635 774 tottts
670 720 720 772 in
757 732 821 771 eo
853 724 991 777 erat,
1027 725 1083 766 ut
1115 715 1417 768 exercitum
1454 722 1717 779 servaret,
1751 726 2050 782 nervosque

495 808 748 864 Romanis
781 806 1107 875 relinqueret
1144 822 1156 857 :
1196 805 1345 858 nervi
1383 805 1529 857 enim
1562 810 1753 868 erant,
1790 803 1892 858 etsi
1933 818 2047 857 rem

492 899 632 954 male
664 907 968 968 gesserant,
997 895 1067 948 ob
1098 894 1251 948 ducis
1284 894 1462 964 potius
1498 894 1855 948 temeritatem
1887 908 2048 963 quam

491 1005 641 1045 suam
689 986 976 1059 ignaviam.
1012 985 1190 1040 Persa:
1230 1000 1381 1049 vero,
1425 986 1834 1041 conditionibus
1879 985 2050 1054 turpi-

491 1084 591 1135 bus
616 1093 769 1141 sane,
795 1077 1268 1144 Romanorumque
1292 1090 1451 1128 manu
1479 1084 1532 1129 et
1560 1075 1819 1143 potentia,
1847 1084 1903 1128 ut
1930 1075 2052 1129 bre-

489 1172 708 1227 vissime
730 1168 925 1228 dicam,
952 1164 1213 1235 indignis,
1238 1164 1416 1218 fmdus
1446 1164 1795 1235 pepigerunt;
1820 1178 2048 1232 quarum

492 1263 705 1317 nomine
743 1260 786 1314 si
832 1258 975 1328 quis,
1018 1257 1262 1311 absoluto
1303 1256 1416 1323 illo,
1457 1256 1603 1311 hunc
1644 1255 2046 1312 criminandum

491 1360 730 1416 censeat,
771 1366 891 1405 meo
931 1348 1138 1418 judicio
1180 1363 1437 1417 perquam
1478 1348 1695 1416 iniquus
1739 1357 1822 1404 est
1863 1362 2048 1402 eorum

490 1463 611 1517 quae
641 1457 751 1499 tum
784 1443 1121 1504 acciderunt,
1149 1442 1467 1496 aestimator.
1492 1440 1610 1496 Non
1638 1441 1781 1495 enim
1810 1442 1928 1510 ejus
1957 1442 2047 1511 qui

494 1538 738 1602 messuit,
762 1537 909 1604 spica
939 1544 1040 1597 est,
1061 1547 1247 1586 verum
1277 1532 1421 1586 illius
1444 1532 1533 1602 qui
1563 1538 1856 1586 sementem
1881 1529 2006 1585 fecit
2034 1547 2047 1584 :

493 1646 593 1687 nec
624 1631 673 1685 ei
710 1627 1019 1683 incendium
1058 1623 1437 1693 assignandum
1474 1631 1575 1687 est,
1614 1622 1703 1691 qui
1739 1622 1916 1692 ignem
1954 1637 2050 1676 ex-

491 1724 767 1792 stinguere
796 1734 898 1772 non
933 1717 1123 1785 potuit,
1157 1713 1249 1768 sed
1280 1716 1369 1785 qui
1401 1714 1680 1768 excitavit.
1708 1713 1885 1782 Atque
1922 1712 2048 1766 illud

495 1778 750 1869 Herodoti
787 1811 832 1842 ⁶⁶
873 1778 944 1863 de
978 1778 1879 1876 Samiorumtyrannidecommode
1902 1804 2050 1859 dixe-
2080 1778 2123 1832 Β

494 1906 594 1958 rim
628 1922 639 1957 :
671 1901 912 1957 Calceum
941 1898 1073 1951 hunc
1104 1895 1354 1951 Ilistiwus
1380 1895 1589 1964 quidem
1620 1894 1845 1958 conruit,
1871 1894 2044 1947 induit

491 2004 664 2047 autem
697 1991 1054 2058 Aristagoras,
1090 1988 1178 2050 qui
1214 1986 1554 2039 antecesseris
1594 1985 1744 2039 rebus
1779 1986 2047 2039 successit.

562 2084 703 2141 XVI.
747 2083 884 2148 Quid
920 2081 1186 2148 reliquum
1222 2084 1370 2143 erat,
1404 2077 1508 2131 nisi
1545 2085 1603 2130 ut
1636 2077 1785 2144 impii
1819 2077 2052 2130 cadaver

492 2178 562 2234 ad
598 2177 872 2230 Romanos
908 2170 1219 2234 referretur,
1258 2168 1468 2222 etiamsi
1510 2167 1583 2221 ita
1622 2181 1652 2220 e
1690 2166 1825 2221 vivis
1860 2181 2051 2222 exces-

493 2268 689 2324 sisset?
728 2264 992 2331 Quoniam
1032 2273 1211 2315 autem
1248 2275 1344 2313 nos
1377 2259 1536 2313 etiam
1572 2259 1819 2314 exanime
1860 2274 2052 2328 corpus

491 2362 776 2421 habemus,
807 2357 950 2409 hunc
984 2354 1212 2414 scilicet,
1246 2351 1333 2420 qui
1370 2360 1494 2405 ante
1528 2350 1707 2417 ipsum
1743 2363 1773 2405 e
1804 2350 1914 2403 vita
1950 2349 2052 2403 mi-

493 2452 697 2521 gravit;
726 2450 1001 2511 videamus
1026 2446 1111 2499 hic
1136 2456 1367 2512 quoque,
1392 2451 1647 2511 quantum
1676 2442 1819 2495 inter
1842 2452 2053 2495 utrum-

493 2561 596 2615 que
640 2544 1015 2609 imperatorem
1054 2534 1387 2591 discriminis
1432 2533 1593 2587 fuerit
1640 2552 1651 2586 :
1696 2532 1740 2587 si
1787 2532 1912 2602 quid
1953 2532 2053 2586 hoc

492 2635 654 2688 etiam
695 2630 761 2684 ad
817 2627 1190 2683 defunctorum
1236 2622 1541 2676 felicitatem
1583 2630 1639 2676 et
1682 2621 2049 2677 infelicitatem

493 2722 887 2787 conferat.,lile
930 2720 1090 2788 igitur
1129 2710 1359 2787 publicis
1402 2715 1710 2783 prmconiis.
1752 2714 2052 2785 faustisque

493 2817 788 2879 ominibus,
814 2829 874 2867 ac
895 2811 1093 2867 celebri
1127 2822 1317 2877 pompa
1344 2807 1645 2869 deducitur,
1675 2806 2052 2877 religiosisque

493 2911 655 2963 etiam
688 2907 773 2960 his
804 2901 1002 2957 nostris
1032 2897 1240 2959 oﬂiciis,
1275 2912 1371 2967 per
1401 2907 1565 2950 totam
1601 2897 1806 2952 scilicet
1836 2906 2043 2951 noctein

493 2999 765 3071 productis
796 2993 1049 3054 canticis,
1085 3002 1136 3045 et
1172 2990 1413 3044 accensis
1448 2989 1691 3055 facibus,
1726 2990 1922 3058 quibus
1955 3004 2054 3045 nos

489 3088 779 3147 Christiani
795 3087 940 3154 pium
959 3100 987 3138 e
1006 3085 1109 3137 vita
1124 3082 1421 3137 discessum
1439 3080 1740 3135 ornandum
1771 3081 2052 3137 existima-

486 3200 630 3237 mus.
646 3172 1395 3250 Atque15800rporiselatio
1419 3170 1755 3239 coniunctam
1776 3186 1897 3227 cum
1920 3186 2055 3227 mua-

478 3290 618 3329 't'ore
645 3270 1014 3326 celebritatem
1045 3264 1226 3319 habet.
1253 3262 1404 3328 Quod
1433 3260 1477 3316 si
1508 3262 1595 3315 cui
1629 3260 1789 3317 fidem
1817 3262 2054 3317 narratio

491 3366 639 3428 facit,
669 3362 720 3416 id
748 3372 961 3429 quoque
990 3357 1045 3410 in
1076 3354 1362 3409 multorum
1394 3351 1615 3407 auribus
1642 3351 2051 3407 disseminatum

484 3461 602 3515 est,
636 3449 779 3519 quod
808 3461 930 3501 cum
962 3458 1156 3513 corpus
1184 3441 1347 3496 Tauri
1379 3439 1510 3511 juga
1546 3451 1867 3510 superaret,
1898 3452 1956 3497 ut
1986 3443 2051 3497 ad

413 3525 420 3533 ’
488 3543 717 3612 patriam
748 3539 1042 3600 civitatem,
1073 3535 1229 3597 hanc,
1261 3534 1504 3602 inquam,
1532 3532 1640 3588 illis
1668 3533 2045 3604 cognominem

488 3647 553 3687 ac
579 3629 1009 3691 celeberrimam,
1037 3623 1349 3689 referretur,
1374 3639 1477 3678 vox
1506 3625 1750 3694 quaedam
1774 3639 1804 3680 e
1826 3627 2051 3683 summis

488 3722 621 3778 locis
652 3738 680 3776 a
713 3718 983 3774 nonnullis
1008 3715 1418 3781 exaudiebatur,
1450 3715 1591 3771 velut
1621 3715 1964 3783 psallentium
1996 3726 2051 3772 et

487 3812 925 3885 prosequentium
950 3806 1336 3879 (angelicaruni
1354 3807 1551 3863 ooinor
1573 3807 1849 3877 virtutum)
1874 3828 1886 3864 :
1907 3808 2047 3879 quod

559 3908 604 3938 “
642 3905 805 3970 Hist,
840 3904 932 3959 lib.
963 3918 1035 3957 vr.

560 4027 637 4098 (5)
675 4024 1138 4094 Καταμέμεροιτο.
1202 4024 1257 4076 Ιιι
1316 4021 1546 4079 Montac.
1605 3996 1696 4094 γρ.
1760 4023 2047 4095 καταμέμ-

685 4162 1015 4234 Ἀγνὼμων.
1047 4182 1064 4215 ι
1094 4162 1281 4231 Rudis,
1313 4163 1591 4234 imperitus
1619 4176 1797 4217 rerum
1824 4163 2048 4219 aestima-

490 4248 989 4444 lo'itig’AoTro'tﬁc.
1028 4304 1162 4370 Reg.
1198 4318 1250 4367 a,
1279 4300 1372 4357 Or.
1401 4302 1453 4367 1,
1478 4301 1627 4357 Pass.
1657 4302 1898 4374 λογιστῇ.

542 4376 612 4444 (8
676 4378 745 4444 re
778 4373 885 4428 τοῦ
924 4373 1250 4443 Ἡροδότου,
1283 4373 1576 4444 ευμριιοὰ
1624 4374 1688 4426 de
1739 4374 1898 4428 Samii

542 4373 632 4445 (8)
676 4378 745 4450 ῖς)
772 4373 885 4450 τοῦ
924 4373 1576 4450 Ἡροδότουφιιξμριιοὰ
1624 4374 1700 4450 de
1730 4373 2040 4450 _$_amiorttm

2154 531 2426 586 σώσασθαι
2476 531 2565 583 τὸν
2624 531 2871 601 στρατὸν,
2929 532 3023 584 καὶ
3081 532 3149 585 τὰ
3207 532 3372 603 νεῦρα
3427 532 3701 604 Ῥωμαίοις

2152 622 2459 675 ὑπολιπεῖνο
2496 621 2662 692 νεῦρα
2694 621 2803 692 γὰρ
2839 617 2998 691 ἦσαν,
3039 623 3132 675 καὶ
3164 625 3211 675 εἰ
3253 623 3437 687 κακῶς
3478 624 3707 695 ἔπραξαν

2152 714 2373 784 ἀδουλίᾳ
2411 714 2609 784 μᾶλλον
2645 713 2738 766 τοῦ
2773 714 3243 784 στρατηγήσαντος
3275 716 3308 785 ἦ
3358 716 3509 783 σφῶν
3544 717 3709 769 αὐτῶν

2151 805 2425 876 ἀνανδρίᾳ.
2468 806 2531 858 Οἱ
2572 805 2629 858 δὲ
2677 805 2769 857 ἐπὶ
2797 807 2917 869 ταῖς
2968 805 3264 877 συνθήκαις
3313 806 3541 870 ταύταις
3598 824 3710 860 συν-

2151 895 2372 965 έϐησαν,
2410 897 2529 958 ταῖς
2570 894 2744 957 οὕτως
2787 897 3037 967 αἰσχραῖς
3085 914 3141 948 τε
3184 898 3279 950 καὶ
3331 896 3578 963 ἀναξίαις
3623 900 3711 969 τῆς

2162 991 2444 1061 Ῥωμαίων
2484 991 2699 1061 χειρὸς,
2746 990 2809 1042 ἶν’
2857 992 2994 1043 εἴπω
3041 991 3103 1043 τὸ
3155 990 3601 1061 συντομώτατον·
3647 986 3712 1045 ὧν

2151 1082 2341 1146 εἴτις,
2381 1084 2585 1136 ἐκεῖνον
2615 1083 2774 1151 ἀφεὶς
2805 1082 2901 1153 τῆς
2954 1082 3162 1145 αἰτίας,
3211 1081 3397 1135 τοῦτον
3430 1083 3711 1154 καταμέμο

2152 1195 2301 1247 φοιτο
2352 1177 2461 1247 (5),
2507 1177 2625 1230 λίαν
2680 1176 2827 1229 ἐστὶν
2878 1175 3149 1244 ἀγνώμων
3201 1173 3276 1245 (6)
3330 1174 3519 1245 ἔμοιγε
3573 1173 3711 1241 λογι-

2154 1269 2282 1340 στὴς
2310 1269 2385 1338 (7)
2411 1270 2517 1321 τῶν
2555 1269 2673 1321 τότε
2710 1266 3150 1337 συμϐεϐηκότων.
3180 1268 3253 1318 υ)
3288 1267 3396 1336 γὰρ
3439 1265 3533 1318 τοῦ
3574 1267 3709 1335 ἀμή-

2153 1378 2340 1423 σαντος
2384 1361 2412 1412 ὁ
2460 1362 2676 1430 στάχυς,
2724 1358 2858 1411 ἀλλὰ
2892 1356 2987 1410 τοῦ
3044 1356 3400 1427 σπείραντος·
3450 1356 3574 1408 οὐδὲ
3624 1354 3708 1409 τοῦ

2152 1454 2484 1508 κατασϐέσαι
2545 1453 2618 1523 μὴ
2668 1450 2984 1522 δυνηθέντος
3030 1451 3058 1501 ὁ
3105 1450 3464 1520 ἐμπρησμὸς,
3513 1448 3609 1501 τοῦ
3660 1448 3708 1501 δὲ

2153 1542 2482 1612 ἀνάψαντος·
2521 1543 2613 1595 καὶ
2648 1540 2716 1617 ,τὸ
2746 1540 2838 1593 τού
2875 1538 3159 1611 Ἡροδότου
3200 1539 3273 1608 (8)
3314 1540 3443 1609 περὶ
3486 1541 3588 1608 τῆς
3622 1539 3709 1591 Ea-

2156 1635 2293 1705 μῖων
2338 1632 2652 1703 τυραννίδος
2685 1632 2874 1702 καιρὸς
2908 1633 3099 1694 εἰπεῖν,
3129 1631 3208 1683 ὅτι
3249 1629 3429 1684 Τοῦτο
3466 1629 3534 1682 τὸ
3573 1632 3709 1683 ὑπό-

2152 1725 2308 1793 δημιι
2368 1724 2443 1794 (9)
2501 1720 2723 1791 ἕῤῥαψὲ
2784 1722 2900 1791 μὲν
2959 1721 3229 1787 Ἰστιαῖος
3288 1722 3439 1792 (10),
3496 1721 3707 1775 ὑπεδύ-

2151 1832 2300 1871 σατο
2334 1816 2445 1889 (ll)
2478 1815 2546 1868 δὲ
2580 1815 3004 1884 Ἀρισταγόρας,
3040 1817 3073 1869 ό
3103 1814 3175 1869 τὰ
3210 1813 3316 1868 τοῦ
3363 1815 3711 1883 προειληφό-

2152 1924 2254 1974 τος
2286 1905 2729 1976 ὑποδεξάμενος

2222 2083 2338 2151 ιςΓ.
2379 2084 2443 2136 Τί
2501 2083 2683 2137 λοιπὸν
2738 2078 2805 2154 ἦν
2856 2082 2965 2153 (12)
3021 2082 3053 2151 ἢ
3105 2082 3164 2134 τὸ
3227 2080 3385 2152 σῶμα
3431 2081 3713 2152 Ῥωμαιοις

2154 2176 2522 2248 ἐπαναχθῆναι
2550 2174 2643 2228 τοῦ
2675 2173 2986 2237 δυσσεϐοῦς,
3022 2172 3224 2244 καίπερ
3248 2172 3391 2226 οὕτω
3430 2173 3718 2244 καταστρέ-

2152 2268 2376 2336 ψαντος;
2417 2266 2566 2319 Ἐπεὶ
2591 2267 2648 2320 δὲ
2677 2267 2769 2319 καὶ
2798 2268 2930 2336 ἡμῖν
2967 2267 3082 2317 ἐστι
3119 2265 3309 2335 νεκρὸς
3347 2267 3375 2317 ὁ
3418 2265 3528 2335 πρὸ
3561 2264 3715 2317 αὑτοῦ

2154 2356 2458 2419 καταλύσας
2489 2355 2578 2409 τὸν
2610 2354 2743 2425 βίον,
2768 2354 2963 2425 ἴδωμεν
2986 2352 3259 2407 κάνταῦθα
3298 2357 3410 2406 τοῖν
3454 2353 3717 2424 βασιλέοιν

2155 2450 2352 2519 ἀμφοῖν
2387 2447 2447 2500 τὸ
2474 2446 2745 2518 διάφορον,
2784 2448 2836 2499 εῖ
2860 2464 2911 2499 τι
2956 2448 3050 2500 καὶ
3081 2445 3239 2499 τοῦτο
3271 2446 3427 2518 φέρει
3475 2446 3615 2519 πρὸς
3637 2447 3719 2498 εύ-

2152 2539 2427 2609 δαιμονίαν
2457 2540 2490 2608 ἢ
2526 2538 2941 2608 κακοδαιμονίαν
2983 2536 3094 2606 (15)
3133 2540 3241 2601 τοῖς
3278 2535 3626 2590 ἀπελθοῦσιν.
3666 2536 3718 2587 'O

2158 2632 2254 2701 μέν
2281 2648 2344 2698 γε
2372 2630 2482 2699 (14)
2516 2630 2943 2700 παραπέμπεται
2984 2630 3285 2700 πανδήμοις
3328 2627 3627 2699 εὐφημίαις
3665 2644 3719 2679 τε

2154 2722 2249 2776 καὶ
2278 2723 2540 2791 πομπαῖς,
2568 2722 2662 2774 καὶ
2689 2720 2898 2783 τούτοις
2924 2721 2987 2790 δὴ
3017 2723 3129 2782 τοῖς
3155 2719 3445 2791 ἡμετέροις
3486 2721 3715 2789 σεμνοῖς,

2155 2808 2316 2878 ᾠδαῖς
2341 2806 2627 2878 παννύχοις
2651 2808 2762 2878 (15)
2800 2808 2895 2860 καὶ
2925 2808 3251 2880 δᾳδουχίαις,
3281 2804 3369 2871 αἶς
3398 2809 3716 2880 Χριστιανοὶ

2156 2902 2317 2971 τιμᾷν
2368 2898 2693 2971 μετάστασιν
2746 2898 2942 2969 εὐσεϐῆ
2990 2898 3313 2969 νομίζομεψ
3368 2900 3465 2951 καὶ
3516 2900 3717 2967 γίνεται

2156 2993 2460 3063 πανήγυρις
2509 2989 2647 3061 μετὰ
2698 2988 2903 3053 πάθους
2950 2992 2983 3060 ἡ
3018 2989 3276 3060 ὲκκομιδὴ
3320 2990 3413 3044 τοῦ
3449 2992 3715 3061 σώματος.

2157 3084 2218 3135 EE
2246 3081 2304 3134 δέ
2326 3098 2400 3151 τῳ
2428 3080 2613 3142 πιστὸς
2641 3082 2668 3133 ὁ
2698 3080 2873 3149 λόγος,
2905 3081 2997 3132 καὶ
3029 3079 3186 3133 τὸὖτο
3216 3080 3424 3153 διεδόθη
3460 3087 3586 3147 ταῖς
3616 3085 3720 3137 τῶν

2154 3174 2362 3231 πολλῶν
2395 3175 2615 3236 ἀκοαῖς,
2658 3174 2771 3236 ὃτι,
2816 3174 3002 3244 ἐπειδὴ
3049 3172 3140 3225 τὸν
3191 3172 3401 3242 Ταύρον
3454 3174 3721 3247 ὑπερϐάλ-

2152 3268 2231 3321 λοι
2272 3262 2384 3334 (16)
2430 3262 2490 3314 τὸ
2534 3260 2692 3331 σῶμα
2739 3262 2875 3333 πρὸς
2916 3262 3014 3332 τὴν
3061 3261 3319 3333 πατρῴαν
3372 3264 3523 3333 αύτῷ
3572 3267 3725 3318 πόλιν

2150 3353 2564 3424 διασωζόμενον,
2606 3352 2803 3424 ταύτην
2832 3353 2895 3424 δὴ
2926 3354 3022 3423 τὴν
3053 3353 3341 3424 ὁμώνυμον
3368 3355 3595 3419 ἐκείνοις
3634 3358 3726 3410 καὶ

2152 3443 2561 3515 μεγαλώνυμον,
2613 3445 2763 3515 φωνή
2809 3461 2892 3505 τις
2940 3446 3003 3495 ἐκ
3062 3444 3171 3496 τῶν
3213 3446 3397 3516 ἄκρων
3449 3447 3597 3500 ἐστιν
3647 3443 3727 3510 οἷς

2154 3536 2459 3607 ὲξηκούετο,
2488 3530 2595 3589 οἷον
2641 3535 2949 3605 ψαλλόντων
2989 3554 3048 3589 τε
3082 3537 3176 3589 καὶ
3224 3540 3725 3609 παραπεμπόντων,

2156 3628 2457 3697 ἀγγελικῶν
2502 3623 2650 3698 οἶμαι
2713 3628 3013 3698 δυνάμεων,
3073 3629 3237 3700 γέρας
3284 3632 3383 3701 τῆς
3442 3632 3730 3694 εὐσεϐείας

2157 3719 2368 3789 ἐκείνῳ,
2416 3721 2506 3774 καὶ
2553 3719 2817 3783 ἀντίδοσις
2860 3720 3166 3790 ἐπιτάφιος.
3214 3722 3323 3774 Καὶ
3359 3723 3468 3794 γὰρ
3522 3725 3572 3776 εἰ
3630 3725 3731 3795 τὴν

2157 3811 2320 3882 ὀρθὴν
2351 3811 2507 3875 δόξαν
2538 3811 2644 3881 (l7)
2675 3813 2994 3882 παρακινεῖν
3029 3811 3225 3876 ἔδοξεν,
3267 3812 3402 3865 ἀλλὰ
3433 3815 3529 3866 καὶ
3565 3814 3731 3869 τοῦτο

2157 4032 2386 4107 accepta:
2444 4041 2462 4075 ι
2510 4022 2751 4085 consuit;
2803 4040 2822 4075 ι
2869 4020 3124 4078 Iovianus
3175 4030 3377 4087 autem,
3425 4041 3443 4074 ι
3500 4024 3593 4091 qui
3646 4023 3735 4078 ica

2156 4096 2664 4233 ηυέζ).Ὺπόδημα.
2704 4161 2827 4233 Non
2876 4162 3014 4217 bene
3071 4160 3275 4233 Billius,
3310 4161 3727 4233 quireddidit:

2161 4251 2177 4285 ι
2221 4232 2443 4288 vestem.
2482 4254 2499 4287 ι
2546 4232 2827 4287 Debuisset
2848 4232 2990 4286 enim
3023 4246 3142 4286 cum
3180 4232 3435 4288 Herodoti
3464 4232 3733 4303 interpre-

2152 4314 2200 4358 te
2220 4312 2430 4358 vertere
2467 4322 2480 4358 :
2522 4321 2540 4354 ι
2578 4307 2837 4357 calceum.
2877 4320 2895 4351 ι

2219 4374 2334 4443 (10)
2377 4372 2670 4443 Ἱστιαῖος.
2716 4370 2864 4443 Pass.
2910 4370 3192 4443 Ἑστιαῖοῇ

491 4439 809 4521 tyrannide,_
850 4444 924 4521 de_
975 4439 1177 4521 calceo,
1235 4443 1300 4496 de
1330 4442 1589 4521 _Histi:eo_
1616 4444 1874 4521 quiillutn
1916 4460 2036 4521 con-

2220 4439 2331 4515 (11)
2387 4442 2767 4521 Iudaicam.
2798 4439 2859 4521 .ln
2890 4442 3127 4521 quinque
3153 4439 3449 4521 Regg._Or.
3476 4442 3536 4521 Δί,
3570 4442 3733 4521 ΜΨ.-

488 4512 626 4583 δίιίιξ,
674 4523 728 4568 et
779 4514 844 4568 de
897 4514 1205 4581 Aristagora
1252 4513 1342 4584 qui
1400 4512 1773 4584 eutn__iniluit,
1828 4515 2046 4584 scripsit

487 4579 810 4645 Herodotus,
858 4585 936 4638 sic
986 4579 1204 4649 exponit
1262 4579 1445 4637 Elias:
1481 4600 1499 4633 ι
1537 4581 1813 4645 llistizeus,
1848 4579 2047 4652 genere

488 4655 723 4716 Samius,
767 4668 887 4707 cum
944 4653 1103 4707 Dario
1156 4653 1438 4705 Persarum
1513 4669 1638 4722 rege
1704 4656 2040 4707 versabatur.

485 4729 529 4778 Α
556 4739 660 4792 quo
688 4739 807 4776 eum
833 4724 1057 4792 patriam
1086 4722 1314 4776 adeundi
1341 4731 1575 4793 potestas
1599 4723 1695 4793 ipsi
1727 4723 1865 4776 facta
1884 4734 2044 4785 esset,

484 4798 856 4862 Aristagoram
898 4804 1145 4860 nepotem
1178 4807 1355 4862 suum,
1397 4793 1485 4860 qui
1527 4792 1734 4846 Samios
1784 4793 2047 4858 guberna-

486 4868 597 4931 bat,
635 4860 815 4917 m'onet
854 4870 910 4915 ut
947 4862 1075 4929 ipsis
1108 4872 1161 4913 et
1193 4860 1409 4915 lunibus
1453 4863 1505 4915 in
1553 4862 1788 4915 animum
1832 4862 2046 4931 inducat

485 4929 841 4988 defectionem
866 4932 1061 4991 moliri.
1096 4932 1447 4997 Posteaquam
1478 4942 1653 4984 autem
1684 4931 1760 4985 illi
1792 4949 1820 4983 a
1849 4929 2043 4985 Persa-

488 5020 607 5058 rttm
642 5002 866 5070 imperio
898 5000 1230 5070 defecerunt,
1264 4999 1510 5054 llistizeus
1538 5000 1696 5054 Dario
1736 5002 2043 5067 persuadet,

485 5083 543 5127 ut
587 5072 687 5128 sibi
724 5069 829 5139 per
868 5084 990 5122 eum
1028 5069 1186 5123 liceat
1230 5073 1296 5121 ad
1336 5085 1449 5132 eos,
1484 5070 1575 5139 qui
1611 5070 1950 5132 defecissent,
1986 5086 2045 5125 se

484 5143 770 5206 conferre;
806 5139 1182 5194 diceliatenim
1218 5152 1369 5205 posse
1400 5155 1459 5192 se
1489 5154 1583 5195 eos
1617 5155 1832 5194 rursum
1869 5140 1934 5192 ad
1962 5155 2046 5193 re-

482 5214 565 5282 gis
586 5221 765 5282 partes
796 5211 1108 5282 traducere._
1124 5206 1256 5260 Cum
1284 5209 1443 5282 igitur
1474 5223 1538 5282 eo
1577 5213 1922 5279 perrexisset,
1965 5217 2047 5261 at-

483 5276 600 5353 Que'
621 5297 649 5334 a
684 5290 898 5346 satrapa
926 5276 1262 5353 Artapherne
1290 5278 1455 5353 ipsius
1486 5276 1633 5353 fraus
1672 5283 2044 5353 agnitacssct,

486 5347 629 5407 hunc
659 5362 962 5405 sermonem
988 5347 1209 5415 audivit,
1235 5350 1325 5414 qui
1358 5349 1516 5400 etiam
1548 5349 1598 5401 in
1622 5347 1887 5415 proverbii
1918 5362 2046 5402 con-

486 5422 822 5474 suetudinem
853 5414 1150 5488 venit.__Pet‘
1176 5419 1411 5488 calceum
1440 5414 2047 5488 atttettt’signiﬁcabatur

485 5491 733 5551 defectio,
767 5502 886 5556 qua:
916 5487 980 5539 ab
1011 5485 1245 5547 Ilistimo,
1271 5486 1339 5539 ob
1363 5486 1643 5539 consilium
1670 5485 1875 5549 «fatum,
1912 5502 2045 5541 con-

486 5561 699 5613 cinnata
746 5558 935 5617 fuerat,
970 5556 1151 5625 induta
1180 5557 1404 5625 vero_ab
1441 5556 1773 5625 Aristagora,
1803 5557 1895 5625 qui
1926 5572 2042 5611 eam

485 5639 771 5683 exsecutus
793 5629 990 5679 fuerat.
1014 5644 1031 5675 ι
1063 5624 1186 5677 ιιωε
1212 5628 1276 5678 ad
1298 5622 1568 5679 Juliannin
1588 5622 2045 5680 et'Jovianumde-

485 5706 700 5768 torquet
728 5695 1039 5768 Gregorius.
1071 5693 1315 5768 Julianus
1349 5704 1450 5757 est,
1488 5698 1574 5761 qui
1600 5714 1632 5768 _«
1666 5697 1971 5768 seminavit,
2000 5714 2038 5768 ἓ»

484 5764 629 5842 qui]
666 5766 964 5823 incendium
997 5766 1266 5829 excitavit,
1303 5783 1321 5817 ι
1361 5768 1449 5835 qui
1481 5783 1499 5814 ι
1536 5764 1772 5821 calceum
1810 5785 1828 5818 ι
1873 5766 2040 5821 cladis

2152 4511 2254 4567 tac.
2301 4511 2356 4567 et
2405 4513 2593 4568 Comb.
2650 4527 2742 4582 γρ.
2791 4511 3114 4581 ὑπεδήσατο,
3162 4529 3179 4561 ι
3228 4513 3532 4581 subligavit.
3575 4532 3597 4564 ι
3654 4517 3734 4569 Ita

2147 4584 2305 4636 etiam
2344 4583 2663 4636 Herodotus.

2217 4651 2330 4719 (12)
2369 4648 2499 4707 Ἦν.
2534 4650 2690 4704 Deest
2720 4654 2772 4703 in
2804 4650 3065 4717 pluribus.

2220 4722 2331 4791 (15)
2366 4723 2431 4776 Ἡ
2469 4719 2953 4789 κακοδαιμονίαν.
2996 4720 3070 4773 Ita
3106 4719 3349 4789 plerique
3382 4737 3622 4778 coutces.
3673 4724 3735 4779 ιιι

2150 4791 2421 4845 nonnullis
2450 4792 2620 4845 deest.

2183 4861 2328 4984 ἁμά)
2378 4861 2433 4914 '0
2460 4859 2576 4929 μέν
2599 4878 2686 4929 τε.
2720 4861 2810 4915 Sic
2843 4874 3032 4915 omnes
3059 4858 3172 4913 fere
3199 4859 3361 4916 codd.
3390 4859 3494 4914 Ed.
3535 4863 3595 4915 '0
3633 4866 3740 4934 μὲν

2224 4948 2274 4984 ο.

2146 4947 2327 5071 Y“(Pd-5)
2380 4999 2570 5071 ᾨδαῖς
2602 5002 2951 5069 παινύχοις.
2981 4999 3167 5056 Billius
3202 5014 3215 5049 :
3247 5019 3266 5051 ι
3297 5002 3580 5054 nocturnis
3602 5020 3747 5057 can-

2147 5070 2409 5124 tionibus.
2442 5089 2463 5121 ο
2510 5070 2606 5124 llic
2630 5073 2782 5137 juvat
2811 5071 3098 5126 observare
3148 5071 3202 5124 in
3254 5071 3531 5139 exsequiis
3590 5073 3742 5127 lide—

2153 5142 2305 5203 liuui,
2340 5139 2563 5209 antiquo
2594 5139 3023 5194 Christianorum
3057 5154 3227 5203 more,
3255 5140 3517 5207 producta
3546 5148 3605 5195 tn
3657 5155 3750 5197 to—

2150 5223 2255 5262 tam
2282 5219 2492 5262 noctein
2524 5210 2765 5271 cantica,
2794 5219 2848 5263 et
2879 5224 3137 5264 accensas
3162 5210 3329 5263 faces.

2218 5277 2327 5349 (16)
2378 5278 2780 5349 ἰ’περϐάιῖοι.
2844 5278 2915 5331 Ita
2959 5278 3201 5349 plerique
3256 5279 3495 5335 codices.
3560 5278 3745 5335 Pauci

2149 5347 2271 5419 cunt
2307 5349 2484 5410 editis,
2516 5347 2860 5419 ὑπερϐάλλει.

2217 5416 2328 5488 (17)
2368 5419 2475 5471 Καὶ
2525 5416 2639 5487 γὰρ
2685 5416 2901 5488 εὶγτὴν
2935 5417 3121 5485 ὀρθὴν
3172 5417 3383 5482 δόξαν,
3429 5426 3537 5473 etc.
3580 5417 3747 5481 Haec,

2146 5498 2195 5541 et
2222 5487 2347 5559 ψιιε
2382 5500 2681 5557 sequuntur
2707 5487 2917 5559 adiista
2957 5503 3127 5559 usque
3158 5490 3341 5559 verba,
3386 5487 3464 5550 ὡς
3488 5488 3747 5559 sea-.11;-

2148 5558 2343 5623 σιάζοι,
2384 5556 2515 5623 etc},
2549 5562 2741 5611 desunt
2786 5558 2837 5611 in
2886 5573 2981 5612 sex
3025 5556 3191 5626 liegg.
3227 5558 3437 5611 duobus
3473 5557 3640 5613 Colb.
3690 5556 3755 5612 et

2146 5626 2239 5681 Or.
2267 5627 2320 5680 1.
2352 5626 2629 5697 Leguntur
2664 5638 2841 5681 tamen
2874 5630 2941 5681 ad
2970 5627 3128 5691 latus,
3158 5639 3249 5681 aut
3276 5628 3329 5680 in
3364 5628 3615 5695 margine
3654 5645 3751 5682 III-

2148 5697 2350 5767 feriori,
2384 5698 2675 5766 pra'missis
2717 5697 2985 5750 interdum
3032 5698 3233 5760 verbis,
3266 5698 3323 5749 ὲν
3354 5698 3521 5767 ἄλλῳ.
3556 5697 3751 5767 Regg.

2148 5764 2239 5834 hu,
2266 5781 2320 5836 q,
2348 5764 2401 5833 ι,
2431 5766 2581 5822 Colb.
2616 5767 2671 5834 5,
2698 5767 2915 5834 optima:
2936 5778 3095 5832 notae,
3127 5780 3337 5823 necnon
3372 5764 3507 5823 ediii
3536 5764 3757 5823 omnis
