3878 6398
153 378 235 435 085

1083 356 1338 414 ORATIO
1378 357 1440 410 V.
1477 387 1545 397 -—-
1584 355 1859 411 CONTRA
1899 354 2244 409 JULIANUM
2285 353 2347 408 ll.

3228 345 3331 408 636

146 495 222 562 τῆς
250 484 341 538 τῶν
387 476 917 532 ὑποδυναστευὸντων
974 472 1291 543 σκαιότητος
1346 475 1438 525 καὶ
1494 488 1661 525 κακο-

1806 471 1983 525 ietatis
2009 470 2082 523 illi
2112 469 2389 539 praemium
2422 475 2539 522 erat
2571 484 2631 521 ac
2664 468 2905 522 funebris
2934 471 3329 523 remuneratio.

149 581 289 648 δοξίας
312 574 364 625 τὸ
396 570 663 640 ἔγκλημα,
692 569 761 632 οἳ,
803 566 979 637 ἁπλῆν
1031 563 1144 635 (l8)
1196 565 1287 618 καὶ
1347 564 1532 633 ἅπαγῆ
1582 565 1660 625 είς

150 666 381 725 εὐσέϐειαν
442 658 848 732 παραλαϐόντες
907 655 1103 727 ψυχὴν,
1160 656 1220 707 οὐ
1275 653 1661 725 προορωμένην

152 762 204 814 τὰ
246 751 501 826 βάραθρα,
545 750 831 819 ἀπήγαγον
890 741 1033 821 ᾗπερ
1075 746 1373 808 ἐϐούλοντο,
1408 747 1499 800 καὶ
1532 762 1663 816 προ-

152 852 345 921 σχήματι
385 840 663 912 άκριὸείας
703 838 815 909 (19)
855 839 945 892 τὸν
975 838 1133 909 ζῆλον
1176 837 1373 890 κακίαν
1398 836 1518 927 ’(20)
1559 838 1671 906 εξρ-

149 944 358 1011 γάσαντο.

206 1207 273 1259 ll.
320 1176 449 1255 ’Ἀλλ’
471 1197 562 1255 οὖν
593 1203 773 1271 ἡμεῖς,
800 1200 861 1253 τὸ
900 1201 1230 1273 κοινότερον,
1256 1200 1347 1254 τόν
1375 1197 1436 1253 τε
1464 1202 1674 1273 πατέρα

150 1296 410 1357 ἐννοοῦντες
462 1294 552 1347 τὸν
613 1294 908 1364 βαλόμενον
970 1294 1070 1365 τὴν
1120 1293 1363 1364 κρηπίδα
1413 1293 1522 1363 (21)
1574 1293 1674 1362 τῆς

152 1387 393 1461 βασιλικῆς
441 1387 519 1457 τῷ
574 1385 988 1457 Χριστιανισμῷ
1054 1386 1166 1456 (22)
1217 1386 1527 1449 δυναστείας
1583 1389 1677 1439 καὶ

150 1483 365 1543 πίστεως,
402 1480 497 1531 καὶ
544 1479 633 1531 τὸν
665 1481 742 1540 είς
780 1479 941 1532 αὑτὸν
992 1478 1314 1531 κατελθόντα
1344 1479 1538 1551 κλῆρον
1582 1479 1676 1532 τοῦ

151 1574 396 1643 δόγματος,
434 1570 792 1641 ὲγεραίρομεν
820 1570 887 1623 τά
921 1572 1103 1623 εἰκότα
1142 1571 1202 1623 τὸ
1246 1572 1441 1642 σκῆνος
1479 1572 1571 1624 τοῦ
1604 1574 1679 1626 δι-

150 1666 255 1734 καία
287 1662 388 1733 (‘23)
430 1661 677 1732 βασιλείᾳ
721 1662 1079 1733 συζήσαντος,
1124 1664 1217 1715 καὶ
1248 1662 1339 1716 τὸν
1370 1663 1482 1733 βίον
1517 1682 1681 1717 κατα-

151 1756 368 1815 λύσαντος
408 1752 485 1822 τῷ
521 1754 652 1823 όσίῳ
686 1753 795 1824 (24)
847 1753 1007 1817 τέλει,
1057 1755 1151 1807 καὶ
1199 1755 1260 1807 τὸ
1301 1755 1502 1827 κράτος
1546 1758 1681 1827 ἡμῖν

1770 562 1900 617 Nam
1936 562 2037 616 etsi
2075 572 2276 615 rectam
2318 560 2474 616 (idem
2512 561 2751 615 nonnihil
2785 560 2968 613 luxare
3017 561 3164 614 visus
3208 571 3290 614 est
3318 595 3331 621 .

1771 654 1870 705 hoc
1899 661 2076 705 tamen
2110 651 2313 705 crimen
2347 652 2740 720 importunitati
2775 666 3059 720 procerum
3098 651 3330 720 ﬁdeique

1770 743 2021 810 pravitati
2054 744 2391 797 tribuendum
2418 754 2523 807 est,
2552 745 2640 812 qui
2669 743 2995 812 simplicem,
3024 754 3354 812 parumque'

1772 836 1821 888 in
1870 836 2068 905 pietate
2113 835 2320 890 ﬁrmam
2369 836 2639 901 animam,
2696 836 3024 907 minimeque
3076 836 3329 889 barathra

1773 928 2208 997 prospicientem,
2244 928 2411 991 nacti,
2445 942 2585 995 eam,
2617 942 2721 997 qua
2758 928 2934 991 libuit,
2969 928 3335 992 abduxerunt,

1774 1030 1939 1089 atque
1970 1021 2321 1076 accuratioris
2351 1021 2609 1075 doctrinae
2638 1032 2921 1083 urmtextu,
2954 1021 3128 1075 zelum
3165 1021 3216 1074 in
3248 1022 3333 1074 vi-

1778 1112 1905 1165 tium
1934 1120 2232 1166 verterunt.

1847 1203 2008 1258 XVII.
2045 1205 2114 1257 At
2148 1220 2281 1268 nos,
2317 1204 2366 1259 id
2402 1207 2543 1274 quod
2576 1207 2914 1260 communius
2944 1216 3057 1273 est,
3096 1214 3206 1261 tum
3244 1222 3338 1276 pa-

1779 1311 1947 1363 trem,
1983 1313 2011 1351 a
2043 1312 2153 1368 quo
2189 1298 2547 1367 imperatoria:
2583 1300 2836 1368 potentia:
2872 1299 3103 1366 ﬁdeique
3137 1299 3336 1354 funda-

1778 1398 1958 1443 menta
1999 1389 2414 1444 Christianismo
2450 1388 2595 1456 jacta
2641 1400 2804 1457 sunt,
2850 1400 2960 1444 tum
3005 1391 3167 1444 etiam
3216 1390 3341 1443 ﬁdei

1781 1480 2148 1535 hrcreditatem
2184 1480 2250 1535 ad
2287 1479 2453 1533 lilium
2488 1481 2791 1536 devolutam
2824 1482 3153 1552 cogitantes,
3189 1483 3340 1549 ejus,

1778 1572 1869 1640 qui
1894 1569 2037 1636 juste
2066 1582 2278 1637 semper
2303 1568 2359 1622 in
2390 1569 2616 1638 imperio
2640 1570 2870 1634 vixerat,
2903 1571 3097 1639 pioque
3126 1570 3231 1624 line
3260 1571 3342 1621 vi—

1783 1672 1888 1715 tam
1918 1662 2208 1725 clauserat,
2239 1675 2305 1716 ac
2338 1660 2701 1731 principatum
2733 1662 2888 1716 nobis
2919 1661 3233 1730 reliquerat,
3269 1671 3349 1715 ta-

1782 1754 2126 1809 bernaculum
2148 1793 2163 1817 ,
2195 1763 2253 1806 ut
2284 1768 2381 1823 par
2407 1762 2561 1818 erat,
2599 1755 2801 1808 honore
2832 1754 3347 1823 complectebamur.

150 1845 551 1912 καταλείψαντος.
610 1845 697 1908 Ὠς
746 1844 802 1897 δὲ
862 1844 1150 1914 πλησιάζοι
1207 1848 1273 1915 τῇ
1327 1846 1538 1919 μεγάλῃ
1587 1849 1682 1899 καὶ

1803 1846 1852 1900 Jt
1883 1856 2061 1900 autem
2089 1845 2154 1898 ad
2187 1860 2432 1914 magnam
2461 1853 2513 1899 et
2570 1846 2975 1913 imperatoriam
3006 1846 3191 1899 urbem
3224 1858 3351 1914 pro-

153 1937 343 2007 βασιλίδι
396 1936 580 1999 πόλει,
625 1937 676 1988 τί
733 1936 812 1988 δεῖ
865 1935 1045 2004 λέγειν
1099 1937 1426 2009 δορυφορίας
1478 1955 1535 1990 τε
1588 1938 1681 1991 τοῦ

152 2027 345 2100 στρατοῦ
377 2028 608 2091 παντὸς,
656 2029 747 2081 καὶ
798 2029 948 2095 τάξιν
994 2028 1257 2093 ἐνόπλιον,
1297 2030 1371 2093 ὡς
1418 2030 1577 2093 ζῶντι
1608 2030 1685 2101 τῷ

153 2121 325 2192 βασιλεί
360 2119 673 2189 γινομένην,
706 2119 738 2188 ἢ
774 2118 873 2187 τῆς
905 2119 1162 2190 λαμπρᾶς
1194 2120 1401 2183 πόλεως
1442 2120 1683 2190 ἔκχυσιν,

151 2212 547 2283 ὀνομαστοτάτην
577 2211 681 2263 τῶν
724 2211 940 2262 πώποτε
977 2211 1281 2281 γενομένων
1313 2213 1345 2282 ἢ
1380 2213 1684 2283 ἐσομένων;

163 2306 273 2358 Ἀλλ’
309 2308 335 2358 ό
380 2304 585 2376 θρασὺς
622 2303 714 2355 κα)⁸
763 2303 1022 2370 γεννάδας
1069 2305 1293 2367 ἐκεῖνος,
1340 2306 1434 2357 καὶ
1482 2305 1579 2377 νέα
1621 2309 1684 2377 τῇ

154 2398 404 2470 πορφυρίδι
448 2396 958 2467 καλλωπιζόμενος,
999 2398 1092 2450 καὶ
1142 2398 1229 2451 διὰ
1281 2399 1460 2463 τοῦτο,
1507 2400 1582 2463 ὡς
1629 2402 1687 2453 τὸ

154 2493 287 2557 εἰκὸς,
317 2490 451 2560 μέγα
488 2488 723 2560 φρονῶν,
757 2490 918 2559 μέρος
946 2490 1153 2557 γίνεται
1183 2491 1277 2544 καὶ
1301 2492 1463 2554 αὐτὸς
1495 2493 1689 2563 ἐκείνῳ

154 2582 229 2650 τῆς
280 2580 618 2651 προπομπίω
691 2583 892 2651 τιμῆς,
943 2580 1041 2650 τὴν
1099 2582 1268 2650 αὐτὴν
1327 2584 1419 2635 καὶ
1486 2584 1687 2637 ἀντιδι-

154 2672 248 2733 ἰοὺς
274 2670 377 2741 (25)
418 2672 514 2723 καὶ
562 2670 969 2740 ἀντιλαμϐάνων
1002 2671 1182 2741 χάριν,
1224 2671 1286 2723 τὸ
1332 2673 1429 2743 μέν
1470 2691 1521 2726 τι
1569 2673 1689 2743 βια-

159 2760 301 2824 σθεὶς,
334 2760 393 2813 τὸ
442 2760 501 2813 δὲ
559 2758 721 2821 ἑκὼν,
769 2759 843 2821 ὠς
899 2758 1166 2827 λέγουσιν.
1212 2761 1270 2812 Ὀ
1307 2759 1414 2830 γὰρ
1461 2761 1689 2832 στρατὸς

157 2852 289 2915 ἅπας,
323 2854 366 2904 εἰ
419 2852 514 2905 καὶ
571 2850 663 2903 τοῦ
714 2849 979 2919 παρόντος
1022 2852 1222 2921 ἥττητο
1274 2851 1529 2921 κράτους,
1576 2850 1690 2904 ἀλλ’

157 2938 227 2995 οὖν
295 2940 466 2995 πλεῖον
528 2940 639 3011 (26)
696 2941 772 3012 τῷ
830 2940 1199 3011 κατοιχομένῳ
1269 2942 1448 3011 νέμων
1513 2940 1692 3005 αἰδοῦς

156 3034 325 3105 (ἐπειδὴ
353 3035 443 3087 καὶ
476 3034 803 3103 πεφύκαμεν
842 3032 1182 3103 εὐνούστεροί
1232 3050 1349 3095 πως
1393 3028 1531 3086 εἶναι
1580 3034 1693 3095 τοῖς

158 3128 219 3177 Ξτι
246 3127 567 3199 προσφάτοις
606 3124 819 3180 πάθεσι.
856 3123 931 3194 τῷ
974 3124 1180 3193 φίλτρῳ
1226 3125 1686 3195 προσπάσχοντες,

156 3219 228 3270 καὶ
268 3219 351 3271 τὸν
390 3217 543 3271 ἔλεον
580 3217 750 3287 τούτῳ
784 3214 923 3286 (27)
975 3217 1427 3288 προσάπτοντες),
1474 3218 1568 3271 κα)⁵
1604 3218 1690 3271 διὰ

155 3308 282 3361 τοῦτο
308 3310 402 3362 οὐκ
446 3308 767 3378 ἀνεχόμενοι
822 3308 882 3359 τὸ
939 3308 1013 3378 μὴ
1055 3308 1154 3379 οὐχ
1204 3309 1279 3371 ὡς
1313 3309 1424 3378 (28)
1471 3308 1694 3379 βασιλέα

156 3401 412 3472 τιμηθῆναι
442 3401 637 3453 τοῦτον
686 3400 818 3469 (29),
864 3401 958 3453 καὶ
1008 3401 1402 3472 προσδεχθῆναι
1450 3402 1696 3455 πείθουσι

157 3494 227 3546 τὸν
251 3495 578 3569 ἀποστάτην,
615 3496 708 3549 καὶ
744 3494 1242 3562 συναναγκάζουσιν
1280 3495 1585 3565 ὑπαντῆσαι
1622 3494 1700 3564 τῷ

156 3585 301 3656 νεκρῷ
352 3586 488 3657 μετὰ
526 3585 625 3639 τοῦ
676 3585 1043 3656 προσήκοντος
1074 3587 1351 3655 σχήματος
1374 3602 1386 3615 ·
1417 3585 1477 3637 τὸ
1505 3584 1561 3636 δὲ
1607 3580 1700 3655 ἦν,

158 3675 592 3747 ἁποκοσμήσαντα
623 3674 719 3747 τὴν
766 3675 1005 3748 κεφαλὴν
1047 3675 1143 3729 τοῦ
1198 3675 1560 3746 διαδήματος,
1611 3676 1704 3728 καὶ

159 3766 475 3837 ὑποκύψαντα
512 3767 599 3839 τῷ
640 3768 846 3839 βασιλεί
888 3768 955 3821 τὰ
997 3769 1210 3831 εἰκότα,
1253 3766 1425 3831 οὕτως
1476 3769 1568 3820 ἐπὶ
1616 3769 1707 3821 τὸν

158 3857 293 3925 τάφον
334 3858 823 3932 συμπαραπέμψαι
865 3862 977 3922 τοῖς
1020 3860 1240 3928 ἄγουσι,
1276 3861 1370 3911 καὶ
1417 3858 1506 3911 τον
1543 3858 1709 3912 ἀοίδι-

162 3964 235 4013 μον
267 3949 370 4019 (50)
422 3948 534 4003 τῶν
607 3948 940 4002 ’Δποστόλων
998 3948 1181 4019 σηκὸν,
1226 3948 1274 4000 οἳ
1331 3948 1395 4018 δὴ
1447 3948 1507 4001 τὸ
1566 3949 1709 4019 ἱερὸν

157 4040 279 4105 γένος
328 4044 420 4095 καὶ
469 4042 803 4105 ὑπεδέξαντο
837 4043 932 4095 καὶ
962 4040 1375 4110 διαφυλάττουσι
1406 4040 1571 4111 ξ(51),
1618 4058 1708 4110 μι-

158 4192 218 4246 sic
254 4194 417 4251 locum
456 4198 731 4267 integrum
755 4198 832 4267 _in
886 4197 1289 4267 textuihahent.
1346 4195 1494 4251 llnnc
1526 4198 1687 4252 etiam

159 4269 362 4337 ignoscit
392 4278 447 4321 et
480 4263 709 4337 epruit
749 4263 997 4337 Basilius.
1028 4266 1263 4333 Denique
1294 4267 1426 4320 nihil
1456 4268 1566 4321 fere
1604 4268 1689 4321 hic

158 4331 207 4385 tle
234 4331 757 4391 Constantio—scribit
782 4336 1089 4404 Gregorius,
1121 4331 1259 4403 quod
1303 4337 1352 4387 in
1386 4338 1548 4400 priori
1591 4338 1687 4389 ad-

162 4415 313 4475 versus
331 4406 613 4460 lulianum
647 4406 912 4460 lnvectiva
945 4421 1049 4459 non
1080 4406 1293 4459 dixerit.
1324 4405 1510 4459 Billins
1538 4416 1691 4475 putat

159 4470 385 4554 glossema
429 4492 576 4541 esse,
622 4477 761 4547 quod
800 4476 1054 4545 temporis
1080 4485 1252 4529 tractu
1286 4476 1336 4527 in
1374 4470 1574 4530 textum
1611 4477 1688 4529 ir-

158 4555 307 4605 repsu.

211 4613 305 4681 (l8)
353 4611 609 4683 Ἀπλῆν.
646 4614 774 4671 Mss.
819 4614 1157 4667 communius
1214 4613 1445 4685 ἁπαλήν,
1496 4632 1515 4664 ι
1561 4626 1701 4669 tene-

159 4694 263 4754 tam,
289 4687 529 4754 mollem.
567 4706 587 4737 ι
627 4695 755 4747 ete.,
788 4685 927 4754 quod
953 4685 1304 4738 Combelisius
1335 4685 1595 4752 sequitur.

157 4752 303 4883 632:3)
350 4752 699 4823 Ἀκριϐείας.
732 4752 864 4824 Reg.
895 4755 931 4819 l,
964 4754 1191 4807 Monlac.
1238 4764 1290 4807 et
1330 4754 1515 4808 Comh.
1553 4754 1702 4806 εὐσε-

210 4892 305 4970 (Ξρ)
349 4894 467 4970 Τὸν.
508 4894 974 4970 ζῆλον-κακίαν.
1038 4892 1115 4947 Ita
1160 4893 1415 4970 plerique
1469 4892 1699 4970 codices.

156 4957 295 5026 Editi,
335 4957 572 5029 κακίας,
616 4966 754 5018 unde
796 4964 1000 5025 Billins,
1054 4982 1072 5013 ι
1124 4957 1234 5016 vitii
1294 4957 1466 5016 zelum
1510 4960 1704 5015 eﬂ'ece-

159 5037 272 5083 runt.
308 5050 324 5083 ι
356 5035 632 5088 Observat
654 5034 843 5087 Comb.
889 5034 970 5086 his
996 5033 1173 5087 verbis
1194 5032 1459 5100 Gregorii,
1500 5050 1518 5081 ι
1559 5032 1703 5086 Con-

156 5102 376 5156 stantium
414 5104 669 5158 nonnihil
704 5121 732 5156 a
758 5103 908 5171 culpa
937 5104 1177 5168 liberari,
1215 5104 1317 5157 etsi
1360 5117 1463 5156 non
1484 5108 1704 5156 omnino

158 5180 396 5236 purgetur.
430 5194 449 5225 ι

212 5236 647 5312 (ἓιλΚρηπίδα.
707 5241 797 5297 Sic
848 5242 1088 5312 plerique
1141 5241 1373 5296 codices.
1432 5240 1702 5305 Nonnulli,

156 5310 379 5375 κρηπῖδα.

210 5376 306 5451 (ᾗ)
352 5381 434 5446 Τῷ
455 5380 921 5451 Χριστιανισμῷ.
953 5382 1111 5436 Deest
1140 5384 1191 5435 in
1217 5380 1310 5437 0r.
1342 5384 1391 5435 l.

210 5446 307 5521 (23)
349 5452 460 5507 Τοῦ
498 5446 747 5520 δικαίᾳ,
794 5446 896 5506 etc.
958 5452 1151 5521 Comb.
1198 5468 1216 5502 ι
1265 5453 1354 5520 qui
1407 5451 1609 5521 justitia
1656 5459 1710 5504 et

155 5519 372 5591 equitate
424 5523 724 5590 imperium
770 5522 1020 5577 rexisset.
1067 5538 1086 5572 ι
1122 5519 1457 5575 Crediderim
1507 5520 1710 5590 Grego-

158 5598 268 5640 nnm
295 5591 424 5645 nihil
453 5592 608 5645 aliud
636 5591 958 5661 signiﬁcare,
993 5605 1154 5659 quam
1187 5592 1482 5659 legitimum
1519 5606 1582 5645 ac
1607 5608 1710 5644 non

159 5666 437 5728 usurpatum
470 5661 785 5728 imperium.

210 5727 307 5803 (2!)
344 5730 427 5795 Τῷ
459 5727 641 5803 ἀρνίῳ.
672 5732 745 5803 Ita
777 5731 1015 5802 plerique
1034 5731 1190 5788 codd.
1232 5730 1362 5803 Reg.
1407 5731 1445 5800 ι,
1480 5731 1709 5784 ὁσιωτὰ-

157 5807 231 5862 τῳ.
262 5797 411 5856 Deest
440 5801 520 5870 τῷ
555 5804 613 5855 in
643 5802 769 5856 edit.

1728 4531 1771 4585 D
1871 4531 1961 4615 (‘29

1786 1938 1904 2006 pius
1942 1938 2189 2004 accessit,
2229 1938 2355 2007 quid
2398 1939 2562 1993 totius
2602 1939 2873 1992 exercitus
2916 1937 3254 1999 satellitium,
3298 1947 3353 1991 et

1786 2039 2118 2084 armatorum
2152 2030 2370 2085 ordines
2404 2044 2521 2084 sese
2558 2029 2903 2099 imperatori,
2942 2037 3194 2097 tanquam
3225 2030 3347 2081 vitm

1788 2136 1947 2175 usura
1980 2120 2200 2184 fruenti,
2223 2121 2538 2176 exhibentes
2568 2136 2992 2176 commemorare
3021 2121 3233 2183 attinet,
3262 2129 3355 2173 aut

1788 2212 2076 2280 splendidae
2110 2214 2348 2268 civitatis
2385 2212 2699 2268 etl‘usionem
2723 2254 2738 2279 ,
2775 2213 3015 2267 omnium
3041 2254 3055 2275 ,
3093 2228 3213 2280 qua:
3251 2224 3347 2265 un-

1788 2320 1947 2373 quam
1982 2305 2230 2371 fuerunt,
2267 2314 2359 2359 aut
2393 2304 2585 2358 futura:
2615 2314 2771 2367 sunt,
2802 2292 3259 2359 celeberrimam?
3288 2304 3357 2357 At

1790 2395 1945 2450 fortis
1983 2395 2071 2451 ille
2103 2405 2158 2451 et
2193 2396 2387 2460 audax,
2419 2412 2667 2467 novaque
2704 2413 2942 2467 purpura
2979 2407 3224 2455 ornatus.
3260 2414 3351 2451 ea-

1788 2502 1895 2557 que
1916 2488 1981 2543 de
2003 2502 2189 2555 causa,
2210 2498 2266 2542 ut
2288 2490 2566 2560 probabile
2586 2500 2689 2554 est,
2710 2490 2883 2545 elatus
2908 2501 3068 2558 atque
3093 2491 3354 2553 insolens,

1792 2578 1994 2633 funeris
2034 2578 2148 2648 ipse
2180 2593 2395 2647 quoque
2431 2580 2688 2634 honorem
2721 2581 2773 2633 ei
2803 2594 2899 2648 pro
2930 2590 3081 2648 parte
3114 2596 3208 2634 sua
3250 2582 3354 2634 im-

1793 2670 1996 2736 pendit,
2011 2669 2256 2723 eamdem
2277 2669 2505 2739 gratiam
2524 2668 2678 2737 dans,
2694 2669 3045 2739 vicissimque
3065 2671 3359 2739 accipiens.

1792 2760 1989 2829 partim
2012 2760 2061 2813 vi
2091 2767 2147 2815 et
2168 2760 2513 2828 necessitate,
2538 2762 2731 2830 partim
2761 2773 2972 2831 sponte,
3000 2771 3055 2816 ut
3084 2762 3223 2816 fama
3254 2777 3357 2816 est.

1793 2852 2080 2907 Exercitus
2102 2852 2245 2906 enim
2273 2852 2581 2917 universus,
2611 2854 2822 2907 tametsi
2853 2856 3100 2923 praesenti
3135 2856 3361 2924 imperio

1794 2962 1913 3002 sese
1948 2947 2318 3009 submitteret,
2362 2944 2549 3012 majori
2588 2956 2763 3001 tamen
2806 2950 3011 3002 honore
3051 2949 3362 3003 defunctum

1794 3038 2125 3106 prosequens
2161 3037 2627 3106 (quandoquidem
2669 3040 2976 3093 recentibus
3008 3039 3183 3094 adhuc
3216 3042 3361 3093 cala-

1798 3127 2075 3181 mitatibus
2131 3125 2385 3193 majorem
2419 3125 2709 3193 quamdam
2771 3126 3204 3181 benevolentiam
3254 3140 3365 3195 pra:

1795 3219 1948 3273 nobis
1974 3217 2115 3273 ferre
2140 3217 2415 3287 solemus),
2442 3232 2505 3271 ac
2536 3232 2632 3285 pro
2664 3218 2865 3287 ingenti
2894 3233 3204 3285 suoamore
3234 3233 3371 3272 ina:-

1790 3311 1937 3363 stitia
1958 3309 2201 3375 affectus,
2225 3320 2279 3365 et
2302 3310 2670 3364 misericordia
2701 3318 3024 3375 commotus,
3052 3324 3114 3364 ac
3146 3311 3370 3379 proinde

1794 3418 1916 3456 eum
1936 3401 2158 3456 minime
2175 3410 2229 3454 ut
2247 3400 2623 3469 imperatorem
2646 3400 3067 3471 honorari159
3088 3417 3150 3456 ac
3170 3403 3368 3471 suscipi

1800 3510 1904 3549 non
1931 3494 2128 3557 ferens,
2153 3502 2474 3562 apostatam,
2504 3503 2561 3546 ut
2585 3492 2819 3547 exanimi
2847 3494 3060 3563 corpori
3091 3508 3210 3547 cum
3239 3510 3367 3547 con-

1801 3586 2011 3655 gruenti
2036 3587 2223 3640 habitu
2248 3585 2459 3639 obviam
2487 3584 2764 3652 procedat,
2793 3594 3031 3651 monent,
3054 3595 3215 3655 atque
3237 3586 3371 3641 adeo

1802 3684 2001 3745 cogunt
2037 3693 2050 3728 :
2087 3676 2188 3729 hoc
2223 3684 2340 3735 est,
2380 3684 2437 3728 ut
2476 3673 2719 3729 detracto
2755 3690 2782 3727 a
2822 3676 2997 3745 capite
3031 3677 3370 3743 diademate,

1804 3768 2163 3837 demissoque,
2194 3777 2250 3821 ut
2276 3768 2521 3831 decebat,
2554 3778 2682 3821 ante
2714 3768 3096 3836 imperatorem
3127 3779 3369 3838 aspectu,

1806 3860 1877 3913 ita
1921 3860 2115 3913 deinde
2159 3875 2281 3914 eum
2329 3859 2486 3913 simul
2530 3875 2649 3913 cum
2695 3859 2761 3911 iis
2801 3860 2888 3926 qui
2937 3859 3262 3927 ell'erebaut,
3305 3866 3372 3914 ad

1807 3949 2109 4018 sepulcrum
2148 3948 2432 4019 nobileque
2467 3948 2594 4002 illud
2629 3948 3006 4014 Apostolorum
3043 3950 3248 4015 fanum,
3283 3954 3372 4019 qui

1808 4051 2053 4095 sanctum
2100 4055 2288 4110 genus,
2328 4055 2511 4109 aequos
2548 4041 2931 4110 propemodum
2982 4043 3213 4097 honores
3257 4059 3376 4097 car-

1893 4196 1984 4263 25)
2001 4196 2375 4261 Ἄντιδιδούς.
2390 4195 2614 4250 Codices
2631 4212 2732 4249 non
2757 4198 2910 4263 pauci
2934 4208 2985 4249 et
3004 4196 3158 4250 llerv.
3175 4197 3371 4262 διδούς.

1895 4266 1985 4395 26)
2010 4266 2245 4319 Πλεῖον.
2275 4267 2402 4333 Reg.
2430 4266 2632 4321 l.Colh.
2651 4266 2704 4328 5,
2728 4267 2985 4330 πλείονος.
3019 4268 3162 4319 Pass.
3181 4268 3371 4323 πλείω.

1895 4337 1957 4389 27
2026 4338 2216 4395 Τούτῳ
2245 4334 2715 4395 προσάπτοντες.
2764 4337 2963 4390 Desunt
3010 4339 3059 4391 in
3096 4337 3230 4395 Rex.
3264 4341 3371 4395 bin.

1868 4334 1987 4460 (027')I
2026 4338 2216 4458 Τιρύζῳ
2245 4334 2715 4403 προσάπτοντες.
2764 4337 2963 4390 Desunt
3010 4339 3059 4391 in
3096 4337 3230 4406 Reg.
3264 4341 3371 4402 bin,

1917 4423 1947 4457 ο
1990 4422 2023 4457 ι.
2071 4422 2107 4460 ·.

1798 4416 1850 4459 et
1874 4407 2023 4460 Coll).
2056 4407 2107 4461 lt.
2144 4416 2147 4419 “

1873 4476 1983 4545 (‘28)
2019 4475 2085 4527 Τὸ
2109 4475 2197 4542 μὴ
2218 4477 2329 4542 οὐχ
2351 4474 2586 4545 ὡςηΝοη
2618 4476 2789 4541 pauci,
2832 4476 2905 4545 μὴ
2940 4477 3032 4538 ὡς.

2019 4476 2085 4527 Τὸ
2109 4476 2197 4542 μὴ
2218 4477 2329 4542 οὐχ
2351 4477 2447 4540 ὡς.
2474 4476 2586 4527 Non
2618 4476 2789 4541 pauci,
2832 4476 2905 4545 μὴ
2940 4477 3032 4538 ὡς.

1964 4476 1983 4615 i
2023 4545 2257 4598 Τοῦτον.
2289 4549 2428 4598 Edit.
2460 4544 2582 4598 Par.
2609 4548 2756 4599 addit
2777 4545 2852 4609 δέ,
2876 4556 3015 4613 quod
3047 4546 3199 4600 abest
3226 4563 3253 4598 a
3291 4560 3375 4600 cn-

1803 4616 2029 4669 dieibus.

1875 4685 1984 4753 (50)
2018 4683 2253 4738 Καὶτὸν
2279 4683 2566 4753 ἀοίδιμον.
2624 4685 2699 4738 De
2743 4686 2988 4753 sepulcro
3034 4686 3373 4740 Constantini

1806 4754 2019 4827 Magni,
2045 4756 2157 4806 sive
2194 4754 2575 4827 imperatorum
2606 4754 2886 4827 sepulcris,
2914 4756 3376 4827 celeberrimoth

1804 4825 2178 4894 Apostolorum
2216 4824 2429 4891 templo,
2482 4825 2647 4894 legas,
2698 4826 2741 4876 si
2771 4824 2935 4889 lubet,
2971 4826 3097 4889 quid
3143 4824 3376 4894 scripse-

1806 4896 1876 4948 rit
1898 4894 2115 4955 Euseb.,
2146 4893 2237 4946 lib.
2266 4909 2313 4945 iv
2340 4894 2412 4946 De
2442 4895 2545 4946 vita
2567 4892 2772 4957 Const.,
2800 4910 2915 4962 cap.
2960 4896 3028 4950 59
3055 4907 3105 4949 et
3142 4892 3377 4960 60(80-

1809 4975 1968 5027 crat.,
1999 4964 2092 5017 lib.
2120 4979 2154 5025 ι,
2188 4977 2239 5016 c.
2271 4963 2403 5025 ult.;
2435 4964 2680 5029 Suzom.,
2711 4964 2744 5015 l.
2781 4980 2907 5029 n,c.
2942 4968 3070 5024 ult.;
3099 4975 3149 5019 et
3190 4979 3378 5020 auctor

1808 5048 2106 5103 anonymus
2167 5030 2240 5084 De
2306 5032 2896 5099 Constantinopolitanis
2954 5037 3372 5098 antiquitatibus,

1807 5103 1985 5157 editus
2009 5103 2254 5169 notisque
2286 5102 2582 5155 illustratus
2612 5119 2639 5155 a
2675 5103 2733 5155 Ι).
2774 5104 3040 5158 Bantlurio
3072 5106 3377 5159 licuediCti-

1810 5189 1900 5225 no.
1931 5172 2098 5225 Porro
2118 5172 2361 5239 sepulcra
2398 5189 2499 5225 non
2526 5174 2582 5226 in
2612 5175 2725 5239 ipso
2762 5176 2974 5241 templo,
3002 5179 3092 5229 sed
3133 5195 3149 5227 ι
3173 5177 3223 5228 in
3257 5191 3378 5242 por-

1812 5243 1917 5294 ticu
1948 5242 2129 5310 templi
2153 5253 2248 5315 “ac
2280 5242 2560 5315 Avestihult)
2591 5263 2608 5293 ι
2642 5244 2839 5315 luere,
2898 5247 2955 5296 ὲν
3006 5249 3116 5309 τοῖς
3172 5243 3375 5315 προθύ-

1814 5328 1942 5384 ροις,
1980 5322 2035 5364 ιιι
2062 5312 2246 5384 scribit
2270 5311 2555 5384 Clirysost._
2574 5312 2828 5366 Adversus
2851 5317 3083 5384 gentiles,
3112 5311 3254 5369 hum.
3284 5314 3373 5367 9.6.

1818 5380 2093 5455 t_Locum_
2114 5382 2257 5435 hunc
2287 5380 2403 5455 ipse
2457 5382 2718 5455 sibi_post
2754 5380 2977 5455 mortem
3007 5388 3379 5455 designaverat

1812 5451 2221 5521 Constantinus,
2260 5469 2278 5500 ι
2330 5452 2504 5518 inquit
2554 5450 2836 5517 Eusebius,
2894 5454 2983 5505 lib.
3012 5468 3080 5517 Iv,
3127 5450 3255 5521 cap.
3292 5452 3376 5514 60.

1819 5519 2161 5592 «incredibili
2195 5522 2315 5592 lidei
2351 5522 2628 5573 alacritate
2753 5538 2860 5589 quo
2882 5525 3087 5577 scilicet
3119 5519 3387 5592 precatio—

1815 5606 1963 5654 num,
1999 5605 2117 5659 quae
2148 5590 2198 5642 in
2235 5591 2489 5642 honorem
2522 5592 2885 5657 apostolorum
2928 5594 2998 5644 ibi
3049 5590 3383 5661 celebranda:

1814 5671 1988 5724 erant,
2029 5660 2191 5713 etiam
2224 5672 2467 5712 mortuus
2492 5662 2757 5727 particeps
2787 5664 2954 5715 liet'et.
2981 5682 2996 5712 ι

1886 5730 1999 5800 (51)
2056 5728 2452 5800 ’Υπεδέξαντο
2493 5730 2609 5800 καί
2669 5730 3156 5800 διαφυλάττουσι.
3231 5732 3385 5788 Pass.

1816 5799 2107 5866 ὑπεδέξατο
2140 5801 2233 5852 καὶ
2261 5798 2561 5868 διεφύλαξε.
