3824 6526
564 401 671 455 087

1773 392 1829 448 S.
1868 393 2136 449 GREGOH

2240 390 2588 446 THEOLOGI
3658 399 3731 453 683

566 529 730 583 pens,
764 522 812 567 et
847 517 1199 580 susceperunt
1227 517 1279 562 et
1308 507 1652 571 custodiunt,
1687 519 2128 576 prosequeretur.

2238 506 2369 577 κροῦ
2423 505 2490 557 τὰ
2537 506 2625 556 ῐσα
2669 504 2802 574 γέρα
2846 503 3245 574 καρπούμενον.
3298 502 3474 567 Οὕτως
3518 508 3543 557 ὁ
3581 510 3731 577 ἡμέτε-

566 604 694 657 Tale
722 603 821 655 fuit
860 601 1199 668 imperatoris
1231 600 1397 653 nostri
1432 598 1614 651 funus.

638 693 820 747 XVIII.
859 693 990 745 IIuic
1014 701 1222 752 contra.
1250 706 1371 744 cum
1404 690 1577 759 turpis
1603 698 1656 743 et
1687 687 1827 742 fmda
1863 690 2132 757 expeditio

565 785 965 855 (exagitabatur
1004 785 1145 835 enim
1189 799 1215 834 a
1258 782 1466 851 populis
1494 790 1548 835 et
1581 781 1839 846 urbibus,
1876 781 2136 849 publicis-

492 926 501 929 _
565 891 671 943 que
698 884 753 928 et
782 874 1104 929 scurrilibus
1148 874 1404 939 vocibus,
1456 889 1681 943 quarum
1737 889 1879 927 nunc
1926 888 2138 943 quoque

568 966 819 1035 permulti
872 964 1293 1033 meminerunt),
1347 973 1461 1018 tum
1520 980 1647 1019 vero
1704 967 1915 1033 turpior
1975 976 2138 1032 atque

567 1056 976 1125 ignominiosior
1030 1056 1234 1109 reditus
1302 1056 1548 1124 contigit.
1609 1056 1737 1122 Qum
1804 1071 1968 1125 porro
2026 1057 2138 1108 lucc

568 1147 861 1216 ignominia
895 1148 1054 1200 erat?
1082 1146 1223 1199 Mimi
1256 1156 1309 1200 et
1342 1147 1635 1202 histriones
1660 1164 1783 1202 eum
1824 1148 2134 1213 ducebant,

565 1220 886 1306 probrisque
918 1252 945 1288 a
980 1252 1141 1291 scena
1164 1236 1369 1305 petitis,
1401 1252 1464 1289 ac
1496 1236 1740 1291 ludibriis
1773 1238 2133 1301 incessebant,

566 1329 722 1397 eique
751 1326 872 1380 tidei
904 1326 1319 1393 abjurationem,
1353 1333 1407 1379 et
1439 1325 1646 1380 cladem
1671 1366 1686 1390 ,
1720 1327 1944 1395 vitasque
1975 1327 2134 1381 linem

567 1417 980 1486 exprobrantes.
1024 1414 1162 1481 Quid
1213 1417 1357 1469 enim
1409 1431 1473 1469 ex
1522 1417 1589 1469 iis
1621 1432 1723 1469 non
1778 1417 2028 1470 fecerunt
2076 1431 2138 1469 ac

568 1509 843 1571 dixerunt,
872 1522 990 1576 quae
1016 1507 1322 1576 hujusmodi
1368 1508 1638 1572 homines,
1666 1507 1754 1575 qui
1788 1507 2135 1582 petulantiam

567 1614 663 1666 pro
695 1607 811 1651 arte
845 1598 1080 1661 habent,
1131 1606 1448 1668 perpetrare
1495 1605 1925 1662 consueverunt,
1961 1598 2135 1666 quoad

525 1702 689 1752 ~eum
733 1688 946 1742 tandem
983 1686 1270 1742 Tarsensis
1313 1688 1505 1741 civitas
1550 1686 1785 1757 excipit,
1836 1687 1977 1741 haud
2026 1687 2138 1740 scio

566 1779 857 1847 quomodo,
892 1786 944 1830 et
973 1793 1131 1846 quam
1157 1778 1225 1830 ob
1250 1793 1491 1841 causam,
1523 1778 1623 1831 hac
1646 1776 1972 1830 contumelia
1998 1775 2135 1829 mul-

2241 614 2333 667 ρος
2364 596 2495 665 (52).

2301 689 2406 740 IH'.
2424 686 2513 756 Τῷ
2536 686 2592 739 δὲ
2617 686 2815 757 αἰσχρὰ
2848 686 2945 756 μὲν
2972 686 3039 738 τὰ
3077 687 3175 756 τῆς
3205 688 3546 756 ἐκστρατείας
3578 689 3594 760 (
3610 692 3733 760 ἠλαύ-

2236 797 2357 832 νετο
2388 780 2578 849 δήμοις
2615 778 2709 830 κα).
2744 778 2967 841 πόλεσι,
3019 779 3112 831 καὶ
3151 782 3357 847 φωναῖς
3395 779 3646 848 δημοσίαις
3672 788 3734 836 καὶ

2238 870 2593 948 βωμολόχοις,
2646 863 2719 920 ὧν
2753 868 2833 920 ἔτι
2865 872 2959 922 καὶ
2990 869 3085 921 νῦν
3134 872 3179 921 οί
3230 870 3412 922 πολλοὶ
3446 872 3543 939 (55)
3583 891 3737 943 μνημοο

2238 960 2528 1030 νεύουσιν),
2559 959 2853 1030 ἁδοξοτέρα
2881 960 2934 1012 δὲ
2963 962 2995 1030 ἡ
3032 960 3302 1024 ἐπάνοδος.
3328 960 3418 1024 Τίς
3444 961 3495 1015 δὲ
3521 965 3548 1035 ἡ
3576 964 3735 1029 ἀδοξία;

2238 1054 2408 1121 Μῖμοι
2438 1052 2663 1119 γελοίων
2699 1046 2833 1121 ἦγον
2868 1052 3049 1115 αὑτὸν,
3084 1053 3174 1104 καὶ
3202 1055 3315 1115 τοῖς
3343 1053 3446 1104 ἀπὸ
3470 1053 3559 1121 τῆς
3588 1058 3737 1125 σκηνῆς

2237 1142 2478 1213 αἴσχεσιν
2522 1141 2864 1212 ὲπομπεὺετο
2907 1142 3341 1213 καταυλούμενός
3384 1160 3439 1196 τε
3485 1146 3566 1197 καὶ
3594 1163 3738 1216 κατορο

2238 1236 2502 1305 χούμενος
2533 1233 2668 1303 ('54),
2715 1234 2809 1286 καὶ
2838 1233 2933 1304 τὴν
2963 1234 3210 1304 ἄρνησιν,
3246 1235 3340 1286 καὶ
3376 1234 3467 1305 τὴν
3490 1231 3647 1305 ἧτταν,
3673 1243 3737 1290 καὶ

2236 1328 2295 1379 τὸ
2340 1326 2489 1389 τέλος
2529 1324 2935 1395 ὀνειδιζόμενος.
2976 1328 3083 1379 Καὶ
3113 1328 3163 1378 τί
3212 1327 3321 1398 γὰρ
3353 1328 3412 1379 οὐ
3441 1329 3630 1398 πάσχων
3664 1348 3734 1382 κα·

2237 1418 2346 1469 κῶν
2374 1417 2484 1485 (55)
2507 1434 2521 1477 ;
2554 1417 2605 1469 τί
2630 1416 2685 1469 δὲ
2707 1418 2809 1468 οὐκ
2834 1416 3043 1468 ἀκούων
3069 1412 3149 1480 οἷς
3173 1421 3222 1471 οί
3254 1418 3476 1471 τοιοῦτοι
3503 1422 3734 1473 νεανιεύον-

2236 1526 2345 1569 ται,
2376 1508 2571 1578 τέχνην
2594 1508 2693 1577 τὴν
2730 1506 2886 1578 ὓϐριν
2920 1507 3152 1577 ἔχοντες,
3181 1509 3287 1572 ἓως
3312 1512 3345 1580 ἡ
3371 1510 3601 1581 Ταρσέων
3623 1513 3735 1564 αὑτὸν

2238 1600 2557 1669 ὑποδέχεται
2598 1601 2710 1668 (56)
2749 1601 2921 1665 πόλις,
2970 1603 3067 1654 οὐκ
3109 1598 3204 1655 οἷδ’
3238 1604 3385 1667 ὅπως
3416 1606 3501 1656 καὶ
3531 1605 3624 1656 ἀνθ’
3648 1606 3733 1657 ὅτου

2235 1692 2333 1760 τὴν
2366 1689 2522 1759 ὓϐριν
2547 1689 2750 1762 ταύτην
2781 1692 3172 1763 κατακριθεῖσα
3196 1710 3209 1757 ;
3239 1694 3405 1745 Ἔνθα
3426 1693 3478 1745 δέ
3502 1694 3544 1745 οί
3566 1695 3652 1763 (57)
3672 1696 3733 1745 τέ-

2242 1799 2401 1852 μενος
2444 1782 2668 1853 ἄτιμον,
2724 1784 2815 1836 καὶ
2850 1784 3019 1853 τάφος
3055 1784 3372 1854 ἐξάγιστος,
3406 1787 3493 1838 καὶ
3519 1787 3624 1850 ναὸς
3657 1788 3731 1855 (3S;

567 1871 749 1923 ctata?
777 1867 871 1923 Hic
895 1868 968 1921 illi
1001 1867 1179 1921 fanum
1217 1866 1469 1936 ignobile,
1496 1866 1836 1935 tumulusque
1874 1868 2132 1934 impurus,

2238 1872 2599 1936 άπὸπτυστος,
2632 1875 2727 1927 κα),
2755 1875 2876 1928 οὐδὲ
2908 1875 3098 1939 θεατδς
3126 1876 3369 1929 εὐσεϐῶν
3394 1876 3551 1946 ὂψεσι.

570 1960 933 2029 templumque
982 1960 1397 2021 exsecrandum,
1462 1974 1523 2011 ac
1569 1972 1634 2011 ne
1666 1958 1878 2027 piorum
1921 1957 2135 2025 quidem

562 2052 737 2106 oculis
770 2050 1085 2120 spectabile.

638 2140 777 2195 XIX.
819 2141 993 2209 Atque
1025 2140 1169 2205 hare,
1204 2151 1259 2191 ut
1291 2138 1522 2191 maxima
1554 2146 1607 2191 et
1642 2137 1962 2207 gravissima
1997 2136 2138 2191 illius

567 2231 818 2295 crimina,
848 2246 1100 2287 sermone
1133 2230 1444 2301 complexus
1477 2246 1631 2294 sum,
1663 2246 1767 2283 non
1804 2230 2002 2298 alioqui
2041 2244 2137 2282 ne-

566 2326 732 2389 scius,
767 2324 979 2379 duobus
1011 2333 1101 2376 aut
1134 2324 1306 2377 tribus
1334 2322 1524 2376 aulicis
1553 2322 1949 2385 adulatoribus,
1982 2321 2139 2387 eique

568 2420 843 2488 impietate
892 2417 1112 2486 paribus
1150 2415 1308 2483 (alios
1345 2416 1487 2467 enim
1526 2413 1775 2468 consulto
1815 2414 2097 2481 prmtereo)
2121 2452 2135 2475 ,

571 2519 773 2565 tantam
824 2510 1114 2577 impietatis
1149 2506 1452 2561 mercedem
1504 2505 1834 2575 persolutam
1884 2520 2043 2567 esse,
2079 2514 2141 2559 ut

569 2601 713 2654 nulla
754 2616 839 2655 res
874 2600 1138 2653 obstitura
1180 2599 1461 2652 videretur
1493 2597 1783 2665 quominus
1830 2596 1929 2664 ipsi
1990 2597 2139 2650 brevi

569 2704 748 2748 terras
782 2707 973 2744 omnes
1017 2702 1071 2745 et
1106 2693 1273 2744 maria
1306 2688 1673 2741 Romanorum
1710 2689 1935 2758 imperio
1964 2688 2132 2757 subje-

566 2794 656 2838 cta
697 2792 876 2837 essent
911 2782 1232 2851 expilaturi,
1270 2782 1368 2834 nisi
1412 2780 1703 2834 secundior
1749 2779 1909 2834 rebus
1960 2780 2139 2834 exitus

572 2877 839 2931 maturius
873 2874 1205 2945 contigisset.
1259 2874 1407 2925 Adeo
1457 2871 1755 2927 latrociniis
1806 2882 1859 2925 et
1912 2872 2139 2925 avaritia

570 2975 783 3021 veteres
820 2966 939 3018 illos
970 2965 1317 3019 Centimanos
1366 2963 1675 3019 vincebant.
1731 2962 2137 3016 Provinciarum

568 3072 730 3127 porro
774 3057 997 3125 imperia
1040 3071 1143 3108 non
1181 3053 1402 3123 optimis
1439 3064 1493 3108 et
1531 3036 2011 3117 moderatissimis,
2048 3052 2139 3107 sed

567 3151 956 3206 crudelissimis
985 3148 1291 3202 Imminihus
1316 3146 1709 3199 mandabantur
1738 3164 1747 3197 :
1786 3145 1943 3214 160
1977 3155 2139 3212 atque

2300 2134 2409 2189 18'.
2452 2138 2560 2190 Καὶ
2607 2139 2779 2193 ταῦτα
2833 2140 3047 2211 διῆλθον
3103 2141 3179 2203 ὡς
3236 2142 3348 2209 (59)
3412 2142 3611 2212 μέγιστα
3657 2141 3732 2192 τῶν

2239 2227 2449 2280 ἐκείνου
2475 2232 2946 2302 κατηγορημάτων
2975 2233 3067 2284 καὶ
3098 2232 3428 2302 κυριώτατα,
3454 2234 3542 2285 οὐκ
3564 2231 3731 2299 ἀγνοῶν.

2237 2318 2320 2369 ὅτι
2339 2318 2460 2371 δυσὶ
2492 2320 2602 2391 (40)
2650 2322 2747 2390 μὲν
2775 2323 2868 2375 καὶ
2899 2325 3045 2393 τρισὶ
3071 2324 3180 2376 τῶν
3212 2325 3337 2396 περὶ
3366 2325 3429 2377 τά
3455 2324 3653 2393 βασίλεια
3673 2341 3732 2372 κψ

2240 2409 2441 2474 λάκων,
2479 2413 2571 2464 καὶ
2614 2414 2709 2483 τὴν
2752 2415 3004 2467 ἀσέϐειαν
3050 2416 3330 2485 ὁμοτίμων
3378 2418 3528 2483 (τοις
3560 2415 3644 2484 γὰρ
3671 2414 3733 2464 ti}-

2240 2500 2362 2564 λους
2392 2502 2532 2555 ἑκὼν
2586 2506 2905 2577 παρίημι),
2944 2508 3200 2572 τοσοῦτος
3244 2509 3395 2580 ἐδόθη
3434 2510 3521 2581 τῆς
3547 2508 3732 2567 ἀσεϐείας

2244 2597 2452 2667 μισθὸς,
2478 2598 2616 2651 ὥστε
2644 2601 2794 2652 οὐδὲν
2818 2600 3053 2654 ἐκώλυεν
3084 2602 3238 2665 ἐντὸς
3262 2603 3437 2671 ὀλίγου
3462 2603 3635 2673 χρόνον,
3658 2603 3729 2653 πᾶ-

2241 2703 2341 2741 σαν
2375 2690 2567 2752 αὐτοὺς
2601 2689 2665 2742 ἂν
2704 2690 2993 2760 ληῖσασθαι
3024 2692 3124 2761 τὴν
3165 2694 3271 2746 ὑπὸ
3310 2693 3574 2764 Ῥωμαίοις
3596 2692 3727 2761 γῆντε

2243 2779 2334 2830 καὶ
2375 2778 2648 2832 θάλασσαν
2679 2781 2790 2850 (4l)
2813 2823 2825 2845 ,
2872 2785 2918 2834 εί
2967 2782 3041 2853 μὴ
3074 2782 3269 2837 θᾶττον
3302 2786 3465 2857 πέρας
3500 2785 3623 2854 ἐδόθη
3654 2786 3729 2842 τοῖς

2241 2870 2526 2940 πράγμασι
2552 2872 2721 2936 δεξιόν
2747 2891 2762 2903 ·
2797 2876 3046 2929 τοσοῦτον
3081 2878 3444 2949 ὑπερέϐαλλον
3466 2878 3647 2951 λῃστείᾳ
3667 2876 3729 2925 καὶ

2241 2963 2514 3033 ἀπληστίᾳ
2534 2964 2645 3034 (42)
2663 2967 2787 3027 τοὺς
2803 2967 2931 3039 πρὶν
2946 2969 3297 3041 ἐκατοντὰχει
3303 2989 3397 3041 ρας
3416 2972 3531 3040 (4:5)-
3548 2970 3644 3024 αἰδὲ
3658 2967 3730 3019 τῶν

2240 3054 2409 3109 ἐθνῶν
2436 3058 2601 3126 ἀρχα).
2632 3058 2691 3109 οὺ
2724 3061 2836 3121 τοῖς
2866 3061 3317 3127 ἐπιεικεστάτοις,
3341 3063 3469 3116 ἀλλὰ
3495 3065 3586 3124 τοῖς
3613 3062 3732 3113 ἅπαν.-

2242 3146 2609 3217 θρωτωτάτοις
2655 3149 3075 3221 ἐνεχειρίζοντο·
3133 3155 3231 3207 καὶ
3284 3156 3378 3226 μία
3417 3155 3571 3224 ψῆφος
3596 3148 3647 3221 ἦν
3680 3152 3733 3209 εἰς

570 3246 636 3300 ad
653 3244 913 3298 honorem
938 3252 991 3295 et
1014 3238 1330 3310 dignitatem
1351 3239 1581 3306 aliquam
1606 3238 1952 3293 obtinendam
1974 3252 2134 3291 unum

2239 3244 2433 3314 ἀρχὴν,
2462 3245 2495 3315 ἠ
2530 3244 2863 3314 παράϐασις,
2892 3248 2986 3301 καί
3018 3248 3079 3302 τὸ
3106 3254 3292 3321 τυχεῖν
3318 3252 3422 3304 τῶν
3450 3250 3560 3321 παρ’
3583 3247 3732 3299 ἐκείνω

468 3336 472 3341 ’
569 3334 883 3404 suII'ragium
925 3343 1081 3397 erat,
1128 3348 1154 3383 a
1205 3332 1305 3385 tide
1332 3330 1596 3395 defectio;
1629 3341 1682 3384 et
1709 3340 1762 3383 ut
1798 3331 1864 3385 ab
1898 3344 1963 3384 eo
1994 3329 2133 3383 dena

2238 3337 2470 3409 δωρεῶν,
2504 3339 2630 3401 τοὺς
2668 3338 2737 3391 τὰ
2781 3341 3015 3396 κάκιστα
3048 3345 3179 3416 περὶ
3212 3346 3413 3400 ἑαυτῶν
3441 3344 3541 3416 (44)
3574 3341 3732 3412 βουλευ-

568 3433 1052 3495 consequereutur,
1074 3423 1165 3493 qni
1188 3422 1287 3476 sibi
1314 3422 1443 3491 ipsis
1466 3423 1696 3491 pessime
1718 3421 2134 3477 consuluissent.

643 3518 762 3573 XX.
804 3518 945 3584 Quid
976 3530 1262 3571 causarum
1288 3514 1695 3568 immutationes
1719 3511 2140 3581 inﬂexionesque

578 3625 999 3666 commemorem
1023 3650 1037 3674 ,
1070 3624 1190 3678 qua:
1217 3608 1534 3679 plerumque
1559 3608 1839 3676 interjecta
1878 3607 2142 3661 duntaxat

572 3720 678 3760 una
710 3713 868 3759 nocte
901 3706 1375 3759 commutabantur
1418 3719 1480 3755 ac
1512 3701 1990 3763 convertebantur,
2034 3715 2136 3754 non

569 3811 729 3851 aecus
769 3809 833 3849 ac
873 3793 1128 3848 ﬂuctuum
1176 3793 1666 3863 reciprocationes;
1702 3790 2136 3859 quandoquidem

570 3896 627 3941 et
650 3884 739 3953 jus
769 3886 949 3939 dicere
990 3884 1203 3940 volebat
1241 3886 1320 3937 vir
1352 3883 1628 3954 egregius,
1676 3882 1853 3936 omnia
1889 3881 2139 3935 videlicet

573 3976 643 4029 ob
682 3975 864 4045 gloria
892 3975 1131 4030 studiqu
1163 3975 1268 4029 sibi
1298 3974 1603 4044 arrogans?
1636 3973 1806 4026 Parva
1834 3972 2063 4027 fortasse
2085 3984 2141 4027 et

571 4080 828 4133 perquam
853 4067 1045 4134 exigua
1077 4066 1306 4121 crimina
1339 4064 1587 4133 colligere
1614 4063 1830 4127 videar,
1860 4079 1925 4117 ac
1966 4064 2136 4116 maxi-

574 4154 675 4208 mis
724 4168 819 4223 per
851 4154 1042 4224 exigua
1079 4156 1314 4210 dedecus
1346 4155 1564 4208 inferre.
1595 4152 1862 4206 Caeterum
1900 4153 2026 4207 illud
2062 4154 2139 4205 fa-

575 4243 790 4297 tendum
820 4252 923 4307 est,
968 4245 1081 4298 haec
1110 4244 1303 4314 Elysiis
1334 4244 1538 4312 campis
1567 4243 1784 4296 minime
1809 4242 1964 4312 digna
1997 4258 2135 4309 esse,

645 4417 757 4488 (52)
790 4419 986 4485 Οὕτως
1008 4422 1060 4473 ό.
1088 4419 1217 4485 Reg.
1254 4420 1360 4483 bm,
1401 4414 1554 4483 οὗτος
1578 4422 1626 4471 ὀ.

644 4489 754 4559 (55)
790 4492 850 4543 Ol
867 4492 1104 4543 πολλοί.
1136 4490 1400 4559 Plerique,
1436 4502 1485 4545 et
1519 4490 1750 4557 potiores
1790 4500 2004 4557 coerces
2034 4503 2135 4541 non

572 4568 887 4631 agnoscunt,
922 4562 990 4611 οί.

642 4628 754 4697 (54)
780 4630 1294 4698 Καταυνῑούμενος,
1338 4643 1439 4684 etc.
1473 4628 1656 4684 Graaca
1696 4636 1889 4682 sonant
1926 4643 1939 4678 :
1968 4643 1987 4677 ι
2012 4643 2131 4680 cum

572 4699 824 4753 tibiarum
849 4710 1008 4752 cantu
1037 4716 1100 4753 ac
1133 4702 1475 4754 saltationum
1512 4700 1745 4753 mctibus
1790 4700 1905 4767 ejus
1942 4712 2131 4766 pompa

574 4770 801 4834 turpiter
828 4769 1211 4833 deducebatur,
1247 4789 1263 4821 ι
1304 4780 1410 4823 etc.

644 4838 753 4909 (55)
787 4835 1020 4909 Κακῶν.
1066 4839 1154 4892 Sic
1179 4853 1408 4907 quatuor
1446 4840 1607 4909 Ricgg.
1644 4836 1801 4900 Editi,
1836 4839 2023 4891 κακόν.

644 4854 733 4909 (οε)
787 4854 1020 4891 κακῶν.
1066 4854 1154 4892 διο
1179 4854 1408 4907 quatuor
1446 4854 1607 4906 Itcgg.
1644 4854 1801 4900 nutu,
1836 4854 2023 4891 κακον.

540 4906 546 4916 ’
642 4854 753 4979 (56)
788 4908 1189 4977 ’Υποδέχεται.
1227 4909 1399 4974 Pass.,
1456 4908 1610 4962 llerv.
1666 4917 1718 4962 et
1755 4913 1900 4971 Sav.,
1946 4908 2135 4962 ὑπεδέ-

606 4994 712 5031 ετο.
1574 4986 1585 4997 '

543 4996 754 5118 ,χε
795 5048 867 5101 Δέ
887 5052 961 5103 οὶ.
1006 5046 1077 5101 Ita
1106 5049 1345 5118 plerique
1376 5050 1609 5103 codices.
1637 5050 1784 5111 Sav.,
1819 5049 1876 5100 δὲ
1903 5044 1974 5102 οἷ.

544 5120 554 5169 l
643 5116 754 5187 (58)
789 5120 966 5184 Ναός.
1001 5116 1157 5173 Deest
1198 5116 1273 5171 ini
1303 5120 1474 5173 Oxon.
1513 5120 1563 5171 in
1588 5134 1687 5177 sex
1738 5120 1927 5187 licgg.,
1960 5118 2050 5173 Or.
2081 5121 2131 5185 ι,

572 5198 678 5241 etc.
716 5192 1025 5257 Agnoscunt
1074 5199 1250 5242 tamen
1297 5189 1450 5242 bona:
1494 5198 1633 5241 noue
1656 5190 1886 5242 codices.
1917 5189 2134 5244 Beduu-

574 5260 704 5309 dare
730 5256 1051 5313 Combelisio
1078 5274 1181 5311 non
1219 5259 1445 5311 videtur.
1482 5256 1676 5311 Omisit
1708 5258 1909 5312 B‘illius.

540 5316 555 5363 3
647 5326 756 5398 (.39)
799 5328 914 5392 Ὧς.
948 5330 1073 5381 Sav.
1110 5329 1211 5380 ὅτι.
1249 5328 1397 5381 Colb.
1427 5328 1478 5391 k,
1506 5328 1580 5389 ῶς
1604 5328 1875 5398 μέγιστον.

646 5396 758 5466 (40)
794 5398 911 5451 Ὅτι
943 5398 1107 5462 δυσί,
1146 5411 1252 5453 etc.
1302 5398 1550 5467 Plerique
1588 5396 1819 5462 codices,
1870 5399 1947 5462 ὡς
1994 5400 2131 5455 δυσί.

573 5465 651 5518 Ita
680 5465 1057 5523 etnendaverat
1102 5469 1304 5522 Billius.
1357 5465 1623 5522 Cteterum
1653 5470 1743 5535 qui
1768 5470 1875 5524 sint
1900 5471 1975 5524 illi
2007 5472 2131 5535 duo,

576 5536 657 5609 vel
692 5545 807 5609 tres
831 5538 997 5609 aulici
1020 5538 1347 5609 adulatores,
1391 5553 1494 5591 non
1520 5540 1866 5609 consentiunt
1904 5542 2135 5609 scripto-

574 5606 685 5675 res.
718 5604 880 5661 Nobis
913 5607 1001 5659 alii
1040 5624 1142 5659 non
1173 5608 1441 5671 videntur,
1470 5622 1631 5675 quam
1657 5604 2138 5664 Ecclesiarum'ex-

573 5674 846 5743 pilatores,
897 5679 961 5729 de
1008 5679 1201 5745 quibus
1269 5694 1414 5730 num.
1470 5674 1526 5729 II
1589 5678 1851 5745 imprimis
1895 5678 2138 5734 Julianus

575 5745 810 5820 Orientis
840 5762 1041 5820 comes,
1076 5746 1223 5800 Felix
1254 5758 1320 5820 et
1350 5747 1605 5820 Elpidius.
1644 5745 1777 5801 Vide
1800 5749 2019 5820 Eutrop.
2059 5750 2137 5805 Li-

574 5814 810 5881 baniutn,
848 5832 897 5884 p.
930 5816 1029 5869 507
1059 5826 1111 5871 et
1138 5831 1274 5885 seq.,
1303 5814 1499 5874 Amm”
1538 5818 1571 5871 I.
1598 5834 1729 5883 tum,
1753 5834 1803 5888 p.
1834 5819 1959 5873 220.

2240 3447 2306 3481 σα
2315 3447 2527 3499 μενους.

2308 3523 2391 3574 ις’.
2422 3521 2484 3572 Τί
2508 3521 2551 3575 δ’
2586 3519 2651 3574 ἂν
2688 3526 2736 3576 εί
2781 3524 2996 3595 λέγοιμι
3023 3525 3133 3595 (45)
3166 3527 3331 3583 δικῶν
3379 3530 3649 3600 μεταθέσεις
3670 3525 3735 3579 καὶ

2243 3612 2586 3683 μετακλίσεις
2635 3614 2745 3684 (46)
2792 3615 2881 3669 διὰ
2942 3617 3112 3687 μέσης
3167 3620 3282 3691 (47)
3332 3622 3508 3684 νυκτὸς
3543 3620 3734 3675 πολλάκις

2245 3704 2733 3776 μεταϐαλλομένων
2753 3708 2848 3761 καὶ
2872 3725 2938 3761 πε
2949 3712 3376 3782 ριτρεπομένων,
3408 3712 3572 3782 ῶσπερ
3592 3707 3732 3779 ἀμπώ-

2240 3794 2387 3858 τιδας
2413 3796 2521 3865 (48)
2541 3813 2553 3826 '
2582 3798 2703 3850 ἐπεὶ
2731 3800 2825 3852 καὶ
2852 3801 3094 3866 δικάζειν
3118 3804 3145 3855 ὁ
3169 3805 3422 3873 γεννάδας
3440 3805 3586 3875 ἠξίου,
3610 3802 3733 3854 eam

2242 3885 2435 3938 ἑαυτοῦ
2458 3886 2546 3939 διὰ
2581 3888 2891 3961 φιλοτιμίαν
2918 3894 3272 3964 ποιούμενος;
3311 3898 3453 3967 Τάχα
3480 3897 3536 3949 ἂν
3562 3893 3647 3964 (49)
3675 3908 3734 3961 μισ

2242 3976 2349 4048 κρά
2390 3977 2509 4032 λίαν
2546 3980 2797 4046 ἐγκαλεῖν
2827 3982 3063 4055 δόξαιμι,
3096 3987 3193 4040 καὶ
3219 3987 3287 4040 τὰ
3320 3987 3530 4057 μέγιστα
3560 3988 3646 4045 τοῖς
3669 3999 3733 4050 μι-

2240 4072 2389 4140 κροῖς
2440 4072 2805 4143 καθυϐρίζειν.
2842 4075 2991 4147 Πλήν
3023 4094 3085 4145 γε
3136 4077 3490 4149 ὁμολογείσθω
3530 4076 3636 4147 (50).
3678 4072 3733 4122 ὅτι

2241 4161 2340 4212 οὐκ
2390 4161 2654 4217 Ἦλυσίων
2698 4167 2895 4219 πεδίων
2929 4168 3054 4232 ἄξια
3080 4169 3289 4234 ταῦτα,
3326 4170 3438 4222 οὐδὲ
3479 4169 3565 4237 τῆς
3600 4163 3733 4217 Ῥαδα-

2246 4250 2476 4319 μάνθυος
2505 4255 2681 4308 ἐκεῖσε
2726 4257 2902 4328 δόξης,
2936 4255 3003 4331 ἧς
3036 4261 3231 4332 μοίρας
3263 4260 3491 4326 ἀξιοῦσιν
3515 4260 3677 4313 ἐκεῖνον
3701 4255 3733 4304 οἱ

2316 4428 2600 4510 (ulmi;
2618 4450 2678 4485 τε
2723 4436 2820 4510 καὶ
2866 4437 3212 4494 θάλασσαν.
3272 4436 3361 4491 Sic
3387 4439 3596 4509 plerique
3617 4432 3731 4489 codd.

2248 4495 2451 4568 Desunt
2476 4495 2698 4568 in'lieg.
2730 4507 2838 4559 bin.

2172 4555 2257 4645 "f
2316 4566 2427 4637 (ιε)
2481 4555 2837 4639 Ἀπλῆσὲίᾷξ
2881 4594 2898 4625 ‹
2930 4576 3225 4633 Insatiabili
3272 4579 3489 4634 habendi
3530 4573 3733 4645 cupidiu-

2246 4644 2317 4687 te.
2353 4654 2371 4687 ι

2314 4706 2424 4789 (άῗξ)
2482 4707 3021 4783 Ἐκατοντάχειρας.
3076 4715 3167 4772 Sic
3212 4718 3443 4789 plerique
3485 4714 3615 4772 codd.
3662 4708 3729 4762 Etl-

2244 4776 2650 4848 ἑκατόγχειρας.

2241 4846 2757 4967 ᾶήῒῷλἘαυτῶν.
2816 4852 2980 4907 Savil.
3031 4864 3084 4909 et
3132 4856 3257 4919 Par.
3307 4858 3513 4921 addam,
3556 4846 3731 4905 καὶτῶν

2342 4934 2435 4972 ων,

2314 4984 2590 5075 (δελπηιξ
2714 4993 2762 5075 ει
2793 4994 3324 5075 λέΐοέέἔι;.0¹¹ῖίίε¹τὲι
3350 4996 3418 5075 τι
3448 4996 3496 5075 .61
3516 4993 3572 5046 διν
3601 4988 3731 5053 λέγοι·

2247 5071 2328 5133 μιἶ
2349 5058 2583 5133 angat
2611 5058 2667 5111 δὲ
2697 5063 2764 5133 εί.
2804 5058 2903 5128 Vel,
2932 5058 2995 5133 ira
3024 5058 3235 5133 δέῖνει,
3262 5058 3324 5123 'ri
3346 5068 3427 5121 δαὶ
3448 5066 3641 5133 λέγοιμι-

2315 5124 2427 5195 (46)
2460 5123 2900 5196 Μετακλίσεις.’
2932 5132 3065 5203 Reg.
3086 5123 3234 5203 'bm,'
3256 5139 3399 5194 Coll).
3436 5135 3484 5198 ι,
3509 5123 3728 5202 'ps'raxli'

2244 5210 2378 5256 σεις.

2315 5263 2425 5334 (⁵⁷)
2453 5265 2555 5351 Alfi
2578 5267 2794 5337 μέσης.
2830 5270 2963 5342 Reg.
2994 5274 3101 5339 bm,
3147 5274 3234 5329 διὰ
3264 5278 3451 5345 πάσης.
3481 5272 3527 5325 In
3549 5266 3723 5323 llontac.

2243 5350 2331 5403 γρ.
2366 5350 2653 5407 μεσουσης.

2317 5403 2426 5481 (ίξδ)
2462 5403 2691 5481 Ὥσπερ
2732 5410 3092 5481 ἀμπώτιδας.
3135 5415 3282 5471 Colb.
3328 5415 3378 5478 3,
3413 5411 3541 5466 Pass.
3586 5403 3725 5463 ὥσπερ

2243 5473 2425 5547 φησιν.
2465 5476 2596 5547 Reg.
2628 5473 2664 5542 Ι,
2684 5473 2874 5547 (φασίν.

2317 5543 2442 5624 (49),
2469 5536 2624 5624 Idi“
2651 5536 2886 5624 aﬂuent.
2937 5549 3056 5624 (Non
3089 5554 3259 5624 pauci,
3296 5552 3417 5621 Τάχ⁸
3452 5550 3524 5602 ἄν.
3562 5536 3721 5624 solli)"

2244 5617 2598 5691 cere_vid_ea_r.
2631 5635 2649 5667 ι
2695 5617 2809 5672 Bill.
2866 5615 3137 5691 prioribus
3193 5615 3349 5685 curis,
3374 5615 3721 5675 "minimaque

2246 5684 2430 5752 parvis
2459 5686 2783 5740 dedecorare
2806 5684 3125 5748 et'elevare.
3154 5713 3172 5745 ι

2316 5752 2426 5824 (⁵ο)
2464 5754 2911 5824 Ὀμολονείσθω
2944 5761 3093 5819 Pass.
3122 5761 3530 5833 ὁμολογείτωσαν.
