3878 6398
165 406 262 462 699

1159 384 1415 467 0mm
1455 415 1519 470 ν.
1559 441 1630 454 -—
1668 412 1948 469 con-ma
1985 412 2338 468 JULlANUM
2377 412 2444 467 ιι.

3315 411 3428 467 690

160 522 253 588 τῆς
283 519 456 590 αὐτῆς
490 523 725 593 φατρίας
761 540 820 576 τε
855 526 948 578 καὶ
979 518 1204 591 τάξεως.
1248 517 1351 581 Ἕν
1381 530 1489 582 τῶν
1531 531 1739 584 ἐκείνου

1860 546 1945 588 rec
1975 547 2059 598 ea,
2087 546 2190 602 qua
2217 530 2327 585 illic
2345 527 2797 584 Rhadamanthus
2826 529 3045 593 fruitur,
3077 527 3246 598 gloria
3276 546 3290 581 :
3319 540 3430 596 qua

160 609 457 680 Θαυμάζειν
485 610 625 682 ἔχω’
661 613 888 678 πολλοὺς
922 615 1030 686 γὰρ
1063 617 1171 670 τῶν
1209 619 1359 689 αὖτῷ
1402 621 1646 692 συνήθων
1679 639 1739 675 τε

159 703 246 755 καὶ
273 703 600 774 γνωρίμων,
646 707 710 758 ἐκ
739 706 849 761 τῶν
883 708 1024 762 κατὰ
1069 709 1167 780 τὴν
1220 711 1404 765 Ἀσίαν
1449 714 1743 786 διατριϐῶν

159 795 410 864 μάλιστα,
440 796 623 850 ἐκάλει
672 798 772 868 μὲν
800 801 942 854 κατὰ
987 803 1166 857 πᾶσαν
1207 805 1462 876 σπουδὴν,
1500 807 1575 870 ὡς
1616 807 1745 878 δρά-

159 900 262 938 σων
293 885 594 958 θαυμάσια,
619 884 708 942 οἷα
740 889 833 944 καὶ
854 894 975 955 ταῖς
1001 892 1214 947 ἐλπίσιν
1245 895 1499 967 ἐπτέρου,
1533 915 1742 968 μεμνη-

160 975 354 1046 μένους
409 979 517 1033 τῶν
568 981 948 1053 ὑποσχέσεων·
999 985 1123 1037 ἐπεὶ
1181 986 1238 1040 δὲ
1289 991 1534 1058 παρεῖεν,
1586 988 1744 1041 τοῦτο

156 1069 326 1120 ἐκεῖνο
349 1067 458 1136 (51)
479 1070 534 1121 αἱ
573 1069 680 1123 τῶν
707 1070 901 1144 ψήφων
933 1072 1153 1134 κλοπαὶ,
1183 1075 1400 1127 καὶτῶν
1429 1075 1604 1145 ὄψεων
1633 1076 1744 1145 (5‘2)

156 1157 362 1212 ἀπάται
383 1177 397 1190 ·
431 1161 556 1225 τοὺς
594 1162 693 1233 μὲν
733 1164 860 1227 τοὺς
889 1163 947 1217 δέ
985 1165 1078 1218 τὸν
1111 1165 1224 1237 (53)
1264 1167 1484 1238 τρόπον,
1518 1169 1643 1232 τοὺς
1688 1169 1744 1222 δὲ

155 1251 242 1304 τὸν
271 1251 606 1318 διαπαίζωνο
641 1254 756 1308 ἔστι
782 1255 838 1309 δὲ
864 1255 958 1320 οὓς
990 1258 1082 1310 καὶ
1110 1259 1359 1331 τραπέζῃ
1391 1260 1746 1331 φιλοφρονού-
1803 1272 1809 1276 ·

158 1359 336 1412 μενος,
369 1346 465 1398 καὶ
518 1345 652 1399 πολὺ
695 1345 757 1399 τὸ
806 1347 1035 1417 Ἐταζοε
1067 1350 1347 1419 προπίνων
1367 1391 1382 1414 ,
1417 1352 1513 1404 καὶ
1545 1351 1748 1424 λαρυγ-

155 1430 323 1499 γίζων
359 1435 470 1506 (54)
503 1437 617 1490 ἀντ’
640 1436 798 1490 ἄλλου
826 1438 971 1501 τινὸς
1000 1438 1366 1509 δελεάσματος
1395 1440 1532 1508 (55),
1567 1442 1746 1512 ἀπρά-

156 1538 318 1586 κτους
365 1525 716 1597 ἀπέπεμπεν,
751 1527 850 1580 οὑκ
888 1527 1109 1598 ἔχοντας
1153 1529 1259 1599 ὅτῳ
1295 1529 1602 1601 μέμφονται
1635 1531 1744 1604 (56)

157 1614 338 1680 πλέον,
371 1618 568 1690 ἐκείνῳ
597 1622 696 1690 τῆς
728 1619 943 1690 ἀπάτης
974 1621 1006 1691 ἢ
1057 1621 1240 1690 σφίσιν
1279 1623 1462 1687 αὐτοῖς
1495 1624 1591 1695 τῆς
1621 1641 1747 1677 κους

155 1706 408 1779 φότητος.

1845 635 1996 694 parte
2024 624 2240 693 dignum
2269 636 2391 676 eum
2423 605 2677 684 censent',
2716 620 2808 689 qui
2833 618 3072 688 ejusdem
3105 627 3233 672 sunt
3268 617 3436 672 soda-

1847 714 1943 770 litii
1967 723 2128 784 atque
2149 712 2358 769 ordinis
2376 712 2442 766 ⁸⁷.
2472 711 2584 765 Hoc
2608 725 2774 764 unum
2805 724 2870 765 ex
2897 709 3043 764 illius
3067 709 3142 764 re‘.
3166 724 3229 762 us
3254 709 3435 761 habeo

1846 806 1991 877 quod
2023 805 2265 860 admirer
2292 821 2306 857 :
2338 818 2462 856 nam
2493 801 2695 857 multos
2734 801 2948 870 quidem
2979 815 3166 855 eorum
3198 799 3289 869 qui
3325 798 3432 865 ipsi

1851 897 1961 952 noti
1995 911 2058 951 ac
2087 895 2385 950 familiares
2410 893 2654 960 fuerant,
2693 909 2756 948 ac
2797 893 3098 962 praesertim
3129 906 3197 946 ex
3226 891 3402 946 Asiati
3431 924 3438 930 -

1849 991 1929 1046 eis
1954 989 2175 1054 scholis,
2212 1002 2424 1043 summo
2463 987 2676 1054 studio,
2722 987 2877 1056 quasi
2922 985 3164 1040 miriﬁcis
3205 985 3437 1054 quihus-

1851 1084 1974 1138 dam
2009 1081 2288 1137 beneﬁciis
2327 1094 2420 1136 eos
2457 1089 2800 1144 ornaturus,
2826 1081 3172 1142 accersebat,
3223 1092 3285 1130 ac
3337 1091 3436 1145 spe

1854 1174 2064 1226 animos
2105 1185 2289 1226 eorum
2335 1169 2611 1238 erigebat,
2642 1156 2826 1223 vetera
2867 1167 3034 1237 ipsius
3081 1166 3344 1236 promissa
3381 1166 3433 1218 in

1855 1261 2171 1318 memoriam
2202 1271 2542 1317 revocantes.
2596 1259 2664 1313 At
2698 1275 2820 1313 cum
2847 1258 3132 1321 adessent,
3167 1270 3269 1310 noc
3299 1254 3431 1308 illud

1857 1355 2123 1419 videlicet,
2156 1353 2490 1409 calculorum
2511 1352 2823 1422 praestigiae,
2853 1361 2909 1406 et
2936 1350 3215 1405 oculorum
3251 1347 3433 1402 luditi-

1855 1443 2132 1508 cationes;
2166 1443 2267 1498 hos
2292 1444 2437 1498 enim
2468 1443 2572 1498 hoc
2607 1441 2796 1506 modo,
2851 1440 2970 1495 illos
3021 1439 3125 1495 alio
3172 1439 3430 1502 eludens;

1854 1537 2112 1604 quosdam
2146 1535 2312 1590 etiam
2350 1549 2536 1590 mensa
2573 1533 2803 1590 comiter
2837 1533 3151 1602 accipiens;
3186 1546 3250 1585 ac
3298 1529 3436 1584 tuui-

1857 1635 1966 1680 tum
1997 1626 2124 1680 illud
2147 1668 2162 1689 ,
2196 1625 2413 1682 Sodali:
2435 1667 2449 1691 ,
2482 1625 2779 1695 propinans
2801 1667 2816 1692 ,
2855 1633 2910 1678 et
2945 1639 3042 1694 pro
3070 1623 3173 1697 alia
3203 1621 3433 1691 quadam

1858 1717 2110 1774 illecebra
2143 1719 2365 1774 diducto
2392 1725 2608 1788 gutture
2631 1716 2937 1782 clamitans,
2971 1713 3187 1769 infectis
3221 1711 3433 1799 tan‘dem

157 1801 320 1856 rebus
353 1802 679 1866 dimittebat,
712 1802 854 1857 haud
890 1804 1024 1858 satis
1051 1804 1402 1860 constitutum
1437 1807 1720 1875 habentes,
1772 1807 1985 1865 illiusne
2039 1811 2297 1866 fraudem.
2320 1811 2514 1881 magis,
2545 1824 2613 1864 an
2662 1824 2816 1864 suam
2871 1809 3106 1877 ipsormn
3167 1806 3433 1861 levitatem

155 1901 510 1947 accusarent.

215 1983 352 2038 KA'.
404 1986 609 2038 Ἐκεῖνο
655 1984 713 2038 δὲ
761 1985 878 2048 πῶς
926 1985 1025 2039 οὐκ
1061 1986 1342 2040 ἐπαινετὸν
1375 1988 1487 2059 (57)
1521 1990 1620 2060 τῆς
1654 1990 1749 2044 τοῦ

1922 1987 2062 2043 X30].
2106 1986 2238 2041 Illud
2279 2001 2407 2042 vero
2448 2001 2514 2040 an
2551 2002 2657 2041 non
2694 1985 2745 2039 in
2778 1985 3082 2056 philosophi
3134 1985 3291 2055 hujus
3331 1985 3429 2040 do~

153 2077 453 2146 φιλοσόφου
500 2077 868 2142 παιδεύσεως,
912 2079 993 2132 ὅτι
1044 2079 1296 2133 τοσοῦτον
1342 2081 1612 2153 ἀόργητος
1657 2077 1745 2153 ἦν,

153 2171 242 2224 καὶ
265 2168 384 2222 τῶν
416 2169 602 2222 παθῶν
632 2169 963 2242 ὑψηλότερος
983 2212 994 2224 .
1029 2169 1171 2224 κατά
1203 2172 1330 2235 τοὺς
1374 2172 1597 2227 πώποτε
1640 2174 1750 2228 τῶν

155 2259 422 2329 βασιλέων
453 2259 758 2331 ἀτρέπτους
791 2261 886 2314 καὶ
918 2260 1233 2331 ἀκινήτους,
1262 2263 1357 2316 καὶ
1389 2265 1512 2335 μηδ’
1558 2265 1624 2319 ἂν
1644 2307 1658 2326 ,
1701 2266 1756 2318 εἴ

152 2370 200 2405 τι
238 2351 484 2419 γένοιτο,
532 2351 625 2405 τοῦ
674 2353 970 2425 προσώπου
1023 2370 1077 2406 τι
1123 2355 1585 2426 παρατρέψαντας
1615 2358 1748 2428 (58),

151 2443 431 2516 ἦπάθους
474 2445 618 2515 ἴχνος
667 2446 1131 2516 ἐπισημαίνοντας
1163 2449 1310 2519 (59)’
1349 2448 1479 2502 ὥσθ’
1519 2451 1602 2503 ὅτι
1654 2452 1752 2522 μὲν

153 2535 294 2604 βοῶν
345 2536 445 2589 καὶ
487 2535 729 2606 σεισμῶν
768 2537 1012 2610 ἐπλήρου
1061 2540 1127 2593 τὰ
1185 2539 1434 2610 βασίλεια
1487 2541 1750 2606 δικάζων,

151 2625 344 2698 ὥσπερ
379 2626 544 2690 αὐτὸς
577 2626 651 2680 ὢν
680 2629 710 2680 ὁ
758 2630 1190 2702 τυραννούμενος
1226 2633 1320 2686 καὶ
1360 2632 1749 2704 ζημιούμενος,

153 2718 246 2770 οὐκ
271 2717 467 2781 ἄλλοις
493 2717 670 2772 ταῦτα
698 2719 994 2790 πάσχουσιν
1014 2762 1027 2786 ,
1062 2723 1390 2794 ἐπαμύνωνς
1425 2725 1611 2778 Ταῦτα
1655 2725 1753 2795 μὲν

152 2810 268 2864 οὐδὲ
295 2810 464 2878 λόγου
489 2810 634 2874 τινὸς
666 2811 971 2884 ἀξιώσομεν
988 2831 1010 2845 ·-
1031 2815 1192 2868 τοῦτο
1219 2815 1275 2868 δὲ
1312 2815 1395 2880 τίς
1436 2818 1629 2885 ἀγνοεῖ
1646 2819 1752 2870 τῶν

153 2903 442 2964 ἁπάντων,
482 2904 564 2956 ὅτι
609 2903 837 2968 πολλοὺς
884 2908 1208 2978 προσιόντας
1255 2901 1310 2960 οἷ
1357 2908 1466 2976 (60)
1519 2909 1754 2981 δημοσίᾳ

153 2997 241 3048 καὶ
271 2995 391 3048 τῶν
431 2996 854 3068 ἀγροικοτέρως),
889 2997 1030 3051 ὥστε
1063 3001 1247 3069 τυχεῖν
1271 3015 1418 3063 τινος
1440 2992 1514 3052 ὧν
1547 3000 1757 3072 ἄνθρωο

152 3105 237 3139 ποι
283 3086 560 3156 βασιλέων
599 3088 828 3153 δέονται,
872 3092 1050 3145 παίων
1081 3092 1190 3156 πὺξ
1233 3093 1469 3164 δημοσία
1514 3094 1608 3146 καὶ
1657 3092 1755 3159 λὰξ

149 3179 518 3250 ἐναλλόμενος
546 3180 688 3234 οὓτω
716 3181 935 3235 διετίθει
965 3185 1170 3248 κακῶς,
1200 3183 1328 3237 ὥστ’
1359 3185 1576 3256 ἀγαπᾷν
1614 3187 1758 3238 ἐκείο

150 3289 270 3336 νους
301 3273 366 3325 τὸ
392 3273 468 3344 μή
496 3290 547 3326 τι
577 3273 773 3327 παθεῖν
809 3274 1224 3347 χαλεπώτερον;

1852 2081 2022 2133 ctrina
2058 2077 2360 2143 laudabile,
2396 2078 2537 2147 quod
2565 2077 2698 2133 adeo
2729 2077 2798 2133 ab
2822 2077 3137 2132 ira'alieuus
3169 2087 3284 2131 erat
3306 2120 3320 2143 ,
3362 2092 3424 2130 ac

1856 2171 2181 2226 turbulentis
2225 2170 2390 2224 animi
2438 2171 2866 2240 permotionibus
2915 2153 3229 2236 sublimior;
3263 2170 3437 2225 instar

1853 2264 2109 2316 nimirum
2135 2277 2325 2317 eorum
2352 2277 2539 2332 regum
2573 2277 2636 2316 ac
2661 2262 3043 2332 imperatorum
3070 2262 3159 2330 qui
3184 2263 3442 2331 tranquil-

1829 2355 2023 2410 .litatis
2053 2365 2106 2409 et
2137 2355 2458 2410 constantia:
2484 2353 2642 2409 laude
2673 2355 2945 2423 quondam
2978 2351 3279 2416 ﬂorebant,
3317 2368 3436 2416 nec,

1852 2448 2015 2502 etiam
2041 2445 2084 2501 si
2113 2445 2241 2514 quid
2263 2445 2522 2500 melestite
2553 2442 2684 2512 ipsis
2702 2443 3011 2504 accidisset,
3033 2442 3236 2494 vultum
3259 2450 3436 2494 tamen

1854 2540 1964 2595 ullo
2013 2540 2172 2593 modo
2219 2537 2614 2599 immutabant,
2655 2545 2748 2588 aut
2795 2532 3222 2603 perturbationis
3264 2531 3438 2586 vesti-

1855 2633 1998 2704 gium
2047 2630 2441 2695 ostendebant;
2481 2629 2763 2697 ‘utquod,
2812 2629 2934 2682 dum
2979 2625 3176 2694 judicis
3218 2641 3441 2679 munere

1857 2726 2202 2796 fungeretur,
2238 2723 2414 2777 aulam
2441 2722 2769 2778 clamoribus
2802 2735 2866 2774 ac
2895 2719 3122 2790 strepitu
3155 2718 3438 2789 impleret,

1859 2834 1962 2872 non
1995 2818 2152 2870 aliter
2179 2830 2244 2870 ac
2272 2816 2315 2870 si
2349 2816 2464 2884 ipse
2493 2823 2638 2870 esset
2669 2813 2752 2865 cui
2782 2813 2863 2868 vis
2894 2821 2947 2866 et
2974 2813 3228 2867 damnum
3270 2811 3436 2866 infer—

1859 2922 2025 2972 retur,
2048 2925 2110 2965 ac
2143 2924 2246 2962 non
2281 2908 2402 2961 aliis
2429 2906 2608 2976 potius
2641 2906 2755 2959 hmc
2800 2903 3128 2972 patientibus
3158 2918 3442 2957 succurre-

1860 3004 1993 3057 ret?"
2017 3001 2143 3056 Ilaec
2177 3010 2324 3056 certe
2351 3015 2417 3054 ne
2444 2999 2694 3052 oratione
2727 2996 2944 3065 quidem
2984 2995 3268 3064 complecti
3311 2995 3444 3049 veli-

1860 3109 1998 3146 nms.
2043 3091 2154 3146 Hoc
2200 3099 2380 3145 autem
2439 3089 2589 3144 eccui
2641 3104 2705 3141 ex
2755 3087 3006 3140 omnibus
3053 3086 3294 3155 ignotum
3336 3097 3438 3149 εει,

1858 3187 2000 3255 quod
2031 3187 2230 3241 multos
2256 3185 2421 3241 etiam
2446 3200 2474 3237 e
2506 3183 2908 3246 rusticiorihus,
2933 3181 3021 3252 qui
3046 3183 3110 3234 ad
3135 3197 3256 3235 eum
3285 3179 3438 3251 ιθ]

1861 3280 2074 3349 publice
2103 3279 2458 3342 accedebant,
2497 3285 2552 3329 ut
2579 3291 2788 3341 eorum,
2814 3291 2932 3345 qum
2965 3273 3144 3345 populi
3177 3272 3243 3327 ab
3274 3273 3443 3342 impe-

152 3370 441 3424 ratoribus
470 3379 654 3438 petere
683 3369 880 3434 solent,
911 3372 1112 3441 aliquid
1144 3381 1628 3444 consequerentur,
1675 3373 1745 3426 ita
1796 3376 2111 3439 mulctabat,
2172 3373 2347 3444 palam
2408 3387 2585 3443 pugno
2639 3370 2866 3435 feriens,
2897 3364 3250 3440 caleibusque'
3278 3369 3444 3437 impe-

151 3474 294 3527 tens,
327 3473 385 3515 ut
407 3463 669 3532 praeclare
699 3479 882 3518 secum
908 3475 1086 3543 actum
1117 3476 1393 3534 putarent,
1419 3466 1562 3536 quod
1590 3469 1830 3522 atrocius
1850 3465 2069 3537 aliquid
2103 3469 2326 3523 minime
2364 3461 2504 3537 passi
2538 3467 2765 3521 essent?

215 3560 359 3615 KB’.
383 3559 497 3623 Τὰς
540 3559 596 3612 δέ
646 3562 908 3631 φυσὴσεις
956 3579 1016 3614 τε
1069 3563 1163 3615 καὶ
1197 3564 1604 3634 ἀντιφυσήσεις,
1638 3563 1750 3626 διςὲ

1939 3565 2103 3621 XXII.
2146 3564 2263 3619 Jarn
2291 3563 2623 3617 suillationes
2656 3569 2709 3615 ct
2736 3560 3074 3623 rellatioues,
3102 3574 3238 3628 quas
3272 3558 3443 3612 admi-

149 3650 467 3721 Θαυμάσιος
508 3652 737 3714 ἐκεῖνος,
778 3653 871 3705 καὶ
904 3652 969 3705 τὰ
1005 3653 1249 3725 ἡμέτερα
1303 3653 1596 3724 διασύρων,
1643 3657 1756 3717 τοῖς

150 3744 430 3816 γραῖδίοις
453 3745 923 3809 ἀντεπεδείκνυτο,
941 3746 1002 3798 τὸ
1022 3745 1325 3818 ἐπιϐώμιον
1346 3747 1456 3818 πῦρ
1477 3747 1753 3810 ἀνάπτων,

151 3835 251 3888 ποῦ
285 3835 460 3903 λόγου
495 3835 734 3906 θήσομεν
765 3835 913 3906 (6ν1);
949 3837 1018 3888 Ἦ
1046 3836 1208 3890 καλόν
1241 3837 1350 3907 (6·2)
1392 3854 1455 3906 γε
1486 3837 1578 3890 τοῦ
1624 3839 1758 3890 Ῥω-

154 3929 341 3997 μαίων
401 3927 668 3998 βασιλέως
714 3927 812 3991 τὰς
865 3927 1096 3997 γνάθους
1150 3931 1280 4000 όρᾷν
1316 3928 1755 4000 ἀσχημονούσας,

151 4023 244 4074 καὶ
266 4020 500 4090 γέλωτα
524 4021 691 4075 πολὺν
713 4021 1080 4092 παρεχούσας,
1105 4023 1165 4074 οὐ
1200 4025 1312 4085 τοῖς
1341 4021 1538 4089 ἔξωθεν
1576 4023 1754 4094 μόνον,

151 4113 288 4167 ἀλλὰ
323 4113 421 4166 καὶ
444 4113 648 4176 αὐτοῖς,
675 4109 759 4176 οἷς
779 4112 951 4167 ταῦτα
979 4113 1148 4167 ποιῶν
1174 4115 1430 4186 ἀρέσκειν
1461 4115 1616 4185 ᾤετο.
1650 4113 1760 4185 Τὴν

165 4206 411 4280 Ἀθηνᾶν
437 4205 494 4259 δὲ
522 4207 624 4259 οὐκ
656 4208 847 4278 ἤκουε,
887 4206 984 4278 τὴν
1018 4206 1215 4262 ἑαυτοῦ
1241 4206 1361 4260 θεὸν
1390 4205 1524 4276 (65),
1548 4208 1630 4260 ὅτι
1665 4206 1760 4259 καὶ¹

153 4302 263 4362 τοῖς
323 4298 442 4369 (64)
494 4297 679 4362 αὐλοῖς
728 4299 1114 4371 κατηράσατο,
1159 4295 1242 4364 οἷς
1285 4299 1763 4371 ἐνασχημονοῦσαν

151 4392 364 4462 ἑαυτὴν
414 4391 828 4461 κατεμάνθανεν
883 4391 1018 4463 (65),
1072 4394 1187 4447 ἀντ’
1235 4392 1504 4465 ἐσόπτρου
1554 4410 1762 4464 χρησα-

154 4485 291 4557 μένη
344 4483 458 4556 (66)
496 4483 575 4555 τῷ
616 4483 793 4538 ὓδατι.
827 4485 938 4549 Τὰς
974 4484 1031 4538 δέ
1067 4484 1365 4556 προπόσεις
1406 4502 1463 4538 τε
1491 4485 1586 4538 καὶ
1616 4485 1765 4553 φιλο-

219 4581 267 4613 ⁶⁷
300 4578 487 4648 Virga,
518 4578 760 4645 ίΕηεὶά.,
794 4594 866 4662 vr.

223 4677 352 4744 (51)
394 4677 579 4731 Τοῦτο
603 4676 818 4731 ἐκεῖνο.
849 4676 1002 4730 (1011).
1040 4674 1094 4739 k,
1121 4677 1282 4728 τοῦτο
1306 4677 1518 4746 ἐκείνῳ.

221 4747 350 4818 (52)
379 4748 492 4818 Καὶ
691 4747 819 4816 Reg.
847 4748 861 4800 l
890 4760 944 4802 et
973 4747 1163 4811 Mont.,
1202 4747 1374 4818 καὶκαὶ
1408 4747 1531 4818 τῷν.

181 4814 352 4943 ὅ(55)
387 4817 536 4883 Τοὺς
559 4816 627 4870 δὲ
650 4814 882 4872 τόν-ξιιτι
915 4834 1043 4873 mss.
1077 4829 1128 4870 et
1172 4818 1257 4870 ed.
1293 4817 1417 4870 Par.
1452 4817 1550 4870 Ed.
1579 4816 1669 4868 τὸν
1699 4814 1754 4869 δὲ

209 4907 262 4941 ν.

148 4907 262 4942 τον.

222 4959 350 5029 (54)
378 4958 778 5030 Δαρυτγίζων.
837 4957 1078 5030 Combef.
1121 4960 1302 5021 vertit,
1356 4976 1372 5009 ε
1404 4967 1619 5028 gutture
1667 4972 1756 5010 ac-

150 5032 432 5092 t-tamans,
465 5029 708 5099 suaviter
735 5046 764 5084 e
795 5040 1010 5099 gutture
1043 5029 1294 5082 fundens.
1330 5048 1347 5079 ι

223 5101 351 5170 (55)
378 5097 822 5168 Δελεάσματοςξ
844 5098 956 5152 Duo
983 5097 1150 5168 chg.
1182 5099 1531 5170 δελεάματος.

223 5171 355 5240 (56)
394 5171 767 5239 Μέμφοντιιι.
802 5171 930 5224 Sav.
964 5170 1306 5240 μέμφωνται.

223 5242 351 5312 (57)
397 5242 765 5296 Ἐπαινετόν.
823 5241 935 5295 Duo
999 5255 1131 5295 mss.
1181 5251 1234 5296 et
1296 5242 1449 5295 Pass.
1514 5240 1754 5292 ἐπαινεῖ⁶

143 5328 264 5369 ται.

248 5382 351 5453 58)
394 5381 920 5450 Παρατρέψαντας.
956 5381 1081 5454 sav.
1114 5380 1586 5454 παρατρέποντας.

251 5451 355 5521 59)
402 5454 964 5523 Ἑπισημαίνοντᾳς.
1011 5453 1124 5505 Duo
1168 5451 1324 5506 codd.
1383 5451 1761 5523 ἐπισημήναν-

139 5541 274 5586 τας.
311 5523 414 5576 Hic
457 5524 851 5577 observandum
886 5522 1113 5592 Regium
1170 5523 1414 5577 codicem
1461 5523 1472 5574 Ι
1508 5522 1757 5576 omittere

147 5594 536 5648 distinctionis
586 5602 789 5660 notam,
851 5608 970 5659 quae
1020 5595 1164 5647 inter
1217 5592 1649 5663 ἐπισημαίνοντα
1703 5599 1758 5646 et

148 5665 306 5718 ὥστε
332 5668 673 5732 subsequens
701 5665 985 5732 reperitur.

224 5735 362 5817 (σο)
375 5729 744 5817 ιιροοξιόντας
764 5729 858 5817 bl.-
871 5732 1153 5817 ΡΜ..εὸ
1171 5733 1496 5817 προσιόντας
1520 5733 1668 5817 αὐτῷ
1682 5734 1752 5786 οἱ.

147 5803 290 5929 ﬂii,
342 5803 678 5876 προσιόντας
721 5804 888 5875 αὐτῷ,
923 5803 1029 5861 sed--
1059 5803 1530 5874 abttp‘utrobique
1565 5803 1756 5861 redun-

1869 3661 2066 3713 randus
2094 3657 2183 3712 ille
2210 3656 2315 3720 vir,
2339 3654 2706 3724 doctrinaeque
2737 3661 2937 3707 nostra:
2965 3650 3265 3720 sugillator,
3300 3656 3446 3704 vetu-

1869 3752 1935 3806 lis
1991 3750 2328 3805 mulierculis
2375 3748 2426 3801 in
2477 3746 2814 3801 contrarium
2868 3743 3213 3806 ostentabat,
3257 3741 3445 3796 altaris

1868 3846 2044 3914 ignem
2078 3845 2380 3898 accendens
2406 3883 2421 3906 ,
2457 3857 2567 3912 quo
2592 3841 2807 3896 tandem
2837 3837 3100 3892 orationis
3134 3835 3251 3889 loco
3281 3849 3447 3903 pone-

1867 3937 2029 3992 mus?
2057 3936 2383 3990 Prteclarum
2413 3935 2558 3990 enim
2589 3931 2835 4002 profecto
2860 3938 2998 3992 erat,
3024 3941 3249 3982 cernere
3277 3928 3448 3995 impe-

1867 4031 2063 4085 ratoris
2092 4028 2320 4083 Romani
2359 4031 2557 4083 buccas
2584 4025 2838 4080 indecore
2868 4031 3138 4076 tumentes
3161 4059 3176 4083 ,
3208 4033 3274 4072 ac
3299 4018 3447 4073 elci-

1864 4131 2040 4175 tantes
2085 4121 2356 4190 ingentem
2409 4119 2573 4172 risum
2595 4155 2611 4178 ,
2667 4129 2772 4170 non
2806 4110 3046 4167 externis
3078 4117 3318 4172 tantum,
3352 4108 3445 4162 sed

1863 4213 1928 4267 iis
1955 4212 2115 4265 etiam
2145 4251 2160 4276 ,
2200 4210 2399 4282 quibus
2450 4209 2553 4263 hac
2605 4207 2816 4262 ratione
2856 4204 3072 4274 placere
3108 4216 3166 4256 se.
3202 4200 3447 4271 putabat.

1863 4306 2156 4361 Minervam
2203 4312 2406 4358 autem.
2436 4302 2607 4357 deam‘
2645 4314 2799 4355 suatn
2849 4312 2956 4352 non
3004 4294 3256 4349 audiebat
3281 4332 3295 4356 ,
3327 4305 3447 4360 quae

1868 4397 2028 4451 tibias
2061 4405 2342 4450 exsecrata
2374 4392 2592 4454 dicitur,
2625 4401 2981 4460 posteaquam
3004 4428 3017 4451 ,
3054 4385 3209 4454 aquis
3241 4381 3443 4452 speculi

1866 4488 1989 4542 vice
2015 4501 2134 4550 usa,
2160 4500 2252 4540 eas
2274 4483 2536 4539 dedecori
2572 4482 2677 4537 sibi
2707 4495 2828 4536 esse
2857 4475 3154 4548 perspexit.
3184 4472 3445 4542 Propina-

1785 4676 1831 4734 l)
1931 4669 2041 4742 (61)
2079 4667 2376 4736 ϐήσομεν.
2411 4664 2524 4718 Duo
2548 4662 2717 4733 Regg.
2751 4671 2802 4715 et
2835 4659 2928 4714 Or.
2967 4659 3018 4721 1,
3053 4656 3105 4708 ἰη
3141 4672 3312 4727 marg.
3346 4656 3445 4728 θή-

1863 4759 2046 4883 σεῖῗξξῖ)
2079 4811 2145 4862 "H
2164 4808 2373 4883 καλόνἷ
2405 4804 2638 4883 Montac_.
2670 4823 2688 4855 ι
2713 4805 2870 4883 forte,
2897 4820 2914 4852 ι
2941 4796 3016 4858 ΊἨ
3037 4798 3219 4883 καλόν.
3243 4799 3445 4883 Deinde

1863 4866 2119 4937 observat
2167 4881 2308 4933 hunc
2359 4878 2534 4931 locum
2587 4877 2662 4929 sic
2701 4876 2764 4928 ab
2793 4873 2905 4927 Elia
2937 4874 3128 4940 accipi,
3162 4870 3318 4938 quasi
3350 4866 3440 4940 Ju-

1863 4956 2038 5008 lianus
2072 4959 2298 5013 tantum,
2354 4949 2457 5002 hac
2494 4946 2818 5008 imitatione,
2876 4939 3312 5013 Christianorum
3359 4939 3444 4992 in-

1865 5023 2197 5080 suiilatioues
2227 5010 2650 5087 iii-baptismatis
2687 5016 2881 5087 ritibus
2905 5010 3439 5087 irriderevoluisset.

1870 5097 2064 5150 Verum
2093 5096 2279 5146 censet
2305 5080 2392 5142 vir
2419 5087 2630 5151 doctus,
2679 5085 2948 5140 Julianum
2983 5083 3254 5154 praecipue.
3289 5080 3377 5134 hic
3409 5097 3438 5133 a

1867 5164 2130 5229 Gregorio
2153 5160 2420 5229 redargui,
2453 5160 2614 5226 quod,
2654 5173 2777 5229 cum
2813 5162 2960 5229 esset
2975 5157 3299 5229 imperator,
3335 5166 3439 5229 non

1867 5222 2143 5290 erubuerit
2171 5246 2228 5286 se
2249 5222 2370 5284 cuin
2394 5222 2724 5282 muliereulis
2750 5227 2815 5282 de
2847 5227 3018 5280 triviis
3053 5235 3104 5278 et
3127 5223 3342 5287 scortis,
3374 5222 3438 5274 ad

1866 5307 1990 5360 vilia
2020 5313 2074 5358 et
2109 5300 2423 5363 deridenda,
2453 5302 2595 5353 circa
2639 5313 2794 5353 saera
2849 5311 2966 5357 sua,
3020 5293 3316 5348 ministeria
3348 5292 3440 5344 de-

1868 5377 2105 5432 mittere.
2134 5372 2247 5427 Non
2275 5370 2415 5425 male
2438 5369 2650 5439 quidem
2673 5387 2686 5432 ;
2729 5368 2948 5439 etenim‘
2966 5363 3296 5439 Montacutii
3317 5375 3441 5415 sen-

1871 5431 2050 5502 tentiae
2093 5445 2272 5498 favent
2309 5431 2589 5512 Chrysost.
2626 5443 2680 5492 in
2722 5436 3175 5512 gent:,__Prmlent.
3218 5431 3438 5498 Libau.,

1856 5534 1939 5573 or.
2011 5533 2075 5581 x;
2113 5507 2533 5578 Ammianq’lib.
2564 5526 2698 5581 XX‘II,
2726 5526 2776 5577 p.
2809 5507 2936 5581 225,
2965 5522 3069 5562 etc.

1948 5587 2036 5645 65)
2065 5578 2236 5641 Θεόγ.
2271 5583 2433 5640 Coisl.
2458 5582 2512 5645 2,
2535 5591 2589 5635 et
2622 5579 2796 5644 Pass.,
2831 5578 2979 5632 θεάν.

1948 5587 2016 5642 65
2071 5587 2236 5641 Θεόν.
2271 5587 2433 5640 Coisl.
2458 5587 2512 5645 2,
2535 5591 2589 5635 et
2622 5587 2796 5644 Pass.,
2831 5587 2979 5632 θεάν.

1927 5587 2039 5730 ius)
2078 5656 2184 5710 Καὶ
2236 5655 2379 5720 τοῖς.
2431 5651 2505 5706 lta
2549 5652 2790 5722 plerique
2829 5649 2986 5704 codd.
3029 5647 3189 5703 Deest
3237 5645 3329 5700 καί
3381 5644 3434 5699 in

1857 5731 1984 5786 edit.

1951 5799 2040 5867 65)
2070 5795 2543 5867 Κατεμὰνθανεεθ.
2580 5793 2716 5867 Reg.
2738 5792 2848 5857 bm,
2885 5788 3194 5867 κατέμαθεν

1951 5800 2040 5867 65)
2070 5800 2543 5866 Κατεμάνθανεν.
2580 5800 2716 5862 Reg.
2738 5800 2848 5857 bm,
2885 5800 3111 5861 xa'répat

1929 5800 2036 5943 (66)
2069 5867 2448 5938 Χρησαμένη.
2481 5864 2614 5936 Reg.
2659 5865 2710 5930 b,
2737 5860 3111 5935 χρησαμένην.
