3878 6398
397 317 494 374 GDI

1600 313 1656 366 S.
1701 310 2025 368 GBEGORII
2066 253 2443 367 TIIEOLOGI‘

3542 307 3643 363 692

399 446 573 487 tiones
619 446 784 495 vero,
837 440 886 482 et
930 429 1152 497 poeula,
1192 431 1384 498 quibus
1435 426 1746 486 meretrices
1791 431 1962 498 palam

2083 431 2289 501 τησίας,
2325 426 2390 488 ἃς
2421 423 2654 494 δημοσία
2695 423 2813 483 ταῖς
2867 422 3089 492 πόρναις
3136 422 3401 494 προῦπινέ
3448 439 3509 475 τε
3557 426 3643 475 καὶ

401 521 719 590 publiceque
764 521 1122 588 provocabat,
1160 520 1509 590 vicissimque
1551 522 1962 590 provocabatur,

401 613 644 684 mysterii
703 611 923 666 obtentu
975 611 1298 679 petulantem
1349 611 1620 666 libidinem
1673 613 1962 674 obvelans,

400 702 522 771 quis
552 717 655 755 non
686 701 842 753 laude
869 710 922 753 et
946 700 1302 754 admiratione
1342 704 1737 770 prosequatur?

476 790 666 845 XXIII.
710 790 831 851 [Izec
867 792 990 846 aliis
1016 792 1231 859 quidem
1262 794 1589 860 experientia
1633 797 1766 862 ipsa,
1797 806 1847 847 et
1874 795 1966 846 do-

401 883 622 938 minatio
653 883 921 937 licentiam
953 883 1140 952 adepta
1163 925 1176 949 ,
1219 885 1550 948 declaravit;
1595 901 1622 938 a
1677 901 1759 940 me
1791 897 1966 940 autem

401 974 557 1044 longe
581 984 706 1028 ante
739 982 1018 1043 perspecta
1051 977 1445 1043 quodammodo
1484 976 1732 1038 fuerunt,
1769 995 1830 1032 ex
1864 995 1968 1048 quo

399 1066 627 1120 Athenis
658 1082 776 1120 cmn
805 1081 870 1121 eo
899 1075 1144 1119 versatus
1180 1083 1348 1120 eram.
1398 1068 1528 1122 Nam
1582 1069 1706 1124 illuc
1757 1085 1969 1139 quoque

401 1157 586 1209 statim
624 1166 742 1224 post
782 1172 845 1210 ea
875 1172 991 1225 qua:
1020 1157 1281 1212 adversus
1310 1159 1532 1212 fratrem
1558 1161 1834 1231 designata
1865 1160 1971 1214 fuc-

402 1257 550 1311 runt,
585 1247 862 1316 profectus
888 1260 989 1310 est,
1018 1251 1084 1303 ab
1107 1249 1432 1318 imperatore
1456 1251 1558 1306 hoc
1591 1253 1762 1320 ipsum
1785 1254 1969 1319 depre-

403 1348 580 1391 c;ttus.
611 1336 883 1405 Duplicem
915 1349 1092 1392 autem
1123 1356 1186 1394 eo
1216 1342 1586 1410 proficiscendi
1619 1358 1839 1399 causam
1873 1347 1969 1398 ha-

404 1429 609 1483 bebat:
665 1446 827 1483 unam
879 1432 1266 1500 honestiorem,
1320 1445 1379 1488 ut
1433 1434 1696 1490 Grmciam
1749 1437 1974 1508 ejusque

403 1521 618 1575 scholas
649 1523 886 1589 viseret;
921 1524 1143 1578 alteram
1195 1527 1506 1593 tectiorem,
1546 1528 1840 1598 paucisque
1883 1546 1974 1584 no-

406 1625 540 1675 tam,
576 1622 635 1665 ut
665 1613 900 1682 regionis
930 1615 1101 1684 ipsius
1134 1616 1412 1685 aruspices
1443 1626 1498 1672 et
1531 1618 1852 1688 impostores
1884 1621 1972 1688 qui

406 1703 518 1758 illic
547 1715 704 1760 erant
731 1705 797 1760 de
827 1705 987 1761 rebus
1017 1707 1127 1761 suis
1167 1709 1494 1773 consuleret,
1531 1710 1808 1778 impietate
1836 1712 1977 1766 vide-

2069 518 2514 590 ἀντιπρούπίνετο
2545 515 2679 582 (07).
2711 513 3061 566 ὑποκλέπτων
3089 513 3150 566 τὸ
3179 515 3405 584 ἀσελγὲς
3439 533 3644 586 μυσττ-

2071 614 2187 683 ρίου
2223 610 2591 680 προσχήματι,
2621 607 2738 669 πῶς
2771 607 2830 658 οὐ
2863 605 3160 676 θαυμάζειν
3200 607 3385 673 ἄξιον;

2141 793 2266 846 Kl".
2297 793 2479 845 Ταῦτα
2523 795 2634 854 τοῖς
2673 791 2768 861 μὲν
2816 788 2994 852 ἀλλοις
3032 790 3064 859 ὴ
3103 791 3267 860 πεῖρα
3313 789 3647 860 παρέστησε,

2071 885 2163 936 καὶ
2191 888 2223 955 ἡ
2251 885 2540 938 δυναστεία
2567 881 2910 954 προλαϐοῦσα
2942 881 3050 951 (68)
3084 882 3183 951 τὴν
3211 882 3463 947 ἐξουσίαν
3484 899 3498 911 ’
3532 884 3650 950 ἐμοὶ

2070 961 2125 1030 δὲ
2151 977 2242 1030 καὶ
2272 977 2550 1049 πόρρωθεν
2584 976 2780 1046 τρόπον
2815 972 2938 1026 τινά
2970 975 3198 1044 ἑωρᾶτο,
3228 973 3286 1038 ἐξ
3310 970 3370 1028 οὗ
3393 973 3474 1043 τῷ
3499 973 3651 1042 ἀνδρὶ

2075 1057 2437 1140 συνεγενόμην
2504 1067 2808 1140 Ἀθήνῃσιν.
2849 1061 3020 1118 τΗλθε.
3055 1051 3185 1135 ¹γάρ
3238 1065 3351 1136 (69)
3406 1067 3648 1126 κάκεῖσε,

2074 1161 2196 1232 ἄρτι
2250 1160 2358 1213 τῶν
2401 1160 2539 1213 κατά
2577 1159 2668 1211 τὸν
2707 1156 2932 1225 ἀδελφὸν
2966 1155 3130 1208 αὐτοῦ
3163 1157 3649 1228 νεωτερισθέντων,

2071 1255 2160 1306 τὸν
2201 1252 2423 1322 βασιλέα
2467 1249 2624 1303 τοῦτο
2658 1248 2794 1302 αὐτὸ
2831 1246 3328 1317 παραιτησάμενος.
3376 1248 3569 1310 Διττὺς
3597 1246 3651 1298 δὲ

2073 1345 2237 1398 αὑτοῦ
2274 1344 2372 1412 τῆς
2406 1341 2699 1412 ἐπιδημίας
2738 1341 2766 1392 ὁ
2795 1338 2952 1408 λόγος
2972 1356 2985 1370 ο
3017 1341 3046 1392 ὁ
3076 1340 3175 1410 μὲν
3195 1339 3650 1411 εὐπρεπέστερος,

2075 1436 2194 1490 καθ’
2236 1435 2477 1505 ἱστορίαν
2513 1432 2611 1502 τῆς
2663 1430 2910 1493 Ἑλλάδος
2949 1430 3045 1483 καὶ
3089 1430 3197 1484 τῶν
3221 1431 3402 1484 ἐκεῖσε
3441 1429 3654 1483 παιδευ-

2075 1525 2274 1597 τηρίων
2297 1541 2309 1553 ·
2345 1525 2374 1576 ὁ
2409 1523 2464 1576 δὲ
2497 1521 2954 1593 ἀπορῤητότερος,
3000 1522 3095 1574 καὶ
3123 1523 3186 1575 οὐ
3219 1521 3437 1584 πολλοῖς
3462 1520 3653 1591 γνώρι-

2079 1635 2197 1687 μος,
2231 1615 2372 1668 ὥστε
2403 1617 2513 1676 τοῖς
2538 1615 2654 1667 ἐκεῖ
2688 1613 2797 1682 (70)
2840 1611 3029 1676 θύταις
3062 1613 3155 1666 καὶ
3199 1612 3483 1667 ἀπατεῶσι
3531 1613 3654 1683 περὶ

2077 1707 2185 1762 τῶν
2211 1706 2329 1760 καθ’
2357 1705 2548 1760 ἑαυτὸν
2575 1703 2951 1772 συγγενέσθαι,
2986 1702 3136 1756 οὔπω
3160 1704 3480 1775 παρρησίαν
3502 1703 3654 1773 ἑχού-

404 1794 530 1848 licet
569 1795 807 1850 nomium
849 1796 1149 1852 libertatem
1182 1814 1245 1853 ac
1281 1800 1530 1854 ﬁduciam
1579 1803 1790 1872 adepta.
1825 1802 1969 1858 Tunc

2083 1819 2178 1871 σης
2213 1800 2312 1870 τῆς
2357 1797 2630 1860 ἀσεϐείας.
2668 1797 2801 1849 Τότε
2843 1795 3023 1849 τοίνυν
3055 1795 3116 1848 οὐ
3163 1796 3365 1865 φαῦλος
3412 1795 3530 1863 ἐγὼ
3566 1795 3656 1847 τοῦ

406 1886 568 1956 igitur
617 1902 703 1941 me
754 1903 858 1942 non
913 1889 1110 1943 malum
1167 1890 1232 1944 de
1286 1891 1386 1945 hoc
1441 1893 1558 1947 viro
1612 1894 1975 1964 conjectorem

405 1973 574 2037 fuisse
625 1976 882 2040 memini,
921 1992 1228 2048 quanquam
1277 1979 1477 2051 alioqui
1528 1999 1635 2038 non
1676 1998 1740 2038 ex
1785 1999 1974 2039 eorum

407 2081 638 2128 numero
669 2068 790 2130 sim.
822 2070 913 2136 qui
943 2070 995 2123 in
1031 2069 1334 2138 lmjusmodi
1370 2073 1531 2128 rebus
1563 2073 1682 2129 sciti
1708 2086 1870 2145 atque
1898 2076 1979 2129 in-

406 2159 609 2230 geniosi
657 2167 800 2218 sunt.
854 2158 960 2215 Sed
989 2174 1075 2215 me
1105 2175 1312 2216 morum
1342 2176 1405 2216 ac
1430 2175 1614 2233 gestus
1643 2165 1812 2235 ipsius
1848 2167 1979 2222 inae-

404 2249 735 2318 quabilitas,
785 2259 946 2321 atque
991 2252 1178 2321 ingens
1221 2252 1466 2322 quaedam
1515 2257 1713 2311 mentis
1753 2260 1976 2323 emotio,

405 2352 582 2397 vatem
611 2341 914 2408 elliciebat;
953 2343 1109 2415 162
1136 2343 1178 2400 si
1206 2346 1422 2415 quidem
1451 2356 1601 2402 vates
1629 2348 1719 2404 ille
1743 2351 1979 2418 optimus

403 2445 524 2499 est,
573 2436 664 2505 qui
717 2445 865 2491 recte
900 2438 1174 2507 conjicere
1224 2442 1390 2494 novit.
1425 2439 1612 2511 Neque
1655 2442 1798 2496 enim
1849 2443 1977 2498 mihi

409 2529 532 2587 boni
566 2528 856 2598 quidquam
884 2530 1194 2600 signiﬁcare
1224 2533 1570 2597 videbantur,
1598 2535 1781 2589 cervix
1818 2535 1974 2590 mini-

408 2636 492 2674 me
522 2620 676 2674 ﬁrma
698 2661 712 2686 ,
752 2621 962 2683 humeri
996 2637 1130 2690 quos
1160 2624 1391 2678 subinde
1419 2625 1659 2695 agitabat
1685 2637 1739 2682 et
1764 2627 1977 2684 attolle-

406 2711 518 2780 bat,
548 2715 734 2768 oculus
769 2729 936 2783 vagus
975 2723 1028 2770 et
1059 2716 1342 2784 oberrans,
1379 2733 1441 2771 ac
1467 2717 1708 2774 furiosus
1735 2720 1976 2787 obtutus,

405 2803 569 2872 pedes
602 2803 878 2861 instabiles
912 2816 968 2860 et
1004 2806 1332 2870 titubantes.
1382 2823 1544 2864 nasus
1594 2810 1975 2868 contumeliam

403 2902 460 2950 et
489 2906 851 2966 contemptum
882 2898 1097 2968 spirans
1116 2940 1130 2962 ,
1164 2900 1343 2955 vultus
1373 2901 1825 2972 couflgurationes
1856 2905 1980 2960 ridi-

403 2984 540 3039 cula:
574 2987 714 3041 idem
745 2975 1161 3057 signiﬁcantes,
1200 2989 1340 3046 risus
1371 2991 1757 3049 iuunoderatus
1792 3005 1846 3050 et
1883 3010 1981 3050 ex-

2078 1893 2271 1965 ἀνδρὸς
2298 1889 2556 1960 εἰκαστὴς
2581 1884 2700 1942 οἶδα
2726 1889 3035 1959 γενόμενος,
3069 1889 3244 1942 καίτοι
3271 1906 3334 1958 γε
3362 1889 3425 1941 οὐ
3458 1888 3568 1941 τῶν
3601 1884 3655 1943 εὖ

2079 1983 2397 2052 πεφυκότων
2424 1981 2552 2051 περὶ
2579 1979 2751 2033 ταῦτα
2783 1975 2864 2043 εἷς
2901 1978 2994 2033 ὧν.
3038 1980 3160 2033 Ἀλλ
3205 1981 3376 2034 ἐποίει
3413 1999 3486 2052 με
3530 2000 3661 2054 μαν-

2077 2077 2225 2129 τικὸν
2271 2076 2303 2145 ἡ
2342 2073 2432 2128 τοῦ
2473 2072 2634 2144 ἤθους
2679 2071 2995 2142 ἀνωμαλία,
3028 2072 3122 2125 καὶ
3161 2072 3221 2124 τὸ
3260 2073 3522 2144 περιττὸν
3564 2074 3658 2143 τῆς

2081 2171 2386 2233 ἐκστάσεως
2419 2168 2562 2240 (71)·
2605 2168 2762 2238 εἴπερ
2809 2166 3002 2238 μάντις
3035 2168 3274 2237 ἄριστος,
3326 2168 3479 2224 ὅστις
3514 2169 3661 2222 εἰκά-

2041 2313 2046 2318 .
2081 2263 2195 2327 ζειν
2239 2261 2352 2333 (72)
2408 2259 2516 2315 οἶδε
2566 2260 2766 2324 καλῶς.
2803 2259 3030 2322 Οὐδενὸς
3061 2259 3170 2331 γὰρ
3209 2261 3382 2314 ἐδόκει
3431 2279 3525 2332 μοι
3565 2271 3658 2332 ση-

2083 2356 2233 2425 μεῖον
2266 2349 2403 2406 εἶναι
2428 2349 2664 2423 χρηστοῦ
2690 2350 2862 2421 αὐχὴν
2891 2348 3134 2421 ἀπαγὴς,
3161 2343 3301 2421 ὦμοι
3332 2349 3658 2422 παλλόμενοι

2083 2445 2176 2500 καὶ
2217 2442 2644 2514 ἀνασηκούμενοι
2689 2441 2833 2513 (75),
2877 2439 3154 2512 ὀφθαλμὸς
3197 2441 3533 2512 σοσούμενος
3572 2443 3660 2495 καὶ

2083 2537 2546 2608 περιφερόμενος,
2597 2535 2689 2588 καὶ
2735 2535 2960 2605 μανικὸν
2995 2534 3241 2605 βλέπων,
3288 2535 3456 2598 πόδες
3502 2536 3661 2589 ἀστα-

2081 2626 2300 2689 τοῦντες
2326 2625 2420 2679 κα)⁸
2453 2623 2870 2695 μετοκλάξοντες
2889 2663 2904 2687 ,
2933 2623 3144 2697 μυκτὴρ
3171 2624 3326 2696 ὓϐριν
3348 2625 3531 2678 πνέων
3572 2627 3661 2678 καὶ

2083 2717 2494 2790 περιφρόνησιν,
2526 2714 2818 2788 προσώπου
2857 2717 3229 2787 σχηματισμοὶ
3265 2716 3659 2785 καταγέλαστοι

2081 2811 2142 2864 τὸ
2193 2810 2323 2864 αὐτὸ
2378 2810 2633 2880 φέροντες
2687 2807 2820 2880 (74),
2873 2807 3106 2877 γέλωτες
3153 2808 3416 2880 ἀκρατεῖς
3464 2826 3526 2861 τε
3571 2810 3659 2862 καὶ

2085 2899 2527 2973 βρασματὼδεις,
2573 2900 2785 2964 νεύσεις
2835 2900 2928 2954 καὶ
2972 2900 3286 2965 ἀνανεύσεις
3339 2903 3440 2956 σὺν
3490 2904 3658 2956 οὐδενὶ

2083 2995 2247 3062 λόγῳ,
2292 2992 2450 3060 λόγος
2487 2993 2771 3062 ἱστάμενος
2817 2993 2911 3046 καὶ
2949 2991 3283 3063 κοπτόμενος
3335 2990 3455 3065 (75)
3504 2995 3661 3047 πνευ-

404 3087 667 3140 ςιιειυιιιιε,
720 3089 882 3134 nutus
926 3091 982 3135 et
1032 3091 1251 3136 renotus
1290 3084 1434 3142 omni
1470 3085 1676 3140 ratione
1705 3096 1969 3152 carentes,

2088 3102 2235 3157 ματι,
2280 3085 2574 3157 ἐρωτήσεις
2616 3083 2838 3138 ἄτακτοι
2887 3085 2981 3138 καὶ
3012 3083 3291 3151 ἀσύνετοι,
3341 3087 3661 3158 ἀποκρίσεις

404 3184 587 3222 sermo
619 3171 827 3225 haerens
853 3170 1155 3242 spirituque
1181 3172 1489 3236 intercisus.
1521 3174 1975 3246 interrogationes

407 3260 724 3314 inordinata:
750 3272 804 3316 et
834 3261 1114 3331 imperitae,
1146 3263 1525 3332 responsiones
1556 3263 1640 3318 his
1669 3265 1836 3319 nihilo
1863 3281 1970 3321 me-

405 3351 591 3418 liores,
625 3352 746 3408 alia:
776 3355 827 3408 in
854 3354 988 3409 alias
1012 3355 1358 3421 insultantes,
1385 3371 1489 3410 non
1519 3356 1619 3412 sibi
1645 3365 1975 3424 constantes,

408 3460 506 3499 nec
531 3446 853 3503 eruditionis
883 3449 1072 3504 ordine
1098 3450 1525 3519 progredientes.

476 3538 666 3594 XXIV.
707 3539 847 3606 Quid
880 3542 1089 3612 singula
1126 3544 1434 3598 describere
1465 3559 1685 3602 necesse
1729 3547 1849 3601 est?
1879 3544 1978 3600 Ta-

408 3631 508 3682 lmu
535 3638 661 3684 ante
681 3645 841 3696 opera
867 3633 1215 3702 conspicatus
1237 3646 1379 3699 sum,
1407 3631 1620 3702 qualem
1651 3633 1701 3686 in
1725 3635 1976 3704 operibus

475 3809 587 3873 (67)
626 3809 1152 3881 Ἁνςτιξιρούπίιξετο.
1181 3810 1326 3881 Reg.
1366 3809 1970 3881 1),ί(ὶοΙΙ).ι,ἀντεπρευ-

406 3879 611 3932 πίνετο.
686 3877 954 3944 Quidquid
1003 3879 1067 3932 de
1110 3879 1304 3934 Iuliani
1359 3877 1607 3934 castitate
1655 3877 1975 3947 dicant'ejus

407 3950 717 4020 adulatores
771 3948 1107 4020 Aunnianus,
1164 3949 1544 4020 Libatt.,_elc.,
1596 3950 1707 4019 ipse
1753 3965 1812 4004 se
1853 3967 1975 4020 pro-

407 4019 482 4071 dit
517 4017 728 4090 Mis_0p.,
779 4032 833 4090 p.
869 4019 960 4082 69,
997 4029 1049 4070 et
1077 4021 1236 4084 epist.
1269 4017 1354 4072 40.
1398 4017 1529 4073 Nam
1569 4017 1667 4074 etsi
1705 4017 1974 4090 legitimos

407 4103 512 4140 non
549 4088 790 4167 habuerit
824 4089 1039 4151 liberos,
1077 4089 1381 4158 illegitimos
1418 4098 1592 4144 tamen
1638 4106 1742 4143 ιιοη
1764 4088 1978 4159 paucos

409 4169 732 4224 procreant.

480 4228 590 4295 (68)
657 4228 1069 4294 Προλαϐοῦσα,
1133 4229 1264 4298 Reg.
1326 4231 1359 4298 Ι,
1432 4226 1662 4284 Montac.
1727 4230 1970 4286 Combef.

406 4298 804 4369 προσλαροὖσα.

478 4366 589 4440 (69)
621 4365 809 4440 ῗΗλθε
843 4368 971 4437 γάρ,
1022 4380 1125 4422 etc.
1168 4367 1290 4427 Haec
1321 4390 1348 4426 a
1381 4371 1536 4428 Billio
1585 4369 1975 4440 maleireddita

406 4439 682 4494 conitendit
708 4440 1083 4513 Ceinbelisius,
1129 4450 1182 4494 et
1211 4444 1289 4496 sic
1317 4443 1430 4513 ipse
1467 4440 1626 4513 vertit
1653 4459 1665 4494 :
1698 4459 1715 4489 ι
1738 4439 1870 4513 Nam
1905 4442 1970 4494 il-

407 4513 493 4583 lnc_
519 4524 734 4583 quoque
781 4524 839 4564 se
865 4509 1109 4583 contulit,
1146 4509 1735 4583 statim'atqueifrater
1775 4511 1961 4579 ipsius,

405 4580 494 4646 qui
526 4581 708 4636 Caesar
733 4590 945 4635 creatus
971 4580 1167 4646 fuerat,
1207 4580 1502 4647 rebellavit,
1536 4582 1635 4634 hoc
1666 4581 1838 4649 ipsum
1867 4585 1964 4637 de—

405 4659 674 4715 precatus,
710 4651 811 4714 vel,
871 4651 1036 4719 ipsius
1086 4653 1247 4718 petita
1287 4651 1574 4716 facultate;
1608 4672 1626 4703 ›
1673 4665 1865 4718 nempe.
1909 4661 1966 4706 ut

401 4719 550 4790 paris
595 4721 900 4775 rebellionis
937 4737 966 4773 a
1015 4735 1073 4778 se
1114 4724 1476 4790 suspicionem
1522 4731 1812 4776 amoveret.
1855 4720 1964 4776 Vox

402 4789 544 4844 enim
571 4791 678 4857 illa,
707 4789 1060 4862 νεωτερίζειν,
1091 4806 1194 4854 non
1214 4789 1426 4848 videtur
1454 4792 1779 4862 Combeﬁsio
1799 4792 1965 4858 signi-

403 4863 585 4927 ﬁcare,
624 4880 641 4912 ι
669 4861 1010 4916 rebellionem
1053 4863 1335 4930 cohibere;
1364 4885 1381 4917 ι
1414 4866 1526 4926 sed,
1574 4882 1591 4914 ι
1617 4861 1827 4916 rebellis
1876 4877 1964 4917 es-

401 4947 500 4994 se;
534 4950 552 4982 ι
609 4933 747 4986 sicut
788 4947 886 4986 nec
918 4933 1041 4995 ista,
1073 4930 1317 5000 βασιλέα,
1350 4938 1414 4989 ad
1444 4933 1838 4994 CouStautium,
1868 4933 1963 4987 sed

402 5003 468 5054 ad
499 5000 712 5055 Gallum
745 5005 1032 5070 pertinere.
1066 5001 1263 5058 Verum
1297 5007 1408 5059 haec
1437 5003 1808 5070 interpretatio
1838 5016 1960 5055 cum

400 5071 628 5127 historia
654 5074 965 5127 coosentire
993 5075 1199 5140 nequit.
1229 5073 1343 5129 Non
1378 5076 1522 5130 enim
1549 5072 1814 5136 Julianus,
1849 5083 1962 5125 stau

403 5147 496 5196 tim
532 5153 692 5210 atque
739 5159 1024 5212 germanus
1059 5145 1225 5197 frater
1271 5161 1358 5200 res
1403 5161 1570 5198 novas
1605 5143 1820 5212 molitus
1853 5152 1956 5207 est,

399 5230 497 5268 seu
551 5211 844 5277 rebellavit,
889 5214 1130 5267 Athenas
1161 5229 1220 5267 se
1251 5216 1515 5277 contulit;
1554 5229 1654 5268 nec
1690 5211 1872 5266 Gallus
1899 5211 1962 5264 il-

402 5283 489 5337 luc
513 5284 672 5338 eundi
696 5284 1008 5339 facultatem
1043 5285 1206 5338 dedit.
1255 5285 1308 5338 ld
1343 5295 1554 5339 constat
1602 5297 1668 5338 ex
1720 5283 1835 5350 ipso
1868 5280 1961 5335 Juv

401 5354 563 5419 Iiano,
591 5352 682 5408 Or.
710 5355 775 5408 ad
807 5356 1021 5419 Allien.,
1048 5371 1098 5424 p.
1123 5355 1246 5419 501,
1278 5367 1418 5419 etc.;
1454 5370 1520 5408 ex
1545 5353 1835 5424 Auunian.,
1866 5353 1954 5405 !ib.

402 5439 490 5489 xv,
523 5441 575 5493 p.
603 5424 690 5482 54.
725 5441 788 5479 ex
818 5422 1144 5485 Lib.m..'or.
1179 5441 1289 5488 xu;
1325 5441 1390 5477 ev
1420 5424 1726 5486 Sozomen.,
1761 5422 1792 5472 Ι.
1823 5437 1957 5493 ναι.

399 5494 454 5561 2,
482 5492 586 5548 etc.
613 5495 778 5563 Igitur
798 5497 951 5550 Gallo
979 5498 1194 5550 (laisare
1239 5504 1610 5563 exauctorati),
1667 5508 1807 5545 anno
1831 5492 1956 5563 ὃξί,

402 5560 586 5622 mense
610 5560 846 5630 Octobri,
887 5575 944 5620 ut
970 5575 1232 5620 testantur
1289 5565 1518 5625 ldacius,
1549 5562 1818 5626 Socrates,
1868 5560 1960 5614 So-

401 5648 678 5700 ;omenus,
714 5635 996 5700 Eusebius,
1035 5635 1363 5703 Scaligerus,
1413 5633 1683 5697 Petavius,
1721 5641 1825 5683 etc.
1868 5630 1959 5703 Ju-

400 5706 597 5772 Iimus,
635 5703 879 5759 Eusebim
926 5702 1283 5774 impcratriris
1328 5720 1447 5773 ope,
1493 5704 1718 5774 crimine
1747 5702 1959 5754 absolu-

402 5771 504 5853 tas,
540 5791 600 5828 ac
635 5776 787 5841 liber,
836 5771 1070 5840 Athenas
1115 5777 1264 5846 petiit
1335 5771 1511 5830 medio
1565 5771 1779 5828 circiter
1818 5787 1958 5825 atuio

2079 3180 2231 3232 οὐδὲν
2257 3177 2460 3231 τούτων
2493 3175 2768 3248 ἀμείνους,
2801 3175 3054 3247 ἀλλήλαις
3097 3175 3531 3248 ὲπεμϐαίνουσαι
3569 3181 3659 3234 καὶ

2083 3273 2180 3326 οὐκ
2221 3270 2520 3337 εὐσταθεῖς,
2551 3269 2669 3324 οὐδὲ
2699 3270 2846 3337 τάξει
2880 3270 3162 3340 προϊοῦσαι
3196 3271 3556 3337 παιδεύσεως.

2156 3540 2280 3590 KA'.
2312 3538 2374 3588 Τί
2400 3539 2464 3589 ἂν
2491 3553 2560 3589 τα
2592 3539 2708 3590 καθ’
2747 3538 2973 3592 ἕκαστον
3003 3538 3299 3610 γράφοιμι;
3329 3537 3656 3607 Τοῦτον(76)

2085 3632 2190 3701 προ
2234 3630 2340 3682 τῶν
2386 3629 2560 3697 ἔργων
2601 3628 2941 3702 ἐθεασάμην,
2972 3632 3029 3684 ὃν
3069 3630 3161 3684 καὶ
3195 3630 3288 3683 ἐπὶ
3334 3629 3448 3682 τῶν
3487 3630 3658 3699 ἔργων

2085 3809 2209 3874 355,
2247 3824 2390 3874 cum,
2427 3823 2548 3862 mox
2583 3823 2612 3860 a
2659 3808 2843 3863 fratris
2885 3812 3049 3872 crede,
3097 3822 3280 3863 coram
3337 3806 3659 3862 Constantio

2085 3881 2428 3947 imperatore,
2468 3880 2535 3933 ad
2575 3879 2786 3948 objecta
2827 3879 2930 3934 sibi
2969 3877 3198 3933 crimina
3247 3876 3542 3933 Mediolani
3576 3894 3659 3932 re-

2081 3949 2404 4019 spondisset.

2151 4018 2264 4088 (70)
2305 4018 2481 4072 Ἐκεῖ.
2513 4017 2650 4087 Reg.
2688 4019 2780 4082 hu,
2834 4020 2871 4086 1,
2903 4019 3102 4088 aliique
3135 4017 3401 4082 nonnulli,
3449 4020 3654 4088 ἐκεῖσε.

2150 4087 2262 4158 (71)
2284 4089 2395 4143 Kal
2431 4088 2498 4142 τὸ
2554 4091 2828 4157 περιττὸν
2878 4089 2989 4158 τῆς
3012 4087 3373 4158 ἐκστάσεως.
3434 4107 3454 4139 ι
3478 4087 3546 4142 Ει
3577 4090 3660 4142 in-

2081 4157 2410 4226 compositus
2432 4161 2674 4228 corporis
2729 4157 2962 4215 habitus.
2988 4178 3006 4211 ι
3055 4157 3272 4213 Rectius
3304 4173 3492 4228 quam,
3529 4177 3549 4209 ι
3582 4158 3658 4211 in-

2087 4230 2362 4284 credibilis
2416 4227 2610 4284 tuentis
2653 4244 2927 4290 excessus,
2957 4249 2976 4281 ι
3027 4237 3088 4282 ιιι
3153 4228 3317 4282 vertit
3369 4227 3652 4288 Valesius:

2090 4311 2200 4365 aut,
2235 4319 2252 4352 ι
2279 4299 2500 4362 cmotio,
2527 4319 2544 4350 ι
2598 4310 2658 4353 ιιι
2702 4299 2876 4353 reddit
2908 4298 3112 4352 Billius.
3147 4298 3358 4352 Etenim
3383 4299 3656 4352 exteriora

2085 4382 2238 4423 erant
2263 4385 2324 4423 ea
2371 4386 2435 4424 ex
2467 4370 2661 4434 quibus
2683 4369 2749 4422 de
2793 4369 3009 4424 Juliano
3045 4368 3125 4422 sic
3162 4367 3491 4436 conjiciebat
3515 4367 3654 4421 Gre-

2085 4441 2270 4504 gorius
2304 4438 2456 4507 juxta
2491 4443 2601 4492 haec
2647 4438 2941 4509 Scriptura:
2974 4438 3170 4494 verba:
3196 4439 3434 4509 Anneius
3469 4453 3656 4502 corpo-

2003 4485 2046 4538 Ῑ)
2077 4485 2166 4572 ἷίε,
2207 4521 2254 4563 et
2304 4485 2437 4562 i'isus
2486 4485 2830 4569 dentium?!
2877 4512 3144 4577 ingressus
3205 4485 3436 4560 homini:
3486 4485 3656 4560 enim-

2071 4582 2205 4632 liunt
2237 4582 2300 4634 de
2328 4577 2641 4650 illolEccli.
2675 4594 2788 4650 aut.
2821 4577 2931 4650 27).

2077 4720 2101 4738 ν
2142 4650 2253 4721 (72)
2287 4647 2574 4708 ΕΖκάζει-ν.
2611 4650 2721 4703 Duo
2749 4647 2913 4718 Regg‘.
2959 4648 3052 4702 0r.
3088 4649 3138 4714 I,
3166 4647 3329 4702 Mont.
3366 4664 3462 4717 γρ.
3495 4648 3654 4700 εἰκα-

2071 4739 2253 4861 μ’(ίῖᾷ)
2310 4790 2836 4861 Ἀνασηκοιξμενοι.
2897 4787 3062 4842 Μοιιι.
3118 4806 3210 4860 γρ.
3268 4788 3654 4861 ἀνακοπτόμε-
3731 4816 3734 4818 -

2069 4857 2168 4916 vos.
2200 4859 2290 4914 Sic
2323 4863 2593 4916 Socrates.
2620 4857 2870 4914 Valesius
2907 4857 3312 4927 interpretatur.
3351 4878 3369 4910 ι
3392 4859 3657 4912 humeros

2071 4931 2312 4986 libratos.
2343 4951 2360 4983 ι
2392 4929 2637 4994 Budaeus,
2692 4947 2709 4979 ι
2733 4931 2929 4985 vibrati
2976 4929 3043 4982 ad
3074 4929 3288 4981 modum
3316 4927 3492 4990 libraa,
3522 4944 3652 4982 cum

2071 5000 2251 5055 IullCt’B
2298 4999 2534 5055 vicissim
2585 4998 2818 5054 subeunt
2870 5008 2924 5053 et
2977 4997 3189 5068 pessum
3226 5009 3373 5051 eunt.
3407 5017 3427 5050 ι
3477 4997 3651 5052 blant.

2069 5072 2342 5136 putathoc
2364 5085 2483 5124 esse
2511 5071 2655 5137 quod
2706 5069 2779 5123 ait
2801 5069 3010 5129 Cicero.
3050 5087 3070 5120 ι
3102 5077 3310 5132 gestum
3346 5082 3513 5136 agere
3549 5069 3657 5122 hu-

2068 5142 2250 5206 meris,
2290 5153 2345 5194 et
2384 5140 2781 5209 quodammodo
2813 5140 2880 5209 de
2925 5141 3083 5194 lintre
3112 5138 3508 5209 loquiexserto
3545 5137 3651 5191 Itu-

2069 5226 2236 5275 mero,
2289 5221 2344 5264 et
2393 5207 2607 5264 rursum
2677 5207 2833 5280 quasi
2884 5212 2948 5262 ad
3009 5207 3370 5278 azquilibrium
3427 5208 3659 5278 depres-

2065 5298 2250 5422 suilli)
2280 5351 2584 5424 Φέροντες.
2630 5349 2796 5407 Mont.
2835 5367 2924 5420 γρ.
2963 5346 3309 5420 φρονοῦντες,
3345 5363 3408 5402 ac
3449 5348 3525 5406 ita
3555 5346 3657 5402 So-

2287 5492 2681 5560 Κοπτόμενος·
2722 5491 2887 5546 Μουίο
2927 5507 3016 5561 ΥΡ·
3061 5488 3551 5559 περικοπτόμενᾊ
3597 5499 3658 5542 el

2089 5576 2134 5614 ta
2169 5575 2440 5616 Socrates.

2066 5582 2076 5618 Ι
2137 5633 2246 5704 (76)
2299 5633 2534 5687 Τοῦτον.
2584 5633 2747 5688 Μοιιι.
2791 5649 2879 5701 γρ.
2933 5629 3188 5694 τοιοῦτον,
3237 5646 3299 5684 ac
3340 5630 3415 5684 ita
3447 5630 3654 5686 Socra-

2066 5715 2160 5759 [(‘5.
