3878 6398
172 422 273 481 693

1162 426 1421 482 ORATIO
1463 426 1527 482 ν.
1586 460 1636 469 -
1678 430 1957 487 CONTRA
2001 429 2345 489 Jl'LlANUM
2380 427 2442 483 ll.

3324 423 3428 482 θθι

176 544 458 617 ἐγνώρισα.
494 544 605 599 Καὶ
639 547 693 599 εἰ
729 562 817 616 μοι
842 548 1094 619 παρῆσάν
1130 564 1274 611 τινες
1301 548 1407 605 τῶν
1448 548 1749 621 τηνικαῦτα

1870 563 2038 609 )ostea
2070 550 2419 623 deprehendi.
2456 546 2607 615 Quod
2640 546 2683 600 si
2716 544 2807 617 qui
2840 557 2903 599 ex
2945 544 3045 609 iis,
3081 544 3169 613 qui
3209 554 3320 598 tum
3356 546 3430 599 si-

174 639 433 692 συνόντων
444 639 536 691 καὶ
547 639 680 691 ἀκου
688 639 913 702 σάντων,
925 640 983 692 οὐ
997 638 1248 710 χαλεπῶς
1264 639 1330 692 ἂν
1343 640 1449 711 ὲμα
1456 639 1550 711 ρτύ
1560 658 1623 712 ρη
1631 658 1727 694 σαν
1736 658 1749 671 ·

170 726 264 794 οἷς,
290 730 486 801 ἐπειδὴ
502 728 672 783 ταῦτα
690 729 1023 802 ἐθεασάμην,
1045 730 1206 794 εὐθὺς
1222 731 1590 802 ἐφθεγξάμην·
1617 728 1754 785 Olar-

171 823 356 876 κακὸν
372 823 410 889 ἡ
426 821 717 890 Ῥωμαίων
728 822 840 892 (77)
856 822 1075 891 τρέφει]
1087 822 1180 875 καὶ
1194 824 1602 895 προαγορεύσας
1617 823 1724 895 (78)
1735 864 1749 889 ,

172 915 261 967 καὶ
281 913 534 981 γενέσθαι
556 912 914 983 ψευδόμαντις
933 914 1171 985 ἐμαυτοῦ
1200 916 1600 987 κατευξάμενος
1614 917 1746 987 ('79).

170 1005 433 1073 Κρεῖσσον
460 1002 567 1074 γὰρ
590 1002 841 1073 ἢτούτων
871 1002 981 1073 (80)
995 1004 1300 1075 πλησθῆναι
1320 1008 1417 1078 τὴν
1429 1007 1751 1078 οἰκουμένην

171 1094 385 1158 κακῶν,
419 1096 515 1149 καὶ
556 1096 795 1149 τοιοῦτον
835 1096 1175 1166 ἀναφανῆναι
1212 1097 1407 1170 τέρας,
1449 1094 1559 1152 οἷον
1597 1098 1750 1153 οὔπω

172 1186 432 1257 πρότερον
467 1186 577 1257 (81)
599 1204 611 1216 ·
648 1185 857 1240 πολλῶν
894 1189 991 1258 μὲν
1024 1189 1377 1260 ὲπικλυσμῶν
1420 1190 1751 1260 θρυλλουμέ-

170 1297 291 1340 νων,
325 1277 535 1332 πολλῶν
561 1279 618 1331 δὲ
654 1280 1018 1351 ὲμπρησμῶν,
1055 1282 1149 1335 καὶ
1183 1280 1444 1353 βρασμῶν
1475 1281 1585 1352 (82)
1620 1281 1745 1351 γῆς.

168 1371 261 1425 καὶ
292 1370 588 1441 χασμάτων
608 1410 622 1431 ,
651 1370 731 1423 ἔτι
766 1372 821 1425 δὲ
852 1371 1061 1442 ἀνδρῶν
1091 1372 1605 1443 ἀπανθρωποτάτων
1636 1373 1747 1441 (8'5)

170 1464 260 1516 καὶ
298 1462 503 1532 θηρίων
531 1463 835 1517 ἀλλοκότων
877 1480 936 1515 τε
978 1464 1071 1516 καὶ
1099 1462 1388 1525 συνθέτων,
1414 1459 1489 1518 ὧν
1518 1466 1551 1534 ή
1589 1464 1749 1533 φύσις

168 1553 555 1622 ὲκαινοτόμησε
584 1552 718 1619 (84).
754 1552 938 1625 Ταύτῃ
964 1570 1047 1606 τοι
1081 1553 1174 1605 καὶ
1210 1552 1364 1617 τέλος
1397 1553 1549 1620 ἄξιον
1581 1553 1746 1623 ἠνέγ-

169 1662 299 1699 κατο
326 1646 425 1715 τῆς
454 1644 711 1706 ἀπονοίας
731 1662 744 1674 ·
773 1643 1009 1697 ἐνταῦθα
1056 1644 1215 1716 μόνον
1244 1645 1343 1697 οὐκ
1382 1644 1748 1715 ἀνασχομένου

165 1735 258 1791 τοῦ
301 1736 436 1790 Θεοῦ
467 1737 568 1806 τῆς
610 1735 869 1807 συνήθους
915 1734 1318 1807 μακροθυμίας,
1365 1735 1493 1790 ἔνθα
1537 1734 1749 1797 πολλοῖς

168 1829 333 1882 κακὸν
365 1824 433 1899 ἦν
470 1828 532 1881 τὸ
570 1828 980 1900 φιλάνθρωπον,
1028 1828 1124 1881 καὶ
1167 1827 1366 1899 πολλὴν
1408 1810 1508 1898 μὲν
1554 1826 1746 1897 ἔμελλε

1860 646 1969 702 mul
1997 653 2153 701 erant
2179 685 2195 709 ,
2235 653 2397 712 atque
2430 640 2749 705 audiebant,
2785 636 2915 690 mihi
2948 650 3089 689 nunc
3117 644 3313 706 praesto
3344 649 3428 689 es-

1856 746 1996 799 sent,
2023 735 2165 789 haud
2194 748 2337 802 aegre
2366 730 2733 785 testimonium
2771 727 3110 781 exhiberem.
3148 726 3225 779 Ad
3258 740 3427 794 quos.

1856 836 1916 881 ut
1940 826 2053 880 haec
2074 822 2358 892 conspexi,
2386 821 2568 875 statim
2600 818 2685 872 his
2710 816 2893 869 verbis
2916 830 3043 869 usus
3070 828 3186 867 sunt
3212 832 3224 866 :
3256 813 3430 878 Quan-

1856 925 1965 970 tum
1995 916 2189 969 malum
2230 913 2329 968 sibi
2356 913 2451 967 alit
2488 911 2782 964 Romanum
2815 904 3131 975 imperium!
3177 901 3429 974 prmfatus

1855 1009 2011 1073 licet,
2043 1022 2106 1060 ac
2146 1005 2274 1059 mihi
2298 1045 2312 1069 ,
2342 1013 2400 1058 ut
2445 1000 2613 1055 lalsus
2648 1008 2798 1052 vates
2838 1011 3044 1058 essem,
3080 996 3425 1064 imprecatus.

1853 1095 2220 1151 Prmstabilius
2252 1094 2397 1148 enim
2431 1092 2483 1146 id
2513 1091 2691 1145 fuerat
2713 1128 2730 1152 ,
2765 1102 2925 1157 quam
2962 1086 3124 1139 tantis
3156 1084 3310 1139 malis
3348 1100 3429 1139 ore-

1854 1185 1972 1240 hem
2003 1194 2273 1239 terrarum
2308 1179 2545 1250 impleri,
2577 1178 2786 1245 taleque
2815 1183 3113 1229 monstrum
3144 1177 3428 1237 exsistere,

1853 1276 2013 1348 quale
2046 1290 2322 1344 nunquam
2355 1282 2515 1327 antea
2546 1271 2733 1325 visum»
2751 1268 2958 1330 fuerat;
2989 1266 3201 1320 etiamsi
3231 1266 3427 1334 alioqui

1853 1370 2051 1423 diluvia
2100 1367 2264 1421 multa
2289 1406 2303 1430 ,
2348 1372 2403 1420 et
2442 1361 2692 1418 incendia
2749 1359 2912 1414 multa
2938 1402 2953 1425 ,
2987 1370 3250 1427 terrwqtte
3286 1358 3429 1433 velut

1850 1462 2192 1517 ebullitiones
2214 1500 2229 1523 ,
2265 1468 2314 1513 et
2345 1457 2553 1521 hiatus,
2587 1469 2652 1507 ac
2684 1451 2834 1507 multi
2877 1452 3094 1520 insuper
3124 1448 3428 1503 crudelissi-

1854 1552 1923 1605 mi
1961 1551 2229 1611 homiues,
2262 1547 2559 1616 bellumque
2586 1542 2941 1612 prodigiosae,
2968 1550 3020 1595 et
3050 1554 3115 1595 ex
3144 1538 3307 1592 variis
3345 1551 3431 1607 ge-

1853 1644 2071 1698 neribus
2105 1642 2369 1711 conuatae,
2396 1652 2536 1709 quas
2566 1642 2759 1690 natura
2789 1647 2927 1687 novo
2966 1646 3117 1686 more
3152 1629 3424 1699 produxit,

1851 1750 2105 1792 sermone
2128 1734 2429 1804 iactantur.
2460 1731 2537 1785 Ac
2560 1729 2785 1800 proinde
2811 1728 2970 1782 linem
3004 1737 3215 1794 quoque
3247 1735 3428 1777 amen-

1854 1826 1925 1887 tia
1954 1840 2050 1879 sua
2082 1824 2301 1895 dignum
2342 1820 2461 1875 tulit
2494 1838 2508 1874 :
2542 1820 2654 1874 Deo
2696 1818 2783 1875 hic
2827 1817 3000 1871 solum
3045 1824 3301 1871 consueta
3331 1828 3424 1869 sua

168 1893 425 1992 παρέξειν
467 1893 705 1991 ἀθυμίαν
739 1893 850 1983 τοῖς
892 1917 1251 1991 κατορθοῦσι,
1298 1893 1501 1990 πολλὴν
1539 1893 1600 1971 δέ
1637 1921 1749 1981 τοῖς

1870 1932 1916 1971 te
1960 1916 2120 1986 longa
2147 1893 2410 1986 patientia
2454 1910 2529 1967 uti
2580 1925 2686 1966 non
2739 1909 3075 1972 sustinente,
3114 1906 3201 1961 ubi
3250 1905 3434 1959 multis

169 2013 540 2084 ἁμαρτάνουσι
582 2012 986 2084 καταφρόνησιν
1006 2028 1019 2042 ·
1048 2012 1127 2076 ὡς
1164 2012 1263 2065 οῦκ
1292 2011 1596 2082 ἐφορῶντος
1638 2010 1750 2081 (85)

165 2105 378 2168 οὐδενὸς
402 2105 472 2158 τὰ
502 2103 746 2175 ἡμέτερα
767 2143 782 2167 ,
810 2103 930 2157 οὐδὲ
968 2101 1134 2175 οὔσης
1177 2102 1323 2164 τινὸς
1369 2101 1752 2173 κυϐερνήσεως

167 2197 198 2267 ἢ
236 2196 561 2259 ἀντιδόσεως
596 2194 729 2267 (86),
768 2194 905 2248 ἀλλὰ
932 2196 1023 2248 τοῦ
1054 2194 1362 2265 αὐτομάτου
1409 2193 1468 2247 τὸ
1500 2194 1607 2245 πᾶν
1654 2191 1753 2261 φέ-

170 2288 353 2359 ροντός
392 2306 449 2342 τε
489 2288 583 2342 καὶ
628 2287 1079 2359 περιτρέποντος·
1108 2287 1137 2340 ὃ
1174 2286 1409 2349 διανοίας
1441 2285 1558 2338 ἐστὶ
1588 2300 1752 2353 πονη-

170 2380 265 2448 ρᾶς
302 2379 401 2433 καὶ
435 2379 556 2432 λίαν
591 2376 903 2447 ἐπισφαλῶς
944 2378 1073 2431 περὶ
1114 2377 1221 2431 τῶν
1252 2377 1522 2447 μεγίστων
1552 2375 1750 2428 διακει-

172 2468 361 2540 μένης.

1853 2009 2155 2079 perniciosa
2188 2007 2367 2062 futura
2399 2014 2518 2062 erat
2544 2011 2830 2075 prorogata
2861 2001 3187 2071 benignitas,
3218 2015 3283 2055 ac
3317 2009 3429 2052 tum

1855 2104 1922 2158 iis
1945 2104 2035 2174 qui
2063 2103 2291 2157 honeste
2313 2111 2369 2156 et
2390 2115 2454 2155 ex
2476 2098 2651 2154 olllcio
2675 2096 2862 2151 vivunt
2883 2096 3047 2148 animi
3077 2093 3431 2161 dejectionem

1856 2194 2100 2260 multam,
2142 2204 2253 2246 tum
2293 2189 2640 2261 peccantibus
2671 2193 3040 2255 contemptum
3087 2195 3141 2238 et
3186 2182 3431 2251 petulan-

1857 2286 1985 2341 tiam
2024 2300 2127 2341 non
2156 2300 2378 2354 parvam
2406 2282 2634 2337 allatura
2663 2302 2674 2333 :
2711 2288 2967 2350 tanquam
3001 2277 3250 2332 videlicet
3277 2289 3433 2329 nemo

1854 2387 2000 2434 esset
2028 2378 2117 2447 qui
2152 2392 2239 2433 res
2281 2386 2500 2431 nostras
2530 2373 2855 2443 inspiceret,
2886 2371 3216 2442 praemiaque
3240 2378 3295 2422 et
3331 2382 3436 2438 pte-

1856 2485 1956 2525 nas
1974 2470 2167 2538 cuique
2189 2482 2286 2539 pro
2308 2467 2499 2522 nterito
2532 2464 2868 2534 rependeret,
2887 2463 2979 2518 sed
3019 2473 3218 2516 tenuere
3237 2475 3301 2514 ac
3323 2458 3437 2512 τοι-η

171 2563 303 2615 ιυίιο
324 2562 559 2618 mundus
581 2562 834 2627 ferretur,
851 2570 907 2617 et
930 2563 1263 2632 volveretur;
1287 2567 1426 2635 quod
1451 2579 1626 2634 prava:
1647 2564 1844 2620 mentis
1867 2572 1972 2626 est,
1995 2561 2253 2631 valdeque
2277 2559 2578 2628 periculose
2597 2558 2665 2613 de
2691 2558 2936 2613 maximis
2958 2559 3115 2612 rebus
3134 2554 3433 2610 sentientis.

236 2652 368 2707 κε’.
389 2654 573 2708 Ταῦτα
608 2656 714 2710 τῶν
743 2654 1039 2709 Γαλιλαίων
1074 2656 1251 2727 ἡμῶν,
1299 2656 1469 2710 ταῦτα
1497 2656 1603 2709 τῶν
1633 2656 1753 2709 ἀτίς

174 2764 287 2814 μων
314 2746 386 2799 τὰ
407 2746 738 2819 διηγήματα·
765 2750 937 2803 ταῦτα
960 2750 1009 2801 οἱ
1030 2748 1119 2802 τὸν
1157 2749 1573 2820 ἐσταυρωμένον
1596 2764 1757 2820 προσ-

172 2837 460 2903 κυνοῦντες
504 2842 663 2910 ἡμεῖς
682 2881 697 2905 ,
748 2840 921 2895 ταῦτα
954 2842 1005 2893 οἱ
1032 2841 1138 2893 τῶν
1165 2839 1362 2893 ἀλιέων
1396 2840 1635 2911 μαθηταὶ
1665 2841 1757 2895 καὶ

169 2930 276 2983 τῶν
324 2931 700 2997 ἀπαιδεύτων,
734 2935 808 2995 ὡς
842 2932 994 2986 αὐτοὶ
1027 2932 1279 3000 λέγουσι·
1328 2931 1509 2985 ταῦτας
1547 2934 1598 2985 οἱ
1648 2934 1757 2994 τοῖς

171 3023 438 3092 τραῖδίοις
470 3023 951 3095 συγκαθεζόμενοι,
986 3025 1080 3077 καὶ
1114 3023 1544 3095 συμψάλλοντες·
1578 3022 1755 3078 ταῦτα

164 3115 371 3177 aitait;
404 3120 640 3187 μακραῖς
673 3116 953 3186 νηστείαις
984 3117 1372 3188 ὲκτετηγμένοι
1400 3118 1495 3169 καὶ
1519 3114 1751 3187 ἡμιθνῆ-

165 3223 258 3268 ea;
278 3205 414 3277 (87)·
432 3206 609 3261 ταῦτα
626 3210 673 3262 οἱ
693 3208 869 3281 μάτην
886 3208 1290 3281 ἀγρυπνοῦντες
1303 3211 1488 3280 ἡμεῖς,
1519 3209 1612 3262 καί
1637 3211 1757 3275 ταῖς

170 3298 469 3368 παννύχοις
516 3301 739 3354 στάσεσι
792 3301 1238 3373 παραληροῦντες
1263 3342 1278 3364 ,
1324 3301 1417 3355 καὶ
1473 3302 1619 3373 ὑμᾶς
1647 3300 1757 3373 (88)

171 3392 624 3457 καταϐάλλοντες.
654 3394 761 3447 Ποῦ
785 3396 920 3448 εἰσιν
935 3398 984 3448 oi
1005 3395 1382 3466 γραμματικοί
1398 3412 1413 3461 ;
1432 3394 1537 3449 ποῦ
1560 3397 1694 3449 εἰσιν
1715 3396 1762 3448 oi

172 3483 469 3553 σύμϐουλοι
489 3502 505 3549 ;
523 3487 616 3539 Ἐκ
642 3486 750 3539 τῶν
785 3487 913 3558 παρ’
938 3488 1069 3557 ἡμῖν
1100 3503 1244 3549 τινος
1264 3486 1503 3555 ἁσόφων,
1534 3486 1608 3550 ὡς
1635 3486 1767 3555 γοῦν

171 3572 307 3641 ὑμῖν
349 3574 518 3634 δοκεῖ,
554 3575 817 3646 λαμϐάνω
853 3576 958 3630 τὸν.
994 3574 1281 3630 ἐπινίκιον.
1316 3574 1429 3627 Ποῦ
1464 3578 1520 3628 αί
1563 3574 1764 3636 θυσίαι,

170 3662 263 3713 καὶ
301 3662 552 3725 τελεταὶ,
589 3666 683 3719 καὶ
724 3667 1032 3736 μυστήρια;
1070 3664 1173 3717 ποῦ
1217 3665 1425 3734 σφάγια
1470 3664 1682 3737 φανερά
1709 3681 1769 3716 τε

174 3754 266 3805 καὶ
314 3754 534 3824 ἁφανῆ;
570 3755 672 3808 ποῦ
705 3757 866 3827 τέχνη
900 3758 1045 3811 κατὰ
1078 3756 1187 3810 τῶν
1230 3757 1473 3828 ὲντόμων
1513 3757 1769 3809 ἐπαινου-

173 3845 319 3915 μένη
374 3845 523 3916 (89);
573 3846 677 3903 ποῦ
717 3849 973 3919 τερατεία
1006 3846 1373 3920 προγνώσεως
1414 3850 1510 3902 καὶ
1570 3849 1773 3918 σημεῖα

172 3933 658 4005 ὲγγαστριμύθωνς
684 3937 785 3989 ποῦ
805 3935 1061 3990 Βαϐυλὼν
1083 3939 1115 4008 ἡ
1138 3936 1351 4003 ἔνδοξος
1375 3937 1769 4010 θρυλλουμένη,

175 4022 268 4076 καὶ
289 4025 594 4097 οἰκουμένη
621 4028 768 4080 πᾶσα
810 4028 1204 4098 περινοουμένη
1240 4028 1349 4099 (90)
1373 4027 1440 4081 δι’
1461 4027 1643 4097 ὀλίγου
1678 4027 1771 4081 καὶ

176 4115 416 4185 ἐναγοῦς
447 4119 713 4188 mittat-0g;
744 4121 846 4173 ποῦ
886 4120 942 4173 δὲ
971 4123 1019 4173 οἱ
1054 4122 1112 4173 ὲν
1138 4123 1204 4192 τῇ
1237 4122 1381 4192 χειρὶ
1410 4120 1768 4192 κρατούμενοι

174 4207 387 4278 Πέρσαι
436 4211 530 4263 καὶ
564 4211 771 4280 Μῆδοι;
824 4211 928 4265 ποῦ
974 4212 1030 4264 δὲ
1072 4213 1120 4264 οἱ
1166 4212 1626 4284 προπεμπόμενοι
1677 4212 1768 4265 καὶ

173 4300 648 4372 παραπέμποντες
676 4303 787 4372 (9l)
811 4344 824 4369 ,
857 4303 951 4357 καὶ
981 4302 1454 4374 προπολεμοῦντες
1493 4303 1587 4356 καὶ
1627 4319 1762 4373 συμσ

244 4414 293 4445 ⁸⁸
330 4413 442 4468 lsa.
494 4430 688 4482 xum,
719 4415 814 4480 l8;
856 4413 1025 4469 lCor.
1066 4430 1101 4479 ι,
1134 4414 1225 4469 20.
1304 4414 1347 4445 ⁸⁵
1378 4412 1396 4466 l
1424 4412 1550 4467 Cor.
1592 4413 1757 4473 x.20.

248 4529 366 4589 (Ἰῖ)
413 4527 486 4583 Ἥ
532 4530 642 4582 Ῥω

170 4598 318 4679 λεία.
370 4598 583 4679 Billius,
624 4619 641 4649 ι
668 4598 1236 4674 Romanorum-regio,
1266 4623 1283 4655 ι
1330 4604 1468 4671 quod
1497 4598 1761 4657 Cou'ibeli-

176 4671 259 4721 sio
288 4684 399 4721 non
438 4669 630 4732 placet.

247 4739 381 4823 (78),
398 4741 875 4810 Hpoaropezioac.
905 4743 982 4797 lta
1004 4745 1244 4815 plerique
1265 4745 1419 4800 codd.
1435 4744 1573 4799 Edit.
1600 4760 1767 4815 προσ-

173 4825 513 4876 σγορευσας.

254 4880 374 4968 (79)
393 4880 881 4968 {(ateuﬁdyeroq.
896 4884 1195 4968 _Mont._.yp.
1227 4884 1596 4968 κατευξάμην.
1616 4882 1779 4938 Unde

174 4952 475 5005 Valesius:
531 4951 821 5026 {Cumque
857 4956 906 5007 id
942 4951 1331 5026 prmdikissem,
1379 4951 1546 5010 Deum
1578 4969 1775 5019 preca-.

176 5034 267 5077 tus
303 5037 428 5073 sum
457 5032 512 5073 ut
537 5022 703 5075 falsus
728 5034 876 5079 vates
906 5022 1101 5081 essem.
1130 5046 1147 5077 ο

411 5092 670 5167 Imittur.
700 5093 824 5167 Mss.
851 5098 1191 5150 commuttius
1210 5096 1484 5167 τοιούτων.

248 5162 375 5242 (ἓξ
404 5162 718 5242 Πρότεροῃ
744 5163 1083 5242 Pluresmss:
1118 5169 1340 5242 addunt,
1368 5162 1457 5237 ἦν.

249 5230 374 5299 (8‘2;
428 5230 744 5302 Βρασμῶν.
809 5237 980 5290 Vertit
1036 5236 1213 5291 Vales.
1265 5230 1468 5291 «terra:
1523 5245 1761 5298 motus”

176 5317 450 5378 ritusque,
489 5321 533 5378 _c
565 5304 629 5356 ad
660 5305 775 5378 lucc
810 5308 1084 5360 hominum
1123 5308 1431 5363 inhumana}
1464 5310 1671 5378 Species
1704 5326 1767 5361 ac

173 5373 462 5444 bellumue,
484 5372 610 5426 fera?
646 5376 894 5444 denique,
928 5397 946 5429 ι
980 5388 1081 5430 etc.

253 5443 379 5513 (83)
424 5442 1012 5511 Ἀπανθρωποτάτων.
1046 5447 1120 5501 Ita
1167 5463 1355 5502 omnes
1391 5447 1624 5502 codices.
1665 5448 1766 5501 Lo-

172 5530 280 5587 cus
331 5515 424 5564 hic
456 5514 679 5568 omnino
710 5528 1000 5587 corruptus
1064 5519 1115 5572 iu
1142 5520 1369 5575 Socrate
1433 5517 1556 5571 Par.
1592 5519 1765 5573 ἁπαν-

172 5581 445 5634 θοὼπων.

208 5601 489 5735 Ἶίι
514 5656 700 5721 φύσις
724 5656 1170 5735 ἐκᾳιῃοτόμησε.
1195 5659 1443 5730 Quinque
1476 5661 1637 5733 Regg.
1673 5662 1767 5716 Or.

178 5722 229 5786 ὦ,
257 5722 475 5798 φύσεις,
494 5722 989 5798 καινοτομηθεῖσαι.

251 5792 380 5867 (85)
426 5794 521 5859 Ὠς
572 5799 681 5849 οὐκ
714 5792 1067 5867 ἐφορῶντος,
1122 5810 1225 5856 etc.
1268 5801 1594 5857 Claudianus
1618 5820 1765 5858 eant-

176 5862 306 5917 dem
348 5864 463 5919 fere
492 5862 1005 5924 sentcntiatn'habet
1026 5862 1058 5926 ἰ

641 4530 852 4602 μαίων.
903 4531 1123 4602 Nempe,
1161 4533 1424 4595 πολιτεία,
1470 4531 1574 4595 vel,
1607 4532 1758 4602 βασι-
1792 4518 1835 4571 D

1932 2651 2089 2723 163
2121 2649 2285 2704 XXV.
2320 2648 2412 2703 liae
2439 2662 2664 2714 nosu‘aa,
2698 2649 2802 2703 hoc
2826 2657 2931 2711 est,
2961 2646 3325 2701 Galilaeorum.
3356 2645 3439 2695 hat

1856 2748 2290 2811 contemptorum
2342 2748 2397 2794 et
2457 2739 2787 2810 abjectorum
2837 2738 3115 2791 hominum
3170 2734 3441 2788 narratio-

1857 2852 1973 2891 nes.
2007 2834 2133 2891 Ilaec
2189 2850 2311 2899 nos,
2350 2833 2439 2903 qui
2472 2832 2809 2887 Crucilixum
2842 2830 3133 2884 adoramus
3164 2845 3177 2880 :
3209 2829 3331 2880 hate
3361 2826 3441 2894 pi-

1855 2936 2152 2993 scatorum,
2184 2936 2258 2992 et,
2296 2936 2354 2981 ut
2388 2925 2487 2993 ipsi
2517 2925 2691 2987 aiunt,
2742 2921 3121 2991 imperitorum
3165 2916 3435 2986 discipuli.

1860 3021 1992 3077 lltee'
2020 3036 2140 3086 nos,
2187 3019 2278 3089 qui
2329 3034 2451 3073 cum
2504 3019 2701 3071 vetulis
2733 3016 2988 3068 sedemus
3044 3020 3099 3065 et
3130 3010 3441 3079 psallimus.

1861 3114 1991 3172 llmc
2041 3129 2141 3168 nos
2194 3109 2370 3181 longis
2391 3108 2616 3178 jejnuiis
2648 3104 2904 3167 coniecti,
2957 3119 3019 3157 ac
3067 3102 3437 3157 semianimes.

1866 3210 1992 3264 lltec
2023 3221 2147 3272 nos,
2188 3205 2279 3274 qui
2330 3203 2532 3258 frustra
2588 3200 2893 3269 vigilamus,
2923 3207 3086 3266 atque
3134 3196 3186 3249 in
3218 3204 3443 3265 ,uoctur-

1868 3302 1953 3356 nis
1988 3296 2315 3355 stationibus
2362 3306 2648 3362 nugamur,
2679 3299 2733 3343 et
2788 3297 2969 3341 tamen
3006 3299 3101 3340 vos
3133 3283 3436 3353 prosterni-

1870 3405 2008 3447 mus.
2041 3387 2143 3443 Ubi
2180 3394 2309 3442 sunt
2340 3381 2716 3455 grammatici?
2745 3380 2832 3435 ubi
2869 3376 3160 3433 consiliarii
3180 3375 3261 3428 “‘2
3287 3374 3443 3429 Libet

1865 3484 2009 3538 estin:
2040 3481 2109 3534 ab
2130 3478 2470 3534 indoctorum
2507 3473 2830 3528 nostratium
2863 3469 3118 3539 quodam,
3146 3477 3202 3522 ut
3225 3467 3439 3536 quidem

1866 3571 2280 3634 vobisvidetur,
2314 3566 2695 3637 triumphalem
2741 3565 3002 3634 hymnum
3033 3561 3295 3615 mutuari.
3342 3557 3439 3614 Ubi

1867 3663 2155 3726 sacriﬁcia,
2187 3669 2240 3713 et
2265 3673 2440 3722 sacra,
2471 3666 2527 3712 et
2544 3656 2798 3726 mysteria
2820 3656 2862 3686 ⁶⁹
2882 3655 2904 3707 ?
2926 3652 3019 3708 ubi
3046 3654 3294 3715 victimze,
3330 3660 3440 3705 tam

1884 3763 2085 3824 aperta:
2120 3767 2283 3822 quam
2334 3747 2597 3805 occulta?
2653 3747 2743 3800 ubi
2790 3744 3110 3814 aruspicinte
3172 3758 3281 3808 ars,
3324 3756 3443 3812 qua:

1874 3847 2029 3900 laude
2083 3860 2144 3899 ac
2202 3840 2582 3910 pmdicatione
2637 3837 2888 3893 elIertur?
2920 3836 3028 3890 ubi
3089 3834 3441 3905 prmscientite

1870 3935 2103 4000 vanitas,
2160 3944 2215 3988 et
2266 3929 2730 3999 ventriloquornm
2785 3926 2977 3997 signa?
3024 3927 3112 3980 ubi
3163 3924 3308 3979 clara
3353 3923 3441 3977 illa

1870 4026 2106 4098 Babylon
2139 4038 2391 4080 sermone
2413 4020 2710 4083 celebrata,
2745 4030 2797 4071 et
2830 4019 3117 4071 universus
3172 4026 3441 4070 terrarum

1866 4116 2016 4170 orbis
2041 4130 2138 4185 per
2165 4116 2422 4185 exiguum
2454 4121 2508 4168 et
2534 4111 2930 4166 exsecrandum
2957 4109 3278 4179 sanguinem
3299 4105 3446 4177 cogi-

1868 4207 2073 4261 tatione
2108 4204 2434 4276 perceptus?
2468 4204 2557 4260 ubi
2592 4204 2771 4259 Perste
2802 4204 2875 4258 illi
2916 4212 2968 4258 et
3001 4203 3161 4269 Medi,
3195 4202 3286 4273 qui
3326 4214 3455 4257 ma-e

1877 4298 2037 4352 nibus
2080 4296 2451 4354 tenebantur?
2486 4295 2573 4351 ubi
2616 4296 2690 4349 dii
2734 4296 2833 4362 illi,
2862 4295 2951 4366 qui
2985 4296 3247 4365 praeibam
3272 4304 3327 4349 et
3352 4293 3445 4363 qui

2009 4512 2160 4573 δαέρα
2194 4511 2325 4563 milii
2349 4511 2558 4563 dubiant
2592 4511 2752 4563 traxit
2782 4512 3038 4564 sententia
3064 4518 3281 4562 merrtem

2010 4581 2266 4633 Curarem
2293 4580 2484 4648 Superi
2524 4591 2711 4643 terras,
2741 4597 2810 4633 an
2844 4579 3019 4633 nullus
3049 4580 3234 4631 inesset

2010 4649 2214 4713 Rector,
2244 4662 2288 4703 et
2315 4651 2512 4704 incerto
2538 4652 2758 4719 ﬂuerent
2784 4650 3031 4703 mortalia
3056 4664 3233 4702 cursu.

1942 4762 2051 4833 (86)
2111 4762 2506 4828 Ἀντιδόσεως.
2580 4762 2712 4833 Reg.
2778 4763 2868 4828 hu,
2936 4762 3089 4815 Pass.
3153 4760 3448 4817 ἀνταποδό-

1872 4851 2024 4896 σεως.

1943 4904 2053 4974 (87)
2094 4903 2459 4974 Ἠμιθνῆζες.
2496 4903 2646 4958 Colb.
2687 4902 2741 4969 lt,
2784 4901 3091 4974 ήμιθνῆτοι.

1942 4972 2051 5044 (88)
2097 4972 2296 5044 ἠιᾶςι
2326 4973 2483 5044 Henr.
2513 4974 2680 5044 ἡμᾶς.

1943 5042 2052 5113 (89)
2088 5042 2668 5113 Ἐπαινουμένηζὸἰο
2693 5042 2858 5113 Regg.
2884 5053 3109 5113 septem,
3133 5043 3284 5098 Colb.
3315 5052 3442 5107 tres,

1873 5114 2026 5196 Pass.
2060 5125 2177 5196 etet
2198 5114 2383 5196 Pauci,
2417 5114 2796 5196 ὲπινοουμένη.
2838 5133 2869 5196 «_
2898 5114 3002 5168 Ars
3041 5131 3158 5184 qua:
3201 5116 3265 5167 de
3293 5113 3445 5167 caesis

1872 5185 2009 5238 extis
2039 5200 2101 5239 ac
2129 5184 2437 5254 visceribus,
2467 5184 2769 5254 excogitata
2794 5194 2895 5239 est.
2944 5204 2960 5235 ι

1942 5254 2053 5326 (90)
2080 5253 2538 5323 Περινοουμένη.
2575 5252 3103 5326 «'Orhisuuiversus
3144 5252 3308 5307 animi
3356 5253 3442 5307 de-

1873 5322 2167 5379 stinatione
2207 5322 2527 5394 praeceptus.
2563 5344 2581 5376 ι
2614 5325 2704 5379 Sic
2748 5324 2885 5394 Plut.
2924 5326 2974 5378 in
3011 5322 3308 5387 Phocione,
3353 5340 3421 5393 με

1872 5395 2011 5465 γάλα
2035 5396 2163 5466 ταῖς
2207 5392 2396 5448 ἐλπίσι
2437 5394 2720 5466 περινοῶν·
2788 5412 2806 5445 ι
2862 5392 2967 5464 Spe
3019 5408 3211 5464 magna
3268 5392 3437 5447 animt

1873 5464 2203 5533 complexus.
2228 5483 2245 5515 ι

1943 5530 2024 5604 (9⁷1
2038 5540 2054 5601 )
2089 5537 2153 5588 Ol
2168 5538 2670 5605 προπεμπόμενα,
2684 5536 2781 5590 καὶ
2794 5532 3400 5604 καραπέμποντεςΕάἰ
3410 5530 3440 5588 tl

1873 5608 2075 5678 addunt
2105 5623 2118 5657 :
2154 5607 2249 5658 καὶ
2278 5605 2717 5678 προπέμποντες,
2746 5607 2891 5675 quod
2934 5605 3229 5678 dclcvimus
3270 5611 3442 5678 aucto-

1874 5677 2031 5730 ritate
2060 5691 2151 5730 sex
2200 5674 2363 5746 Regg.
2406 5674 2500 5731 or.
2543 5680 2593 5737 1,
2633 5687 2737 5729 etc.
2770 5674 3033 5743 Agnoscit
3070 5685 3244 5746 tamen
3286 5674 3444 5746 Com-

1878 5746 1984 5799 l-el‘.
2029 5758 2082 5799 et
2114 5744 2299 5807 vertit,
2353 5766 2372 5797 ι
2427 5746 2504 5799 Dii
2539 5746 2611 5799 illi
2656 5747 2875 5802 honoris
2915 5762 3074 5801 causa
3106 5744 3343 5813 deducti,
3393 5749 3463 5798 et.

1874 5817 2195 5872 deducentes
2228 5832 2287 5870 ac
2317 5817 2560 5872 comites.
2609 5836 2626 5867 ι
