3878 6398
63 5793 70 5806 σ
113 5777 232 5816 Clllll.

168 425 250 482 sg-
1109 412 1372 470 ORATIO
1411 416 1477 472 v.
1518 447 1588 456 —
1625 415 1689 472 ο(

1803 416 1912 472 'RA
1949 417 2301 475 JULlANUM
2337 420 2401 476 ll.

3277 421 3380 477 698

167 557 252 602 νων
277 536 346 612 (1)
364 532 700 608 θρασύτητος
720 535 734 588 l
753 532 1207 606 Ἐπηγγέλθημεν
1230 535 1345 588 ἀντ’
1379 535 1540 590 ἄλλου
1567 535 1689 590 τινὸ.

1816 540 1984 595 Jacob
2013 539 2094 592 7'?
2121 537 2166 595 Ο
2202 539 2548 595 incredibiles
2598 539 3038 596 narrationes!0
3079 554 3256 593 rerum
3285 556 3381 609 spe

167 632 327 708 ἱερείου
351 630 456 690 τοῖς
480 627 717 699 δαίμοσι·
733 626 824 681 καὶ
851 628 883 698 ἠ
912 627 1121 699 μεγάλη
1154 627 1250 682 τοῦ
1281 629 1416 683 Θεοῦ
1443 629 1544 702 κλη
1554 646 1700 702 ρονο-

168 729 261 801 μία,
298 721 358 776 τὸ
403 719 574 790 ἅγιον
614 719 810 786 ἔθνος,
855 717 922 772 τὸ
969 719 1295 784 ,βασίλειον
1350 721 1696 791 ίεράτευμα,

167 820 274 893 μιᾶς
302 810 450 868 ἆθλον
483 811 720 878 ἐλπίδος,
751 811 846 865 καὶ
878 810 998 875 ἑνὸς
1033 811 1270 883 πολέμου
1289 813 1366 883 (2)
1383 815 1699 887 νικητήριον

164 903 438 980 ἐγενόμεθα.

217 1081 514 1141 ΚΖ’.Ταῦτα
547 1080 896 1152 Χριπιανοίς
923 1082 1074 1154 παρὰ
1105 1080 1199 1134 σοῦ
1230 1081 1346 1136 ἀνθ’
1380 1077 1456 1136 ὧν
1488 1081 1699 1153 ἐσώθης

162 1181 212 1232 Et‘
240 1174 398 1232 αὐτῶν
434 1173 621 1236 κακῶς
654 1173 722 1226 τὰ
752 1173 1002 1245 ἐπίχειρα
1030 1174 1144 1245 (5);
1185 1173 1372 1228 Ταῦτα
1403 1173 1594 1245 Κυρίῳ
1619 1172 1697 1244 τῷ

160 1269 254 1340 θεῷ
280 1285 364 1321 σου
396 1266 821 1331 ἀνταπέδωκας;
849 1266 1124 1338 Πρότερον
1155 1267 1257 1338 μὲν
1283 1263 1376 1321 οὖν
1403 1267 1503 1337 (4),
1533 1265 1696 1339 ἡνίκα

160 1366 222 1418 ἔτι
253 1365 416 1432 ἀνεῖχε
448 1360 544 1415 καὶ
588 1360 912 1414 ἀνεϐάλλετο
945 1361 1044 1433 τὴν
1085 1362 1225 1433 ὑπὲρ
1263 1361 1420 1432 ἡμῶν
1458 1361 1627 1433 ὀργὴν
1666 1361 1696 1414 ὁ

157 1457 290 1521 Θεὸς,
339 1453 430 1506 καὶ
463 1451 618 1506 οῦπω
667 1451 846 1506 πάντα
876 1453 969 1506 τὸν
1017 1452 1215 1505 ἑαυτοῦ
1261 1453 1420 1524 ζῆλον
1466 1452 1692 1518 ἐξέκαυ-

159 1564 230 1600 σεν
255 1543 341 1616 (5),
383 1543 496 1596 ἁλλ’
532 1543 742 1616 ὑψηλὴν
775 1544 856 1598 ἔτι
885 1544 1025 1598 κατὰ
1052 1544 1163 1599 τῶν
1203 1543 1418 1598 ἀσεϐῶν
1447 1541 1560 1614 εἶχε
1593 1544 1694 1616 τὴν

154 1640 296 1711 χεῖρα,
328 1635 416 1689 καὶ
457 1635 518 1689 τὸ
560 1635 714 1702 τόξον
753 1636 985 1689 ἐνέτεινε
1022 1637 1121 1704 μὲν
1151 1636 1245 1690 καὶ
1291 1637 1556 1708 ἡτοίμασε
1591 1636 1691 1707 (6),

155 1731 338 1797 κατεῖχε
380 1726 435 1779 δὲ
485 1725 613 1798 βίᾳ,
646 1727 742 1780 καὶ
779 1726 968 1800 ὥσπερ
996 1746 1050 1781 τι
1084 1728 1299 1799 νόσημα
1334 1727 1568 1782 ὓπουλον
1598 1732 1694 1784 καὶ

152 1819 383 1890 κακόηθες
438 1820 742 1890 ἐκραγῆναι
790 1821 1051 1892 πρότερον
1100 1821 1178 1891 (7)
1222 1821 1351 1893 ὅλην
1396 1821 1560 1876 αὐτοῦ
1593 1822 1692 1894 τὴν

152 1886 378 1986 πονηρίαν
415 1886 678 1984 ἀνέμενεν
697 1954 716 1979 ,
742 1886 932 1985 ὥσπερ
959 1886 1031 1987 ’δὴ
1161 1886 1316 1967 Θεοῦ,
1334 1915 1569 1987 κρίσεως
1601 1886 1690 1969 νόο
1720 1886 1768 1947 Β

150 2025 244 2078 μος,
278 2007 338 2060 ἵν’
373 2007 412 2077 ἢ
439 2006 590 2079 σώσῃ
620 2007 980 2080 τῇμετανο⁹ᾳ
1015 2008 1047 2078 ἢ
1094 2008 1393 2079 κολάσηται
1427 2009 1695 2062 δικαιότε-

149 2117 248 2173 ρονο
276 2098 390 2152 τότε
419 2099 544 2170 μὲν,
569 2099 1091 2170 δυσανασχετοῦντες
1115 2105 1229 2165 τοῖς
1249 2102 1570 2172 γινομένοις,
1597 2102 1693 2154 καὶ

146 2195 256 2265 πρὸς
299 2193 354 2247 τὸ
401 2193 595 2265 μέλλον
643 2194 943 2264 κάμνοντες
982 2195 1089 2265 (οὐ
1132 2194 1242 2266 γὰρ
1284 2195 1550 2267 ἐφέρομεν
1593 2194 1692 2266 τὴν

145 2287 602 2357 ἀποκρυπτομένην
644 2285 809 2340 αὐτοῦ
851 2290 964 2350 τοῖς
1013 2286 1237 2350 οἰκείοις
1265 2287 1610 2362 χρηστότητα
1635 2288 1690 2357 ),

141 2379 322 2441 ἐκείνας
363 2378 600 2448 ὴφίεμεν
647 2378 726 2450 (9)
777 2379 913 2450 πρὸς
953 2379 1046 2432 τὸν
1081 2378 1216 2433 Θεὸν
1245 2379 1346 2442 τὰς
1373 2365 1595 2449 (φωνὰς,
1623 2379 1691 2432 τὰ

145 2471 222 2541 μὲν
251 2471 351 2541 (10)
381 2470 457 2534 ὠς
489 2469 758 2541 δεσπότην
790 2470 1231 2542 ἐπικαλούμενοι,
1265 2470 1334 2524 τὰ
1365 2470 1422 2523 δὲ
1449 2469 1525 2533 ὡς
1555 2469 1691 2540 πρὸς

143 2563 321 2633 πατέρα
344 2561 585 2633 χρηστὸν
616 2561 994 2634 ποτνιώμενοι,
1026 2563 1096 2616 τὰ
1120 2563 1176 2616 δὲ
1203 2557 1313 2617 οἷον
1341 2561 1692 2627 ὀνειδίζοντες

139 2658 213 2710 καὶ
245 2655 738 2726 δικαιολογούμενοι
786 2655 923 2726 πρὸς
975 2657 1172 2720 αὑτὸν,
1203 2651 1290 2711 οἷα
1333 2656 1400 2710 τὰ
1439 2656 1548 2710 τῶν
1593 2656 1690 2709 ἀλ-

139 2750 373 2815 γούντων·
411 2751 540 2803 Ἵνα
568 2749 624 2802 τί
653 2747 894 2812 ἀπώσω,
930 2751 964 2802 ὁ
1007 2749 1173 2815 Θεὸς,
1221 2752 1309 2815 εἰς
1339 2749 1515 2815 τέλος
1533 2765 1552 2812 ;
1579 2749 1688 2817 ὠρ-

138 2842 282 2909 γίσθη
313 2838 352 2896 ὅ
374 2843 568 2912 θυμός
595 2857 712 2896 σου
749 2842 848 2895 ἐπὶ
878 2844 1142 2910 πρόϐατα
1167 2834 1359 2910 νομῆς
1389 2856 1544 2905 σου;
1577 2841 1688 2896 Καὶ

132 2932 398 3001 μνήσθητι
446 2933 566 3002 τῆς
610 2932 970 3004 συναγωγῆς
1020 2949 1158 2999 σου,
1197 2928 1272 3002 ἧς
1315 2932 1550 2998 ἐκτήσω
1586 2933 1690 2986 ἀπ’

135 3026 318 3095 ἀρχῆς,
362 3027 429 3096 ἢν
462 3027 845 3097 περιεποιήσω
874 3027 987 3088 τοῖς
1017 3023 1112 3078 τοῦ
1153 3025 1475 3094 μονογενοῦς
1512 3023 1686 3092 Λόγου

138 3135 211 3170 σου
233 3118 474 3184 πάθεσιν,
506 3119 578 3188 ἣν
609 3119 708 3188 τῆς
744 3117 988 3189 μεγάλης
1021 3134 1115 3171 σου
1141 3116 1404 3188 διαθήκης
1427 3115 1685 3187 ἠξίωσας,

1804 645 2184 705 conceptarum
2227 635 2614 690 temeritatem!
2658 633 3023 701 Dzmnonibus,
3053 634 3221 689 instar
3279 650 3379 689 cu—

1795 727 2012 796 jusdam
2073 726 2212 779 alius
2263 725 2535 792 victimae,
2593 725 2848 795 promissi
2913 725 3189 781 fueramus
3242 745 3256 782 :
3314 743 3380 782 ac

1802 836 1994 891 magna
2031 819 2118 873 illa
2162 819 2256 874 Dei
2289 819 2598 884 luereditas,
2644 834 2769 889 gens
2819 818 2913 872 illa
2964 827 3169 883 sancta,
3205 819 3380 888 regale

1803 911 2158 967 sacerdotium
2183 911 2249 976 ⁷³,
2292 911 2452 965 unius
2495 910 2608 981 spei
2668 911 2973 981 prmmium,
3003 919 3165 979 atque
3217 912 3378 966 unius

1799 1003 1920 1059 belli
1953 1002 2128 1073 palma
2156 1002 2284 1057 facti
2319 1018 2559 1057 eramus.

1873 1093 2087 1148 XXVII.
2131 1092 2259 1148 ﬂare
2295 1104 2352 1149 tu
2395 1095 2604 1149 scilicet
2633 1093 2965 1151 Christianis
3025 1097 3094 1151 ob
3146 1096 3374 1152 salutem

1801 1201 1900 1257 per
1931 1201 2024 1242 eos
2077 1186 2220 1240 male
2276 1196 2556 1256 acceptam
2586 1188 2801 1256 praemia
2833 1189 3107 1244 retulistt?
3139 1188 3263 1243 Haec
3318 1197 3375 1242 tu

1807 1278 2035 1334 Domino
2088 1278 2200 1333 Deo
2235 1286 2329 1332 tuo
2357 1279 2650 1348 rependiin
2674 1279 2798 1334 ?Ac
2831 1281 2980 1350 prius
3006 1281 3218 1351 quidem
3251 1296 3374 1336 cum

1798 1371 1939 1427 Deus
1968 1387 2121 1426 suam
2166 1386 2265 1440 pro
2308 1371 2468 1427 nobis
2503 1371 2636 1425 iram
2663 1371 2840 1428 adhuc
2865 1373 3180 1437 sustineret,
3207 1383 3375 1442 atque

1797 1461 2064 1524 dill‘erret.
2096 1463 2323 1516 necdum
2351 1461 2526 1516 zelum
2557 1478 2775 1517 omnem
2826 1478 2984 1517 suum
3039 1463 3374 1520 inﬂammas-

1797 1563 1904 1620 set,
1943 1569 2132 1609 verum
2180 1553 2464 1609 sublimem
2513 1554 2692 1610 adhuc
2743 1555 3006 1611 adversus
3037 1556 3232 1626 impios
3260 1572 3378 1612 ma-

1795 1662 1923 1701 num
1961 1646 2210 1710 haberet,
2243 1655 2410 1715 atque
2438 1661 2650 1712 arcum,
2685 1647 2898 1702 tametsi
2939 1646 3050 1715 jam
3085 1647 3374 1702 adductum

1795 1747 1848 1793 et
1878 1747 2157 1809 paratum,
2178 1753 2276 1807 per
2301 1738 2411 1792 vim
2465 1738 2750 1804 retineret,
2781 1740 3159 1809 tantisperque
3187 1756 3376 1810 exspe-

1797 1838 1993 1895 ctaret,
2028 1830 2153 1885 dum
2211 1840 2321 1884 tota
2365 1830 2509 1886 illius
2540 1832 2881 1901 improbitas,
2913 1835 3063 1902 quasi
3095 1835 3373 1904 supputri-

1794 1924 1896 1977 dus
1948 1931 2003 1977 et
2062 1921 2327 1992 malignus
2384 1923 2602 1992 quidam
2654 1926 2897 1990 morbus,
2951 1927 3252 1997 erupisset;
3286 1928 3374 1982 hic
3446 1965 3448 1968 τ

1792 2013 1936 2068 enim
1971 2011 2138 2066 divini
2161 2012 2350 2082 judicii
2381 2028 2498 2068 mos
2531 2023 2635 2082 est,
2662 2025 2720 2069 ut
2753 2015 2834 2069 vel
2865 2032 2963 2086 per
2983 2019 3371 2088 paenitentiam

1792 2104 2024 2162 salutem
2076 2102 2288 2168 all'erat,
2340 2104 2424 2158 vel
2473 2102 2689 2173 justiori
2747 2106 2905 2161 titulo
2976 2112 3202 2176 puniat;
3259 2120 3370 2164 tum

1793 2210 1892 2250 nos
1915 2209 2001 2260 ea,
2025 2210 2146 2263 qua:
2173 2195 2396 2261 ﬁebant,
2420 2212 2564 2268 aegre
2609 2207 2662 2252 et
2694 2199 2892 2255 acerbe
2925 2198 3184 2265 ferentes,
3209 2210 3374 2270 atque

1793 2290 1861 2344 ad
1913 2287 2155 2343 futurum
2220 2290 2417 2344 animis
2465 2290 2781 2347 latiscentes
2832 2292 2954 2365 (nec
3000 2293 3143 2348 enim
3201 2295 3372 2365 ipsius

1794 2380 2189 2450 benignitatem
2260 2381 2374 2435 suis
2431 2382 2806 2436 absconditam
2858 2383 3216 2456 ferebanms);
3275 2388 3374 2441 has

1791 2474 1857 2526 ad
1895 2471 2061 2527 Deum
2086 2486 2270 2526 -voces
2308 2473 2708 2540 emittebamus,
2765 2475 2956 2544 partim
3000 2486 3056 2530 ut
3094 2476 3372 2532 dominum

1791 2564 2130 2629 invocantes,
2171 2567 2369 2632 partim
2419 2570 2670 2655 ut‘apud
2711 2569 3002 2636 benignum
3050 2577 3104 2623 et
3149 2569 3366 2624 facilem

1792 2673 2002 2731 patrem
2050 2671 2468 2730 conquerentes,
2510 2663 2707 2731 partim
2753 2664 2910 2736 165
2963 2665 3108 2720 velut
3162 2681 3364 2736 expro-

1791 2753 2038 2820 brantes,
2065 2763 2264 2808 etcum
2308 2770 2374 2808 eo
2410 2755 2840 2824 expostulantes,
2877 2767 2934 2811 ut
2963 2759 3140 2812 solent
3177 2759 3268 2828 qui
3314 2759 3365 2812 in

1791 2846 1975 2900 dolore
2009 2855 2294 2900 versantur
2327 2864 2339 2899 :
2373 2844 2438 2900 Ut
2466 2847 2613 2914 quid,
2635 2846 2798 2912 Deus,
2826 2849 3062 2916 repulisti
3089 2851 3143 2903 in
3173 2851 3328 2917 ﬁnem
3347 2851 3374 2904 2’

1791 2937 1957 2990 iratus
1984 2948 2056 2990 est
2090 2938 2244 3006 [uror
2274 2947 2394 2990 tuus
2427 2954 2584 3006 super
2619 2955 2732 2992 oves
2761 2955 2975 3008 pascua:
3001 2949 3106 2994 ture
3127 2941 3151 2994 ?
3170 2938 3373 2994 Memor

1789 3040 1898 3083 esto
1920 3029 2332 3098 congregationis
2369 3038 2493 3094 tute,
2522 3047 2680 3100 quam
2713 3029 2998 3100 possedisti
3034 3032 3098 3084 ab
3129 3033 3281 3086 initio
3299 3032 3370 3099 ⁷³,

1791 3135 1955 3189 quam
1996 3119 2257 3189 uuigeniti
2313 3117 2476 3174 Verbi
2531 3120 2606 3173 tui
2642 3120 2996 3189 passionibus
3028 3121 3122 3174 tibi
3153 3106 3374 3188 compau

133 3212 184 3281 ἦν
207 3213 289 3264 καὶ
321 3211 584 3274 εἴλκυσας
612 3212 692 3273 είς
727 3211 992 3281 οὐρανοὺς
1029 3209 1142 3280 (11)
1170 3207 1248 3280 τῷ
1275 3207 1444 3279 καινῷ
1479 3225 1686 3279 μυστη-

1803 3213 1948 3279 rasti,
1978 3228 2139 3282 quam
2190 3227 2382 3282 magno
2420 3222 2509 3267 tuo
2545 3212 2748 3268 foedere
2793 3214 3047 3284 dignatus
3098 3230 3178 3281 es,
3207 3230 3371 3284 quam

134 3303 231 3374 ρίῳ,
263 3305 352 3357 καὶ¹
405 3303 487 3374 τῷ
528 3302 811 3374 appaream
866 3301 961 3356 τοῦ
997 3301 1346 3372 Πνεύματοςο
1389 3301 1504 3367 καὶ,
1543 3303 1686 3353 Ἔπ-

129 3413 250 3464 apor-
281 3399 382 3462 τὰς
405 3396 618 3466 χεῖράς
643 3413 759 3451 σου
787 3396 884 3448 ἐπὶ
918 3393 1023 3460 τὰς
1051 3395 1463 3463 ὑπερηφανίας
1490 3391 1688 3447 αὐτῶν

131 3492 200 3554 εις
234 3489 422 3557 τέλος,
469 3491 991 3560 ὑπομιμνήσκοντες
1038 3487 1159 3559 (12)
1205 3486 1322 3540 ὅσα
1364 3487 1688 3555 ἑπονηρεύ-

129 3597 287 3634 σαντο
311 3582 468 3634 κατὰ
504 3579 628 3632 τῶν
660 3580 844 3650 ἁγίων
884 3594 1000 3632 σου
1030 3581 1083 3632 οί
1118 3578 1338 3648 ἐχθροί,
1383 3578 1480 3632 καὶ
1537 3577 1688 3631 κατὰ

131 3671 224 3725 τῶν
246 3671 466 3741 ἑορτῶν
501 3687 625 3725 σου
668 3669 1127 3739 ἐκαυχήσαντο’
1166 3668 1265 3740 τὴν
1311 3668 1584 3739 ῥομφαίαν
1627 3687 1688 3722 τε

128 3763 554 3836 πῳεκαλούμεθα
591 3763 723 3834 (l3),
747 3763 838 3814 καὶ
865 3761 964 3825 τὰς
987 3760 1368 3830 Αἰγυπτιακὰς
1397 3760 1686 3830 μάστιγας,

129 3861 200 3912 καὶ
227 3861 442 3915 δικάσαι
479 3861 586 3930 τὴν
621 3858 814 3912 ἑαυτοῦ
856 3857 1012 3927 δίκην
1058 3853 1338 3924 ἠξιοῦμεν,
1372 3852 1467 3907 καὶ
1501 3853 1687 3905 διανα-

129 3954 286 4024 στῆναί
319 3957 436 4026 (Li)
482 3970 621 4007 ποτε
664 3949 1085 4020 διεκελευόμεθα
1118 3946 1261 4001 κατὰ
1286 3947 1396 4000 τῶν
1439 3946 1687 4000 ἀσεϐῶν·

127 4042 254 4109 Ἕως
279 4045 426 4098 πότε
460 4042 827 4113 ἁμαρτωλοί,
867 4041 1062 4108 Κύριε,
1098 4039 1371 4108 λέγοντες,
1399 4037 1510 4104 ἕως
1547 4038 1692 4090 πότε

124 4135 432 4204 ἁμαρτωλοὶ
481 4135 938 4204 καυχήσονται,
982 4133 1088 4186 τόν
1132 4149 1194 4184 τε
1240 4131 1396 4185 ,λαόν
1440 4145 1557 4184 σου
1591 4145 1691 4182 τα-

125 4229 490 4295 πεινώσουσι,
549 4228 648 4280 καὶ
706 4225 820 4294 τὴν
873 4225 1282 4293 κληρονομίαν
1331 4238 1447 4276 σου
1505 4222 1692 4276 κακώ-

121 4336 295 4386 σοιισι,
347 4318 730 4390 φθέγξονταί
769 4335 830 4372 τε
883 4318 1097 4386 ὁμοίως
1133 4317 1390 4386 ἀνομίαν
1427 4314 1524 4369 καί
1555 4313 1692 4382 δρά-

121 4427 314 4478 σουσι;
344 4416 444 4468 καὶ
475 4413 592 4485 μὴν
620 4413 877 4475 κάκείνας
911 4411 990 4464 ἔτι
1018 4410 1116 4474 τὰς
1145 4409 1342 4481 γοερὰς
1370 4409 1464 4462 καὶ
1488 4408 1690 4469 τούτων

120 4506 426 4578 οἰκειοτέρας
479 4505 602 4577 (15)
647 4505 866 4573 φωνάς·
913 4505 1096 4558 Ἔθου
1135 4499 1293 4571 ἡμᾶς
1339 4503 1425 4567 είς
1457 4501 1694 4574 ἀντιλο-

1795 3321 1893 3378 per
1931 3320 2129 3361 novum
2163 3307 2480 3377 mysterium
2501 3315 2556 3359 et
2595 3306 2830 3375 Spiritus
2854 3307 3068 3360 arrham
3095 3307 3146 3360 iu
3173 3309 3370 3362 caalum

1796 3395 2045 3461 traxisti;
2076 3403 2130 3449 et
2155 3412 2166 3447 :
2194 3393 2328 3449 Leva
2356 3411 2546 3449 ntanus
2573 3404 2690 3447 tuos
2726 3397 2779 3450 in
2806 3396 3076 3464 superbius
3104 3414 3281 3452 eorum
3315 3398 3370 3450 in

1792 3489 1972 3557 ﬁnem,
2005 3488 2057 3541 in
2089 3487 2405 3541 memoriam
2456 3495 2794 3554 revocantes,
2826 3498 3023 3558 quanta
3052 3500 3218 3543 essent
3259 3507 3373 3542 ma-

1793 3581 1983 3649 lignati
2019 3581 2271 3634 adversus
2322 3591 2532 3634 sanctos
2564 3591 2698 3648 (tuos
2748 3582 2968 3646 inimici,
3016 3592 3063 3636 et
3120 3584 3368 3636 adversus

1792 3671 2147 3726 solemnitates
2199 3683 2316 3724 tuas
2371 3669 2586 3740 gloriati
2612 3672 2694 3736 7";
2765 3671 3002 3742 gladium
3067 3673 3253 3740 etiam,
3315 3683 3370 3726 et

1793 3764 2142 3834 Egyptiacas
2174 3764 2360 3831 plagas
2397 3761 2852 3831 provocabamus,
2881 3774 3070 3832 atque,
3121 3775 3178 3818 ut
3239 3780 3365 3818 cau-

1794 3870 1910 3910 sam
1962 3869 2114 3908 suam
2189 3852 2324 3920 ipse:
2356 3851 2653 3918 iudicaret,
2710 3852 3034 3920 tandemque
3082 3851 3372 3921 aliquando

1795 3947 2058 4002 adversus
2092 3943 2284 4014 impios
2313 3952 2656 4011 exsurgeret,
2689 3944 3033 4011 rogabamus,
3073 3939 3372 4013 Usquequo,

1796 4036 2036 4098 Domine,
2062 4033 2330 4097 dicentes,
2363 4047 2626 4101 usquequo
2656 4042 2954 4100 peccatores
2981 4032 3371 4102 gloriabuntur,

1794 4126 2148 4198 populumque
2175 4134 2322 4176 tuum
2354 4122 2734 4187 humiliabunt,
2764 4133 2811 4177 et
2839 4124 3198 4180 ltwreditatem
3225 4135 3370 4179 tuam

1793 4220 2072 4286 vexabant,
2107 4217 2539 4287 iniquitatemque
2580 4224 2628 4268 et
2683 4215 2964 4283 loquentur
3013 4227 3060 4270 et
3095 4229 3371 4286 perpetra-

1795 4311 2017 4369 bunt"?
2048 4311 2187 4378 Quin
2215 4311 2312 4364 has
2341 4323 2556 4377 quoque
2601 4307 2876 4363 luctuosas
2915 4317 2972 4364 et
3000 4310 3375 4378 superioribus

1795 4407 2034 4478 aptiores
2062 4417 2225 4459 voces
2251 4401 2677 4472 adjungebamus
2713 4416 2730 4453 :
2767 4399 3002 4454 Posuisti
3031 4417 3124 4454 nos
3154 4403 3208 4453 in
3239 4416 3366 4452 con-

1796 4498 2168 4554 tradictionem
2194 4505 2240 4550 et
2289 4491 2543 4564 probrum
2573 4491 2762 4545 vicinis
2799 4494 3015 4554 nostris,
3051 4492 3105 4544 in
3127 4491 3374 4544 similitu-

174 4665 394 4722 7'Amos
457 4680 590 4726 vm,
631 4665 683 4718 7.
761 4664 806 4695 ⁷³
835 4664 850 4718 l
877 4662 1020 4718 Petr.
1062 4679 1120 4727 ll,
1145 4663 1200 4718 9.
1275 4664 1320 4694 ⁷⁵
1349 4661 1492 4716 Psal.
1527 4676 1689 4717 Lxxut

1803 4702 1807 4714 .
1837 4659 1892 4713 2.
1979 4656 2180 4711 "ibid.
2205 4655 2260 4722 5,
2288 4654 2343 4707 4.
2415 4653 2463 4684 ⁷⁸⁵
2488 4651 2629 4706 Psal.
2660 4665 2808 4714 xcut,
2839 4647 2949 4702 3-5.

179 4849 247 4917 (1)
295 4846 762 4918 Ἐλπιζομένων.
800 4845 854 4900 ln
909 4845 1141 4900 Montac.
1191 4855 1244 4900 et
1281 4844 1536 4918 (Combel'.
1588 4861 1678 4913 γρ.

1803 4841 1917 4918 τῶι,
1928 4839 2205 4918 Αεςρίεμεν..

116 4916 555 4990 ἐπηγγελμένωνξ
625 4937 642 4968 σ
704 4917 750 4973 Ο
800 4925 1046 4971 votorqu
1107 4916 1498 4971 temeritatem!
1558 4925 1682 4968 voto

117 4991 237 5040 enim
264 4993 444 5044 devoti
477 5004 726 5050 ermuus,
759 5008 775 5038 ι
799 4998 907 5042 etc.

174 5059 240 5129 (2)
279 5062 390 5116 Kal
434 5060 590 5126 ἐνὸς
633 5057 921 5128 πολέμου.
969 5077 986 5108 ι
1028 5057 1197 5112 Unius
1240 5055 1364 5111 belli
1401 5071 1463 5110 ac
1512 5053 1681 5124 praelii

116 5128 380 5196 piacularis
415 5134 607 5184 hostia
646 5139 806 5196 atque
831 5129 1046 5183 victima
1079 5128 1203 5181 facti
1232 5141 1470 5181 eramus.
1520 5143 1540 5176 ι

173 5201 241 5270 (3)
285 5204 360 5254 Τὰ
393 5202 686 5270 ἐπίχειρα
701 5216 720 5264 ;
751 5198 841 5254 Sic
879 5201 930 5252 in
975 5214 1103 5252 mss.
1149 5199 1405 5253 scribitur
1444 5209 1564 5250 cum
1606 5197 1690 5248 in-

117 5276 482 5340 terroganonis
523 5281 678 5325 nota.

172 5337 412 5409 (ιγοῦν.
452 5343 628 5396 Deest
657 5341 709 5394 in
743 5340 1014 5410 plerisque
1040 5337 1334 5410 codicibus.

115 5405 242 5544 Ἐξ)
283 5412 698 5475 Ἐξὲκαυσεν.
734 5405 825 5465 Sic
872 5405 1032 5466 Pass.
1067 5409 1265 5476 aliique
1316 5406 1518 5475 plures.
1564 5405 1689 5458 Par.

115 5497 157 5530 Γ
186 5501 354 5537 καιεν.

112 5497 354 5537 εςεκαιεν.

170 5552 266 5624 (6)_
282 5553 642 5624 Ἡτοίμασε.
671 5550 745 5624 lta
776 5551 943 5624 Bregg.
978 5560 1228 5620 quatuor,
1263 5544 1412 5602 Colb.
1443 5547 1498 5600 5.
1534 5546 1686 5600 Pass.

111 5629 217 5698 etcL
230 5622 329 5678 Ed.
364 5621 498 5679 Par.
541 5621 929 5698 nuptae-:51
999 5691 1011 5698 _
1361 5688 1372 5698 .
1441 5697 1447 5698 ,
1619 5686 1649 5698 ..

170 5695 239 5766 (7)
271 5689 623 5766 Πρότερον.
657 5689 758 5748 ’δίε
800 5691 1139 5750 restituimus
1167 5689 1488 5744 auctoritate
1533 5689 1684 5743 codi-

266 5765 392 5818 Par.
422 5765 676 5835 πρῶτον.

170 5834 237 5903 (8)
272 5829 517 5904 Ὦσπερ
551 5833 652 5900 δή.
689 5834 823 5900 Reg.
851 5833 906 5887 b.
934 5833 1099 5904 Mont.
1133 5829 1457 5904 "067.59%.

174 5897 242 5974 (9)
286 5897 728 5977 Ἠφίείιενζδὶο
769 5897 1000 5960 codices.
1056 5901 1210 5958 Pass.
1259 5897 1516 5970 ἠῲίημεν.
1561 5897 1680 5954 l‘ar.

1865 4891 1978 4984 (to)
1998 4891 2096 4984 ’Τᾷ
2116 4907 2252 4984 μέν.
2289 4907 2378 4984 Sic
2409 4891 2840 4964 cmendavimus,
2874 4908 2927 4953 ct
2956 4899 3207 4967 deinceps
3233 4938 3246 4962 ,
3279 4896 3371 4949 ubi

1789 4977 1884 5038 ed;
1905 4977 2027 5035 Par.
2072 4977 2251 5042 habet,
2281 4977 2399 5041 τάς.

1865 5053 1984 5124 (Η),
2015 5052 2120 5124 ᾙν
2159 5037 2325 5124 καλε.
2353 5037 2443 5124 etc;
2471 5044 2786 5112 οὐρανούς.
2817 5041 2968 5095 Pass.
3004 5038 3070 5108 ἢν
3097 5037 3258 5092 καὶ...
3291 5038 3376 5099 εἰς

1721 5163 1729 5172 .
1790 5117 2190 5194 οὐρανόνδότ.
2228 5117 2561 5194 καὶὶῆνψιικ

1862 5176 1974 5265 (12)
2015 5176 2627 5265 ’Υίτομιμνήόνίοντεᾳ
2659 5186 2732 5239 Ita
2759 5185 2924 5265 Regg.
2955 5176 3374 5265 septnetln,'Colb..

1792 5247 2051 5334 quatuor,
2075 5247 2254 5334 Pass],
2290 5247 2420 5323 etc,
2457 5247 2708 5334 qtae-vox
2763 5247 2995 5334 reicitur
3023 5247 3089 5301 ad
3115 5247 3370 5334 ὴφίεμεν,

1802 5326 1822 5384 ἑ
1855 5348 2013 5388 voces
2040 5326 2575 5400 emittebanms..._iu
2611 5326 2926 5400 memoriam
2962 5330 3304 5374 revocantes.
3327 5338 3364 5400 os

1799 5403 1965 5458 Mont.
1995 5401 2446 5473 ὑπομιμνήσκων.
2480 5397 2579 5451 Erl.
2622 5399 2744 5453 Par.
2777 5394 3092 5464 ὑπέμεινες,
3142 5407 3159 5439 ι
3203 5394 3371 5445 δυειὶο

1800 5474 1985 5528 nuisti.
2024 5491 2043 5525 ι

1870 5545 1981 5613 (15)
2015 5541 2526 5613 Προεκαλούμεθα.
2565 5533 3262 5613 Ριιδξ,-.προσεκαλούμεθα

1867 5607 1980 5684 (14)
2020 5607 2445 5682 Δὶαναστῆνάι,
2510 5620 2614 5665 etc.
2669 5607 2895 5662 Billtus:
2953 5622 2970 5654 α
3019 5607 3373 5665 exultaretur,

1798 5686 2167 5740 hortabamur.
2212 5701 2231 5734 ι

1867 5753 1977 5826 (15)
2027 5753 2416 5822 Οῑκειοτέρας.
2489 5749 2679 5826 (Iuntl).
2757 5747 2910 5826 legit,
2995 5746 3366 5826 οἰκτροτέρας.

1799 5845 1817 5876 ‹
1857 5820 2157 5880 Luctuosas
2195 5820 2371 5888 voces,
2405 5821 2774 5891 maioremque
2820 5820 3224 5874 miserationem
3253 5831 3370 5870 ntu-

1794 5905 1999 5952 ventes.
2049 5914 2068 5946 ι
