3878 6398
492 335 596 394 699
1694 341 1752 397 s.
1795 335 2124 397 GREGORII
2166 337 2519 398 THEOLOGI
3592 330 3679 414 ’τοο

495 459 671 514 dinem
696 456 950 527 gentibus,
998 456 1051 509 in
1108 458 1271 511 risum
1306 458 1543 512 omnibus
1574 460 1928 514 hominibus"
1956 475 1968 510 :
1997 459 2073 512 vi-

2198 459 2315 513 ’ίαν
2348 460 2443 514 καὶ
2482 460 2654 531 ὕϐριν
2680 459 2804 525 τοῖς
2846 461 3108 530 γείτοσιν
3157 460 3319 531 ἡμῶν
3341 504 3355 528 ,
3389 471 3681 540 παραϐολήν

498 565 655 605 neam
730 548 891 603 etiam
968 548 1260 615 quamdam
1351 552 1950 614 commemorabamus,
2002 567 2066 605 ex

2198 566 2237 602 ἐ
2273 550 2396 615 τοῖς
2442 553 2679 615 ἔθνεσι,
2715 553 2811 605 καὶ
2864 556 3089 622 γέλωτα
3140 551 3325 607 πᾶσιν
3376 556 3679 630 ἀνθρώποις·

497 638 751 708 Εςγριο,
783 639 883 691 hoc
911 647 1016 701 est,
1048 653 1114 691 ex
1180 638 1467 693 tenebrosa
1515 640 1812 709 impietate,
1847 639 2074 695 transla-

502 739 612 783 tam
640 730 707 795 ⁷⁸,
736 739 901 797 atque
958 728 1011 782 in
1064 728 1184 782 ﬁdei
1226 729 1690 805 pulchritudinem
1754 730 2073 799 magnitudi-

501 835 732 890 nemque
782 829 1022 883 auctam,
1052 835 1116 876 ac
1173 820 1367 875 deinde
1421 823 1677 884 maceria.
1733 823 1784 876 id
1844 833 1949 886 est,
1980 822 2071 876 Dei

504 913 856 982 inspectione,
882 928 985 982 qua
1013 912 1160 982 prius
1190 912 1581 975 municbamur,
1606 913 1875 981 privatam
1899 923 1953 967 et
1983 930 2075 966 nu-

508 1007 704 1069 datam,
729 1004 1025 1059 viatoribus
1045 1003 1317 1066 omnibus,
1339 1004 1442 1058 hoc
1459 1014 1560 1068 est,
1585 1005 1860 1059 sceleratis
1876 1004 2077 1072 princi-

510 1099 666 1169 pibus
701 1099 757 1152 in
793 1098 1029 1167 prmdam
1049 1097 1343 1165 obiectam,
1371 1104 1534 1166 atque
1555 1098 1889 1150 devastatam
1915 1111 1944 1148 a
1964 1094 2077 1150 fero

505 1196 561 1243 et
592 1186 791 1256 agresti
818 1202 969 1257 apro,
1000 1188 1103 1256 qui“
1141 1187 1414 1255 propriam
1464 1188 1565 1242 sibi
1614 1187 1741 1240 fecit
1794 1186 2075 1251 malitiam,

508 1278 775 1347 hujusque
810 1293 969 1333 emno
1003 1277 1356 1347 singulariter
1394 1288 1478 1332 est
1511 1278 1831 1333 refertus".

581 1369 824 1424 XXVIII.
867 1368 993 1423 IIaic
1027 1368 1243 1439 quidem
1270 1367 1385 1437 ipsc
1415 1368 1563 1437 prius
1597 1378 1651 1422 et
1697 1368 1999 1440 cogitabam
2028 1377 2082 1422 ct

508 1462 576 1516 ad
610 1461 780 1516 Deum
829 1460 1152 1515 clamabam.
1210 1458 1364 1513 Nunc
1414 1468 1594 1513 autem
1640 1474 1801 1529 quam
1838 1459 2081 1514 diversas

510 1569 673 1610 voces
707 1551 958 1608 assumo!
1000 1550 1290 1620 impiorum
1331 1550 1559 1605 exitium
1606 1550 1860 1620 deinceps
1903 1549 2080 1617 lugeo,

512 1646 710 1716 iisque,
743 1644 834 1715 qui
872 1657 971 1698 nos
998 1641 1122 1697 odio
1155 1641 1375 1706 habent,
1407 1641 1698 1712 benignum
1730 1656 1817 1696 me
1841 1639 2079 1710 praebeo,

2174 641 2418 713 ἄμπελον
2459 643 2519 696 τέ
2558 661 2679 697 τινα
2726 644 3013 715 ἐλέγομεν,
3061 644 3150 697 καὶ
3202 644 3258 711 ἐξ
3300 646 3550 714 Αἰγύπτου
3585 670 3684 723 μετ-

2176 735 2547 806 ενηνεγμένην
2596 738 2694 807 τῆς
2728 736 3008 806 σκοτεινῆς
3049 736 3258 801 άθεῖας,
3289 738 3376 790 καὶ
3417 742 3489 803 εἰς
3533 744 3685 810 κάλλος

2179 828 2413 892 πίστεως
2446 826 2773 899 αὐξηθεῖσαν
2805 826 2899 882 καὶ
2941 828 3190 899 μέγεθος,
3222 825 3338 884 εἶτα
3366 832 3450 884 τὸν
3484 837 3686 907 φραγμὸν

2179 918 2610 989 περιῃρημένην,
2646 918 2743 989 τὴν
2795 918 3135 989 φρουροῦσαν
3163 919 3306 987 ἡμᾶς
3348 920 3475 985 τέως
3509 926 3687 979 Emam.

2180 1009 2287 1079 πὴν
2320 1008 2411 1061 τοῦ
2446 1008 2577 1061 Θεοῦ
2600 1050 2613 1072 ,
2640 1010 2733 1062 καὶ
2759 1010 2893 1061 πᾶσι
2916 1011 3032 1071 τοῖς
3070 1008 3389 1062 διοδεύουσιν
3422 1013 3687 1085 ἐκκειμένην

2181 1103 2439 1170 πονηροῖς
2475 1100 2782 1164 δυνάσταις,
2820 1100 2914 1153 καὶ
2959 1100 3368 1171 λελυμασμένην
3412 1103 3513 1172 (I6)
3554 1106 3690 1178 ἀγρίῳ

2183 1190 2270 1243 συῒ
2295 1189 2370 1261 τῷ
2397 1190 2494 1261 τὴν
2518 1191 2715 1244 κακίαν
2745 1188 2997 1256 ἰδιάζοντι
3026 1192 3263 1262 πονηρῷ,
3293 1193 3381 1244 καὶ
3399 1194 3572 1259 κακίας
3595 1197 3689 1270 βορ-

2182 1282 2341 1355 ϐόρου
2375 1283 2619 1353 γέμοντι.

2251 1374 2385 1427 KH’.
2419 1373 2603 1427 Ταῦτα
2632 1374 2730 1445 μὲν
2762 1371 2855 1429 οὖν
2898 1377 3163 1447 πρότερον
3191 1378 3286 1430 καὶ
3314 1378 3599 1451 διενοούμην
3622 1385 3692 1436 καὶ

2184 1464 2425 1519 ἀνεϐόων
2455 1465 2592 1535 πρὸς
2632 1466 2725 1518 τὸν
2752 1466 2907 1520 Θεόν·
2942 1468 3060 1519 νυνὶ
3090 1466 3146 1519 δὲ
3185 1467 3302 1530 οῖας
3345 1467 3453 1521 ἀνθ’
3480 1469 3589 1523 οἴων
3621 1489 3692 1541 με·

2183 1556 2514 1627 ταλαμὸάνω
2544 1556 2760 1627 φωνάςῐ
2810 1557 2993 1629 θρηνῶ
3033 1556 3219 1611 λοιπὸν
3253 1558 3360 1610 τῶν
3404 1560 3591 1613 ἀσεϐῶν
3622 1562 3695 1633 τὴν

2182 1646 2492 1712 ἀπώλειαν,
2544 1648 2638 1702 καὶ
2673 1649 2897 1719 γίνομαι
2942 1646 3322 1720 φιλάνθρωπος
3366 1651 3472 1712 τοῖς
3507 1650 3693 1719 μισοῦσι.

511 1747 672 1807 atque
708 1733 1018 1805 huiusmodi
1062 1730 1243 1786 verbis
1287 1740 1413 1785 utor
1445 1745 1462 1784 :
1491 1729 1763 1795 Quomodo
1795 1729 1927 1798 {acti
1959 1740 2081 1783 sunt

2198 1739 2280 1793 ιιαὶ
2308 1739 2533 1793 τοιαῦτα
2564 1739 2873 1809 φθέγγομαι
2894 1755 2910 1771 ο
2942 1738 3076 1806 Πῶς
3107 1738 3384 1809 ἐγένοντο
3412 1743 3490 1806 εις
3523 1740 3696 1811 ἐρήμω·

513 1831 569 1883 in
607 1828 1028 1883 desolationem?
1057 1825 1231 1879 subito
1282 1823 1603 1892 defecerunt,
1641 1824 1911 1891 perierunt
1959 1838 2080 1892 pro-

2198 1845 2322 1893 J'tr;
2351 1829 2606 1894 ἐξάπινα
2632 1828 2948 1896 ἐξέλιπον,
2982 1826 3297 1882 ἀπώλοντο
3344 1827 3434 1881 διὰ
3464 1826 3564 1895 τὴν
3595 1809 3698 1883 ἀνο-

511 1931 625 1988 pter
652 1917 978 1988 iniquitatem
1005 1914 1240 1979 suam",
1272 1922 1519 1982 tanquam
1554 1912 1725 1981 pulvis
1754 1928 1905 1982 quem
1932 1913 2081 1965 turbo

514 2009 769 2063 abstraxit
787 2009 851 2071 ⁸⁸,
874 2018 1121 2077 tanquam
1148 2005 1342 2074 lanugo
1364 2020 1482 2075 qua:
1498 2022 1528 2056 ιι
1560 2013 1705 2057 vento
1730 2003 1993 2072 disjicitur
2012 2003 2079 2067 δ’,

512 2110 760 2170 tanquam
808 2115 892 2153 ros
926 2097 1214 2152 matutinus
1236 2097 1302 2162 ⁸³,
1341 2104 1596 2166 tanquam
1638 2095 1849 2149 emissa:
1876 2094 2085 2164 sagitta:

514 2192 739 2257 stridor,
777 2201 1033 2259 tanquam
1068 2186 1291 2243 touitrui
1323 2187 1579 2255 impetus,
1614 2195 1872 2255 tanquam
1910 2184 2086 2255 fulgur

513 2285 775 2339 emicans.
814 2281 968 2349 Quod
997 2280 1043 2337 si
1074 2295 1216 2334 nunc
1243 2279 1433 2335 saltem
1489 2279 1810 2333 sententiam
1855 2285 2084 2340 mutent,

516 2387 570 2433 et
597 2378 663 2431 ad
704 2375 979 2430 meliorem
1020 2381 1253 2428 mentem
1295 2370 1669 2435 traducantur,
1699 2377 1860 2440 atque
1886 2368 2087 2438 ingenti

517 2470 691 2525 errori
732 2484 796 2522 ac
829 2464 1156 2521 temulentim
1188 2464 1348 2535 166
1378 2464 1537 2517 tinem
1565 2460 1922 2531 imponentcs,
1950 2460 2090 2513 veri-

520 2573 684 2618 tatem
716 2564 1114 2619 consectentur,
1153 2555 1383 2609 fortasse
1429 2568 1494 2609 ex
1545 2553 1660 2619 ipsa
1695 2566 1908 2622 quoque
1937 2550 2084 2606 cala-

526 2656 711 2709 mitate
747 2650 993 2707 nonnihil
1028 2649 1233 2704 fructus
1292 2648 1359 2702 ad
1420 2662 1515 2702 eos
1556 2646 1776 2700 redierit
1808 2661 1822 2698 :
1850 2645 2092 2715 quando-

525 2747 741 2816 quidem
780 2746 894 2814 ipsa
926 2742 1235 2812 castigatio,
1269 2739 1336 2795 iis
1369 2739 1460 2808 qui
1487 2737 1627 2793 malo
1650 2737 1831 2808 aliquo
1854 2737 2094 2792 alliciun-

527 2849 633 2902 tur,
660 2837 943 2892 commodo
989 2849 1132 2903 suape
1174 2845 1334 2902 atque
1386 2830 1606 2885 utilitati
1642 2838 1748 2895 est,
1791 2829 1874 2883 sin
1913 2837 2091 2883 autem

524 2932 579 2986 in
644 2930 828 2986 cadent
881 2927 1147 2983 sententia
1204 2925 1506 2980 manserint
1540 2964 1557 2990 ,
1614 2933 1779 2992 atque
1824 2922 2093 2977 idolorum

528 3001 751 3078 cultum.
773 3020 945 3075 adhuc
977 3014 1373 3087 amplexentur,
1402 3032 1467 3071 ne
1497 3016 1609 3086 ipsa
1635 3016 1850 3084 quidem
1875 3013 2097 3068 calami-

530 3124 660 3179 tate,
688 3130 808 3185 qua:
837 3113 923 3167 vel
964 3098 1185 3168 stolidos
1214 3109 1433 3165 erudire
1462 3107 1619 3172 solet,
1652 3107 1905 3162 meliores
1944 3106 2093 3160 (ient.

529 3204 953 3276 Hierosolymam
987 3202 1201 3272 quidem
1228 3198 1494 3254 Jeremias
1543 3211 1712 3266 usque
1746 3197 1880 3252 adeo
1929 3193 2095 3266 lug‘et,

530 3305 588 3349 ut
619 3295 780 3349 rebus
806 3307 1020 3363 quoque
1049 3288 1303 3345 inanimis
1334 3287 1534 3342 luctum
1555 3285 1804 3354 imperet,
1828 3299 1893 3339 ac
1913 3298 2098 3339 muros

2182 1923 2329 1992 μίαν
2370 1920 2584 1983 αὐτῶν,
2627 1922 2707 1987 ὡς
2744 1918 3049 1988 κονιορτὸς
3078 1918 3149 1971 ὃν
3188 1920 3456 1986 ὑφείλετο
3486 1918 3581 1989 (17)
3603 1921 3699 1972 .tal-

2188 2018 2339 2083 λαψ,
2367 2015 2447 2080 ὡς
2476 2013 2665 2081 χνοῦς
2698 2012 2801 2067 ὑπ’
2835 2010 3059 2078 ἀνέμου
3096 2009 3606 2078 διαῤῥιπτούμενος,
3642 2011 3699 2076 ὠς

2190 2105 2402 2172 ἑωθινὴ
2445 2103 2686 2172 δρόσος,
2718 2103 2794 2164 ὼς
2842 2098 3019 2172 ῥοῖζος
3057 2098 3400 2168 πεμφθέντος
3448 2096 3621 2166 βέλους,
3645 2097 3699 2159 ὡς

2193 2196 2467 2268 προσϐολὴ
2494 2195 2754 2267 βροντῆς,
2792 2192 2867 2257 ὡς
2909 2192 3164 2263 ἀστραπὴ
3215 2192 3511 2262 διᾴττουσα.
3550 2189 3601 2241 Et
3629 2188 3700 2257 μὲν

2191 2287 2285 2345 οὖν
2315 2288 2410 2343 νῦν
2437 2286 2549 2358 (18)
2580 2285 3012 2358 μεταπεισθεῖεν,
3043 2284 3169 2349 καὶ,
3198 2284 3299 2353 τῆς
3328 2280 3510 2352 πολλῆς
3537 2281 3700 2334 παυσά-

2198 2400 2349 2455 μενοι
2376 2380 2487 2452 (19)
2517 2379 2726 2451 πλάνης
2762 2378 2857 2431 καὶ
2894 2376 3085 2449 μέθης,
3115 2360 3490 2447 μεταδιιτιξαιεν
3513 2373 3594 2443 τὴν
3610 2372 3702 2439 ἀλή-

2194 2475 2369 2537 θειαν,
2389 2472 2529 2542 τάχα
2556 2472 2620 2525 ἀν
2648 2488 2699 2523 τι
2727 2470 2935 2539 γένοιτο
2964 2468 3152 2541 κέρδος
3177 2469 3359 2528 αὐτοῖς
3385 2467 3470 2518 καὶ
3495 2465 3574 2517 τοῦ
3600 2463 3704 2516 πτώ-

2201 2581 2366 2636 ματος
2386 2581 2401 2595 °
2433 2560 2622 2633 ἐπειδὴ
2656 2563 2750 2614 καὶ
2779 2561 2839 2614 τὸ
2882 2557 3237 2629 παιδευθῆναι
3271 2559 3377 2625 (ΞΟ)
3409 2557 3627 2618 πολλάκις
3645 2558 3704 2617 εἰς

2197 2654 2359 2708 καλὸν
2388 2654 2501 2718 τοῖς
2535 2653 2833 2722 πάσχουσιν
2854 2669 2867 2683 ·
2913 2654 2961 2705 εἰ
2994 2653 3038 2706 δ’
3085 2651 3182 2704 ἐπὶ
3213 2650 3313 2719 τῆς
3349 2650 3505 2719 αὐτῆς
3546 2648 3705 2717 μένοιεν

2199 2744 2443 2817 γνώμης,
2478 2744 2573 2797 καὶ
2606 2744 2943 2814 περιέχοιντο
2983 2742 3091 2795 τῶν
3126 2741 3363 2795 εἰδώλων
3408 2740 3513 2801 ἔτι,
3542 2737 3707 2808 Nam

2200 2837 2291 2891 καὶ
2337 2837 2464 2899 τοὺς
2513 2834 2754 2905 ἠλιθίους
2795 2834 3040 2887 παιδεύει
3079 2833 3233 2905 (21),
3270 2829 3639 2902 σωφρονισθεῖεν
3659 2831 3706 2895 τῇ

2204 2921 2477 3000 συμφορᾷ.
2508 2926 2619 2998 Τὴν
2655 2927 2753 2996 μὲν
2790 2925 3149 2997 Ἰερουσαλὴμ
3175 2924 3364 2997 θρηνεῖ
3393 2920 3613 2975 τοσοῦτον
3638 2918 3708 2971 Ίε-

2205 3019 2401 3092 ρεμίας
2422 3057 2436 3082 ,
2467 3016 2606 3070 ὥστε
2639 3017 2735 3071 καὶ
2767 3020 2878 3081 τοῖς
2908 3017 3139 3086 ἀψύχοις
3163 3015 3516 3069 διακελεύεται
3542 3012 3707 3084 θρῆνον.

2205 3112 2297 3164 καὶ
2326 3108 2433 3162 τῶν
2471 3109 2665 3179 τειχῶν
2695 3109 3047 3180 προκαλεῖται
3072 3107 3334 3178 δάκρυον.
3364 3105 3563 3167 Τούτοις
3585 3103 3631 3155 δὲ
3652 3102 3709 3163 τίς

2202 3201 2555 3274 εὑρεθήσεται
2593 3200 2786 3272 θρῆνος
2818 3200 3066 3266 ὲπάξιος;
3114 3202 3187 3253 Ἢ
3222 3200 3305 3264 τίς
3334 3197 3396 3253 ἂν
3439 3198 3647 3269 ὀδύραιτο
3664 3195 3711 3246 τὰ

2203 3294 2446 3367 παρόντα
2482 3293 2616 3364 (22),
2649 3294 2806 3362 ἀφεὶς
2838 3294 2905 3347 τά
2939 3294 3038 3363 τῆς
3070 3292 3373 3363 μελλούσης
3404 3288 3624 3360 δακρύειν
3645 3304 3710 3338 κο·

532 3389 597 3442 ad
632 3388 896 3456 Iacrymas
943 3382 1213 3437 invitet“.
1266 3380 1360 3435 His
1393 3393 1522 3435 vero
1572 3378 1696 3448 quis
1737 3377 1869 3433 satis
1906 3376 2096 3446 dignus

2198 3389 2426 3449 λάσεως,
2459 3385 2575 3439 ἀνθ’
2621 3378 2696 3438 ὧν
2748 3383 3178 3456 ἡφρονεύσαντο,
3216 3384 3308 3436 καὶ
3342 3378 3712 3453 ὲμακρύνθησαν.

532 3480 707 3533 luctus
742 3477 1078 3532 invenietur?
1106 3477 1213 3529 Aut
1247 3475 1370 3543 quis
1430 3480 1727 3543 praesentes
1761 3484 1952 3526 eorum
1986 3487 2100 3542 pce.

537 3586 633 3626 uas
664 3568 876 3633 deIIeat,
911 3584 974 3622 ac
1011 3583 1113 3622 non
1159 3565 1340 3634 potius
1372 3562 1612 3617 futurum
1660 3562 1958 3617 cruciatum
2011 3565 2104 3619 de-

540 3666 729 3734 ploret,
756 3678 852 3731 pro
876 3678 941 3718 eo
972 3662 1113 3731 quod
1148 3660 1315 3716 stulte
1347 3667 1595 3728 egerunt,
1629 3665 1685 3712 et
1709 3658 1898 3728 procul
1924 3673 2103 3715 reces-

535 3763 723 3807 serunt
739 3753 809 3817 ⁸⁵,
849 3766 911 3805 ac
934 3760 1239 3804 creaturam
1268 3762 1379 3819 prie
1426 3746 1684 3802 Creatore
1718 3747 2102 3804 coluerunt”:

2199 3480 2293 3533 καὶ
2336 3476 2667 3546 ἐλάτρευσαν
2710 3477 2777 3546 τῇ
2829 3474 3007 3528 κτίσει
3054 3473 3209 3546 παρά
3258 3473 3347 3526 τὸν
3387 3471 3638 3524 κτίσαντα·
3669 3467 3713 3517 ού

2204 3572 2363 3644 μόνον
2396 3570 2451 3623 δὲ
2472 3609 2487 3635 ,
2539 3568 2675 3622 ἀλλὰ
2719 3569 2811 3621 καὶ
2842 3570 2954 3630 τοῖς
2997 3566 3325 3637 λατρεύουσι
3356 3564 3430 3654 τῷ
3457 3561 3562 3631 Θεῷ
3595 3562 3716 3613 tante

2205 3664 2477 3734 έστησαν,
2530 3662 2625 3714 καὶ
2687 3663 2846 3731 χεῖρα
2924 3658 3345 3712 ἐπανετείναντο
3401 3652 3606 3721 δυσσεϐῆ
3650 3654 3716 3702 καὶ

2205 3754 2467 3809 τοιούτων
2493 3751 2679 3807 κακῶν
2712 3751 2866 3816 ἀξίαν
2886 3770 2901 3817 ;

536 3861 636 3900 nec
681 3860 745 3900 eo
788 3844 1051 3908 contenti,
1097 3842 1356 3897 adversus
1393 3840 1558 3896 etiam
1620 3840 1714 3896 Dei
1777 3841 2012 3899 cultores
2078 3846 2335 3919 impetum
2408 3849 2691 3915 fecerunt,
2736 3861 3060 3918 manumque
3119 3846 3340 3916 impiam
3390 3855 3533 3913 atque
3579 3840 3714 3904 huius.

540 3940 682 3995 modi
718 3939 871 4003 malis
902 3939 1140 4007 dignam,
1171 3936 1542 3991 intentarunt?

609 4030 801 4089 XXIX.
852 4033 1050 4089 Verum
1093 4034 1216 4099 hoc,
1250 4033 1706 4102 quemadmodum
1742 4033 1852 4090 Deo
1887 4043 2100 4105 gratum

537 4128 672 4191 crit,
715 4127 786 4179 ita
844 4140 903 4180 se
950 4125 1166 4179 habeat.
1210 4124 1410 4193 Ecquis
1444 4123 1595 4178 novit
1648 4140 1773 4179 num
1826 4120 1987 4193 Déus,
2014 4129 2104 4197 qui

538 4218 700 4273 solvit
728 4217 1059 4286 compeditos
1084 4216 1152 4282 ⁸⁷,
1184 4229 1513 4287 gravemque
1533 4224 1584 4270 et
1617 4215 1765 4270 humi
1798 4229 2105 4288 vergentem

539 4327 569 4364 a
609 4311 780 4380 portis
814 4306 1003 4363 mortis
1025 4307 1076 4361 in
1105 4306 1273 4361 altum
1326 4306 1661 4373 subvehit“,
1687 4307 1777 4376 qui
1808 4310 2109 4377 peccatoris

544 4414 771 4459 mortem
816 4418 921 4456 non
970 4402 1169 4467 vult",
1208 4400 1303 4455 sed
1356 4400 1613 4466 reditum,
1669 4400 1762 4469 qui
1816 4415 1915 4455 nos
1945 4404 2107 4456 etiam

542 4495 688 4563 ipsos
720 4494 773 4546 iIt
800 4493 1037 4547 tenebris
1069 4500 1124 4546 et
1155 4490 1345 4545 umbra
1391 4490 1584 4545 mortis
1612 4490 1886 4555 sedentes,
1910 4491 2111 4546 illumio

542 4585 775 4652 navit”,
808 4600 873 4639 ac
904 4585 1168 4651 sapientia
1199 4582 1479 4648 instruxit,
1523 4584 1621 4639 hos
1646 4597 1860 4654 quoque
1896 4585 2110 4640 tandem

612 4749 655 4779 ⁷⁷
691 4747 831 4803 Psal.
854 4762 1037 4810 um,
1080 4746 1144 4809 7;
1170 4745 1313 4803 Psal.
1339 4759 1493 4813 sun,
1515 4744 1598 4798 I5.
1676 4746 1720 4778 ⁷⁸
1748 4744 1891 4801 Psal.
1917 4762 2096 4801 uxnr.

2267 4745 2311 4777 το
2346 4743 2475 4799 ibid.
2504 4744 2591 4798 ιι.
2669 4744 2713 4775 ιο
2746 4736 3215 4813 Psal.it.xx1t,19.

540 4820 585 4850 ⁶²
618 4817 743 4885 Sap.
778 4834 827 4881 γ,
860 4817 945 4870 15.

544 4904 654 4951 xw,
693 4888 777 4941 I3.
853 4888 899 4919 ”
929 4888 1125 4942 Ezecb.
1151 4903 1344 4952 xum,
1372 4886 1459 4941 II.
1561 4886 1605 4917 '°
1639 4886 1767 4942 Luc.
1793 4902 1833 4951 t,
1862 4887 1950 4942 79.

610 5022 1254 5128 :‘I‘ifvpaapérqr.
1294 5021 1422 5075 Sav.
1458 5023 1511 5077 in
1539 5038 1710 5128 marg.
1748 5031 1802 5077 et
1842 5019 1994 5077 Pass.
2024 5021 2115 5074 λυ-
2146 5019 2190 5073 Ι)

543 5092 891 5165 μαινομένην.

612 5161 724 5246 (I7)
1120 5163 1243 5250 “Sic
1287 5166 1443 5219 Pass.
1483 5164 1680 5234 aliique
1725 5161 1940 5217 codices
1967 5177 2115 5216 com-

540 5236 780 5289 munius.
814 5234 975 5298 Editi,
1010 5234 1283 5300 ὁφείλατο.

608 5304 719 5374 (I8)
736 5302 929 5372 Εὶμὲν
944 5301 1058 5359 οὖν
1073 5304 1210 5361 νῦν.
1236 5306 1389 5359 Pass.
1405 5304 1601 5374 aliique
1619 5302 1821 5374 plures,
1836 5300 2116 5374 705mbon

543 5372 891 5445 PassiRegg.
912 5374 1147 5445 retCoIb.
1175 5378 1376 5445 plures,
1409 5372 1797 5445 μεταϐληθείεν
1831 5373 1925 5425 καὶ
1951 5389 2115 5445 μετα-

544 5443 834 5496 πεισθεῖεν.
862 5444 967 5498 Alii
1003 5462 1106 5499 non
1136 5442 1289 5511 pauci
1328 5442 1529 5499 habent
1578 5442 1805 5508 tantum,
1841 5442 2112 5513 μεταβλη-

542 5514 704 5577 θεῖεν,
736 5530 830 5581 pro
851 5516 1282 5583 μεταπεισθείεν,
1308 5515 1535 5569 Etccrtc
1550 5511 1865 5583 alterutrum
1899 5511 2109 5583 sufﬁcit.

616 5583 731 5655 (l9),
755 5581 1152 5653 Παυσάμενοι.
1183 5587 1347 5655 Regg.
1378 5594 1630 5655 quatuor,
1664 5583 1815 5637 Coll).
1844 5581 1899 5655 Κ,
1932 5581 2025 5638 Or.
2055 5584 2107 5648 I,

544 5662 670 5715 αις..
712 5654 1102 5724 ἀνανήψαντες,
1155 5676 1173 5708 ι
1222 5654 1285 5711 ιιι]
1308 5654 1429 5711 sese
1472 5654 1789 5724 redeuntes,
1834 5654 1897 5705 ad
1929 5668 2114 5707 sanam

549 5732 799 5777 utentem.
852 5743 871 5775 ι
919 5724 1168 5794 Vaquerii
1215 5728 1408 5793 codex,
1453 5723 1842 5794 ἁνακύῴαντες,
1880 5742 1898 5777 ι
1942 5738 2115 5779 emer-

546 5804 752 5862 gentes.
794 5813 811 5846 ι
848 5795 1035 5851 Cacteri
1070 5805 1124 5850 ιιι
1155 5798 1302 5851 editi.

2270 4036 2400 4090 ΚΘ.
2420 4032 2591 4087 Τοῦτο
2612 4032 2708 4102 μὲν
2729 4024 2842 4095 οὖν,
2859 4029 2965 4099 ὅπη
2988 4026 3063 4098 τῷ
3084 4025 3207 4096 Θεῷ
3221 4025 3390 4095 φίλον,
3404 4022 3557 4084 οὕτως
3576 4019 3715 4089 ἐχέτω.

2203 4127 2298 4191 Τίς
2316 4124 2455 4180 οἶδεν
2476 4126 2525 4177 εἰ
2547 4125 2576 4176 ὁ
2596 4122 2736 4177 λύων
2747 4121 2870 4183 τοὺς
2884 4118 3088 4188 πεπεδη
3098 4117 3293 4188 μένους
3305 4113 3449 4177 Θεὸς,
3462 4112 3545 4165 καὶ
3554 4109 3718 4174 ἀνάγων

2207 4224 2271 4275 ἐκ
2298 4219 2407 4273 τῶν
2440 4216 2624 4271 πυλῶν
2664 4212 2756 4268 τοῦ
2792 4210 3021 4266 θανάτου
3058 4208 3151 4261 τὸν
3200 4206 3371 4278 βαρύν
3414 4221 3467 4257 τε
3500 4202 3580 4255 καὶ
3612 4198 3722 4251 κάτω

2215 4312 2459 4374 νεύοντα,
2487 4312 2515 4365 ὁ
2544 4308 2618 4380 μὴ
2655 4304 2975 4378 βουλόμενος
3010 4300 3107 4354 τοῦ
3138 4296 3458 4370 ἀμαρτωλοῦ
3493 4295 3570 4347 τὸν
3596 4291 3721 4343 θάνα-

2216 4421 2328 4471 τον,
2354 4402 2489 4456 ἀλλά
2516 4401 2616 4471 τὴν
2644 4397 2922 4459 ἐπάνοδον,
2950 4396 2979 4449 ὁ
3006 4394 3099 4447 καὶ
3127 4394 3279 4464 ἡμᾶς
3310 4386 3616 4459 καθημένους
3640 4380 3722 4471 (33)

2218 4496 2275 4548 ὲν
2322 4494 2504 4547 σκότει
2553 4491 2645 4544 κα).
2693 4489 2822 4558 σκιᾷ
2871 4485 3100 4539 θανάτου
3158 4482 3399 4552 φωτίσας
3448 4478 3530 4531 καὶ
3568 4470 3722 4527 συνετί-

2222 4604 2319 4651 σας
2339 4586 2477 4657 (24),
2513 4585 2607 4637 κα).
2635 4581 2857 4645 τούτους
2882 4577 3011 4633 ποτὲ
3033 4576 3391 4647 ἀναλήψεται,
3416 4573 3501 4625 καὶ
3526 4565 3725 4634 ποιμανεῖ

3316 4737 3357 4769 ⁶¹
3381 4734 3474 4791 Joh
3526 4748 3622 4787 ut.
3660 4729 3724 4780 I8.

1041 4818 1086 4849 ⁸³
1114 4801 1250 4873 05cc
1276 4832 1353 4881 νι,
1384 4819 1438 4869 4.
1479 4801 1492 4813 ’
1515 4814 1777 4872 “'l‘hren.
1803 4832 1862 4881 ιι,
1898 4816 1952 4871 8.
2028 4817 2096 4868 ⁸⁸.

2198 4830 2292 4871 3m.
2326 4832 2379 4881 ιι,
2410 4813 2496 4867 21.
2576 4813 2791 4870 “Rom.
2825 4828 2863 4878 ι,
2889 4811 2978 4866 25.
3053 4810 3097 4842 ³⁷
3124 4807 3269 4863 Psal.
3296 4823 3446 4871 chv,
3470 4806 3515 4858 7.
3580 4801 3723 4864 "Sap.

2226 5091 2250 5106 κ
2292 5018 2408 5142 (2οὲ
2436 5015 2855 5086 Παιδωθῆναι.
2880 5014 2971 5073 Sic
2993 5029 3180 5071 omnes
3207 5026 3339 5067 mss.
3380 5006 3471 5061 Eu.
3492 5016 3617 5061 vero,
3636 5013 3707 5047 παι

2226 5106 2380 5142 οευεσ
2414 5107 2490 5142 αι.
3585 5138 3603 5142 Α

2221 5106 2490 5143 οευεσυαι.

2688 5155 2785 5211 καὶ
2817 5157 2957 5231 τοὺς
2982 5153 3255 5231 ἠλιθίους
3287 5138 3729 5231 ι’ξςιιδειύει.ι

2227 5208 2671 5289 ροὲιῖἐὲἐῖιὶὶείιτί,
2690 5208 2775 5281 ιιι
2813 5208 2964 5282 pagg.
2988 5208 3107 5279 ἆξαι
3149 5224 3178 5275 δ
3222 5208 3356 5294 ,ιηδι
3391 5218 3515 5294 *τοὺς
3541 5208 3727 5294 die???

2227 5300 2495 5353 παιδεύει.
2547 5297 2703 5351 Deest
2751 5297 2802 5351 in
2836 5295 3086 5351 omnibus
3138 5289 3235 5364 μή,
3265 5290 3403 5362 quod
3447 5289 3655 5352 sequitur
3688 5290 3725 5325 ιιι

2224 5371 2404 5431 editis,
2438 5386 2502 5423 ac
2537 5369 2745 5422 videtur
2776 5367 3097 5421 redundare.
3352 5429 3362 5433 _
3548 5422 3569 5433 _

2292 5427 2403 5510 (22)
2440 5440 2515 5493 Τὰ
2547 5438 2832 5510 παρόντα.
2848 5436 3002 5510 Pass.
3030 5442 3084 5510 et
3111 5433 3200 5486 alii
3232 5429 3486 5501 plerique,

2441 5484 2715 5577 δ’τά
2745 5484 2865 5577 ’τῆξ
3232 5484 3402 5563 ὀιο.,’
3422 5516 3438 5548 ι
3473 5484 3641 5547 omissa
3664 5484 3726 5535 lu-

2222 5582 2322 5633 tnri
2364 5579 2608 5648 supplicii
2644 5578 3031 5648 deploratione:
3072 5594 3089 5625 ι

2296 5650 2406 5714 (25)
2432 5635 2845 5715 ’Καθημένουᾳ
2900 5648 2953 5700 In
3002 5647 3130 5714 Reg.
3174 5643 3264 5696 btn
3316 5651 3368 5695 ct
3426 5635 3623 5691 Montac.
3657 5636 3709 5691 ΥΡ

2226 5719 2637 5790 καθεζομένους.

2293 5782 2785 5861 (QQ-Struma.
2833 5788 2987 5843 Deest
3029 5786 3081 5841 in
3116 5783 3248 5853 Reg.
3286 5782 3319 5835 I.
