3878 6398
530 371 638 428 705

1737 365 1794 420 S.
1837 362 2164 421 GREGORII
2201 353 2544 415 THEOLOGI

3613 371 3692 427 703

525 504 713 543 sonum
738 488 1042 542 mulionum
1065 497 1274 540 tuarum
1294 497 1342 540 et
1359 486 1617 554 psalmum
1647 501 1958 556 organorum
1985 495 2078 537 tuo

2197 495 2334 542 σου,
2381 477 2478 532 καὶ
2509 474 2756 544 ψαλμὸν
2787 474 3054 543 ὀργάνων
3082 488 3218 535 σου,
3278 473 3599 536 διακελεύεται
3631 505 3693 542 σοι

525 595 644 633 rum
671 580 738 645 ’⁷,
771 578 1223 648 quemadmodum
1257 586 1308 631 te
1344 579 1604 647 propheta
1646 592 1796 630 meus
1824 577 2090 629 hortatur.

523 671 693 726 David
725 679 904 725 autem
939 685 1128 725 rursus
1155 670 1322 724 libere
1361 677 1566 732 cantet,
1603 668 1712 731 ille,
1742 666 2092 737 inquam,qui

520 761 806 815 sublimem
840 760 990 814 illum
1031 770 1086 814 et
1113 771 1456 829 arrogantem
1491 759 1706 816 Golith
1741 760 1982 829 mysticis
2012 757 2093 811 la-

519 851 733 920 pidibus
757 851 1135 920 prostravit",
1155 853 1244 920 qui
1272 866 1366 921 per
1397 851 1860 906 mansuetudinem
1898 852 2093 907 multos

518 942 808 1010 superavit,
843 951 896 996 et
928 957 1023 1012 per
1056 942 1389 1013 Spiritualem
1422 952 1740 998 concentum
1768 943 1936 1008 Sauli,
1968 959 2088 997 cum

515 1047 548 1086 a
579 1047 745 1101 pravo
780 1033 1025 1088 daemone
1050 1034 1504 1104 strangularetur,
1527 1035 1848 1090 medicinam
1880 1033 2087 1089 fecit".

514 1119 696 1192 Ignem
743 1122 938 1176 facifer
977 1133 1100 1178 tuus
1137 1124 1482 1193 exstinguat;
1516 1125 1812 1194 prudentes
1846 1133 1896 1178 et
1920 1138 2090 1180 sacrae

517 1213 751 1285 virgines
792 1213 1065 1280 lampades
1115 1230 1242 1271 suas
1294 1230 1494 1284 sponso
1524 1217 1883 1271 accendant‘.
1920 1216 2088 1269 Mcre-

517 1305 727 1358 triciam
759 1305 950 1358 stolam
981 1306 1368 1376 bierophantes
1395 1317 1592 1373 exuat;
1619 1307 1964 1370 sacerdotes,
1993 1322 2090 1374 pro

516 1397 715 1450 acediaa
760 1397 976 1464 spiritu,
1006 1397 1269 1465 justitiam
1301 1398 1592 1468 gloriaeque
1618 1399 1810 1453 stolam
1846 1400 2048 1454 induite
2070 1439 2085 1462 ,

513 1501 578 1538 ac
635 1501 882 1556 magnam
927 1486 1098 1566 \illatn
1145 1488 1539 1542 immaculatum
1575 1489 1781 1544 Christi
1829 1491 2087 1555 tunicam,

513 1579 681 1631 decus
732 1587 976 1631 nostrum
1009 1588 1062 1632 et
1087 1588 1489 1634 ornamentum.

586 1664 776 1720 XXXI.
810 1665 996 1721 [δι-εεοο
1031 1677 1152 1722 tuus
1181 1670 1355 1739 turpia
1393 1679 1449 1725 et
1493 1672 1726 1726 obscena
1762 1679 1982 1737 taceat;
2012 1672 2089 1726 di-

511 1760 633 1814 vina
699 1776 850 1815 meus
890 1777 1068 1830 prmco
1101 1761 1374 1831 loquatur.
1426 1762 1799 1832 Praestigiosos
1857 1776 1982 1819 tuos
2033 1773 2088 1817 et

510 1851 763 1908 fatidicos
820 1853 988 1909 libros
1045 1869 1266 1923 preme;
1327 1857 1626 1925 prophetici
1674 1866 1851 1910 autem
1903 1857 1999 1912 soli
2027 1869 2078 1912 et

2188 1845 2284 1909 κάς
2307 1844 2520 1914 βίϐλους

510 1945 791 2014 apostolici
833 1945 1170 2001 evolvantur.
1220 1946 1415 2000 Foedas
1459 1955 1582 2001 tuas
1613 1955 1666 2002 et
1693 1947 1931 2004 tenebris
1970 1951 2105 2018 ple-‘

512 2048 609 2088 nas
645 2044 828 2088 noctes
869 2035 1096 2100 cohibe;
1149 2051 1249 2106 ego
1295 2046 1480 2089 contra
1520 2052 1674 2091 sacra
1716 2048 1771 2092 et
1813 2037 2078 2092 luculenta

514 2125 676 2196 168
713 2127 987 2196 pervigilia
1023 2127 1292 2181 excitabo.
1326 2128 1496 2198 Adyta
1529 2137 1617 2182 tua
1648 2138 1701 2182 et
1729 2130 1840 2184 vias
1869 2130 1922 2182 in
1947 2127 2082 2184 Tar-

511 2227 684 2269 tarum
739 2216 974 2271 ierentes
1023 2218 1244 2272 obstrue
1271 2235 1284 2271 :
1311 2234 1409 2287 ego
1449 2219 1762 2288 perSpicuas
1791 2230 1844 2274 et
1883 2221 1935 2274 in
1965 2235 2077 2275 ca:-

510 2305 618 2359 lum
649 2307 910 2362 ducentes
966 2309 1190 2378 praeibo.
1237 2309 1379 2376 Quot
1415 2311 1627 2364 tandem
1676 2326 1950 2366 armorum
1981 2329 2070 2383 ap-

508 2408 759 2465 paratus,
799 2414 864 2453 ac
903 2400 1276 2454 machinarum
1329 2402 1668 2458 inventiones
1703 2420 1718 2470 ;
1763 2414 1893 2472 quot
1932 2407 2078 2459 viro-

511 2505 631 2543 rum
666 2491 936 2560 myriades
971 2501 1026 2546 et
1074 2493 1352 2548 instructze
1401 2493 1565 2558 acies,
1610 2510 1672 2549 ea
1705 2497 1963 2558 perﬁcere
1985 2513 2081 2567 po-

512 2581 765 2646 tuissent,
807 2597 926 2650 quae
957 2599 1054 2638 nos
1078 2584 1326 2653 precibus
1354 2585 1505 2650 solis,
1537 2595 1592 2639 et
1637 2585 1775 2642 Deus
1810 2588 2079 2644 voluntate

509 2688 607 2727 sua
643 2674 922 2743 perfecit?
953 2676 1130 2731 Verbo
1165 2678 1419 2730 tenebras
1455 2678 1676 2746 depulit,
1706 2679 1868 2733 verbo
1905 2679 2076 2734 lucem

511 2767 784 2834 produxit,
824 2777 1022 2822 terram
1075 2768 1329 2834 firmavit,
1369 2771 1564 2824 cmlum
1608 2774 1861 2836 tornavit,
1897 2773 2078 2829 stellas

513 2857 707 2913 ordine
735 2860 1037 2935 constituit,
1066 2842 1246 2916 aerem
1270 2865 1489 2932 Sparsit,
1519 2865 1654 2918 mari
1685 2864 1882 2918 limites
1909 2867 2077 2935 impo—

507 2949 636 3010 sttit,
685 2933 874 3005 ﬂuvios
927 2953 1109 3019 traxit,
1151 2954 1455 3008 animantes
1509 2956 1612 3009 vita
1685 2967 1848 3026 atque
1895 2960 2075 3013 anima

508 3040 748 3106 donavit,
791 3042 1066 3098 hominem
1092 3045 1156 3098 ad
1190 3044 1416 3100 formam
1458 3062 1612 3101 suam
1637 3048 1860 3115 eﬂinxit,
1881 3063 2078 3106 ornatu-

508 3146 597 3187 res
632 3133 1009 3189 circumcinxit
1043 3151 1230 3192 omnes
1262 3155 1275 3190 :
1319 3141 1490 3194 verbo
1520 3141 1704 3204 etiam,
1734 3141 1908 3197 soluta
1941 3159 2076 3212 pra:-

506 3225 644 3278 senti
678 3226 924 3296 caligine,
945 3229 1125 3282 omnia
1166 3231 1218 3284 in
1250 3230 1424 3286 lucem
1460 3243 1624 3302 atque
1651 3237 1894 3289 ordinem
1923 3252 2073 3290 eum-
2105 3247 2148 3303 c

506 3316 736 3386 demque
777 3332 1097 3375 concentum
1143 3325 1375 3378 reduxit.
1403 3324 1516 3380 Non
1544 3327 1654 3396 jam
1691 3328 2001 3395 liguritores
2021 3341 2076 3384 et

507 3405 836 3464 frauduleuti
863 3411 1136 3468 dmmones
1164 3430 1340 3469 rerum
1369 3419 1686 3486 potiuntur:
1712 3435 1814 3474 non
1841 3422 1952 3490 jam
1975 3424 2076 3478 sub

505 3497 727 3555 honoris
750 3503 973 3557 obtentu
1005 3508 1332 3561 contumelia
1363 3519 1626 3573 creatura:
1659 3511 1911 3577 infertur,
1949 3515 2072 3566 dum

504 3601 606 3654 pro
633 3589 742 3644 Deo
774 3593 1050 3652 adoratur.
1085 3596 1265 3664 Dejice
1307 3598 1418 3667 jam
1453 3600 1816 3668 Triptolemos
1851 3615 1992 3670 tuos,
2021 3613 2076 3658 et

502 3677 713 3747 Celeos,
731 3693 783 3736 et
819 3686 1075 3754 mysticos
1121 3690 1400 3743 dracones.
1433 3691 1636 3746 Pudeat
1687 3703 1738 3749 te
1771 3695 1981 3748 laudent
2013 3695 2077 3748 li-

502 3769 722 3824 brorum
778 3773 997 3843 Orphei,
1047 3780 1279 3849 theologi
1338 3784 1411 3836 tui
1449 3802 1462 3849 ;
1499 3786 1757 3852 temporis
1810 3787 2075 3842 beneﬁcio

504 3873 675 3927 utere,
726 3867 1109 3934 turpitudinem
1144 3871 1236 3924 tibi
1293 3874 1654 3942 contegentis.
1687 3875 1836 3941 Quod
1878 3877 1920 3930 si
1963 3877 2075 3931 haec

505 3953 698 4009 fabulae
727 3968 779 4010 et
830 3959 1081 4028 ﬁgmenta
1121 3973 1276 4027 sunt,
1307 3978 1407 4032 ego
1458 3973 1544 4018 tua
1596 3969 1770 4023 noctis
1820 3970 2071 4039 mysteria

502 4044 846 4113 patefaciant.

574 4149 788 4207 XXXII.
814 4153 928 4208 Non
954 4155 1064 4223 jam
1095 4175 1327 4227 quercus
1356 4161 1626 4230 loquitur;
1661 4180 1765 4218 non
1790 4164 1900 4232 jam
1929 4166 2074 4223 lebes

503 4241 866 4310 vaticinatur;
904 4262 1006 4301 non
1047 4247 1157 4315 jam
1199 4250 1386 4322 Pythia
1445 4256 1731 4323 impletur,
1769 4259 1907 4311 haud
1961 4261 2074 4313 scio

501 4332 716 4400 quibus,
758 4337 955 4393 fabulis
989 4352 1138 4396 certe
1167 4353 1222 4398 et
1267 4345 1662 4402 deliramentis.
1708 4349 1914 4406 Rursus
1967 4352 2072 4406 Ca-

503 4423 662 4475 stalia
693 4424 902 4492 siletur,
934 4443 996 4482 ac
1039 4430 1182 4498 silet,
1225 4443 1386 4502 atque
1430 4438 1570 4490 unda
1612 4449 1714 4503 est,
1749 4455 1852 4493 non
1891 4441 2075 4494 vatici-

501 4513 590 4566 nia
618 4517 805 4580 edens,
842 4522 934 4573 sed
972 4523 1136 4575 risum
1169 4525 1436 4580 excitans.
1481 4526 1688 4584 Rursus
1717 4540 1860 4583 mula
1893 4541 2067 4586 statua

2201 571 2488 642 προφήτης
2518 566 2670 637 ἐμός
2700 565 2872 636 ᾀδέτω
2892 565 2948 617 δὲ
2975 560 3130 628 αὖθις
3157 565 3250 615 σῦν
3274 565 3526 642 ἐλευθερίᾳ
3550 579 3694 643 Δαὸὶδ,

2198 663 2227 714 ὁ
2261 661 2349 715 τὸν
2393 659 2595 729 ὑψηλὸν
2627 655 2819 710 Γολιάθ
2852 656 3019 719 λίθοις
3053 659 3325 726 μυστικοῖς
3362 658 3463 728 (55)
3503 668 3698 722 καταὸαο

2199 754 2326 820 λὼν,
2349 757 2378 808 ὁ
2409 753 2496 807 διὰ
2519 754 2617 823 τῆς
2647 751 2952 822 πραότητος
2983 748 3093 819 (56)
3127 750 3348 819 νικήσας
3375 752 3590 818 πολλοὺς,
3627 766 3700 815 κα),

2196 845 2285 899 διὰ
2317 845 2419 915 τῆς
2440 840 2817 913 πνευματικῆς
2841 839 3102 912 ἁρμονίας
3128 838 3456 909 θεραπεύσας
3468 844 3613 898 Σαοὺλ
3631 849 3699 902 τὸν

2195 937 2273 1007 τῷ
2293 934 2515 1006 πονηρῷ
2553 933 2770 1004 δαίμονι
2819 929 3270 1001 συμπνιγὸμενον.
3299 930 3529 986 Σόεσάτω
3549 936 3599 988 τὸ
3617 939 3701 1008 πῦρ

2156 1019 2163 1026 .
2195 1029 2223 1080 ὁ
2249 1026 2500 1097 δᾳδοῦχος
2519 1042 2533 1055 .
2589 1023 2908 1077 ἀπτέτωσαν
2936 1021 3012 1090 τῷ
3041 1020 3256 1091 νυμφίῳ
3289 1021 3345 1074 αἱ
3374 1023 3595 1095 φρόνιμοι
3631 1033 3702 1083 καὶ

2198 1117 2341 1188 ἱεραὶ
2373 1114 2630 1185 παρθένοι
2654 1113 2752 1176 τάς
2786 1111 2992 1166 ἑαυτῶν
3016 1110 3300 1180 λαμπάδας
3322 1128 3334 1140 ·
3358 1112 3610 1169 ἀποθέσθω
3629 1119 3703 1190 τὴν

2196 1203 2456 1278 πορνικὴν
2495 1204 2816 1276 ἱεροφάντης
2845 1201 2958 1273 (57)
3014 1200 3206 1271 στολήν
3227 1217 3239 1230 °
3271 1203 3428 1272 ἱερεῖς
3467 1203 3703 1261 ἐνδύσασθε

2194 1296 2564 1367 δικαιοσύνην,
2615 1295 2710 1348 καὶ
2743 1292 3077 1362 καταστολὴν
3109 1292 3266 1360 δόξης
3295 1293 3410 1346 ἀντὶ
3453 1296 3702 1368 πνεύματος

2198 1389 2450 1459 ἀκηδίας,
2488 1386 2702 1440 καὶτὸν
2747 1386 2918 1455 μέγαν
2975 1384 3070 1436 καὶ
3101 1382 3326 1437 ἄσπιλον
3373 1383 3555 1453 χιτῶνα
3599 1390 3704 1460 Χρι.

2196 1481 2317 1533 στὸν
2340 1479 2473 1549 (58),
2499 1478 2561 1531 τὸ
2587 1477 2864 1548 ἡμέτερον
2897 1476 3177 1546 κόσμημα.

2258 1657 2382 1715 AA'.
2399 1657 2611 1726 Σιγάτω
2630 1655 2719 1718 σὸς
2749 1651 2923 1724 κῆρυξ
2943 1651 3013 1705 τὰ
3027 1652 3216 1722 ἄτιμα·
3243 1650 3545 1721 φθεγγέσθω
3569 1654 3705 1726 κῆρυξ

2193 1753 2322 1824 ἐμὸς
2349 1751 2419 1805 τὰ
2451 1749 2629 1804 ἔνθεα.
2666 1746 2881 1800 Παῦσόν
2922 1762 3014 1797 σου
3039 1741 3138 1805 τὰς
3167 1743 3425 1813 γοητικάς
3448 1745 3534 1796 καὶ
3558 1763 3706 1814 μαντι-

2545 1858 2558 1872 ·
2609 1841 2664 1892 ai
2711 1836 3046 1910 προφητικαὶ
3075 1835 3183 1906 (59)
3218 1835 3275 1888 δὲ
3297 1835 3388 1888 καὶ
3409 1837 3707 1891 ἁποστολικαὶ

2191 1937 2347 2006 μόναι
2382 1929 2860 1987 ἀνελιττέσθωσαν.
2889 1925 3142 1996 Ἐπίσχες
3166 1943 3260 1979 σου
3287 1925 3382 1988 τὰς
3413 1927 3618 1996 αἰσχρὰς
3639 1929 3710 1981 καὶ

2189 2024 2411 2085 σκάτους
2436 2022 2548 2089 (40)
2575 2016 2847 2089 γεμούσας
2884 2014 3083 2078 νύκτας
3105 2031 3116 2043 ’
3154 2013 3428 2085 ἀντεγερῶ
3461 2015 3550 2077 τὰς
3593 2015 3710 2084 legi;

2186 2108 2296 2176 ἐγὼ
2317 2108 2410 2161 κα).
2438 2106 2697 2177 λαμπρὰς
2727 2103 3078 2172 παννυχίδας.
3120 2102 3330 2172 Φρᾶξον
3374 2103 3439 2154 τὰ
3469 2102 3616 2156 ἄδυτα
3641 2121 3710 2157 σον

2187 2199 2281 2253 καὶ
2308 2197 2404 2261 τὰς
2425 2200 2504 2261 είς
2531 2196 2658 2267 ᾅδου
2700 2193 2974 2265 φερούσας
3007 2192 3158 2256 ὁδούς
3178 2210 3191 2224 ο
3227 2192 3338 2260 ἐγὼ
3375 2194 3468 2256 τὰς
3514 2195 3710 2263 φανερὰς

2185 2290 2280 2342 καὶ
2310 2286 2581 2359 φερούσας
2612 2286 2749 2357 πρὸς
2779 2283 3007 2354 οὐρανὸν
3054 2282 3162 2354 (4-1)
3204 2284 3550 2354 ἐξηγήσομαι.
3580 2285 3713 2337 Πόσαι

2183 2380 2353 2434 ταῦτα
2405 2379 2515 2449 (4⁸2)
2567 2377 2919 2448 κατέπραξαν
2952 2376 3017 2429 ἂν
3059 2375 3240 2428 ὃπλων
3285 2375 3610 2446 παρασκευαὶ
3641 2378 3713 2428 καὶ

2187 2471 2594 2544 μηχανημάτων
2626 2471 2858 2524 ἐπίνοιαι
2885 2486 2900 2536 ;
2939 2467 3102 2522 πόσαι
3147 2467 3405 2541 μυριάδες
3436 2466 3620 2539 ἀνδρῶν
3643 2467 3714 2520 καὶ

2185 2563 2478 2634 φάλαγγες,
2523 2564 2622 2616 ὅσα
2659 2562 2992 2628 ἱκετεύοντες
3044 2562 3202 2632 μόνον
3257 2562 3438 2630 ἡμεῖς,
3478 2560 3563 2612 καὶ
3611 2559 3712 2621 Θεὸς

2185 2653 2461 2727 βουληθεὶς
2496 2655 2940 2727 κατειργάσατο;
2996 2656 3155 2726 Λόγῳ
3215 2654 3280 2706 τὸ
3340 2652 3520 2714 σκότος
3561 2651 3712 2708 ausa.

2181 2746 2321 2815 λόγῳ
2359 2745 2420 2798 τὸ
2446 2745 2559 2814 φῶς
2589 2747 2927 2818 ὑπεστήσατο
2954 2747 3088 2819 (45),
3109 2746 3314 2815 ἦδρασε
3342 2744 3465 2813 γῆν,
3491 2743 3716 2812 ἐγύρωσῖν

2181 2838 2426 2909 οὐρανὸν,
2473 2838 2708 2909 ἀστέρας
2747 2838 2956 2906 ἔταξεν,
2997 2839 3252 2913 ἔσπειρεν
3291 2837 3459 2908 ἀέρα,
3485 2835 3711 2889 θάλασσαν

2180 2928 2367 2999 ὥρισε,
2393 2919 2668 2999 ποταμοὺς
2694 2930 2931 2994 εἵλκυσε,
2975 2929 3089 2996 ζῶα
3123 2930 3426 3000 έψύχωσεν,
3477 2927 3717 2998 ἄνθρωπον

2181 3018 2315 3087 πρὸς
2345 3018 2529 3070 ἑαυτὸν
2554 3019 2862 3090 ἐμόρφωσε,
2898 3019 3100 3090 κόσμον
3124 3023 3240 3080 τοῖς
3257 3019 3425 3071 ἅπασι
3449 3016 3712 3084 περιέθηκε·

2180 3108 2322 3178 λόγῳ
2368 3109 2461 3160 καὶ
2492 3107 2588 3180 τὴν
2633 3109 2727 3163 νῦν
2761 3110 3099 3180 σκοτόμηναν
3145 3108 3262 3180 (M)
3295 3109 3482 3170 λύσας,
3529 3109 3600 3168 είς
3631 3105 3720 3174 φῶς

2181 3193 2391 3247 ἅπαντα
2416 3181 2507 3248 καί
2529 3195 2678 3261 τάξιν
2702 3198 2794 3250 καὶ
2823 3199 3088 3269 ἁρμονίαν
3130 3198 3230 3269 τὴν
3267 3197 3435 3268 αὐτὴν
3478 3195 3712 3264 ἐπανήγα-

2182 3303 2294 3354 γεν.
2331 3286 2443 3340 Οὐκ
2481 3286 2560 3339 ἔτι
2597 3289 2693 3358 μὲν
2724 3289 2891 3360 λίχνοι
2943 3291 3034 3342 καὶ
3079 3289 3353 3361 ἀπατηλοὶ
3385 3289 3616 3358 δαίμονες
3649 3286 3721 3338 δυ-

2181 3378 2530 3433 ναστεύουσιν
2549 3397 2562 3409 °
2593 3381 2693 3432 οὐκ
2723 3380 2801 3434 ἔτι
2835 3381 2891 3434 δὲ
2923 3381 3316 3454 καθυϐρίζεται
3343 3381 3514 3442 κτίσις
3542 3380 3591 3429 ἐν
3614 3377 3719 3445 σχή-

2184 3488 2313 3538 ματι
2341 3475 2504 3542 τιμῆς
2537 3474 2656 3526 ἀντὶ
2676 3472 2809 3526 Θεοῦ
2842 3475 3312 3545 προσκυνουμένη.
3333 3471 3609 3526 Κατάϐαὶε
3627 3471 3724 3530 τοὺς

2181 3563 2592 3634 Τριπτολέμους
2618 3583 2732 3628 σου,
2766 3566 2860 3617 καὶ
2905 3567 3032 3628 τοὺς
3069 3565 3332 3628 Κελεοϋς,
3379 3563 3614 3624 καὶτοὺς
3640 3578 3720 3630 μυ·

2183 3655 2398 3718 στικοὺς
2430 3655 2726 3727 δράκοντας
2747 3673 2759 3684 ·
2790 3656 3109 3728 αίσχύνθητί
3136 3674 3271 3710 ποτε
3309 3659 3434 3718 ταῖς
3461 3654 3550 3708 τοῦ
3580 3651 3724 3706 θεολό-

2180 3761 2278 3813 γου
2336 3763 2427 3798 σου
2486 3746 2688 3816 βίϐλοις
2754 3747 3033 3818 Ὀρφέως·
3093 3747 3244 3814 δέξαι
3310 3746 3404 3800 τοῦ
3457 3743 3634 3816 καιροῦ
3680 3744 3726 3794 τὸ

2179 3836 2368 3907 δῶρον,
2397 3837 2493 3908 τὴν
2527 3838 2911 3910 ἀσχημοσύνην
2946 3857 3024 3893 σοι
3055 3839 3552 3908 συγκαλύπτοντος.
3590 3838 3645 3889 El
3683 3836 3728 3887 δὲ

2178 3925 2350 3978 ταῦτα
2379 3925 2534 3996 μῦθοι
2567 3929 2663 3980 καὶ
2704 3927 3017 3998 πλάσματα,
3061 3929 3172 3998 ἐγώ
3207 3947 3302 3983 σου
3335 3929 3405 3982 τὰ
3446 3929 3544 3998 τῆς
3570 3925 3726 3985 νυκτῦς

2181 4014 2510 4084 ἀποκαλύψω
2537 4017 2809 4088 μυστήρια
2834 4016 2968 4087 (45).

2252 4171 2509 4226 ΛΒ’.Ούκ
2550 4172 2631 4226 ἔτι
2682 4173 2974 4242 φθέγγεται
3001 4174 3134 4246 δρῦς
3157 4177 3274 4246 (46)
3296 4193 3309 4206 ·
3344 4177 3446 4228 οὐκ
3483 4174 3558 4226 ἔτι
3593 4169 3728 4240 λέϐης

2182 4262 2538 4331 μαντεύεται’
2574 4265 2675 4317 οὐκ
2704 4265 2783 4318 ἔτι
2825 4266 2997 4319 Πυθία
3032 4265 3362 4338 πληροῦται,
3394 4269 3496 4320 ούκ
3537 4261 3623 4317 οἷδ’
3645 4256 3728 4314 ὧν·

2177 4373 2358 4431 τινων,
2376 4356 2512 4427 πλὴν
2535 4356 2720 4432 μύθων
2751 4359 2842 4412 καὶ
2864 4358 2928 4429 λη
2939 4375 3002 4429 ρη
3013 4360 3216 4427 μάτων.
3231 4359 3408 4413 Πάλιν
3430 4360 3464 4430 η
3487 4352 3738 4409 Κασταλία.

2179 4448 2486 4518 σεσίγηται,
2519 4449 2612 4501 καὶ
2665 4450 2812 4519 σιγᾷ..
2844 4449 2936 4501 καὶ
2970 4447 3114 4519 ὕδωρ
3150 4449 3305 4502 ἐστὶν
3331 4449 3396 4501 ού
3434 4444 3731 4518 μαντευόμε-

2179 4552 2288 4601 νον,
2319 4537 2452 4590 ἀλλά
2483 4536 2787 4609 γελώμενον
2810 4556 2824 4568 ·
2867 4539 3029 4593 πάλιν
3082 4539 3312 4611 ἀνδριὰς
3363 4540 3475 4607 (47)
3503 4534 3732 4606 ἀφωνοςὸ

502 4604 734 4674 Apollo;
768 4624 954 4666 rursus
979 4612 1200 4682 Daphne
1237 4616 1400 4671 arbor
1426 4627 1507 4672 est
1538 4619 1730 4674 fabulis
1762 4621 2064 4687 deplorata°

2188 4600 2473 4695 Ἀπόλλων,
2494 4600 2665 4684 ’πάλι-ν
2690 4633 2723 4701 ἡ
2757 4633 2938 4703 Δάφνη
2975 4633 3138 4700 φυτόν
3161 4600 3315 4685 ἐστιν
3353 4600 3510 4704 μύθῳ
3537 4600 3732 4700 θρηνού-

568 4749 613 4781 ⁶⁷
651 4750 817 4806 Amos
868 4768 918 4818 v,
941 4754 1030 4810 25.
1109 4755 1197 4809 ’“l
1226 4755 1362 4827 Reg.
1405 4775 1514 4813 xvn
1537 4800 1551 4824 ,
1587 4759 1676 4814 49.
1751 4762 1798 4792 ⁹⁹
1829 4760 2001 4833 lReg.
2038 4780 2153 4834 xw,
2177 4767 2265 4823 9.5.

708 4891 1058 4970 ὶξζυστικοῖς.
1092 4895 1244 4970 [1011).
1274 4897 1327 4970 5,
1354 4907 1408 4950 et
1434 4897 1590 4952 Pass.
1630 4901 1929 4970 μυστικῶς.

571 4959 684 5028 (56)
714 4963 1067 5031 Πραότητος.
1093 4964 1244 5021 Pass.
1270 4968 1468 5037 aliique
1493 4985 1598 5024 non
1627 4959 1800 5039 pauci,
1826 4959 2071 5045 πραΰτη-

497 5045 606 5092 τος.

573 5097 717 5182 (⁸57)-
757 5101 1096 5182 ζᾼποθέσᾷω
1150 5104 1266 5182 τὴν
1326 5109 1622 5182 πορνικὴν
1695 5111 2066 5182 ἱεροφάντης.

505 5169 918 5250 εἰξςριπειιύρίιηη
954 5174 1145 5250 stolam
1182 5169 1575 5245 hieropliautes
1596 5169 1782 5246 exuai,
1817 5169 1840 5233 ἶ
1874 5185 1924 5237 id
1959 5169 2064 5250 esi,

501 5238 696 5292 Juliani
735 5253 927 5306 morte,
952 5243 1063 5317 jam
1098 5257 1300 5300 mutata
1329 5238 1411 5302 est
1438 5266 1616 5305 rerum
1651 5238 1844 5317 facies;
1885 5238 2070 5308 ethni1

469 5323 609 5388 .cusr
642 5325 919 5388 sacrorum
951 5313 1204 5388 antistes,
1239 5317 1480 5388 deposita
1531 5313 1841 5377 meretricia
1892 5333 2060 5388 veste,

501 5387 733 5457 yestenr
757 5381 1038 5457 lugubrem
1072 5385 1280 5440 induat.
1310 5381 1429 5443 Non
1459 5391 1567 5457 jam
1621 5391 1756 5445 festa
1815 5381 2060 5447 celebra;

501 5445 635 5500 bunt
660 5445 886 5519 ethnici,
933 5469 1032 5508 nec
1087 5457 1139 5510 in
1191 5457 1374 5512 latitia
1425 5445 1786 5517 versabuntur
1827 5445 2062 5519 miseriis

505 5517 700 5571 nostris
739 5523 1077 5580 insultantes.

574 5587 688 5660 (58)
721 5592 996 5658 Χριστόν.
1027 5612 1046 5645 ι
1080 5595 1374 5654 Christum.
1414 5619 1432 5652 ι
1470 5599 1560 5656 Sic
1584 5618 1710 5656 mss.
1735 5619 1942 5660 omnes.

575 5656 690 5781 (59)
719 5656 1106 5731 Προφητικαί.
1136 5667 1269 5724 Mss.
1309 5685 1416 5726 non
1443 5674 1621 5741 pauci,
1644 5656 1982 5745 προφητικαί
2015 5693 2074 5730 τε

504 5743 576 5780 κα

579 5765 690 5870 ίὶθ)
723 5803 1006 5872 Σκοτουςο
1030 5805 1108 5861 lla
1142 5809 1387 5882 plerique
1427 5813 1585 5869 codd.
1626 5815 1757 5884 Reg.
1797 5832 1922 5871 vero
1983 5832 2073 5884 nu,

2361 4772 2376 4802 ¹
2403 4769 2591 4826 Matth.
2620 4787 2751 4836 xxv,
2783 4772 2834 4825 7.

2174 4906 2266 4963 0r.
2307 4908 2358 4969 l,
2387 4907 2590 4981 e_t_Par.
2618 4910 2829 4963 σκότου.
2858 4906 2980 4963 Mox
3006 4909 3255 4981 plerique
3287 4913 3484 4976 etiam,
3531 4909 3729 4980 φρὰξον,

2175 4993 2291 5046 pro.
2319 4979 2540 5048 φρᾶξον.

2243 5047 2532 5121 (“HIde
2560 5049 2836 5118 οὐρανόν.
2865 5050 2991 5121 Reg.
3011 5050 3125 5114 bm,
3150 5049 3248 5107 Or.
3289 5052 3344 5117 1,
3380 5053 3483 5114 είς.
3501 5050 3642 5104 Pass.
3664 5048 3735 5101 ἀεὶ

2178 5117 2316 5188 πρὸς
2342 5118 2586 5188 οὐρανόν.

2251 5187 2361 5254 (42)
2386 5187 2576 5241 Πόσαι
2605 5188 2810 5244 ταῦτα.
2836 5189 2961 5252 Alii,
2990 5191 3151 5244 πόσαι
3182 5190 3252 5245 ἂν
3276 5191 3483 5246 ταῦτα.

2398 5259 2840 5332 γ’γ’πεοςτήσατο.
2861 5259 3135 5332 Nonnulli,
3171 5262 3515 5332 ὑπέστησεν.

2387 5329 2791 5403 Σκοζόμηναιτ.
2822 5330 3065 5397 Plerique
3089 5334 3244 5403 could.
3284 5329 3668 5403 σκοτόμαιναν.

2245 5398 2355 5470 (45)
2396 5398 2540 5470 Ἐγώ
2567 5414 2681 5470 σου
2710 5399 2799 5453 τὰ.
2829 5439 2842 5453 .
2879 5439 2891 5453 .
2930 5400 3256 5470 μυστήρια.
3299 5402 3442 5464 Reg.
3464 5398 3578 5460 'bm,
3607 5399 3736 5470 Pass.

2169 5467 2279 5537 ἐγώ
2307 5486 2408 5522 σοι.
2444 5469 2575 5536 Reg.
2607 5469 2716 5535 but,
2757 5467 2958 5539 aliique
2992 5479 3099 5525 tres
3131 5467 3303 5542 Regg.
3355 5471 3422 5526 τὸ
3553 5467 3734 5537 μυστή’

2173 5556 2350 5681 pfaeie)
2383 5609 2659 5681 Οὐκ-ἐτι,
2705 5617 2821 5681 εις.
2857 5609 3055 5681 Eadem
3088 5610 3272 5681 legere
3300 5621 3387 5667 est
3421 5611 3561 5681 apud
3592 5608 3736 5661 Theo

2186 5678 2451 5743 do’relutn,
2507 5678 2580 5733 De
2651 5679 2921 5733 curatione
2991 5678 3302 5735 Graecorum
3385 5680 3735 5751 aﬁ'ectiouutu,

2184 5757 2688 5889 οΐῗὲθῖοἋνόρΙας.
2722 5819 2872 5875 Pass.
2894 5818 3100 5891 ἀδριάς.
