3878 6398
211 338 297 396 705
1142 326 1401 382 ORATIO
1438 328 1501 382 ν.
1542 356 1610 367 -
1649 324 1930 381 CONTRA
1966 324 2315 384 JULIANUM
2355 326 2421 383 ll.
3296 331 3402 387 706

204 470 357 536 μενονο
384 448 534 504 πάλιν
557 447 879 523 ἀνδρόγυνος
908 449 936 502 ό
975 448 1245 511 Διόνυσος,
1274 448 1368 501 καὶ
1396 448 1552 518 χορὸν
1606 446 1706 516 (48]

1826 462 2009 501 rursus
2038 449 2387 516 androgynos
2416 446 2681 512 Bacchus,
2710 452 2873 513 atque
2889 440 3161 496 ebriorum
3178 440 3400 496 chorum

202 533 457 625 μεθυόντων
477 539 862 611 ἐξηρτημένος,
898 540 991 593 καὶ
1018 540 1076 593 τὸ
1113 540 1252 611 μέγα
1285 556 1377 593 σου
1425 540 1706 609 μυστήριον

1826 538 2280 604 secumtrabens,
2321 547 2373 593 et
2433 553 2689 609 magnum
2725 547 2873 592 tuum
2911 534 3038 589 illud
3082 533 3401 604 mysterium

197 634 424 709 ἀφαλλὸς,
447 630 535 682 καὶ
564 628 867 699 Προσύμνῳ
902 628 1012 699 (49)
1037 629 1114 699 τῷ
1146 629 1297 699 καλῷ
1325 628 1445 691 θεὸς
1465 627 1706 681 παθαινό·

1826 630 2056 697 Phallus,
2084 630 2217 685 deus
2238 631 2290 685 in
2322 630 2527 700 pulchri
2554 629 2876 698 Proshymni
2904 640 3143 681 amorem
3170 638 3401 695 propen-

199 742 354 801 μενος·
382 720 530 774 πάλιν
562 718 770 790 Σεμέλη
802 718 1055 789 κεραυνῷ
1097 718 1345 790 βάλλεται
1372 736 1385 750 θ
1420 718 1581 772 πάλιν
1614 718 1706 787 ἀμ·

1826 740 1932 781 sus.
1962 724 2172 779 Rursus
2197 723 2408 779 Semele
2438 724 2663 778 fulmine
2702 722 2912 777 feritur.
2942 720 3148 774 Rursus
3171 729 3400 788 utroque

196 818 402 892 φιγυήεις
429 812 747 878 Ἥφαιστος,
790 810 924 864 ἀλλά
948 812 1117 880 ταχὺς
1144 812 1224 873 εἰς
1249 811 1456 881 μοιχῶν
1481 809 1706 880 εὕρεσιν,

1826 818 1952 886 pede
1998 816 2222 871 claudus
2270 815 2563 879 Vulcanus,
2594 829 2778 867 verum
2821 813 2874 866 in
2933 812 3401 880 deprehendendis

196 912 268 965 καί
315 906 422 967 θεὸς
463 902 939 973 κατῃθαλωμένος,
995 904 1041 955 εἰ
1084 902 1178 954 καὶ
1208 902 1587 972 κλυτοτέχνης,
1629 901 1706 953 κα)

1826 909 2077 963 adulteris
2114 909 2253 963 idem
2296 907 2461 972 celer,
2503 917 2558 961 et
2590 910 2720 961 deus
2755 904 2975 974 fuligine
3006 905 3231 967 obsitus,
3270 912 3401 958 tam-

190 998 410 1071 Θερσίτης
467 991 787 1062 Ὀλύμπιος·
849 992 1010 1045 πάλιν
1062 990 1347 1061 δεσμώτης
1406 992 1579 1061 ’Λρης
1633 988 1706 1041 διδ

1826 1001 1918 1053 etsi
1951 999 2131 1053 clarus
2165 997 2383 1061 artifex,
2416 1012 2478 1051 ac
2514 997 2794 1051 Thersites
2847 994 3149 1066 Olympius.
3184 994 3396 1050 Rursus

194 1089 391 1163 μοιχείαν
411 1083 542 1155 μετὰ
564 1083 658 1137 τοῦ
688 1084 874 1155 δείμου
899 1084 1031 1155 (50),
1059 1082 1260 1137 καὶτοῦ
1285 1082 1471 1151 φόϐου,
1500 1081 1593 1135 καὶ
1611 1080 1706 1133 τῶν

1826 1090 1961 1145 Mars
1985 1106 2106 1144 cum
2137 1104 2237 1144 suo
2286 1088 2482 1145 timore
2530 1099 2583 1143 et
2621 1098 2828 1143 terrore
2866 1103 2930 1141 ac
2970 1086 3287 1141 tumultibus
3325 1088 3396 1141 ob

188 1178 431 1251 κυδοιμῶν,
484 1175 577 1228 καὶ
624 1176 963 1245 τραυματίας
1011 1174 1099 1227 διὰ
1149 1173 1497 1245 θρασύτητα·
1560 1172 1706 1225 παλικ.

1826 1183 2137 1238 adulterium
2192 1183 2446 1247 vinctus,
2490 1192 2544 1236 et
2599 1183 2667 1237 ob
2726 1182 3086 1236 temeritatem
3151 1181 3392 1236 saucius.

197 1272 434 1345 Ἀφροδίτη
464 1268 637 1339 πόρνη
672 1268 936 1339 γενομένη
974 1284 1031 1319 τε
1080 1265 1341 1337 αίσχρῶς,
1391 1265 1484 1319 καὶ
1527 1265 1706 1335 γάμωι

1826 1271 2025 1327 Rursus
2056 1271 2313 1327 meretrix
2337 1270 2542 1335 Venus,
2574 1280 2687 1324 tum
2722 1272 2949 1339 turpiter
2970 1271 3258 1340 progenita,
3283 1280 3393 1328 tum

187 1364 386 1436 αἰσχρῶν
414 1360 673 1431 ύπηρέτις
693 1376 707 1389 ο
748 1360 909 1413 πάλιν
961 1358 1161 1429 Ἀθηνᾶ
1191 1356 1459 1429 παρθένος
1483 1357 1542 1409 τέ
1579 1359 1706 1419 ἐστι,

1826 1363 2054 1433 turpium
2110 1363 2416 1432 nuptiarum
2486 1362 2827 1416 administra.
2887 1363 3098 1418 Rursus
3154 1363 3395 1418 Minerva

186 1460 257 1514 ml
301 1456 455 1509 τίκτει
504 1451 809 1523 δράκονταο
871 1450 1033 1504 πάλιν
1102 1449 1377 1520 Ἡρακλῆς
1432 1448 1706 1518 μαίνεται1

1826 1454 1971 1524 virgo
1999 1462 2102 1518 est,
2128 1463 2183 1508 et
2206 1455 2495 1509 draconem
2530 1455 2692 1524 parit.
2716 1453 2920 1508 Rursus
2948 1454 3206 1510 Hercules
3238 1456 3388 1519 furit,

186 1548 349 1622 μᾶλλον
378 1544 430 1597 δὲ
462 1542 784 1613 μαινόμενος
840 1542 1151 1595 πέπαυται·
1198 1542 1359 1595 πάλιν
1412 1540 1483 1594 τὰ
1534 1542 1706 1595 πάντα

1826 1549 1930 1603 imo
1966 1548 2144 1603 furere
2193 1548 2372 1603 desiit.
2411 1546 2619 1600 Rursus
2662 1544 2872 1614 Jupiter
2921 1547 2990 1599 ob
3032 1546 3305 1602 libidinem
3340 1556 3394 1602 et

183 1640 350 1710 γίνεται
375 1636 437 1688 δι’
461 1633 749 1700 ἀσέλγειαν
782 1634 875 1686 καὶ
917 1632 1256 1703 ἀκαθαρσίαν
1290 1635 1319 1686 ό
1363 1632 1529 1697 Ζεὺς,
1553 1634 1582 1685 ό
1610 1632 1706 1685 τῶι

1826 1641 2129 1710 spurcitiem
2180 1640 2394 1709 quidvis
2433 1637 2682 1704 efﬁcitur,
2721 1638 2845 1706 ille,
2880 1637 3100 1708 inquam
3123 1678 3137 1703 ,
3169 1640 3390 1694 deorum

184 1734 292 1789 θεῶν
312 1732 527 1802 μήστωρ
556 1727 667 1793 (51)
696 1728 788 1780 καὶ
818 1726 1043 1792 ὕπατος,
1074 1728 1168 1779 καὶ
1194 1726 1352 1796 μόνος
1386 1725 1484 1795 μὲν
1513 1724 1706 1787 πάντας

1826 1732 2162 1788 consiliarius
2191 1742 2245 1788 et
2273 1732 2547 1802 princeps,
2581 1747 2810 1801 eamque
2828 1732 2935 1784 vim
2970 1732 3195 1796 habens,
3225 1741 3283 1784 ut
3306 1746 3395 1785 so-

183 1829 256 1882 σὺν
298 1825 418 1877 πᾶσι
446 1822 555 1884 τοῖς
585 1815 736 1872 οὖσιν
770 1819 1009 1872 ἀνέλκων
1059 1818 1234 1883 θεοὺς,
1288 1818 1450 1881 αὐτὸς
1501 1817 1557 1870 δὲ
1615 1817 1706 1870 ὑπὶ

1826 1826 1903 1879 lus
1936 1825 2067 1879 deos
2093 1840 2280 1878 omnes
2310 1838 2431 1877 cum
2482 1824 2733 1878 omnibus
2764 1824 2924 1894 169
2958 1825 3117 1879 rebus
3168 1840 3384 1878 sursum

180 1922 359 1975 πάντων
380 1916 435 1968 οὐ
462 1911 880 1981 καθελκόμενος.
902 1912 1069 1967 Πάλιν
1096 1911 1188 1965 τοῦ
1219 1910 1339 1975 Διὸς
1376 1910 1547 1981 τάφος
1568 1913 1626 1964 ἐν
1652 1915 1706 1982 τῇ

1826 1914 2083 1977 attrahat,
2118 1915 2231 1983 ipse
2278 1922 2459 1968 autem
2491 1916 2557 1968 ab
2600 1915 2851 1969 omnibus
2882 1916 3091 1969 detrahi
3136 1926 3387 1984 nequeat.

178 2011 334 2080 Κρήτῃ
362 2006 651 2059 δείκνυται.
694 2002 795 2071 Ἂν
823 2001 915 2054 ἴδω
947 2019 1038 2055 σου
1073 2001 1165 2053 τὸν
1189 2000 1461 2073 Κερδῷον,
1488 2001 1582 2054 καὶ
1626 2000 1706 2053 τὸν

1826 2003 2027 2058 Rursus
2048 2002 2194 2057 Jovis
2216 2004 2521 2073 sepulcrum
2547 2004 2599 2056 in
2625 2003 2783 2058 Creta
2814 2006 3139 2059 ostenditur.
3165 2004 3387 2070 Quoties

177 2104 355 2169 Λόγιον,
403 2098 493 2151 καὶ
538 2094 632 2147 τὸν
678 2091 999 2161 Ἐναγώνιον
1050 2092 1182 2163 (52),
1234 2091 1567 2161 συγκρύπτω
1604 2089 1706 2161 (55]

1826 2094 2071 2149 Lucrium
2111 2104 2281 2159 tuum,
2312 2104 2363 2149 et
2390 2093 2614 2164 Logiutn
2638 2133 2653 2159 ,
2688 2106 2742 2148 et
2780 2096 3111 2164 Enagoninm
3155 2099 3388 2160 intueor,

175 2194 274 2255 τοὺς
297 2186 624 2257 ὀφθαλμοὺς,
663 2184 757 2236 καὶ
787 2180 1119 2254 παρατρέχω
1146 2197 1240 2233 σου
1278 2180 1368 2233 τὸν
1408 2179 1529 2233 θεὸν
1575 2179 1706 2232 αἰδοῖ

1826 2188 2005 2241 oculos
2049 2188 2268 2255 obtego,
2315 2202 2378 2240 ac
2428 2187 2723 2256 spectaculi
2767 2189 2969 2256 pudore
3022 2190 3182 2242 deum
3238 2199 3389 2244 tuum

174 2285 247 2339 τοῦ
275 2283 528 2352 θεάματος
548 2294 561 2305 ·
592 2279 657 2331 σὺ
690 2276 748 2330 δέ
787 2292 875 2345 μοι
914 2272 1207 2347 προσκύνει
1238 2273 1298 2326 τὸ
1338 2272 1584 2325 σύντονον
1619 2271 1706 2324 τοῦ

1826 2292 2095 2347 praetereo.
2130 2277 2248 2332 Tibi
2286 2293 2414 2332 vero
2466 2294 2561 2347 per
2607 2294 2691 2331 me
2729 2293 2859 2332 sane
2914 2278 3069 2333 liceat
3120 2281 3390 2333 sermonis

173 2373 405 2444 λόγουκαὶ
432 2370 494 2423 τὸ
529 2368 843 2422 σακέλλιονο
885 2365 945 2418 ἓν
985 2382 1077 2418 σου
1123 2365 1281 2435 μόνον
1314 2364 1612 2434 αἰδέσιμον,
1659 2364 1706 2415 at!

1826 2370 2213 2423 contentionem
2242 2378 2295 2423 et
2318 2368 2591 2423 sacculum
2647 2371 2893 2424 adorare.
2932 2370 3106 2424 Unum
3137 2371 3308 2425 solum
3336 2371 3388 2424 in

176 2468 277 2538 παρ’
294 2461 600 2532 Αἰγυπτίοις
639 2461 707 2513 δι’
731 2458 1074 2530 ἀνδρογύνων
1100 2456 1257 2527 τιμαὶ
1284 2456 1377 2509 τοῦ
1412 2456 1627 2520 Νείλου,
1657 2456 1706 2508 αἱ

1826 2461 1920 2514 tuis
1953 2460 2114 2513 rebus
2140 2470 2242 2523 est,
2275 2459 2417 2527 quod
2466 2460 2871 2513 venerationem
2909 2471 3201 2525 mereatur,
3232 2463 3392 2516 nimi-

172 2552 435 2614 τεἽσιδες,
475 2548 572 2602 καὶ
599 2548 649 2599 οἱ
691 2547 980 2617 Μενδήσιοι
1017 2545 1128 2598 θεοὶ
1166 2544 1299 2616 (54),
1340 2545 1434 2597 καὶ
1466 2546 1514 2598 oi
1552 2545 1706 2597 Ἀπι·

1826 2568 1931 2605 runt
1957 2553 2193 2605 honores
2220 2551 2278 2614 ii,
2307 2550 2399 2618 qui
2445 2551 2585 2619 apud
2615 2550 2899 2621 Egyptios
2928 2551 3045 2605 Nilo
3073 2569 3168 2622 per
3190 2557 3391 2609 andro-

172 2645 256 2707 δες,
275 2638 429 2695 τᾶλλά
446 2656 505 2692 τε
533 2640 635 2691 ὅσα
660 2637 934 2700 πλάττεις,
960 2637 992 2706 ἢ
1023 2635 1276 2707 γράφεις,
1302 2635 1463 2706 θηρία
1487 2634 1706 2688 σύνθετα

1831 2659 1979 2714 (γοοδ
2012 2644 2298 2707 habentur,
2331 2652 2385 2695 et
2422 2643 2619 2707 lsides,
2646 2653 2701 2696 et
2746 2643 3002 2698 Mendesii
3047 2646 3140 2708 dii,
3186 2657 3238 2700 el
3273 2648 3389 2716 apic

172 2735 246 2788 καὶ
287 2732 563 2786 ἀλλόκοτα.
600 2730 641 2781 Γ
646 2728 750 2781 ελῶ
791 2744 884 2780 σου
924 2728 1015 2781 τὸν
1061 2728 1235 2791 Πᾶνα,
1281 2726 1377 2779 καὶ
1421 2727 1511 2779 τὸν
1545 2728 1706 2798 Πρία-

1826 2736 1924 2796 les,
1960 2744 2273 2801 caeterzeque
2294 2747 2481 2787 omnes
2520 2733 2703 2788 bestiae
2750 2749 2814 2787 ex
2844 2734 3076 2790 diversis
3103 2739 3390 2805 generibus

171 2839 248 2875 πον
270 2821 391 2890 (55),
413 2819 618 2873 καὶτὸν
653 2817 1099 2888 Ἑρμαφρόδιτον,
1124 2816 1220 2869 καὶ
1242 2817 1365 2879 τοὺς
1390 2816 1494 2868 ὑπὸ
1518 2817 1706 2887 μανίας

1826 2826 2055 2882 :onIlatte
2110 2833 2165 2877 et
2202 2825 2521 2894 prodigiosa:
2549 2864 2564 2888 ,
2602 2841 2737 2894 quas
2792 2827 3055 2896 conﬁngis
3086 2838 3141 2882 et
3188 2830 3390 2898 pingis.

169 2907 690 2980 περικεκομμένουςῆ
724 2905 1151 2976 διεσπασμένους
1186 2904 1297 2976 (56)
1322 2905 1497 2969 θεούς.
1552 2906 1711 2961 Ἀλλά

168 3001 308 3055 ταῦτα
328 3002 419 3071 μὲν
444 3003 511 3071 τῇ
546 3000 719 3069 σκηνῇ
744 2998 855 3069 (57)
890 2999 1140 3069 παρήσω,
1168 2998 1261 3051 καὶ
1285 3001 1396 3061 τοῖς
1421 2997 1711 3068 κοσμοῦσιν

168 3090 327 3153 αὐτοὺς
351 3092 602 3159 ποιηταῖς
627 3102 642 3116 ⁶
678 3088 789 3156 ἐγὼ
823 3088 879 3140 δὲ
911 3091 990 3153 είς
1019 3087 1340 3158 παραίνεσίν
1378 3106 1500 3145 τινα
1543 3106 1711 3144 κατα-

166 3181 283 3235 λύσω
310 3183 396 3235 τὸν
416 3181 597 3249 λόγον.

1811 2916 1957 2970 Pana
2001 2924 2242 2981 tuum,ct
2273 2914 2548 2984 Priapum,
2582 2925 2635 2969 et
2673 2916 3191 2983 Hermaphroditum
3220 2921 3390 2986 rideo,

1810 3009 2046 3079 deosque
2083 3009 2219 3075 illos,
2250 3008 2339 3076 qui
2377 3023 2485 3077 prae
2525 3007 2706 3064 furore
2741 3010 2996 3064 membris
3026 3014 3264 3067 truncati
3298 3026 3393 3069 ant

1813 3099 2067 3168 discerpti
2093 3108 2239 3154 sunt.
2282 3097 2475 3152 Verum
2518 3099 2631 3152 haec
2658 3099 2875 3169 quidem
2924 3116 3121 3166 scenae,
3158 3118 3222 3156 ac
3263 3120 3391 3173 poe-

1820 3193 1889 3246 tis
1919 3206 2013 3246 eos
2056 3192 2464 3255 exornantibus,
2502 3191 2800 3260 relinquam
2828 3211 2840 3245 :
2871 3209 2969 3263 ego
2995 3205 3172 3250 autem
3205 3199 3393 3252 admo-

1817 3282 2020 3338 nitione
2051 3284 2281 3352 quadam
2304 3283 2607 3338 orationem
2636 3284 2974 3339 concludant.

219 3360 552 3431 ΔΓ.Ἀνδρες
572 3357 711 3429 ὀμοῦ
735 3359 827 3413 καὶ
852 3360 1124 3427 γυναῖκες,
1144 3359 1252 3412 νέοι
1279 3375 1339 3412 τε
1355 3359 1448 3414 καὶ
1477 3359 1706 3432 πρεσϐύ-

1887 3373 2127 3429 XXXIII.
2159 3374 2274 3429 Viri
2317 3376 2477 3429 simul
2519 3384 2572 3429 et
2618 3375 2871 3443 feminae,
2905 3376 3126 3446 juvenes
3161 3379 3288 3435 item
3335 3391 3387 3437 et

165 3470 254 3517 ται,
298 3454 404 3506 ὅσοι
435 3470 495 3505 τε
526 3455 609 3515 εἰς
645 3452 706 3504 τὸ
747 3450 898 3521 βῆμα
946 3448 1103 3502 τοῦτο
1151 3448 1377 3513 τελεῖτε,
1439 3450 1532 3502 καὶ
1596 3451 1710 3503 ὅσοι

166 3546 245 3617 τὴν
274 3547 412 3599 κάτω
433 3543 669 3614 τέταχθε
704 3542 908 3615 χώραν,
967 3542 1166 3605 πάντες
1218 3542 1376 3605 ὅσους
1426 3541 1536 3612 (58)
1593 3542 1713 3595 ἐλυ-

167 3636 375 3709 τρώσατο
389 3637 617 3707 Κύριος,
646 3636 905 3707 πρότερον
939 3635 1036 3706 μὲν
1058 3637 1122 3688 ἐκ
1140 3636 1238 3705 τῆς
1255 3634 1463 3703 πλάνης
1492 3633 1585 3687 καὶ
1612 3634 1712 3705 τῆς

166 3727 335 3791 ὰθεῖας,
367 3728 483 3781 νυνὶ
514 3726 574 3780 δὲ
624 3727 726 3797 τῆς
759 3726 1180 3789 ἐπαναστάσεως
1225 3726 1330 3779 τῶν
1374 3724 1562 3791 ἐθνῶν,
1618 3725 1711 3778 καὶ

166 3820 248 3873 τῶν
274 3823 363 3894 ήδη
389 3841 453 3892 γε
504 3824 794 3893 παρόντων
846 3823 1030 3875 κακῶν
1079 3822 1173 3875 καὶ
1227 3819 1707 3892 προσδοκωμένων,

164 3910 393 3968 ἀκούσατε
415 3915 578 3984 λόγον
613 3915 807 3986 ἀνδρὸς
835 3915 894 3967 οὐ
913 3912 1150 3985 μετρίως
1176 3913 1244 3966 τά
1271 3912 1493 3966 τοιαῦτα
1522 3928 1712 3965 πεπαι-

162 3999 401 4071 δευμένου,
434 4004 500 4057 ἐκ
526 4022 589 4057 τε
618 4004 724 4058 τῶν
748 4003 1018 4075 ὁσημέραι
1036 4002 1453 4074 συμϐαινόντων,
1482 4003 1577 4056 καὶ
1603 4002 1710 4057 τῶν

163 4095 371 4151 παλαιῶν
421 4098 703 4171 ἱστοριῶν,
753 4100 848 4152 καὶ
885 4098 1083 4168 βίϐλων
1118 4098 1252 4168 (59),
1304 4096 1401 4150 καὶ
1435 4095 1708 4167 πράξεων.

163 4186 291 4256 Μέγα
321 4190 414 4259 μὲν
438 4190 500 4243 τὸ
519 4190 751 4261 μηδενὸς
770 4189 1097 4261 πειραθῆναι
1119 4189 1225 4243 τῶν
1249 4187 1521 4260 δυσχερῶν
1540 4202 1554 4217 ⁸
1582 4188 1710 4251 ἴσως

161 4279 203 4331 δὲ
226 4281 333 4336 οὐδὲ
362 4284 529 4353 μέγα,
566 4285 728 4357 εἴπερ
752 4284 957 4357 ἀληθὴς
984 4288 1011 4339 ὁ
1039 4285 1219 4355 λόγος,
1248 4285 1330 4338 ὅτι
1367 4286 1474 4337 Ὃν
1506 4280 1711 4353 ἀγαπᾷ

162 4373 339 4440 Κύριος
374 4377 669 4444 παιδεύει,
692 4377 980 4447 μαστιγοῖ
1001 4378 1069 4431 δὲ
1096 4360 1294 4431 έτάντα
1323 4376 1457 4431 υἱὸν
1497 4376 1569 4430 ὃν
1598 4392 1709 4429 πα-

1817 3479 1998 3529 senes,
2035 3475 2143 3517 tam
2188 3464 2277 3534 qui
2307 3464 2373 3517 ad
2398 3464 2500 3519 hoc
2534 3465 2829 3519 sacrarium
2863 3468 3019 3522 asciti
3042 3470 3194 3533 estis,
3228 3485 3389 3540 quam

1817 3558 1908 3626 qui
1940 3554 2251 3611 inferiorem
2287 3556 2467 3610 locum
2502 3558 2720 3623 tenetis,
2759 3573 2949 3613 omnes
2984 3559 3236 3631 denique,
3257 3579 3393 3633 quos

1818 3647 2095 3713 Dominus,
2125 3656 2181 3701 ut
2205 3648 2354 3715 prius
2396 3647 2463 3701 ab
2499 3663 2686 3703 errore
2721 3659 2776 3703 et
2809 3650 3107 3719 impietate,
3138 3653 3212 3707 ita
3250 3670 3393 3708 nunc

1816 3754 1847 3793 a
1880 3739 2119 3810 gentium
2175 3739 2372 3793 insultu
2406 3748 2460 3793 et
2497 3738 2877 3809 impressione,
2934 3743 3216 3813 malisque,
3265 3761 3392 3815 par-

1822 3831 1915 3885 tim
1962 3830 2072 3901 jam
2126 3830 2481 3900 urgentibus,
2548 3831 2745 3899 partim
2810 3833 3219 3888 imminentibus
3260 3834 3393 3889 libe-

1818 3922 1981 3986 ravit,
2031 3921 2214 3976 audite
2270 3923 2571 3991 orationem
2616 3924 2717 3980 viri
2758 3940 2915 3993 quem
2953 3935 3062 3979 tum
3093 3929 3388 3995 quotidiani

1819 4030 2000 4070 rerum
2053 4024 2304 4083 eventus,
2379 4025 2489 4069 tum
2548 4026 2762 4071 veteres
2836 4016 3079 4071 historia:
3138 4029 3193 4072 et
3244 4019 3390 4083 libri,

1818 4117 1872 4163 et
1934 4122 2023 4162 res
2094 4117 2296 4177 gestae,
2362 4121 2469 4162 non
2540 4109 2888 4165 mediocriter
2948 4111 3000 4164 in
3084 4110 3389 4179 bnjusntodi

1817 4197 1980 4251 rebus
2048 4198 2385 4252 erudierunt.
2464 4197 2718 4268 Magnum
2785 4200 3002 4270 quidem
3083 4211 3204 4265 est,
3258 4204 3391 4257 nihil

1817 4288 2028 4342 molesti
2096 4289 2428 4360 degustasse,
2485 4290 2595 4344 imo
2669 4305 2767 4346 nec
2834 4307 3084 4362 magnum
3132 4292 3389 4359 fortasse,

1816 4378 1861 4432 si
1910 4381 2067 4433 modo
2106 4364 2268 4435 verus
2313 4381 2401 4435 hic
2450 4396 2631 4436 sermo
2673 4392 2795 4436 est:
2834 4382 2995 4446 Quem
3043 4382 3179 4437 Deus
3221 4398 3387 4449 amur,

159 4464 451 4534 ωδὲχεται,
476 4468 580 4522 καὶ
615 4463 688 4523 οὗ
714 4466 981 4533 κήδεται.
1028 4466 1188 4520 Ἀλλά
1214 4466 1355 4537 μέγα
1382 4466 1477 4537 μὲν
1498 4466 1558 4517 τὸ
1579 4465 1706 4536 μηδὲ

1826 4470 2038 4540 castigat
2066 4487 2084 4534 ;
2114 4482 2163 4523 et
2184 4471 2418 4540 ﬂagellat
2463 4488 2667 4526 omnem
2720 4473 2889 4540 ﬁlium
2924 4490 3072 4542 quem
3103 4476 3310 4543 recipit,
3338 4487 3387 4528 et

161 4556 237 4629 τὴν
271 4561 433 4633 ἀρχὴν
488 4564 679 4633 τυχεῖν
722 4561 1115 4634 διαμαρτόντας
1157 4560 1290 4632 (60),
1332 4561 1364 4631 ἢ
1402 4559 1477 4631 μὴ
1522 4559 1587 4612 τὰ
1619 4559 1713 4629 μέ-

214 4672 232 4701 ³
256 4670 403 4726 Prov.
430 4672 596 4739 tu,”
620 4690 636 4739 ;
658 4670 821 4727 Hebr.
848 4687 945 4737 xtt,
973 4671 1025 4726 6.

217 4761 313 4833 (48)
341 4764 554 4835 Χορόν.
599 4764 679 4819 lta
721 4763 885 4835 Regg.
937 4772 1189 4835 quatuor,
1243 4759 1397 4835 Cplb.
1455 4760 1517 4835 2.
1546 4760 1704 4825 Sav.,

162 4830 256 4885 Alli.
285 4830 336 4886 et
359 4830 521 4887 nm.
560 4835 690 4888 Par.
720 4830 825 4889 ed.’
839 4830 967 4887 cum
993 4832 1177 4902 paucis
1199 4832 1358 4884 codd.
1388 4830 1569 4901 χορός.

217 4901 713 4975 (49)-Προσύμνῳ.
746 4922 763 4955 ι
805 4901 1160 4975 Prosumnutn
1192 4912 1400 4975 )_V(_)Cal
1456 4902 1705 4956 Clemens

162 4970 617 5029 Alex.’Pausanias
648 4970 773 5027 vero
794 4984 849 5028 et
874 4974 1114 5034 Nonnus,
1147 4989 1166 5021 ι
1211 4970 1590 5041 Ροιγιηηιιιῃι

220 5042 314 5113 (50)
344 5044 581 5114 Δείμου.
619 5043 787 5114 Regg.
812 5044 920 5106 bm,
955 5044 1046 5105 bu,
1079 5041 1228 5095 Colb.
1262 5039 1319 5114 k,
1353 5043 1465 5108 ipse
1496 5040 1700 5105 Billius,

164 5111 326 5183 δήμου,
360 5134 377 5164 ι
403 5111 527 5168 cum
558 5111 784 5182 populo,
815 5131 832 5165 ι
872 5114 923 5168 id
947 5122 1048 5175 est,
1089 5130 1108 5183 ι
1138 5111 1398 5183 exercitu.
1434 5128 1453 5160 ι

220 5181 625 5253 (51)Μήστωρ.
658 5184 957 5253 SexRegg.
995 5191 1048 5236 et
1070 5181 1237 5253 Pass.
1271 5182 1546 5253 μνήστωρΣ

220 5249 318 5324 (52)
355 5249 743 5324 Ἐνανρῶνιον.
771 5249 956 5307 Dillius
990 5252 1178 5324 reddit,
1205 5268 1223 5301 ι
1246 5249 1321 5324 _a_c
1336 5249 1504 5324 veluti
1526 5249 1702 5324 Lugii,

166 5318 240 5374 seu
261 5318 522 5389 Mercurii,
561 5338 760 5378 nomen
785 5333 976 5378 esset.»
993 5320 1212 5376 Contb.t
1244 5318 1437 5373 Mentis
1458 5318 1700 5384 anxium,

166 5406 251 5444 non
270 5394 431 5447 solum
463 5393 742 5448 sermonis
770 5394 1139 5455 contentione,
1179 5392 1273 5444 sed
1323 5390 1483 5442 etiam
1528 5395 1700 5444 turto-

166 5474 262 5513 runt
281 5463 577 5532 disciplina.
614 5482 635 5513 ι
656 5462 822 5518 Mont.
864 5459 1203 5530 Ἐναγώνιος,
1235 5457 1652 5532 t_Pal;Bstrite_s;
1678 5479 1698 5513 ι

168 5542 268 5601 nam
300 5527 599 5586 Mercurius
640 5533 904 5600 palzestris
948 5527 1224 5601 praerat._
1250 5527 1427 5601 Quare
1480 5531 1533 5601 in
1588 5529 1704 5597 ipso

166 5599 379 5673 ingressu
413 5604 580 5656 stadii
616 5596 879 5673 Olympici
928 5596 1150 5673 arafuit
1176 5596 1440 5652 Mercurio
1480 5596 1684 5667 Ἐναγω

168 5667 249 5737 νίῳ
276 5674 466 5733 dicata,
500 5683 561 5725 ut
592 5667 791 5727 scribit
810 5671 1127 5726 Pausanias.

228 5738 738 5812 (55)Συγκρύπτω.
766 5742 895 5813 Reg.
923 5743 1103 5808 bm,et
1138 5738 1265 5796 Sav.
1296 5737 1678 5806 συγκαλύπτω.

1821 4561 1973 4631 cujus
2007 4578 2186 4615 curam
2210 4564 2359 4617 habet
2387 4561 2576 4618 ’.lllud
2602 4579 2731 4618 vero
2762 4581 3036 4635 magnum,
3063 4582 3128 4620 ne
3165 4568 3388 4621 omnino

1885 4754 1996 4827 (54)
2041 4756 2371 4827 Μενδήσιοι
2418 4760 2560 4812 θεοί.
2602 4779 2620 4811 ι
2658 4760 2912 4815 Mentlesii
2955 4760 3051 4814 tlii.
3099 4778 3119 4810 ι
3168 4760 3385 4816 Hircum

1814 4826 2113 4881 adorabunt
2137 4826 2400 4896 AEgyplii,
2438 4837 2492 4882 et
2518 4846 2703 4884 eorum
2735 4831 2914 4896 lingua
2950 4831 3135 4885 hircus
3167 4850 3184 4882 ι
3235 4848 3389 4884 men-

1811 4898 1902 4970 din
1941 4915 1961 4947 ι
1993 4900 2329 4970 vocabatur:
2367 4900 2509 4970 unde
2551 4915 2673 4964 vox,
2734 4900 3043 4970 Μενδήσιος
3067 4941 3081 4963 ,
3145 4904 3385 4956 derivata

1810 4967 2061 5032 videtur;
2095 4967 2178 5021 vel
2212 4966 2394 5021 forsan
2430 4968 2533 5023 loci
2587 4986 2783 5025 nomen
2832 4966 2935 5025 est.
2998 4971 3265 5026 Cat-terum
3300 4974 3388 5026 Inc

1811 5035 2018 5107 ironice
2052 5037 2291 5105 loquitur
2319 5037 2636 5107 Gregorius.

1886 5106 1999 5177 (55)
2048 5107 2337 5174 Πρίαπον.
2382 5106 2507 5163 MSS.
2546 5127 2650 5165 non
2702 5112 2857 5182 pauci
2907 5112 3172 5175 scribunt,
3216 5111 3387 5183 Πρίη-

1812 5192 1932 5232 πον.

1886 5247 1997 5318 (56)
2029 5250 2579 5321 Περικεκομμένους
2610 5250 2648 5319 ἢ
2688 5251 3193 5321 διεσπασμένους.
3226 5268 3243 5301 ι
3278 5250 3385 5306 Le-

1810 5318 2223 5394 gebatur_olitn,
2262 5338 2281 5371 ι
2316 5318 2493 5394 inquit
2542 5318 2783 5394 Cotnbei.
2821 5318 3337 5394 ,περιπλεκομένους
3366 5358 3382 5385 ,

1817 5387 1836 5441 i
1865 5387 2237 5462 co‘tnplicatos.
2266 5409 2285 5441 ›
2319 5387 2566 5462 Iit'Pass.
2589 5393 2774 5462 deest,
2803 5393 2834 5462 ἢ
2868 5387 3325 5462 δίεσπασμένους.

2152 5459 2376 5533 σκηνῇ.
2403 5460 2565 5533 Deest
2585 5461 2636 5514 in
2658 5455 2869 5533 duobus
2903 5462 3085 5533 Regiis
3107 5455 3275 5516 'codd.

1884 5528 1998 5599 (58)
2027 5528 2266 5595 Ὅσους.
2308 5530 2440 5599 Reg.
2482 5530 2590 5597 bm,
2622 5530 2737 5595 οὖς.

1810 5596 2000 5723 Pagi)
2166 5596 2419 5661 βίϐλων.
2454 5596 2613 5655 Deest
2641 5603 2692 5656 in
2720 5602 2957 5672 quinque
2979 5600 3169 5671 Regg.,
3198 5600 3294 5657 0r.
3329 5602 3381 5667 I,

1856 5684 1988 5727 855..
2018 5678 2124 5721 etc.

1881 5737 1994 5809 (60)
2031 5736 2148 5806 Τὴν
2162 5738 2362 5809 ἀρχὴν
2376 5739 2581 5810 τυχεῖν
2605 5739 3053 5812 διαμαρτόντας.
3084 5760 3103 5795 ι
3134 5741 3381 5812 Magnum
