3878 6398
476 256 577 310 τοι
1675 246 1731 301 s.
1772 241 2099 301 ensconn
2140 237 2486 295 THEOLOGI
3186 206 3189 211 ⁴
3592 233 3680 288 708

480 371 695 441 quidem
736 382 1011 439 peccasse,
1043 375 1133 420 aut
1177 372 1325 419 certe
1362 379 1463 417 non
1496 362 2011 431 gravissime;quan

2149 372 2307 424 γιστα
2331 372 2343 385 ο
2392 351 2578 421 ἐπειδὴ
2610 349 2670 402 τὸ
2702 346 2975 409 παντελῶς
3026 344 3403 415 ἀναμάρτητον
3447 344 3577 413 ὑπὲρ
3597 346 3679 417 τὴν

483 462 768 532 doquidem
803 475 924 514 eum
958 458 1081 511 vita:
1122 466 1327 512 statum
1359 456 1447 523 qui
1481 455 1629 509 omni
1663 467 1886 523 prorsus
1918 466 2014 520 pec

2149 445 2493 518 ἀνθρωπίνην
2522 441 2681 512 φύσιν
2713 437 2898 502 ἔταξεν
2946 436 2975 488 ὁ
3026 435 3186 497 Θεόςο
3229 434 3474 504 δεύτερον
3519 434 3591 497 δὲ,
3616 436 3678 500 ὡς

486 565 610 608 cato
664 561 842 615 vacet,
879 551 1022 604 Deus
1072 564 1236 617 supra
1288 548 1536 600 humana:
1576 553 1782 598 naturze
1835 543 2017 597 modur

2151 537 2337 608 ἔμοιγε
2373 534 2483 604 (61)
2514 534 2679 597 δοκεῖ,
2714 531 2775 583 τὸ
2804 526 3137 589 παίσαντάς
3167 543 3218 578 τι
3270 525 3367 578 καί⁵
3395 524 3681 579 παιδευθέν-

484 642 785 696 constituit.
822 638 1131 693 Proximum
1185 645 1389 701 autem,
1432 646 1488 688 ut
1539 635 1669 688 mihi
1719 634 1951 695 videtur,
1986 631 2015 683 il

2153 646 2278 692 τας,
2327 623 2445 680 εἶτα
2500 622 2859 683 ὲπανεθέντας
2892 618 3027 691 (62),
3058 619 3113 671 ὲν
3142 618 3386 688 αἰσθήσει
3430 616 3536 687 (65)
3578 618 3684 685 γοῦν

488 732 578 784 Iud
632 738 734 793 est,
764 736 823 781 ut
855 741 979 782 cum
1018 725 1255 780 admisso
1305 725 1484 792 aliquo
1535 730 1756 790 peccato
1802 721 2019 789 castiga!

2156 720 2421 790 διαμεῖναι
2444 718 2543 787 τῆς
2562 713 2956 783 παιδαγωγίας,
2970 710 3063 764 καί
3088 710 3308 779 φεύγειν
3329 707 3439 779 (64)
3463 708 3687 779 δευτέραν

490 820 771 882 fuerimus,
798 832 863 871 ac
914 826 1097 887 postea
1148 814 1310 870 soluti
1361 826 1414 869 et
1465 813 1828 882 indulgentius
1856 812 2021 866 habiti

1491 813 1828 882 ndulgentius
1856 812 2052 876 habiti,
2156 813 2219 864 ἐκ
2246 810 2502 880 δευτέρας
2528 808 2725 871 κακίας
2763 806 3022 877 μάστιγα.

490 913 544 965 in
587 911 883 980 disciplina:
931 907 1123 963 saltem
1173 923 1334 960 sensu
1379 920 1810 976 permaneamus,
1863 920 1925 959 ac
1968 919 2055 959 se-

490 1004 663 1058 cunda
693 1002 761 1054 ob
784 1002 1076 1055 secundum
1107 1010 1384 1069 peccatum
1419 1000 1642 1053 verbera
1674 1011 1983 1051 caveamus.

564 1094 803 1150 XXXIV.
845 1094 1110 1162 Quocirca
1176 1108 1275 1147 nos
1334 1106 1550 1161 quoque
1607 1091 1841 1145 divinam
1902 1092 2061 1160 170

2233 1093 2653 1164 ΛΔ’.Τοιγάρτοι
2690 1090 2799 1161 (65)
2822 1091 2915 1144 καί
2940 1092 3101 1161 ἡμεῖς
3129 1087 3274 1158 ἔργῳ
3296 1085 3400 1154 τῆς
3426 1084 3565 1147 Θείας
3592 1102 3693 1137 παι-

492 1188 1010 1244 animadversionem
1063 1186 1206 1242 serio
1263 1200 1636 1256 agnoscamus.
1697 1187 1892 1256 Dignos
1965 1202 2023 1238 nd

2161 1187 2391 1248 δεύσεως
2414 1181 2819 1253 ὲπαισθώμεθα.
2844 1179 3115 1250 Δείξωμεν
3153 1178 3299 1248 ἡμᾶς
3332 1176 3519 1237 αὐτοὺς
3541 1173 3692 1238 ἀξίους

491 1279 862 1343 ostendamus,
894 1294 998 1333 non
1051 1277 1117 1333 iis
1150 1292 1270 1347 qua:
1306 1276 1457 1345 prius
1488 1278 1728 1346 perpessi
1758 1317 1770 1341 ,
1802 1277 1893 1332 sed
1942 1292 2022 1347 qu:

2163 1279 2257 1348 οὐχ
2298 1271 2371 1331 ὧν
2419 1276 2633 1349 πρῶτον
2672 1272 3034 1342 πεπόνθαμεν,
3061 1269 3195 1324 ἀλλὰ
3220 1262 3295 1321 ὧν
3332 1266 3547 1337 ὓστερον
3567 1283 3693 1320 τετυ-

494 1382 677 1440 postea
708 1370 983 1425 consecuti
1015 1384 1222 1423 sumus.
1251 1368 1324 1421 De
1357 1367 1668 1421 calamitate
1693 1383 1754 1421 ea
1798 1383 1918 1437 qua:
1966 1383 2025 1420 no

2167 1370 2430 1439 χήκαμεν.
2467 1362 2959 1433 Ἀπολογησώμεθά
2976 1360 3084 1432 (66)
3102 1378 3153 1413 τι
3170 1358 3299 1429 περί
3326 1358 3421 1427 τῆς
3437 1356 3698 1423 κατασχού-

496 1464 712 1527 iuvasit,
744 1460 987 1517 nonnihil
1046 1476 1141 1515 nos
1184 1475 1492 1530 purgemus,
1526 1474 1716 1529 nempe
1755 1460 1921 1528 quod,
1958 1474 2025 1512 no

2167 1478 2263 1530 σης
2286 1461 2431 1530 ἡμᾶς
2454 1457 2759 1528 συμφορᾶς,
2782 1456 2864 1507 ὅτι
2891 1453 3077 1524 οὑχὼς
3097 1449 3398 1521 κακοῦργοι
3423 1451 3529 1510 τοῖς
3551 1447 3698 1501 ἔθνεσι

498 1564 557 1607 ιιι
599 1552 886 1607 facinorosi
930 1562 983 1607 et
1031 1551 1274 1606 scelerati
1322 1550 1567 1621 gentibus
1608 1551 1810 1614 traditi,
1856 1551 1950 1604 sed
2009 1566 2029 1602 ι

2168 1550 2570 1622 παρεδόθημεν,
2619 1547 2732 1600 ἀλλ’
2761 1547 2835 1608 ὼς
2876 1544 3057 1607 παῖδες
3109 1539 3592 1612 ὲσωφρονίσθημεν.
3626 1540 3698 1609 Μὴ

500 1646 595 1697 filii
635 1644 882 1714 castigati
913 1659 1119 1697 sumus.
1159 1641 1235 1696 Ne
1290 1642 1628 1712 tempestatis
1668 1642 1723 1695 in
1769 1640 2023 1711 tranquill

2170 1640 2554 1712 ἐπιλαθώμεθα
2610 1642 2708 1710 τῆς
2758 1637 2926 1709 ζάλης
2963 1638 3020 1689 ὲν
3075 1636 3140 1705 τῇ
3176 1633 3411 1704 γαλήνῃ,
3472 1630 3592 1701 μηδὲ
3624 1630 3697 1698 τῆς

499 1744 611 1789 tate
671 1734 1055 1788 obliviscamur
1082 1728 1232 1800 {nec
1288 1733 1501 1798 morbi,
1538 1731 1591 1784 iu
1643 1730 1877 1785 sanitate
1919 1748 1933 1797 ;
1968 1747 2030 1784 ne

2169 1702 2477 1804 ἀρρωστίας
2531 1731 2588 1782 ὲν
2635 1702 2710 1797 τίει
2765 1702 2941 1798 καιρῷ
2994 1702 3389 1793 τῆςῃὺγιείαςή,
3458 1717 3581 1787 μηδὲ
3621 1715 3700 1784 τῆς

501 1826 852 1895 captivitatis,
884 1825 1180 1879 incolumes
1217 1825 1269 1878 in
1330 1822 1663 1877 Hierusalem
1694 1822 1894 1877 reversi
1922 1838 1936 1885 ;
1969 1836 2032 1873 ne

2168 1822 2577 1894 αἰχμαλωσίας,
2643 1817 3012 1879 ἀνασωθέντες
3076 1815 3157 1876 είς
3213 1812 3315 1881 τὴν
3371 1807 3698 1877 Ἰερουσαλὴμ,

499 1916 741 1986 JEgypti,
762 1925 877 1984 post
900 1915 1209 1987 Egyptum.
1240 1914 1317 1969 Ne
1342 1914 1647 1969 aﬂlictiouis
1678 1923 1890 1982 tempus
1916 1923 2030 1966 tran

2172 1914 2306 1986 μηδὲ
2332 1913 2433 1982 τῆς
2467 1911 2741 1979 Αἰγύπτου
2779 1908 2916 1980 μετά
2950 1907 3047 1977 τὴν
3076 1904 3372 1972 Αἰγύπτοψ
3408 1902 3478 1971 μὴ
3508 1902 3702 1969 ποιήσω-

502 2004 785 2074 quillitatis
816 2014 1055 2073 tempore
1102 2004 1294 2058 melius
1328 2003 1590 2059 faciamus
1626 2022 1638 2057 :
1682 2004 1942 2057 faciemus
1972 2017 2033 2055 au

2174 2024 2272 2077 μεν
2317 2005 2524 2076 ἀμείνω
2564 2004 2655 2058 τὸν
2699 2003 2798 2073 τῆς
2855 1999 3227 2061 κακοπαθείας
3277 1996 3466 2065 καιρὸν
3506 1992 3590 2045 τοῦ
3630 1993 3702 2061 τῆς

502 2094 703 2156 tem,si
742 2104 851 2148 tum
900 2093 1117 2162 quidem
1163 2094 1381 2149 demissi
1416 2104 1469 2148 et
1516 2095 1778 2149 moderati
1830 2109 2033 2149 eramus

2174 2098 2407 2160 ἀνέσεως
2444 2096 2577 2165 (67)·
2630 2096 2925 2166 ποιήσομεν
2952 2093 3009 2145 δὲ
3045 2090 3176 2160 (68),
3201 2090 3249 2140 εἰ
3282 2085 3590 2157 φαινοίμεθα
3611 2086 3705 2137 τότε

502 2199 797 2250 omnesque
840 2199 964 2252 spes
1012 2193 1223 2238 nostras
1258 2184 1309 2237 in
1341 2184 1534 2237 caelum
1578 2192 1787 2237 erectas
1833 2182 2033 2236 babeba

2177 2191 2277 2262 μὲν
2314 2188 2732 2259 συνεσταλμένοι
2764 2187 2858 2240 καὶ
2896 2183 3303 2256 μετριάζοντες,
3342 2181 3436 2232 καί
3468 2178 3623 2238 πάσας
3646 2179 3703 2238 εἰς

508 2292 645 2341 mus,
692 2291 831 2330 nunc
863 2290 988 2329 vero
1030 2275 1082 2328 in
1122 2275 1352 2329 sublime
1390 2276 1699 2329 attollamur
1732 2284 1786 2329 et
1832 2275 2039 2329 emollia

2177 2282 2231 2335 οὐ
2240 2282 2395 2353 patva
2417 2281 2779 2342 ἀνατείνοντες
2794 2277 2902 2348 (69)
2916 2278 3013 2340 τὰς
3025 2274 3385 2338 ὲλπίδας,νυνί
3400 2272 3451 2325 δὲ
3467 2270 3708 2339 ἐπαιρῦμε-

509 2386 647 2433 mur,
684 2376 844 2437 atque
878 2367 943 2419 ad
988 2366 1171 2420 eadem
1202 2376 1421 2435 peccata
1456 2381 1818 2429 recurrainus,
1850 2365 1919 2420 ob
1954 2382 2040 2432 qu:

2175 2388 2253 2424 νοι
2271 2372 2381 2442 (70)
2414 2372 2508 2423 καί
2524 2370 2722 2441 χαυνού
2731 2387 2901 2440 μενοι,
2920 2369 3014 2422 καὶ
3031 2368 3193 2421 πάλιν
3223 2368 3303 2429 εἰς
3324 2366 3419 2428 τὰς
3444 2364 3593 2425 αὑτὰς
3606 2365 3704 2414 iv:-

511 2463 563 2514 in
617 2476 710 2514 cas
762 2460 1096 2519 calamitates
1136 2472 1255 2527 quae
1304 2458 1458 2512 nobis
1501 2466 1821 2522 evenerunt,
1874 2457 2042 2511 induc!

2176 2463 2456 2535 τρέχοντες
2486 2462 2780 2533 ἁμαρτίας,
2812 2462 2872 2525 ἐξ
2894 2454 3186 2522 ὦνιείςτάς
3220 2457 3587 2528 συμπεσούσας
3607 2457 3707 2523 ἡμῖν

509 2570 720 2608 sumus.
767 2552 847 2605 Ne
902 2555 997 2613 ita.
1032 2552 1171 2621 filii,
1205 2568 1268 2604 ne
1306 2553 1376 2602 ita
1406 2550 1447 2617 ⁸,
1496 2550 1641 2605 velut
1687 2550 1919 2619 quodam
1958 2549 2038 2603 loc

2177 2552 2462 2626 συμφορὰς
2501 2552 2846 2624 ὑπήχθημεν.
2882 2553 2979 2619 Μὴ
3010 2553 3181 2615 οὕτω,
3218 2550 3423 2611 τέλει-α,
3449 2549 3548 2617 μὴ,
3594 2548 3706 2614 λέγει

514 2647 591 2697 ait
643 2644 756 2697 Ileli
810 2643 1087 2705 sacerdos,
1141 2640 1281 2694 filios
1325 2655 1452 2696 suos
1496 2640 1549 2693 in
1579 2639 1745 2693 Deum
1789 2648 2045 2708 peccante

2177 2664 2276 2700 που
2294 2644 2555 2699 νουθετῶν
2575 2646 2603 2697 ὁ
2627 2647 2803 2716 ἱερεὺς
2816 2645 2963 2697 Ἠλεὶ
2983 2644 3092 2714 (7|)
3107 2646 3234 2707 τοὺς
3252 2643 3445 2698 ἑαυτοῦ
3469 2642 3637 2703 παῖδας
3651 2643 3708 2701 εἰς

515 2737 836 2803 increpans;
868 2749 1051 2787 verum
1082 2735 1182 2788 hoc
1214 2732 1549 2801 exploratum
1591 2731 1877 2795 habentes,
1906 2731 2046 2784 mino

2177 2738 2311 2791 Θεὸν
2348 2737 2761 2809 ἁμαρτάνοντας
2780 2754 2796 2769 ·
2825 2737 2939 2791 ἀλλ’
2967 2738 3187 2802 εἰδότες,
3221 2739 3304 2791 ὅτι
3338 2738 3465 2808 ρᾷὁν
3495 2740 3620 2790 ἐστιν
3642 2737 3707 2787 εἰ·

517 2830 591 2881 ris
627 2841 747 2881 esse
785 2824 1007 2895 negotii,
1039 2823 1305 2878 sublatam
1348 2837 1414 2877 ex
1448 2821 1619 2877 oculis
1650 2821 1961 2876 felicitatem
1990 2836 2045 2875 rc

2180 2828 2418 2901 πραγίαν
2445 2828 2781 2882 ἀπελθοῦσαν
2800 2828 2912 2899 (72)
2933 2829 3396 2892 ἀνακαλέσασθαι,
3414 2830 3445 2897 ἦ
3467 2845 3709 2899 παραγενο·

514 2932 732 2983 Vocare,
763 2932 924 2987 quam
969 2931 1087 2985 qua:
1138 2914 1233 2969 Dei
1261 2914 1523 2992 beneficio
1576 2914 1817 2979 obvenit,
1871 2914 2044 2968 incolu

2183 2919 2352 2991 μένην
2374 2922 2438 2972 ὲκ
2454 2919 2588 2972 Θεοῦ
2605 2920 2968 2973 διασώσασθαι
2994 2921 3110 2992 (τὴν
3138 2922 3240 2985 μὲν
3270 2922 3378 2993 γὰρ
3403 2922 3460 2973 τὺ
3480 2924 3709 2991 σοφρονεῑν

517 3026 656 3063 mem
693 3022 1013 3063 conservare
1041 3006 1205 3077 (illam
1241 3007 1384 3059 enim
1426 3005 1704 3075 prudentia
1741 3015 1798 3061 et
1833 3005 2048 3061 modera

2181 3011 2461 3080 ἐπανάγει,
2500 3011 2598 3083 τὴν
2633 3012 2690 3065 δὲ
2740 3012 2944 3065 διαλύει
2975 3013 3035 3065 τὸ
3090 3013 3338 3084 ῥᾴθυμον
3368 3019 3381 3077 )
3412 3031 3424 3043 ·
3460 3013 3546 3066 καὶ
3573 3014 3638 3066 ὅτι
3661 3015 3710 3064 τὰ

520 3104 593 3155 tio
642 3100 871 3165 reducit,
914 3101 1051 3154 hanc
1098 3100 1346 3154 socordia
1393 3098 1686 3169 dissipat):
1721 3098 1963 3168 illudque
1993 3098 2047 3152 in

2190 3104 2414 3176 σώματα
2439 3106 2711 3176 κάμνοντα
2744 3106 2840 3177 μὲν
2872 3108 2992 3169 ταῖς
3024 3106 3348 3178 θεραπείαις
3380 3109 3615 3179 ἀναφέρει
3643 3113 3712 3161 xz‘:

518 3209 697 3261 super,
754 3208 894 3262 aegra
945 3206 1175 3261 corpora
1230 3190 1482 3245 remediis
1533 3190 1749 3260 quidem
1803 3200 1857 3244 et
1901 3190 2042 3245 inedi

2188 3199 2308 3259 ταῖς
2328 3196 2573 3260 ἐνδείαις,
2610 3197 2968 3265 ἀνενεγκόντα
2996 3197 3051 3250 δὲ
3074 3200 3193 3260 ταῖς
3225 3199 3370 3252 κατά
3395 3200 3574 3271 μικρὸν
3611 3200 3714 3270 ἀμε-

519 3284 769 3347 rclevari,
804 3299 867 3337 ac
919 3281 1135 3338 sanitati
1188 3282 1430 3348 restitui,
1473 3281 1720 3336 restituta
1747 3294 1925 3335 autem
1947 3320 1962 3344 ,
1990 3295 2050 3351 pe

2190 3284 2362 3349 λείαις
2384 3287 2476 3339 καί
2502 3290 2621 3349 ταῖς
2649 3286 3003 3357 πλησμοναῖς,
3030 3288 3190 3341 πάλιν
3224 3290 3480 3362 ύπορρεῖ,
3508 3292 3715 3361 καὶπρὸς

521 3376 781 3428 incuriam
827 3385 881 3429 et
931 3373 1221 3445 ingluviem
1274 3374 1529 3442 paulatim
1578 3389 1791 3428 rursum
1824 3372 2052 3427 deﬂuere

2193 3376 2291 3440 τὰς
2330 3378 2512 3441 αύτάςί
2545 3379 2853 3449 ἀρρωστίας
2884 3380 3151 3435 ἐπάνεισι.
3184 3382 3372 3435 Ταῦτα
3406 3384 3606 3447 εἰδότες,
3648 3386 3715 3437 καὶ

522 3480 685 3539 atque
718 3469 769 3522 in
803 3467 1017 3522 eosdem
1043 3466 1259 3520 morbos
1292 3466 1480 3519 relabi.
1512 3464 1656 3531 Hzec,
1680 3464 1918 3533 inquam,
1940 3476 2053 3518 com

2194 3468 2455 3540 ἀλλήλους
2499 3470 2860 3535 διδάσκοντες,
2914 3472 3199 3542 γενώμεθα
3248 3475 3406 3545 ἡμῶν
3437 3477 3613 3539 αὐτῶν,
3648 3479 3716 3528 καὶ

522 3571 671 3632 perta
708 3568 762 3614 et
799 3559 1070 3625 explorata
1109 3559 1387 3623 habentes,
1410 3557 1604 3626 aliique
1637 3558 1774 3611 alios
1803 3559 2053 3612 docentes

1643 3558 1774 3611 alios
1803 3559 2075 3621 docentes,
2188 3562 2477 3632 σωφρόνως
2509 3563 2599 3616 τὸν
2627 3564 2818 3635 καιρὸν
2843 3564 3174 3635 διαθώμεθα.

524 3654 594 3707 ad
624 3668 721 3707 nos
747 3651 844 3719 ipsi
875 3651 1176 3715 redeamus,
1207 3660 1368 3719 atque
1408 3649 1509 3702 hoc
1550 3659 1757 3716 tempus
1793 3648 2083 3716 prudenter

528 3763 589 3802 ac
619 3748 895 3802 moderate
922 3746 1334 3801 constituamus.

598 3835 819 3893 XXXV.
850 3836 927 3891 Ac
956 3836 1187 3905 primum
1211 3836 1450 3906 quidem,
1480 3833 1695 3898 fratres,
1728 3835 1919 3890 festum
1951 3836 2095 3890 cele-

2272 3834 2393 3889 AE'.
2429 3836 2648 3905 Πρωτον
2702 3835 2819 3905 μὲν,
2856 3836 3092 3905 ἀδελφοι,
3144 3838 3623 3910 πανηγυρὴωμεν,
3665 3840 3718 3905 μὴ

528 3925 773 3988 breuius,
806 3937 911 3978 non
948 3924 1189 3991 corporis
1241 3925 1449 3987 nitore,
1484 3940 1588 3978 non
1644 3925 1869 3979 vestitus
1919 3934 2059 3978 muta

2202 3925 2517 3998 φαιδρότητι
2537 3926 2807 3997 σώματος,
2835 3928 2965 3998 μηδὲ
2984 3928 3209 4003 ἐσθῆτος
3230 3930 3540 3999 ἐξαλλαγαῖς
3560 3932 3637 3983 καὶ
3650 3947 3722 3981 πο-

533 4016 677 4070 tioue
722 4029 784 4067 ac
840 4012 1272 4083 magniﬁcentia,
1321 4030 1424 4068 non
1491 4015 1973 4070 comessationibus
2041 4033 2064 4070 c

2199 4016 2632 4087 λυτελείαις(75),
2650 4018 2781 4088 μηδὲ
2803 4017 3006 4089 κώμοις
3030 4020 3119 4071 καί
3146 4021 3361 4090 μέθαις,
3383 4016 3457 4074 ὧν
3483 4021 3720 4083 κοίταςκαί

533 4106 907 4171 ebrietatibus,
951 4121 1177 4174 quarunt
1211 4108 1441 4162 fructum
1484 4108 1679 4162 cubilia
1717 4118 1773 4162 et
1808 4108 2062 4178 impudici

2197 4108 2482 4175 ἀσελγείας
2514 4109 2604 4161 τὸν
2634 4109 2843 4180 καρπὸν
2872 4109 3099 4179 ἐμάθετε
3125 4111 3238 4180 (74)
3260 4129 3272 4141 ⁸
3290 4114 3423 4183 μηδὲ
3440 4112 3606 4165 ἄνθεσι
3631 4111 3721 4163 στέ-

535 4195 640 4250 tias
664 4208 783 4247 esse
813 4192 1098 4258 didicistis,
1130 4209 1230 4250 nec
1249 4195 1473 4250 ﬂoribus
1496 4197 1646 4252 vicos
1676 4197 1978 4267 cingamus,
1998 4213 2065 4251 ne

2196 4201 2384 4272 ψωμεν
2434 4202 2650 4270 ἀγυιὰς,
2709 4203 2843 4273 μηδὲ
2895 4203 3080 4275 μύρων
3137 4205 3425 4275 αἰσχύναις
3461 4205 3720 4275 τραπέζας.

537 4297 930 4357 unguentorum
968 4286 1292 4357 turpitudine
1355 4305 1570 4345 mensas
1618 4299 1671 4344 et
1726 4290 1985 4345 vestibula
2011 4305 2068 4345 or

2201 4293 2335 4362 μηδὲ
2371 4294 2614 4348 ποόθυοα
2650 4295 3079 4365 καλλωπίσωμεν
3107 4296 3218 4365 (75)
3241 4314 3254 4327 ·
3297 4297 3372 4368 μὴ
3401 4296 3480 4367 τῷ
3525 4293 3722 4365 αἰσθητῷ

610 4454 629 4483 ³
665 4450 682 4504 1
714 4450 851 4518 Reg.
885 4449 1034 4512 ψει

545 4638 631 4680 est
671 4640 737 4679 ne
767 4624 973 4694 peccati
995 4624 1208 4693 quidem
1234 4625 1388 4679 initia
1421 4625 1503 4679 vel
1533 4624 1727 4679 leviter
1787 4625 2050 4696 attigisse,
2095 4643 2110 4675 ι
2150 4634 2192 4688 ι)
2227 4626 2534 4700 dulgentiaz,
2560 4630 2915 4700 prosperioris
2940 4646 3225 4685 successus
3254 4641 3509 4700 tempore.
3532 4653 3549 4685 ι

543 4712 650 4753 ριιξ.
708 4766 717 4773 Α
760 4766 824 4773 __
1040 4765 1072 4773 _
1309 4764 1322 4773 .
1428 4764 1438 4773 -
1508 4764 1520 4773 .
1770 4765 1781 4773 .

2292 4697 2402 4767 (68)
2432 4698 2769 4768 Ποιήσομεν
2788 4700 2873 4751 δέ.
2905 4703 2991 4755 Sic
3012 4702 3251 4771 plerique
3276 4697 3428 4755 codd.
3453 4703 3581 4758 Edi‘t.
3600 4720 3722 4773 ποιη-

615 4766 727 4837 (61)
760 4766 1010 4837 Ἔμοιγε.
1040 4765 1197 4837 Deest
1217 4764 1362 4837 ys_in
1388 4764 1661 4837 plerisque
1682 4765 1842 4837 codd.
1947 4834 1957 4837 _
1986 4833 2000 4837 Α
2028 4834 2037 4837 _

885 4781 1010 4833 ure.
1040 4765 1197 4837 Deest
1217 4764 1362 4837 ys_in
1388 4764 1661 4837 plerisque
1682 4765 1842 4837 codd.
1947 4834 1957 4837 _
1986 4833 2000 4837 Α
2028 4834 2037 4837 _
2220 4764 2416 4837 σωμεν.

621 4833 731 4906 (62)
761 4833 1230 4909 ΔἙππανιςθέγ-τιῑς.
1266 4834 1358 4889 0r.
1392 4833 1429 4887 ’l
1454 4873 1484 4909 ,Α
1513 4844 1568 4888 et
1596 4836 1746 4909 Pass.
1778 4833 2105 4909 ὲςτανελθδν-

2084 4860 2105 4873 ·
2288 4833 2397 4909 (69)
2444 4839 2899 4906 Ἀνατείνοντες.
2942 4838 3204 4909 Plerique,
3230 4843 3607 4905 ἀνατείναντες.

545 4904 667 4969 τας.
699 4904 720 4957 ι’
752 4905 910 4984 Quasi
954 4914 1202 4984 reparato
1229 4914 1392 4969 statu,
1423 4923 1440 4954 ι
1475 4905 1649 4970 inquit
1671 4904 1861 4958 Cumb.
1892 4924 1909 4954 ι
1955 4904 2070 4958 solu

2288 4904 2398 4977 (70)
2429 4904 2991 4984 ἘπαιρόμειξοιξΝοιι
3034 4904 3199 4977 ροίιεῖ
3221 4914 3534 4984 ἐπηρμένοι,
3568 4904 3583 4964 ι
3616 4927 3726 4967 nunc

551 4990 697 5044 atque
728 4976 1096 5046 castigatione.
1143 4992 1161 5025 ι
1230 5044 1240 5046 _
1390 5044 1399 5046 _
1542 5045 1548 5046 γ
1821 5043 1832 5046 _
1861 5044 1868 5046 _
2220 4976 2392 5030 autem
2422 4976 2615 5033 animis
2644 4976 2791 5045 elati,
2822 4976 3130 5046 rnollesuue,
3169 5000 3189 5031 ι
3221 4976 3328 5037 etc.

622 5046 733 5115 (65)
769 5046 870 5098 Ἐν
894 5043 1193 5116 αἰσθήσει.
1227 5044 1359 5116 Reg.
1389 5044 1498 5106 bin,
1538 5045 1594 5095 ἐν
1620 5043 1987 5116 συναισθήσει.
2037 5113 2048 5116 _

1571 5061 1594 5095 ν
1620 5043 1987 5116 συναισθήσει.
2037 5113 2048 5116 _
2293 5047 2404 5114 (Ἠ)
2452 5049 2635 5103 Ἡλεί.
2663 5043 2791 5116 Reg.
2825 5050 2934 5111 bm,
2965 5050 3102 5103 Ἦλί.

615 5112 727 5184 (64)
775 5117 1038 5183 Φεύγοειν.
1067 5112 1341 5175 Nonnulli,
1392 5117 1601 5181 φυγεῖν.
1634 5114 1841 5179 Bilhus,
1869 5112 1898 5163 ⁷(
1941 5113 2113 5183 fugia-

2294 5112 2404 5189 (η)
2434 5112 2792 5189 Ερπραγίακ.
2816 5118 2891 5171 lta
2924 5119 3164 5188 plerique
3187 5123 3344 5175 codd.
3374 5121 3636 5177 Edit.Par.
3661 5138 3727 5173 ευ-

553 5201 756 5261 m"s.-_..’~
945 5252 957 5261 .
1334 5254 1345 5261 .
1560 5253 1571 5261 .
1805 5252 1847 5261 --
1892 5252 1923 5261 ..
2067 5253 2077 5261 .

2226 5186 2475 5261 πραξίαν.
2500 5186 2664 5243 Paulo
2698 5199 2837 5256 post,
2881 5186 3059 5242 monet
3082 5186 3277 5245 Comb.
3304 5208 3499 5255 vocem,
3530 5207 3727 5261 παραγε-

626 5254 738 5328 (65)
792 5252 1127 5328 Τοιγάρτοι,
1164 5294 1176 5305 .
1212 5294 1225 5307 .
1262 5253 1751 5328 ._e:ra100cbyeoa.
1805 5252 1980 5328 Malim
2006 5258 2015 5265 ’
2037 5253 2113 5328 sic

1510 5253 1751 5323 θώμεθα.
1805 5252 1980 5328 Malim
2006 5258 2015 5265 ’
2037 5253 2113 5328 sic
2226 5252 2477 5328 νομένην,
2507 5277 2524 5308 ι
2558 5252 2757 5312 motum
2791 5252 3041 5311 nouare.

557 5325 826 5401 reddere;
872 5343 890 5374 ι
943 5324 1206 5401 Quocirca
1253 5325 1485 5379 divinam
1524 5340 1642 5401 _nos
1699 5326 1937 5377 sensisse
1994 5325 2081 5375 ani

2292 5324 2421 5401 (75)
2452 5329 2892 5390 Πολυτελείαις.
2945 5328 3070 5383 Mss.
3101 5346 3203 5385 non
3250 5333 3426 5401 pauci,
3462 5329 3722 5388 ποικιλίαις,

560 5394 988 5449 madversionem
1013 5394 1266 5462 operibus
1297 5393 1727 5462 comprobemus.
1767 5413 1785 5442 ι
2229 5413 2248 5447 ι
2287 5393 2560 5453 varietate.
2586 5418 2603 5446 ι

631 5464 741 5541 (66)
782 5464 1334 5541 ’ᾼπονίογησώμεθω
1388 5464 1495 5541 lta_
1511 5477 1642 5515 mss.
1688 5464 1901 5541 Dillius
1942 5462 2107 5541 etiam

1824 5476 1901 5541 us.
1942 5462 2107 5541 etiam
2458 5468 3093 5541 ’Eyd68r8.Regg.tres,
3130 5470 3347 5541 ἔμαθες.

560 5530 860 5611 et_Comb.
913 5530 1409 5589 sic'emeudaruut.
1458 5531 1581 5585 Par.
1637 5534 1723 5587 ed.
1778 5530 2086 5602 ἀπολογησό

2235 5608 2262 5611 _
2278 5610 2281 5611 ν
2298 5530 2405 5607 (75)
2428 5530 2925 5608 Καξίλωπίσωμέὖ.
2945 5530 3095 5611 Pass.
3116 5530 3493 5605 καλλωπίζετε,
3517 5539 3629 5611 μηδὲ
3649 5535 3723 5603 τῷ.

566 5602 1170 5682 μεο,ξι;.---..

2232 5602 2486 5682 Sietiiss.
2525 5602 2962 5682 pleriqucflieg.
3008 5610 3115 5675 btu,
3159 5602 3591 5675 καλλωπίζεσθαι,
3621 5602 3724 5677 pre,

637 5675 745 5743 (67)
790 5673 896 5727 Τοῦ
925 5673 1033 5742 τῆς
1065 5673 1343 5739 ἀνέσεως.
1373 5673 1558 5728 (South.
1596 5692 1612 5724 ι
1648 5673 2004 5741 remissionis,
2034 5676 2119 5729 iu-

1111 5673 1343 5739 νέσεως.
1373 5673 1558 5728 (South.
1596 5692 1612 5724 ι
1648 5673 2004 5741 remissionis,
2034 5676 2119 5729 iu-
2228 5678 2642 5743 καλλωπίζεσθε.
