3878 6526
554 311 652 367 711

1752 310 1808 364 S.
1852 309 2185 367 GREGOllll
2225 310 2573 368 THEOLOGI
3644 324 3718 382 712

552 445 669 483 rum
695 433 966 480 amantem
995 423 1198 480 saltare
1225 419 1459 494 oportet,
1493 424 1628 480 salta
1675 433 1729 479 tu
1762 426 2002 496 quidem,
2027 428 2120 482 sed

2227 429 2290 500 ἣν
2316 428 2556 500 ήγοῦμαι
2602 427 2703 498 τῆς
2748 427 3034 500 εὐκινήτου
3085 429 3178 481 καὶ
3227 429 3573 502 πολυστρόφου
3615 455 3719 495 κατι

550 536 656 574 non
713 519 1010 572 inhonestae
1069 517 1212 570 illius
1262 516 1579 573 Herodiadis
1613 516 1974 582 saltationem,
2001 535 2121 588 qua:

549 608 803 677 Baptista:
844 621 1028 660 necem
1074 606 1289 659 attnlit’
1323 624 1338 661 :
1370 623 1552 660 verum
1591 607 1808 662 Davidis
1859 611 1928 664 ob
1982 625 2122 665 arcae

2225 518 2356 570 Θεὸν
2379 516 2486 587 (9t)
2523 517 2746 587 πορείας
2795 511 2935 570 εἶναι
2991 517 3312 587 μυστήριονο
3347 519 3544 589 Πρῶτον
3574 523 3718 602 μὲνδὴ

2227 608 2384 662 τοῦτο
2414 607 2506 660 καὶ
2543 607 2795 676 μέγιστον
2815 610 2913 678 τῆς
2934 608 3072 678 ὲμῆς
3099 609 3462 678 παραινέσεως

549 701 792 768 requiem
813 700 879 766 ¹⁰,
919 713 1023 768 qua
1065 698 1280 767 quidem
1328 699 1436 753 Deo
1485 709 1692 768 gratam
1745 700 2128 764 incessionem,
2168 700 2411 768 agilitate
2452 699 2730 769 praeditam
2783 709 2838 754 et
2883 698 3189 753 versatiletn
3241 701 3456 770 mystice
3512 703 3717 777 designari

548 798 822 852 existimo.
859 797 1033 864 Atque
1069 795 1182 849 haec
1231 795 1448 863 quidem
1487 797 1658 865 prima
1685 804 1740 850 et.
1767 797 2001 852 maxima
2037 807 2236 852 nostra:
2259 796 2645 850 admonitionis
2677 811 2803 865 pars
2835 805 2938 849 est.

619 885 860 943 XXXVI.
895 887 1045 952 Quod
1077 896 1254 938 autem
1303 887 1370 939 ad
1416 890 1713 941 secundam
1767 889 1984 954 attinet,
2022 905 2127 943 non

549 981 801 1050 equidem
833 980 1044 1042 dubito,
1077 978 1206 1046 quin
1236 977 1496 1047 plerique,
1520 980 1679 1048 172
1709 980 1852 1049 quod
1887 980 2128 1035 dicturus

551 1088 692 1133 sum,
723 1087 826 1125 non
884 1071 1120 1124 libenter
1170 1071 1441 1138 accipiant
1496 1071 1723 1140 (etenim
1775 1072 1845 1125 ita
1891 1071 2128 1126 moribus

549 1170 922 1230 comparatum
962 1161 1246 1224 videmus,
1299 1169 1356 1214 ut
1413 1163 1502 1228 qui
1549 1161 1866 1217 ‘referenda:
1919 1163 2129 1232 injuria:

556 1263 874 1324 potestatem
914 1260 1106 1306 nactus
1130 1251 1222 1316 sit,
1262 1253 1563 1320 prmsertizn
1597 1253 1643 1322 si
1663 1254 1732 1307 ob
1758 1269 1819 1308 ea
1859 1270 1978 1324 qua:
2007 1270 2130 1323 per-

554 1361 749 1417 pessus
782 1354 864 1400 est
919 1345 1121 1413 justam
1169 1343 1443 1399 irascendi
1495 1360 1714 1399 causam
1765 1347 1982 1411 habeat,
2014 1361 2130 1402 ser-

558 1436 756 1499 mOnis,
795 1437 930 1488 iram
999 1435 1364 1503 reprimentis,
1426 1434 1579 1491 freno
1631 1437 1852 1491 minime
1892 1436 2127 1507 pareat),

555 1531 773 1599 dignum
816 1538 994 1580 tamen
1046 1534 1150 1592 est,
1212 1527 1355 1595 quod
1394 1528 1650 1580 audiatur
1701 1538 1754 1581 et
1789 1529 2127 1582 admittatur.

553 1618 635 1674 Ne
671 1604 958 1672 immodice
989 1625 1151 1684 atque
1203 1615 1497 1669 insolenter
1542 1625 1782 1686 tempore
1805 1617 2121 1681 abutamur;

554 1727 624 1766 ne
656 1710 707 1764 in
742 1717 1007 1778 potestate
1037 1706 1258 1762 licentia
1295 1707 1662 1773 luxuriemus;
1723 1726 1792 1763 ne
1825 1710 1910 1774 iis,
1943 1725 1970 1762 a
2001 1711 2122 1779 qui-

555 1806 656 1860 bus
687 1803 796 1857 laesi
831 1817 1042 1865 smnus,
1083 1803 1310 1854 acerbos
1357 1809 1411 1854 et
1469 1802 1836 1856 amarulentus
1871 1818 1966 1856 nos
1994 1819 2124 1872 pra:-

554 1895 808 1959 beamns;
845 1908 909 1947 ne
930 1935 945 1960 ,
981 1908 1097 1961 qua:
1127 1894 1276 1961 prius
1326 1892 1852 1962 reprehendebarnus
1873 1935 1888 1960 ,
1937 1910 1998 1948 ea
2028 1895 2125 1962 ipsi

554 1988 837 2043 faciamus.
866 1985 1066 2040 Verum
1095 1985 1196 2038 hoc
1228 2000 1335 2040 uno
1367 1983 1543 2039 fructu
1591 2000 1658 2038 ex
1711 2000 1890 2039 rerum
1951 1998 2128 2040 muta-

558 2079 706 2134 tione
728 2087 1008 2149 percepto,
1044 2076 1186 2146 quod
1213 2076 1492 2132 moleStias
1537 2087 1590 2130 et
1640 2078 1966 2133 acerbitates
1994 2079 2127 2134 etfu-

557 2172 753 2242 gitnus,
791 2169 1050 2238 quidquid
1071 2168 1136 2222 ad
1164 2167 1505 2223 referendam
1555 2168 1728 2222 vicem
1778 2179 2004 2237 Spectat,
2036 2169 2127 2224 de-

555 2273 840 2319 testemur.
873 2260 1020 2315 Satis
1052 2260 1196 2314 enim
1247 2275 1440 2328 magna
1501 2273 1658 2326 poena
1695 2262 1905 2314 censeri
1946 2263 2126 2326 debet,

554 2352 866 2407 hominibus
893 2350 1082 2418 utique
1109 2349 1298 2419 probis
1334 2365 1399 2403 ac
1433 2350 1748 2412 moderatis,
1801 2366 1923 2404 cum
1962 2349 1997 2402 ii
2035 2351 2124 2419 qui

555 2443 856 2498 aiolestiam
911 2441 1232 2504 intulerunt,
1289 2442 1865 2500 metuconeutinntur
1898 2484 1912 2506 ,
1971 2443 2128 2494 meri-

554 2544 744 2605 tasque
772 2548 962 2604 poenas
989 2542 1328 2602 exspectant,
1388 2534 1727 2603 propriaeque
1779 2535 2128 2590 conscientiae

552 2628 794 2704 cruciatu
825 2623 1152 2678 afﬁciuntur.
1184 2623 1316 2677 Nam
1344 2639 1462 2692 qua:
1496 2625 1749 2694 quisque,
1797 2635 1854 2677 ut
1900 2626 2125 2696 jamjam

555 2730 935 2785 perpessurus,
963 2713 1136 2778 timet,
1166 2712 1281 2767 lucc
1310 2728 1502 2782 passus
1527 2724 1630 2777 est,
1657 2715 1871 2769 etiamsi
1903 2732 2008 2770 non
2036 2733 2129 2786 pa-

557 2817 762 2874 tiatur;
797 2805 1126 2874 graviusque
1153 2819 1183 2857 a
1212 2818 1270 2858 se
1298 2806 1413 2874 ipso
1461 2804 1715 2871 fortasse,
1761 2822 1920 2875 quam
1957 2811 2024 2864 ab
2063 2811 2128 2864 iis

552 2901 642 2969 qui
677 2897 999 2968 supplicium
1036 2898 1237 2951 illaturi
1263 2905 1410 2962 sunt,
1459 2907 1765 2967 torquetur.
1803 2897 2037 2954 Proinde
2059 2915 2128 2954 ne

555 2996 689 3046 iram
727 2990 907 3044 metiri
952 2990 1005 3044 in
1056 2989 1292 3044 animam
1341 2991 1694 3055 inducamus,
1739 3007 1842 3046 nec
1871 2993 2125 3058 leviores,

2298 889 2438 954 AG".
2477 884 2740 956 Δεύτερον
2786 884 2843 938 δὲ
2893 884 3123 955 χαλεπὸν
3171 886 3269 958 μὲν
3319 888 3424 958 (92)
3465 886 3567 944 οἶδα
3607 893 3721 965 λόγον

2227 979 2367 1051 ἐρῶν
2398 981 2496 1034 καί
2528 978 2968 1049 δυσπαράδεκτον
3007 982 3118 1044 τοῖς
3152 979 3364 1044 πολλοῖς
3384 999 3396 1012 ·
3429 982 3555 1051 φιλεῖ
3576 987 3659 1057 γὰρ
3681 992 3720 1040 ἐν

2227 1071 2442 1150 ἐξουσίᾳ
2493 1072 2585 1125 τοῦ
2625 1072 2878 1142 ἀντιδρᾷν
2925 1071 3110 1134 κακῶς
3157 1075 3436 1144 γενόμενος
3485 1077 3720 1151 ἄνθρωπος,

2226 1162 2401 1226 ἄλλως
2442 1180 2501 1215 τε
2537 1163 2641 1216 κᾶν
2674 1161 2890 1214 δικαίαν
2939 1161 3077 1231 ἔχων
3106 1162 3218 1233 (95)
3270 1165 3362 1236 τὴν
3407 1168 3555 1238 ὀργὴν
3592 1171 3638 1237 ἐξ
3669 1166 3721 1223 ὧν

2228 1255 2514 1318 πέπονθεν,
2547 1255 2748 1325 ἣκιστα
2781 1253 2938 1322 λόγου
2975 1254 3255 1308 πείθεσθαι
3302 1258 3520 1326 χαλινοῖς
3556 1261 3627 1313 τὸν
3654 1263 3720 1314 θυ-

2231 1344 2328 1415 μὸν
2377 1344 2797 1405 ἀνακόπτοντος·
2833 1343 3167 1414 ἀκουσθῆναι
3202 1344 3256 1397 δὲ
3290 1346 3429 1416 ὅμως
3462 1349 3544 1401 καὶ
3587 1367 3721 1420 προσ-

2225 1434 2479 1506 δεχθῆναι
2505 1434 2671 1499 ἄξιον.
2703 1435 2793 1504 Μὴ
2823 1435 3112 1505 ἀπλήστως
3138 1435 3462 1506 χρησώμεθα
3487 1439 3552 1509 τῷ
3575 1442 3718 1511 καιρῷ,

2231 1525 2304 1596 μὴ
2331 1527 2839 1596 κατατρυφήσωμεν
2868 1526 2966 1595 τῆς
2998 1526 3265 1590 ἐξουσίας,
3296 1528 3368 1598 μὴ
3412 1531 3575 1600 πικροὶ
3596 1533 3718 1599 γενώ-

2230 1613 2370 1684 μεθα
2392 1616 2502 1676 τοῖς
2534 1614 2840 1684 ἠδικηκόσι,
2878 1617 2950 1685 μὴ
2985 1609 3059 1668 ὧν
3087 1613 3430 1686 κατέγνωμεν
3453 1618 3568 1688 (91),
3595 1620 3720 1673 ταῦτα

2231 1703 2524 1775 πράξωμεν
2544 1722 2556 1735 ·
2590 1705 2702 1758 ἀλλ’
2736 1707 2854 1758 ὅσον
2879 1709 3069 1774 φυγεῖν
3097 1705 3164 1759 τά
3196 1706 3339 1760 δεινά
3369 1707 3458 1778 τῆς
3491 1709 3719 1778 μεταδώῆς

2228 1796 2632 1861 ἀπολαύσαντες
2672 1797 2818 1868 (95),
2859 1798 2982 1850 ὅσον
3014 1799 3094 1860 εἰς
3141 1798 3402 1851 ἀντίδοσιν
3451 1801 3576 1869 ἥκει,
3607 1806 3719 1871 μισή-

2231 1905 2430 1958 σωμεν.
2475 1889 2766 1960 Αὐτάρκης
2794 1889 2918 1958 δίκη
2953 1891 3064 1951 τοῖς
3095 1907 3158 1957 γε
3207 1891 3443 1960 μετρίοις
3472 1891 3524 1943 τὸ
3551 1891 3634 1944 τῶν
3660 1894 3719 1944 ἱε-

2227 1979 2547 2049 λυπηκότων
2576 1980 2715 2044 δέος,
2752 1982 2844 2033 καὶ
2883 1980 2944 2033 τὸ
2978 1981 3344 2053 προσδοκῆσαι
3380 1982 3534 2035 ταῦτα
3561 1983 3717 2045 πιθεῖν,

2226 2064 2300 2123 ὧν
2332 2073 2467 2124 εἰσιν
2500 2069 2675 2136 ἄξιοι,
2728 2073 2819 2124 καὶ
2852 2073 3034 2143 οἰκείῳ
3075 2073 3334 2126 συνειδότι
3373 2073 3716 2143 βασανισθῆναι·

2226 2161 2261 2216 ὃ.
2295 2163 2400 2232 γάρ
2433 2180 2516 2226 τις
2560 2164 2634 2226 ὡς
2690 2163 3008 2234 πεισόμενος
3045 2164 3271 2228 δέδοικε,
3324 2165 3483 2218 ταῦτα
3527 2165 3717 2226 πέπονος,

2227 2255 2330 2308 κᾶν
2365 2255 2438 2327 μὴ
2480 2255 2660 2330 πάθῃ,
2715 2259 2807 2310 καὶ
2836 2257 3004 2310 πλείω
3051 2260 3180 2330 παρ’
3213 2259 3400 2312 ἑαυτοῦ
3430 2259 3568 2328 τυχὸν
3591 2259 3618 2326 ἧ
3644 2258 3717 2309 τῶν

2227 2345 2534 2416 δρασάντων
2565 2347 2869 2412 κολάζεται.
2908 2351 2998 2422 Μὴ
3031 2353 3212 2407 τοίνυν
3245 2355 3532 2424 θελήσωμεν
3556 2353 3632 2423 τὴν
3655 2355 3719 2422 ὀρ-

2229 2437 2329 2508 γὴν
2374 2439 2745 2510 μετρηθῆναι,
2782 2442 2915 2512 μηδὲ
2958 2444 3216 2516 φανῶμεν
3244 2447 3482 2510 ἐλάττους
3525 2447 3719 2499 κολασταὶ

2227 2529 2324 2598 τῆς
2349 2526 2530 2592 ἀξίας·
2569 2529 2681 2581 ἀλλ’
2710 2531 2896 2602 ἐπειδὴ
2930 2531 2990 2585 τὸ
3019 2536 3126 2588 πᾶν
3167 2536 3537 2606 εἰσπράξασθαι
3561 2536 3621 2607 μή
3644 2535 3720 2587 δν·-

2227 2618 2456 2688 νάμεθα,
2512 2619 2573 2672 τὸ
2619 2624 2725 2674 πᾶν
2774 2627 3247 2696 συγχωρήσωμεν·
3300 2627 3557 2696 γενώμεθα
3593 2625 3719 2694 τούτῳ

2228 2709 2506 2778 κρείττους
2533 2711 2640 2764 τῶν
2670 2713 3008 2784 ἠδικηκότων
3041 2720 3135 2770 καὶ
3164 2719 3494 2790 ὑῂλότεροι·
3521 2717 3716 2786 δείξωμεν

2229 2799 2279 2852 τί
2319 2801 2416 2870 μὲν
2447 2802 2782 2857 διδάσκουσιν
2811 2806 3052 2871 ἐκείνους
3083 2812 3134 2862 οἱ
3163 2810 3425 2881 δαίμονες,
3467 2810 3513 2862 τί
3537 2811 3606 2863 δαὶ
3637 2809 3716 2875 (96)

2227 2895 2374 2963 ἡμᾶς
2401 2889 2712 2948 ὲκπαιδέύει
2741 2897 2998 2969 Χριστὸς,
3019 2899 3098 2962 ὃς,
3131 2896 3214 2964 οἷς
3244 2901 3460 2954 πέπονθε
3487 2903 3538 2952 τὸ
3562 2899 3716 2952 εὐδόκι-

2231 3003 2329 3056 μον
2366 2987 2474 3056 (97)
2527 2986 2681 3057 ἔχον,
2718 2990 2816 3058 οὐχ
2854 2987 3013 3061 ἦττον
3045 2994 3328 3064 νενίκηκεν
3376 2989 3450 3056 οἷς
3491 2992 3717 3060 δυνάμενος

551 3097 713 3152 quam
749 3095 846 3149 pro
871 3079 1160 3134 criminum
1188 3079 1494 3143 atrocitate,
1516 3094 1705 3148 pcenas
1723 3079 1920 3134 inferre
1944 3081 2122 3133 videa-

2229 3078 2288 3130 οὐ
2321 3078 2636 3150 πεποίηκεν.
2684 3083 2777 3134 ’Ἑν
2807 3083 3106 3155 ἀντιδῶμεν
3137 3085 3214 3156 τῷ
3252 3086 3366 3156 Θεῷ
3405 3085 3715 3155 χαριστήριον

554 3187 705 3226 mur:
751 3185 937 3224 verum
990 3168 1244 3238 quoniam
1301 3181 1492 3236 pmnas
1545 3180 1736 3220 omnes
1770 3167 1986 3233 exigere
2016 3181 2119 3218 non

552 3277 859 3334 possumus,
891 3276 1079 3315 onmes
1111 3260 1516 3315 condonemus:
1552 3259 1655 3312 hac
1703 3258 1919 3312 ratione
1969 3258 2054 3324 iis,
2089 3273 2117 3311 a

2229 3169 2549 3242 αὐξήσωμεν
2594 3175 2920 3246 χρηστότητι
2961 3177 3022 3230 τὸ
3057 3179 3385 3249 μυστήριον·
3415 3179 3485 3239 είς
3511 3173 3638 3227 τοῦτο
3663 3170 3718 3239 τῷ

2227 3259 2402 3331 καιρῷ
2428 3261 2760 3334 χρησώμεθα
2787 3265 2920 3335 (98).

550 3358 746 3428 quibus
778 3353 1006 3424 injurias
1034 3353 1367 3422 acet-pimus,
1405 3350 1658 3406 meliores
1691 3368 1754 3404 ac
1816 3351 2164 3406 sublitniores
2204 3369 2301 3408 nos
2371 3366 2710 3422 praestemus.
2769 3355 3152 3424 Ostendamus,
3208 3361 3333 3430 quid
3380 3359 3486 3413 illos
3511 3355 3717 3410 daemou’lcs

550 3451 801 3514 doceant,
838 3445 966 3516 quid
1026 3460 1240 3500 rursum
1303 3443 1554 3498 Christus
1602 3460 1700 3499 nos
1752 3446 1983 3510 erudiat,
2031 3444 2124 3514 qui
2165 3461 2286 3500 cum
2313 3461 2407 3515 per
2460 3464 2525 3502 ea
2575 3466 2694 3520 qua:
2719 3465 2910 3519 passus
2952 3459 3057 3516 est,
3093 3453 3318 3521 gloriam
3357 3469 3416 3506 ae
3444 3447 3714 3520 splendorem

552 3545 771 3607 habeat,
809 3558 915 3596 non
961 3543 1138 3595 minus
1175 3550 1351 3593 tamen
1377 3554 1472 3608 per
1505 3539 1557 3592 id
1612 3540 1911 3608 superavit,
1979 3539 2121 3608 quod
2160 3555 2246 3604 ea,
2280 3556 2399 3610 qua:
2429 3552 2662 3612 poterat,
2692 3561 2798 3599 non
2867 3544 3014 3600 fecit.
3063 3547 3241 3602 Unum
3286 3549 3382 3602 hoc
3413 3544 3526 3607 Deo,
3550 3536 3714 3608 iuguli

549 3632 714 3689 animi
751 3629 1201 3701 signiﬁcationem
1267 3625 1610 3681 referamur
1685 3631 2003 3696 mysterium
2054 3628 2386 3698 benignitate
2445 3646 2763 3704 augeamus,
2813 3639 2878 3690 ad
2911 3651 3032 3691 eam
3080 3654 3196 3694 rem
3253 3635 3490 3708 temporis
3527 3646 3713 3686 cominu-

549 3729 715 3780 ditate
747 3733 983 3776 utamur.

618 3815 886 3874 XXXVII.
918 3813 1044 3880 Eos,
1073 3829 1100 3866 a
1128 3813 1323 3882 quibus
1343 3823 1630 3884 tyrannide
1651 3813 1893 3883 oppressi
1911 3828 2124 3879 sumus,

548 3909 968 3969 mansuetudine
1000 3908 1319 3976 vincamus;
1370 3923 1434 3962 ac
1482 3908 1717 3962 maxime
1773 3907 1989 3976 quidem
2030 3920 2126 3959 nos

548 4006 858 4076 benignitas
892 4003 959 4056 ad
1006 4001 1392 4071 ignoscendum
1442 4002 1699 4065 adducat,
1745 4002 1939 4070 visque
1973 4014 2126 4054 man-

547 4101 680 4159 dati,
710 4095 954 4152 eamdem
995 4092 1383 4163 benignitalem
1441 4094 1597 4147 nobis
1636 4095 1689 4148 in
1752 4093 1820 4148 iis
1853 4095 2037 4155 rebus,
2071 4095 2122 4147 in

551 4192 745 4262 quibus
803 4201 866 4242 ea
907 4203 1042 4256 opus
1097 4187 1379 4249 habemus,
1450 4187 1760 4242 remetiens.
1821 4186 1934 4254 Qua
1978 4187 2121 4240 enim

2304 3814 2426 3866 AZ'.
2445 3809 2776 3884 Νικήσωμεν
2791 3815 3063 3888 ἐπιεικείᾳ
3083 3819 3210 3882 τοὺς
3222 3835 3281 3870 τυ
3291 3816 3630 3887 ραννήσανταςν
3649 3806 3714 3858 καὶ

2233 3905 2467 3976 μάλιστα
2502 3906 2601 3976 μὲν
2635 3906 3012 3984 φιλανθρωπία
3049 3909 3193 3964 ἔστω
3231 3909 3290 3962 τὸ
3322 3901 3623 3974 συγχωροῦν,
3648 3897 3714 3949 καὶ

2228 3997 2261 4066 ή
2295 3996 2392 4065 τῆς
2424 3995 2643 4065 ἐντολῆς
2675 3996 2921 4068 δύναμις,
2960 3999 3057 4070 τὴν
3095 3999 3216 4070 ἴσην
3250 3994 3552 4052 ἀντιδιδοῦσα
3579 3987 3715 4062 φιλαν-

2228 4085 2474 4158 θρωπίαν
2501 4089 2654 4158 ἡμῖν,
2688 4090 2745 4140 ὲν
2776 4085 2856 4152 οἷς
2884 4091 3037 4143 αὐτοὶ
3068 4090 3366 4162 χρῄζομεν·
3391 4079 3432 4154 ᾧ
3461 4083 3552 4152 γὰρ

2231 4177 2566 4250 μετροῦμεν,
2627 4179 3063 4252 ἀντιμετρεῖσθαι
3120 4182 3476 4252 γινώσκομεν·
3513 4174 3553 4224 εί
3579 4170 3622 4223 δὲ
3648 4167 3714 4218 καὶ

552 4293 802 4336 mensura
833 4277 1136 4341 metiemur,
1159 4276 1346 4330 eadem
1395 4291 1609 4345 quoque
1634 4275 1787 4330 nobis
1820 4292 2122 4332 remensum

2227 4270 2345 4324 λίαν
2375 4288 2459 4334 τις
2497 4271 2710 4342 πικρῶς
2742 4271 2852 4343 ἔχει
2871 4315 2886 4338 ,
2918 4273 3147 4345 ἀφῶμεν
3186 4273 3302 4343 Θεῷ
3332 4271 3447 4332 τοὺς
3473 4257 3714 4327 λελυπηκό-

550 4373 617 4429 iri
659 4380 1002 4442 perspectqu
1037 4368 1296 4422 habemus
1322 4369 1387 4421 “.
1409 4368 1561 4434 Quod
1595 4369 1638 4423 si
1664 4368 1784 4439 quis
1809 4369 1990 4422 animo
2023 4369 2118 4423 ad-

551 4465 768 4517 modum
797 4461 994 4515 acerbo
1021 4468 1183 4529 atque
1219 4461 1530 4528 importuno
1559 4471 1665 4525 est,
1701 4460 1830 4524 Deo,
1855 4475 1915 4515 ac
1939 4460 2120 4515 futuro

551 4552 803 4608 tribunali
839 4567 932 4605 eos
961 4551 1052 4620 qui
1085 4565 1184 4606 nos
1209 4551 1488 4616 lzcserunt,
1540 4553 1948 4621 relinquamus:
1986 4553 2119 4608 nihil

549 4645 614 4696 de
643 4641 818 4694 futura
851 4653 1008 4710 pmua
1059 4653 1156 4708 per
1208 4650 1450 4694 nosuam
1495 4651 1712 4693 manum
1747 4639 2115 4695 detrahamus.

548 4730 625 4786 Ne
647 4731 912 4786 bonorum
945 4730 1390 4800 proscriptionem
1416 4731 1736 4800 cogitemus,
1770 4745 1836 4784 ne
1864 4730 1929 4784 ad
1973 4729 2119 4799 judi-

547 4839 668 4878 cum
701 4822 955 4876 subsellia
988 4821 1288 4885 trahamus,
1335 4836 1403 4876 ne
1454 4820 1649 4890 patriis
1687 4821 1908 4875 sedibus
1953 4820 2119 4890 pella—

2225 4380 2341 4426 τας.
2375 4363 2467 4416 καὶ
2493 4363 2570 4434 τῷ
2603 4365 2808 4418 ἐκεῖθεν
2840 4365 3202 4438 δικαστηρίῳ·
3239 4363 3394 4436 μηδὲν
3429 4359 3516 4427 τῆς
3545 4346 3714 4425 μελλού-

2229 4473 2325 4527 σης
2364 4457 2531 4530 ὀργῆς
2578 4456 2666 4510 διὰ
2701 4458 2800 4526 τῆς
2837 4457 3109 4529 ἡμετέρας
3156 4457 3329 4530 χειρὸς
3377 4445 3711 4542 ἐλαττώσωθμεν·

2225 4545 2317 4615 Μὴ
2359 4545 2616 4616 δήμευσιν
2647 4547 3021 4616 ἐννοήσωμεν,
3059 4549 3133 4619 μὴ
3187 4547 3382 4617 βήμασι
3423 4543 3714 4619 παραστηςω.

2231 4653 2348 4706 μεν·
2388 4637 2462 4708 μὴ
2497 4637 2752 4710 πατρίδος
2785 4618 3215 4710 ὑπερορίσωμεν,
3255 4634 3325 4706 μὴ
3366 4624 3578 4703 μάστιξιν
3603 4618 3711 4669 σίκι-

2229 4728 2471 4800 σώμεθα.
2504 4729 2636 4802 μηδέ
2668 4747 2722 4782 τι
2752 4730 2858 4782 τῶν
2883 4731 2984 4783 ὅσα
3013 4729 3369 4798 πεπόνθαμεν,
3396 4721 3454 4774 ἶν’
3478 4717 3593 4770 εἴπω
3619 4722 3710 4804 συεί-

2225 4820 2430 4889 τόμωςν
2459 4820 2764 4892 δράσωμεν·
2801 4823 3122 4892 Ποιήσωμεν
3155 4817 3420 4876 κάκείνους
3449 4809 3710 4863 ὲπιεικεστε-

617 5000 637 5029 ⁸
687 4995 877 5052 Matth.
943 5013 1056 5066 xiv,
1089 4999 1116 5052 1
1153 5007 1206 5053 et
1238 5012 1354 5067 seq.
1379 5014 1393 5063 ;
1422 4996 1589 5051 Marc.
1627 5011 1702 5062 vi,
1736 4997 1802 5051 14
1824 5005 1878 5052 et
1905 5011 2019 5067 seq.
2100 4999 2143 5029 '°
2173 4996 2216 5053 ll
2251 4997 2383 5069 Reg.
2409 5013 2482 5061 vt,
2516 4997 2602 5051 M.
2678 4998 2718 5028 “
2755 4995 2944 5052 Matth.
2973 5013 3070 5063 ut,
3097 4998 3132 5052 2
3154 5015 3168 5064 ;
3192 4996 3349 5050 Marc.
3383 5003 3448 5051 tv,
3483 4980 3558 5034 24.

615 5238 722 5310 (91)
775 5237 891 5308 Τῆς
934 5238 1254 5306 εὐκινήτω
1304 5241 1404 5295 καὶ
1477 5243 1906 5311 πολυστρόςρου
1963 5244 2111 5298 κατὰ

547 5312 713 5371 Θεόν,
740 5321 845 5364 etc.
884 5329 902 5360 ι
942 5313 1057 5376 Qua
1084 5313 1298 5381 quidem
1335 5328 1398 5366 ex
1446 5311 1539 5366 Dei
1573 5315 1872 5366 rationibus
1909 5313 2115 5368 institu-

547 5395 652 5434 tam
687 5381 1044 5451 incessionem
1082 5382 1320 5451 agilitate
1352 5381 1577 5451 celerem
1603 5383 1890 5450 significari
1927 5396 2109 5451 puto.»

617 5451 727 5524 (92)
749 5450 1177 5524 Χαλεπὸνμέν,
1198 5453 1272 5505 lta
1294 5463 1523 5522 quatuor
1545 5449 1734 5524 Regg.,
1767 5451 1858 5508 0r.
1883 5449 1939 5519 1,
1959 5454 2108 5509 Pass.

543 5521 647 5573 etc.
693 5521 848 5574 Deest
879 5522 998 5590 μέν,
1030 5523 1082 5574 in
1112 5523 1196 5576 et].

616 5590 726 5663 (95)
754 5580 995 5663 Ἄλλως·
1013 5609 1075 5646 τε
1097 5591 1214 5646 κᾶν
1239 5592 1478 5648 δικαίαν
1502 5591 1678 5660 ἔχων.
1707 5592 1776 5646 Ita
1807 5592 1972 5663 Regg.
2000 5580 2112 5663 plu:

544 5675 652 5786 rex},
686 5661 775 5782 οἱ.
814 5662 864 5728 1,
895 5673 947 5716 et
976 5662 1117 5717 Pass.
1159 5664 1295 5720 Editi
1333 5679 1476 5729 vero,
1499 5663 1671 5726 ἄλλως
1693 5680 1749 5716 τε
1789 5663 1864 5730 δὲ,
1894 5661 2112 5718 ’κᾶνδμ

544 5746 614 5783 κα
639 5746 702 5782 αν
759 5746 848 5786 γη.

542 5746 702 5786 καιαν
732 5746 848 5800 εχῃ.

2313 5242 2402 5312 94)
2427 5241 2832 5311 Κατέτνωμεν.
2860 5242 3009 5295 Colb.
3040 5243 3094 5307 ιι,
3129 5233 3537 5312 κατεγνῴκαμεγς

2314 5304 2404 5378 95)
2448 5304 2951 5378 Ἀποξλαῦσαντες.
2983 5304 3130 5368 Colh.
3157 5313 3208 5374 lt,
3234 5304 3602 5362 ἀπολαύσωμεν·

3579 5412 3704 5475 get-3.

2222 5517 3346 5614 δοπὲίιέὲῖκε,·,ριμὶεξρειεξευ.¹ςξξιέ’¹ῖε;εῖ¹ίεξ¹ο
3366 5517 3551 5614 λέξει..

2293 5575 2407 5665 (θὶς)
2421 5575 2804 5674 Χὸησῶιὲεδτὲἐ
2814 5575 3125 5674 Notissi-
3137 5575 3152 5657 ἐ
3162 5575 3351 5674 Pisa
3366 5575 3700 5674 ‘2?:E'.‘.’:’y’232r3

2227 5643 2340 5735 79‘:
2352 5643 2852 5737 ζιέιῖἆῇηῖςῖίῌέσὰῖ
3227 5643 3353 5713 forte
3381 5648 3540 5703 etiam,
3557 5643 3638 5699 χρη

2228 5750 2396 5804 μενοι.
2437 5751 2455 5785 ι

2295 5382 2405 5453 (οδ)
2446 5382 2644 5453 neut.
2665 5387 2793 5453 Atii,
2823 5382 2976 5453 1E§é.

2291 5443 2403 5524 (97)
2437 5451 2509 5508 Τὸ
2529 5443 2870 5523 εὐδόκιμον.
2888 5451 3021 5509 Tres
3037 5452 3199 5523 Regg.
3223 5459 3274 5524 et
3304 5443 3558 5524 Matth]?
