3878 6398
142 406 221 459 725

1248 389 1510 448 ORATIO
1546 392 1631 451 Vt.
1671 425 1739 448 -τ
1777 395 1864 452 DE
1901 397 2076 453 PACE
2115 398 2157 453 I‘.

3199 395 3308 460 ΒΩ

143 523 403 590 θεριωτερον
424 506 510 560 τοῦ
555 493 928 577 ποιμαίνοντος
959 508 1091 578 (7t),
1132 510 1218 566 ἴνα
1244 511 1316 583 μὴ
1350 512 1486 566 εἴπω
1517 531 1639 567 νεα-

1766 520 1876 573 uile
1903 531 2118 588 pastore
2147 521 2387 582 libertus,
2418 535 2484 574 ne
2511 518 2682 573 dicam
2714 516 2971 572 audacius
3003 531 3016 570 :
3043 515 3301 585 quoniam

140 608 374 675 νικώτερον
398 600 522 666 (72)·
557 601 640 653 ὃτι
669 601 912 670 ἐστράφη
951 603 1030 664 εἰς
1058 603 1282 675 πικρίαν
1314 606 1435 674 ἐμοὶ
1461 607 1492 676 ἡ
1533 606 1640 676 ἅμ-

142 697 309 765 πελοςή
339 691 566 763 ἀληθινὴ.
590 693 683 744 καὶ
716 690 794 761 τῷ
823 692 973 762 καλῷ
996 694 1226 765 γεωργῷ
1255 695 1512 750 κάλλιστα
1555 715 1642 750 κε-

139 792 418 864 καθιρμένη,
465 788 557 840 καὶ
606 790 726 850 ταῖς
758 787 928 851 θείαις
957 788 1134 858 ληνοῖς
1169 791 1277 861 (75)
1329 791 1642 864 γεωργοῦσα

141 889 186 942 τὺ
219 883 354 938 καλὸν
384 879 670 950 γεώργιον·Δ
705 880 786 932 ὅτι
836 882 890 932 οἱ
918 880 1082 948 φίλοι
1115 899 1235 948 μου
1280 882 1377 935 καὶ
1411 887 1462 936 οὶ
1493 887 1644 952 πλη-

138 979 245 1031 σίον
257 990 360 1042 μου
384 969 448 1032 ἐξ
480 969 754 1034 ἐναντίας
776 987 894 1038 μου
925 970 1036 1040 (74)
1076 971 1332 1042 ἤγγισαν
1361 973 1646 1042 καὶὲστη-

140 1081 247 1126 σαν,
283 1061 364 1114 καὶ
395 1062 445 1112 οἱ
474 1058 717 1127 ἔγγιστὰ
749 1078 866 1129 μου
891 1060 1009 1114 ἀπὸ
1025 1063 1328 1130 μακρόθεν
1353 1064 1640 1130 ἔστησανο

138 1159 198 1210 ὅτι
223 1149 497 1220 διειλόμεθα
520 1149 631 1217 (75)
657 1150 748 1203 τὸν
770 1150 1025 1220 Χριστὸν,
1059 1154 1108 1204 οἱ
1150 1151 1266 1205 λίαν
1293 1153 1526 1220 φιλόθεοι
1555 1156 1647 1207 καὶ

140 1245 434 1315 φιλόχριστοι.
494 1241 585 1293 καὶ
629 1240 766 1309 ὑπὲρ
797 1241 896 1310 τῆς
933 1242 1186 1312 ἀληθείας
1228 1243 1473 1314 ἀλλήλων
1505 1263 1635 1298 κατ·

139 1332 447 1406 εύευςάμεθα,
473 1331 662 1384 καὶδιὰ
685 1333 782 1403 τὴν
804 1333 1022 1404 ἀγάπην
1045 1336 1196 1404 μῖσος
1222 1335 1647 1406 ὲμελετήσαμεν.

138 1430 208 1482 καὶ
230 1427 350 1495 ὑπὲρ
377 1422 466 1476 τοῦ
499 1424 890 1494 ἀκρογωνιαίου
906 1425 1249 1497 διελύθημεν,
1279 1427 1371 1482 καὶ
1398 1429 1536 1500 ὑπὲρ
1553 1431 1649 1500 τῆς

140 1520 302 1588 πέτρας
324 1514 528 1585 ἐσείσθη
538 1531 657 1584 μενο
679 1516 760 1567 ὅτι
789 1515 949 1568 πλέον
985 1518 1018 1588 ἦ
1043 1517 1221 1582 καλῶς
1238 1515 1380 1589 εἶχεν
1395 1519 1536 1590 ὑπὲρ
1551 1519 1651 1589 τῆς

140 1611 318 1680 εἰρήνης
336 1607 768 1679 ἐπολεμήσαμεν,
804 1610 898 1662 καὶ
928 1611 1068 1681 ὑπὲρ
1097 1611 1190 1664 τοῦ
1225 1611 1527 1680 ύψωθέντος
1562 1613 1653 1665 ἐπὶ

139 1703 183 1756 τὸ
214 1699 345 1764 ξύλον
371 1699 808 1770 κατενηνέγμεθα
834 1700 967 1769 (76),
993 1703 1087 1756 καὶ
1113 1702 1252 1774 ὑπὲρ
1278 1702 1372 1756 τοῦ
1394 1703 1653 1774 ταφέντος

139 1796 208 1846 καί
225 1791 528 1853 ἀναστάντος
567 1790 1003 1863 ἐθανατώθημεν.

1746 612 1898 664 vinea
1930 611 2020 664 illa
2051 625 2196 676 vera,
2227 620 2387 679 atque
2417 625 2444 662 a
2501 611 2642 665 bono
2680 609 2916 678 agricola
2952 609 3153 675 optime
3177 621 3306 674 pur-

1742 711 1890 768 gata,
1921 710 1974 756 et
2000 717 2118 770 quae
2142 701 2422 769 pulchram
2456 700 2782 754 vindemiam
2837 699 2888 752 in
2922 699 3098 751 divina
3131 706 3307 750 torcu-

1745 791 1877 845 laria
1914 793 2114 846 inferre
2136 792 2362 855 solebat,
2423 793 2474 845 in
2523 790 2932 844 amaritudinem
2987 788 3117 842 mihi
3149 800 3300 840 versa

1743 892 1860 936 est:
1892 883 2142 951 quoniam
2176 882 2332 934 amici
2365 882 2488 934 mihi
2523 891 2571 935 et
2611 883 2842 946 proximi
2889 882 2990 933 mei
3031 882 3304 932 adversum

1745 990 1824 1028 me
1855 975 2392 1044 appropinquaveruut
2419 984 2467 1026 et
2496 985 2768 1038 steterunt,
2816 985 2862 1028 et
2913 975 3000 1041 qui
3032 973 3194 1040 juxta
3224 986 3305 1024 me

1745 1075 1916 1128 erant,
1982 1081 2012 1120 α
2052 1065 2203 1134 longe
2248 1074 2498 1120 steterunt
2533 1065 2578 1096 "
2624 1085 2637 1120 :
2685 1067 2962 1135 queniam,
2995 1066 3082 1133 qui
3140 1061 3304 1115 Deum

1746 1156 2090 1212 elChristum
2115 1155 2372 1226 majorem
2408 1159 2459 1210 in
2504 1158 2720 1212 modum
2783 1159 3117 1218 amabamus,
3147 1154 3305 1210 Chri—

1749 1255 1888 1302 stum
1917 1246 2220 1311 divisimus,
2287 1246 2356 1301 ob
2395 1247 2678 1300 veritatem
2731 1247 3023 1300 mendaciis
3060 1245 3310 1311 nosipsos

1751 1346 1934 1388 mutuo
1994 1336 2390 1397 iucessivimns,
2451 1337 2519 1390 ob
2581 1336 2899 1390 charitatem
2945 1336 3124 1388 odium
3150 1349 3306 1388 excr-

1749 1427 1978 1490 coimus,
2018 1426 2088 1479 ob
2149 1426 2459 1497 angularem
2499 1427 2727 1495 lapidem
2780 1427 2961 1490 soluti,
2997 1427 3066 1480 ob
3100 1434 3308 1494 petram

1750 1519 1999 1574 concussi
2024 1533 2240 1583 sumus;
2277 1521 2530 1589 quoniam
2558 1521 2627 1574 ob
2666 1534 2850 1588 pacem
2895 1517 3124 1587 amplius
3145 1531 3306 1585 quam

1751 1628 1959 1682 aquom
1997 1614 2370 1682 pugnavimus,
2403 1613 2473 1668 ob
2503 1627 2646 1676 eum,
2677 1613 2768 1682 qui
2800 1613 2850 1666 in
2903 1612 3103 1680 lignum
3138 1609 3311 1662 elatus

1753 1715 1857 1771 est,
1885 1705 2078 1774 dejecti
2113 1721 2321 1772 sumus,
2353 1717 2516 1776 atque
2538 1707 2608 1760 ob
2633 1721 2777 1771 eum,
2807 1704 2896 1775 qui
2941 1702 3181 1772 sepultus
3203 1711 3310 1764 est,

1753 1811 1816 1850 ac
1848 1797 2159 1863 resurrexit,
2193 1807 2364 1852 morte
2398 1797 2571 1851 aﬂ‘eeti
2601 1813 2803 1852 sumus.

189 1884 246 1936 A’.
264 1881 514 1952 Πρότερον
552 1882 650 1950 μὲν
672 1883 860 1937 ταῦτα’
886 1885 1042 1938 καὶ-τί
1065 1885 1126 1938 ἄν
1153 1902 1240 1948 τις
1267 1886 1376 1956 (77)
1407 1888 1463 1940 ἐν
1480 1886 1653 1958 καιρῷ

1825 1886 1915 1945 IV.
1956 1888 2033 1942 Ac
2060 1888 2206 1957 prius
2225 1888 2437 1957 quidem
2466 1888 2564 1942 ista
2591 1905 2606 1954 ;
2642 1895 2695 1941 et
2727 1887 2854 1956 quid
2903 1888 3093 1943 attinet
3123 1889 3309 1944 hilari-

138 1975 440 2047 cataporqrog
472 1974 749 2041 ἁναξαίνοι
773 1976 871 2048 τὴν
916 1977 1128 2048 ἀηδίαν,
1166 1979 1512 2049 ἐνδιατρίϐων
1539 1983 1652 2044 τοῖς

137 2069 370 2138 λυπηροῖς,
404 2058 475 2120 ὧν
525 2068 829 2120 όιπευκταῐα
877 2068 988 2138 (78)
1021 2070 1120 2140 μὲν
1157 2073 1190 2140 ἡ
1227 2073 1406 2141 πεῖρα,
1448 2071 1654 2144 φευκτὴ

135 2161 214 2230 δὲὴ
236 2159 433 2230 μνήμη;
464 2159 742 2229 Κρείττων
774 2160 830 2213 δὲ
862 2162 1038 2232 σιωπὴ
1069 2161 1248 2230 λόγου,
1279 2164 1341 2216 τὸ
1369 2165 1655 2235 συμπεσὸν

137 2253 236 2320 ἡμῖν
257 2249 492 2319 θραύςμα
515 2249 688 2322 λήθης
729 2251 915 2320 βάθεσι
944 2252 1416 2320 συγκαλύπτουσαο
1445 2255 1582 2326 πλὴν
1606 2256 1658 2309 εί

135 2359 196 2403 τις
211 2341 284 2393 διὰ
314 2342 420 2410 (79)
455 2342 616 2395 τοῦτο
648 2344 742 2395 καὶ
779 2344 938 2414 μόνον
977 2345 1252 2416 ἀνακινοίη
1296 2346 1393 2417 τὴν
1435 2349 1660 2417 μνήμην

139 2432 219 2485 τῶν
241 2433 498 2504 λυπηρῶν,
528 2435 619 2488 ἵνα
647 2435 726 2505 τῷ
759 2437 1112 2508 ὑποδείγματι
1133 2438 1533 2510 παιδευώμεθα,
1564 2442 1658 2493 καὶ

137 2524 284 2596 ὥσπερ
313 2527 365 2578 ἐν
388 2531 496 2590 τοῖς
521 2530 794 2598 νοσήμασι
818 2529 1104 2599 φεύγωμεν
1133 2531 1230 2594 τὰς
1263 2533 1458 2596 αἰτίας,
1501 2533 1558 2597 ἐξ
1584 2526 1659 2586 ὧν

138 2619 196 2679 εἰς
211 2617 359 2672 ταῦτα
390 2620 730 2691 ὑπήχθημεν.
786 2623 923 2675 Νυνὶ
965 2622 1020 2675 δὲ
1054 2623 1215 2693 ἡνίκα
1243 2625 1454 2697 ἀπέδρα
1479 2625 1657 2696 όδύνη,

140 2710 208 2761 καὶ
244 2709 390 2781 λύπη,
429 2713 526 2764 καὶ
563 2714 885 2783 στεναγμός
939 2715 1100 2784 ἡνίκα
1147 2716 1447 2787 γεγόναμεν
1481 2719 1528 2770 οἱ
1566 2719 1657 2772 τοῦ

140 2798 228 2863 ἑνός
251 2800 318 2865 ἓν,
354 2802 444 2855 καὶ
468 2804 515 2854 oi
550 2803 650 2873 τῆς
682 2803 908 2874 Τριάδος
947 2804 1058 2873 (80)
1091 2809 1376 2876 συμφυεῖς,
1405 2808 1498 2860 καὶ
1535 2810 1660 2879 ὁμό-

139 2890 282 2960 ψυχοι,
328 2895 415 2946 καὶ
441 2894 718 2965 ὁμότιμον
749 2898 797 2949 οί
833 2897 928 2950 τοῦ
956 2897 1124 2965 Λόγου
1171 2898 1283 2965 (81)
1316 2901 1415 2970 τῆς
1443 2901 1662 2970 ἀλογίας

139 2981 278 3045 ἐκτός·
307 2985 352 3036 oi
380 2984 472 3036 τοῦ
510 2985 828 3056 Πνεύματος
856 2987 916 3040 ού
951 2989 1068 3040 κατ’
1095 2987 1354 3060 ἀλλήλων,
1388 2990 1522 3042 ἀλλὰ
1568 2992 1661 3044 σὺν

138 3072 340 3143 ἀλλήλοις
359 3075 591 3141 ζέοντες⁸
619 3080 666 3130 οἱ
696 3080 794 3149 τῆς
840 3077 1119 3148 Ἀληθείας
1153 3081 1212 3132 τὸ
1244 3082 1376 3133 αὐτὸ
1405 3081 1662 3152 φρονοῦν»

1758 1979 1880 2032 tatis
1915 1989 2155 2049 tempore
2200 1993 2289 2033 res
2335 1980 2588 2034 molestas
2648 1978 2902 2034 reft'ieare
2953 1981 3310 2048 imutorando,

1756 2086 1978 2141 quarum
2007 2086 2109 2126 non
2135 2071 2296 2126 modo
2341 2072 2652 2127 detestanda
2703 2082 2786 2127 est
2818 2073 3174 2140 experientia,
3211 2077 3321 2128 sed.

1757 2165 2024 2218 memoria
2057 2166 2222 2218 etiam
2259 2165 2371 2234 ipsa
2422 2166 2714 2233 fugienda?
2761 2166 2987 2220 Pramtat
3018 2168 3160 2220 enim
3201 2181 3316 2220 scr.-

1757 2253 1901 2306 moni
1928 2252 2221 2317 silentium,
2266 2253 2513 2307 obortam
2570 2255 2726 2308 nohis
2778 2255 3142 2310 calamitatem
3187 2272 3322 2326 pro-.

1759 2340 1920 2396 funda
1949 2342 2219 2396 oblivione
2245 2351 2536 2412 contegens
2574 2351 2733 2411 atque
2765 2343 3029 2408 obruens;
3073 2347 3172 2400 nisi
3195 2347 3324 2415 quis

1761 2443 1939 2488 tamen
1989 2435 2128 2490 hanc
2164 2450 2340 2488 unam
2375 2435 2446 2494 ob
2503 2449 2720 2489 causam
2771 2437 3085 2490 acerbarum
3136 2453 3313 2491 rerum

1759 2528 2071 2582 memoriam
2102 2529 2462 2581 renovandam
2492 2536 2677 2594 putet,
2724 2538 2780 2580 ut
2836 2530 3079 2596 exemplo
3105 2531 3318 2584 erudia-

1761 2633 1900 2681 mur,
1937 2634 2016 2682 ac,
2060 2619 2204 2672 velut
2245 2620 2295 2672 ιιι
2359 2621 2585 2682 morbis,
2636 2635 2848 2683 causas,
2903 2635 2969 2674 ex
3025 2622 3223 2688 quibus
3254 2621 3308 2674 in

1761 2712 1875 2765 luet:
1921 2713 2060 2766 mala
2119 2713 2427 2778 incidimus,
2481 2711 2769 2782 fugiamus.
2822 2711 2974 2766 Nunc
3018 2728 3148 2768 vero
3175 2725 3321 2781 post-

1761 2820 1920 2872 quam
1961 2803 2146 2873 elfugit
2177 2805 2346 2868 dolor,
2375 2815 2429 2860 et
2463 2819 2682 2869 maeror,
2720 2806 3041 2875 et‘getnitus
3063 2807 3139 2871 ²⁸ς
3172 2815 3320 2872 post-

1762 2912 1941 2965 quam,
1969 2899 2059 2966 qui
2097 2898 2256 2952 unius
2279 2912 2486 2962 sumus,
2515 2913 2677 2950 unum
2707 2897 2880 2950 elTecti
2913 2913 3131 2963 sumus;
3161 2898 3314 2969 181

1762 2990 1852 3056 qui
1907 2987 2213 3048 Trinitatis,
2277 2987 2608 3052 concordes,
2653 2984 2952 3048 unanimes,
3005 2994 3058 3036 ct
3117 2986 3322 3040 honore

1763 3095 1955 3152 pares;
1985 3081 2074 3149 qui
2106 3078 2287 3144 Verbi,
2311 3094 2340 3132 a
2374 3078 2676 3132 temeritate
2702 3076 2894 3130 alieni:
2943 3077 3032 3144 qui
3061 3076 3317 3144 Spiritus,

136 3179 204 3226 Ιτες
235 3166 316 3219 καὶ
348 3165 618 3234 λέγοντεςο
650 3171 699 3222 οἱ
750 3169 846 3239 τῆς
896 3169 1090 3239 Σοφίας
1128 3171 1419 3226 εύσύνετοι·
1475 3176 1522 3227 οἱ
1568 3173 1658 3227 τοῦ

1766 3191 1868 3229 non
1895 3175 2003 3241 jam
2034 3174 2120 3227 alii
2147 3175 2405 3227 adversus
2443 3171 2600 3238 alios,
2626 3172 2718 3226 sed
2744 3169 2902 3223 simul
2936 3169 3207 3222 ferventes
3239 3168 3316 3232 '7;

136 3255 278 3320 θωτὺς
296 3257 365 3322 ὠς
383 3261 439 3312 ὲν
466 3261 653 3332 ἡμέρα
673 3261 1150 3332 εύσχημονοῦντεςθ
1174 3265 1223 3316 οἱ
1241 3264 1342 3334 τῆς
1369 3265 1517 3318 Ὀδοῦ
1538 3267 1662 3320 πάν-

136 3367 205 3414 τες
247 3354 685 3426 εύθυποροῦντεςν
739 3359 788 3410 οἱ
813 3358 912 3429 τῆς
948 3357 1128 3428 Θύρας
1171 3360 1367 3424 πάντες
1401 3361 1570 3425 ἐντόςο
1617 3365 1662 3416 οἱ

136 3441 207 3495 τού
229 3444 489 3514 Προὸἀτου
508 3449 608 3501 καὶ
640 3449 731 3502 τοῦ
755 3449 1019 3519 Ποιμένος
1049 3453 1236 3520 πρᾶοι,
1264 3452 1356 3506 καὶ
1379 3453 1476 3524 τῆς
1499 3455 1665 3526 αὐτῆς

139 3534 351 3606 μάνδρας,
380 3541 473 3592 καὶ
506 3541 766 3611 ποιμένος
794 3541 930 3604 ἑνός·
952 3543 1052 3595 ούκ
1080 3544 1136 3596 ὲν
1172 3543 1385 3596 σκεύεσι
1415 3545 1667 3616 ποιμένος

136 3626 320 3699 ἀπείρου
352 3634 756 3703 ποιμαίνοντος,
797 3635 916 3687 οὐδὲ
959 3636 1412 3707 καταφθείροντος
1437 3639 1504 3692 τὰ
1536 3640 1668 3710 πρό-

136 3716 244 3772 δατα
261 3721 351 3790 τῆς
376 3725 572 3794 νομῆς,
607 3725 727 3778 οὐδὲ
763 3725 1083 3796 προϊεμένου
1121 3730 1231 3791 τοῖς
1247 3728 1426 3792 λύκοις
1444 3729 1535 3783 καὶ
1557 3732 1667 3792 τοῖς

139 3816 377 3880 κρημνοῖς,
424 3815 563 3869 ἀλλὰ
589 3817 684 3870 καὶ
732 3817 851 3869 λίαν
890 3818 1362 3888 περιεσκεμμένοι)
1411 3820 1505 3873 καὶ
1549 3820 1668 3872 ἑπισ-

138 3904 375 3971 στήμοιοςο
407 3907 570 3977 ἡνίκα
597 3908 898 3978 γεγόναμεν
925 3909 1082 3962 οιτοῦ
1110 3909 1373 3973 παθόντος
1395 3910 1503 3980 (82)
1529 3910 1668 3981 ὑπὲρ

137 3991 258 4060 ἡμῶν
280 4000 603 4067 συμπαθεῖς,
633 4002 727 4053 κα)⁵
772 4001 1020 4071 ἀλλήλοις
1048 4001 1116 4054 τὰ
1161 4001 1299 4073 βάρη
1353 4019 1669 4056 συνεπικου-

137 4084 359 4152 φίζοντεςο
391 4093 440 4144 οἱ
478 4095 580 4162 τῆς
631 4093 909 4163 Κεφαλῆς,
958 4093 1116 4165 σῶμα
1146 4095 1202 4147 ἓν
1236 4096 1670 4166 συναρμολογού-

141 4191 254 4242 tum:
273 4179 376 4249 (83)
399 4184 494 4236 καὶ
519 4184 978 4256 συμόιὸαξόμενοι
1002 4186 1144 4240 κατὰ
1169 4190 1346 4240 πᾶσαν
1380 4189 1670 4258 συνάφειαν

134 4267 209 4338 τὴν
235 4272 286 4323 ὲν
337 4276 648 4347 Πνεύματι·
683 4277 843 4348 ἡνίκα
889 4280 918 4331 ό
973 4278 1139 4331 ποιῶν
1177 4279 1352 4332 πάντα
1390 4278 1483 4332 καὶ
1513 4296 1671 4348 μετα-

138 4361 373 4426 σκευάζων
403 4367 542 4437 πρὸς
563 4367 628 4420 τὸ
656 4367 1097 4439 λυσιτελέστερον
1127 4368 1351 4439 ἔστρεψε
1375 4367 1465 4421 τὸν
1505 4386 1670 4422 κοπε-

136 4446 203 4498 τὸν
220 4452 290 4513 εἰς
319 4456 492 4525 χαρὰν
523 4457 694 4527 ἡμῖν,
737 4459 832 4511 καὶ
867 4457 961 4511 τοῦ
992 4458 1196 4512 σάκκου
1218 4457 1312 4528 τὴν
1338 4458 1671 4530 εὐφροσύνην

1765 3267 1858 3335 qui
1905 3266 2181 3329 Veritatis,
2220 3266 2357 3320 idem
2390 3264 2683 3320 sentientes
2709 3263 2754 3296 ³⁸
2792 3274 2845 3315 et
2883 3262 3196 3329 loquentes;
3227 3261 3316 3328 qui

1765 3361 2072 3430 Sapientia;
2097 3361 2356 3424 solertes;
2399 3359 2489 3428 qui
2523 3358 2708 3422 Lucis,
2739 3368 2798 3412 ut
2837 3359 2888 3411 in
2921 3358 3006 3411 die
3030 3357 3254 3410 honeste
3272 3353 3332 3386 ⁸³·

1767 3468 1862 3506 nos
1889 3463 2137 3522 gerentes
2162 3469 2177 3517 ς
2204 3454 2292 3520 qui
2313 3449 2442 3515 Vitr,
2468 3463 2654 3503 omnes
2686 3459 2890 3502 rectum
2925 3449 3026 3502 iter
3045 3455 3316 3508 tenentes;

1765 3546 1854 3614 qui
1885 3544 2042 3610 Ostii,
2071 3559 2260 3598 omnes
2287 3544 2466 3608 intus;
2495 3544 2583 3612 qui
2609 3540 2737 3596 Ovis
2785 3552 2838 3595 et
2882 3539 3143 3605 Pastoris,
3178 3553 3324 3591 man-

1765 3637 1905 3691 sueti
1936 3643 1989 3690 et
2018 3634 2256 3703 ejusdem
2310 3634 2497 3698 caulae,
2526 3648 2589 3688 ac
2623 3632 2850 3702 pastoris
2907 3632 3090 3694 unius,
3123 3645 3227 3683 non
3264 3629 3318 3684 in

1764 3729 1998 3796 pastoris
2051 3727 2282 3798 imperiti
2340 3726 2485 3780 vasis
2507 3727 2552 3760 '°
2597 3739 2812 3794 gregem
2869 3723 3162 3793 pascentis,
3227 3733 3322 3776 aut

1767 3837 1978 3891 pascua:
2007 3835 2135 3874 oves
2157 3819 2536 3882 interimentis,
2592 3829 2702 3872 aut“
2732 3816 2871 3886 lupis
2901 3827 2956 3870 et
3009 3815 3326 3885 prtccipitiis

1766 3913 2090 3983 objicientis,
2118 3913 2212 3967 sed
2241 3926 2569 3981 magnopere
2598 3910 2996 3978 circumspecti.
3038 3924 3100 3962 ac
3129 3910 3284 3976 peric
3313 3947 3322 3954 .

1767 4015 2050 4075 postquam
2079 4003 2212 4071 eius,
2243 4004 2332 4072 qui
2359 4017 2456 4072 pro
2491 4002 2649 4058 nobis
2691 4017 2880 4072 passus
2935 4011 3037 4062 est,
3069 3999 3194 4054 facti
3230 4015 3326 4054 su-

1769 4111 1908 4158 mus,
1944 4093 2306 4148 miserationis
2344 4091 2555 4158 aﬁ‘ectu,
2589 4092 2680 4146 alii
2715 4093 2944 4148 aliorum
2991 4107 3155 4146 onera
3201 4093 3328 4148 sub-

1769 4184 2037 4250 levantes;
2082 4184 2173 4252 qui
2215 4183 2442 4254 Capitis,
2500 4199 2662 4238 unum
2719 4198 2911 4254 corpus
2960 4191 3327 4238 constructam

1769 4289 1824 4333 et
1854 4288 2291 4349 coagmentatum
2319 4279 2472 4349 juxta
2497 4293 2734 4343 omnem,
2763 4293 2882 4347 qua:
2909 4277 2962 4330 in
2999 4277 3202 4346 Spiritu
3222 4287 3325 4342 est,

1770 4359 2170 4425 connexioneni
2195 4379 2355 4438 atque
2379 4383 2692 4438 compagem
2717 4369 2759 4400 ³¹
2783 4386 2798 4422 ι
2830 4377 3111 4435 postquam
3146 4367 3210 4429 is,
3237 4368 3326 4434 qui

1772 4462 1950 4516 omnia
1979 4460 2128 4525 facit,
2159 4468 2321 4530 atque
2349 4461 2399 4513 iu
2429 4461 2478 4513 id
2528 4460 2670 4528 quod
2703 4459 2890 4513 utilius
2921 4467 3004 4511 est
3059 4458 3330 4525 immutat,

136 4537 382 4609 ἀντέδωκε,
432 4547 739 4618 τηνικαῦτα
777 4549 1177 4620 συναποδύομαι
1204 4552 1316 4613 τοῖς
1344 4548 1658 4622 παρελθοῦσι

1773 4553 2044 4621 planctum
2103 4560 2343 4606 nostrum
2391 4549 2445 4604 in
2501 4551 2786 4621 gaudium.
2817 4550 3101 4614 convertit,
3145 4564 3206 4602 ac
3233 4564 3331 4617 pro

188 4655 224 4685 “
263 4653 396 4729 i’sal.
439 4677 654 4725 xum,
683 4664 770 4718 12.
850 4665 896 4696 ’⁸
934 4663 1033 4717 lsa.
1068 4663 1344 4728 xxxv,10.
1419 4665 1460 4696 ’⁷
1496 4665 1650 4721 Rom.
1670 4681 1767 4729 ιιι,
1795 4667 1878 4720 il.

138 4719 202 4776 15.
271 4727 308 4758 ³¹
335 4728 513 4786 Colos.
541 4749 604 4797 Il,
637 4719 722 4791 i9.

319 4825 769 4900 ζζοιμαίῂοντος.
790 4827 956 4900 Mont.
989 4831 1262 4900 ποιμένος.

189 4887 284 4957 (72)
320 4887 783 4971 Νεὰνιριώτ-εροᾶι.
813 4898 976 4971 Μοιιι.
1013 4910 1064 4953 et
1088 4887 1278 4954 ’δριιόι
1309 4901 1665 4971 ὑπερηφανώ-

135 4969 280 5036 τερον,
309 4979 327 5011 ι
365 4967 724 5036 petulantius,
756 4970 942 5035 majori
965 4971 1234 5036 superbia.
1275 4988 1292 5022 ι

187 5027 568 5148 (figurat;
597 5055 618 5089 ι
648 5027 980 5105 Torcularia,
1015 5027 1044 5091 ι’
1072 5040 1248 5108 minus
1284 5048 1426 5096 recte
1460 5039 1664 5106 Billios,

145 5113 159 5143 t
191 5113 377 5153 norrea.
411 5123 430 5154 ι

137 5166 286 5294 legi)
337 5172 430 5239 Ἐξ
458 5175 742 5244 ἐναντίας
765 5196 901 5248 μου.
953 5177 1044 5233 Sic
1078 5175 1241 5251 Regg.
1273 5196 1323 5244 ιι,
1355 5181 1450 5246 hu,
1483 5178 1577 5235 Or.
1611 5180 1661 5244 Ι,

319 5315 680 5389 gemmea.
715 5317 846 5388 Reg.
879 5320 990 5389 hm,
1021 5329 1073 5374 et
1098 5317 1206 5374 Jes.
1243 5319 1574 5389 διειλάμεθα.

188 5376 285 5460 (76)
317 5376 831 5460 ξατενὴνέγμεθιί
881 5376 1075 5460 Billius
1100 5390 1247 5444 addit
1286 5407 1298 5442 ;
1345 5376 1542 5460 πτὶῖιμα
1577 5390 1666 5442 δα-

132 5452 286 5521 κρύων
312 5452 481 5517 ἄξιον,
527 5452 550 5507 ά
592 5452 714 5511 casu
743 5460 994 5529 lacryttlis
1030 5459 1207 5528 digno.
1247 5478 1264 5511 ι
1299 5460 1355 5512 ΙιΙ
1399 5452 1665 5530 gldsscttta

133 5516 344 5572 Videtur:
378 5539 485 5572 non
517 5527 662 5572 enim
691 5539 912 5572 annm-et
936 5530 987 5572 in
1023 5544 1130 5572 mss:
1176 5543 1273 5572 non
1301 5530 1536 5572 nuntiarit
1565 5527 1665 5572 ῐιιι.

133 5529 346 5636 ς
378 5539 486 5579 non
517 5529 662 5582 enim
691 5539 912 5599 apparet
936 5530 987 5582 in
1023 5544 1150 5586 mss.
1176 5543 1273 5584 nec
1301 5529 1542 5600 agnoscit
1565 5529 1668 5583 [tu-

329 5660 390 5714 Τί
419 5664 500 5718 ἄν
531 5683 643 5731 τις,
677 5669 996 5740 ειοηΒίΗῐιιιι
1030 5684 1042 5721 :
1089 5687 1106 5721 ι
1144 5670 1270 5740 quid
1314 5669 1526 5724 tandem
1586 5670 1664 5724 hi-

133 5717 335 5811 ifritatis
401 5717 647 5811 tempoie
702 5738 998 5792 molestiam
1049 5717 1311 5811 quispiam
1369 5741 1663 5806 reduceret,

139 5799 318 5854 acerbis
349 5799 850 5874 rcltus'iuunoraus,
891 5829 906 5856 ι
941 5823 1044 5864 etc.

1959 4667 2002 4698 ’⁵
2038 4665 2166 4722 ibid.
2216 4665 2302 4720 16.
2398 4663 2602 4718 "Rom.
2641 4679 2755 4726 χιιι,
2794 4663 2881 4718 15.
2975 4661 3020 4693 ⁸⁰
3055 4659 3220 4717 Zach.
3254 4678 3333 4726 xl,

1839 4828 1950 4895 (78)
2003 4826 2360 4880 Ἁπευκταῖα.
2391 4825 2511 4887 Alii,
2537 4823 2832 4895 ἀπευκτέα.

1840 4891 1952 4964 (79)
1987 4899 2057 4949 El
2089 4915 2178 4962 τις
2211 4897 2327 4950 διά.
2364 4896 2524 4949 Μοιιι.
2550 4893 2642 4946 καὶ
2671 4891 2778 4946 διά.

1838 4961 1948 5040 (80)
1987 4969 2094 5021 Καὶ
2119 4961 2173 5019 oi
2201 4967 2309 5040 τῆς
2337 4964 2599 5040 Τριᾴδος,
2629 4974 2733 5017 etc.
2763 4981 2781 5014 ι
2808 4962 2880 5040 ,Ει
2903 4965 2992 5032 qui
3025 4961 3329 5040 Trinitatis,

1769 5031 1954 5094 smnus
1989 5031 2300 5093 concordes.
2332 5031 2600 5102 conjuncti
2645 5033 2853 5086 naturis
2890 5031 2940 5085 et
2978 5033 3194 5088 animis.
3232 5031 3331 5082 lto-

1769 5124 1898 5162 nore
1919 5109 2171 5176 aequales,
2212 5125 2231 5158 ι
2262 5118 2392 5172 etc.;
2424 5105 2610 5159 alludit
2639 5103 2931 5174 Gregorius
2953 5103 3018 5156 ad
3052 5102 3331 5170 inqualita-

1773 5191 1877 5234 tem
1911 5179 2268 5232 Personarqu
2307 5177 2628 5230 divinarum.

1845 5248 1954 5318 (8|)
1998 5250 2066 5302 οι
2109 5245 2214 5300 τοῦ
2261 5248 2476 5316 Λόγου.
2521 5264 2538 5294 ι
2584 5244 2685 5311 Qui
2752 5244 2973 5299 rationis
3038 5240 3342 5306 rationabie.

1773 5320 1868 5374 les.
1913 5337 1931 5369 ›

1845 5389 1954 5458 (8‘2)
1998 5391 2068 5441 ΟΖ·
2093 5387 2198 5440 τοῦ
2237 5387 2546 5450 παθόντος.
2578 5383 2801 5458 Dillius:
2837 5403 2868 5458 7C
2909 5382 3217 5458 Postquam,
3242 5383 3332 5450 (ιιιὶ

1773 5453 1974 5515 Christi
2024 5472 2118 5524 pro
2152 5458 2304 5510 nobis
2336 5459 2499 5526 passi,
2539 5457 2911 5526 misericordes
2955 5453 3081 5508 facti
3124 5469 3331 5526 sumus,

1776 5530 1973 5596 aliique
2006 5522 2094 5582 alii
2119 5542 2306 5590 onera,
2336 5522 2360 5578 ι
2409 5536 2513 5582 etc.
2549 5524 2670 5580 Mox
2714 5525 2842 5597 Reg.
2885 5526 2974 5588 hu,
3028 5522 3334 5586 συμπαθεῖς

1775 5598 1868 5652 καὶ
1893 5597 2089 5661 ἄλλοις.

1845 5669 1956 5740 (83)
1997 5667 2177 5740 ΣῷμιιΔ
2218 5667 2285 5720 ἐν
2341 5667 2986 5740 σιινᾳρμρλογιξύμεςοι.
3044 5663 3134 5740 Sic
3199 5665 3330 5740 [ξιιμ.

1773 5735 1883 5804 bm,
1917 5735 2010 5800 hu,
2040 5735 2203 5808 Coisl.
2238 5740 2260 5791 1
2298 5751 2349 5792 et
2374 5738 2427 5804 2,
2451 5738 2540 5793 Or.
2576 5738 2624 5804 I,
2653 5748 2705 5791 et
2736 5735 2843 5791 Jes.
2879 5735 2999 5789 Par.
3041 5738 3124 5791 ed.
3177 5735 3334 5808 σῶμα

1776 5813 1866 5864 ενα
1875 5807 2134 5880 ρμο).ογού
2143 5825 2308 5874 μενοι.
