  <div class='ocr_page' id='page_1' title='image "/cluster/home/n/w/nwhite01/storage/ocr_20150623/35/hvd.32044024473308/371.png"; bbox 0 0 3878 6398; ppageno 0'>
   <div class='ocr_carea' id='block_1_1' title="bbox 572 346 676 416">
    <p class='ocr_par' dir='ltr' id='par_1_1' title="bbox 572 346 676 416">
     <span class='ocr_line' id='line_1_1' title="bbox 572 346 676 416; baseline -0.048 -6"><span class='ocrx_word' id='word_1_1' title='bbox 572 346 676 416; x_wconf 73' lang='grc'>’151</span> 
     </span>
    </p>
   </div>
   <div class='ocr_carea' id='block_1_2' title="bbox 1805 343 3721 412">
    <p class='ocr_par' dir='ltr' id='par_1_2' title="bbox 1805 343 3721 412">
     <span class='ocr_line' id='line_1_2' title="bbox 1805 343 3721 412; baseline 0.005 -11"><span class='ocrx_word' id='word_1_2' title='bbox 1805 343 1862 401; x_wconf 91' lang='lat' dir='ltr'><strong>S.</strong></span> <span class='ocrx_word' id='word_1_3' title='bbox 1902 344 2231 403; x_wconf 81' lang='lat' dir='ltr'><strong>GREGORlI</strong></span> <span class='ocrx_word' id='word_1_4' title='bbox 2269 343 2609 401; x_wconf 84' lang='lat' dir='ltr'><strong>THEOLOGI</strong></span> <span class='ocrx_word' id='word_1_5' title='bbox 3641 353 3721 412; x_wconf 62' lang='grc' dir='ltr'><strong>πὶ</strong></span> 
     </span>
    </p>
   </div>
   <div class='ocr_carea' id='block_1_3' title="bbox 653 455 2123 532">
    <p class='ocr_par' dir='ltr' id='par_1_3' title="bbox 653 459 2123 528">
     <span class='ocr_line' id='line_1_3' title="bbox 653 459 2123 528; baseline -0.004 -12"><span class='ocrx_word' id='word_1_6' title='bbox 653 459 790 516; x_wconf 68' lang='lat' dir='ltr'><strong>Vill.</strong></span> <span class='ocrx_word' id='word_1_7' title='bbox 819 459 1082 528; x_wconf 83' lang='lat' dir='ltr'><strong>Quoniam</strong></span> <span class='ocrx_word' id='word_1_8' title='bbox 1107 467 1309 524; x_wconf 88' lang='lat' dir='ltr'><strong>autem,</strong></span> <span class='ocrx_word' id='word_1_9' title='bbox 1341 467 1395 513; x_wconf 92' lang='lat' dir='ltr'><strong>et</strong></span> <span class='ocrx_word' id='word_1_10' title='bbox 1418 471 1523 522; x_wconf 90' lang='lat' dir='ltr'><strong>me,</strong></span> <span class='ocrx_word' id='word_1_11' title='bbox 1558 467 1610 512; x_wconf 91' lang='lat' dir='ltr'><strong>et</strong></span> <span class='ocrx_word' id='word_1_12' title='bbox 1633 473 1937 513; x_wconf 88' lang='lat' dir='ltr'><strong>sermonem</strong></span> <span class='ocrx_word' id='word_1_13' title='bbox 1970 459 2123 513; x_wconf 87' lang='lat' dir='ltr'><strong>habe-</strong></span> 
     </span>
    </p>
   </div>
   <div class='ocr_carea' id='block_1_4' title="bbox 2227 455 3719 532">
    <p class='ocr_par' dir='ltr' id='par_1_4' title="bbox 2304 455 3719 532">
     <span class='ocr_line' id='line_1_4' title="bbox 2304 455 3719 532; baseline 0.012 -22"><span class='ocrx_word' id='word_1_14' title='bbox 2304 457 2384 512; x_wconf 80' lang='lat' dir='ltr'><strong>Ii&#39;.</strong></span> <span class='ocrx_word' id='word_1_15' title='bbox 2432 457 2570 510; x_wconf 83' lang='grc' dir='ltr'>Ἀλλ’</span> <span class='ocrx_word' id='word_1_16' title='bbox 2613 455 2798 527; x_wconf 82' lang='grc' dir='ltr'>ἐπειδὴ</span> <span class='ocrx_word' id='word_1_17' title='bbox 2838 457 3003 528; x_wconf 80' lang='grc' dir='ltr'>κάμὲ,</span> <span class='ocrx_word' id='word_1_18' title='bbox 3037 457 3131 510; x_wconf 68' lang='grc' dir='ltr'><strong>κα)⁵</strong></span> <span class='ocrx_word' id='word_1_19' title='bbox 3162 456 3252 510; x_wconf 75' lang='grc' dir='ltr'><strong>τὸν</strong></span> <span class='ocrx_word' id='word_1_20' title='bbox 3289 470 3432 527; x_wconf 82' lang='grc' dir='ltr'>Αογον</span> <span class='ocrx_word' id='word_1_21' title='bbox 3458 458 3623 532; x_wconf 64' lang='grc' dir='ltr'>Ἔχετε,</span> <span class='ocrx_word' id='word_1_22' title='bbox 3648 476 3719 526; x_wconf 74' lang='grc' dir='ltr'><strong>καὶ</strong></span> 
     </span>
    </p>
   </div>
   <div class='ocr_carea' id='block_1_5' title="bbox 581 547 2132 620">
    <p class='ocr_par' dir='ltr' id='par_1_5' title="bbox 581 547 2132 620">
     <span class='ocr_line' id='line_1_5' title="bbox 581 547 2132 620; baseline -0.005 -11"><span class='ocrx_word' id='word_1_23' title='bbox 581 555 671 620; x_wconf 84' lang='lat' dir='ltr'><strong>tis,</strong></span> <span class='ocrx_word' id='word_1_24' title='bbox 700 567 762 606; x_wconf 90' lang='lat' dir='ltr'><strong>ac</strong></span> <span class='ocrx_word' id='word_1_25' title='bbox 789 558 1006 620; x_wconf 75' lang='lat' dir='ltr'><strong>propter</strong></span> <span class='ocrx_word' id='word_1_26' title='bbox 1025 548 1348 604; x_wconf 88' lang='lat' dir='ltr'><strong>charitalem</strong></span> <span class='ocrx_word' id='word_1_27' title='bbox 1369 547 1508 602; x_wconf 84' lang='lat' dir='ltr'><strong>haud</strong></span> <span class='ocrx_word' id='word_1_28' title='bbox 1537 547 1704 602; x_wconf 84' lang='lat' dir='ltr'><strong>invito</strong></span> <span class='ocrx_word' id='word_1_29' title='bbox 1725 562 1786 604; x_wconf 88' lang='lat' dir='ltr'><strong>ac</strong></span> <span class='ocrx_word' id='word_1_30' title='bbox 1817 548 2132 618; x_wconf 80' lang='lat' dir='ltr'><strong>repugnanti</strong></span> 
     </span>
    </p>
   </div>
   <div class='ocr_carea' id='block_1_6' title="bbox 579 637 2138 709">
    <p class='ocr_par' dir='ltr' id='par_1_6' title="bbox 579 637 2138 709">
     <span class='ocr_line' id='line_1_6' title="bbox 579 637 2138 709; baseline -0.006 -9"><span class='ocrx_word' id='word_1_31' title='bbox 579 645 688 700; x_wconf 81' lang='lat' dir='ltr'><strong>vim</strong></span> <span class='ocrx_word' id='word_1_32' title='bbox 721 640 998 703; x_wconf 88' lang='lat' dir='ltr'><strong>attulistis,</strong></span> <span class='ocrx_word' id='word_1_33' title='bbox 1021 639 1229 709; x_wconf 88' lang='lat' dir='ltr'><strong>loquar,</strong></span> <span class='ocrx_word' id='word_1_34' title='bbox 1283 639 1383 693; x_wconf 91' lang='lat' dir='ltr'><strong>etsi</strong></span> <span class='ocrx_word' id='word_1_35' title='bbox 1421 651 1581 708; x_wconf 72' lang='lat' dir='ltr'><strong>aegre,</strong></span> <span class='ocrx_word' id='word_1_36' title='bbox 1635 637 1848 707; x_wconf 77' lang='lat' dir='ltr'><strong>quando</strong></span> <span class='ocrx_word' id='word_1_37' title='bbox 1890 638 1964 692; x_wconf 90' lang='lat' dir='ltr'><strong>ita</strong></span> <span class='ocrx_word' id='word_1_38' title='bbox 1991 637 2138 704; x_wconf 84' lang='lat' dir='ltr'><strong>jube-</strong></span> 
     </span>
    </p>
   </div>
   <div class='ocr_carea' id='block_1_7' title="bbox 578 730 2131 802">
    <p class='ocr_par' dir='ltr' id='par_1_7' title="bbox 578 730 2131 802">
     <span class='ocr_line' id='line_1_7' title="bbox 578 730 2131 802; baseline -0.005 -12"><span class='ocrx_word' id='word_1_39' title='bbox 578 735 683 792; x_wconf 85' lang='lat' dir='ltr'><strong>tis:</strong></span> <span class='ocrx_word' id='word_1_40' title='bbox 711 731 1002 802; x_wconf 85' lang='lat' dir='ltr'><strong>etquidem</strong></span> <span class='ocrx_word' id='word_1_41' title='bbox 1028 745 1087 784; x_wconf 90' lang='lat' dir='ltr'><strong>ea</strong></span> <span class='ocrx_word' id='word_1_42' title='bbox 1120 731 1330 799; x_wconf 84' lang='lat' dir='ltr'><strong>loquar,</strong></span> <span class='ocrx_word' id='word_1_43' title='bbox 1360 746 1477 799; x_wconf 67' lang='lat' dir='ltr'><strong>qua?</strong></span> <span class='ocrx_word' id='word_1_44' title='bbox 1509 730 1572 784; x_wconf 90' lang='lat' dir='ltr'><strong>ad</strong></span> <span class='ocrx_word' id='word_1_45' title='bbox 1604 732 1741 798; x_wconf 81' lang='lat' dir='ltr'><strong>grati</strong></span> <span class='ocrx_word' id='word_1_46' title='bbox 1782 730 2131 798; x_wconf 76' lang='lat' dir='ltr'><strong>anitnisigni-</strong></span> 
     </span>
    </p>
   </div>
   <div class='ocr_carea' id='block_1_8' title="bbox 574 821 2135 891">
    <p class='ocr_par' dir='ltr' id='par_1_8' title="bbox 574 821 2135 891">
     <span class='ocr_line' id='line_1_8' title="bbox 574 821 2135 891; baseline -0.005 -11"><span class='ocrx_word' id='word_1_47' title='bbox 574 823 878 882; x_wconf 80' lang='lat' dir='ltr'><strong>ﬁcationem</strong></span> <span class='ocrx_word' id='word_1_48' title='bbox 931 830 987 876; x_wconf 89' lang='lat' dir='ltr'><strong>et</strong></span> <span class='ocrx_word' id='word_1_49' title='bbox 1039 822 1456 876; x_wconf 76' lang='lat' dir='ltr'><strong>admonitionem</strong></span> <span class='ocrx_word' id='word_1_50' title='bbox 1513 831 1775 890; x_wconf 89' lang='lat' dir='ltr'><strong>spectent.</strong></span> <span class='ocrx_word' id='word_1_51' title='bbox 1829 823 1904 876; x_wconf 84' lang='lat' dir='ltr'><strong>Ac</strong></span> <span class='ocrx_word' id='word_1_52' title='bbox 1937 821 2135 891; x_wconf 78' lang='lat' dir='ltr'><strong>gratia-</strong></span> 
     </span>
    </p>
   </div>
   <div class='ocr_carea' id='block_1_9' title="bbox 573 913 2134 985">
    <p class='ocr_par' dir='ltr' id='par_1_9' title="bbox 573 913 2134 985">
     <span class='ocr_line' id='line_1_9' title="bbox 573 913 2134 985; baseline -0.003 -14"><span class='ocrx_word' id='word_1_53' title='bbox 573 932 691 971; x_wconf 84' lang='lat' dir='ltr'><strong>rum</strong></span> <span class='ocrx_word' id='word_1_54' title='bbox 726 917 939 985; x_wconf 91' lang='lat' dir='ltr'><strong>quidem</strong></span> <span class='ocrx_word' id='word_1_55' title='bbox 977 915 1118 968; x_wconf 87' lang='lat' dir='ltr'><strong>actio</strong></span> <span class='ocrx_word' id='word_1_56' title='bbox 1171 915 1274 967; x_wconf 89' lang='lat' dir='ltr'><strong>erit</strong></span> <span class='ocrx_word' id='word_1_57' title='bbox 1328 914 1652 978; x_wconf 80' lang='lat' dir='ltr'><strong>lmjusmmii.</strong></span> <span class='ocrx_word' id='word_1_58' title='bbox 1707 913 1834 978; x_wconf 78' lang='lat' dir='ltr'><strong>Quis</strong></span> <span class='ocrx_word' id='word_1_59' title='bbox 1887 915 2134 984; x_wconf 75' lang='lat' dir='ltr'><strong>loquetur</strong></span> 
     </span>
    </p>
   </div>
   <div class='ocr_carea' id='block_1_10' title="bbox 570 1002 2132 1076">
    <p class='ocr_par' dir='ltr' id='par_1_10' title="bbox 570 1002 2132 1076">
     <span class='ocr_line' id='line_1_10' title="bbox 570 1002 2132 1076; baseline -0.001 -17"><span class='ocrx_word' id='word_1_60' title='bbox 570 1007 830 1076; x_wconf 78' lang='lat' dir='ltr'><strong>potentias</strong></span> <span class='ocrx_word' id='word_1_61' title='bbox 864 1004 1074 1058; x_wconf 83' lang='lat' dir='ltr'><strong>Domini</strong></span> <span class='ocrx_word' id='word_1_62' title='bbox 1096 1003 1186 1054; x_wconf 69' lang='lat'><strong>“1&#39;</strong></span> <span class='ocrx_word' id='word_1_63' title='bbox 1217 1002 1347 1068; x_wconf 81' lang='lat' dir='ltr'><strong>Quis</strong></span> <span class='ocrx_word' id='word_1_64' title='bbox 1382 1002 1590 1056; x_wconf 88' lang='lat' dir='ltr'><strong>laudem</strong></span> <span class='ocrx_word' id='word_1_65' title='bbox 1620 1004 1867 1056; x_wconf 88' lang='lat' dir='ltr'><strong>omnibus</strong></span> <span class='ocrx_word' id='word_1_66' title='bbox 1888 1019 2132 1058; x_wconf 85' lang='lat' dir='ltr'><strong>conmm-</strong></span> 
     </span>
    </p>
   </div>
   <div class='ocr_carea' id='block_1_11' title="bbox 571 1091 2132 1161">
    <p class='ocr_par' dir='ltr' id='par_1_11' title="bbox 571 1091 2132 1161">
     <span class='ocr_line' id='line_1_11' title="bbox 571 1091 2132 1161; baseline -0.004 -7"><span class='ocrx_word' id='word_1_67' title='bbox 571 1112 716 1159; x_wconf 83' lang='lat' dir='ltr'><strong>nem,</strong></span> <span class='ocrx_word' id='word_1_68' title='bbox 753 1096 803 1149; x_wconf 89' lang='lat' dir='ltr'><strong>in</strong></span> <span class='ocrx_word' id='word_1_69' title='bbox 854 1095 1095 1150; x_wconf 88' lang='lat' dir='ltr'><strong>omnium</strong></span> <span class='ocrx_word' id='word_1_70' title='bbox 1139 1094 1361 1146; x_wconf 86' lang='lat' dir='ltr'><strong>auribus</strong></span> <span class='ocrx_word' id='word_1_71' title='bbox 1405 1091 1648 1161; x_wconf 81' lang='lat' dir='ltr'><strong>deliget?</strong></span> <span class='ocrx_word' id='word_1_72' title='bbox 1712 1093 1961 1160; x_wconf 80' lang='lat' dir='ltr'><strong>quoniam</strong></span> <span class='ocrx_word' id='word_1_73' title='bbox 1988 1092 2132 1148; x_wconf 81' lang='lat' dir='ltr'><strong>facta</strong></span> 
     </span>
    </p>
   </div>
   <div class='ocr_carea' id='block_1_12' title="bbox 569 1184 2133 1254">
    <p class='ocr_par' dir='ltr' id='par_1_12' title="bbox 569 1184 2133 1254">
     <span class='ocr_line' id='line_1_12' title="bbox 569 1184 2133 1254; baseline 0 -15"><span class='ocrx_word' id='word_1_74' title='bbox 569 1197 696 1245; x_wconf 86' lang='lat' dir='ltr'><strong>sunt</strong></span> <span class='ocrx_word' id='word_1_75' title='bbox 726 1195 952 1254; x_wconf 90' lang='lat' dir='ltr'><strong>utraque</strong></span> <span class='ocrx_word' id='word_1_76' title='bbox 984 1201 1168 1250; x_wconf 88' lang='lat' dir='ltr'><strong>unum,</strong></span> <span class='ocrx_word' id='word_1_77' title='bbox 1193 1192 1246 1238; x_wconf 91' lang='lat' dir='ltr'><strong>et</strong></span> <span class='ocrx_word' id='word_1_78' title='bbox 1268 1184 1477 1238; x_wconf 87' lang='lat' dir='ltr'><strong>medius</strong></span> <span class='ocrx_word' id='word_1_79' title='bbox 1519 1184 1696 1254; x_wconf 83' lang='lat' dir='ltr'><strong>paries</strong></span> <span class='ocrx_word' id='word_1_80' title='bbox 1731 1185 1980 1239; x_wconf 72' lang='lat' dir='ltr'><strong>maceria:</strong></span> <span class='ocrx_word' id='word_1_81' title='bbox 2025 1186 2133 1240; x_wconf 84' lang='lat' dir='ltr'><strong>dis-</strong></span> 
     </span>
    </p>
   </div>
   <div class='ocr_carea' id='block_1_13' title="bbox 570 1275 2129 1342">
    <p class='ocr_par' dir='ltr' id='par_1_13' title="bbox 570 1275 2129 1342">
     <span class='ocr_line' id='line_1_13' title="bbox 570 1275 2129 1342; baseline 0 -11"><span class='ocrx_word' id='word_1_82' title='bbox 570 1277 776 1331; x_wconf 83' lang='lat' dir='ltr'><strong>solutus</strong></span> <span class='ocrx_word' id='word_1_83' title='bbox 809 1286 891 1330; x_wconf 89' lang='lat' dir='ltr'><strong>est</strong></span> <span class='ocrx_word' id='word_1_84' title='bbox 913 1276 978 1328; x_wconf 69' lang='grc'><strong>⁸⁷.</strong></span> <span class='ocrx_word' id='word_1_85' title='bbox 1010 1276 1272 1342; x_wconf 86' lang='lat' dir='ltr'><strong>Quoniam</strong></span> <span class='ocrx_word' id='word_1_86' title='bbox 1311 1276 1507 1340; x_wconf 73' lang='lat' dir='ltr'><strong>fecisti,</strong></span> <span class='ocrx_word' id='word_1_87' title='bbox 1546 1285 1602 1330; x_wconf 93' lang='lat' dir='ltr'><strong>ut</strong></span> <span class='ocrx_word' id='word_1_88' title='bbox 1647 1275 1756 1342; x_wconf 86' lang='lat' dir='ltr'><strong>jam</strong></span> <span class='ocrx_word' id='word_1_89' title='bbox 1806 1290 1908 1328; x_wconf 90' lang='lat' dir='ltr'><strong>non</strong></span> <span class='ocrx_word' id='word_1_90' title='bbox 1963 1277 2129 1331; x_wconf 86' lang='lat' dir='ltr'><strong>simus</strong></span> 
     </span>
    </p>
   </div>
   <div class='ocr_carea' id='block_1_14' title="bbox 568 1365 2126 1436">
    <p class='ocr_par' dir='ltr' id='par_1_14' title="bbox 568 1365 2126 1436">
     <span class='ocr_line' id='line_1_14' title="bbox 568 1365 2126 1436; baseline 0.003 -18"><span class='ocrx_word' id='word_1_91' title='bbox 568 1366 823 1436; x_wconf 88' lang='lat' dir='ltr'><strong>parabola</strong></span> <span class='ocrx_word' id='word_1_92' title='bbox 845 1367 896 1421; x_wconf 92' lang='lat' dir='ltr'><strong>in</strong></span> <span class='ocrx_word' id='word_1_93' title='bbox 921 1368 1191 1436; x_wconf 77' lang='lat' dir='ltr'><strong>gentibus,</strong></span> <span class='ocrx_word' id='word_1_94' title='bbox 1217 1366 1508 1420; x_wconf 83' lang='lat' dir='ltr'><strong>commotio</strong></span> <span class='ocrx_word' id='word_1_95' title='bbox 1536 1365 1728 1434; x_wconf 90' lang='lat' dir='ltr'><strong>capitis</strong></span> <span class='ocrx_word' id='word_1_96' title='bbox 1754 1365 1805 1418; x_wconf 94' lang='lat' dir='ltr'><strong>in</strong></span> <span class='ocrx_word' id='word_1_97' title='bbox 1833 1366 2042 1434; x_wconf 87' lang='lat' dir='ltr'><strong>populis</strong></span> <span class='ocrx_word' id='word_1_98' title='bbox 2060 1367 2126 1422; x_wconf 70' lang='lat' dir='ltr'><strong>“z</strong></span> 
     </span>
    </p>
   </div>
   <div class='ocr_carea' id='block_1_15' title="bbox 569 1443 2125 1527">
    <p class='ocr_par' dir='ltr' id='par_1_15' title="bbox 569 1443 2125 1527">
     <span class='ocr_line' id='line_1_15' title="bbox 569 1443 2125 1527; baseline 0.001 -19"><span class='ocrx_word' id='word_1_99' title='bbox 569 1459 824 1527; x_wconf 86' lang='lat' dir='ltr'><strong>quoniam</strong></span> <span class='ocrx_word' id='word_1_100' title='bbox 858 1460 1116 1513; x_wconf 82' lang='lat' dir='ltr'><strong>hactenus</strong></span> <span class='ocrx_word' id='word_1_101' title='bbox 1144 1473 1241 1513; x_wconf 89' lang='lat' dir='ltr'><strong>nos</strong></span> <span class='ocrx_word' id='word_1_102' title='bbox 1275 1457 1530 1522; x_wconf 80' lang='lat' dir='ltr'><strong>aﬂiixisti,</strong></span> <span class='ocrx_word' id='word_1_103' title='bbox 1576 1467 1632 1509; x_wconf 90' lang='lat' dir='ltr'><strong>ut</strong></span> <span class='ocrx_word' id='word_1_104' title='bbox 1676 1443 1769 1524; x_wconf 85' lang='lat' dir='ltr'><strong>per</strong></span> <span class='ocrx_word' id='word_1_105' title='bbox 1823 1458 2125 1522; x_wconf 80' lang='lat' dir='ltr'><strong>dissidiuni,</strong></span> 
     </span>
    </p>
   </div>
   <div class='ocr_carea' id='block_1_16' title="bbox 567 1545 2130 1616">
    <p class='ocr_par' dir='ltr' id='par_1_16' title="bbox 567 1545 2130 1616">
     <span class='ocr_line' id='line_1_16' title="bbox 567 1545 2130 1616; baseline 0.002 -17"><span class='ocrx_word' id='word_1_106' title='bbox 567 1556 824 1616; x_wconf 87' lang='lat' dir='ltr'><strong>quantum</strong></span> <span class='ocrx_word' id='word_1_107' title='bbox 863 1548 1008 1615; x_wconf 85' lang='lat' dir='ltr'><strong>pacis</strong></span> <span class='ocrx_word' id='word_1_108' title='bbox 1038 1549 1235 1602; x_wconf 88' lang='lat' dir='ltr'><strong>bonum</strong></span> <span class='ocrx_word' id='word_1_109' title='bbox 1289 1555 1433 1601; x_wconf 87' lang='lat' dir='ltr'><strong>esset</strong></span> <span class='ocrx_word' id='word_1_110' title='bbox 1472 1545 1928 1614; x_wconf 74' lang='lat' dir='ltr'><strong>intelligeremus;</strong></span> <span class='ocrx_word' id='word_1_111' title='bbox 1970 1557 2130 1615; x_wconf 90' lang='lat' dir='ltr'><strong>atque</strong></span> 
     </span>
    </p>
   </div>
   <div class='ocr_carea' id='block_1_17' title="bbox 566 1638 2130 1708">
    <p class='ocr_par' dir='ltr' id='par_1_17' title="bbox 566 1638 2130 1708">
     <span class='ocr_line' id='line_1_17' title="bbox 566 1638 2130 1708; baseline 0.001 -17"><span class='ocrx_word' id='word_1_112' title='bbox 566 1638 719 1696; x_wconf 87' lang='lat' dir='ltr'><strong>illato</strong></span> <span class='ocrx_word' id='word_1_113' title='bbox 742 1639 947 1701; x_wconf 87' lang='lat' dir='ltr'><strong>dolore,</strong></span> <span class='ocrx_word' id='word_1_114' title='bbox 979 1638 1030 1692; x_wconf 93' lang='lat' dir='ltr'><strong>in</strong></span> <span class='ocrx_word' id='word_1_115' title='bbox 1065 1639 1350 1708; x_wconf 87' lang='lat' dir='ltr'><strong>pristinum</strong></span> <span class='ocrx_word' id='word_1_116' title='bbox 1384 1645 1584 1694; x_wconf 87' lang='lat' dir='ltr'><strong>statum</strong></span> <span class='ocrx_word' id='word_1_117' title='bbox 1615 1652 1712 1692; x_wconf 92' lang='lat' dir='ltr'><strong>uos</strong></span> <span class='ocrx_word' id='word_1_118' title='bbox 1748 1639 2067 1692; x_wconf 87' lang='lat' dir='ltr'><strong>restituisti:</strong></span> <span class='ocrx_word' id='word_1_119' title='bbox 2099 1654 2130 1694; x_wconf 95' lang='grc' dir='ltr'><strong>ο</strong></span> 
     </span>
    </p>
   </div>
   <div class='ocr_carea' id='block_1_18' title="bbox 566 1730 2128 1800">
    <p class='ocr_par' dir='ltr' id='par_1_18' title="bbox 566 1730 2128 1800">
     <span class='ocr_line' id='line_1_18' title="bbox 566 1730 2128 1800; baseline -0.003 -12"><span class='ocrx_word' id='word_1_120' title='bbox 566 1740 827 1790; x_wconf 82' lang='lat' dir='ltr'><strong>novamet</strong></span> <span class='ocrx_word' id='word_1_121' title='bbox 843 1731 1138 1786; x_wconf 80' lang='lat' dir='ltr'><strong>mirandam</strong></span> <span class='ocrx_word' id='word_1_122' title='bbox 1154 1730 1398 1784; x_wconf 88' lang='lat' dir='ltr'><strong>medendi</strong></span> <span class='ocrx_word' id='word_1_123' title='bbox 1424 1730 1706 1783; x_wconf 84' lang='lat' dir='ltr'><strong>rationem!</strong></span> <span class='ocrx_word' id='word_1_124' title='bbox 1730 1741 1911 1800; x_wconf 85' lang='lat' dir='ltr'><strong>utpote</strong></span> <span class='ocrx_word' id='word_1_125' title='bbox 1934 1732 2128 1800; x_wconf 90' lang='lat' dir='ltr'><strong>quiper</strong></span> 
     </span>
    </p>
   </div>
   <div class='ocr_carea' id='block_1_19' title="bbox 571 1822 2125 1900">
    <p class='ocr_par' dir='ltr' id='par_1_19' title="bbox 571 1822 2125 1900">
     <span class='ocr_line' id='line_1_19' title="bbox 571 1822 2125 1900; baseline -0.001 -23"><span class='ocrx_word' id='word_1_126' title='bbox 571 1823 776 1888; x_wconf 90' lang='lat' dir='ltr'><strong>odium,</strong></span> <span class='ocrx_word' id='word_1_127' title='bbox 795 1825 936 1893; x_wconf 88' lang='lat' dir='ltr'><strong>quod</strong></span> <span class='ocrx_word' id='word_1_128' title='bbox 953 1823 1134 1900; x_wconf 78' lang='lat' dir='ltr'><strong>statim</strong></span> <span class='ocrx_word' id='word_1_129' title='bbox 1155 1822 1494 1877; x_wconf 82' lang='lat' dir='ltr'><strong>detestationi</strong></span> <span class='ocrx_word' id='word_1_130' title='bbox 1523 1822 1833 1887; x_wconf 85' lang='lat' dir='ltr'><strong>habuimus,</strong></span> <span class='ocrx_word' id='word_1_131' title='bbox 1855 1824 1917 1876; x_wconf 88' lang='lat' dir='ltr'><strong>ad</strong></span> <span class='ocrx_word' id='word_1_132' title='bbox 1938 1838 2125 1892; x_wconf 89' lang='lat' dir='ltr'><strong>pacem</strong></span> 
     </span>
    </p>
   </div>
   <div class='ocr_carea' id='block_1_20' title="bbox 508 1897 2128 1983">
    <p class='ocr_par' dir='ltr' id='par_1_20' title="bbox 508 1897 2128 1983">
     <span class='ocr_line' id='line_1_20' title="bbox 508 1897 2128 1983; baseline -0.002 -11"><span class='ocrx_word' id='word_1_133' title='bbox 508 1897 520 1910; x_wconf 59' lang='grc'><strong>’</strong></span> <span class='ocrx_word' id='word_1_134' title='bbox 566 1931 667 1972; x_wconf 87' lang='lat' dir='ltr'><strong>nos</strong></span> <span class='ocrx_word' id='word_1_135' title='bbox 688 1916 1068 1978; x_wconf 79' lang='lat' dir='ltr'><strong>erudivcris,ac</strong></span> <span class='ocrx_word' id='word_1_136' title='bbox 1079 1897 1404 1968; x_wconf 84' lang='lat' dir='ltr'><strong>contrarium</strong></span> <span class='ocrx_word' id='word_1_137' title='bbox 1420 1929 1512 1980; x_wconf 92' lang='lat' dir='ltr'><strong>per</strong></span> <span class='ocrx_word' id='word_1_138' title='bbox 1523 1913 1851 1968; x_wconf 84' lang='lat' dir='ltr'><strong>contrarium</strong></span> <span class='ocrx_word' id='word_1_139' title='bbox 1868 1927 2128 1983; x_wconf 75' lang='lat' dir='ltr'><strong>proaura-</strong></span> 
     </span>
    </p>
   </div>
   <div class='ocr_carea' id='block_1_21' title="bbox 564 2002 2125 2075">
    <p class='ocr_par' dir='ltr' id='par_1_21' title="bbox 564 2002 2125 2075">
     <span class='ocr_line' id='line_1_21' title="bbox 564 2002 2125 2075; baseline 0.001 -16"><span class='ocrx_word' id='word_1_140' title='bbox 564 2006 954 2073; x_wconf 80' lang='lat' dir='ltr'><strong>veris,perinde</strong></span> <span class='ocrx_word' id='word_1_141' title='bbox 985 2017 1145 2075; x_wconf 79' lang='lat' dir='ltr'><strong>atque</strong></span> <span class='ocrx_word' id='word_1_142' title='bbox 1171 2005 1273 2060; x_wconf 82' lang='lat' dir='ltr'><strong>hac</strong></span> <span class='ocrx_word' id='word_1_143' title='bbox 1297 2005 1362 2060; x_wconf 89' lang='lat' dir='ltr'><strong>de</strong></span> <span class='ocrx_word' id='word_1_144' title='bbox 1374 2019 1534 2058; x_wconf 89' lang='lat' dir='ltr'><strong>causa</strong></span> <span class='ocrx_word' id='word_1_145' title='bbox 1555 2002 1786 2075; x_wconf 79' lang='lat' dir='ltr'><strong>disjungi</strong></span> <span class='ocrx_word' id='word_1_146' title='bbox 1807 2020 1904 2058; x_wconf 90' lang='lat' dir='ltr'><strong>nos</strong></span> <span class='ocrx_word' id='word_1_147' title='bbox 1917 2020 2125 2073; x_wconf 89' lang='lat' dir='ltr'><strong>passus,</strong></span> 
     </span>
    </p>
   </div>
   <div class='ocr_carea' id='block_1_22' title="bbox 563 2096 2124 2166">
    <p class='ocr_par' dir='ltr' id='par_1_22' title="bbox 563 2096 2124 2166">
     <span class='ocr_line' id='line_1_22' title="bbox 563 2096 2124 2166; baseline -0.001 -12"><span class='ocrx_word' id='word_1_148' title='bbox 563 2110 626 2154; x_wconf 87' lang='lat' dir='ltr'><strong>ut</strong></span> <span class='ocrx_word' id='word_1_149' title='bbox 662 2098 1076 2154; x_wconf 82' lang='lat' dir='ltr'><strong>ferventioribus</strong></span> <span class='ocrx_word' id='word_1_150' title='bbox 1104 2097 1303 2153; x_wconf 89' lang='lat' dir='ltr'><strong>animis</strong></span> <span class='ocrx_word' id='word_1_151' title='bbox 1321 2097 1385 2152; x_wconf 86' lang='lat' dir='ltr'><strong>ad</strong></span> <span class='ocrx_word' id='word_1_152' title='bbox 1409 2096 1660 2166; x_wconf 87' lang='lat' dir='ltr'><strong>nosipsos</strong></span> <span class='ocrx_word' id='word_1_153' title='bbox 1685 2112 2124 2152; x_wconf 84' lang='lat' dir='ltr'><strong>accurrereinus:</strong></span> 
     </span>
    </p>
   </div>
   <div class='ocr_carea' id='block_1_23' title="bbox 563 2191 2126 2261">
    <p class='ocr_par' dir='ltr' id='par_1_23' title="bbox 563 2191 2126 2261">
     <span class='ocr_line' id='line_1_23' title="bbox 563 2191 2126 2261; baseline -0.004 -12"><span class='ocrx_word' id='word_1_154' title='bbox 563 2207 673 2249; x_wconf 80' lang='lat' dir='ltr'><strong>non</strong></span> <span class='ocrx_word' id='word_1_155' title='bbox 701 2206 859 2246; x_wconf 90' lang='lat' dir='ltr'><strong>secus</strong></span> <span class='ocrx_word' id='word_1_156' title='bbox 895 2207 958 2245; x_wconf 92' lang='lat' dir='ltr'><strong>ac</strong></span> <span class='ocrx_word' id='word_1_157' title='bbox 987 2191 1198 2258; x_wconf 58' lang='lat' dir='ltr'><strong>plantae,</strong></span> <span class='ocrx_word' id='word_1_158' title='bbox 1241 2205 1360 2261; x_wconf 58' lang='lat' dir='ltr'><strong>qua</strong></span> <span class='ocrx_word' id='word_1_159' title='bbox 1415 2191 1460 2244; x_wconf 92' lang='lat' dir='ltr'><strong>si</strong></span> <span class='ocrx_word' id='word_1_160' title='bbox 1512 2191 1758 2245; x_wconf 87' lang='lat' dir='ltr'><strong>manibus</strong></span> <span class='ocrx_word' id='word_1_161' title='bbox 1817 2205 1914 2258; x_wconf 86' lang='lat' dir='ltr'><strong>per</strong></span> <span class='ocrx_word' id='word_1_162' title='bbox 1944 2191 2049 2243; x_wconf 89' lang='lat' dir='ltr'><strong>vim</strong></span> <span class='ocrx_word' id='word_1_163' title='bbox 2074 2191 2126 2243; x_wconf 92' lang='lat' dir='ltr'><strong>in</strong></span> 
     </span>
    </p>
   </div>
   <div class='ocr_carea' id='block_1_24' title="bbox 563 2283 2124 2346">
    <p class='ocr_par' dir='ltr' id='par_1_24' title="bbox 563 2283 2124 2346">
     <span class='ocr_line' id='line_1_24' title="bbox 563 2283 2124 2346; baseline -0.001 -9"><span class='ocrx_word' id='word_1_164' title='bbox 563 2284 834 2338; x_wconf 85' lang='lat' dir='ltr'><strong>diversum</strong></span> <span class='ocrx_word' id='word_1_165' title='bbox 891 2283 1176 2338; x_wconf 90' lang='lat' dir='ltr'><strong>trahantur</strong></span> <span class='ocrx_word' id='word_1_166' title='bbox 1227 2298 1290 2338; x_wconf 92' lang='lat' dir='ltr'><strong>ac</strong></span> <span class='ocrx_word' id='word_1_167' title='bbox 1339 2283 1532 2338; x_wconf 82' lang='lat' dir='ltr'><strong>deinde</strong></span> <span class='ocrx_word' id='word_1_168' title='bbox 1571 2284 1818 2338; x_wconf 78' lang='lat' dir='ltr'><strong>laxentur</strong></span> <span class='ocrx_word' id='word_1_169' title='bbox 1848 2323 1863 2346; x_wconf 92' lang='lat'><strong>,</strong></span> <span class='ocrx_word' id='word_1_170' title='bbox 1913 2297 2124 2336; x_wconf 87' lang='lat' dir='ltr'><strong>rursum</strong></span> 
     </span>
    </p>
   </div>
   <div class='ocr_carea' id='block_1_25' title="bbox 568 2375 2124 2448">
    <p class='ocr_par' dir='ltr' id='par_1_25' title="bbox 568 2375 2124 2448">
     <span class='ocr_line' id='line_1_25' title="bbox 568 2375 2124 2448; baseline -0.003 -19"><span class='ocrx_word' id='word_1_171' title='bbox 568 2375 731 2448; x_wconf 67' lang='grc'><strong>184</strong></span> <span class='ocrx_word' id='word_1_172' title='bbox 761 2376 828 2429; x_wconf 87' lang='lat' dir='ltr'><strong>ad</strong></span> <span class='ocrx_word' id='word_1_173' title='bbox 866 2390 983 2430; x_wconf 87' lang='lat' dir='ltr'><strong>sese</strong></span> <span class='ocrx_word' id='word_1_174' title='bbox 1009 2385 1060 2430; x_wconf 92' lang='lat' dir='ltr'><strong>et</strong></span> <span class='ocrx_word' id='word_1_175' title='bbox 1091 2375 1315 2445; x_wconf 89' lang='lat' dir='ltr'><strong>primam</strong></span> <span class='ocrx_word' id='word_1_176' title='bbox 1346 2390 1498 2430; x_wconf 90' lang='lat' dir='ltr'><strong>suam</strong></span> <span class='ocrx_word' id='word_1_177' title='bbox 1540 2386 1785 2428; x_wconf 88' lang='lat' dir='ltr'><strong>naturam</strong></span> <span class='ocrx_word' id='word_1_178' title='bbox 1822 2384 2124 2439; x_wconf 88' lang='lat' dir='ltr'><strong>recurrunt,</strong></span> 
     </span>
    </p>
   </div>
   <div class='ocr_carea' id='block_1_26' title="bbox 559 2465 2123 2536">
    <p class='ocr_par' dir='ltr' id='par_1_26' title="bbox 559 2465 2123 2536">
     <span class='ocr_line' id='line_1_26' title="bbox 559 2465 2123 2536; baseline -0.003 -13"><span class='ocrx_word' id='word_1_179' title='bbox 559 2468 726 2535; x_wconf 83' lang='lat' dir='ltr'><strong>idque</strong></span> <span class='ocrx_word' id='word_1_180' title='bbox 753 2468 851 2521; x_wconf 84' lang='lat' dir='ltr'><strong>sibi</strong></span> <span class='ocrx_word' id='word_1_181' title='bbox 886 2467 1157 2536; x_wconf 87' lang='lat' dir='ltr'><strong>proprium</strong></span> <span class='ocrx_word' id='word_1_182' title='bbox 1185 2480 1307 2521; x_wconf 85' lang='lat' dir='ltr'><strong>esse</strong></span> <span class='ocrx_word' id='word_1_183' title='bbox 1344 2467 1672 2532; x_wconf 83' lang='lat' dir='ltr'><strong>ostendunt,</strong></span> <span class='ocrx_word' id='word_1_184' title='bbox 1711 2476 1768 2518; x_wconf 94' lang='lat' dir='ltr'><strong>ut</strong></span> <span class='ocrx_word' id='word_1_185' title='bbox 1813 2465 1860 2518; x_wconf 91' lang='lat' dir='ltr'><strong>vi</strong></span> <span class='ocrx_word' id='word_1_186' title='bbox 1909 2467 2123 2532; x_wconf 84' lang='lat' dir='ltr'><strong>quidem</strong></span> 
     </span>
    </p>
   </div>
   <div class='ocr_carea' id='block_1_27' title="bbox 564 2557 2124 2627">
    <p class='ocr_par' dir='ltr' id='par_1_27' title="bbox 564 2557 2124 2627">
     <span class='ocr_line' id='line_1_27' title="bbox 564 2557 2124 2627; baseline -0.003 -12"><span class='ocrx_word' id='word_1_187' title='bbox 564 2558 934 2621; x_wconf 74' lang='lat' dir='ltr'><strong>inﬂectuntur,</strong></span> <span class='ocrx_word' id='word_1_188' title='bbox 963 2567 1154 2627; x_wconf 88' lang='lat' dir='ltr'><strong>sponte</strong></span> <span class='ocrx_word' id='word_1_189' title='bbox 1184 2566 1361 2611; x_wconf 84' lang='lat' dir='ltr'><strong>autem</strong></span> <span class='ocrx_word' id='word_1_190' title='bbox 1395 2558 1695 2625; x_wconf 81' lang='lat' dir='ltr'><strong>erigantur,</strong></span> <span class='ocrx_word' id='word_1_191' title='bbox 1741 2557 1992 2625; x_wconf 90' lang='lat' dir='ltr'><strong>quoniam</strong></span> <span class='ocrx_word' id='word_1_192' title='bbox 2023 2573 2124 2610; x_wconf 81' lang='lat' dir='ltr'><strong>non</strong></span> 
     </span>
    </p>
   </div>
   <div class='ocr_carea' id='block_1_28' title="bbox 557 2649 2122 2721">
    <p class='ocr_par' dir='ltr' id='par_1_28' title="bbox 557 2649 2122 2721">
     <span class='ocr_line' id='line_1_28' title="bbox 557 2649 2122 2721; baseline -0.001 -17"><span class='ocrx_word' id='word_1_193' title='bbox 557 2651 670 2721; x_wconf 80' lang='lat' dir='ltr'><strong>jam</strong></span> <span class='ocrx_word' id='word_1_194' title='bbox 703 2667 894 2706; x_wconf 90' lang='lat' dir='ltr'><strong>manus</strong></span> <span class='ocrx_word' id='word_1_195' title='bbox 922 2649 1158 2714; x_wconf 89' lang='lat' dir='ltr'><strong>oculum,</strong></span> <span class='ocrx_word' id='word_1_196' title='bbox 1197 2665 1296 2704; x_wconf 91' lang='lat' dir='ltr'><strong>nec</strong></span> <span class='ocrx_word' id='word_1_197' title='bbox 1323 2649 1510 2704; x_wconf 87' lang='lat' dir='ltr'><strong>oculus</strong></span> <span class='ocrx_word' id='word_1_198' title='bbox 1539 2665 1757 2703; x_wconf 86' lang='lat' dir='ltr'><strong>manqu</strong></span> <span class='ocrx_word' id='word_1_199' title='bbox 1791 2650 2122 2715; x_wconf 91' lang='lat' dir='ltr'><strong>contemnit;</strong></span> 
     </span>
    </p>
   </div>
   <div class='ocr_carea' id='block_1_29' title="bbox 561 2741 2122 2815">
    <p class='ocr_par' dir='ltr' id='par_1_29' title="bbox 561 2741 2122 2815">
     <span class='ocr_line' id='line_1_29' title="bbox 561 2741 2122 2815; baseline -0.001 -17"><span class='ocrx_word' id='word_1_200' title='bbox 561 2747 818 2814; x_wconf 88' lang='lat' dir='ltr'><strong>quoniam</strong></span> <span class='ocrx_word' id='word_1_201' title='bbox 850 2751 1011 2814; x_wconf 88' lang='lat' dir='ltr'><strong>caput</strong></span> <span class='ocrx_word' id='word_1_202' title='bbox 1036 2758 1143 2798; x_wconf 89' lang='lat' dir='ltr'><strong>non</strong></span> <span class='ocrx_word' id='word_1_203' title='bbox 1201 2741 1311 2810; x_wconf 82' lang='lat' dir='ltr'><strong>jam</strong></span> <span class='ocrx_word' id='word_1_204' title='bbox 1343 2743 1599 2798; x_wconf 88' lang='lat' dir='ltr'><strong>adversus</strong></span> <span class='ocrx_word' id='word_1_205' title='bbox 1657 2745 1820 2814; x_wconf 89' lang='lat' dir='ltr'><strong>pedes</strong></span> <span class='ocrx_word' id='word_1_206' title='bbox 1876 2744 2122 2815; x_wconf 78' lang='lat' dir='ltr'><strong>insurgit,</strong></span> 
     </span>
    </p>
   </div>
   <div class='ocr_carea' id='block_1_30' title="bbox 561 2835 2126 2906">
    <p class='ocr_par' dir='ltr' id='par_1_30' title="bbox 561 2835 2126 2906">
     <span class='ocr_line' id='line_1_30' title="bbox 561 2835 2126 2906; baseline -0.001 -15"><span class='ocrx_word' id='word_1_207' title='bbox 561 2851 665 2892; x_wconf 87' lang='lat' dir='ltr'><strong>nec</strong></span> <span class='ocrx_word' id='word_1_208' title='bbox 689 2840 849 2905; x_wconf 86' lang='lat' dir='ltr'><strong>pedes</strong></span> <span class='ocrx_word' id='word_1_209' title='bbox 880 2851 908 2888; x_wconf 94' lang='lat' dir='ltr'><strong>a</strong></span> <span class='ocrx_word' id='word_1_210' title='bbox 941 2837 1114 2906; x_wconf 89' lang='lat' dir='ltr'><strong>capite</strong></span> <span class='ocrx_word' id='word_1_211' title='bbox 1141 2835 1537 2902; x_wconf 82' lang='lat' dir='ltr'><strong>abalienantur,</strong></span> <span class='ocrx_word' id='word_1_212' title='bbox 1562 2851 1665 2889; x_wconf 93' lang='lat' dir='ltr'><strong>nou</strong></span> <span class='ocrx_word' id='word_1_213' title='bbox 1695 2844 1802 2889; x_wconf 87' lang='lat' dir='ltr'><strong>tam</strong></span> <span class='ocrx_word' id='word_1_214' title='bbox 1833 2835 2126 2890; x_wconf 90' lang='lat' dir='ltr'><strong>detrimen-</strong></span> 
     </span>
    </p>
   </div>
   <div class='ocr_carea' id='block_1_31' title="bbox 566 2927 2125 2999">
    <p class='ocr_par' dir='ltr' id='par_1_31' title="bbox 566 2927 2125 2999">
     <span class='ocr_line' id='line_1_31' title="bbox 566 2927 2125 2999; baseline 0.001 -17"><span class='ocrx_word' id='word_1_215' title='bbox 566 2937 676 2982; x_wconf 91' lang='lat' dir='ltr'><strong>tum</strong></span> <span class='ocrx_word' id='word_1_216' title='bbox 709 2927 1024 2993; x_wconf 85' lang='lat' dir='ltr'><strong>inl&#39;erentcs,</strong></span> <span class='ocrx_word' id='word_1_217' title='bbox 1057 2944 1216 2999; x_wconf 85' lang='lat' dir='ltr'><strong>quam</strong></span> <span class='ocrx_word' id='word_1_218' title='bbox 1251 2929 1575 2997; x_wconf 88' lang='lat' dir='ltr'><strong>accipientes</strong></span> <span class='ocrx_word' id='word_1_219' title='bbox 1602 2944 1666 2983; x_wconf 81' lang='lat' dir='ltr'><strong>ex</strong></span> <span class='ocrx_word' id='word_1_220' title='bbox 1713 2929 1918 2982; x_wconf 91' lang='lat' dir='ltr'><strong>ordinis</strong></span> <span class='ocrx_word' id='word_1_221' title='bbox 1961 2939 2125 2998; x_wconf 87' lang='lat' dir='ltr'><strong>atque</strong></span> 
     </span>
    </p>
   </div>
   <div class='ocr_carea' id='block_1_32' title="bbox 561 3019 2123 3091">
    <p class='ocr_par' dir='ltr' id='par_1_32' title="bbox 561 3019 2123 3091">
     <span class='ocr_line' id='line_1_32' title="bbox 561 3019 2123 3091; baseline 0 -15"><span class='ocrx_word' id='word_1_222' title='bbox 561 3019 774 3089; x_wconf 87' lang='lat' dir='ltr'><strong>imperii</strong></span> <span class='ocrx_word' id='word_1_223' title='bbox 802 3021 1226 3090; x_wconf 85' lang='lat' dir='ltr'><strong>perturbatione,</strong></span> <span class='ocrx_word' id='word_1_224' title='bbox 1258 3036 1377 3090; x_wconf 69' lang='lat' dir='ltr'><strong>qua:</strong></span> <span class='ocrx_word' id='word_1_225' title='bbox 1419 3035 1615 3091; x_wconf 88' lang='lat' dir='ltr'><strong>corpus</strong></span> <span class='ocrx_word' id='word_1_226' title='bbox 1649 3021 1961 3076; x_wconf 86' lang='lat' dir='ltr'><strong>universum</strong></span> <span class='ocrx_word' id='word_1_227' title='bbox 1988 3037 2123 3076; x_wconf 89' lang='lat' dir='ltr'><strong>con-</strong></span> 
     </span>
    </p>
   </div>
   <div class='ocr_carea' id='block_1_33' title="bbox 2237 545 3717 622">
    <p class='ocr_par' dir='ltr' id='par_1_33' title="bbox 2237 545 3717 622">
     <span class='ocr_line' id='line_1_33' title="bbox 2237 545 3717 622; baseline 0.026 -50"><span class='ocrx_word' id='word_1_228' title='bbox 2237 547 2324 600; x_wconf 62' lang='grc' dir='ltr'><strong>διὰ</strong></span> <span class='ocrx_word' id='word_1_229' title='bbox 2368 547 2442 616; x_wconf 71' lang='grc'><strong>(7)</strong></span> <span class='ocrx_word' id='word_1_230' title='bbox 2488 546 2589 615; x_wconf 70' lang='grc' dir='ltr'><strong>τῆς</strong></span> <span class='ocrx_word' id='word_1_231' title='bbox 2646 545 2866 615; x_wconf 80' lang='grc' dir='ltr'><strong>ἀγάπης</strong></span> <span class='ocrx_word' id='word_1_232' title='bbox 2919 546 3037 612; x_wconf 60' lang='grc' dir='ltr'>οὐκί</span> <span class='ocrx_word' id='word_1_233' title='bbox 3074 545 3272 602; x_wconf 77' lang='grc' dir='ltr'>ἄκοντα</span> <span class='ocrx_word' id='word_1_234' title='bbox 3324 553 3717 622; x_wconf 60' lang='grc' dir='ltr'>τυραννήσαντες,</span> 
     </span>
    </p>
   </div>
   <div class='ocr_carea' id='block_1_34' title="bbox 2237 639 3715 710">
    <p class='ocr_par' dir='ltr' id='par_1_34' title="bbox 2237 639 3715 710">
     <span class='ocr_line' id='line_1_34' title="bbox 2237 639 3715 710; baseline 0.017 -32"><span class='ocrx_word' id='word_1_235' title='bbox 2237 640 2536 708; x_wconf 70' lang='grc' dir='ltr'><strong>φθέγξομαι</strong></span> <span class='ocrx_word' id='word_1_236' title='bbox 2571 639 2687 710; x_wconf 79' lang='grc' dir='ltr'>μὲν,</span> <span class='ocrx_word' id='word_1_237' title='bbox 2715 641 2762 691; x_wconf 81' lang='grc' dir='ltr'>εἰ</span> <span class='ocrx_word' id='word_1_238' title='bbox 2794 639 2886 691; x_wconf 74' lang='grc' dir='ltr'>καὶ</span> <span class='ocrx_word' id='word_1_239' title='bbox 2919 639 3087 709; x_wconf 85' lang='grc' dir='ltr'>μόλις,</span> <span class='ocrx_word' id='word_1_240' title='bbox 3112 639 3292 710; x_wconf 79' lang='grc' dir='ltr'>ἐπειδὴ</span> <span class='ocrx_word' id='word_1_241' title='bbox 3318 641 3464 695; x_wconf 79' lang='grc' dir='ltr'>τοῦτο</span> <span class='ocrx_word' id='word_1_242' title='bbox 3493 646 3715 704; x_wconf 70' lang='grc' dir='ltr'>κελεύετε·</span> 
     </span>
    </p>
   </div>
   <div class='ocr_carea' id='block_1_35' title="bbox 2238 731 3718 807">
    <p class='ocr_par' dir='ltr' id='par_1_35' title="bbox 2238 731 3718 807">
     <span class='ocr_line' id='line_1_35' title="bbox 2238 731 3718 807; baseline 0.003 -24"><span class='ocrx_word' id='word_1_243' title='bbox 2238 731 2541 801; x_wconf 72' lang='grc' dir='ltr'>φθέγξομαι</span> <span class='ocrx_word' id='word_1_244' title='bbox 2582 731 2636 782; x_wconf 80' lang='grc' dir='ltr'>δὲ</span> <span class='ocrx_word' id='word_1_245' title='bbox 2685 731 3035 802; x_wconf 77' lang='grc' dir='ltr'><strong>εὐχαριστίας</strong></span> <span class='ocrx_word' id='word_1_246' title='bbox 3087 732 3180 784; x_wconf 73' lang='grc' dir='ltr'>καὶ</span> <span class='ocrx_word' id='word_1_247' title='bbox 3227 732 3486 798; x_wconf 86' lang='grc' dir='ltr'>νουθεσίας</span> <span class='ocrx_word' id='word_1_248' title='bbox 3531 740 3718 807; x_wconf 71' lang='grc' dir='ltr'>ῥήματα,</span> 
     </span>
    </p>
   </div>
   <div class='ocr_carea' id='block_1_36' title="bbox 2245 818 3720 896">
    <p class='ocr_par' dir='ltr' id='par_1_36' title="bbox 2245 818 3720 896">
     <span class='ocr_line' id='line_1_36' title="bbox 2245 818 3720 896; baseline 0.008 -22"><span class='ocrx_word' id='word_1_249' title='bbox 2245 823 2309 876; x_wconf 81' lang='grc' dir='ltr'><strong><em>Ἥ</em></strong></span> <span class='ocrx_word' id='word_1_250' title='bbox 2355 825 2453 893; x_wconf 83' lang='grc' dir='ltr'><strong>μὲν</strong></span> <span class='ocrx_word' id='word_1_251' title='bbox 2497 818 2588 876; x_wconf 74' lang='grc' dir='ltr'><strong>οὖν</strong></span> <span class='ocrx_word' id='word_1_252' title='bbox 2623 823 2938 894; x_wconf 74' lang='grc' dir='ltr'><strong>εὐχαριστία</strong></span> <span class='ocrx_word' id='word_1_253' title='bbox 2989 825 3211 892; x_wconf 74' lang='grc' dir='ltr'>τοιαύτη</span> <span class='ocrx_word' id='word_1_254' title='bbox 3257 823 3348 893; x_wconf 78' lang='grc'>(8).</span> <span class='ocrx_word' id='word_1_255' title='bbox 3397 829 3480 890; x_wconf 84' lang='grc' dir='ltr'>Τίς</span> <span class='ocrx_word' id='word_1_256' title='bbox 3518 834 3720 896; x_wconf 66' lang='grc' dir='ltr'>λαλήσει</span> 
     </span>
    </p>
   </div>
   <div class='ocr_carea' id='block_1_37' title="bbox 2234 915 3719 990">
    <p class='ocr_par' dir='ltr' id='par_1_37' title="bbox 2234 915 3719 990">
     <span class='ocr_line' id='line_1_37' title="bbox 2234 915 3719 990; baseline 0.007 -24"><span class='ocrx_word' id='word_1_257' title='bbox 2234 917 2339 980; x_wconf 82' lang='grc' dir='ltr'>τὰς</span> <span class='ocrx_word' id='word_1_258' title='bbox 2365 915 2720 980; x_wconf 76' lang='grc' dir='ltr'><strong>δυναστείας</strong></span> <span class='ocrx_word' id='word_1_259' title='bbox 2752 915 2856 968; x_wconf 79' lang='grc' dir='ltr'>τοῦ</span> <span class='ocrx_word' id='word_1_260' title='bbox 2885 916 3138 982; x_wconf 78' lang='grc' dir='ltr'><strong>Κυριόυ;</strong></span> <span class='ocrx_word' id='word_1_261' title='bbox 3168 917 3260 978; x_wconf 84' lang='grc' dir='ltr'><strong>Τίς</strong></span> <span class='ocrx_word' id='word_1_262' title='bbox 3290 917 3344 969; x_wconf 80' lang='grc' dir='ltr'>δὲ</span> <span class='ocrx_word' id='word_1_263' title='bbox 3375 920 3552 983; x_wconf 78' lang='grc' dir='ltr'>πάσαις</span> <span class='ocrx_word' id='word_1_264' title='bbox 3578 925 3719 990; x_wconf 74' lang='grc' dir='ltr'>ἀκοαῖς</span> 
     </span>
    </p>
   </div>
   <div class='ocr_carea' id='block_1_38' title="bbox 2236 1007 3719 1082">
    <p class='ocr_par' dir='ltr' id='par_1_38' title="bbox 2236 1007 3719 1082">
     <span class='ocr_line' id='line_1_38' title="bbox 2236 1007 3719 1082; baseline 0.007 -24"><span class='ocrx_word' id='word_1_265' title='bbox 2236 1008 2573 1076; x_wconf 77' lang='grc' dir='ltr'><strong>παραστήσει</strong></span> <span class='ocrx_word' id='word_1_266' title='bbox 2623 1007 2719 1076; x_wconf 80' lang='grc' dir='ltr'><strong>τὴν</strong></span> <span class='ocrx_word' id='word_1_267' title='bbox 2762 1007 2853 1059; x_wconf 77' lang='grc' dir='ltr'><strong>ἐπὶ</strong></span> <span class='ocrx_word' id='word_1_268' title='bbox 2894 1009 3057 1059; x_wconf 78' lang='grc' dir='ltr'>πᾶσιν</span> <span class='ocrx_word' id='word_1_269' title='bbox 3093 1009 3164 1076; x_wconf 81' lang='grc'>(9)</span> <span class='ocrx_word' id='word_1_270' title='bbox 3201 1011 3426 1072; x_wconf 71' lang='grc' dir='ltr'>αἴνεσινς</span> <span class='ocrx_word' id='word_1_271' title='bbox 3473 1012 3545 1064; x_wconf 81' lang='grc' dir='ltr'><strong>ὅτι</strong></span> <span class='ocrx_word' id='word_1_272' title='bbox 3577 1016 3719 1082; x_wconf 68' lang='grc' dir='ltr'>γέγονε</span> 
     </span>
    </p>
   </div>
   <div class='ocr_carea' id='block_1_39' title="bbox 2232 1097 3721 1172">
    <p class='ocr_par' dir='ltr' id='par_1_39' title="bbox 2232 1097 3721 1172">
     <span class='ocr_line' id='line_1_39' title="bbox 2232 1097 3721 1172; baseline -0.003 -20"><span class='ocrx_word' id='word_1_273' title='bbox 2232 1100 2300 1152; x_wconf 75' lang='grc' dir='ltr'>τὰ</span> <span class='ocrx_word' id='word_1_274' title='bbox 2331 1099 2610 1170; x_wconf 78' lang='grc' dir='ltr'>ἀμφότερα</span> <span class='ocrx_word' id='word_1_275' title='bbox 2632 1097 2709 1162; x_wconf 84' lang='grc' dir='ltr'>ἓν,</span> <span class='ocrx_word' id='word_1_276' title='bbox 2743 1098 2915 1151; x_wconf 78' lang='grc' dir='ltr'>καὶτὸ</span> <span class='ocrx_word' id='word_1_277' title='bbox 2950 1098 3256 1168; x_wconf 78' lang='grc' dir='ltr'>μεσότοιχον</span> <span class='ocrx_word' id='word_1_278' title='bbox 3283 1099 3372 1152; x_wconf 78' lang='grc' dir='ltr'>τοῦ</span> <span class='ocrx_word' id='word_1_279' title='bbox 3401 1105 3620 1172; x_wconf 69' lang='grc' dir='ltr'>φραγμοῦ</span> <span class='ocrx_word' id='word_1_280' title='bbox 3639 1109 3721 1160; x_wconf 73' lang='grc' dir='ltr'>δια.</span> 
     </span>
    </p>
   </div>
   <div class='ocr_carea' id='block_1_40' title="bbox 2234 1189 3722 1266">
    <p class='ocr_par' dir='ltr' id='par_1_40' title="bbox 2234 1189 3722 1266">
     <span class='ocr_line' id='line_1_40' title="bbox 2234 1189 3722 1266; baseline 0.005 -23"><span class='ocrx_word' id='word_1_281' title='bbox 2234 1189 2478 1243; x_wconf 75' lang='grc' dir='ltr'>λέλυται·</span> <span class='ocrx_word' id='word_1_282' title='bbox 2531 1191 2612 1242; x_wconf 79' lang='grc' dir='ltr'><strong>ὅτι</strong></span> <span class='ocrx_word' id='word_1_283' title='bbox 2663 1190 2904 1252; x_wconf 78' lang='grc' dir='ltr'>ἔπαυσας</span> <span class='ocrx_word' id='word_1_284' title='bbox 2963 1192 3111 1260; x_wconf 78' lang='grc' dir='ltr'>ἡμᾶς</span> <span class='ocrx_word' id='word_1_285' title='bbox 3157 1191 3314 1253; x_wconf 71' lang='grc' dir='ltr'>ὂντας</span> <span class='ocrx_word' id='word_1_286' title='bbox 3374 1195 3649 1266; x_wconf 70' lang='grc' dir='ltr'>παραϐολὴν</span> <span class='ocrx_word' id='word_1_287' title='bbox 3681 1201 3722 1250; x_wconf 77' lang='grc' dir='ltr'>ἐν</span> 
     </span>
    </p>
   </div>
   <div class='ocr_carea' id='block_1_41' title="bbox 2231 1278 3722 1349">
    <p class='ocr_par' dir='ltr' id='par_1_41' title="bbox 2231 1278 3722 1349">
     <span class='ocr_line' id='line_1_41' title="bbox 2231 1278 3722 1349; baseline 0.002 -17"><span class='ocrx_word' id='word_1_288' title='bbox 2231 1283 2342 1342; x_wconf 86' lang='grc' dir='ltr'>τοῖς</span> <span class='ocrx_word' id='word_1_289' title='bbox 2403 1278 2613 1344; x_wconf 73' lang='grc' dir='ltr'>ἔθνεσι,</span> <span class='ocrx_word' id='word_1_290' title='bbox 2668 1279 2880 1349; x_wconf 82' lang='grc' dir='ltr'>κίνησιν</span> <span class='ocrx_word' id='word_1_291' title='bbox 2931 1279 3170 1348; x_wconf 71' lang='grc' dir='ltr'>κεφαλῆς</span> <span class='ocrx_word' id='word_1_292' title='bbox 3216 1281 3272 1331; x_wconf 83' lang='grc' dir='ltr'>ὲν</span> <span class='ocrx_word' id='word_1_293' title='bbox 3322 1283 3426 1344; x_wconf 82' lang='grc' dir='ltr'>τοῖς</span> <span class='ocrx_word' id='word_1_294' title='bbox 3481 1282 3630 1348; x_wconf 75' lang='grc' dir='ltr'>λαοῖςο</span> <span class='ocrx_word' id='word_1_295' title='bbox 3665 1290 3722 1341; x_wconf 74' lang='grc' dir='ltr'><strong>ὅτι</strong></span> 
     </span>
    </p>
   </div>
   <div class='ocr_carea' id='block_1_42' title="bbox 2231 1370 3724 1447">
    <p class='ocr_par' dir='ltr' id='par_1_42' title="bbox 2231 1370 3724 1447">
     <span class='ocr_line' id='line_1_42' title="bbox 2231 1370 3724 1447; baseline 0.004 -25"><span class='ocrx_word' id='word_1_296' title='bbox 2231 1370 2481 1423; x_wconf 74' lang='grc' dir='ltr'>τοσοῦτον</span> <span class='ocrx_word' id='word_1_297' title='bbox 2507 1373 2654 1441; x_wconf 75' lang='grc' dir='ltr'>ἡμᾶς</span> <span class='ocrx_word' id='word_1_298' title='bbox 2690 1371 2997 1436; x_wconf 76' lang='grc' dir='ltr'>ὲκάκωσας,</span> <span class='ocrx_word' id='word_1_299' title='bbox 3035 1372 3156 1424; x_wconf 79' lang='grc' dir='ltr'>ὅσον</span> <span class='ocrx_word' id='word_1_300' title='bbox 3189 1372 3249 1424; x_wconf 80' lang='grc' dir='ltr'><strong>τὸ</strong></span> <span class='ocrx_word' id='word_1_301' title='bbox 3275 1375 3372 1441; x_wconf 78' lang='grc' dir='ltr'>τῆς</span> <span class='ocrx_word' id='word_1_302' title='bbox 3407 1377 3603 1447; x_wconf 72' lang='grc' dir='ltr'>εἰρήνης</span> <span class='ocrx_word' id='word_1_303' title='bbox 3627 1381 3724 1446; x_wconf 74' lang='grc' dir='ltr'>ἀγα.</span> 
     </span>
    </p>
   </div>
   <div class='ocr_carea' id='block_1_43' title="bbox 2233 1460 3722 1539">
    <p class='ocr_par' dir='ltr' id='par_1_43' title="bbox 2233 1460 3722 1539">
     <span class='ocr_line' id='line_1_43' title="bbox 2233 1460 3722 1539; baseline 0.006 -26"><span class='ocrx_word' id='word_1_304' title='bbox 2233 1460 2322 1514; x_wconf 59' lang='lat' dir='ltr'><strong>om</strong></span> <span class='ocrx_word' id='word_1_305' title='bbox 2373 1465 2438 1532; x_wconf 82' lang='grc' dir='ltr'>τῇ</span> <span class='ocrx_word' id='word_1_306' title='bbox 2486 1461 2762 1515; x_wconf 84' lang='grc' dir='ltr'>διαστάσει</span> <span class='ocrx_word' id='word_1_307' title='bbox 2813 1463 3107 1532; x_wconf 76' lang='grc' dir='ltr'>γνωρίσαι,</span> <span class='ocrx_word' id='word_1_308' title='bbox 3161 1466 3252 1517; x_wconf 77' lang='grc' dir='ltr'><strong>καὶ</strong></span> <span class='ocrx_word' id='word_1_309' title='bbox 3287 1465 3462 1532; x_wconf 78' lang='grc' dir='ltr'>ἀλγεῖν</span> <span class='ocrx_word' id='word_1_310' title='bbox 3512 1471 3722 1539; x_wconf 75' lang='grc' dir='ltr'>ποιήσας,</span> 
     </span>
    </p>
   </div>
   <div class='ocr_carea' id='block_1_44' title="bbox 2234 1553 3724 1630">
    <p class='ocr_par' dir='ltr' id='par_1_44' title="bbox 2234 1553 3724 1630">
     <span class='ocr_line' id='line_1_44' title="bbox 2234 1553 3724 1630; baseline 0.006 -24"><span class='ocrx_word' id='word_1_311' title='bbox 2234 1553 2394 1606; x_wconf 78' lang='grc' dir='ltr'>πάλιν</span> <span class='ocrx_word' id='word_1_312' title='bbox 2442 1555 2925 1624; x_wconf 79' lang='grc' dir='ltr'>ἀποκατέστησας’</span> <span class='ocrx_word' id='word_1_313' title='bbox 2961 1554 3006 1607; x_wconf 83' lang='grc' dir='ltr'><strong>ὣ</strong></span> <span class='ocrx_word' id='word_1_314' title='bbox 3052 1556 3144 1610; x_wconf 76' lang='grc' dir='ltr'>τοῦ</span> <span class='ocrx_word' id='word_1_315' title='bbox 3207 1558 3501 1627; x_wconf 72' lang='grc' dir='ltr'>παραδόξου</span> <span class='ocrx_word' id='word_1_316' title='bbox 3544 1561 3627 1630; x_wconf 75' lang='grc' dir='ltr'>τῆς</span> <span class='ocrx_word' id='word_1_317' title='bbox 3664 1565 3724 1615; x_wconf 75' lang='grc' dir='ltr'>ία-</span> 
     </span>
    </p>
   </div>
   <div class='ocr_carea' id='block_1_45' title="bbox 2229 1643 3725 1717">
    <p class='ocr_par' dir='ltr' id='par_1_45' title="bbox 2229 1643 3725 1717">
     <span class='ocr_line' id='line_1_45' title="bbox 2229 1643 3725 1717; baseline 0.003 -22"><span class='ocrx_word' id='word_1_318' title='bbox 2229 1643 2444 1713; x_wconf 70' lang='grc' dir='ltr'>τρείαςῐ</span> <span class='ocrx_word' id='word_1_319' title='bbox 2478 1643 2769 1707; x_wconf 78' lang='grc' dir='ltr'>παιδεύσας</span> <span class='ocrx_word' id='word_1_320' title='bbox 2803 1646 2882 1708; x_wconf 77' lang='grc' dir='ltr'>εἰς</span> <span class='ocrx_word' id='word_1_321' title='bbox 2912 1646 3133 1715; x_wconf 76' lang='grc' dir='ltr'>εἰρήνην</span> <span class='ocrx_word' id='word_1_322' title='bbox 3165 1645 3252 1697; x_wconf 70' lang='grc' dir='ltr'><strong>διὰ</strong></span> <span class='ocrx_word' id='word_1_323' title='bbox 3283 1644 3375 1698; x_wconf 74' lang='grc' dir='ltr'>τοῦ</span> <span class='ocrx_word' id='word_1_324' title='bbox 3408 1647 3578 1716; x_wconf 81' lang='grc' dir='ltr'>μίσους</span> <span class='ocrx_word' id='word_1_325' title='bbox 3606 1666 3725 1717; x_wconf 59' lang='lat' dir='ltr'><strong>iusq-</strong></span> 
     </span>
    </p>
   </div>
   <div class='ocr_carea' id='block_1_46' title="bbox 2232 1727 3722 1801">
    <p class='ocr_par' dir='ltr' id='par_1_46' title="bbox 2232 1727 3722 1801">
     <span class='ocr_line' id='line_1_46' title="bbox 2232 1727 3722 1801; baseline 0.004 -21"><span class='ocrx_word' id='word_1_326' title='bbox 2232 1727 2411 1792; x_wconf 77' lang='grc' dir='ltr'>θέντος</span> <span class='ocrx_word' id='word_1_327' title='bbox 2437 1729 2546 1800; x_wconf 87' lang='grc'>(10)</span> <span class='ocrx_word' id='word_1_328' title='bbox 2579 1730 2652 1793; x_wconf 87' lang='grc' dir='ltr'>ὠς</span> <span class='ocrx_word' id='word_1_329' title='bbox 2679 1731 2925 1800; x_wconf 80' lang='grc' dir='ltr'>τάχιστα,</span> <span class='ocrx_word' id='word_1_330' title='bbox 2967 1731 3059 1784; x_wconf 72' lang='grc' dir='ltr'><strong>καὶ</strong></span> <span class='ocrx_word' id='word_1_331' title='bbox 3084 1731 3160 1800; x_wconf 82' lang='grc' dir='ltr'><strong>τῷ</strong></span> <span class='ocrx_word' id='word_1_332' title='bbox 3190 1731 3416 1801; x_wconf 80' lang='grc' dir='ltr'>ἐναντίῳ</span> <span class='ocrx_word' id='word_1_333' title='bbox 3453 1732 3509 1784; x_wconf 80' lang='grc' dir='ltr'><strong>τὸ</strong></span> <span class='ocrx_word' id='word_1_334' title='bbox 3536 1734 3722 1786; x_wconf 77' lang='grc' dir='ltr'>ἐναντίον</span> 
     </span>
    </p>
   </div>
   <div class='ocr_carea' id='block_1_47' title="bbox 2232 1820 3724 1891">
    <p class='ocr_par' dir='ltr' id='par_1_47' title="bbox 2232 1820 3724 1891">
     <span class='ocr_line' id='line_1_47' title="bbox 2232 1820 3724 1891; baseline 0.003 -19"><span class='ocrx_word' id='word_1_335' title='bbox 2232 1821 2628 1890; x_wconf 75' lang='grc' dir='ltr'>οἰκονομήσας,</span> <span class='ocrx_word' id='word_1_336' title='bbox 2669 1820 2762 1874; x_wconf 77' lang='grc' dir='ltr'><strong>καὶ</strong></span> <span class='ocrx_word' id='word_1_337' title='bbox 2810 1821 3062 1874; x_wconf 79' lang='grc' dir='ltr'>τοσοῦτον</span> <span class='ocrx_word' id='word_1_338' title='bbox 3109 1825 3258 1891; x_wconf 70' lang='grc' dir='ltr'>ἡμᾶς</span> <span class='ocrx_word' id='word_1_339' title='bbox 3306 1822 3596 1886; x_wconf 76' lang='grc' dir='ltr'>διαζεύξας,</span> <span class='ocrx_word' id='word_1_340' title='bbox 3636 1826 3724 1876; x_wconf 80' lang='grc' dir='ltr'>ὅσον</span> 
     </span>
    </p>
   </div>
   <div class='ocr_carea' id='block_1_48' title="bbox 2231 1911 3726 1987">
    <p class='ocr_par' dir='ltr' id='par_1_48' title="bbox 2231 1911 3726 1987">
     <span class='ocr_line' id='line_1_48' title="bbox 2231 1911 3726 1987; baseline -0.015 -2"><span class='ocrx_word' id='word_1_341' title='bbox 2231 1911 2590 1983; x_wconf 77' lang='grc' dir='ltr'>θερμοτέρους</span> <span class='ocrx_word' id='word_1_342' title='bbox 2643 1913 3010 1985; x_wconf 80' lang='grc' dir='ltr'>προσδραμεῖν</span> <span class='ocrx_word' id='word_1_343' title='bbox 3058 1913 3338 1985; x_wconf 74' lang='grc' dir='ltr'><strong>ἀλλήλοις⁸</strong></span> <span class='ocrx_word' id='word_1_344' title='bbox 3389 1916 3610 1987; x_wconf 76' lang='grc' dir='ltr'>καθάπερ</span> <span class='ocrx_word' id='word_1_345' title='bbox 3648 1917 3726 1969; x_wconf 76' lang='grc' dir='ltr'><strong>τῶν</strong></span> 
     </span>
    </p>
   </div>
   <div class='ocr_carea' id='block_1_49' title="bbox 2230 2001 3723 2074">
    <p class='ocr_par' dir='ltr' id='par_1_49' title="bbox 2230 2001 3723 2074">
     <span class='ocr_line' id='line_1_49' title="bbox 2230 2001 3723 2074; baseline 0.004 -22"><span class='ocrx_word' id='word_1_346' title='bbox 2230 2002 2410 2070; x_wconf 82' lang='grc' dir='ltr'>φυτῶν</span> <span class='ocrx_word' id='word_1_347' title='bbox 2442 2001 2477 2055; x_wconf 75' lang='grc' dir='ltr'>ἃ.</span> <span class='ocrx_word' id='word_1_348' title='bbox 2524 2002 2614 2073; x_wconf 66' lang='grc' dir='ltr'>βία</span> <span class='ocrx_word' id='word_1_349' title='bbox 2650 2005 2805 2073; x_wconf 75' lang='grc' dir='ltr'>χερσὶ</span> <span class='ocrx_word' id='word_1_350' title='bbox 2859 2002 3298 2073; x_wconf 79' lang='grc' dir='ltr'>μετασπὼμενα,</span> <span class='ocrx_word' id='word_1_351' title='bbox 3341 2001 3457 2056; x_wconf 81' lang='grc' dir='ltr'>εἶτα</span> <span class='ocrx_word' id='word_1_352' title='bbox 3489 2006 3723 2074; x_wconf 76' lang='grc' dir='ltr'>ἀφιέμενα.</span> 
     </span>
    </p>
   </div>
   <div class='ocr_carea' id='block_1_50' title="bbox 2229 2093 3727 2167">
    <p class='ocr_par' dir='ltr' id='par_1_50' title="bbox 2229 2093 3727 2167">
     <span class='ocr_line' id='line_1_50' title="bbox 2229 2093 3727 2167; baseline 0.002 -22"><span class='ocrx_word' id='word_1_353' title='bbox 2229 2093 2364 2164; x_wconf 81' lang='grc' dir='ltr'>πρὸς</span> <span class='ocrx_word' id='word_1_354' title='bbox 2388 2094 2554 2147; x_wconf 84' lang='grc' dir='ltr'>ἑαυτὰ</span> <span class='ocrx_word' id='word_1_355' title='bbox 2579 2095 2736 2148; x_wconf 82' lang='grc' dir='ltr'>πάλιν</span> <span class='ocrx_word' id='word_1_356' title='bbox 2769 2095 3071 2166; x_wconf 83' lang='grc' dir='ltr'>ἀνατρέχει,</span> <span class='ocrx_word' id='word_1_357' title='bbox 3091 2098 3185 2149; x_wconf 71' lang='grc' dir='ltr'>καὶ</span> <span class='ocrx_word' id='word_1_358' title='bbox 3209 2096 3309 2165; x_wconf 81' lang='grc' dir='ltr'>τὴν</span> <span class='ocrx_word' id='word_1_359' title='bbox 3337 2095 3544 2167; x_wconf 75' lang='grc' dir='ltr'>πρώτην</span> <span class='ocrx_word' id='word_1_360' title='bbox 3571 2097 3727 2149; x_wconf 79' lang='grc' dir='ltr'>ἑαυτῶν</span> 
     </span>
    </p>
   </div>
   <div class='ocr_carea' id='block_1_51' title="bbox 2229 2173 3728 2260">
    <p class='ocr_par' dir='ltr' id='par_1_51' title="bbox 2229 2188 3728 2260">
     <span class='ocr_line' id='line_1_51' title="bbox 2229 2188 3728 2260; baseline 0.001 -19"><span class='ocrx_word' id='word_1_361' title='bbox 2229 2188 2409 2258; x_wconf 82' lang='grc' dir='ltr'>φύσιν,</span> <span class='ocrx_word' id='word_1_362' title='bbox 2456 2190 2548 2241; x_wconf 74' lang='grc' dir='ltr'><strong>καὶ</strong></span> <span class='ocrx_word' id='word_1_363' title='bbox 2598 2189 2833 2242; x_wconf 86' lang='grc' dir='ltr'>δείκνυσι</span> <span class='ocrx_word' id='word_1_364' title='bbox 2873 2189 2931 2242; x_wconf 84' lang='grc' dir='ltr'><strong>τὸ</strong></span> <span class='ocrx_word' id='word_1_365' title='bbox 2977 2191 3195 2252; x_wconf 79' lang='grc' dir='ltr'>οἰκεῖον,</span> <span class='ocrx_word' id='word_1_366' title='bbox 3237 2189 3328 2260; x_wconf 69' lang='grc' dir='ltr'><strong>βίᾳ</strong></span> <span class='ocrx_word' id='word_1_367' title='bbox 3364 2190 3458 2259; x_wconf 79' lang='grc' dir='ltr'><strong>μὲν</strong></span> <span class='ocrx_word' id='word_1_368' title='bbox 3503 2191 3728 2243; x_wconf 73' lang='grc' dir='ltr'>ἁποκλινὸ-</span> 
     </span>
    </p>
   </div>
   <div class='ocr_carea' id='block_1_52' title="bbox 2233 2282 3728 2353">
    <p class='ocr_par' dir='ltr' id='par_1_52' title="bbox 2233 2282 3728 2353">
     <span class='ocr_line' id='line_1_52' title="bbox 2233 2282 3728 2353; baseline 0.001 -20"><span class='ocrx_word' id='word_1_369' title='bbox 2233 2299 2386 2350; x_wconf 84' lang='grc' dir='ltr'>μενα,</span> <span class='ocrx_word' id='word_1_370' title='bbox 2415 2283 2474 2334; x_wconf 81' lang='grc' dir='ltr'><strong>οὐ</strong></span> <span class='ocrx_word' id='word_1_371' title='bbox 2508 2282 2596 2353; x_wconf 74' lang='grc' dir='ltr'>βία</span> <span class='ocrx_word' id='word_1_372' title='bbox 2631 2283 2685 2334; x_wconf 86' lang='grc' dir='ltr'>δὲ</span> <span class='ocrx_word' id='word_1_373' title='bbox 2721 2282 3091 2352; x_wconf 79' lang='grc' dir='ltr'>ἀνορθούμενα</span> <span class='ocrx_word' id='word_1_374' title='bbox 3123 2283 3270 2352; x_wconf 88' lang='grc'>(11)·</span> <span class='ocrx_word' id='word_1_375' title='bbox 3308 2284 3388 2335; x_wconf 80' lang='grc' dir='ltr'><strong>ὅτι</strong></span> <span class='ocrx_word' id='word_1_376' title='bbox 3435 2283 3608 2352; x_wconf 70' lang='grc' dir='ltr'>μηκέτι</span> <span class='ocrx_word' id='word_1_377' title='bbox 3641 2285 3728 2353; x_wconf 74' lang='grc' dir='ltr'>χεὶρ</span> 
     </span>
    </p>
   </div>
   <div class='ocr_carea' id='block_1_53' title="bbox 2227 2369 3726 2443">
    <p class='ocr_par' dir='ltr' id='par_1_53' title="bbox 2227 2369 3726 2443">
     <span class='ocr_line' id='line_1_53' title="bbox 2227 2369 3726 2443; baseline -0.003 -19"><span class='ocrx_word' id='word_1_378' title='bbox 2227 2373 2317 2424; x_wconf 75' lang='grc' dir='ltr'><strong>τὸν</strong></span> <span class='ocrx_word' id='word_1_379' title='bbox 2342 2372 2614 2442; x_wconf 71' lang='grc' dir='ltr'>ὀφθαλμὸν</span> <span class='ocrx_word' id='word_1_380' title='bbox 2641 2374 2977 2443; x_wconf 78' lang='grc' dir='ltr'>περιφρονεῖ,</span> <span class='ocrx_word' id='word_1_381' title='bbox 3006 2371 3127 2442; x_wconf 84' lang='grc' dir='ltr'>μηδ’</span> <span class='ocrx_word' id='word_1_382' title='bbox 3155 2369 3435 2440; x_wconf 78' lang='grc' dir='ltr'>ὀφθαλμὸς</span> <span class='ocrx_word' id='word_1_383' title='bbox 3458 2370 3559 2440; x_wconf 70' lang='grc'>(12)</span> <span class='ocrx_word' id='word_1_384' title='bbox 3585 2373 3726 2439; x_wconf 81' lang='grc' dir='ltr'>χεῖρα·</span> 
     </span>
    </p>
   </div>
   <div class='ocr_carea' id='block_1_54' title="bbox 2227 2461 3730 2535">
    <p class='ocr_par' dir='ltr' id='par_1_54' title="bbox 2227 2461 3730 2535">
     <span class='ocr_line' id='line_1_54' title="bbox 2227 2461 3730 2535; baseline -0.001 -19"><span class='ocrx_word' id='word_1_385' title='bbox 2227 2465 2308 2516; x_wconf 83' lang='grc' dir='ltr'>ὅτι</span> <span class='ocrx_word' id='word_1_386' title='bbox 2343 2463 2535 2535; x_wconf 81' lang='grc' dir='ltr'>μηκέτι</span> <span class='ocrx_word' id='word_1_387' title='bbox 2578 2463 2750 2517; x_wconf 83' lang='grc' dir='ltr'>ποδῶν</span> <span class='ocrx_word' id='word_1_388' title='bbox 2792 2463 3244 2529; x_wconf 80' lang='grc' dir='ltr'>κατεξανίσταται</span> <span class='ocrx_word' id='word_1_389' title='bbox 3277 2461 3500 2532; x_wconf 81' lang='grc' dir='ltr'>κεφαλὴ,</span> <span class='ocrx_word' id='word_1_390' title='bbox 3532 2461 3640 2531; x_wconf 73' lang='grc' dir='ltr'>μηδὲ</span> <span class='ocrx_word' id='word_1_391' title='bbox 3663 2479 3730 2514; x_wconf 73' lang='grc' dir='ltr'>κε-</span> 
     </span>
    </p>
   </div>
   <div class='ocr_carea' id='block_1_55' title="bbox 2228 2553 3730 2628">
    <p class='ocr_par' dir='ltr' id='par_1_55' title="bbox 2228 2553 3730 2628">
     <span class='ocr_line' id='line_1_55' title="bbox 2228 2553 3730 2628; baseline -0.001 -20"><span class='ocrx_word' id='word_1_392' title='bbox 2228 2557 2399 2626; x_wconf 75' lang='grc' dir='ltr'>φαλῆς</span> <span class='ocrx_word' id='word_1_393' title='bbox 2455 2557 2855 2628; x_wconf 79' lang='grc' dir='ltr'>ἁλλοτριοῦνται</span> <span class='ocrx_word' id='word_1_394' title='bbox 2904 2557 3091 2620; x_wconf 80' lang='grc' dir='ltr'>πόδες,</span> <span class='ocrx_word' id='word_1_395' title='bbox 3139 2557 3198 2608; x_wconf 84' lang='grc' dir='ltr'><strong>οὐ</strong></span> <span class='ocrx_word' id='word_1_396' title='bbox 3251 2556 3451 2626; x_wconf 77' lang='grc' dir='ltr'>μᾶλλον</span> <span class='ocrx_word' id='word_1_397' title='bbox 3503 2555 3598 2622; x_wconf 78' lang='grc'>(13)</span> <span class='ocrx_word' id='word_1_398' title='bbox 3639 2553 3730 2622; x_wconf 74' lang='grc' dir='ltr'><strong>βλά-</strong></span> 
     </span>
    </p>
   </div>
   <div class='ocr_carea' id='block_1_56' title="bbox 2227 2648 3728 2721">
    <p class='ocr_par' dir='ltr' id='par_1_56' title="bbox 2227 2648 3728 2721">
     <span class='ocr_line' id='line_1_56' title="bbox 2227 2648 3728 2721; baseline -0.005 -17"><span class='ocrx_word' id='word_1_399' title='bbox 2227 2667 2450 2713; x_wconf 84' lang='grc' dir='ltr'>πτοντες</span> <span class='ocrx_word' id='word_1_400' title='bbox 2492 2650 2525 2721; x_wconf 80' lang='grc' dir='ltr'>ἢ</span> <span class='ocrx_word' id='word_1_401' title='bbox 2562 2649 2918 2720; x_wconf 84' lang='grc' dir='ltr'>βλαπτόμενοι</span> <span class='ocrx_word' id='word_1_402' title='bbox 2962 2652 3028 2720; x_wconf 75' lang='grc' dir='ltr'>τῇ</span> <span class='ocrx_word' id='word_1_403' title='bbox 3085 2648 3284 2719; x_wconf 78' lang='grc' dir='ltr'>ἀταξία</span> <span class='ocrx_word' id='word_1_404' title='bbox 3322 2649 3413 2702; x_wconf 72' lang='grc' dir='ltr'><strong>καὶ</strong></span> <span class='ocrx_word' id='word_1_405' title='bbox 3459 2648 3670 2717; x_wconf 73' lang='grc' dir='ltr'>ἀναρχία,</span> <span class='ocrx_word' id='word_1_406' title='bbox 3704 2648 3728 2715; x_wconf 69' lang='grc' dir='ltr'>ἢ</span> 
     </span>
    </p>
   </div>
   <div class='ocr_carea' id='block_1_57' title="bbox 2231 2739 3726 2813">
    <p class='ocr_par' dir='ltr' id='par_1_57' title="bbox 2231 2739 3726 2813">
     <span class='ocr_line' id='line_1_57' title="bbox 2231 2739 3726 2813; baseline -0.002 -19"><span class='ocrx_word' id='word_1_407' title='bbox 2231 2743 2328 2794; x_wconf 58' lang='grc' dir='ltr'><strong>κα)⁹</strong></span> <span class='ocrx_word' id='word_1_408' title='bbox 2361 2743 2468 2813; x_wconf 72' lang='grc'>(14)</span> <span class='ocrx_word' id='word_1_409' title='bbox 2510 2742 2605 2794; x_wconf 81' lang='grc' dir='ltr'><strong>τοῦ</strong></span> <span class='ocrx_word' id='word_1_410' title='bbox 2660 2742 2858 2806; x_wconf 86' lang='grc' dir='ltr'>παντός</span> <span class='ocrx_word' id='word_1_411' title='bbox 2903 2744 3016 2793; x_wconf 78' lang='grc' dir='ltr'>ἐστι</span> <span class='ocrx_word' id='word_1_412' title='bbox 3066 2740 3332 2812; x_wconf 82' lang='grc' dir='ltr'>σύγχυσις</span> <span class='ocrx_word' id='word_1_413' title='bbox 3377 2742 3468 2793; x_wconf 78' lang='grc' dir='ltr'><strong>καὶ</strong></span> <span class='ocrx_word' id='word_1_414' title='bbox 3514 2739 3726 2800; x_wconf 74' lang='grc' dir='ltr'>διάλυσις·</span> 
     </span>
    </p>
   </div>
   <div class='ocr_carea' id='block_1_58' title="bbox 2225 2833 3729 2908">
    <p class='ocr_par' dir='ltr' id='par_1_58' title="bbox 2225 2833 3729 2908">
     <span class='ocr_line' id='line_1_58' title="bbox 2225 2833 3729 2908; baseline 0 -21"><span class='ocrx_word' id='word_1_415' title='bbox 2225 2835 2358 2888; x_wconf 77' lang='grc' dir='ltr'>ἀλλὰ</span> <span class='ocrx_word' id='word_1_416' title='bbox 2403 2836 2461 2889; x_wconf 82' lang='grc' dir='ltr'><strong>τὸ</strong></span> <span class='ocrx_word' id='word_1_417' title='bbox 2510 2837 2643 2889; x_wconf 78' lang='grc' dir='ltr'>αὐτὸ</span> <span class='ocrx_word' id='word_1_418' title='bbox 2692 2837 2832 2908; x_wconf 79' lang='grc' dir='ltr'>ὑπὲρ</span> <span class='ocrx_word' id='word_1_419' title='bbox 2885 2836 3128 2908; x_wconf 80' lang='grc' dir='ltr'>ἀλλήλων</span> <span class='ocrx_word' id='word_1_420' title='bbox 3185 2834 3491 2906; x_wconf 86' lang='grc' dir='ltr'>μεριμνῶσι</span> <span class='ocrx_word' id='word_1_421' title='bbox 3539 2836 3596 2886; x_wconf 70' lang='grc' dir='ltr'>τὰ</span> <span class='ocrx_word' id='word_1_422' title='bbox 3627 2833 3729 2904; x_wconf 70' lang='grc' dir='ltr'>μέλη</span> 
     </span>
    </p>
   </div>
   <div class='ocr_carea' id='block_1_59' title="bbox 2223 2925 3731 2999">
    <p class='ocr_par' dir='ltr' id='par_1_59' title="bbox 2223 2925 3731 2999">
     <span class='ocr_line' id='line_1_59' title="bbox 2223 2925 3731 2999; baseline -0.002 -20"><span class='ocrx_word' id='word_1_423' title='bbox 2223 2925 2370 2990; x_wconf 72' lang='grc' dir='ltr'>τάξει</span> <span class='ocrx_word' id='word_1_424' title='bbox 2409 2926 2502 2979; x_wconf 77' lang='grc' dir='ltr'><strong>καὶ</strong></span> <span class='ocrx_word' id='word_1_425' title='bbox 2549 2927 2732 2998; x_wconf 82' lang='grc' dir='ltr'>θεσμῷ</span> <span class='ocrx_word' id='word_1_426' title='bbox 2783 2927 3026 2996; x_wconf 81' lang='grc' dir='ltr'>φύσεως,</span> <span class='ocrx_word' id='word_1_427' title='bbox 3193 2927 3310 2999; x_wconf 84' lang='grc'>(15)</span> <span class='ocrx_word' id='word_1_428' title='bbox 3357 2928 3422 2980; x_wconf 83' lang='grc' dir='ltr'>δι’</span> <span class='ocrx_word' id='word_1_429' title='bbox 3449 2927 3659 2996; x_wconf 76' lang='grc' dir='ltr'>ἀλλήλων</span> <span class='ocrx_word' id='word_1_430' title='bbox 3682 2927 3731 2976; x_wconf 67' lang='grc' dir='ltr'>τὰ</span> 
     </span>
    </p>
   </div>
   <div class='ocr_carea' id='block_1_60' title="bbox 2226 3018 3730 3088">
    <p class='ocr_par' dir='ltr' id='par_1_60' title="bbox 2226 3018 3730 3088">
     <span class='ocr_line' id='line_1_60' title="bbox 2226 3018 3730 3088; baseline -0.003 -17"><span class='ocrx_word' id='word_1_431' title='bbox 2226 3018 2403 3071; x_wconf 77' lang='grc' dir='ltr'>πάντα</span> <span class='ocrx_word' id='word_1_432' title='bbox 2459 3019 2777 3088; x_wconf 79' lang='grc' dir='ltr'>συνδήσαντι</span> <span class='ocrx_word' id='word_1_433' title='bbox 2830 3019 2924 3072; x_wconf 81' lang='grc' dir='ltr'>καὶ</span> <span class='ocrx_word' id='word_1_434' title='bbox 2959 3019 3292 3088; x_wconf 71' lang='grc' dir='ltr'>φυλάξαντι·</span> <span class='ocrx_word' id='word_1_435' title='bbox 3328 3019 3422 3072; x_wconf 71' lang='grc' dir='ltr'>καὶ</span> <span class='ocrx_word' id='word_1_436' title='bbox 3469 3019 3730 3088; x_wconf 69' lang='grc' dir='ltr'>πεφήναμεν</span> 
     </span>
    </p>
   </div>
   <div class='ocr_carea' id='block_1_61' title="bbox 557 3107 2123 3192">
    <p class='ocr_par' dir='ltr' id='par_1_61' title="bbox 557 3111 2123 3183">
     <span class='ocr_line' id='line_1_61' title="bbox 557 3111 2123 3183; baseline 0.001 -16"><span class='ocrx_word' id='word_1_437' title='bbox 557 3111 735 3167; x_wconf 66' lang='lat' dir='ltr'><strong>tundit</strong></span> <span class='ocrx_word' id='word_1_438' title='bbox 766 3123 820 3166; x_wconf 92' lang='lat' dir='ltr'><strong>et</strong></span> <span class='ocrx_word' id='word_1_439' title='bbox 847 3114 1073 3178; x_wconf 74' lang='lat' dir='ltr'><strong>evertit;</strong></span> <span class='ocrx_word' id='word_1_440' title='bbox 1105 3129 1286 3166; x_wconf 88' lang='lat' dir='ltr'><strong>verum</strong></span> <span class='ocrx_word' id='word_1_441' title='bbox 1313 3122 1517 3168; x_wconf 66' lang='lat' dir='ltr'><strong>natura:</strong></span> <span class='ocrx_word' id='word_1_442' title='bbox 1543 3113 1730 3168; x_wconf 87' lang='lat' dir='ltr'><strong>ordine</strong></span> <span class='ocrx_word' id='word_1_443' title='bbox 1760 3129 1823 3167; x_wconf 89' lang='lat' dir='ltr'><strong>ac</strong></span> <span class='ocrx_word' id='word_1_444' title='bbox 1856 3113 2123 3183; x_wconf 76' lang='lat' dir='ltr'><strong>lege,qu:e</strong></span> 
     </span>
    </p>
   </div>
   <div class='ocr_carea' id='block_1_62' title="bbox 2227 3107 3731 3192">
    <p class='ocr_par' dir='ltr' id='par_1_62' title="bbox 2227 3107 3731 3181">
     <span class='ocr_line' id='line_1_62' title="bbox 2227 3107 3731 3181; baseline -0.001 -21"><span class='ocrx_word' id='word_1_445' title='bbox 2227 3107 2284 3176; x_wconf 74' lang='grc' dir='ltr'>ἓν</span> <span class='ocrx_word' id='word_1_446' title='bbox 2325 3109 2485 3179; x_wconf 84' lang='grc' dir='ltr'>σῶμα</span> <span class='ocrx_word' id='word_1_447' title='bbox 2528 3110 2622 3162; x_wconf 72' lang='grc' dir='ltr'>καὶ</span> <span class='ocrx_word' id='word_1_448' title='bbox 2658 3109 2873 3181; x_wconf 75' lang='grc' dir='ltr'>πνεῦμα</span> <span class='ocrx_word' id='word_1_449' title='bbox 2910 3110 2986 3175; x_wconf 81' lang='grc' dir='ltr'>ἓν,</span> <span class='ocrx_word' id='word_1_450' title='bbox 3021 3110 3202 3174; x_wconf 85' lang='grc' dir='ltr'>καθὼς</span> <span class='ocrx_word' id='word_1_451' title='bbox 3251 3112 3350 3165; x_wconf 81' lang='grc' dir='ltr'><strong>καὶ</strong></span> <span class='ocrx_word' id='word_1_452' title='bbox 3384 3109 3660 3180; x_wconf 75' lang='grc' dir='ltr'>κεκλήμεθα</span> <span class='ocrx_word' id='word_1_453' title='bbox 3691 3110 3731 3159; x_wconf 80' lang='grc' dir='ltr'>ἑν</span> 
     </span>
    </p>
   </div>
   <div class='ocr_carea' id='block_1_63' title="bbox 558 3203 2124 3274">
    <p class='ocr_par' dir='ltr' id='par_1_63' title="bbox 558 3203 2124 3274">
     <span class='ocr_line' id='line_1_63' title="bbox 558 3203 2124 3274; baseline 0.003 -18"><span class='ocrx_word' id='word_1_454' title='bbox 558 3213 751 3257; x_wconf 85' lang='lat' dir='ltr'><strong>mutuo</strong></span> <span class='ocrx_word' id='word_1_455' title='bbox 782 3218 917 3257; x_wconf 82' lang='lat' dir='ltr'><strong>nexu</strong></span> <span class='ocrx_word' id='word_1_456' title='bbox 947 3204 1125 3257; x_wconf 90' lang='lat' dir='ltr'><strong>omnia</strong></span> <span class='ocrx_word' id='word_1_457' title='bbox 1155 3203 1296 3257; x_wconf 89' lang='lat' dir='ltr'><strong>inter</strong></span> <span class='ocrx_word' id='word_1_458' title='bbox 1326 3218 1384 3258; x_wconf 89' lang='lat' dir='ltr'><strong>se</strong></span> <span class='ocrx_word' id='word_1_459' title='bbox 1412 3203 1675 3270; x_wconf 84' lang='lat' dir='ltr'><strong>devinxit,</strong></span> <span class='ocrx_word' id='word_1_460' title='bbox 1717 3214 1877 3274; x_wconf 88' lang='lat' dir='ltr'><strong>atque</strong></span> <span class='ocrx_word' id='word_1_461' title='bbox 1903 3220 2124 3259; x_wconf 85' lang='lat' dir='ltr'><strong>conser-</strong></span> 
     </span>
    </p>
   </div>
   <div class='ocr_carea' id='block_1_64' title="bbox 2235 3202 2954 3274">
    <p class='ocr_par' dir='ltr' id='par_1_64' title="bbox 2235 3202 2954 3274">
     <span class='ocr_line' id='line_1_64' title="bbox 2235 3202 2954 3274; baseline 0.003 -19"><span class='ocrx_word' id='word_1_462' title='bbox 2235 3203 2332 3274; x_wconf 76' lang='grc' dir='ltr'>μιᾷ</span> <span class='ocrx_word' id='word_1_463' title='bbox 2361 3202 2530 3255; x_wconf 80' lang='grc' dir='ltr'>ἐλπίδι</span> <span class='ocrx_word' id='word_1_464' title='bbox 2558 3203 2655 3273; x_wconf 78' lang='grc' dir='ltr'>τῆς</span> <span class='ocrx_word' id='word_1_465' title='bbox 2689 3202 2954 3273; x_wconf 80' lang='grc' dir='ltr'>κλήσεως.</span> 
     </span>
    </p>
   </div>
   <div class='ocr_carea' id='block_1_65' title="bbox 558 3276 3736 3365">
    <p class='ocr_par' dir='ltr' id='par_1_65' title="bbox 558 3276 3736 3365">
     <span class='ocr_line' id='line_1_65' title="bbox 558 3276 3736 3365; baseline -0.001 -17"><span class='ocrx_word' id='word_1_466' title='bbox 558 3307 670 3359; x_wconf 71' lang='grc' dir='ltr'>ται,</span> <span class='ocrx_word' id='word_1_467' title='bbox 700 3295 925 3365; x_wconf 87' lang='lat' dir='ltr'><strong>idipsunt</strong></span> <span class='ocrx_word' id='word_1_468' title='bbox 954 3311 1050 3365; x_wconf 91' lang='lat' dir='ltr'><strong>pro</strong></span> <span class='ocrx_word' id='word_1_469' title='bbox 1076 3296 1303 3351; x_wconf 82' lang='lat' dir='ltr'><strong>invicem</strong></span> <span class='ocrx_word' id='word_1_470' title='bbox 1331 3293 1558 3350; x_wconf 87' lang='lat' dir='ltr'><strong>sollicita</strong></span> <span class='ocrx_word' id='word_1_471' title='bbox 1600 3304 1726 3348; x_wconf 87' lang='lat' dir='ltr'><strong>sunt</strong></span> <span class='ocrx_word' id='word_1_472' title='bbox 1775 3295 2014 3350; x_wconf 87' lang='lat' dir='ltr'><strong>membra</strong></span> <span class='ocrx_word' id='word_1_473' title='bbox 2052 3294 2121 3362; x_wconf 79' lang='lat'><strong>&quot;,</strong></span> <span class='ocrx_word' id='word_1_474' title='bbox 2163 3308 2464 3363; x_wconf 71' lang='lat' dir='ltr'><strong>corpusque</strong></span> <span class='ocrx_word' id='word_1_475' title='bbox 2495 3309 2683 3357; x_wconf 89' lang='lat' dir='ltr'><strong>unum,</strong></span> <span class='ocrx_word' id='word_1_476' title='bbox 2712 3303 2766 3347; x_wconf 87' lang='lat' dir='ltr'><strong>et</strong></span> <span class='ocrx_word' id='word_1_477' title='bbox 2791 3294 3014 3362; x_wconf 78' lang='lat' dir='ltr'><strong>spiritus</strong></span> <span class='ocrx_word' id='word_1_478' title='bbox 3063 3307 3201 3348; x_wconf 91' lang='lat' dir='ltr'><strong>unus</strong></span> <span class='ocrx_word' id='word_1_479' title='bbox 3256 3276 3736 3364; x_wconf 74' lang='lat' dir='ltr'><strong>exsistimus,quem-</strong></span> 
     </span>
    </p>
   </div>
   <div class='ocr_carea' id='block_1_66' title="bbox 560 3385 2120 3455">
    <p class='ocr_par' dir='ltr' id='par_1_66' title="bbox 560 3385 2120 3455">
     <span class='ocr_line' id='line_1_66' title="bbox 560 3385 2120 3455; baseline 0 -16"><span class='ocrx_word' id='word_1_480' title='bbox 560 3385 846 3439; x_wconf 90' lang='lat' dir='ltr'><strong>admodum</strong></span> <span class='ocrx_word' id='word_1_481' title='bbox 868 3395 922 3438; x_wconf 87' lang='lat' dir='ltr'><strong>et</strong></span> <span class='ocrx_word' id='word_1_482' title='bbox 950 3386 1001 3437; x_wconf 92' lang='lat' dir='ltr'><strong>in</strong></span> <span class='ocrx_word' id='word_1_483' title='bbox 1019 3401 1122 3439; x_wconf 89' lang='lat' dir='ltr'><strong>una</strong></span> <span class='ocrx_word' id='word_1_484' title='bbox 1163 3399 1257 3455; x_wconf 90' lang='lat' dir='ltr'><strong>spe</strong></span> <span class='ocrx_word' id='word_1_485' title='bbox 1280 3385 1579 3440; x_wconf 86' lang='lat' dir='ltr'><strong>vocationis</strong></span> <span class='ocrx_word' id='word_1_486' title='bbox 1626 3386 1802 3441; x_wconf 88' lang='lat' dir='ltr'><strong>vocati</strong></span> <span class='ocrx_word' id='word_1_487' title='bbox 1842 3400 2027 3441; x_wconf 89' lang='lat' dir='ltr'><strong>sumus</strong></span> <span class='ocrx_word' id='word_1_488' title='bbox 2051 3385 2120 3439; x_wconf 78' lang='grc'>⁸⁸.</span> 
     </span>
    </p>
   </div>
   <div class='ocr_carea' id='block_1_67' title="bbox 631 3473 2116 3544">
    <p class='ocr_par' dir='ltr' id='par_1_67' title="bbox 631 3473 2116 3544">
     <span class='ocr_line' id='line_1_67' title="bbox 631 3473 2116 3544; baseline 0 -16"><span class='ocrx_word' id='word_1_489' title='bbox 631 3473 720 3528; x_wconf 78' lang='lat' dir='ltr'><strong>IX.</strong></span> <span class='ocrx_word' id='word_1_490' title='bbox 744 3473 1028 3544; x_wconf 87' lang='lat' dir='ltr'><strong>Propterea</strong></span> <span class='ocrx_word' id='word_1_491' title='bbox 1085 3473 1326 3528; x_wconf 88' lang='lat' dir='ltr'><strong>laudabit</strong></span> <span class='ocrx_word' id='word_1_492' title='bbox 1379 3484 1431 3528; x_wconf 88' lang='lat' dir='ltr'><strong>te</strong></span> <span class='ocrx_word' id='word_1_493' title='bbox 1500 3473 1730 3544; x_wconf 89' lang='lat' dir='ltr'><strong>populus</strong></span> <span class='ocrx_word' id='word_1_494' title='bbox 1782 3489 2009 3544; x_wconf 83' lang='lat' dir='ltr'><strong>pauper,</strong></span> <span class='ocrx_word' id='word_1_495' title='bbox 2050 3489 2116 3528; x_wconf 76' lang='lat' dir='ltr'><strong>ex</strong></span> 
     </span>
    </p>
   </div>
   <div class='ocr_carea' id='block_1_68' title="bbox 559 3563 2118 3635">
    <p class='ocr_par' dir='ltr' id='par_1_68' title="bbox 559 3563 2118 3635">
     <span class='ocr_line' id='line_1_68' title="bbox 559 3563 2118 3635; baseline 0.001 -17"><span class='ocrx_word' id='word_1_496' title='bbox 559 3563 719 3633; x_wconf 90' lang='lat' dir='ltr'><strong>inope</strong></span> <span class='ocrx_word' id='word_1_497' title='bbox 747 3563 856 3633; x_wconf 88' lang='lat' dir='ltr'><strong>jam</strong></span> <span class='ocrx_word' id='word_1_498' title='bbox 909 3565 1056 3618; x_wconf 87' lang='lat' dir='ltr'><strong>dives</strong></span> <span class='ocrx_word' id='word_1_499' title='bbox 1093 3563 1315 3620; x_wconf 68' lang='lat' dir='ltr'><strong>eﬁectus</strong></span> <span class='ocrx_word' id='word_1_500' title='bbox 1376 3565 1468 3619; x_wconf 70' lang='grc' dir='ltr'>ἰι</span> <span class='ocrx_word' id='word_1_501' title='bbox 1519 3565 1775 3635; x_wconf 87' lang='lat' dir='ltr'><strong>quoniam</strong></span> <span class='ocrx_word' id='word_1_502' title='bbox 1819 3565 2118 3624; x_wconf 83' lang='lat' dir='ltr'><strong>tnirillcasti</strong></span> 
     </span>
    </p>
   </div>
   <div class='ocr_carea' id='block_1_69' title="bbox 559 3653 2120 3724">
    <p class='ocr_par' dir='ltr' id='par_1_69' title="bbox 559 3653 2120 3724">
     <span class='ocr_line' id='line_1_69' title="bbox 559 3653 2120 3724; baseline 0.001 -16"><span class='ocrx_word' id='word_1_503' title='bbox 559 3669 724 3724; x_wconf 76' lang='lat' dir='ltr'><strong>super</strong></span> <span class='ocrx_word' id='word_1_504' title='bbox 758 3670 854 3710; x_wconf 84' lang='lat' dir='ltr'><strong>nos</strong></span> <span class='ocrx_word' id='word_1_505' title='bbox 877 3653 1277 3713; x_wconf 83' lang='lat' dir='ltr'><strong>misericordias</strong></span> <span class='ocrx_word' id='word_1_506' title='bbox 1334 3665 1453 3710; x_wconf 88' lang='lat' dir='ltr'><strong>tuas</strong></span> <span class='ocrx_word' id='word_1_507' title='bbox 1476 3656 1550 3721; x_wconf 70' lang='grc' dir='ltr'>ἰ,</span> <span class='ocrx_word' id='word_1_508' title='bbox 1587 3665 1750 3724; x_wconf 87' lang='lat' dir='ltr'><strong>atque</strong></span> <span class='ocrx_word' id='word_1_509' title='bbox 1784 3658 1850 3711; x_wconf 89' lang='lat' dir='ltr'><strong>ad</strong></span> <span class='ocrx_word' id='word_1_510' title='bbox 1908 3666 2120 3713; x_wconf 87' lang='lat' dir='ltr'><strong>veteres</strong></span> 
     </span>
    </p>
   </div>
   <div class='ocr_carea' id='block_1_70' title="bbox 560 3747 2118 3817">
    <p class='ocr_par' dir='ltr' id='par_1_70' title="bbox 560 3747 2118 3817">
     <span class='ocr_line' id='line_1_70' title="bbox 560 3747 2118 3817; baseline 0.001 -15"><span class='ocrx_word' id='word_1_511' title='bbox 560 3747 905 3802; x_wconf 84' lang='lat' dir='ltr'><strong>narrationes</strong></span> <span class='ocrx_word' id='word_1_512' title='bbox 956 3747 1158 3817; x_wconf 87' lang='lat' dir='ltr'><strong>aliquid</strong></span> <span class='ocrx_word' id='word_1_513' title='bbox 1214 3749 1464 3803; x_wconf 90' lang='lat' dir='ltr'><strong>accessit.</strong></span> <span class='ocrx_word' id='word_1_514' title='bbox 1523 3747 1621 3803; x_wconf 86' lang='lat' dir='ltr'><strong>Ubi</strong></span> <span class='ocrx_word' id='word_1_515' title='bbox 1652 3751 1787 3804; x_wconf 84' lang='lat' dir='ltr'><strong>enim</strong></span> <span class='ocrx_word' id='word_1_516' title='bbox 1834 3750 2118 3804; x_wconf 82' lang='lat' dir='ltr'><strong>abundavit</strong></span> 
     </span>
    </p>
   </div>
   <div class='ocr_carea' id='block_1_71' title="bbox 557 3840 2116 3911">
    <p class='ocr_par' dir='ltr' id='par_1_71' title="bbox 557 3840 2116 3911">
     <span class='ocr_line' id='line_1_71' title="bbox 557 3840 2116 3911; baseline 0.002 -19"><span class='ocrx_word' id='word_1_517' title='bbox 557 3840 830 3908; x_wconf 81' lang='lat' dir='ltr'><strong>iniquitas,</strong></span> <span class='ocrx_word' id='word_1_518' title='bbox 853 3840 1292 3909; x_wconf 78' lang='lat' dir='ltr'><strong>superabundavit</strong></span> <span class='ocrx_word' id='word_1_519' title='bbox 1335 3842 1508 3911; x_wconf 85' lang='lat' dir='ltr'><strong>gratia</strong></span> <span class='ocrx_word' id='word_1_520' title='bbox 1561 3840 1628 3907; x_wconf 85' lang='grc'>⁵⁸,</span> <span class='ocrx_word' id='word_1_521' title='bbox 1689 3841 1963 3911; x_wconf 85' lang='lat' dir='ltr'><strong>quoniam,</strong></span> <span class='ocrx_word' id='word_1_522' title='bbox 1995 3857 2116 3897; x_wconf 92' lang='lat' dir='ltr'><strong>cum</strong></span> 
     </span>
    </p>
   </div>
   <div class='ocr_carea' id='block_1_72' title="bbox 559 3931 2118 4004">
    <p class='ocr_par' dir='ltr' id='par_1_72' title="bbox 559 3931 2118 4004">
     <span class='ocr_line' id='line_1_72' title="bbox 559 3931 2118 4004; baseline 0.004 -23"><span class='ocrx_word' id='word_1_523' title='bbox 559 3945 786 3998; x_wconf 67' lang='lat' dir='ltr'><strong>granum</strong></span> <span class='ocrx_word' id='word_1_524' title='bbox 817 3931 1190 3998; x_wconf 86' lang='lat' dir='ltr'><strong>seminassem,</strong></span> <span class='ocrx_word' id='word_1_525' title='bbox 1220 3931 1398 4001; x_wconf 83' lang='lat' dir='ltr'><strong>spicas</strong></span> <span class='ocrx_word' id='word_1_526' title='bbox 1423 3933 1599 4003; x_wconf 90' lang='lat' dir='ltr'><strong>recepi</strong></span> <span class='ocrx_word' id='word_1_527' title='bbox 1625 3949 1638 3998; x_wconf 93' lang='lat'><strong>;</strong></span> <span class='ocrx_word' id='word_1_528' title='bbox 1671 3949 1790 3987; x_wconf 91' lang='lat' dir='ltr'><strong>cum</strong></span> <span class='ocrx_word' id='word_1_529' title='bbox 1818 3947 1946 3988; x_wconf 82' lang='lat' dir='ltr'><strong>oves</strong></span> <span class='ocrx_word' id='word_1_530' title='bbox 1969 3934 2118 4004; x_wconf 83' lang='lat' dir='ltr'><strong>luge-</strong></span> 
     </span>
    </p>
   </div>
   <div class='ocr_carea' id='block_1_73' title="bbox 557 4025 2116 4095">
    <p class='ocr_par' dir='ltr' id='par_1_73' title="bbox 557 4025 2116 4095">
     <span class='ocr_line' id='line_1_73' title="bbox 557 4025 2116 4095; baseline 0.001 -17"><span class='ocrx_word' id='word_1_531' title='bbox 557 4038 694 4088; x_wconf 88' lang='lat' dir='ltr'><strong>rem,</strong></span> <span class='ocrx_word' id='word_1_532' title='bbox 749 4035 994 4094; x_wconf 88' lang='lat' dir='ltr'><strong>pastores</strong></span> <span class='ocrx_word' id='word_1_533' title='bbox 1050 4027 1269 4095; x_wconf 88' lang='lat' dir='ltr'><strong>insuper</strong></span> <span class='ocrx_word' id='word_1_534' title='bbox 1299 4025 1548 4095; x_wconf 76' lang='lat' dir='ltr'><strong>[adeptus</strong></span> <span class='ocrx_word' id='word_1_535' title='bbox 1574 4041 1691 4080; x_wconf 91' lang='lat' dir='ltr'><strong>sum</strong></span> <span class='ocrx_word' id='word_1_536' title='bbox 1716 4028 1744 4095; x_wconf 61' lang='lat'><strong>;:</strong></span> <span class='ocrx_word' id='word_1_537' title='bbox 1776 4039 1874 4084; x_wconf 88' lang='lat' dir='ltr'><strong>nec</strong></span> <span class='ocrx_word' id='word_1_538' title='bbox 1911 4025 2116 4090; x_wconf 88' lang='lat' dir='ltr'><strong>dubito,</strong></span> 
     </span>
    </p>
   </div>
   <div class='ocr_carea' id='block_1_74' title="bbox 557 4113 2113 4189">
    <p class='ocr_par' dir='ltr' id='par_1_74' title="bbox 557 4113 2113 4189">
     <span class='ocr_line' id='line_1_74' title="bbox 557 4113 2113 4189; baseline 0.004 -23"><span class='ocrx_word' id='word_1_539' title='bbox 557 4113 686 4182; x_wconf 84' lang='lat' dir='ltr'><strong>quin</strong></span> <span class='ocrx_word' id='word_1_540' title='bbox 704 4125 981 4184; x_wconf 90' lang='lat' dir='ltr'><strong>pastorum</strong></span> <span class='ocrx_word' id='word_1_541' title='bbox 1026 4116 1530 4186; x_wconf 68' lang='lat' dir='ltr'><strong>praestantissimum</strong></span> <span class='ocrx_word' id='word_1_542' title='bbox 1590 4126 1962 4189; x_wconf 86' lang='lat' dir='ltr'><strong>assumpturus</strong></span> <span class='ocrx_word' id='word_1_543' title='bbox 1991 4120 2113 4186; x_wconf 88' lang='lat' dir='ltr'><strong>sim,</strong></span> 
     </span>
    </p>
   </div>
   <div class='ocr_carea' id='block_1_75' title="bbox 627 4271 1024 4339">
    <p class='ocr_par' dir='ltr' id='par_1_75' title="bbox 627 4271 1024 4339">
     <span class='ocr_line' id='line_1_75' title="bbox 627 4271 1024 4339; baseline 0 -13"><span class='ocrx_word' id='word_1_544' title='bbox 627 4271 827 4326; x_wconf 77' lang='lat' dir='ltr'><strong>“Psal.</strong></span> <span class='ocrx_word' id='word_1_545' title='bbox 855 4286 940 4339; x_wconf 71' lang='grc' dir='ltr'><strong>ον,</strong></span> <span class='ocrx_word' id='word_1_546' title='bbox 967 4272 1024 4326; x_wconf 86' lang='lat'><strong>2.</strong></span> 
     </span>
    </p>
   </div>
   <div class='ocr_carea' id='block_1_76' title="bbox 555 4342 1040 4409">
    <p class='ocr_par' dir='ltr' id='par_1_76' title="bbox 555 4342 1040 4409">
     <span class='ocr_line' id='line_1_76' title="bbox 555 4342 1040 4409; baseline -0.004 -11"><span class='ocrx_word' id='word_1_547' title='bbox 555 4342 696 4398; x_wconf 85' lang='lat' dir='ltr'><strong>Psal.</strong></span> <span class='ocrx_word' id='word_1_548' title='bbox 725 4358 916 4409; x_wconf 63' lang='lat' dir='ltr'><strong>sum,</strong></span> <span class='ocrx_word' id='word_1_549' title='bbox 949 4343 1040 4397; x_wconf 85' lang='lat'><strong>2|.</strong></span> 
     </span>
    </p>
   </div>
   <div class='ocr_carea' id='block_1_77' title="bbox 1100 4269 1568 4342">
    <p class='ocr_par' dir='ltr' id='par_1_77' title="bbox 1100 4269 1568 4342">
     <span class='ocr_line' id='line_1_77' title="bbox 1100 4269 1568 4342; baseline -0.006 -12"><span class='ocrx_word' id='word_1_550' title='bbox 1100 4269 1143 4304; x_wconf 67' lang='lat'><em>“</em></span> <span class='ocrx_word' id='word_1_551' title='bbox 1177 4269 1376 4342; x_wconf 84' lang='lat' dir='ltr'><strong>Ephes.</strong></span> <span class='ocrx_word' id='word_1_552' title='bbox 1400 4289 1460 4334; x_wconf 82' lang='grc' dir='ltr'><strong>ιι,</strong></span> <span class='ocrx_word' id='word_1_553' title='bbox 1480 4273 1568 4327; x_wconf 71' lang='grc'><strong>14.</strong></span> 
     </span>
    </p>
   </div>
   <div class='ocr_carea' id='block_1_78' title="bbox 1117 4343 2082 4412">
    <p class='ocr_par' dir='ltr' id='par_1_78' title="bbox 1117 4343 2082 4412">
     <span class='ocr_line' id='line_1_78' title="bbox 1117 4343 2082 4412; baseline 0.002 -15"><span class='ocrx_word' id='word_1_554' title='bbox 1117 4343 1160 4373; x_wconf 80' lang='grc'><strong>⁸⁸</strong></span> <span class='ocrx_word' id='word_1_555' title='bbox 1209 4343 1354 4399; x_wconf 86' lang='lat' dir='ltr'><strong>Psal.</strong></span> <span class='ocrx_word' id='word_1_556' title='bbox 1390 4359 1499 4412; x_wconf 74' lang='lat' dir='ltr'><strong>nt,</strong></span> <span class='ocrx_word' id='word_1_557' title='bbox 1526 4345 1580 4400; x_wconf 89' lang='lat'><strong>7.</strong></span> <span class='ocrx_word' id='word_1_558' title='bbox 1653 4343 1698 4376; x_wconf 82' lang='lat'>&quot;</span> <span class='ocrx_word' id='word_1_559' title='bbox 1741 4344 1896 4399; x_wconf 84' lang='lat' dir='ltr'><strong>Rom.</strong></span> <span class='ocrx_word' id='word_1_560' title='bbox 1930 4361 1982 4409; x_wconf 92' lang='lat' dir='ltr'><strong>v,</strong></span> <span class='ocrx_word' id='word_1_561' title='bbox 2012 4345 2082 4400; x_wconf 90' lang='lat'><strong>20</strong></span> 
     </span>
    </p>
   </div>
   <div class='ocr_carea' id='block_1_79' title="bbox 625 4498 2193 4573">
    <p class='ocr_par' dir='ltr' id='par_1_79' title="bbox 625 4498 2193 4573">
     <span class='ocr_line' id='line_1_79' title="bbox 625 4498 2193 4573; baseline 0.007 -21"><span class='ocrx_word' id='word_1_562' title='bbox 625 4501 701 4573; x_wconf 76' lang='grc'><strong>(7)</strong></span> <span class='ocrx_word' id='word_1_563' title='bbox 741 4498 848 4573; x_wconf 68' lang='grc' dir='ltr'><strong>Καὶ</strong></span> <span class='ocrx_word' id='word_1_564' title='bbox 880 4499 1321 4573; x_wconf 57' lang='lat' dir='ltr'><strong>etd._0mittitur</strong></span> <span class='ocrx_word' id='word_1_565' title='bbox 1369 4501 1486 4570; x_wconf 79' lang='grc' dir='ltr'>καί,</span> <span class='ocrx_word' id='word_1_566' title='bbox 1520 4503 1572 4557; x_wconf 92' lang='lat' dir='ltr'><strong>in</strong></span> <span class='ocrx_word' id='word_1_567' title='bbox 1619 4501 1753 4573; x_wconf 76' lang='lat' dir='ltr'><strong>Reg.</strong></span> <span class='ocrx_word' id='word_1_568' title='bbox 1794 4502 1908 4570; x_wconf 89' lang='lat' dir='ltr'><strong>bm,</strong></span> <span class='ocrx_word' id='word_1_569' title='bbox 1941 4505 2113 4559; x_wconf 88' lang='lat' dir='ltr'><strong>tribus</strong></span> <span class='ocrx_word' id='word_1_570' title='bbox 2150 4507 2193 4564; x_wconf 77' lang='grc' dir='ltr'>Β</span> 
     </span>
    </p>
   </div>
   <div class='ocr_carea' id='block_1_80' title="bbox 555 4570 1056 4634">
    <p class='ocr_par' dir='ltr' id='par_1_80' title="bbox 555 4570 1056 4634">
     <span class='ocr_line' id='line_1_80' title="bbox 555 4570 1056 4634; baseline -0.004 -8"><span class='ocrx_word' id='word_1_571' title='bbox 555 4570 729 4634; x_wconf 87' lang='lat' dir='ltr'><strong>Colb.,</strong></span> <span class='ocrx_word' id='word_1_572' title='bbox 744 4570 836 4624; x_wconf 89' lang='lat' dir='ltr'><strong>0r.</strong></span> <span class='ocrx_word' id='word_1_573' title='bbox 871 4571 895 4622; x_wconf 88' lang='grc'><strong>1</strong></span> <span class='ocrx_word' id='word_1_574' title='bbox 927 4581 980 4622; x_wconf 93' lang='lat' dir='ltr'><strong>et</strong></span> <span class='ocrx_word' id='word_1_575' title='bbox 1002 4571 1056 4624; x_wconf 94' lang='lat'><strong>2.</strong></span> 
     </span>
    </p>
   </div>
   <div class='ocr_carea' id='block_1_81' title="bbox 624 4641 2118 4766">
    <p class='ocr_par' dir='ltr' id='par_1_81' title="bbox 624 4641 2118 4766">
     <span class='ocr_line' id='line_1_81' title="bbox 624 4641 2118 4766; baseline 0.004 -73"><span class='ocrx_word' id='word_1_576' title='bbox 624 4641 1009 4766; x_wconf 46' lang='grc' dir='ltr'><strong>(ἓὲῑέἱοιὲιύτη.</strong></span> <span class='ocrx_word' id='word_1_577' title='bbox 1050 4643 1208 4696; x_wconf 83' lang='lat' dir='ltr'><strong>Deest</strong></span> <span class='ocrx_word' id='word_1_578' title='bbox 1256 4642 1310 4698; x_wconf 91' lang='lat' dir='ltr'><strong>in</strong></span> <span class='ocrx_word' id='word_1_579' title='bbox 1340 4641 1505 4713; x_wconf 70' lang='lat' dir='ltr'><strong>Regg.</strong></span> <span class='ocrx_word' id='word_1_580' title='bbox 1532 4659 1584 4710; x_wconf 89' lang='lat' dir='ltr'><strong>a,</strong></span> <span class='ocrx_word' id='word_1_581' title='bbox 1624 4642 1738 4711; x_wconf 90' lang='lat' dir='ltr'><strong>bm,</strong></span> <span class='ocrx_word' id='word_1_582' title='bbox 1767 4645 1938 4701; x_wconf 90' lang='lat' dir='ltr'><strong>tribus</strong></span> <span class='ocrx_word' id='word_1_583' title='bbox 1965 4645 2118 4700; x_wconf 89' lang='lat' dir='ltr'><strong>Colb.</strong></span> 
     </span>
    </p>
   </div>
   <div class='ocr_carea' id='block_1_82' title="bbox 555 4720 887 4767">
    <p class='ocr_par' dir='ltr' id='par_1_82' title="bbox 555 4720 887 4767">
     <span class='ocr_line' id='line_1_82' title="bbox 555 4720 887 4767; baseline -0.006 -1"><span class='ocrx_word' id='word_1_584' title='bbox 555 4720 606 4766; x_wconf 91' lang='lat' dir='ltr'><strong>et</strong></span> <span class='ocrx_word' id='word_1_585' title='bbox 640 4720 803 4767; x_wconf 71' lang='lat' dir='ltr'><strong>Coisl.</strong></span> <span class='ocrx_word' id='word_1_586' title='bbox 834 4720 887 4764; x_wconf 76' lang='grc'>5.</span> 
     </span>
    </p>
   </div>
   <div class='ocr_carea' id='block_1_83' title="bbox 625 4781 2116 4854">
    <p class='ocr_par' dir='ltr' id='par_1_83' title="bbox 625 4781 2116 4854">
     <span class='ocr_line' id='line_1_83' title="bbox 625 4781 2116 4854; baseline 0.003 -19"><span class='ocrx_word' id='word_1_587' title='bbox 625 4782 700 4852; x_wconf 81' lang='lat'><strong>(9)</strong></span> <span class='ocrx_word' id='word_1_588' title='bbox 752 4781 1426 4854; x_wconf 62' lang='lat' dir='ltr'><strong>’Eaixdqcr._«0mnibus</strong></span> <span class='ocrx_word' id='word_1_589' title='bbox 1453 4799 1788 4839; x_wconf 92' lang='lat' dir='ltr'><strong>communem</strong></span> <span class='ocrx_word' id='word_1_590' title='bbox 1810 4803 1857 4850; x_wconf 79' lang='lat' dir='ltr'><strong>;t</strong></span> <span class='ocrx_word' id='word_1_591' title='bbox 1887 4800 1951 4840; x_wconf 93' lang='lat' dir='ltr'><strong>eo</strong></span> <span class='ocrx_word' id='word_1_592' title='bbox 1974 4787 2116 4854; x_wconf 88' lang='lat' dir='ltr'><strong>quod</strong></span> 
     </span>
    </p>
   </div>
   <div class='ocr_carea' id='block_1_84' title="bbox 552 4851 2118 4980">
    <p class='ocr_par' dir='ltr' id='par_1_84' title="bbox 552 4851 2118 4980">
     <span class='ocr_line' id='line_1_84' title="bbox 552 4851 2118 4922; baseline 0.003 -16"><span class='ocrx_word' id='word_1_593' title='bbox 552 4851 740 4906; x_wconf 85' lang='lat' dir='ltr'><strong>mnnes</strong></span> <span class='ocrx_word' id='word_1_594' title='bbox 769 4867 832 4906; x_wconf 87' lang='lat' dir='ltr'><strong>ac</strong></span> <span class='ocrx_word' id='word_1_595' title='bbox 853 4851 1045 4922; x_wconf 82' lang='lat' dir='ltr'><strong>singuli</strong></span> <span class='ocrx_word' id='word_1_596' title='bbox 1080 4852 1284 4920; x_wconf 85' lang='lat' dir='ltr'><strong>placide</strong></span> <span class='ocrx_word' id='word_1_597' title='bbox 1309 4855 1676 4910; x_wconf 84' lang='lat' dir='ltr'><strong>convenerint.</strong></span> <span class='ocrx_word' id='word_1_598' title='bbox 1710 4855 1824 4911; x_wconf 72' lang='lat' dir='ltr'><strong>Non</strong></span> <span class='ocrx_word' id='word_1_599' title='bbox 1859 4851 2118 4913; x_wconf 51' lang='lat' dir='ltr'><strong>bene&#39;Bil-</strong></span> 
     </span>
     <span class='ocr_line' id='line_1_85' title="bbox 556 4923 1681 4980; baseline 0.003 -5"><span class='ocrx_word' id='word_1_600' title='bbox 556 4923 660 4975; x_wconf 83' lang='lat' dir='ltr'><strong>lius</strong></span> <span class='ocrx_word' id='word_1_601' title='bbox 689 4939 700 4974; x_wconf 93' lang='lat'><strong>:</strong></span> <span class='ocrx_word' id='word_1_602' title='bbox 739 4939 758 4974; x_wconf 74' lang='grc' dir='ltr'><strong>ι</strong></span> <span class='ocrx_word' id='word_1_603' title='bbox 800 4923 1046 4976; x_wconf 80' lang='lat' dir='ltr'><strong>omnibus</strong></span> <span class='ocrx_word' id='word_1_604' title='bbox 1074 4925 1138 4976; x_wconf 89' lang='lat' dir='ltr'><strong>de</strong></span> <span class='ocrx_word' id='word_1_605' title='bbox 1160 4925 1337 4978; x_wconf 85' lang='lat' dir='ltr'><strong>causis</strong></span> <span class='ocrx_word' id='word_1_606' title='bbox 1366 4926 1617 4980; x_wconf 90' lang='lat' dir='ltr'><strong>debitam.</strong></span> <span class='ocrx_word' id='word_1_607' title='bbox 1662 4945 1681 4978; x_wconf 72' lang='grc' dir='ltr'><strong>ι</strong></span> 
     </span>
    </p>
   </div>
   <div class='ocr_carea' id='block_1_85' title="bbox 578 4939 1681 4980">
    <p class='ocr_par' dir='ltr' id='par_1_85' title="bbox 578 4939 1681 4980">
     <span class='ocr_line' id='line_1_86' title="bbox 578 4939 1681 4980; baseline 0.003 -5"><span class='ocrx_word' id='word_1_608' title='bbox 578 4939 660 4975; x_wconf 75' lang='lat' dir='ltr'><strong>IIIS</strong></span> <span class='ocrx_word' id='word_1_609' title='bbox 689 4939 700 4974; x_wconf 75' lang='grc' dir='ltr'>ἒ</span> <span class='ocrx_word' id='word_1_610' title='bbox 739 4939 758 4974; x_wconf 69' lang='grc'><strong>1</strong></span> <span class='ocrx_word' id='word_1_611' title='bbox 800 4939 1046 4976; x_wconf 85' lang='lat' dir='ltr'><strong>omntnns</strong></span> <span class='ocrx_word' id='word_1_612' title='bbox 1074 4939 1138 4976; x_wconf 89' lang='lat' dir='ltr'><strong>ue</strong></span> <span class='ocrx_word' id='word_1_613' title='bbox 1160 4939 1337 4978; x_wconf 72' lang='grc'><strong>(3311818</strong></span> <span class='ocrx_word' id='word_1_614' title='bbox 1366 4939 1617 4980; x_wconf 79' lang='lat' dir='ltr'><strong>debitam.</strong></span> <span class='ocrx_word' id='word_1_615' title='bbox 1662 4945 1681 4978; x_wconf 70' lang='grc' dir='ltr'><strong>ι</strong></span> 
     </span>
    </p>
   </div>
   <div class='ocr_carea' id='block_1_86' title="bbox 627 4992 2114 5064">
    <p class='ocr_par' dir='ltr' id='par_1_86' title="bbox 627 4992 2114 5064">
     <span class='ocr_line' id='line_1_87' title="bbox 627 4992 2114 5064; baseline 0.003 -20"><span class='ocrx_word' id='word_1_616' title='bbox 627 4992 737 5062; x_wconf 88' lang='grc'>(10)</span> <span class='ocrx_word' id='word_1_617' title='bbox 770 4992 1158 5064; x_wconf 78' lang='grc' dir='ltr'>Μισηθέντος.</span> <span class='ocrx_word' id='word_1_618' title='bbox 1192 4993 1283 5047; x_wconf 82' lang='lat' dir='ltr'><strong>Sic</strong></span> <span class='ocrx_word' id='word_1_619' title='bbox 1316 4994 1481 5064; x_wconf 77' lang='lat' dir='ltr'><strong>Begg.</strong></span> <span class='ocrx_word' id='word_1_620' title='bbox 1525 5010 1576 5056; x_wconf 90' lang='lat' dir='ltr'><strong>a,</strong></span> <span class='ocrx_word' id='word_1_621' title='bbox 1610 4995 1718 5061; x_wconf 89' lang='lat' dir='ltr'><strong>bm,</strong></span> <span class='ocrx_word' id='word_1_622' title='bbox 1750 4997 1841 5061; x_wconf 87' lang='lat' dir='ltr'><strong>hu,</strong></span> <span class='ocrx_word' id='word_1_623' title='bbox 1865 4995 2028 5051; x_wconf 89' lang='lat' dir='ltr'><strong>Coisl.</strong></span> <span class='ocrx_word' id='word_1_624' title='bbox 2063 4997 2114 5061; x_wconf 92' lang='grc'>1,</span> 
     </span>
    </p>
   </div>
   <div class='ocr_carea' id='block_1_87' title="bbox 554 5060 2116 5128">
    <p class='ocr_par' dir='ltr' id='par_1_87' title="bbox 554 5060 2116 5128">
     <span class='ocr_line' id='line_1_88' title="bbox 554 5060 2116 5128; baseline 0.003 -11"><span class='ocrx_word' id='word_1_625' title='bbox 554 5060 648 5117; x_wconf 79' lang='lat' dir='ltr'><strong>0r.</strong></span> <span class='ocrx_word' id='word_1_626' title='bbox 676 5064 730 5126; x_wconf 87' lang='lat'><strong>2,</strong></span> <span class='ocrx_word' id='word_1_627' title='bbox 757 5073 860 5117; x_wconf 90' lang='lat' dir='ltr'><strong>etc.</strong></span> <span class='ocrx_word' id='word_1_628' title='bbox 907 5065 1036 5128; x_wconf 73' lang='lat' dir='ltr'><strong>Qua:</strong></span> <span class='ocrx_word' id='word_1_629' title='bbox 1080 5063 1236 5116; x_wconf 91' lang='lat' dir='ltr'><strong>lectio</strong></span> <span class='ocrx_word' id='word_1_630' title='bbox 1269 5060 1456 5119; x_wconf 69' lang='lat' dir='ltr'><strong>melior</strong></span> <span class='ocrx_word' id='word_1_631' title='bbox 1483 5060 1709 5119; x_wconf 87' lang='lat' dir='ltr'><strong>videtur.</strong></span> <span class='ocrx_word' id='word_1_632' title='bbox 1744 5060 1894 5128; x_wconf 85' lang='lat' dir='ltr'><strong>Hanc</strong></span> <span class='ocrx_word' id='word_1_633' title='bbox 1926 5060 2116 5121; x_wconf 46' lang='lat' dir='ltr'><strong>lectio?</strong></span> 
     </span>
    </p>
   </div>
   <div class='ocr_carea' id='block_1_88' title="bbox 553 5131 2112 5200">
    <p class='ocr_par' dir='ltr' id='par_1_88' title="bbox 553 5131 2112 5200">
     <span class='ocr_line' id='line_1_89' title="bbox 553 5131 2112 5200; baseline 0.005 -15"><span class='ocrx_word' id='word_1_634' title='bbox 553 5147 676 5186; x_wconf 89' lang='lat' dir='ltr'><strong>nem</strong></span> <span class='ocrx_word' id='word_1_635' title='bbox 702 5132 884 5186; x_wconf 89' lang='lat' dir='ltr'><strong>Billius</strong></span> <span class='ocrx_word' id='word_1_636' title='bbox 909 5132 960 5185; x_wconf 93' lang='lat' dir='ltr'><strong>in</strong></span> <span class='ocrx_word' id='word_1_637' title='bbox 1001 5131 1169 5200; x_wconf 90' lang='lat' dir='ltr'><strong>prima</strong></span> <span class='ocrx_word' id='word_1_638' title='bbox 1200 5133 1434 5188; x_wconf 87' lang='lat' dir='ltr'><strong>editione</strong></span> <span class='ocrx_word' id='word_1_639' title='bbox 1476 5148 1716 5198; x_wconf 88' lang='lat' dir='ltr'><strong>secutus,</strong></span> <span class='ocrx_word' id='word_1_640' title='bbox 1763 5139 2112 5193; x_wconf 86' lang='lat' dir='ltr'><strong>reddiderat:</strong></span> 
     </span>
    </p>
   </div>
   <div class='ocr_carea' id='block_1_89' title="bbox 559 5202 2116 5271">
    <p class='ocr_par' dir='ltr' id='par_1_89' title="bbox 559 5202 2116 5271">
     <span class='ocr_line' id='line_1_90' title="bbox 559 5202 2116 5271; baseline 0.006 -18"><span class='ocrx_word' id='word_1_641' title='bbox 559 5220 580 5253; x_wconf 74' lang='grc' dir='ltr'><strong>ε</strong></span> <span class='ocrx_word' id='word_1_642' title='bbox 616 5216 711 5271; x_wconf 88' lang='lat' dir='ltr'><strong>per</strong></span> <span class='ocrx_word' id='word_1_643' title='bbox 739 5203 919 5255; x_wconf 91' lang='lat' dir='ltr'><strong>odium</strong></span> <span class='ocrx_word' id='word_1_644' title='bbox 948 5216 1045 5256; x_wconf 91' lang='lat' dir='ltr'><strong>nos</strong></span> <span class='ocrx_word' id='word_1_645' title='bbox 1068 5202 1248 5254; x_wconf 89' lang='lat' dir='ltr'><strong>statim</strong></span> <span class='ocrx_word' id='word_1_646' title='bbox 1289 5205 1380 5256; x_wconf 83' lang='lat' dir='ltr'><strong>tibi</strong></span> <span class='ocrx_word' id='word_1_647' title='bbox 1412 5205 1479 5258; x_wconf 91' lang='lat' dir='ltr'><strong>ob</strong></span> <span class='ocrx_word' id='word_1_648' title='bbox 1511 5221 1628 5260; x_wconf 91' lang='lat' dir='ltr'><strong>eam</strong></span> <span class='ocrx_word' id='word_1_649' title='bbox 1672 5221 1784 5259; x_wconf 89' lang='lat' dir='ltr'><strong>rem</strong></span> <span class='ocrx_word' id='word_1_650' title='bbox 1831 5221 2025 5262; x_wconf 79' lang='lat' dir='ltr'><strong>exesos</strong></span> <span class='ocrx_word' id='word_1_651' title='bbox 2049 5210 2116 5263; x_wconf 82' lang='lat' dir='ltr'><strong>ad</strong></span> 
     </span>
    </p>
   </div>
   <div class='ocr_carea' id='block_1_90' title="bbox 553 5273 1828 5346">
    <p class='ocr_par' dir='ltr' id='par_1_90' title="bbox 553 5273 1828 5346">
     <span class='ocr_line' id='line_1_91' title="bbox 553 5273 1828 5346; baseline 0.003 -21"><span class='ocrx_word' id='word_1_652' title='bbox 553 5285 739 5346; x_wconf 64' lang='lat' dir='ltr'><strong>pacem</strong></span> <span class='ocrx_word' id='word_1_653' title='bbox 771 5273 1062 5346; x_wconf 69' lang='lat' dir='ltr'><strong>instruens.</strong></span> <span class='ocrx_word' id='word_1_654' title='bbox 1099 5290 1118 5322; x_wconf 76' lang='grc' dir='ltr'><strong>ι</strong></span> <span class='ocrx_word' id='word_1_655' title='bbox 1160 5280 1261 5326; x_wconf 81' lang='lat' dir='ltr'><strong>etc.</strong></span> <span class='ocrx_word' id='word_1_656' title='bbox 1296 5273 1454 5346; x_wconf 57' lang='lat' dir='ltr'><strong>lilditi,</strong></span> <span class='ocrx_word' id='word_1_657' title='bbox 1485 5274 1828 5346; x_wconf 83' lang='grc' dir='ltr'>μισηθέντας.</span> 
     </span>
    </p>
   </div>
   <div class='ocr_carea' id='block_1_91' title="bbox 565 5343 2112 5418">
    <p class='ocr_par' dir='ltr' id='par_1_91' title="bbox 565 5343 2112 5418">
     <span class='ocr_line' id='line_1_92' title="bbox 565 5343 2112 5418; baseline -0.004 -12"><span class='ocrx_word' id='word_1_658' title='bbox 565 5352 568 5354; x_wconf 73' lang='grc'><strong>’</strong></span> <span class='ocrx_word' id='word_1_659' title='bbox 625 5343 738 5418; x_wconf 63' lang='lat' dir='ltr'><strong>(ii)</strong></span> <span class='ocrx_word' id='word_1_660' title='bbox 789 5343 1238 5418; x_wconf 64' lang='grc' dir='ltr'><strong>’ᾼνορθούμαενα⁸</strong></span> <span class='ocrx_word' id='word_1_661' title='bbox 1288 5343 1382 5398; x_wconf 92' lang='lat' dir='ltr'><strong>0r.</strong></span> <span class='ocrx_word' id='word_1_662' title='bbox 1439 5343 1573 5399; x_wconf 36' lang='lat' dir='ltr'><strong>t‘et</strong></span> <span class='ocrx_word' id='word_1_663' title='bbox 1604 5343 1664 5411; x_wconf 50' lang='lat'><strong>&#39;2,</strong></span> <span class='ocrx_word' id='word_1_664' title='bbox 1719 5346 2112 5418; x_wconf 81' lang='grc' dir='ltr'>ἀποσπώμενα,</span> 
     </span>
    </p>
   </div>
   <div class='ocr_carea' id='block_1_92' title="bbox 561 5412 1076 5468">
    <p class='ocr_par' dir='ltr' id='par_1_92' title="bbox 561 5412 1076 5468">
     <span class='ocr_line' id='line_1_93' title="bbox 561 5412 1076 5468; baseline 0 -4"><span class='ocrx_word' id='word_1_665' title='bbox 561 5427 581 5464; x_wconf 77' lang='grc' dir='ltr'><strong>ι</strong></span> <span class='ocrx_word' id='word_1_666' title='bbox 617 5412 1016 5468; x_wconf 80' lang='lat' dir='ltr'><strong>abstrahamur.</strong></span> <span class='ocrx_word' id='word_1_667' title='bbox 1058 5432 1076 5464; x_wconf 74' lang='grc' dir='ltr'><strong>ι</strong></span> 
     </span>
    </p>
   </div>
   <div class='ocr_carea' id='block_1_93' title="bbox 624 5481 2109 5570">
    <p class='ocr_par' dir='ltr' id='par_1_93' title="bbox 624 5481 2109 5570">
     <span class='ocr_line' id='line_1_94' title="bbox 624 5481 2109 5570; baseline 0.001 0"><span class='ocrx_word' id='word_1_668' title='bbox 624 5481 734 5570; x_wconf 63' lang='grc' dir='ltr'>ιιι)</span> <span class='ocrx_word' id='word_1_669' title='bbox 770 5482 916 5570; x_wconf 54' lang='grc' dir='ltr'><strong>ἔτην</strong></span> <span class='ocrx_word' id='word_1_670' title='bbox 942 5484 1267 5570; x_wconf 53' lang='lat' dir='ltr'><strong>Mame-</strong></span> <span class='ocrx_word' id='word_1_671' title='bbox 1306 5483 1440 5570; x_wconf 57' lang='grc' dir='ltr'>ἔξει·</span> <span class='ocrx_word' id='word_1_672' title='bbox 1483 5487 1608 5570; x_wconf 57' lang='grc' dir='ltr'>βίην.</span> <span class='ocrx_word' id='word_1_673' title='bbox 1635 5486 1767 5557; x_wconf 69' lang='grc' dir='ltr'><strong>μηδὲ</strong></span> <span class='ocrx_word' id='word_1_674' title='bbox 1817 5486 2109 5570; x_wconf 45' lang='lat' dir='ltr'><strong>suam.</strong></span> 
     </span>
    </p>
   </div>
   <div class='ocr_carea' id='block_1_94' title="bbox 557 5551 2115 5631">
    <p class='ocr_par' dir='ltr' id='par_1_94' title="bbox 557 5551 2115 5631">
     <span class='ocr_line' id='line_1_95' title="bbox 557 5551 2115 5631; baseline 0.005 -27"><span class='ocrx_word' id='word_1_675' title='bbox 557 5618 569 5631; x_wconf 46' lang='lat'><strong><em>.</em></strong></span> <span class='ocrx_word' id='word_1_676' title='bbox 626 5553 858 5631; x_wconf 69' lang='lat' dir='ltr'><strong>(I3)__Oi’2</strong></span> <span class='ocrx_word' id='word_1_677' title='bbox 883 5551 1276 5631; x_wconf 55' lang='lat' dir='ltr'><strong>,1d119r,_etc.</strong></span> <span class='ocrx_word' id='word_1_678' title='bbox 1305 5551 1518 5610; x_wconf 82' lang='lat' dir='ltr'><strong>Billius:</strong></span> <span class='ocrx_word' id='word_1_679' title='bbox 1549 5576 1565 5606; x_wconf 76' lang='grc' dir='ltr'><strong>ι</strong></span> <span class='ocrx_word' id='word_1_680' title='bbox 1597 5551 2115 5631; x_wconf 60' lang='grc' dir='ltr'>Ιιξιοιιετιιίτθτιιίοὴθ</span> 
     </span>
    </p>
   </div>
   <div class='ocr_carea' id='block_1_95' title="bbox 554 5623 2116 5694">
    <p class='ocr_par' dir='ltr' id='par_1_95' title="bbox 554 5623 2116 5694">
     <span class='ocr_line' id='line_1_96' title="bbox 554 5623 2116 5694; baseline 0.006 -22"><span class='ocrx_word' id='word_1_681' title='bbox 554 5623 870 5694; x_wconf 77' lang='lat' dir='ltr'><strong>imperiique</strong></span> <span class='ocrx_word' id='word_1_682' title='bbox 897 5627 1286 5694; x_wconf 87' lang='lat' dir='ltr'><strong>repudiatione,</strong></span> <span class='ocrx_word' id='word_1_683' title='bbox 1305 5641 1422 5692; x_wconf 67' lang='lat' dir='ltr'><strong>quae</strong></span> <span class='ocrx_word' id='word_1_684' title='bbox 1449 5642 1640 5693; x_wconf 82' lang='lat' dir='ltr'><strong>corpus</strong></span> <span class='ocrx_word' id='word_1_685' title='bbox 1665 5623 1968 5681; x_wconf 82' lang='lat' dir='ltr'><strong>universum</strong></span> <span class='ocrx_word' id='word_1_686' title='bbox 1995 5645 2116 5682; x_wconf 80' lang='lat' dir='ltr'><strong>con-</strong></span> 
     </span>
    </p>
   </div>
   <div class='ocr_carea' id='block_1_96' title="bbox 555 5690 2110 5765">
    <p class='ocr_par' dir='ltr' id='par_1_96' title="bbox 555 5690 2110 5765">
     <span class='ocr_line' id='line_1_97' title="bbox 555 5690 2110 5765; baseline 0.006 -21"><span class='ocrx_word' id='word_1_687' title='bbox 555 5690 728 5765; x_wconf 70' lang='lat' dir='ltr'><strong>hmdit</strong></span> <span class='ocrx_word' id='word_1_688' title='bbox 766 5690 1072 5765; x_wconf 74' lang='lat' dir='ltr'><strong>etevcrtit,</strong></span> <span class='ocrx_word' id='word_1_689' title='bbox 1121 5713 1224 5749; x_wconf 87' lang='lat' dir='ltr'><strong>non</strong></span> <span class='ocrx_word' id='word_1_690' title='bbox 1274 5690 1392 5765; x_wconf 78' lang='lat' dir='ltr'><strong>plus</strong></span> <span class='ocrx_word' id='word_1_691' title='bbox 1446 5690 1748 5753; x_wconf 80' lang='lat' dir='ltr'><strong>detrimenti</strong></span> <span class='ocrx_word' id='word_1_692' title='bbox 1808 5697 2110 5761; x_wconf 62' lang='lat' dir='ltr'><strong>alit-rentes,</strong></span> 
     </span>
    </p>
   </div>
   <div class='ocr_carea' id='block_1_97' title="bbox 556 5763 1270 5827">
    <p class='ocr_par' dir='ltr' id='par_1_97' title="bbox 556 5763 1270 5827">
     <span class='ocr_line' id='line_1_98' title="bbox 556 5763 1270 5827; baseline 0.011 -16"><span class='ocrx_word' id='word_1_693' title='bbox 556 5764 715 5822; x_wconf 66' lang='lat' dir='ltr'><strong>utinm</strong></span> <span class='ocrx_word' id='word_1_694' title='bbox 740 5763 1078 5827; x_wconf 75' lang='lat' dir='ltr'><strong>accipientes,</strong></span> <span class='ocrx_word' id='word_1_695' title='bbox 1116 5785 1134 5816; x_wconf 75' lang='grc' dir='ltr'><strong>ι</strong></span> <span class='ocrx_word' id='word_1_696' title='bbox 1167 5777 1270 5820; x_wconf 88' lang='lat' dir='ltr'><strong>ctr.</strong></span> 
     </span>
    </p>
   </div>
   <div class='ocr_carea' id='block_1_98' title="bbox 1645 4273 3290 4347">
    <p class='ocr_par' dir='ltr' id='par_1_98' title="bbox 1645 4273 3290 4347">
     <span class='ocr_line' id='line_1_99' title="bbox 1645 4273 3290 4347; baseline 0.004 -21"><span class='ocrx_word' id='word_1_697' title='bbox 1645 4273 1695 4347; x_wconf 65' lang='lat'><strong>‘_&#39;_</strong></span> <span class='ocrx_word' id='word_1_698' title='bbox 1717 4273 1856 4347; x_wconf 85' lang='lat' dir='ltr'><strong>P_sal.</strong></span> <span class='ocrx_word' id='word_1_699' title='bbox 1889 4275 2159 4347; x_wconf 47' lang='lat' dir='ltr'><strong>nubis.</strong></span> <span class='ocrx_word' id='word_1_700' title='bbox 2235 4274 2279 4314; x_wconf 69' lang='grc' dir='ltr'><strong>δ’</strong></span> <span class='ocrx_word' id='word_1_701' title='bbox 2315 4273 2334 4328; x_wconf 90' lang='grc'><strong>1</strong></span> <span class='ocrx_word' id='word_1_702' title='bbox 2373 4273 2496 4332; x_wconf 81' lang='lat' dir='ltr'><strong>Cor.</strong></span> <span class='ocrx_word' id='word_1_703' title='bbox 2526 4289 2626 4342; x_wconf 75' lang='lat' dir='ltr'><strong>xu,</strong></span> <span class='ocrx_word' id='word_1_704' title='bbox 2657 4274 2748 4329; x_wconf 85' lang='lat'><strong>25.</strong></span> <span class='ocrx_word' id='word_1_705' title='bbox 2792 4275 2875 4347; x_wconf 78' lang='lat'><strong>_“</strong></span> <span class='ocrx_word' id='word_1_706' title='bbox 2897 4275 3094 4347; x_wconf 86' lang='lat' dir='ltr'><strong>Ephes.</strong></span> <span class='ocrx_word' id='word_1_707' title='bbox 3126 4290 3202 4343; x_wconf 82' lang='lat' dir='ltr'><strong>tv,</strong></span> <span class='ocrx_word' id='word_1_708' title='bbox 3229 4276 3290 4333; x_wconf 71' lang='grc'>4.</span> 
     </span>
    </p>
   </div>
   <div class='ocr_carea' id='block_1_99' title="bbox 2293 3467 3736 3540">
    <p class='ocr_par' dir='ltr' id='par_1_99' title="bbox 2293 3467 3736 3540">
     <span class='ocr_line' id='line_1_100' title="bbox 2293 3467 3736 3540; baseline -0.005 -16"><span class='ocrx_word' id='word_1_709' title='bbox 2293 3470 2371 3524; x_wconf 83' lang='grc' dir='ltr'><strong>Θ’.</strong></span> <span class='ocrx_word' id='word_1_710' title='bbox 2412 3469 2510 3523; x_wconf 75' lang='grc' dir='ltr'><strong>Διὰ</strong></span> <span class='ocrx_word' id='word_1_711' title='bbox 2541 3467 2700 3524; x_wconf 77' lang='grc' dir='ltr'>τοῦτο</span> <span class='ocrx_word' id='word_1_712' title='bbox 2731 3470 2758 3520; x_wconf 86' lang='grc' dir='ltr'>ὁ</span> <span class='ocrx_word' id='word_1_713' title='bbox 2789 3467 2914 3532; x_wconf 80' lang='grc' dir='ltr'>λαὸς</span> <span class='ocrx_word' id='word_1_714' title='bbox 2959 3470 2987 3521; x_wconf 82' lang='grc' dir='ltr'>ὁ</span> <span class='ocrx_word' id='word_1_715' title='bbox 3021 3470 3234 3540; x_wconf 80' lang='grc' dir='ltr'>πτωχὸς</span> <span class='ocrx_word' id='word_1_716' title='bbox 3281 3471 3482 3524; x_wconf 82' lang='grc' dir='ltr'>αἰνέσει</span> <span class='ocrx_word' id='word_1_717' title='bbox 3516 3487 3586 3533; x_wconf 88' lang='grc' dir='ltr'><strong>σε,</strong></span> <span class='ocrx_word' id='word_1_718' title='bbox 3615 3469 3736 3522; x_wconf 74' lang='grc' dir='ltr'>πλού-</span> 
     </span>
    </p>
   </div>
   <div class='ocr_carea' id='block_1_100' title="bbox 2226 3560 3735 3634">
    <p class='ocr_par' dir='ltr' id='par_1_100' title="bbox 2226 3560 3735 3634">
     <span class='ocr_line' id='line_1_101' title="bbox 2226 3560 3735 3634; baseline -0.004 -18"><span class='ocrx_word' id='word_1_719' title='bbox 2226 3581 2336 3626; x_wconf 91' lang='grc' dir='ltr'>σιος</span> <span class='ocrx_word' id='word_1_720' title='bbox 2361 3562 2420 3627; x_wconf 81' lang='grc' dir='ltr'>ἐξ</span> <span class='ocrx_word' id='word_1_721' title='bbox 2442 3563 2642 3634; x_wconf 82' lang='grc' dir='ltr'>ἀπόρου</span> <span class='ocrx_word' id='word_1_722' title='bbox 2673 3560 2960 3631; x_wconf 86' lang='grc' dir='ltr'>γενόμενος</span> <span class='ocrx_word' id='word_1_723' title='bbox 2987 3560 3096 3632; x_wconf 85' lang='grc'>(16)</span> <span class='ocrx_word' id='word_1_724' title='bbox 3115 3577 3130 3592; x_wconf 86' lang='grc'>⁶</span> <span class='ocrx_word' id='word_1_725' title='bbox 3157 3562 3240 3614; x_wconf 80' lang='grc' dir='ltr'>ὅτι</span> <span class='ocrx_word' id='word_1_726' title='bbox 3272 3561 3668 3633; x_wconf 76' lang='grc' dir='ltr'>ὲθαυμάστωσας</span> <span class='ocrx_word' id='word_1_727' title='bbox 3688 3561 3735 3610; x_wconf 65' lang='grc' dir='ltr'>τὰ</span> 
     </span>
    </p>
   </div>
   <div class='ocr_carea' id='block_1_101' title="bbox 2225 3652 3738 3725">
    <p class='ocr_par' dir='ltr' id='par_1_101' title="bbox 2225 3652 3738 3725">
     <span class='ocr_line' id='line_1_102' title="bbox 2225 3652 3738 3725; baseline -0.002 -19"><span class='ocrx_word' id='word_1_728' title='bbox 2225 3655 2310 3724; x_wconf 78' lang='grc' dir='ltr'><strong>ἐφ’</strong></span> <span class='ocrx_word' id='word_1_729' title='bbox 2338 3655 2482 3723; x_wconf 78' lang='grc' dir='ltr'>ἡμᾶς</span> <span class='ocrx_word' id='word_1_730' title='bbox 2528 3653 2652 3725; x_wconf 84' lang='grc' dir='ltr'><strong>ὲλέη</strong></span> <span class='ocrx_word' id='word_1_731' title='bbox 2702 3670 2818 3716; x_wconf 86' lang='grc' dir='ltr'>σου,</span> <span class='ocrx_word' id='word_1_732' title='bbox 2851 3653 2946 3706; x_wconf 79' lang='grc' dir='ltr'><strong>καὶ</strong></span> <span class='ocrx_word' id='word_1_733' title='bbox 2993 3652 3378 3723; x_wconf 83' lang='grc' dir='ltr'>προστέθειταί</span> <span class='ocrx_word' id='word_1_734' title='bbox 3426 3671 3476 3707; x_wconf 89' lang='grc' dir='ltr'><strong>τι</strong></span> <span class='ocrx_word' id='word_1_735' title='bbox 3523 3653 3619 3722; x_wconf 80' lang='grc'>(17)</span> <span class='ocrx_word' id='word_1_736' title='bbox 3657 3654 3738 3714; x_wconf 75' lang='grc' dir='ltr'>τοῖς</span> 
     </span>
    </p>
   </div>
   <div class='ocr_carea' id='block_1_102' title="bbox 2223 3739 3737 3816">
    <p class='ocr_par' dir='ltr' id='par_1_102' title="bbox 2223 3739 3737 3816">
     <span class='ocr_line' id='line_1_103' title="bbox 2223 3739 3737 3816; baseline -0.002 -17"><span class='ocrx_word' id='word_1_737' title='bbox 2223 3747 2470 3808; x_wconf 83' lang='grc' dir='ltr'>παλαιοῖς</span> <span class='ocrx_word' id='word_1_738' title='bbox 2497 3745 2849 3816; x_wconf 81' lang='grc' dir='ltr'>διηγήμασιν.</span> <span class='ocrx_word' id='word_1_739' title='bbox 2882 3739 2964 3798; x_wconf 86' lang='grc' dir='ltr'><strong>Οὗ</strong></span> <span class='ocrx_word' id='word_1_740' title='bbox 2993 3745 3103 3812; x_wconf 76' lang='grc' dir='ltr'><strong>γὰρ</strong></span> <span class='ocrx_word' id='word_1_741' title='bbox 3137 3745 3517 3800; x_wconf 74' lang='grc' dir='ltr'>ἐπλεόνασεν</span> <span class='ocrx_word' id='word_1_742' title='bbox 3545 3747 3578 3813; x_wconf 78' lang='grc' dir='ltr'><strong><em>ἠ</em></strong></span> <span class='ocrx_word' id='word_1_743' title='bbox 3604 3745 3737 3813; x_wconf 73' lang='grc' dir='ltr'>ἁμαρ-</span> 
     </span>
    </p>
   </div>
   <div class='ocr_carea' id='block_1_103' title="bbox 2222 3838 3737 3908">
    <p class='ocr_par' dir='ltr' id='par_1_103' title="bbox 2222 3838 3737 3908">
     <span class='ocr_line' id='line_1_104' title="bbox 2222 3838 3737 3908; baseline -0.003 -14"><span class='ocrx_word' id='word_1_744' title='bbox 2222 3841 2340 3902; x_wconf 81' lang='grc' dir='ltr'>τία,</span> <span class='ocrx_word' id='word_1_745' title='bbox 2385 3839 2976 3908; x_wconf 74' lang='grc' dir='ltr'>ὑπερεπερίσσευσεν</span> <span class='ocrx_word' id='word_1_746' title='bbox 3002 3839 3041 3903; x_wconf 80' lang='grc' dir='ltr'>ἡ</span> <span class='ocrx_word' id='word_1_747' title='bbox 3076 3838 3248 3906; x_wconf 83' lang='grc' dir='ltr'>χάρις</span> <span class='ocrx_word' id='word_1_748' title='bbox 3269 3856 3282 3870; x_wconf 88' lang='grc'><strong>·</strong></span> <span class='ocrx_word' id='word_1_749' title='bbox 3317 3840 3422 3904; x_wconf 79' lang='grc' dir='ltr'>ὅτι,</span> <span class='ocrx_word' id='word_1_750' title='bbox 3451 3839 3628 3893; x_wconf 82' lang='grc' dir='ltr'>κόκκον</span> <span class='ocrx_word' id='word_1_751' title='bbox 3663 3853 3737 3890; x_wconf 74' lang='grc' dir='ltr'>κα-</span> 
     </span>
    </p>
   </div>
   <div class='ocr_carea' id='block_1_104' title="bbox 2224 3929 3737 4004">
    <p class='ocr_par' dir='ltr' id='par_1_104' title="bbox 2224 3929 3737 4004">
     <span class='ocr_line' id='line_1_105' title="bbox 2224 3929 3737 4004; baseline -0.001 -23"><span class='ocrx_word' id='word_1_752' title='bbox 2224 3929 2472 3982; x_wconf 76' lang='grc' dir='ltr'>ταϐαλὼν</span> <span class='ocrx_word' id='word_1_753' title='bbox 2507 3930 2650 4000; x_wconf 82' lang='lat' dir='ltr'><strong>(l8),</strong></span> <span class='ocrx_word' id='word_1_754' title='bbox 2703 3929 2903 4000; x_wconf 84' lang='grc' dir='ltr'>στάχυν</span> <span class='ocrx_word' id='word_1_755' title='bbox 2947 3931 3332 4004; x_wconf 77' lang='grc' dir='ltr'>ἐκομισάμηνο</span> <span class='ocrx_word' id='word_1_756' title='bbox 3380 3933 3489 3998; x_wconf 85' lang='grc' dir='ltr'>ὅτι,</span> <span class='ocrx_word' id='word_1_757' title='bbox 3541 3930 3737 4001; x_wconf 73' lang='grc' dir='ltr'>πρόῦατα</span> 
     </span>
    </p>
   </div>
   <div class='ocr_carea' id='block_1_105' title="bbox 2225 4022 3734 4096">
    <p class='ocr_par' dir='ltr' id='par_1_105' title="bbox 2225 4022 3734 4096">
     <span class='ocr_line' id='line_1_106' title="bbox 2225 4022 3734 4096; baseline -0.002 -19"><span class='ocrx_word' id='word_1_758' title='bbox 2225 4023 2452 4089; x_wconf 81' lang='grc' dir='ltr'>πενθῶν,</span> <span class='ocrx_word' id='word_1_759' title='bbox 2483 4023 2748 4095; x_wconf 83' lang='grc' dir='ltr'>ποιμένας</span> <span class='ocrx_word' id='word_1_760' title='bbox 2807 4022 2915 4095; x_wconf 85' lang='grc'>(19)</span> <span class='ocrx_word' id='word_1_761' title='bbox 2957 4024 3451 4096; x_wconf 80' lang='grc' dir='ltr'>προσεκτησάμην·</span> <span class='ocrx_word' id='word_1_762' title='bbox 3487 4025 3574 4078; x_wconf 77' lang='grc' dir='ltr'>καὶ</span> <span class='ocrx_word' id='word_1_763' title='bbox 3614 4039 3734 4094; x_wconf 78' lang='grc' dir='ltr'>προσ-</span> 
     </span>
    </p>
   </div>
   <div class='ocr_carea' id='block_1_106' title="bbox 2223 4110 3737 4188">
    <p class='ocr_par' dir='ltr' id='par_1_106' title="bbox 2223 4110 3737 4188">
     <span class='ocr_line' id='line_1_107' title="bbox 2223 4110 3737 4188; baseline -0.002 -20"><span class='ocrx_word' id='word_1_764' title='bbox 2223 4114 2428 4186; x_wconf 75' lang='grc' dir='ltr'>ήψομαί</span> <span class='ocrx_word' id='word_1_765' title='bbox 2492 4131 2578 4184; x_wconf 79' lang='grc' dir='ltr'>γε,</span> <span class='ocrx_word' id='word_1_766' title='bbox 2629 4110 2688 4168; x_wconf 79' lang='grc' dir='ltr'>εὖ</span> <span class='ocrx_word' id='word_1_767' title='bbox 2735 4111 2872 4182; x_wconf 78' lang='grc' dir='ltr'>οῖδα,</span> <span class='ocrx_word' id='word_1_768' title='bbox 2908 4115 3017 4169; x_wconf 87' lang='grc' dir='ltr'><strong>τῶν</strong></span> <span class='ocrx_word' id='word_1_769' title='bbox 3061 4117 3340 4188; x_wconf 85' lang='grc' dir='ltr'>ποιμένων</span> <span class='ocrx_word' id='word_1_770' title='bbox 3385 4117 3477 4171; x_wconf 82' lang='grc' dir='ltr'><strong>τὸν</strong></span> <span class='ocrx_word' id='word_1_771' title='bbox 3523 4115 3737 4186; x_wconf 78' lang='grc' dir='ltr'>τιμιώταο</span> 
     </span>
    </p>
   </div>
   <div class='ocr_carea' id='block_1_107' title="bbox 3368 4276 3738 4338">
    <p class='ocr_par' dir='ltr' id='par_1_107' title="bbox 3368 4276 3738 4338">
     <span class='ocr_line' id='line_1_108' title="bbox 3368 4276 3738 4338; baseline -0.008 -8"><span class='ocrx_word' id='word_1_772' title='bbox 3368 4277 3412 4309; x_wconf 88' lang='grc'><strong>⁸¹</strong></span> <span class='ocrx_word' id='word_1_773' title='bbox 3439 4276 3535 4332; x_wconf 78' lang='lat' dir='ltr'><strong>lsa.</strong></span> <span class='ocrx_word' id='word_1_774' title='bbox 3567 4291 3669 4338; x_wconf 76' lang='lat' dir='ltr'><strong>xxv,</strong></span> <span class='ocrx_word' id='word_1_775' title='bbox 3693 4276 3738 4338; x_wconf 81' lang='lat'><strong>3;</strong></span> 
     </span>
    </p>
   </div>
   <div class='ocr_carea' id='block_1_108' title="bbox 2293 4501 3740 4627">
    <p class='ocr_par' dir='ltr' id='par_1_108' title="bbox 2293 4501 3740 4627">
     <span class='ocr_line' id='line_1_109' title="bbox 2293 4501 3740 4627; baseline -0.017 -54"><span class='ocrx_word' id='word_1_776' title='bbox 2293 4505 2404 4627; x_wconf 51' lang='grc' dir='ltr'>(ίῖ)</span> <span class='ocrx_word' id='word_1_777' title='bbox 2449 4505 2748 4574; x_wconf 81' lang='grc' dir='ltr'>Ἀναρχίᾳ,</span> <span class='ocrx_word' id='word_1_778' title='bbox 2781 4501 2820 4572; x_wconf 75' lang='grc' dir='ltr'>ἢ</span> <span class='ocrx_word' id='word_1_779' title='bbox 2859 4504 2979 4558; x_wconf 79' lang='grc' dir='ltr'>καί.</span> <span class='ocrx_word' id='word_1_780' title='bbox 3023 4503 3112 4561; x_wconf 93' lang='lat' dir='ltr'><strong>Sic</strong></span> <span class='ocrx_word' id='word_1_781' title='bbox 3149 4503 3242 4560; x_wconf 93' lang='lat' dir='ltr'><strong>0r.</strong></span> <span class='ocrx_word' id='word_1_782' title='bbox 3306 4505 3364 4561; x_wconf 76' lang='grc'>2.</span> <span class='ocrx_word' id='word_1_783' title='bbox 3415 4504 3510 4560; x_wconf 81' lang='lat' dir='ltr'><strong>Ed.</strong></span> <span class='ocrx_word' id='word_1_784' title='bbox 3551 4503 3740 4573; x_wconf 78' lang='grc' dir='ltr'>ἀναρχίᾳ</span> 
     </span>
     <span class='ocr_line' id='line_1_110' title="bbox 2293 4593 2400 4627; baseline 0 0"><span class='ocrx_word' id='word_1_785' title='bbox 2293 4593 2356 4627; x_wconf 83' lang='grc' dir='ltr'><strong>κα</strong></span> <span class='ocrx_word' id='word_1_786' title='bbox 2385 4615 2400 4627; x_wconf 90' lang='grc'><strong>.</strong></span> 
     </span>
    </p>
   </div>
   <div class='ocr_carea' id='block_1_109' title="bbox 2287 4593 2400 4628">
    <p class='ocr_par' dir='ltr' id='par_1_109' title="bbox 2287 4593 2400 4628">
     <span class='ocr_line' id='line_1_111' title="bbox 2287 4593 2400 4628; baseline 0 0"><span class='ocrx_word' id='word_1_787' title='bbox 2287 4593 2400 4628; x_wconf 90' lang='grc' dir='ltr'>και.</span> 
     </span>
    </p>
   </div>
   <div class='ocr_carea' id='block_1_110' title="bbox 2289 4643 3131 4712">
    <p class='ocr_par' dir='ltr' id='par_1_110' title="bbox 2289 4643 3131 4712">
     <span class='ocr_line' id='line_1_112' title="bbox 2289 4643 3131 4712; baseline 0.001 -14"><span class='ocrx_word' id='word_1_788' title='bbox 2289 4644 2403 4712; x_wconf 83' lang='grc'>(15)</span> <span class='ocrx_word' id='word_1_789' title='bbox 2448 4643 2551 4710; x_wconf 84' lang='grc' dir='ltr'><strong>Τῷ.</strong></span> <span class='ocrx_word' id='word_1_790' title='bbox 2576 4644 2737 4700; x_wconf 87' lang='lat' dir='ltr'><strong>Deest</strong></span> <span class='ocrx_word' id='word_1_791' title='bbox 2770 4645 2822 4700; x_wconf 91' lang='lat' dir='ltr'><strong>in</strong></span> <span class='ocrx_word' id='word_1_792' title='bbox 2863 4644 2994 4712; x_wconf 70' lang='lat' dir='ltr'><strong>Reg.</strong></span> <span class='ocrx_word' id='word_1_793' title='bbox 3020 4645 3131 4700; x_wconf 83' lang='lat' dir='ltr'><strong>bm.</strong></span> 
     </span>
    </p>
   </div>
   <div class='ocr_carea' id='block_1_111' title="bbox 2287 4659 3738 4838">
    <p class='ocr_par' dir='ltr' id='par_1_111' title="bbox 2287 4659 3738 4838">
     <span class='ocr_line' id='line_1_113' title="bbox 2289 4659 3131 4712; baseline 0.001 -14"><span class='ocrx_word' id='word_1_794' title='bbox 2289 4659 2403 4712; x_wconf 74' lang='lat' dir='ltr'><strong>(in)</strong></span> <span class='ocrx_word' id='word_1_795' title='bbox 2448 4659 2551 4710; x_wconf 79' lang='grc' dir='ltr'><strong>Τῳ.</strong></span> <span class='ocrx_word' id='word_1_796' title='bbox 2579 4659 2737 4700; x_wconf 87' lang='lat' dir='ltr'><strong>ueest</strong></span> <span class='ocrx_word' id='word_1_797' title='bbox 2770 4659 2822 4700; x_wconf 85' lang='lat' dir='ltr'><strong>in</strong></span> <span class='ocrx_word' id='word_1_798' title='bbox 2865 4659 2940 4699; x_wconf 83' lang='lat' dir='ltr'><strong>tte</strong></span> <span class='ocrx_word' id='word_1_799' title='bbox 2978 4685 2994 4698; x_wconf 99' lang='lat'><strong>.</strong></span> <span class='ocrx_word' id='word_1_800' title='bbox 3023 4659 3131 4700; x_wconf 80' lang='lat' dir='ltr'><strong>nm.</strong></span> 
     </span>
     <span class='ocr_line' id='line_1_114' title="bbox 2287 4659 3738 4838; baseline -0.012 -51"><span class='ocrx_word' id='word_1_801' title='bbox 2287 4715 2790 4838; x_wconf 76' lang='grc' dir='ltr'>άμενος.</span> <span class='ocrx_word' id='word_1_802' title='bbox 2821 4715 2910 4770; x_wconf 91' lang='lat' dir='ltr'><strong>Sic</strong></span> <span class='ocrx_word' id='word_1_803' title='bbox 2941 4659 3109 4786; x_wconf 45' lang='lat' dir='ltr'><strong>ac“.</strong></span> <span class='ocrx_word' id='word_1_804' title='bbox 3139 4730 3192 4783; x_wconf 70' lang='grc' dir='ltr'>ι,</span> <span class='ocrx_word' id='word_1_805' title='bbox 3226 4717 3339 4781; x_wconf 92' lang='lat' dir='ltr'><strong>bm,</strong></span> <span class='ocrx_word' id='word_1_806' title='bbox 3379 4717 3472 4770; x_wconf 85' lang='lat' dir='ltr'><strong>hu.</strong></span> <span class='ocrx_word' id='word_1_807' title='bbox 3499 4715 3610 4770; x_wconf 87' lang='lat' dir='ltr'><strong>Par.</strong></span> <span class='ocrx_word' id='word_1_808' title='bbox 3636 4715 3738 4770; x_wconf 85' lang='lat' dir='ltr'><strong>edit.</strong></span> 
     </span>
    </p>
   </div>
   <div class='ocr_carea' id='block_1_112' title="bbox 2257 4803 2517 4839">
    <p class='ocr_par' dir='ltr' id='par_1_112' title="bbox 2257 4803 2517 4839">
     <span class='ocr_line' id='line_1_115' title="bbox 2257 4803 2517 4839; baseline 0 0"><span class='ocrx_word' id='word_1_809' title='bbox 2257 4803 2517 4839; x_wconf 74' lang='grc' dir='ltr'>ινοιιενος.</span> 
     </span>
    </p>
   </div>
   <div class='ocr_carea' id='block_1_113' title="bbox 2217 4803 3466 4941">
    <p class='ocr_par' dir='ltr' id='par_1_113' title="bbox 2217 4803 3466 4941">
     <span class='ocr_line' id='line_1_116' title="bbox 2217 4803 2517 4856; baseline 0 -18"><span class='ocrx_word' id='word_1_810' title='bbox 2217 4803 2517 4856; x_wconf 86' lang='grc' dir='ltr'>γινομενος.</span> 
     </span>
     <span class='ocr_line' id='line_1_117' title="bbox 2288 4854 3466 4941; baseline 0.003 -32"><span class='ocrx_word' id='word_1_811' title='bbox 2444 4860 2522 4941; x_wconf 50' lang='lat' dir='ltr'><strong>Et.</strong></span> <span class='ocrx_word' id='word_1_812' title='bbox 2555 4855 2796 4941; x_wconf 50' lang='lat' dir='ltr'><strong>Deest&#39;in</strong></span> <span class='ocrx_word' id='word_1_813' title='bbox 2827 4854 2956 4941; x_wconf 66' lang='lat' dir='ltr'><strong>Reg.</strong></span> <span class='ocrx_word' id='word_1_814' title='bbox 2989 4870 3040 4923; x_wconf 89' lang='lat' dir='ltr'><strong>a,</strong></span> <span class='ocrx_word' id='word_1_815' title='bbox 3063 4866 3113 4910; x_wconf 90' lang='lat' dir='ltr'><strong>et</strong></span> <span class='ocrx_word' id='word_1_816' title='bbox 3141 4854 3238 4939; x_wconf 69' lang='grc' dir='ltr'>ρι’.</span> <span class='ocrx_word' id='word_1_817' title='bbox 3273 4857 3298 4911; x_wconf 89' lang='grc'><strong>1</strong></span> <span class='ocrx_word' id='word_1_818' title='bbox 3333 4867 3388 4912; x_wconf 92' lang='lat' dir='ltr'><strong>et</strong></span> <span class='ocrx_word' id='word_1_819' title='bbox 3413 4858 3466 4914; x_wconf 93' lang='lat'><strong>2.</strong></span> 
     </span>
    </p>
   </div>
   <div class='ocr_carea' id='block_1_114' title="bbox 2288 4925 3737 4997">
    <p class='ocr_par' dir='ltr' id='par_1_114' title="bbox 2288 4925 3737 4997">
     <span class='ocr_line' id='line_1_118' title="bbox 2288 4925 3737 4997; baseline -0.003 -17"><span class='ocrx_word' id='word_1_820' title='bbox 2288 4925 2398 4997; x_wconf 69' lang='grc'>(18)</span> <span class='ocrx_word' id='word_1_821' title='bbox 2438 4925 2812 4980; x_wconf 80' lang='grc' dir='ltr'>Κατασαλών.</span> <span class='ocrx_word' id='word_1_822' title='bbox 2843 4943 2863 4976; x_wconf 88' lang='grc'><em>‹</em></span> <span class='ocrx_word' id='word_1_823' title='bbox 2893 4925 3026 4981; x_wconf 88' lang='lat' dir='ltr'><strong>Cum</strong></span> <span class='ocrx_word' id='word_1_824' title='bbox 3061 4928 3342 4992; x_wconf 84' lang='lat' dir='ltr'><strong>sevissem,</strong></span> <span class='ocrx_word' id='word_1_825' title='bbox 3375 4928 3737 4982; x_wconf 62' lang='lat' dir='ltr'><strong>seminassema</strong></span> 
     </span>
    </p>
   </div>
   <div class='ocr_carea' id='block_1_115' title="bbox 2219 4995 3741 5065">
    <p class='ocr_par' dir='ltr' id='par_1_115' title="bbox 2219 4995 3741 5065">
     <span class='ocr_line' id='line_1_119' title="bbox 2219 4995 3741 5065; baseline -0.003 -14"><span class='ocrx_word' id='word_1_826' title='bbox 2219 4995 2311 5052; x_wconf 88' lang='lat' dir='ltr'><strong>Sic</strong></span> <span class='ocrx_word' id='word_1_827' title='bbox 2347 4995 2658 5050; x_wconf 70' lang='lat' dir='ltr'><strong>Constanter</strong></span> <span class='ocrx_word' id='word_1_828' title='bbox 2692 4997 2871 5065; x_wconf 74' lang='lat' dir='ltr'><strong>legunt</strong></span> <span class='ocrx_word' id='word_1_829' title='bbox 2901 4997 3136 5061; x_wconf 88' lang='lat' dir='ltr'><strong>codices,</strong></span> <span class='ocrx_word' id='word_1_830' title='bbox 3171 4997 3332 5064; x_wconf 89' lang='lat' dir='ltr'><strong>idque</strong></span> <span class='ocrx_word' id='word_1_831' title='bbox 3361 5017 3380 5049; x_wconf 77' lang='grc' dir='ltr'><strong>ι</strong></span> <span class='ocrx_word' id='word_1_832' title='bbox 3413 4999 3557 5064; x_wconf 78' lang='lat' dir='ltr'><strong>grani</strong></span> <span class='ocrx_word' id='word_1_833' title='bbox 3581 5013 3638 5054; x_wconf 87' lang='lat' dir='ltr'><strong>ac</strong></span> <span class='ocrx_word' id='word_1_834' title='bbox 3656 4997 3741 5063; x_wconf 85' lang='lat' dir='ltr'><strong>spi-</strong></span> 
     </span>
    </p>
   </div>
   <div class='ocr_carea' id='block_1_116' title="bbox 2215 5067 3740 5136">
    <p class='ocr_par' dir='ltr' id='par_1_116' title="bbox 2215 5067 3740 5136">
     <span class='ocr_line' id='line_1_120' title="bbox 2215 5067 3740 5136; baseline -0.003 -15"><span class='ocrx_word' id='word_1_835' title='bbox 2215 5081 2293 5121; x_wconf 65' lang='lat' dir='ltr'><strong>ca!</strong></span> <span class='ocrx_word' id='word_1_836' title='bbox 2322 5086 2340 5118; x_wconf 74' lang='grc' dir='ltr'><strong>ι</strong></span> <span class='ocrx_word' id='word_1_837' title='bbox 2398 5067 2706 5136; x_wconf 87' lang='lat' dir='ltr'><strong>metaphora</strong></span> <span class='ocrx_word' id='word_1_838' title='bbox 2761 5067 2974 5120; x_wconf 83' lang='lat' dir='ltr'><strong>videtur</strong></span> <span class='ocrx_word' id='word_1_839' title='bbox 3024 5067 3320 5136; x_wconf 85' lang='lat' dir='ltr'><strong>postulare.</strong></span> <span class='ocrx_word' id='word_1_840' title='bbox 3370 5068 3549 5123; x_wconf 87' lang='lat' dir='ltr'><strong>Billius</strong></span> <span class='ocrx_word' id='word_1_841' title='bbox 3594 5077 3740 5122; x_wconf 86' lang='lat' dir='ltr'><strong>tamen</strong></span> 
     </span>
    </p>
   </div>
   <div class='ocr_carea' id='block_1_117' title="bbox 2215 5134 3742 5220">
    <p class='ocr_par' dir='ltr' id='par_1_117' title="bbox 2215 5134 3742 5220">
     <span class='ocr_line' id='line_1_121' title="bbox 2215 5134 3742 5220; baseline -0.003 -28"><span class='ocrx_word' id='word_1_842' title='bbox 2215 5138 2386 5192; x_wconf 86' lang='lat' dir='ltr'><strong>Etiam</strong></span> <span class='ocrx_word' id='word_1_843' title='bbox 2415 5134 2628 5220; x_wconf 76' lang='lat' dir='ltr'><strong>secutus</strong></span> <span class='ocrx_word' id='word_1_844' title='bbox 2658 5138 2803 5208; x_wconf 76' lang='lat' dir='ltr'><strong>legit,</strong></span> <span class='ocrx_word' id='word_1_845' title='bbox 2836 5134 3142 5202; x_wconf 80' lang='grc' dir='ltr'>ἀποϐαλών,</span> <span class='ocrx_word' id='word_1_846' title='bbox 3167 5147 3220 5192; x_wconf 90' lang='lat' dir='ltr'><strong>et</strong></span> <span class='ocrx_word' id='word_1_847' title='bbox 3242 5140 3428 5206; x_wconf 80' lang='lat' dir='ltr'><strong>vertit,</strong></span> <span class='ocrx_word' id='word_1_848' title='bbox 3463 5157 3482 5190; x_wconf 75' lang='grc' dir='ltr'><strong>ι</strong></span> <span class='ocrx_word' id='word_1_849' title='bbox 3511 5153 3626 5195; x_wconf 84' lang='lat' dir='ltr'><strong>cum</strong></span> <span class='ocrx_word' id='word_1_850' title='bbox 3647 5150 3742 5208; x_wconf 68' lang='lat' dir='ltr'><strong>gra-</strong></span> 
     </span>
    </p>
   </div>
   <div class='ocr_carea' id='block_1_118' title="bbox 2215 5221 2740 5262">
    <p class='ocr_par' dir='ltr' id='par_1_118' title="bbox 2215 5221 2740 5262">
     <span class='ocr_line' id='line_1_122' title="bbox 2215 5221 2740 5262; baseline -0.01 0"><span class='ocrx_word' id='word_1_851' title='bbox 2215 5223 2341 5262; x_wconf 77' lang='lat' dir='ltr'><strong>Dlll“</strong></span> <span class='ocrx_word' id='word_1_852' title='bbox 2371 5221 2688 5261; x_wconf 64' lang='grc' dir='ltr'>τιιηιειεδρηι.</span> <span class='ocrx_word' id='word_1_853' title='bbox 2723 5225 2740 5256; x_wconf 73' lang='grc' dir='ltr'><strong>ι</strong></span> 
     </span>
    </p>
   </div>
   <div class='ocr_carea' id='block_1_119' title="bbox 2288 5275 3739 5349">
    <p class='ocr_par' dir='ltr' id='par_1_119' title="bbox 2288 5275 3739 5349">
     <span class='ocr_line' id='line_1_123' title="bbox 2288 5275 3739 5349; baseline -0.001 -19"><span class='ocrx_word' id='word_1_854' title='bbox 2288 5277 2398 5349; x_wconf 82' lang='grc'>(19)</span> <span class='ocrx_word' id='word_1_855' title='bbox 2436 5275 2746 5347; x_wconf 80' lang='grc' dir='ltr'>Ποιμένας.</span> <span class='ocrx_word' id='word_1_856' title='bbox 2787 5277 3038 5343; x_wconf 72' lang='lat' dir='ltr'><strong>lntelligit</strong></span> <span class='ocrx_word' id='word_1_857' title='bbox 3079 5277 3164 5332; x_wconf 86' lang='lat' dir='ltr'><strong>hic</strong></span> <span class='ocrx_word' id='word_1_858' title='bbox 3200 5278 3496 5347; x_wconf 77' lang='lat' dir='ltr'><strong>Gregorius</strong></span> <span class='ocrx_word' id='word_1_859' title='bbox 3521 5276 3739 5346; x_wconf 79' lang='lat' dir='ltr'><strong>quosdam</strong></span> 
     </span>
    </p>
   </div>
   <div class='ocr_carea' id='block_1_120' title="bbox 2215 5349 3742 5417">
    <p class='ocr_par' dir='ltr' id='par_1_120' title="bbox 2215 5349 3742 5417">
     <span class='ocr_line' id='line_1_124' title="bbox 2215 5349 3742 5417; baseline -0.004 -14"><span class='ocrx_word' id='word_1_860' title='bbox 2215 5361 2279 5403; x_wconf 80' lang='lat' dir='ltr'><strong>ex</strong></span> <span class='ocrx_word' id='word_1_861' title='bbox 2311 5349 2378 5400; x_wconf 89' lang='lat' dir='ltr'><strong>iis</strong></span> <span class='ocrx_word' id='word_1_862' title='bbox 2403 5350 2700 5410; x_wconf 83' lang='lat' dir='ltr'><strong>monachis,</strong></span> <span class='ocrx_word' id='word_1_863' title='bbox 2735 5351 2825 5417; x_wconf 89' lang='lat' dir='ltr'><strong>qui</strong></span> <span class='ocrx_word' id='word_1_864' title='bbox 2874 5363 2904 5404; x_wconf 89' lang='lat' dir='ltr'><strong>a</strong></span> <span class='ocrx_word' id='word_1_865' title='bbox 2942 5349 3198 5417; x_wconf 78' lang='lat' dir='ltr'><strong>Gregorio</strong></span> <span class='ocrx_word' id='word_1_866' title='bbox 3230 5361 3390 5416; x_wconf 86' lang='lat' dir='ltr'><strong>patre</strong></span> <span class='ocrx_word' id='word_1_867' title='bbox 3423 5359 3742 5410; x_wconf 73' lang='lat' dir='ltr'><strong>secesserant,</strong></span> 
     </span>
    </p>
   </div>
   <div class='ocr_carea' id='block_1_121' title="bbox 2215 5418 3740 5488">
    <p class='ocr_par' dir='ltr' id='par_1_121' title="bbox 2215 5418 3740 5488">
     <span class='ocr_line' id='line_1_125' title="bbox 2215 5418 3740 5488; baseline 0 -18"><span class='ocrx_word' id='word_1_868' title='bbox 2215 5418 2413 5487; x_wconf 85' lang='lat' dir='ltr'><strong>quique</strong></span> <span class='ocrx_word' id='word_1_869' title='bbox 2447 5419 2752 5488; x_wconf 81' lang='lat' dir='ltr'><strong>schismatis</strong></span> <span class='ocrx_word' id='word_1_870' title='bbox 2783 5429 3021 5488; x_wconf 88' lang='lat' dir='ltr'><strong>tempore</strong></span> <span class='ocrx_word' id='word_1_871' title='bbox 3068 5419 3120 5472; x_wconf 92' lang='lat' dir='ltr'><strong>in</strong></span> <span class='ocrx_word' id='word_1_872' title='bbox 3153 5438 3172 5470; x_wconf 86' lang='lat'><strong>(</strong></span> <span class='ocrx_word' id='word_1_873' title='bbox 3205 5424 3544 5474; x_wconf 81' lang='lat' dir='ltr'><strong>sacerdotum</strong></span> <span class='ocrx_word' id='word_1_874' title='bbox 3575 5439 3592 5471; x_wconf 77' lang='grc' dir='ltr'><strong>ι</strong></span> <span class='ocrx_word' id='word_1_875' title='bbox 3619 5418 3740 5478; x_wconf 88' lang='lat' dir='ltr'><strong>ordi-</strong></span> 
     </span>
    </p>
   </div>
   <div class='ocr_carea' id='block_1_122' title="bbox 2217 5486 3836 5559">
    <p class='ocr_par' dir='ltr' id='par_1_122' title="bbox 2217 5486 3836 5559">
     <span class='ocr_line' id='line_1_126' title="bbox 2217 5486 3836 5559; baseline -0.002 -18"><span class='ocrx_word' id='word_1_876' title='bbox 2217 5486 2337 5541; x_wconf 79' lang='lat' dir='ltr'><strong>nem</strong></span> <span class='ocrx_word' id='word_1_877' title='bbox 2377 5487 2547 5559; x_wconf 79' lang='lat' dir='ltr'><strong>evecti</strong></span> <span class='ocrx_word' id='word_1_878' title='bbox 2603 5486 2835 5554; x_wconf 78' lang='lat' dir='ltr'><strong>fuerant,</strong></span> <span class='ocrx_word' id='word_1_879' title='bbox 2877 5486 3282 5554; x_wconf 60' lang='lat' dir='ltr'><strong>(sacerdotum,</strong></span> <span class='ocrx_word' id='word_1_880' title='bbox 3311 5508 3330 5540; x_wconf 76' lang='grc' dir='ltr'><strong>ι</strong></span> <span class='ocrx_word' id='word_1_881' title='bbox 3385 5491 3612 5559; x_wconf 85' lang='lat' dir='ltr'><strong>inquam,</strong></span> <span class='ocrx_word' id='word_1_882' title='bbox 3658 5503 3738 5540; x_wconf 92' lang='lat' dir='ltr'><strong>non</strong></span> <span class='ocrx_word' id='word_1_883' title='bbox 3827 5502 3836 5516; x_wconf 88' lang='grc'><strong>·</strong></span> 
     </span>
    </p>
   </div>
   <div class='ocr_carea' id='block_1_123' title="bbox 2214 5558 3738 5624">
    <p class='ocr_par' dir='ltr' id='par_1_123' title="bbox 2214 5558 3738 5624">
     <span class='ocr_line' id='line_1_127' title="bbox 2214 5558 3738 5624; baseline -0.001 -15"><span class='ocrx_word' id='word_1_884' title='bbox 2214 5571 2342 5611; x_wconf 87' lang='lat' dir='ltr'><strong>vero</strong></span> <span class='ocrx_word' id='word_1_885' title='bbox 2377 5575 2400 5612; x_wconf 76' lang='grc' dir='ltr'><strong>ι,</strong></span> <span class='ocrx_word' id='word_1_886' title='bbox 2428 5558 2855 5624; x_wconf 65' lang='lat' dir='ltr'><strong>episcotiorum,»</strong></span> <span class='ocrx_word' id='word_1_887' title='bbox 2893 5570 2947 5610; x_wconf 91' lang='lat' dir='ltr'><strong>ut</strong></span> <span class='ocrx_word' id='word_1_888' title='bbox 2982 5559 3165 5614; x_wconf 84' lang='lat' dir='ltr'><strong>Billius</strong></span> <span class='ocrx_word' id='word_1_889' title='bbox 3188 5575 3252 5615; x_wconf 82' lang='lat' dir='ltr'><strong>ex</strong></span> <span class='ocrx_word' id='word_1_890' title='bbox 3285 5560 3400 5612; x_wconf 87' lang='lat' dir='ltr'><strong>Elia</strong></span> <span class='ocrx_word' id='word_1_891' title='bbox 3429 5558 3592 5614; x_wconf 87' lang='lat' dir='ltr'><strong>minus</strong></span> <span class='ocrx_word' id='word_1_892' title='bbox 3620 5566 3738 5612; x_wconf 84' lang='lat' dir='ltr'><strong>recte</strong></span> 
     </span>
    </p>
   </div>
   <div class='ocr_carea' id='block_1_124' title="bbox 2215 5626 3733 5700">
    <p class='ocr_par' dir='ltr' id='par_1_124' title="bbox 2215 5626 3733 5700">
     <span class='ocr_line' id='line_1_128' title="bbox 2215 5626 3733 5700; baseline -0.001 -22"><span class='ocrx_word' id='word_1_893' title='bbox 2215 5627 2408 5700; x_wconf 79' lang='lat' dir='ltr'><strong>tradit;</strong></span> <span class='ocrx_word' id='word_1_894' title='bbox 2438 5629 2549 5700; x_wconf 83' lang='lat' dir='ltr'><strong>nisi</strong></span> <span class='ocrx_word' id='word_1_895' title='bbox 2568 5642 2748 5683; x_wconf 84' lang='lat' dir='ltr'><strong>secum</strong></span> <span class='ocrx_word' id='word_1_896' title='bbox 2796 5640 2988 5700; x_wconf 78' lang='lat' dir='ltr'><strong>pugnet</strong></span> <span class='ocrx_word' id='word_1_897' title='bbox 3029 5630 3188 5694; x_wconf 83' lang='lat' dir='ltr'><strong>Elias,</strong></span> <span class='ocrx_word' id='word_1_898' title='bbox 3229 5632 3326 5699; x_wconf 82' lang='lat' dir='ltr'><strong>qui</strong></span> <span class='ocrx_word' id='word_1_899' title='bbox 3359 5630 3494 5684; x_wconf 82' lang='lat' dir='ltr'><strong>infra</strong></span> <span class='ocrx_word' id='word_1_900' title='bbox 3526 5646 3658 5683; x_wconf 88' lang='lat' dir='ltr'><strong>nutu.</strong></span> <span class='ocrx_word' id='word_1_901' title='bbox 3688 5626 3733 5676; x_wconf 92' lang='grc'><strong>11</strong></span> 
     </span>
    </p>
   </div>
   <div class='ocr_carea' id='block_1_125' title="bbox 2215 5697 3734 5768">
    <p class='ocr_par' dir='ltr' id='par_1_125' title="bbox 2215 5697 3734 5768">
     <span class='ocr_line' id='line_1_129' title="bbox 2215 5697 3734 5768; baseline 0.001 -18"><span class='ocrx_word' id='word_1_902' title='bbox 2215 5697 2311 5750; x_wconf 85' lang='lat' dir='ltr'><strong>hos</strong></span> <span class='ocrx_word' id='word_1_903' title='bbox 2345 5698 2635 5752; x_wconf 71' lang='lat' dir='ltr'><strong>monachus</strong></span> <span class='ocrx_word' id='word_1_904' title='bbox 2663 5717 2679 5748; x_wconf 76' lang='grc' dir='ltr'><strong>ι</strong></span> <span class='ocrx_word' id='word_1_905' title='bbox 2721 5700 2772 5754; x_wconf 90' lang='lat' dir='ltr'><strong>in</strong></span> <span class='ocrx_word' id='word_1_906' title='bbox 2801 5697 3137 5755; x_wconf 74' lang='lat' dir='ltr'><strong>Sacerdotum</strong></span> <span class='ocrx_word' id='word_1_907' title='bbox 3171 5697 3418 5756; x_wconf 87' lang='lat' dir='ltr'><strong>ordinem</strong></span> <span class='ocrx_word' id='word_1_908' title='bbox 3445 5707 3694 5768; x_wconf 82' lang='lat' dir='ltr'><strong>coeptatos</strong></span> <span class='ocrx_word' id='word_1_909' title='bbox 3720 5715 3734 5744; x_wconf 75' lang='grc' dir='ltr'><strong><em>ο</em></strong></span> 
     </span>
    </p>
   </div>
   <div class='ocr_carea' id='block_1_126' title="bbox 2217 5769 2648 5823">
    <p class='ocr_par' dir='ltr' id='par_1_126' title="bbox 2217 5769 2648 5823">
     <span class='ocr_line' id='line_1_130' title="bbox 2217 5769 2648 5823; baseline 0.005 -2"><span class='ocrx_word' id='word_1_910' title='bbox 2217 5769 2416 5822; x_wconf 80' lang='lat' dir='ltr'><strong>diserte</strong></span> <span class='ocrx_word' id='word_1_911' title='bbox 2441 5770 2648 5823; x_wconf 88' lang='lat' dir='ltr'><strong>scribit.</strong></span> 
     </span>
    </p>
   </div>
  </div>
