3844 6390
147 323 223 379 ,5,
1228 305 1482 362 ORATIO
1521 307 1607 362 γι.

1755 309 1844 364 DE
1879 309 2058 368 PACE
2096 311 2138 366 l.

3191 317 3294 376 758

140 438 255 492 nime
277 429 397 485 inter
416 437 506 479 nos
539 422 844 489 dissentire,
899 435 961 478 ac
988 422 1266 478 contrario
1292 425 1448 478 modo
1468 425 1624 490 allici,
1665 441 1851 484 verum
1879 430 2069 486 eodem
2099 428 2220 486 ﬁdei
2249 436 2302 485 et
2330 429 2518 500 prima:
2573 437 2772 486 nostra:
2800 429 2915 503 spei
2978 433 3296 492 charactere

142 529 352 585 formatos
375 526 422 573 et
443 515 781 587 consignatos
805 533 946 573 esse.

191 619 269 672 IB'.
304 610 450 666 Οὐδὲν
494 607 601 679 γὰρ
645 607 816 672 οὕτως
856 609 1074 680 ἰσχυρὸν
1117 611 1198 674 είς
1236 612 1487 683 ὁμόνοιαν
1521 615 1628 678 τοῖς

1802 611 1916 669 XII.
1947 611 2088 667 Nihil
2118 611 2263 667 enim
2315 629 2428 680 eos,
2483 614 2574 685 qui
2633 615 2846 672 sincero
2897 617 3062 672 animi
3096 619 3294 679 alTectu

139 708 328 784 γνησίοις
372 701 473 773 (49)
502 701 571 754 τὰ
623 702 757 774 πρὸς
795 702 885 756 τδν
932 704 1083 767 θεὸν,
1134 705 1206 768 ὡς
1251 707 1284 777 ἡ
1327 709 1454 778 περὶ
1498 707 1632 762 Θεοῦ

139 797 399 874 συμφωνία·
438 794 527 847 καὶ
555 793 706 846 οὐδὲν
755 793 926 856 οὕτως
966 795 1179 866 ἕτοιμον
1223 799 1303 861 είς
1331 798 1629 865 διάστασιν,

136 895 248 962 ὼςή
295 886 407 958 περὶ
460 883 620 937 τοῦτο
675 884 784 955 (50)
836 887 1119 955 διαφωνία.
1171 889 1279 941 Καὶ
1345 888 1451 960 γὰρ
1500 892 1529 944 ό
1564 889 1633 944 τὰ

134 986 234 1041 ἄλλα
259 974 768 1051 (51)ὲπιεικέστατος
803 980 931 1048 περὶ
967 979 1124 1033 τοῦτο
1151 979 1501 1051 θερμότατος,
1536 981 1631 1034 καὶ

134 1071 338 1144 ὁπραῧς
388 1067 489 1138 (5‘2)
555 1068 724 1132 ὅντως
779 1070 986 1138 γίνεται
1039 1073 1322 1144 μαχητὴς,
1371 1073 1500 1126 ὅταν
1546 1073 1630 1145 ἴδῃ

133 1158 578 1243 μακροθιτιμέᾳιθεὸν
608 1159 1137 1234 ζημιούμενος,(55),
1181 1165 1379 1235 μᾶλλον
1411 1165 1467 1218 δὲ
1500 1165 1632 1218 Θεὸν

134 1257 298 1332 ζημιῶν
329 1253 397 1323 τῷ
439 1253 629 1306 ἑαυτοῦ
664 1254 936 1325 πτώματι,
975 1257 1064 1311 τὸν
1113 1258 1261 1327 ἡμᾶς
1305 1257 1633 1312 πλουτοῦντά

129 1371 172 1406 τε
217 1349 295 1404 καὶ
345 1343 707 1409 πλουτίζοντα.
747 1344 900 1399 Οὕτω
963 1347 1060 1418 μὲν
1115 1343 1226 1412 οὖν,
1270 1349 1406 1420 ὅπερ
1458 1344 1627 1416 εἶπον,

129 1447 250 1518 ἡμεῖς
288 1440 370 1495 καὶ
415 1437 507 1509 τὴν
535 1437 813 1491 διάστασιν
863 1439 1232 1513 μετριώτερον
1274 1441 1350 1506 ὡς
1401 1460 1632 1515 περιφα-

130 1536 336 1607 νεστέραν
384 1529 630 1600 γενέσθαι
675 1531 768 1584 καὶ
821 1531 919 1602 τὴν
972 1533 1221 1604 ὁμόνοιαν
1267 1535 1365 1604 τῆς
1413 1534 1629 1600 διαζεύ-

129 1629 244 1693 ξεως,
271 1625 353 1679 καὶ
396 1620 589 1694 μικροῦ
631 1620 691 1674 τὸ
728 1621 889 1692 μέσον
918 1610 1202 1694 ⁸κλιιιπῆνοιι
1230 1629 1343 1690 τοῖς
1391 1627 1632 1698 apem-

128 1719 262 1792 ρωθεν
294 1715 507 1780 δώως’
549 1715 670 1769 ἐπεὶ
707 1715 764 1767 δὲ
810 1717 907 1769 οὐκ
951 1717 1169 1788 ὲξαρκεῖ
1210 1718 1272 1771 τὸ
1316 1721 1478 1790 τάχος
1529 1721 1631 1790 τῆς

127 1811 304 1880 εἰρήνης
334 1805 463 1878 πρὸς
507 1805 607 1876 τὴν
655 1805 973 1875 ἀσφάλειαν,
1005 1809 1051 1859 εί
1104 1809 1176 1878 μή
1212 1825 1293 1872 τις
1342 1809 1434 1861 καὶ
1475 1809 1630 1878 λόγος

126 1900 336 1971 ὀταύτην
367 1897 577 1971 κρατῶν
630 1897 820 1967 φανείη
863 1897 997 1967 (54),
1042 1900 1135 1952 καὶ
1178 1898 1310 1963 θεὸς
1354 1900 1496 1953 ἔλθοι
1553 1900 1629 1971 τῷ

123 1995 231 2063 λόγῳ
256 1991 546 2062 σύμμαχος,
582 1990 712 2060 παρ’
752 1983 811 2042 οὗ
853 1990 1016 2044 καλὸν
1061 1989 1206 2045 ἅπαν
1239 1992 1331 2046 καὶ
1363 1991 1624 2064 ἄρχεται,

125 2086 195 2139 καὶ
222 2086 290 2147 είς
315 2083 456 2146 τέλος
488 2081 702 2153 ἔρχεται
727 2099 742 2114 ·
778 2082 908 2154 φέρε
953 2084 1048 2136 καὶ
1091 2083 1157 2136 δι’
1186 2084 1380 2154 εὐχῶν,
1414 2086 1508 2138 καὶ
1539 2084 1629 2138 διὰ

122 2172 345 2246 λογισμῶν
387 2171 812 2243 βεόαιωσώμεθα
837 2173 1037 2242 ταύτην
1061 2175 1140 2238 εἰς
1165 2173 1391 2245 δύναμιν
1409 2191 1424 2206 ο
1454 2177 1629 2229 ἐκεῖνο

126 2267 293 2338 πρῶτον
329 2263 735 2336 ἐνθυμηθέντες,
760 2264 840 2318 ὅτι
869 2263 1152 2318 κάλλιπον
1184 2267 1280 2337 μὲν
1308 2265 1416 2319 τῶν
1461 2266 1628 2320 ὄντων

121 2360 192 2413 καὶ
220 2356 530 2428 ὑψηλότατον
569 2355 720 2420 Θεὸς,
746 2357 793 2409 εί
825 2357 898 2428 μὴ
929 2357 1005 2429 τῷ
1040 2357 1189 2427 φίλον
1233 2357 1326 2412 καὶ
1368 2358 1505 2430 ὑπὲρ
1533 2357 1629 2429 τὴν

121 2449 264 2504 οὐσίαν
297 2449 442 2518 ἀγειν
473 2448 658 2514 αὐτὸν,
701 2449 880 2520 ἢὸλον
914 2453 970 2503 ὲν
1014 2450 1161 2521 αὐτῷ
1204 2449 1406 2504 τιθέναι
1450 2449 1513 2503 τὸ
1550 2445 1630 2502 εἶ-

120 2557 212 2602 ναι,
245 2540 363 2610 παρ’
397 2530 457 2591 οὗ
505 2539 601 2592 καὶ
645 2542 756 2603 τοῖς
796 2540 1006 2604 ἄλλοιςο
1037 2539 1287 2612 δεύτερον
1323 2539 1380 2592 δὲ
1428 2540 1526 2593 ὅσα
1566 2542 1630 2595 ὲκ

123 2629 222 2684 θεοῦ
259 2629 437 2702 πρῶτα
469 2629 566 2684 καὶ
612 2631 742 2700 περὶ
785 2631 939 2695 Θεὸν,
985 2631 1083 2695 τάς
1141 2629 1435 2700 ἀγγελικὰς
1487 2632 1628 2701 λέγω

118 2724 324 2793 δυνάμεις
359 2723 449 2776 καὶ
495 2722 816 2794 οὐρανίους,
863 2723 916 2776 αἱ
941 2761 956 2786 ,
1004 2723 1213 2794 πρῶται
1273 2721 1484 2778 σπῶσαι
1534 2723 1627 2778 τοῦ

119 2815 289 2886 πρώτου
321 2813 512 2883 φωτὸς,
546 2815 639 2869 καὶ
669 2814 746 2887 τῷ
768 2810 876 2885 τῆς
906 2814 1163 2886 ἀληθείας
1216 2815 1362 2886 λόγῳ
1401 2814 1631 2887 τρανούο

116 2923 259 2977 μενοι,
287 2906 396 2975 φῶς
429 2907 538 2960 είσι
587 2907 679 2961 καὶ
722 2907 881 2960 αὑταὶ
917 2906 1119 2960 τελείου
1155 2907 1330 2977 φωτὸς
1389 2907 1629 2976 ἀπαυγα-

119 3016 290 3068 σματαο
323 3000 526 3055 τούτων
577 3001 632 3055 δὲ
677 3001 828 3055 οὐδὲν
875 3000 984 3073 (55)
1035 3000 1205 3065 οὕτως
1263 2996 1514 3066 ἴδιονζὼς
1572 3003 1632 3056 τὸ

113 3091 284 3161 ἄμαχόν
311 3109 364 3145 τε
398 3093 493 3146 καὶ
542 3094 921 3147 ἀστασίαστον.
961 3093 1101 3147 Οὔτε
1147 3093 1256 3164 γὰρ
1307 3096 1365 3148 ὲν
1419 3093 1630 3165 θεότητι

118 3183 293 3249 στάσις,
333 3186 412 3237 ὅτι
470 3185 610 3257 μηδὲ
659 3185 813 3249 λύσις
853 3185 1000 3257 (56)°
1049 3184 1200 3249 λύσις
1233 3185 1341 3257 γὰρ
1393 3185 1630 3251 στάσεως

104 3275 316 3344 ἔκγονον·
359 3277 494 3332 ἀλλά
534 3277 788 3332 τοσοῦτον
823 3277 884 3331 τὸ
928 3277 1030 3348 τῆς
1082 3279 1328 3348 ὁμονοίας
1362 3280 1452 3331 καὶ
1499 3278 1633 3349 πρὸς

1735 703 1902 759 Deum
1935 705 2138 767 colunt,
2167 720 2320 774 aeque
2374 705 2515 760 inter
2548 721 2606 761 se
2659 708 2929 773 conciliat,
2989 719 3150 779 atque
3171 727 3295 767 con-

1734 799 1970 852 sentiens
1995 799 2059 865 de
2097 798 2202 852 Deo
2258 799 2544 863 doctrina;
2591 801 3044 868 quemadmodum
3103 816 3292 860 contra

1733 888 1868 946 nihil
1899 889 1964 943 ad
1997 889 2278 943 dissidium
2311 889 2381 943 ita
2449 901 2756 959 promptqu
2797 907 2862 947 ac
2910 906 3155 959 paratum
3187 906 3290 964 est,

1732 993 1794 1038 ut
1821 985 2029 1038 diversa
2071 981 2120 1035 in
2150 982 2251 1036 hac
2279 999 2338 1037 re
2368 983 2670 1036 animorum
2695 986 2978 1040 sententia.
3007 985 3102 1041 llic
3125 989 3290 1058 enim,

1732 1074 1892 1131 etiam
1920 1074 2010 1143 qui
2035 1073 2157 1128 aliis
2187 1075 2238 1127 in
2296 1074 2454 1128 rebus
2511 1075 2851 1143 aequissimus
2910 1086 2963 1131 et
3006 1078 3293 1138 facillimus

1731 1177 1835 1231 est,
1873 1166 2304 1220 ferventissimus
2321 1167 2532 1221 exsistit
2561 1182 2575 1231 ;
2607 1183 2669 1220 ac.
2702 1177 3016 1223 mansuetus
3042 1185 3169 1224 vere
3186 1187 3287 1240 pu-

1732 1272 1873 1328 gnax
1898 1256 2145 1319 efﬁcitur,
2168 1272 2288 1312 cum
2325 1271 2385 1311 se
2414 1272 2508 1326 per
2560 1257 2833 1312 lenitatem
2883 1257 2975 1314 Dei
3021 1261 3294 1327 iacturam

1732 1349 1930 1412 iacere,
1958 1349 2089 1415 imo,
2121 1359 2179 1403 ut
2216 1349 2417 1403 rectius
2476 1348 2686 1418 loquar,
2736 1365 2832 1415 per
2891 1352 3292 1422 prolapsionem

1731 1455 1904 1506 suam,
1938 1439 2128 1504 Deum,
2150 1440 2238 1510 qtti
2269 1454 2386 1505 nos,
2422 1448 2475 1493 et
2503 1455 2600 1509 pro
2623 1440 2824 1495 divitiis
2866 1441 3046 1507 habet,
3076 1453 3130 1496 et
3156 1444 3295 1499 divi-

1734 1542 1815 1588 tes
1867 1531 2060 1598 reddit,
2097 1533 2294 1584 damno
2321 1529 2532 1583 allii-ere
2564 1532 2850 1598 conspicit.
2889 1529 2979 1587 Sic
3009 1533 3188 1600 igitur,
3235 1543 3297 1589 ut

1731 1639 1760 1677 a
1786 1638 1871 1678 me
1900 1624 2098 1678 dictum
2124 1633 2232 1685 est,
2288 1636 2385 1676 nos
2433 1622 2484 1674 in
2527 1622 2638 1690 ipsa
2681 1635 2900 1690 quoque
2949 1626 3296 1680 contentione

1733 1716 2061 1770 moderatius
2113 1714 2360 1782 nosipsos
2406 1715 2706 1780 gessimus;
2737 1716 2876 1770 adeo
2916 1723 2972 1769 ut
2998 1717 3292 1773 caucordia

1732 1800 1846 1870 ipsa
1886 1800 2246 1869 disiunctione
2276 1801 2432 1872 187
2495 1801 2697 1856 clarior
2742 1803 2927 1868 fuerit,
2962 1819 3028 1860 ac
3078 1821 3173 1875 per
3205 1822 3293 1874 ea,

1727 1907 1850 1962 quae
1907 1894 2164 1963 utrinque
2225 1892 2343 1947 laeta
2403 1902 2456 1949 et
2513 1897 2796 1951 commoda
2833 1898 3181 1965 exstiterunt,
3216 1899 3293 1969 id,

1728 1989 1869 2057 quod
1901 1985 1954 2039 in
1981 1986 2158 2040 medio
2191 1985 2438 2056 contigit,
2481 2001 2615 2056 pene
2646 1986 2960 2055 subreptum
3022 2000 3077 2045 et
3103 1994 3293 2046 obscu-

1729 2087 1924 2133 ratum.
1961 2078 2029 2132 At
2060 2078 2318 2148 quoniam
2365 2079 2512 2147 pacis
2558 2080 2810 2134 celeritas
2862 2082 2928 2135 ad
2983 2082 3294 2139 ﬁrmitatem

1727 2168 1868 2224 haud
1899 2167 2113 2234 suﬁicit,
2135 2169 2235 2224 nisi
2267 2171 2443 2224 oratio
2470 2170 2632 2225 etiam
2665 2169 2864 2241 aliqua,
2889 2187 3005 2241 quae
3045 2174 3182 2229 hanc
3209 2184 3291 2230 te-

1727 2270 1872 2324 neat,
1899 2260 2150 2324 exsistat,
2185 2275 2247 2313 ac
2277 2259 2436 2325 Deus,
2473 2275 2500 2313 a
2531 2274 2640 2331 quo
2667 2260 2866 2314 bonum
2901 2277 3062 2316 omne
3081 2263 3295 2318 initium

1727 2351 1892 2414 ducit,
1926 2360 2088 2419 atque
2109 2352 2176 2406 ad
2213 2349 2373 2404 linem
2400 2350 2736 2420 perducitur,
2783 2353 3015 2407 orationi
3068 2353 3296 2423 opitula-

1730 2455 1815 2499 tor
1834 2445 2074 2509 accedat,
2111 2459 2230 2515 age,
2263 2451 2322 2517 et
2345 2445 2504 2506 votis,
2536 2453 2592 2499 et
2645 2445 2972 2510 rationibus,
3031 2460 3150 2500 eam
3198 2460 3296 2516 pro
3329 2429 3337 2439 ³

1727 2535 1870 2589 virili
1899 2546 2082 2590 nostra
2111 2534 2528 2592 conﬁrmemus:
2564 2535 2696 2591 illud
2758 2537 2992 2607 primum
3023 2554 3149 2592 cum
3179 2539 3298 2594 ani-

1729 2627 1833 2681 mis
1860 2626 2061 2680 nostris
2094 2633 2407 2694 reputantes
2433 2626 2620 2692 Demn,
2681 2627 2945 2693 omnium,
2979 2644 3098 2696 qua:
3145 2637 3291 2695 sunt,

1731 2719 2154 2790 pulcherrimum
2217 2729 2270 2774 et
2323 2719 2768 2776 sublimissimum
2825 2735 2966 2788 esse,
3025 2722 3126 2777 nisi
3170 2723 3295 2792 quis

1733 2820 1912 2867 tamen
1951 2827 2074 2865 eum
2107 2811 2258 2864 malit
2289 2826 2450 2880 supra
2476 2826 2690 2866 onmem
2743 2813 3036 2867 essentiam
3070 2829 3289 2881 ponere,

1731 2915 1824 2959 aut
1855 2905 1906 2958 in
1942 2906 2077 2972 ipso,
2111 2905 2371 2974 quidquid
2406 2905 2457 2958 id
2487 2915 2590 2970 est,
2611 2903 2898 2967 collocare,
2929 2913 3110 2972 utpote
3133 2920 3162 2958 a
3189 2921 3296 2976 quo

1733 2997 1835 3052 alia
1855 3010 2085 3065 quoque,
2116 3005 2174 3048 ut
2197 2997 2325 3060 sint,
2356 2996 2660 3064 acceperint
2685 3013 2698 3060 ;
2722 2995 2914 3048 deinde
2939 3010 3116 3049 autem
3145 3012 3296 3064 qua:-

1733 3103 1946 3158 eunqtte
1971 3104 2037 3148 ex.
2072 3090 2178 3142 Deo
2205 3087 2400 3157 prima,
2435 3097 2488 3140 et
2516 3087 2658 3141 circa
2696 3085 2883 3148 Deum,
2913 3087 3014 3141 hoc
3058 3100 3144 3140 est
3193 3102 3294 3140 an-

1732 3179 1932 3249 gelicas
1981 3188 2037 3234 et
2077 3179 2326 3233 caelestes
2378 3176 2623 3243 virtutes,
2678 3193 2798 3245 qua:
2854 3177 3039 3245 prima:
3061 3179 3292 3243 primum

1739 3271 1918 3326 lumen
1953 3273 2288 3338 haurientes,
2322 3285 2383 3324 ac
2413 3271 2660 3324 veritatis
2687 3273 2850 3323 verbo
2881 3269 3179 3334 illllSll'ﬂliP,
3215 3268 3298 3324 lu-

109 3367 288 3440 ὲαυτὴν,
328 3371 420 3422 καὶ
463 3369 605 3441 πρὸς
645 3370 713 3424 τὰ
755 3369 1001 3440 δεύτερα,
1038 3370 1178 3424 ὥστε
1219 3369 1310 3424 καὶ
1362 3386 1628 3440 προσηγο-

1742 3374 1866 3412 men
1893 3373 2108 3427 quoque
2159 3359 2289 3428 ipsa:
2308 3367 2452 3424 sunt,
2490 3373 2553 3412 ac
2607 3358 2830 3427 perfecti
2883 3358 3025 3413 illius
3076 3357 3295 3414 luminis

106 3459 206 3529 ,ρίαν
230 3460 299 3532 τῷ
335 3461 453 3533 Θεῷ
502 3461 754 3531 γενέσθαι
804 3462 939 3532 μετὰ
983 3462 1092 3515 τῶν
1143 3461 1337 3530 ἄλλων,
1389 3461 1483 3514 καὶ
1527 3459 1628 3532 πρὸ

1735 3449 1893 3504 radii.
1929 3449 2024 3502 llis
2057 3465 2218 3518 porro
2246 3449 2380 3503 nihil
2413 3458 2520 3503 tam
2557 3452 2832 3519 proprium
2868 3459 2971 3514 est,
3007 3464 3166 3516 quatn
3196 3463 3298 3517 pu-

111 3547 190 3601 τῶν
216 3550 396 3615 ἄλλων,
431 3544 516 3614 οἷς
557 3550 736 3622 χαίρει
762 3550 1120 3622 καλούμενος,
1162 3550 1318 3604 τοῦτο
1349 3551 1410 3604 τὸ
1446 3550 1633 3604 πλεον-

106 3639 296 3712 έκτημα.
338 3643 547 3716 Εἰρήνη
601 3642 708 3714 γὰρ
764 3643 858 3696 καὶ
900 3643 1119 3714 ἀγάπη,
1162 3644 1254 3697 καὶ
1301 3642 1367 3696 τὰ
1411 3641 1631 3694 τοιαῦτα

109 3733 407 3804 ὁνυξιιάζέτσοι,
459 3739 599 3807 ἡμῖν
643 3735 896 3807 παρέχων
951 3736 1037 3790 διὰ
1087 3737 1195 3790 τῶν
1244 3731 1518 3806 ὀνομάτων
1555 3733 1630 3797 ὡς

109 3823 210 3878 θεοῦ
237 3827 429 3881 τούτων
460 3829 578 3899 (57)
609 3828 1012 3899 μεταποιεῖσθαι
1039 3829 1143 3882 τῶν
1170 3828 1396 3900 ἀρετῶν.

1731 3557 1862 3612 gnas
1890 3548 1946 3596 et
1976 3540 2198 3596 dissidia
2237 3540 2469 3597 nescire.
2505 3537 2640 3594 Nam
2677 3554 2774 3595 nec
2806 3541 2858 3594 itt
2889 3541 3092 3595 deitate
3137 3539 3298 3594 dissi-

1731 3635 1877 3689 dium
1931 3643 2034 3700 est,
2094 3633 2550 3703 quemadmodum
2619 3645 2720 3686 nec
2771 3631 2969 3686 solutio
3017 3649 3031 3686 :
3083 3629 3295 3686 dissidii

1729 3728 1924 3798 quippe
1953 3727 2060 3782 tilia
2091 3736 2173 3780 est
2201 3725 2438 3792 solutio;
2467 3739 2653 3780 verum
2689 3725 2822 3779 adeo
2847 3733 2900 3779 et
2940 3738 3124 3780 secum
3152 3723 3292 3793 ipsa,

1727 3830 1924 3876 etcum
1949 3815 2294 3872 interioribus
2316 3817 2480 3871 rebus
2517 3829 2743 3870 concors
2768 3824 2823 3870 et
2870 3825 3058 3885 pacata
3101 3822 3204 3879 est,
3233 3822 3294 3868 ut

103 3931 264 3987 praeter
286 3922 409 3990 alia,
471 3923 588 3977 imo
638 3931 762 3976 ante
813 3923 914 3976 alia
963 3923 1198 3988 nomina,
1257 3921 1454 3992 quibus
1484 3919 1625 3973 Deus
1664 3913 1919 3986 appellari
1985 3912 2202 3980 gaudet,
2266 3909 2370 3964 hac
2400 3922 2616 3978 quoque
2673 3906 3031 3978 praerogativa
3081 3922 3293 3963 nuncu-

105 4027 242 4083 petur.
269 4017 372 4073 Pax
402 4020 452 4052 ⁸⁸
482 4019 631 4074 enim
671 4025 726 4072 et
771 4015 1006 4071 charitas
1035 4014 1111 4078 ⁵⁷,
1154 4023 1312 4082 atque
1357 4011 1414 4065 id
1459 4023 1629 4080 genus
1672 4003 1977 4060 nominibus
2039 4001 2359 4072 appellatur,
2432 4015 2539 4071 quo
2581 3999 2832 4057 videlicet
2878 4002 3118 4074 pet-ipsa
3150 4015 3311 4087 quo:

105 4122 184 4176 que
205 4111 452 4166 vocabula
485 4126 590 4166 nos
622 4110 927 4171 admoneat,
953 4114 1010 4158 ut
1040 4104 1202 4158 hasce
1241 4103 1620 4171 virtutes,qute
1654 4095 1882 4169 propriae
1904 4094 1997 4149 Dei
2029 4103 2176 4160 sunt,
2211 4107 2525 4163 comparare
2549 4093 2882 4149 studeamus.

157 4218 236 4273 II".
279 4221 551 4293 Ἀγγέλων
581 4220 637 4274 δὲ
667 4223 695 4274 ὁ
730 4220 827 4293 μὲν
873 4219 1160 4274 στασιάσαι
1205 4217 1500 4289 τολμήσας,
1533 4217 1627 4270 καὶ

100 4312 212 4384 ὑπὲρ
236 4316 327 4386 τὴν
367 4317 532 4383 ἀξίαν
575 4315 806 4388 ἀρθῆναι
848 4313 1129 4367 κατέναντι
1175 4310 1378 4382 Κυρίου
1429 4326 1628 4363 παντο-

104 4407 322 4478 κράτορος
356 4409 754 4481 τραχηλιάσας,
785 4407 875 4461 καὶ
906 4407 1004 4477 τὴν
1033 4406 1172 4477 ὑπὲρ
1197 4405 1266 4458 τὰ
1295 4403 1428 4474 νέφη
1491 4401 1627 4456 καθ-

1804 4211 1940 4267 Xlll.
1968 4211 2044 4266 Ex
2069 4210 2271 4282 angelis
2309 4220 2509 4276 autem,
2536 4210 2606 4274 is,
2637 4209 2728 4278 qui
2756 4207 3074 4263 seditioem
3100 4204 3285 4262 conci-

1734 4314 1872 4371 tare,
1902 4320 1965 4360 ac
1992 4319 2152 4373 supra
2188 4303 2505 4373 dignitatem
2536 4317 2688 4356 suam
2717 4315 2837 4356 sese
2870 4298 3084 4359 efferre.
3113 4297 3293 4352 cervi-

1735 4411 1958 4466 cemque
1989 4394 2244 4449 adversus
2275 4394 2556 4448 Dominum
2579 4393 2999 4460 omnipotentem
3025 4387 3289 4453 attollere,

101 4497 229 4568 ἕδραν
254 4500 478 4553 ἐπινοῶν
495 4542 512 4565 ,
541 4501 617 4563 ὡς
643 4501 671 4552 ὁ
699 4497 791 4551 τοῦ
820 4498 1094 4569 προφήτου
1131 4495 1240 4565 (58)
1275 4493 1450 4560 λόγος,
1476 4491 1628 4562 δίκην

1735 4499 1916 4558 atquc,
1940 4499 1996 4540 ιιι
2026 4485 2304 4554 Scriptura
2350 4493 2582 4540 testatur
2610 4484 2679 4548 ",
2719 4497 2878 4550 supra
2910 4480 3076 4535 nubes
3105 4478 3290 4534 sedem

104 4586 235 4642 ἔδωκε
270 4591 365 4662 τῆς
393 4591 658 4654 ἀπονοίας
688 4589 866 4654 ἀξίαν,
898 4589 1085 4651 σκότος
1117 4585 1235 4640 ἀντὶ
1281 4583 1455 4654 φωτὸς
1495 4578 1631 4636 εἶναι

100 4683 412 4752 κατακριθεὶς
459 4683 602 4754 (59),
639 4682 672 4752 ἦ
722 4680 783 4734 τό
816 4698 878 4750 γε
928 4678 1286 4749 ἀληθέστερον
1319 4677 1510 4738 εἰπεῖν,
1542 4673 1631 4743 ὑφ’

169 4818 209 4850 ⁸⁸
230 4819 420 4891 Ephes.
450 4837 518 4888 ιι,
559 4821 644 4877 Η.

288 4986 414 5054 Τοῖς
443 4985 746 5056 γνησίοις.
778 4982 943 5056 (ἷοίεΙ.
985 4984 1032 5046 1,
1063 4979 1316 5052 γνησίοις.

172 5052 248 5126 ξθ)
287 5052 489 5111 Τοῦτό.
529 5052 680 5126 Colit.
711 5053 918 5126 τούτου.

173 5119 249 5189 51)
289 5127 364 5180 Τὰ
399 5126 589 5179 ἄλλα.
625 5125 756 5189 Reg.
791 5125 842 5184 lt,
875 5133 925 5176 et
966 5122 1131 5176 Mmtl.
1159 5123 1206 5176 τ’
1231 5119 1383 5173 ἄλλα.

153 5188 250 5263 (52)
297 5195 359 5248 Ὀ
396 5196 618 5263 πραῢς,
648 5188 752 5247 etc.
790 5193 985 5246 Allttdil
1009 5195 1071 5244 ad
1118 5195 1229 5246 ha't‘.
1255 5189 1389 5244 Juel.
1423 5203 1502 5250 Ill,
1537 5188 1625 5263 ιι.

97 5253 120 5303 ὁ
153 5253 309 5332 trpng
357 5253 504 5318 ἔστω
564 5253 832 5334 μαχητής.
869 5283 886 5313 ι
930 5262 1028 5328 Qui
1071 5271 1381 5315 mansuetus
1421 5268 1523 5320 est,
1563 5260 1632 5311 sit

99 5336 343 5389 Pugnatur.
376 5353 397 5388 ι

151 5396 246 5473 (55)
283 5404 407 5472 Ἴδῃ
441 5403 823 5472 μακροθυμίᾳ
861 5402 1008 5456 Θεὸν
1039 5401 1431 5473 ζημιούμενος.
1469 5398 1632 5473 Begg.

97 5475 138 5524 ³»
167 5469 246 5543 itit,
269 5469 492 5543 ονζῖδῃ
532 5469 666 5526 Θεὸν
694 5469 1054 5543 ζημιούμενος
1091 5474 1155 5543 τῇ
1195 5469 1562 5543 μακροθυμία.

158 5541 253 5604 (34)
301 5547 372 5597 Et
399 5539 492 5614 μῆ
536 5561 639 5609 οτις
690 5539 787 5596 καὶ
832 5539 1014 5612 λόγος
1062 5545 1095 5595 ὁ
1131 5539 1370 5608 ’ταύτὴν
1406 5539 1636 5612 κρατῶν

97 5615 300 5679 φωτίη.
341 5633 360 5665 ι
407 5615 527 5669 Nisi
568 5616 763 5685 aliqua,
803 5629 920 5683 qua:
960 5614 1124 5681 ipsam
1163 5615 1458 5676 conlirtnel,
1498 5614 1635 5680 ratio

97 5691 340 5743 appareat.
387 5703 406 5735 ι

155 5750 250 5826 (35)
282 5754 353 5806 se
386 5753 597 5808 οὐδέν.
638 5753 728 5815 Sic.
751 5753 880 5825 Reg.
912 5753 1021 5818 bm,
1057 5761 1109 5805 et
1135 5749 1226 5807 0r.
1270 5749 1390 5804 Par.
1423 5749 1634 5816 edit.,5’

1737 4579 1944 4648 sibiipsi
1991 4577 2295 4644 excogitare
2317 4591 2482 4631 ausus
2507 4583 2612 4640 est,
2641 4574 2830 4645 dignas
2862 4570 3168 4641 arrogantia
3193 4581 3292 4624 sua

1737 4685 1925 4742 pennas
1956 4669 2121 4736 dedit,
2143 4668 2277 4724 lucis
2311 4667 2430 4724 loco
2461 4665 2697 4722 tenebris
2739 4664 3018 4732 multatus,
3082 4670 3172 4717 aut
3231 4666 3292 4715 ut

749 4821 837 4876 ⁵⁷1
870 4819 1027 4875 Joan.
1066 4835 1138 4886 tv,
1161 4818 1231 4883 8,
1262 4817 1353 4872 16.
1428 4818 1474 4851 ⁸⁸
1506 4817 1606 4873 lsa.
1640 4833 1753 4882 xw,
1788 4815 1874 4871 Η.

1728 4995 1908 5130 an???)
1952 5045 2078 5098 Ὀτι
2099 5043 2251 5113 μηδὲ
2279 5043 2475 5108 λύσις.
2512 5058 2531 5091 ι
2579 5036 3021 5108 Quandoquidem
3043 5050 3145 5092 nec
3171 5033 3286 5091 dis-

1728 5118 1936 5255 soiugi?
1964 5134 2054 5250 in
2091 5183 2238 5237 Θεοῦ
2272 5183 2515 5236 τούτων.
2548 5181 2754 5243 Billius,
2781 5197 2799 5230 ι
2825 5177 3019 5255 ut_bas
3056 5175 3286 5255 virtutes

1731 5243 1978 5325 tanquam
2019 5243 2182 5307 Deum
2208 5255 2459 5321 consequi
2485 5255 2793 5306 Studeamus
2836 5268 2855 5301 ι
2884 5243 3170 5302 Leuvenkl.
3206 5259 3289 5298 re-

1731 5326 1828 5367 ΐοιπιι
1867 5327 1930 5367 ml
1974 5328 2185 5367 numina
2214 5340 2229 5367 ε
2266 5341 2283 5367 ι
2314 5325 2508 5367 mribus
2558 5319 2851 5367 vm-ah’ulis-
2901 5318 2978 5367 Illi
3024 5331 3143 5367 oua:
3192 5313 3286 5367 Dei

1729 5319 1931 5380 fart'atl
1974 5328 2229 5379 nomina:
2266 5341 2283 5372 ι
2314 5319 2508 5392 quibus
2558 5319 2851 5382 vm-ab’ulis,
2901 5319 2978 5370 uti
3024 5331 3143 5384 qua:
3194 5319 3286 5367 Dei

1730 5397 1856 5460 sint,
1917 5409 2013 5449 nos
2068 5395 2336 5455 admonet,
2413 5402 2468 5445 ut
2519 5391 2744 5445 virtutes
2809 5390 2972 5442 hasce
3006 5399 3286 5454 compare-

1730 5482 1926 5604 ῃίξέὶςῖ
1945 5535 2054 5590 Τοῦ
2079 5533 2407 5603 προφήτου.
2426 5599 2446 5604 Α
2468 5531 2624 5584 Deest
2665 5528 2718 5584 in
2747 5526 2912 5597 Regg.
2957 5540 3006 5590 a,
3039 5524 3150 5587 bm,
3187 5523 3284 5585 hu,

1731 5599 1904 5660 tribus
1926 5605 2100 5669 Colb.,
2120 5599 2302 5658 Ox'ou.
2336 5613 2388 5656 et
2415 5599 2510 5656 0r.

1801 5656 1910 5746 (Siti)
1938 5656 2164 5746 ὶκόέοέι
2189 5656 2320 5746 ἀντὶ
2351 5671 2541 5746 φωτὸς
2574 5665 2725 5725 εῖναι
2748 5662 3134 5742 κατακριθείς.
3165 5676 3185 5730 ι
3217 5656 3287 5718 Ut

1732 5747 1866 5802 lucis
1891 5744 2014 5802 ioco
2053 5745 2224 5815 caligo
2243 5744 2332 5809 sit,
2368 5744 2668 5797 damnatus.
2706 5758 2725 5793 ι
