3844 6390
571 271 677 327 739

1763 263 1823 329 S.
1863 271 2192 332 GREGORll
2234 275 2570 336 TllEOLOGl

3625 307 3701 366 710

571 389 754 445 verius
777 388 983 459 loquar,
1027 401 1056 441 a
1088 388 1268 458 seipse
1293 387 1468 458 caligo
1495 387 1747 444 eﬁ‘ectus.
1777 391 1987 462 Reliqui
2011 407 2135 449 vero

2244 395 2428 493 εαυτοῦ
2479 397 2796 493 γενόμενος·
2833 399 2880 450 οἱ
2927 397 2982 452 δὲ
3032 398 3206 453 λοιποὶ
3258 403 3481 472 μένουσιν
3521 414 3597 468 ἐπὶ
3631 424 3704 493 τῆς

573 484 628 540 in
657 497 754 538 sua
780 483 1036 551 dignitate
1063 488 1343 550 perstant,
1378 481 1531 548 cujus
1583 483 1818 552 primum
1854 484 1982 540 illud
2029 495 2131 550 est,

571 575 714 646 quod
745 575 918 643 pacati
973 581 1098 627 sunt
1130 588 1192 627 ac
1219 573 1429 627 dissldii
1459 586 1732 644 expertes,
1764 577 1960 647 quippe
1989 578 2133 648 quia

573 670 762 720 sancta
812 670 865 715 et
910 660 1174 714 laudanda
1222 659 1491 718 Trinitate
1543 665 1643 719 hoc
1698 668 2044 735 acceperint,
2077 678 2135 722 ut

571 767 735 809 unum
769 752 897 817 sint,
927 752 1374 822 quemadmodum
1402 757 1545 808 etab
1566 756 1752 810 eadem
1789 757 2135 813 illuminatio-

573 860 696 900 nem
719 853 1065 914 acceperunt.
1091 843 1225 898 Nam
1259 854 1314 900 et
1341 845 1430 899 illa
1463 846 1604 901 Deus
1630 863 1766 902 unus
1791 860 1908 912 est,
1931 861 1984 904 et
2017 865 2135 906 esse

573 938 832 1003 creditur,
862 951 966 990 non
989 937 1168 991 minus
1196 948 1414 1006 propter
1437 940 1802 1004 concordiam,
1831 957 1985 1010 quam
2012 958 2137 1012 pro-

573 1037 700 1100 pter'
719 1027 963 1083 eamdem
987 1027 1309 1082 essentiam.
1339 1028 1525 1098 Itaque
1553 1044 1745 1086 omnes
1767 1032 1799 1084 ii
1823 1072 1837 1095 ,
1871 1032 1960 1101 qui
1989 1033 2135 1101 pacis

572 1122 770 1177 bonum
803 1121 1218 1190 amplectuntur,
1245 1121 1404 1190 eique
1437 1124 1766 1178 contrariam
1807 1124 2133 1179 discordiam

571 1223 628 1270 et
654 1213 972 1269 seditionem
1001 1211 1210 1268 infense
1237 1213 1508 1278 oderunt,
1543 1215 1610 1268 ad
1647 1215 1811 1269 Deum
1843 1225 1898 1270 et
1926 1217 2137 1272 divinas

573 1314 787 1361 mentes
812 1306 1078 1359 accedunt
1109 1322 1122 1360 :
1150 1305 1239 1374 qui
1266 1319 1392 1361 vero
1428 1307 1696 1363 bellicosis
1719 1319 1844 1363 sunt
1871 1310 2134 1374 moribus,

571 1407 628 1454 et
654 1399 848 1452 famam
873 1397 1113 1453 novitate
1136 1408 1395 1469 captant,
1430 1410 1592 1469 atque
1640 1400 1930 1469 ignominia
1978 1402 2139 1472 188

573 1504 670 1545 sua
694 1488 1014 1560 gloriantur,
1049 1490 1328 1544 adversam
1357 1501 1562 1559 partem
1586 1490 1977 1559 amplexantur.
2004 1491 2137 1544 Nam

574 1580 666 1636 ille
691 1594 904 1650 quoque
933 1589 982 1634 et
1017 1595 1199 1634 secum
1229 1581 1340 1650 ipse
1380 1589 1605 1651 pugnat,
1635 1589 1690 1636 et
1725 1581 1828 1636 hoc
1858 1581 2033 1649 ipsum
2081 1581 2133 1634 in

573 1670 716 1736 aliis,
745 1681 854 1725 tum
889 1670 1169 1740 multiplici
1201 1672 1381 1738 specie
1405 1709 1421 1736 ,
1457 1681 1567 1726 tum
1606 1672 1815 1727 vitiosis
1850 1676 2137 1742 perturba-

2237 488 2439 541 ἑαυτῶν
2483 490 2656 555 ἀξίας,
2682 487 2750 564 ἧς
2787 492 3000 561 πρῶτον
3024 495 3084 547 τὸ
3115 495 3371 568 είρηναῖον
3399 505 3480 557 καὶ
3508 487 3707 572 detecta.

2237 596 2382 645 στον,
2418 581 2478 633 τὸ
2507 580 2564 633 ἓν
2605 579 2740 636 εἶναι
2781 583 3033 648 λαϐόντες
3063 588 3210 656 παρά
3253 588 3344 658 τῆς
3374 594 3620 671 ἐπαινετῆς
3641 611 3707 663 καὶ

2236 672 2396 739 ἁγίας
2450 674 2709 744 Τριάδος,
2762 676 2890 746 παρ’
2923 672 2992 748 ἧς
3046 677 3140 729 καὶ
3189 678 3282 749 τὴν
3319 679 3568 756 ἕλλαμψιν.
3598 695 3708 752 Ἐπεὶ,

2233 764 2460 857 κάκείνη
2500 759 2581 828 εἷς
2624 766 2754 829 Θεός
2792 767 2905 820 ἐστί
2934 784 2990 820 τε
3025 769 3118 820 καὶ
3148 763 3281 822 εἶναι
3326 777 3616 846 πιστεύεται,
3642 788 3709 857 οὐχ

2235 845 2396 924 ἦττον
2430 855 2516 909 διὰ
2561 855 2660 926 τὴν
2703 857 2955 928 ὁμόνοιαν
3002 858 3034 928 ἦ
3087 857 3184 929 τὴν
3235 861 3327 931 τῆς
3371 865 3533 931 οὐσίας
3568 845 3710 930 can—.6:

2233 959 2371 1016 τητα
2389 948 2500 1018 (60)
2523 967 2536 979 ο
2557 949 2694 1003 ῶστε
2711 950 2843 1004 Θεοῦ
2875 953 2971 1022 μὲν
2988 939 3081 1006 καὶ
3102 952 3208 1006 τῶν
3228 953 3377 1010 θείων
3393 961 3554 1027 ἐγγὺς,
3569 967 3654 1020 ὅσοι
3671 973 3713 1024 τὸ

2233 1038 2330 1108 τῆς
2370 1041 2592 1112 εἰρήνης
2629 1041 2830 1109 ἀγαθὸν
2873 1043 3236 1112 ἀσπαζόμενοι
3266 1048 3537 1116 φαίνονται,
3564 1058 3711 1113 xui-.6;

2235 1128 2458 1202 ἐναντίῳ
2490 1135 2554 1203 τῇ
2604 1133 2787 1186 στάσει
2822 1133 3252 1205 ἀπεχθανόμενοί
3280 1151 3337 1188 τε
3366 1140 3452 1192 καὶ
3495 1115 3713 1218 δυσχεραί.

2234 1237 2446 1286 νοντες·
2478 1224 2576 1293 τῆς
2616 1224 2660 1276 δ’
2698 1224 2809 1294 (61)
2845 1227 3224 1298 ἀντικειμένης
3254 1229 3455 1299 μερίδος
3488 1233 3582 1287 ὅσοι
3611 1241 3715 1293 πολε.

2241 1314 2388 1382 μικοὶ
2426 1314 2518 1367 τὸν
2547 1315 2764 1386 τρόπον,
2801 1317 2894 1370 καὶ
2927 1318 2986 1370 τὸ
3014 1318 3293 1389 εὐδόκιμον
3317 1320 3391 1390 τῷ
3414 1326 3564 1395 καινῷ
3590 1328 3717 1400 θηρῶ.

2240 1422 2420 1474 μενοι,
2473 1408 2569 1460 κα),
2610 1412 2675 1480 τῇ
2733 1410 2940 1464 ἑαυτῶν
3008 1410 3232 1482 αἰσχύνῃ
3299 1414 3713 1489 καλλωπιζόμενοι·

2237 1497 2358 1550 ἐπεὶ
2396 1497 2506 1570 (6'2)
2541 1502 2788 1567 κάκεῖνος
2827 1502 2987 1566 αὑτός
3015 1521 3074 1556 τε
3104 1505 3375 1568 στασιάζει
3405 1509 3526 1578 πρὸς
3562 1513 3715 1579 ἑαυτὸν,

2237 1589 2332 1641 καὶ
2361 1590 2437 1660 τῷ
2466 1593 2748 1658 πολυειδεῖ,
2777 1595 2870 1648 καὶ
2900 1598 3013 1659 τοῖς
3045 1597 3260 1662 πάθεσι,
3290 1600 3388 1651 κάν
3431 1605 3532 1664 τοῖς
3569 1605 3714 1670 ἄλλοις,

2237 1681 2400 1734 ταυτὸ
2447 1682 2555 1752 (65)
2599 1686 2752 1738 τοῦτο
2803 1687 3045 1758 ἐνεργεῖ,
3093 1688 3168 1750 ὼς
3211 1689 3618 1759 ἀνθρωποκτόνος
3653 1700 3715 1751 ἀπ’

577 1765 814 1822 tionibus
855 1765 1059 1836 (utpote
1083 1764 1150 1818 ab
1187 1764 1342 1818 initio
1365 1773 1418 1818 et
1454 1763 1719 1819 homicida
1747 1804 1762 1829 ,
1805 1775 1861 1819 et
1886 1765 2010 1819 boni
2037 1765 2135 1819 ini-

2244 1771 2412 1842 ἀρχῆς
2446 1774 2538 1826 καὶ
2576 1755 2978 1845 μισόκαλοςξῖφ
3009 1778 3118 1848 (6.1)
3152 1781 3206 1832 ὲν
3240 1755 3528 1856 σκοτομήνῃ
3552 1755 3718 1841 κατατι-

575 1857 799 1928 micus),
824 1868 1099 1926 Operatur,
1139 1865 1200 1910 ut
1224 1868 1510 1911 commune
1555 1855 1810 1910 Ecclesia
1843 1870 2036 1925 corpus
2086 1857 2139 1910 in

575 1950 793 2005 occulto
828 1950 1066 2020 sagittet,
1093 1948 1193 2004 sub
1222 1947 1506 2003 seditionis
1537 1947 1768 2016 caligine
1799 1963 1920 2004 sese
1950 1949 2137 2003 occul-

575 2051 732 2109 tans;
759 2042 1208 2113 quemadmodum
1236 2080 1251 2106 ,
1288 2041 1344 2094 ni
1373 2038 1549 2104 fallor,
1579 2039 1646 2094 ad
1705 2054 2141 2110 unumquemque

575 2143 817 2189 nostrum
853 2133 1092 2202 captiose
1117 2143 1176 2186 ut
1206 2132 1497 2200 plurimum
1527 2145 1588 2186 ac
1623 2130 1848 2186 subdole
1901 2133 2128 2198 accedit,

573 2241 639 2282 ac
676 2226 842 2281 velut.
890 2226 1067 2281 locum
1112 2224 1323 2294 sibiipsi
1355 2224 1538 2277 furtim
1566 2224 1836 2293 aperiens,
1882 2231 1942 2278 ut
1972 2233 2137 2290 totus,

575 2333 683 2374 non
720 2332 877 2374 secus
903 2332 966 2372 ac
991 2326 1246 2372 strenuus
1275 2315 1545 2385 quispiam
1569 2325 1624 2370 et
1647 2313 1802 2371 fortis
1832 2314 2062 2370 bellator
2083 2316 2136 2370 in

573 2410 870 2467 exercitum
881 2423 1027 2478 ,pet:
1049 2406 1333 2477 disiectare
1353 2406 1501 2462 ,ιουτὶ
1528 2415 1858 2476 par-temaut
1887 2393 2137 2464 bos'tileut

575 2502 770 2564 aciem,
801 2501 1086 2570 irrumpat.

653 2592 790 2648 XIV.
814 2594 990 2660 Atque
1024 2592 1126 2647 hoc
1149 2605 1312 2646 unum
1332 2599 1435 2660 est,
1464 2600 1518 2648 et
1547 2593 1764 2663 quidem
1796 2592 1925 2658 tale,
1954 2603 2011 2647 ut
2041 2601 2140 2648 nos

576 2687 645 2742 ad
692 2686 1079 2741 benevolentiae
1109 2685 1526 2755 concordiaeque
1562 2687 1796 2741 studium
1835 2687 2140 2742 necessario

581 2779 850 2833 adducere
883 2778 1095 2843 debeat,
1121 2778 1373 2832 nimirum
1402 2779 1493 2832 Dei
1523 2793 1587 2834 ac
1620 2791 1935 2846 superorum
1960 2778 2140 2833 imita-

579 2870 698 2938 tj_m_
733 2871 787 2924 in
827 2884 944 2940 quae
976 2870 1091 2925 sola
1133 2870 1330 2926 animae
1361 2871 1425 2924 ad
1457 2870 1549 2924 Dei
1583 2870 1870 2941 imaginem
1899 2881 2096 2926 creata:
2120 2911 2136 2938 ,

578 2965 778 3024 imberi
833 2974 1002 3018 tutum
1051 2972 1156 3029 est,
1189 2970 1249 3017 ut
1302 2978 1399 3034 per
1457 2965 1867 3034 propensionem
1918 2965 1986 3019 ad
2040 2978 2136 3031 ea,

577 3069 836 3130 quantum
861 3056 962 3126 ipsi
989 3055 1202 3125 assequi
1241 3055 1419 3121 datur,
1451 3062 1614 3125 atque
1641 3070 1828 3111 eorum
1869 3056 2133 3110 imitatio-

579 3164 703 3206 nem
734 3191 749 3216 ,
796 3149 1127 3204 nobilitatem
1179 3148 1292 3217 ipsa
1347 3162 1500 3202 suam
1559 3153 1761 3202 sartam
1831 3156 2138 3216 lectamque

581 3249 813 3297 tueatur.
832 3240 1073 3294 Alterum
1099 3248 1203 3306 est,
1229 3247 1286 3294 ut
1307 3240 1499 3294 divinae
1526 3239 1644 3294 voci
1679 3239 2135 3310 obtemperantes,

576 3334 630 3389 in
663 3333 858 3388 ccelum
892 3347 1106 3388 sursum
1135 3372 1150 3398 ,
1183 3340 1238 3388 et
1280 3332 1336 3386 in
1372 3340 1570 3387 terram
1623 3329 1870 3386 deorsum
1905 3331 2136 3400 aSpicia-

550 3432 698 3480 ‘mus
723 3425 789 3491 ”,
819 3432 979 3494 atque
1007 3425 1346 3480 conditarum
1369 3437 1545 3477 rerum
1573 3421 1716 3490 leges
1745 3420 2138 3474 animadverta-

575 3530 696 3571 mus
725 3532 742 3571 :
778 3515 1223 3586 quemadmodum
1262 3514 1517 3569 videlicet
1547 3513 1766 3579 caelum,
1807 3524 1863 3568 et
1891 3520 2055 3576 terra,
2080 3521 2136 3566 et

575 3624 746 3675 mare,
780 3623 843 3663 ac
867 3609 1099 3678 denique
1142 3609 1431 3663 universus
1454 3607 1545 3662 hic
1582 3608 1833 3674 mundus,
1865 3621 2135 3677 magnum,

577 3701 819 3771 inquam,
845 3701 948 3757 hoc
971 3711 1024 3755 et
1052 3701 1268 3757 celebre
1313 3701 1409 3756 Dei
1452 3700 1798 3765 elementum,
1831 3715 1937 3767 quo
1973 3700 2136 3753 etiam

578 3792 718 3848 Deus
750 3793 1077 3858 declaratur,
1111 3792 1386 3861 tacitaque
1415 3807 1546 3847 voce
1582 3793 1929 3862 praedicatur,
1962 3806 2138 3860 quan-

576 3883 690 3951 diu,
723 3899 904 3941 serum
930 3895 1152 3956 pacatus
1177 3894 1232 3939 et
1261 3884 1578 3953 tranquillus
1608 3892 1709 3945 est.
1741 3896 1906 3952 Seque
1934 3895 2139 3937 naturae

580 3989 692 4030 suae
723 3976 920 4031 ﬁnibus
950 3976 1193 4031 ooutiuet
1213 4017 1229 4039 ,
1259 3988 1358 4029 nec
1385 3974 1676 4042 quidquam
1718 3973 1974 4027 adversus
2004 3971 2139 4027 alte-

580 4081 700 4120 rum
756 4066 1008 4136 insurgit,
1045 4076 1208 4135 atque
1236 4077 1301 4120 ex
1330 4065 1398 4119 iis
1428 4063 1816 4119 benevolentiae
1867 4063 2098 4119 vinculis
2121 4103 2136 4129 ,

580 4161 776 4230 quibus
831 4160 900 4215 ab
945 4159 1153 4215 artifice
1190 4157 1366 4214 Verbo
1417 4173 1596 4212 rerum
1633 4157 1958 4210 universitas
2009 4170 2155 4233 con:

577 4253 764 4307 stricta
788 4261 888 4317 est,
919 4252 1149 4310 excedit.
1183 4251 1414 4305 mundus
1447 4263 1571 4304 vere
1597 4259 1698 4313 εει,
1727 4257 1782 4302 ιιι
1811 4247 2134 4317 appellatur,

575 4354 630 4398 et
659 4343 1088 4412 incomparabilis
1122 4341 1464 4411 pulchritudo
1484 4380 1499 4405 ,
1532 4355 1631 4396 nec
1667 4340 1870 4409 aliquid
1900 4356 2134 4410 unquam

2239 1860 2366 1935 ξεύῃ
2410 1864 2468 1916 τὸ
2495 1865 2671 1920 κοινὸν
2703 1867 2860 1939 σῶμα
2899 1869 2996 1939 τῆς
3033 1871 3374 1943 Ἐκκλησίας.
3399 1875 3473 1946 τῷ
3501 1878 3622 1949 ζόφῳ
3651 1883 3717 1951 τῆς

2241 1955 2480 2018 στάσεως
2513 1959 2700 2012 ἑαυτὸν
2732 1960 3074 2031 ὲγκρύπτων,
3111 1962 3300 2036 ὥσπερ
3332 1962 3506 2037 οἶμαι,
3542 1972 3617 2022 καὶ
3644 1979 3719 2034 τοῖς

2238 2043 2357 2097 καθ’
2408 2045 2636 2102 ἕκαστον
2691 2051 2938 2121 πρόσεισι
2989 2055 3314 2122 σοφιστικῶς
3371 2057 3435 2109 τὰ
3478 2059 3618 2112 πολλὰ
3657 2080 3720 2115 zz:

2239 2136 2590 2208 πανούργως,
2641 2141 2734 2194 καὶ
2796 2139 2907 2195 οἷον
2961 2144 3142 2214 χώραν
3190 2147 3251 2198 ὲν
3311 2147 3439 2216 ἡμῖν
3486 2149 3722 2216 ὑπανοίγιιί

2239 2227 2413 2299 ἑαυτῷ
2455 2229 2544 2283 διὰ
2570 2231 2667 2302 τῆς
2701 2232 2914 2304 τέχνης,
2946 2234 3010 2286 ἵν’
3037 2235 3172 2298 ὅλως
3200 2235 3313 2308 (65)
3343 2239 3567 2310 εἰσπέσῃ,
3601 2243 3704 2294 καθὰ

2239 2335 2343 2390 περ
2374 2319 2627 2392 ἀριστεὺς
2659 2324 2872 2396 στρατῷ
2923 2323 3032 2396 (66)
3077 2327 3216 2380 κατά
3250 2326 3309 2380 τὸ
3342 2331 3724 2400 παραρρηγνύμε-

2239 2427 2327 2466 νον
2352 2411 2445 2466 τοῦ
2472 2414 2674 2485 τειχίου
2702 2415 2734 2488 ἢ
2763 2416 2863 2488 τῆς
2893 2417 3271 2488 παρατάξεως.

2309 2590 2406 2645 1Δ’.
2451 2589 2545 2642 Ἓν
2613 2591 2710 2660 μὲν
2767 2589 2831 2662 δὴ
2882 2589 3060 2656 τοῦτο,
3114 2593 3208 2646 καὶ
3260 2593 3502 2648 τοσοῦτον
3551 2591 3616 2657 εις
3660 2596 3724 2646 εὐ·

2237 2681 2384 2745 νοίας
2428 2680 2537 2752 (67)
2571 2699 2629 2735 τε
2672 2683 2765 2736 καὶ
2804 2685 3120 2754 συμφωνίας
3168 2685 3491 2756 ἀνάγκην,ή
3529 2686 3637 2739 Θεοῦ
3661 2689 3726 2740 καὶ

2238 2774 2346 2828 τῶν
2397 2775 2555 2828 θείων
2605 2776 2717 2846 (68)
2768 2776 3023 2847 μίμησις·
3061 2775 3197 2849 πρὸς
3243 2779 3279 2833 ἃ
3319 2779 3524 2849 βλέπειν
3551 2779 3725 2846 ἀσφαλὲς

2243 2867 2377 2936 μόνα
2415 2866 2511 2937 τὴν
2544 2867 2663 2921 κατ’
2695 2868 2876 2921 εἰκόνα
2902 2860 3036 2921 Θεοῦ
3061 2871 3364 2941 γενομένην
3402 2868 3579 2940 ψυχὴν,
3612 2869 3729 2932 Ηώς

2241 2959 2470 3030 μάλιστα
2502 2960 2564 3012 τὸ
2605 2960 2822 3029 εὐγενὲς
2861 2961 2995 3032 αὐτῇ
3035 2961 3368 3035 διασὼζηται
3399 2963 3480 3016 διὰ
3509 2964 3594 3033 τῆς
3633 2964 3729 3032 πρὶς

2240 3049 2378 3103 αὑτά
2429 3049 2691 3114 νεύσεως,
2727 3053 2820 3104 καὶ
2872 3053 2946 3116 ὡς
3005 3055 3230 3121 ἐφικτὸν
3289 3053 3583 3125 ὁμοιώσεως
3621 3055 3729 3123 (69)ο

2237 3142 2483 3214 δεύτερον
2519 3143 2575 3196 δὲ
2603 3144 2714 3214 (70)
2750 3145 3137 3217 ἀναϐλέψωμεν
3171 3151 3253 3212 εἰς
3283 3149 3374 3202 τὸν
3410 3149 3610 3220 οὐρανὸν
3635 3149 3729 3209 ἂνω,

2238 3235 2331 3287 καὶ
2359 3236 2438 3297 εὶς
2467 3235 2563 3304 τὴν
2593 3236 2694 3305 γῆν
2728 3238 2893 3304 κάτω,
2923 3238 3072 3303 θείας
3101 3241 3288 3311 φωνῆς
3309 3241 3610 3304 ἀκούσαντες
3635 3241 3732 3311 (71),

2238 3326 2331 3379 καὶ
2358 3326 2756 3398 καταμάθωμεν
2793 3329 2990 3399 νόμους
3027 3331 3285 3395 κτίσεως·
3324 3334 3404 3386 ὃτι
3431 3333 3646 3404 οὐρανὸς,
3667 3335 3733 3382 καὶ

2237 3419 2342 3490 γῆ,
2389 3420 2481 3472 καὶ
2512 3419 2772 3486 θάλασσα,
2817 3423 2910 3474 καὶ
2947 3425 2976 3475 ὁ
3011 3423 3232 3493 σύμπας
3269 3418 3422 3488 οὗτος
3468 3426 3666 3495 κόσμος,
3694 3423 3736 3474 τὺ

2241 3512 2382 3582 μέγα
2412 3513 2506 3566 τοῦ
2544 3513 2679 3567 Θεοῦ
2719 3518 2973 3585 στοιχεῖον
3007 3518 3100 3569 καὶ
3141 3518 3481 3590 περιϐόητον,
3513 3513 3554 3585 ᾧ
3575 3517 3649 3569 καὶ
3675 3516 3737 3582 δῃ-

2237 3601 2420 3657 λοῦται
2453 3605 2585 3670 Θεὸς
2632 3609 2806 3677 σιωπῇ
2853 3605 3272 3678 κηρυττόμενος,
3322 3610 3424 3672 ἓως
3456 3609 3545 3680 μὲν
3588 3608 3736 3659 555:1-

2240 3698 2322 3750 θεῖ
2368 3697 2479 3768 (72)
2524 3683 2618 3751 καὶ
2669 3699 2932 3771 εἰρηνεύει
2973 3701 3107 3772 πρὸς
3150 3703 3368 3765 ἑαυτὸν,
3411 3703 3465 3753 ἐν
3501 3703 3598 3762 τοῖς
3628 3699 3737 3756 ἰδίοις

2238 3793 2382 3861 ὅροις
2422 3793 2598 3863 μένων
2638 3793 2736 3862 τῆς
2779 3791 3010 3862 φύσεως,
3041 3795 3132 3847 καὶ
3159 3795 3316 3848 οὐδὲν
3346 3794 3436 3848 τοῦ
3465 3795 3628 3866 ἐτέρου
3649 3809 3739 3846 κατ·

2241 3883 2602 3950 εξανίσταται,
2668 3885 2788 3938 οὐδὲ
2834 3885 2942 3940 τῶν
2974 3889 3072 3956 τῆς
3121 3887 3340 3950 εὐνοίας
3397 3887 3614 3940 ὲκδαίνει
3661 3885 3740 3954 (75)

2239 3975 2472 4046 δεσμῶν,
2494 3972 2574 4039 οἷς
2601 3976 2629 4028 ὁ
2651 3976 2900 4048 τεχνίτης
2931 3978 3100 4044 Λόγος
3158 3979 3222 4033 τὸ
3254 3982 3364 4034 πᾶν
3407 3981 3655 4050 συνέδησε,
3678 3979 3742 4030 κός

2243 4085 2377 4138 σμος
2397 4069 2455 4120 τέ
2483 4070 2649 4132 ἐστιν,
2672 4069 2857 4140 ὥσπερ
2873 4071 3108 4138 λέγεται,
3141 4073 3236 4124 καὶ
3271 4072 3465 4136 κάλλος
3493 4073 3740 4142 ἀπῴσιτον,

2241 4161 2334 4214 καί
2359 4161 2508 4214 οὐδὲν
2539 4162 2611 4232 μή
2637 4178 2762 4214 ποτε
2783 4162 2971 4215 τούτου
2993 4181 3076 4226 τις
3103 4166 3416 4235 ἐπινοήσειε
3441 4165 3545 4232 (74)
3562 4163 3745 4232 λαμπρύ-

2239 4270 2393 4323 τερον
2429 4253 2540 4324 (75)
2566 4254 2597 4324 ἢ
2630 4254 3223 4326 μεγαλοπρεπέστερον.
3255 4257 3426 4328 Ὀμοῦ
3457 4257 3511 4310 δὲ
3530 4256 3612 4308 τοῦ
3635 4257 3747 4324 εἰρη-

2240 4343 2412 4398 νεύειν
2443 4342 2734 4410 πέπαυται,
2791 4345 2883 4398 καὶ
2911 4343 3006 4396 τοῦ
3060 4341 3197 4399 εἶναι
3239 4348 3463 4418 κόσμος.
3500 4349 3563 4399 Ἦ
3579 4345 3669 4416 γὰρ
3703 4345 3744 4395 οἱ

575 4449 731 4504 opus,
776 4435 916 4504 quod
943 4435 1158 4504 quidem
1212 4434 1435 4489 materia
1463 4442 1694 4496 constet,
1729 4433 1992 4488 illustrius
2044 4446 2135 4489 aut

2244 4434 2384 4487 δοκεῖ
2409 4451 2488 4487 σοι
2508 4435 2731 4506 οὐρανὸς
2765 4436 2862 4506 μὲν
2889 4437 3164 4501 εὐτάκτως
3195 4439 3324 4510 ἀέρι
3374 4440 3466 4494 καὶ
3501 4442 3564 4508 γῇ
3602 4454 3746 4489 κοινω-

633 4545 679 4577 ⁸⁹
700 4543 858 4598 Prov.
876 4558 1000 4611 xxv,
1035 4544 1087 4598 5.

667 4634 755 4706 60)
799 4637 1146 4702 Ταυτότητα.
1184 4656 1202 4689 ι
1237 4636 1567 4692 ldentitatem
1594 4637 1923 4693 substantiae.
1954 4657 1973 4689 ι

669 4709 756 4778 (il)
788 4706 901 4774 Τῆς
931 4706 1003 4778 δ’.
1039 4706 1168 4776 Reg.
1205 4709 1312 4772 lim,
1338 4709 1437 4778 τῆς
1463 4709 1540 4763 δέ.

645 4777 970 4849 (ορλἘπεί,
1023 4788 1126 4830 etc.
1162 4777 1360 4842 Billius,
1392 4777 1411 4830 ι
1457 4779 1583 4832 Nam
1618 4779 1703 4833 ille
1730 4791 1966 4849 quoque,
2013 4787 2122 4832 tum

572 4846 852 4916 multiplici
911 4850 1108 4914 specie,
1163 4857 1272 4900 tum
1327 4850 1533 4903 vitiosis
1582 4846 2024 4918 permotionibus,
2073 4858 2130 4904 et

573 4933 754 4972 secum
785 4918 894 4984 ipse
923 4929 1141 4984 pugnat,
1177 4930 1250 4980 ct,
1291 4929 1348 4971 ut
1374 4920 1441 4973 ah
1482 4921 1633 4973 ittitto
1654 4919 1937 4980 homicida,
1968 4920 2128 4972 boni-

573 4998 678 5055 que
714 4987 836 5041 odio
875 4989 1128 5057 perdtus,
1193 4985 1295 5040 hoc
1329 4989 1499 5057 ipsum
1544 4991 1596 5043 in
1634 4989 1751 5042 aliis
1795 4998 2064 5056 operatur.
2107 5006 2127 5040 ιν

573 5058 629 5112 lu
663 5057 766 5111 hac
792 5056 1052 5118 versione,
1076 5055 1286 5111 inverso
1307 5055 1589 5114 verborum
1615 5055 2136 5125 ordine,invertitur

573 5138 738 5181 Cllalﬂ
761 5140 968 5180 88118118.

815 5197 1017 5249 Ταυτό.
1073 5195 1162 5250 Sic
1214 5197 1428 5265 quidam
1498 5197 1653 5252 codd.
1715 5206 1770 5252 et
1821 5196 1907 5252 ed.
1985 5195 2132 5263 Alii,

572 5268 783 5321 ταύτόν.

644 5337 754 5404 (64)
787 5336 904 5389 "Ir".
940 5333 1106 5405 Regg.
1146 5336 1257 5405 hin,
1282 5335 1372 5401 hu,
1400 5336 1503 5390 ἴνα.

668 5405 755 5477 65)
783 5407 996 5470 Ὅλως.
1015 5404 1106 5477 ()i'.
1137 5404 1273 5466 ὅλος.
1301 5406 1388 5477 Sic
1422 5408 1544 5477 legit
1573 5406 1778 5461 Billius.

668 5415 755 5474 65)
784 5415 996 5470 ”Ολως.
1015 5415 1106 5459 Ur.
1137 5415 1273 5466 ολος.
1301 5415 1388 5460 bic
1422 5415 1544 5477 legit
1575 5415 1778 5461 Dillius.

644 5415 760 5545 ἷϐϋ)
801 5474 1096 5543 Ἀριστεὺς
1140 5473 1389 5541 στρατῷ.
1422 5477 1494 5529 Ita
1521 5478 1650 5544 Reg.
1683 5481 1774 5536 hu,
1806 5475 1896 5544 qui
1928 5474 2133 5529 omisso

575 5545 735 5617 κατά.
781 5548 875 5617 sic
909 5547 1270 5614 prosequitur,
1318 5545 1395 5617 τῷ
1434 5545 1968 5617 παραρρηγνυμένῳ,
2017 5563 2033 5594 ι
2077 5554 2134 5617 ut

575 5612 732 5669 fortis
778 5612 1001 5668 bellator
1051 5612 1103 5669 iu
1151 5612 1481 5686 exercitum,
1514 5612 1636 5686 ρει·
1675 5612 1948 5684 ilisjectatii
1995 5614 2132 5668 muri

577 5692 813 5753 partem,
855 5688 1144 5753 irrumpat.
1175 5703 1193 5736 ι
1240 5682 1422 5742 Billius
1471 5682 1628 5757 legit,
1663 5682 1913 5756 ἀριστεὺς
1965 5700 2131 5752 στραι

2245 4634 2357 4699 τός,
2405 4653 2424 4685 ι
2460 4640 2712 4688 strenuus
2759 4635 3046 4690 exercitus.
3084 4654 3102 4687 ι
3140 4634 3269 4703 Quze
3301 4634 3460 4690 lectio
3490 4633 3628 4686 nobis
3675 4645 3751 4682 non

2243 4708 2436 4776 placet.
2484 4704 2666 4776 Neque
2698 4705 2836 4758 enim
2863 4705 3155 4775 Gregorius
3193 4708 3466 4760 diabolum
3495 4721 3604 4757 cum
3639 4721 3654 4750 ‹
3685 4715 3750 4749 rx-

2239 4775 2434 4838 ercitu,
2479 4793 2496 4824 ι
2529 4775 2619 4828 sed
2651 4790 2770 4828 cum
2805 4794 2823 4827 ι
2867 4779 2987 4828 lnrti
3019 4779 3279 4830 bellatore
3321 4796 3339 4827 ›
3370 4777 3591 4828 confert.

2306 4844 2416 4915 (67)
2440 4847 2543 4918 Εἰς
2563 4845 2819 4918 εὐνοίας.
2845 4848 2931 4902 Sic
2965 4847 3130 4918 Regg.
3167 4862 3218 4912 a,
3255 4849 3373 4913 bm,
3406 4847 3496 4907 bu,
3525 4843 3610 4898 0r.
3636 4841 3752 4893 Deest

2235 4917 2314 4980 εἰς
2354 4918 2405 4968 in
2436 4915 2556 4969 Par.
2581 4916 2706 4969 edit.

2303 4985 2413 5054 (68)
2456 4983 2576 5038 Τῶν
2599 4985 2789 5054 θείων.
2831 4983 3056 5039 «Rerum
3081 4987 3442 5042 divinarum.»

2301 5053 2412 5124 (69)
2465 5053 2843 5124 Ὀμοιώσεως.
2869 5073 2886 5105 ι
2928 5055 3372 5114 Situ.litudiuetn.
3407 5077 3426 5108 ι

2302 5122 2411 5197 (7D)
2437 5122 2534 5197 ᾼὲ.
2566 5125 2722 5179 Deest
2753 5127 2803 5177 in
2826 5125 2956 5197 Reg.
2990 5127 3096 5191 but,
3124 5140 3175 5182 et
3197 5127 3293 5183 Or.
3537 5191 3562 5197 Δ
3649 5190 3658 5197 _
3730 5186 3738 5197 ,

2309 5190 2414 5266 ξ71)
2448 5195 2858 5260 Ἀκούσαντες.
2901 5190 3064 5251 Cuisl.
3084 5190 3145 5264 1,
3194 5197 3505 5258 ἀκούοντες.
3528 5191 3614 5247 0r.
3639 5190 3753 5240 5125'}

2239 5281 2439 5318 σοντες.

2304 5336 2420 5407 (7?)
2446 5335 2757 5407 Εὺσταθεῖ.
2789 5334 2969 5407 iCoisl.’
3029 5337 3082 5401 1,
3129 5337 3368 5407 saccan
3403 5335 3497 5390 καὶ
3525 5327 3754 5403 εἰρηνεύῃ.

2299 5405 2410 5478 (75)
2449 5405 2755 5478 Ἐκϐαίφτει.
2787 5406 2916 5474 lieg.
2957 5410 3066 5473 hm,
3097 5405 3344 5478 ἐκϐαίνῃ.

2325 5474 2410 5548 ξιξ)
2451 5475 2982 5547 Ἑπινο-ήσειεΛὶεε.
3016 5479 3106 5542 hu,
3134 5474 3420 5548 ἐπινοῆσῃ.

2325 5485 2410 5543 Ῑ4)
2457 5485 2982 5547 Ἑπινο-ησειεΛιεε.
3016 5485 3106 5542 hu,
3134 5485 3420 5548 ἐπινοήσῃ.

2301 5485 2416 5616 iw}
2446 5548 2886 5616 Λαμπρότερον.
2919 5549 3080 5602 Addit
3135 5548 3300 5601 Coisl.
3349 5555 3405 5610 1,
3460 5545 3585 5614 ὕλης
3613 5539 3756 5616 ἔργον.

2231 5607 2327 5687 Sic
2356 5607 2483 5682 legit
2511 5607 2714 5672 Βιιιῖιιε.
2753 5607 2961 5674 Favth
2992 5619 3299 5675 scholiasue
3331 5607 3754 5687 aliiquclwuﬂw

2231 5685 2462 5740 codices.

2626 5791 2692 5823 μὴ.
