3844 6390
576 300 679 352 745

1765 296 1825 350 S.
1865 296 2194 349 GKEUURII
2234 296 2580 349 'I'IIEUMJGI

3643 323 3716 375 7N

567 409 891 466 ostenditur.
918 406 1117 478 Atque,
1153 416 1211 461 ut
1236 406 1481 478 populos,
1516 416 1573 462 et
1600 406 1764 461 urbes
1784 445 1799 471 ,
1826 415 1879 461 et
1906 406 2131 474 imperia

2253 406 2287 458 ἰὲ
2310 408 2520 476 χοροὺς,
2552 408 2647 461 καὶ
2680 409 2961 478 στρατοὺς,
3005 410 3097 463 καὶ
3125 412 3322 475 οἴκους,
3365 418 3447 469 καὶ
3476 423 3594 491 νηῶν
3619 431 3717 504 πλη.

571 516 914 575 praeteream,
974 510 1034 555 ut.
1088 510 1285 564 coetus,
1337 499 1647 562 exercitus,
1692 498 1942 563 familias,
1974 511 2161 551 naves.

570 594 874 651 vectoribus
913 591 1119 659 plenas,
1150 591 1399 661 coniugia
1419 630 1434 655 ,
1466 590 1713 643 sodalitia
1737 629 1752 650 ,
1784 604 1903 656 quae
1934 572 2163 647 omnia,‘

570 694 631 742 ut
684 698 813 753 pace
860 692 1271 747 conservantur,
1323 681 1395 735 ita
1434 680 1656 734 dissidio
1709 678 1867 748 190
1903 663 2155 731 funditus.

571 786 907 840 evertuntur,
949 774 1017 829 ad
1072 773 1345 826 Israelitas
1378 771 2037 828 orationemconvertam,
2079 782 2144 822 ac

571 878 926 941 posteaquam
956 865 1106 919 vobis
1134 880 1322 919 eorum
1348 862 1689 917 calamitates
1711 896 1727 921 ,
1755 868 1809 913 et
1847 858 2143 928 dispersio-

572 977 719 1024 netn,
750 974 852 1028 qua
891 972 1028 1009 nunc
1055 956 1272 1010 sedibus
1308 955 1421 1008 suis
1450 952 1583 1021 pulsi
1621 966 1811 1019 vagam
1864 958 1919 1002 et
1976 951 2140 1003 mise-

573 1070 689 1111 ram
746 1053 911 1105 vitam
962 1055 1379 1119 persequuntur,
1413 1043 1847 1111 diutissitneque,
1904 1049 1962 1093 ut
2012 1040 2141 1094 mihi

572 1148 713 1205 edita
744 1144 810 1197 de
842 1142 945 1196 illis
984 1138 1236 1193 vaticinia
1274 1137 1430 1191 Iidem
1481 1134 1684 1188 faciunt
1726 1141 2139 1201 persequentur,

571 1249 890 1308 exposuero,
923 1241 1035 1284 tum
1083 1232 1295 1283 demum
1347 1244 1413 1282 ex
1447 1228 1618 1289 vobis,
1649 1225 1737 1293 qui
1771 1224 2008 1293 perfecte
2043 1239 2141 1277 no-

2246 494 2493 565 ρώματα,
2531 498 2625 592 καὶΪ
2651 497 2930 592 συζυγίας,
2957 500 3048 551 καὶ
3073 501 3357 572 ἑταιρείας,
3384 506 3476 561 ὑπὸ
3507 514 3586 582 μὲν
3613 494 3719 592 εἶρξ.

2243 604 2339 657 νης
2367 589 2747 659 συνεχομένοις,
2780 590 2883 643 ὑπὸ
2911 591 2967 643 δὲ
2997 592 3238 656 στάσεως
3263 572 3721 675 καταλυομένας,

2242 679 2332 730 τὸν
2390 680 2602 751 Ἰσραὴλ
2642 683 2757 752 εἶμι
2791 682 2869 753 τῷ
2911 683 3074 755 λόγῳ,
3114 687 3207 738 καὶ
3238 688 3340 743 τῶν
3369 694 3550 751 ἐκείνου
3587 705 3721 763 παθῶν

2245 770 2560 875 ύπομνήσας
2599 775 2765 844 ὑμᾶς,
2810 775 2902 828 καὶ
2937 776 3035 845 τῆς
3061 776 3367 849 διασπορᾶς,
3399 788 3481 840 καὶ
3509 791 3591 861 τῆς
3612 796 3722 868 ἄλης,

2245 864 2312 930 ἦν
2361 879 2419 914 τε
2455 864 2548 915 νῦν
2588 864 2790 935 ἔχουσι,
2828 867 2918 920 καὶ
2962 867 3028 937 ἦν
3080 869 3171 920 ἐπὶ
3202 870 3433 928 πλεῖστον
3472 879 3566 952 (91)
3591 864 3720 955 ξξωσι,

2240 951 2496 1023 πείθομαι
2532 957 2639 1030 γὰρ
2677 962 2795 1021 ταῖς
2830 960 2957 1029 περὶ
2989 960 3173 1013 αὐτῶν
3206 951 3561 1037 προρρήσεσιν,
3589 951 3724 1035 ἐπειτᾲ

2243 1044 2512 1115 ἐρήσομαι
2537 1049 2778 1119 ἀκριϐῶς
2807 1052 3013 1116 εἰδότας
3038 1054 3203 1123 ὑμᾶς,
3234 1057 3285 1109 τί
3310 1058 3365 1110 τὸ
3382 1061 3479 1117 τῶν
3504 1074 3724 1141 συμφορῶν

2245 1137 2446 1190 τούτων
2482 1140 2672 1203 ditior,
2703 1143 2789 1195 ἵνα
2825 1143 3203 1216 παιδευθὼμεν
3229 1150 3339 1212 τοῖς
3368 1152 3469 1205 τῶν
3498 1137 3727 1217 me»...

2249 1231 2367 1292 κοῖς
2395 1231 2490 1302 τὴν
2523 1234 2799 1303 ὁμόνοιαν.

574 1332 677 1388 stis
740 1340 984 1396 quaenam
1030 1321 1099 1377 sit
1133 1321 1323 1375 barum
1397 1319 1766 1403 calamitatum
1833 1331 2031 1380 causa,
2071 1316 2455 1389 esciscitabor,
2508 1336 2565 1380 ut
2608 1325 2837 1381 aliorum
2887 1328 3045 1385 malis
3084 1330 3150 1386 ad
3204 1336 3525 1392 concordiam
3570 1344 3727 1399 erudia-

570 1436 713 1477 mur.

646 1508 815 1566 XVII.
845 1505 1093 1574 Quamliu
1134 1504 1298 1573 igitur
1329 1502 1402 1557 illi
1434 1517 1645 1571 pacem,
1695 1510 1749 1555 et
1807 1501 1949 1554 inter
1978 1514 2058 1571 se,
2086 1508 2141 1555 et

570 1619 693 1658 cum
729 1602 838 1655 Deo
870 1600 1181 1652 habuerunt
1214 1636 1229 1659 ,
1261 1594 1583 1665 [Egyptiaca
1614 1593 1867 1647 videlicet
1896 1592 2141 1663 tyranni-

2318 1499 2419 1554 IZ'.
2454 1501 2564 1571 Οὐχ
2601 1512 2712 1573 νη)
2741 1522 2842 1568 εως
2871 1522 2970 1576 μεν
2996 1523 3219 1579 ειρηνην
3253 1527 3393 1581 ε.χον
3424 1515 3507 1567 καὶ
3538 1520 3645 1588 πρὸς
3665 1524 3727 1575 ἀλ.

2246 1592 2442 1663 λήλους
2472 1594 2565 1647 καὶ
2594 1596 2726 1664 πρὸς
2747 1596 2899 1658 Θεὸν,
2928 1598 3187 1670 Αίγύπτῳ
3224 1604 3291 1671 τῇ
3326 1605 3523 1676 καμίνῳ
3546 1613 3599 1679 τῇ
3628 1614 3729 1684 σιδη.

571 1695 661 1759 de,
698 1694 801 1748 boc
835 1701 937 1755 est,
992 1688 1168 1743 ferrea
1218 1686 1437 1741 fornace
1475 1684 1740 1754 Oppressi,
1776 1699 1839 1737 ac
1870 1699 1966 1750 per
1991 1698 2134 1737 com—

2253 1688 2315 1756 ρᾷ
2346 1685 2672 1757 πιεζόμενοι,
2716 1690 2808 1743 καὶ
2844 1691 2947 1743 ὑπὸ
2977 1694 3073 1762 τῆς
3102 1697 3285 1765 κοινῆς
3310 1696 3393 1763 (95
3421 1698 3618 1769 θλίψεως
3648 1722 3731 1758 τινα

571 1801 787 1845 munem
826 1782 1171 1837 aﬂlictinnem
1223 1779 1501 1846 conjuncti
1551 1786 1714 1845 atque
1748 1776 1955 1830 collecti
1987 1777 2143 1843 (non-

572 1896 844 1951 nunquam
870 1878 1013 1932 enim
1044 1874 1273 1930 aIIIictio
1301 1887 1519 1943 quoque
1548 1872 1661 1940 ipsa
1697 1868 2037 1924 commodum
2062 1875 2143 1921 est

570 1976 636 2029 ad
663 1975 889 2029 salutem
922 1966 1317 2040 pharmacum),
1357 1966 1506 2033 plebs
1550 1974 1734 2017 Sancta
1762 1961 2119 2022 vocabantur,

570 2077 624 2123 et
677 2064 854 2136 portio
900 2060 1134 2126 Domini,
1187 2074 1250 2114 ac
1320 2056 1500 2126 regale
1557 2052 1915 2108 sacerdotium
1938 2050 2005 2104 ".
2033 2049 2142 2104 Nec

570 2174 700 2213 vero
728 2158 831 2211 hoc
858 2154 961 2208 dici
998 2160 1198 2223 potest,
1231 2152 1447 2204 nomina
1495 2147 1714 2216 quidem
1745 2143 1922 2213 ampla
1963 2153 2017 2196 et
2040 2157 2144 2195 ma-

572 2248 765 2319 gniﬁca
797 2246 984 2311 fuisse,
1009 2255 1264 2299 caeterum
1300 2242 1613 2295 nominibus
1652 2251 1739 2291 res
1770 2237 1915 2305 ipsas
1969 2235 2129 2288 band-

572 2356 840 2413 quaqnatn
869 2337 1233 2405 respondisse.
1264 2332 1396 2386 Nam
1439 2340 1494 2384 et
1525 2330 1752 2383 ducibus
1782 2344 1812 2382 a
1838 2327 1945 2381 Deo
1968 2325 2143 2380 ductis

573 2436 888 2493 utebantur,
926 2439 981 2483 et
1034 2442 1131 2497 per
1180 2425 1489 2480 columnam
1544 2421 1683 2489 ignis
1740 2430 1795 2474 et
1834 2420 1992 2472 nubis
2052 2416 2143 2470 diu

574 2538 842 2593 noctuque
874 2521 1277 2577 deducebantur
1300 2517 1377 2581 “;
1409 2524 1464 2570 et.
1512 2512 1846 2583 fugientibus
1878 2526 2027 2564 mare
2054 2509 2141 2563 di-

573 2618 858 2673 videbatur
894 2613 1071 2675 “',et
1126 2610 1270 2663 Iarne
1324 2603 1699 2660 laborantibus
1754 2602 1948 2656 C(BIIIttI
1995 2599 2144 2653 cibos

573 2701 1019 2762 subministrabat
1055 2698 1125 2763 ⁶’,
1158 2706 1213 2751 et
1254 2693 1558 2749 sitientibus
1609 2700 1757 2761 petra
1792 2705 1944 2743 usum
1984 2688 2145 2744 fontis

572 2796 849 2868 praebebat
875 2791 943 2858 ⁸³,
979 2799 1034 2845 et
1081 2789 1443 2860 pugnantibus
1485 2798 1738 2837 manuum
1788 2782 2032 2835 extensio
2065 2782 2145 2836 in-

575 2885 993 2944 numerabilium
1024 2885 1301 2951 copiarum
1336 2879 1530 2943 instar,
1557 2886 1673 2929 erat
1696 2874 1958 2928 orationis
1981 2888 2141 2943 opera

576 2988 774 3047 tropaea
839 2976 1053 3045 erigens
1095 3012 1111 3037 ,
1176 2971 1424 3036 viamque
1487 2967 1714 3021 ulterius
1768 2967 2018 3034 aperiens
2057 2965 2142 3030 “;

2248 1777 2500 1847 αγὸμενοι
2536 1778 2671 1849 (ἔστι
2730 1780 2837 1850 γὰρ
2865 1782 2951 1833 ὅτε
2992 1784 3083 1835 καὶ
3118 1784 3274 1837 τοῦτο
3300 1787 3565 1858 φάρμακον
3589 1794 3733 1861 ἀγαθὸν

2246 1871 2325 1933 εἰς
2362 1870 2634 1941 σωτηρίαν
2681 1873 2713 1942 ἡ
2765 1871 2987 1940 θλίψις),
3034 1874 3159 1938 λαός
3193 1894 3252 1929 τε
3293 1880 3438 1946 ἅγιος
3462 1883 3639 1951 ἤκουον.
3670 1890 3733 1941 καὶ

2249 1960 2404 2030 μερὶς
2434 1960 2658 2030 Κυρίου,
2684 1963 2776 2014 καὶ
2808 1962 3075 2033 βασίλειον
3109 1967 3426 2040 ἱεράτευμα.
3464 1975 3559 2027 Καὶ
3586 1978 3634 2029 οὐ
3660 1983 3734 2042 τοῖς

2250 2050 2347 2123 μὲν
2378 2052 2634 2124 ὀνόμασιν
2656 2053 2796 2107 οὕτω
2829 2056 2880 2125 (9
2895 2056 2960 2124 ἱ),
2988 2059 3098 2121 τοῖς
3121 2059 3177 2111 δὲ
3206 2060 3386 2130 ἔργοις
3418 2065 3619 2136 ἑτέρως’
3641 2071 3735 2125 am

2247 2141 2340 2193 xui.
2364 2145 2687 2213 στρατηγοῖς
2714 2144 2907 2214 ἡγοντο
2928 2146 3210 2217 ἀγομένοις
3236 2150 3341 2203 ὑπὸ
3372 2152 3517 2215 Θεοῦ,
3553 2152 3629 2210 ιίαὶ
3656 2162 3738 2214 στύ-

2247 2228 2324 2301 λῳ
2345 2232 2512 2303 πυρὸς
2542 2235 2632 2287 καὶ
2663 2234 2889 2306 νεφέλης
2914 2236 3220 2307 ὼδηγοῦντο
3241 2243 3430 2305 νυκτὸς
3456 2246 3538 2297 καὶ
3559 2249 3732 2319 ἡμέρας·

2249 2326 2341 2377 καὶ
2377 2324 2618 2380 θάλασσα
2659 2328 2756 2398 μὲν
2794 2330 2975 2394 αὐτοῖς
3008 2330 3252 2385 διίστατο
3286 2335 3548 2405 φεύγουσι,
3574 2342 3738 2395 πεμνῶσι

2247 2416 2302 2469 δὲ
2330 2417 2555 2489 οὐρανὸς
2582 2420 2831 2491 ἐχορήγει
2863 2423 3088 2494 τροφὴν,
3124 2425 3302 2495 πέτρα
3342 2427 3394 2481 δὲ
3423 2430 3617 2498 ageam
3647 2437 3739 2505 ἐπή-

2248 2509 2402 2597 γαζε,
2436 2511 2730 2582 πολεμοῦσι
2776 2513 2832 2566 δὲ
2884 2515 3081 2585 χειρῶν
3116 2516 3341 2583 ἔκτασις
3384 2523 3497 2575 ἀντὶ
3536 2528 3742 2597 μυριάδων

2246 2596 2334 2672 ἦν,
2362 2604 2428 2655 δι’
2462 2605 2625 2675 εὐχῆς
2652 2606 2939 2678 ἐγείρουσα
2972 2609 3225 2680 τρόπαια,
3276 2614 3369 2666 καὶ
3404 2596 3673 2671 ὀὼποιοῦσα
3696 2620 3741 2672 τὰ

2249 2694 2556 2766 ἔμπροσθεν
2579 2714 2593 2729 ·
2638 2700 2872 2769 ποταμοὶ
2904 2700 2959 2754 δὲ
2996 2701 3314 2774 ὑπεχώρουν
3348 2706 3441 2777 τὴν
3467 2713 3660 2780 συγγενῆ
3685 2729 3744 2780 pt-

2254 2786 2511 2857 μούμενοι
2542 2788 2834 2855 θάλασσαν,
2866 2792 2959 2845 καὶ
3000 2797 3241 2863 στοιχεῖα
3291 2796 3485 2860 ἵστατο,
3534 2800 3611 2851 καὶ
3634 2802 3740 2871 τείχη

2252 2878 2503 2947 σάλπιγξι
2550 2882 2875 2936 κατεσείετο.
2926 2884 3035 2937 Καὶ
3074 2886 3126 2937 τί
3167 2886 3253 2939 δεῖ
3294 2886 3467 2957 λέγειν
3506 2892 3745 2959 Amittit.»

2251 2970 2461 3041 πληγὰς
2491 2972 2600 3042 (95)
2640 2973 2847 3039 τούτοις
2896 2978 3283 3049 χαριζομένας.
3336 2983 3429 3035 καὶ
3462 2983 3581 3036 Θεοῦ
3616 2987 3746 3053 φωνὰς

573 3070 720 3126 ﬂuvii
753 3069 912 3124 etiam
943 3106 959 3131 ,
994 3075 1281 3133 cognatum
1338 3075 1487 3115 mare
1522 3060 1833 3123 imitantes,
1863 3057 2144 3124 cedebant,

2253 3062 2308 3127 ἐξ
2339 3062 2496 3131 δρους
2515 3064 2872 3136 ἀκουομένας,
2905 3069 2995 3120 καὶ
3018 3071 3341 3141 νομοθεσίαν
3361 3074 3561 3146 διπλῆν,
3585 3076 3662 3146 τὴν
3683 3077 3747 3145 μὲν

575 3174 630 3219 et
660 3163 920 3217 elementa
949 3158 1339 3220 consistebant,
1369 3170 1433 3209 ac
1459 3155 1596 3207 muri
1650 3153 1792 3205 tubis
1824 3151 2146 3220 quatieban-

576 3268 665 3312 tnr
686 3255 752 3307 ⁸⁵.
781 3252 917 3318 Quid
944 3250 1086 3305 enim
1113 3247 1491 3317 [Egyptiorum
1530 3245 1710 3313 plagas
1738 3244 1791 3295 in
1818 3259 2001 3295 eorum
2029 3257 2150 3312 gra-

576 3348 705 3403 tiam
757 3343 986 3398 inIlictas
1046 3351 1475 3397 commemorare
1523 3338 1717 3389 attinet
1744 3334 1838 3387 δεῖ
1880 3333 2017 3399 Quid
2056 3333 2147 3387 Dei

575 3452 739 3494 voces
774 3452 803 3491 e
842 3445 1022 3489 monte
1052 3432 1263 3487 auditas
1290 3431 1379 3485 ⁸⁷⁸1
1432 3428 1569 3495 Quid
1626 3426 1894 3495 duplicem
1936 3427 2144 3495 legem,

576 3529 800 3585 alteram
837 3525 1149 3588 litteralem,
1182 3521 1525 3593 spiritualem
1556 3517 1780 3572 alteram
1808 3517 1832 3570 ?
1877 3518 2015 3584 Quid
2042 3532 2148 3573 cte-

576 3632 725 3678 teros
754 3622 1009 3685 honores,
1038 3632 1174 3687 quos
1214 3614 1374 3670 Israel
1427 3612 1636 3667 meritis
1683 3610 1797 3665 suis
1845 3609 1999 3680 longe
2033 3624 2148 3663 am‘

576 3716 779 3788 pliores
807 3712 934 3766 olim
956 3718 1277 3765 consecutus
1304 3704 1424 3761 est?
1455 3706 1525 3758 At
1550 3714 1832 3773 postquam
1859 3711 2148 3773 aegrotare,

576 3817 632 3863 ct
660 3808 713 3861 in
746 3806 953 3872 seipsos
987 3808 1172 3855 mutuo
1205 3798 1384 3852 l'urere
1414 3838 1430 3865 ,
1474 3807 1637 3865 atque
1668 3796 1720 3849 in
1750 3794 1948 3849 multas
1973 3802 2151 3863 partes

579 3898 744 3952 dividi
775 3903 1065 3961 coeperunt
1096 3893 1283 3962 (cruce
1316 3890 1592 3955 nimirum,
1619 3896 1674 3942 et
1707 3888 1995 3950 dementia,
2045 3900 2150 3957 qua

580 3992 839 4044 adversus
866 3987 1032 4041 Deum
1065 3996 1119 4039 et
1148 3984 1485 4038 Salvatorem
1512 3991 1777 4045 nostrum,
1804 3979 1920 4046 ejus
1953 3978 2150 4034 divini-

582 4092 747 4135 tatem
780 4082 832 4133 in
868 4076 1198 4131 humanitate
1228 4074 1448 4129 minime
1483 4081 1840 4142 agnoscentes
1863 4113 1878 4137 ,
1908 4072 2148 4125 insanie-

2254 3152 2310 3203 ἐν
2338 3152 2649 3223 γράμματι,
2679 3154 2776 3225 τὴν
2798 3156 2854 3209 δὲ
2885 3158 2942 3209 ἐν
2976 3161 3272 3229 πνεύματι,
3296 3164 3389 3214 καὶ
3418 3163 3567 3215 τᾶλλα
3593 3158 3657 3225 οἷς
3681 3165 3750 3214 ἐτι-

2258 3242 2435 3312 μῶντο
2502 3244 2671 3298 πάλαι
2731 3247 2883 3319 παρὰ
2912 3248 3008 3320 τὴν
3054 3252 3265 3305 ἑαυτῶν
3312 3253 3464 3319 ἀξίαν
3497 3256 3523 3307 ὁ
3562 3254 3738 3325 Ἰσραήλ.

2266 3335 2321 3387 Ἐ
2332 3337 2421 3389 πε),
2441 3335 2497 3388 δὲ
2527 3341 2701 3392 νοσεῖν
2721 3340 2973 3411 ἤρξαντο,
3000 3344 3094 3395 καὶ
3119 3344 3242 3396 κατ’
3266 3345 3504 3416 ἀλλήλων
3542 3347 3751 3415 ἐμάνησαν

2253 3428 2345 3479 καὶ
2369 3428 2654 3499 διέστησαν
2676 3433 2754 3493 είς
2780 3432 2916 3503 μέρη
2942 3434 3110 3488 πολλὰ
3163 3436 3284 3505 (τοῦ
3315 3436 3536 3508 σταυροῦ
3560 3436 3668 3508 πρὸς
3686 3438 3753 3505 τὴν

2253 3519 2487 3591 ἐσχάτην
2525 3519 2797 3576 ἀπώλειαν
2845 3523 2953 3596 (96)
3005 3527 3203 3591 αὐτοὺς
3250 3528 3654 3591 συνελαύνοντος,
3692 3528 3755 3578 καὶ

2251 3613 2352 3681 τῆς
2378 3611 2635 3676 ἀπονοίας
2664 3614 2728 3684 ἣν
2775 3614 2912 3669 κατὰ
2954 3614 3047 3668 τοῦ
3090 3615 3228 3670 Θεοῦ
3269 3619 3365 3672 καὶ
3394 3619 3620 3689 Σωτῆρος
3646 3616 3754 3686 ἡμῶν

2255 3702 2653 3774 ἀπενοήθησαν,
2706 3706 2797 3760 τὸν
2840 3707 2897 3760 ἐν
2942 3707 3214 3781 ἀνθρώπῳ
3250 3709 3385 3764 Θεὸν
3421 3707 3755 3780 ἀγνοήσαντες).

2253 3796 2348 3847 καὶ
2385 3794 2481 3865 τὴν
2514 3794 2707 3867 ῥάδδον
2739 3796 2834 3869 τὴν
2870 3797 3091 3870 σιδηρᾶν
3124 3801 3414 3873 πόρρωθεν
3436 3796 3755 3867 ἀπειλουμένης*

2255 3887 2438 3950 αὐτοῖς
2469 3888 2553 3955 ἐφ’
2590 3888 2813 3951 ἑαυτοὺς
2844 3888 3121 3953 εἵλκυσαν,
3160 3892 3264 3961 τὴν
3294 3890 3392 3944 νῦν
3433 3887 3759 3961 ἐπικρατοῦσιν

2255 3978 2429 4049 ἀρχὴν
2462 3976 2605 4046 λέγω
2632 3979 2725 4031 καὶ
2750 3978 3041 4050 βασιλείαν,
3065 3981 3118 4033 τί
3144 3982 3391 4049 γίνεται;
3425 3982 3515 4034 καὶ
3540 3981 3585 4031 τί
3612 3976 3757 4030 mariv-

2258 4069 2420 4136 ϐασις

582 4182 735 4235 runt,
768 4186 862 4224 eos
890 4169 955 4222 ad
978 4177 1280 4223 extremum
1321 4164 1545 4218 exitium
1614 4160 1906 4231 adigente),
1975 4160 2292 4232 virgamque
2342 4162 2596 4223 ferream,
2635 4162 2735 4217 boc
2801 4174 2883 4218 est
2917 4203 2931 4228 ,
2980 4163 3348 4234 pvincipatum
3409 4174 3464 4219 et
3518 4163 3758 4232 imperium,

584 4265 726 4337 quod
761 4280 902 4317 nnuc
956 4278 1136 4317 rerum
1169 4274 1436 4313 summam
1485 4264 1648 4325 tenet,
1688 4254 1855 4311 multo
1913 4265 2039 4312 ante
2072 4254 2180 4311 illis
2215 4253 2609 4322 denuntiatam,
2673 4258 2724 4309 in
2754 4257 2958 4326 seipsos
3008 4268 3382 4323 attraxerunt,
3423 4259 3545 4328 quid
3578 4239 3762 4310 accidit?

586 4356 818 4430 quidque
851 4353 1087 4424 perpessi
1121 4352 1295 4408 sunt?

656 4446 839 4503 XVIII.
878 4445 1142 4501 .Ieremias
1188 4445 1402 4513 quidem
1437 4459 1529 4499 eos
1569 4442 1638 4497 ob
1668 4442 1875 4512 priores
1924 4441 2145 4496 calami-
2180 4445 2224 4500 D

588 4550 733 4596 tates
772 4541 943 4608 luget,
976 4547 1140 4606 atque
1165 4534 1940 4605 captivitalem_Babylonicam
1965 4534 2153 4603 deplo-

586 4643 708 4697 rat;
742 4641 897 4685 erant
928 4630 1070 4684 enim
1104 4642 1294 4683 revera
1342 4627 1454 4683 haec
1500 4626 1756 4697 Iacrymis
1782 4635 1837 4681 et
1867 4626 2155 4693 gemitibus

2331 4438 2437 4492 ΙΗ¹⁸
2481 4438 2677 4510 Θρηνεῖ
2714 4437 2810 4507 μὲν
2848 4437 3042 4499 αὐτοὺς
3058 4437 3332 4508 Ἱερεμίας
3378 4436 3471 4490 ἐπὶ
3503 4436 3601 4496 τοῖς
3620 4428 3765 4501 προτέ-

2264 4548 2375 4601 ροις
2421 4531 2635 4593 πάθεσι,
2687 4530 2780 4583 καὶ
2820 4531 2918 4601 τὴν
2964 4532 3055 4583 ἐπὶ
3108 4530 3414 4585 Βαϐυλῶνα
3461 4522 3766 4597 αἰχμαλωσίαν

2259 4623 2541 4695 ὀδύρεται·
2589 4624 2679 4676 καὶ
2721 4627 2829 4695 γὰρ
2866 4619 2933 4694 ἦν
2978 4624 3144 4687 ὅντως
3190 4625 3426 4677 κάκεῖνα
3479 4619 3667 4691 θρήνων
3704 4611 3769 4665 καὶ

587 4726 782 4794 digna;
811 4724 901 4793 qui
933 4738 1059 4777 vero
1088 4736 1192 4777 non
1241 4722 1491 4775 maximis
1522 4721 1681 4789 digna
1713 4719 1965 4773 lamentis
1990 4756 2005 4782 ,
2050 4733 2147 4773 ex-

2253 4696 2507 4789 ὺδυρμῶν
2530 4718 2684 4783 ἆξεν
2714 4716 2829 4779 πῶς
2863 4717 2920 4769 δὲ
2962 4716 3022 4769 οὐ
3056 4716 3161 4768 τῶν
3199 4716 3478 4786 μεγίστων
3522 4712 3653 4779 τείχη
3678 4720 3770 4759 κιτ-

588 4817 701 4870 cisa
731 4816 947 4878 minoia,
980 4815 1110 4868 urbs
1142 4814 1256 4867 soIo
1288 4823 1517 4883 aequata,
1552 4812 1849 4868 sacrarium
1881 4824 2161 4875 eversum,

586 4908 767 4961 votiva
795 4906 930 4957 dona
957 4903 1267 4971 compilata,
1331 4902 1543 4974 profani
1602 4902 1764 4972 pedes
1811 4911 1864 4956 et
1910 4913 2106 4954 manus

590 4998 755 5070 pedes
801 4997 1021 5068 quidem
1068 4996 1123 5051 in
1155 4996 1271 5052 loca
1304 5011 1411 5050 non
1444 4995 1692 5051 adeunda
1741 4994 2103 5063 irrumpentes
2132 5007 2148 5059 ;

666 5228 712 5259 “
734 5224 899 5282 Exod.
934 5239 1048 5281 χιι.
1087 5222 1154 5282 6:
1180 5222 1195 5276 Ι
1221 5222 1363 5276 Petr.
1396 5237 1455 5288 ιι,
1486 5222 1540 5275 9.

594 5301 638 5331 ⁸³
665 5299 830 5353 Exod.
853 5312 962 5360 xvr,
987 5295 1040 5349 6.
1090 5296 1138 5325 ⁸⁵
1167 5294 1295 5348 ibid.
1324 5292 1410 5346 I3.

667 5451 775 5525 (9|)
816 5450 1129 5525 Πλεῖστον.
1187 5449 1307 5504 Bas.
1370 5447 1574 5514 πλεῖον,
1628 5445 1682 5501 id
1740 5455 1822 5501 est
1885 5444 2002 5498 ἀντὶ
2060 5442 2153 5495 τοῦ

596 5525 726 5587 αἰεί,
752 5526 906 5591 quasi
932 5524 1134 5591 diceret
1174 5539 1194 5572 ι
1227 5534 1458 5588 semper.
1490 5537 1514 5591 ρ

671 5585 783 5663 (92)
826 5594 970 5661 Οὐχ.
1004 5585 1423 5663 Vellegenduin,
1450 5588 1663 5663 οὐκοῦν,
1692 5589 1903 5663 vel_per
1926 5585 2155 5638 interro-

600 5656 867 5735 gatimiem
905 5656 1217 5735 vertendum
1248 5677 1262 5712 :
1297 5678 1315 5712 ι
1341 5657 1554 5735 nonne?
1586 5656 1800 5735 annon?
1836 5677 1853 5709 ι

672 5729 780 5803 {93)
817 5730 1050 5802 Κοινῆς.
1097 5731 1259 5800 Elias,
1304 5729 1524 5800 πολλῆς,
1578 5748 1595 5782 ι
1640 5728 1861 5787 multam
1917 5724 2159 5784 afﬂictio-

1630 5221 1672 5252 “
1707 5220 1873 5274 Exod.
1908 5234 2041 5282 xm,
2068 5217 2160 5282 2|.
2191 5230 2345 5286 seqq.

1507 5291 1552 5322 ⁸⁸
1582 5288 1695 5347 Jos.
1724 5307 1809 5359 ιιι,
1843 5291 1938 5357 l7;
1998 5305 2068 5352 vi,
2095 5287 2182 5343 ει).

2260 4811 2602 4879 εσκαμμένα,
2640 4808 2792 4869 πόλις
2824 4808 3186 4877 ἡδαφισμένη,
3229 4810 3487 4878 ἁγίασμα
3514 4796 3771 4874 καθῃρημέ·

2262 4918 2370 4965 νον,
2405 4902 2729 4973 ἀναθήματα
2767 4901 3124 4971 σεσυλημένα,
3161 4901 3329 4964 πόδες
3362 4899 3581 4970 βέϐηλοι
3596 4892 3771 4961 καὶχεῖε

2266 5009 2387 5063 ρες·
2423 4994 2471 5047 οἱ
2509 4992 2606 5063 μὲν
2651 4996 2760 5055 τοῖς
2809 4992 3026 5055 ἀϐάτοις
3064 4991 3483 5062 ὲμόατεύοντες,
3534 4991 3584 5044 al
3625 4986 3671 5040 δὲ
3702 4997 3772 5035 ια’

2444 5214 2511 5249 ιιι
2550 5214 2718 5268 Εχοά,
2762 5228 2872 5274 xlv,
2908 5211 2998 5266 22,
3106 5213 3151 5245 θ’
3186 5211 3366 5265 Exod.
3438 5227 3523 5274 xv,
3559 5208 3618 5264 I2
3661 5216 3773 5272 δαίθ’

2282 5281 2328 5319 σε
2367 5285 2533 5340 Exod.
2581 5298 2752 5339 vir-xi.
2831 5283 3049 5338 "Exod.
3084 5297 3197 5342 xix,
3228 5281 3297 5334 I6
3334 5296 3490 5350 seqq.

2262 5456 2408 5497 nem.
2440 5460 2458 5492 ι

2336 5510 2447 5578 (94)
2493 5511 2672 5564 Οὕτω.
2716 5509 2885 5578 Regg.
2909 5523 2961 5570 a,
2997 5509 3105 5570 bm,
3134 5508 3338 5571 οὕτως.

2337 5578 2449 5651 (95)
2486 5580 2747 5647 Πληγάς.
2791 5578 3042 5633 Nonnulli
3082 5582 3239 5634 codd.
3293 5582 3530 5649 σφῆκας,
3570 5594 3585 5627 ι
3632 5580 3781 5640 vespas

2270 5653 2632 5708 crabrones.)

2338 5722 2452 5796 (96)
2504 5717 2842 5775 ’Λπώλειακ
2870 5722 3023 5778 Deest
3051 5721 3102 5775 in
3136 5718 3239 5773 Par
3293 5720 3545 5775 cditioae.
