3844 6390
146 387 222 445 πεί
1236 358 1490 412 ORATIO
1532 356 1615 411 vr.
1654 388 1669 397 -

1785 358 1841 411 lE
1880 354 2056 410 PACE
2096 354 2135 410 1.
3197 362 3300 418 746

141 503 225 559 τῶν
248 491 338 565 (9η
358 480 631 554 ἀψαύστων
660 476 1106 547 κατατρυφῶσαι,
1137 475 1410 546 προφῆται
1445 473 1639 542 σιγῶν·
1666 522 1669 531 .

1785 488 1928 526 anus
1958 487 2088 526 vero
2116 470 2270 541 191
2304 472 2447 527 circa
2481 487 2566 527 res
2594 488 2709 537 eas,
2735 488 2870 543 quas
2900 483 3120 545 tangere
3144 481 3298 534 nefas

126 600 223 652 ιτες,
252 564 391 652 (sper;
416 569 683 639 ἀγόμενοι,
712 565 1010 639 πρεσϐῦται
1036 565 1109 636 μὴ
1137 566 1465 635 ὲλεούμενοι,
1500 582 1634 636 παρ⁸

1785 576 1875 624 'at.
1918 564 2283 629 luxuriantes,
2339 566 2615 634 prophetae
2667 566 2933 633 silentes,
2987 573 3300 629 sacerdotes

126 630 737 739 ἆζιηκαθυὸριξόμεναι,
755 630 765 639 ’
784 657 969 722 νεότης
1003 630 1307 719 πίπτουσα,
1329 630 1459 725 πῦρ*
1481 630 1635 708 ἁλλό-

1785 656 1973 719 ‘Nltlcli,
2027 669 2186 710 senes
2230 656 2433 722 absque
2461 658 2834 713 misericordia
2861 661 3053 723 habiti.
3083 674 3302 720 constu—

124 730 371 842 (98)
416 730 505 807 καὶ
554 750 829 819 πολέμιον,
862 749 1090 818 αἵματος
1119 747 1350 818 ποταμοὶ
1393 747 1512 800 ἀντὶ
1543 744 1635 799 τοῦ

1785 764 1907 804 ratae
1930 750 2191 818 virgines,
2232 750 2486 818 juventus
2526 750 2724 804 cadens
2750 792 2765 815 ,
2799 750 3013 806 ﬂamma
3041 754 3211 809 aliena
3249 765 3305 811 et

123 837 247 917 ἷὸᾷιου
266 848 418 921 πυρὸς
447 844 539 896 καὶ
570 843 821 912 αἵματος,
851 840 1149 913 Ναζαραῖοι
1186 840 1635 911 κατασυρόμενοι,

1785 842 1979 905 nstilis,
2012 841 2291 909 sanguinis
2314 840 2458 893 ﬂuvii
2488 855 2585 908 pro
2616 851 2805 895 sancto
2846 843 2965 912 igne
2997 861 3058 899 ac
3086 862 3302 914 cruore,

123 924 285 1009 legﬁvot
313 943 416 1002 τοῖς
450 936 637 1007 ὕμνοις
667 932 1100 1003 ἀντεγειρόμενοι
1117 949 1130 962 ο
1176 934 1267 985 καὶ
1294 933 1357 985 ἵν’
1383 930 1441 995 ἐξ
1464 930 1640 984 αὐτῶν

1791 934 1977 986 σιτιτωί
2015 934 2209 1000 raptati
2238 973 2252 995 ,
2303 933 2479 986 luctus
2512 934 2741 989 canticis
2769 937 3043 1005 subrogati
3079 948 3299 1009 :atque,

120 994 448 1100 των
487 994 752 1098 ζΙερενμίου
781 994 1025 1097 ἀρήνων,
1060 1027 1107 1077 οἰ
1137 1026 1241 1078 υἰοὶ
1269 1024 1375 1095 (99)
1408 994 1562 1089 Σιὼν,
1590 1026 1640 1077 οἰ

1785 1035 1801 1078 ι
1833 1040 1897 1079 ex
1929 1025 2057 1093 ipsis
2085 1022 2333 1078 Jeremire
2363 1023 2594 1079 Tlireuis
2632 1026 2831 1095 aliquid
2863 1029 3188 1098 producam,
3220 1032 3303 1085 in-

137 1134 270 1201 τίμιοι
298 1123 382 1177 καὶ
407 1116 792 1186 ἁντιτιθέμενοι
815 1114 1041 1187 χρυσίῳ,
1076 1116 1124 1168 οἰ
1150 1115 1409 1185 τρυφερώ
1430 1115 1523 1167 κα)⁸
1552 1131 1645 1168 κα-

1785 1118 1867 1189 lyti
1898 1119 1971 1172 illi
2016 1117 2107 1171 lilii
2154 1116 2280 1171 Sion
2315 1119 2380 1183 ⁸⁸,
2411 1127 2467 1172 et
2512 1135 2643 1173 auro
2673 1121 2940 1187 aequandi,
2975 1120 3047 1174 illi
3081 1122 3298 1191 inquam

135 1225 220 1280 κῶν
248 1214 474 1276 ἀπαθεῖς,
519 1210 673 1279 ξένην
706 1209 823 1262 ὁδὸν
859 1208 1165 1270 ὁδεύοντες·
1220 1208 1313 1259 καὶ
1358 1206 1467 1259 ὁδοὶ
1505 1205 1643 1260 Σιὼν

1785 1209 1955 1262 elicati
2016 1218 2179 1277 atque
2228 1225 2257 1263 a
2314 1210 2469 1264 malis
2518 1213 2801 1276 immunes,
2854 1213 3117 1268 insuetam
3162 1217 3303 1270 viam

137 1311 373 1371 πενθοῦσαι
405 1306 473 1375 (1)
520 1302 669 1374 παρά
712 1303 772 1354 τὸ
812 1302 884 1372 μὴ
914 1296 1055 1354 εἶναι
1094 1302 1217 1363 τοὺς
1258 1298 1641 1371 ἑορτάζοντας’

1785 1300 2003 1355 beuntes
2034 1318 2046 1354 :
2080 1310 2134 1354 et
2154 1301 2253 1354 via:
2307 1300 2436 1354 Sion
2465 1289 2735 1367 lugentes,
2769 1316 2832 1353 eo
2864 1303 3003 1371 quod
3038 1305 3165 1357 nulli
3195 1307 3307 1359 sint

134 1407 205 1462 καὶ
234 1398 402 1473 μικρὸν
433 1394 536 1466 πρὸ
563 1393 763 1446 τούτων
786 1409 800 1422 ·
843 1394 1024 1462 χεῖρες
1062 1390 1334 1459 γυναικῶν
1370 1390 1647 1460 οἰκτιρμό-

1786 1394 1835 1445 ιιί
1870 1392 2037 1446 festos
2069 1393 2186 1446 dies
2212 1394 2483 1446 celebrent
2520 1395 2598 1458 ⁶⁹;
2632 1409 2695 1448 ac
2725 1395 2882 1461 paulo
2920 1404 3044 1450 ante
3072 1412 3086 1448 :
3116 1412 3308 1451 manus

135 1516 231 1559 νων,
265 1493 318 1545 οὐ
359 1488 559 1561 τροφὴν
603 1485 890 1557 ὀρέγουσαι
916 1484 1146 1547 τέκνοις,
1183 1483 1282 1552 τῆς
1332 1483 1648 1555 πολιορκίας

1785 1482 2041 1536 uulierum
2078 1483 2505 1536 misericordium
2530 1484 2596 1548 ⁷ο,
2624 1484 2983 1539 invalescente
3008 1486 3305 1552 obsidione,

134 1581 502 1657 ἐπικρατούσης,
537 1578 650 1631 ἀλλ’
673 1578 763 1629 ἐπὶ
792 1575 998 1647 τροφὴν
1020 1574 1191 1628 ταῦτα
1222 1575 1647 1646 σπαράττουσαι,

1786 1590 1853 1628 on
1881 1574 2082 1628 vietum
2112 1575 2235 1628 [iliis
2278 1575 2610 1643 porrigentes
2632 1617 2647 1641 ,
2676 1578 2767 1628 sed
2805 1578 2981 1645 potius
3014 1578 3079 1631 ad
3110 1578 3307 1633 "cibum

135 1682 205 1735 καὶ
225 1676 361 1747 λιμοῦ
386 1674 669 1743 φάρμακον
696 1669 766 1723 τὰ
796 1668 1002 1721 ἑαυτῶν
1034 1667 1350 1737 ποιούμεναι
1385 1666 1613 1735 φίλτατα
1633 1708 1647 1733 ,

1785 1668 1847 1720 ibi
1883 1669 2176 1736 parandum
2206 1683 2299 1723 eos
2343 1668 2661 1735 lacerantes,
2710 1679 2871 1739 atque
2902 1685 2962 1725 ex
2994 1672 3311 1728 clarissimis

133 1770 279 1825 Ταῦτα
316 1765 423 1829 πῶς
467 1766 529 1817 οὐ
578 1761 725 1816 δεινὰ
774 1760 865 1814 καὶ
903 1760 1044 1832 πέρα
1076 1759 1282 1821 δεινῶν,
1312 1760 1372 1811 οὐ
1403 1761 1517 1822 τοῖς
1548 1758 1651 1812 πά-

1785 1759 1864 1812 uis
1913 1759 2228 1828 pignoribus
2281 1760 2599 1813 medicinam
2663 1762 2921 1817 adversus
2971 1776 3309 1833 grassantem

136 1877 281 1932 σχουσι
302 1858 413 1911 τότε
440 1855 617 1927 μόνον,
638 1854 772 1907 ἀλλά
794 1854 886 1907 καὶ
908 1852 1001 1905 νῦν
1028 1855 1138 1915 τοῖς
1161 1851 1476 1917 ἁκούουσιν;
1508 1850 1649 1919 Ἐγὼ

1785 1865 1944 1902 mem
1969 1851 2314 1917 quaerentes?
2344 1853 2426 1905 An
2462 1868 2563 1905 non
2598 1854 2709 1907 haec
2740 1855 2918 1922 gravia
2955 1866 3006 1909 et
3030 1856 3312 1925 plusquam

88 1950 89 1953 “
131 1951 230 2019 γοῦν
250 1949 425 2009 ὁσάκις
456 1944 523 1999 ἂν
556 1944 758 2013 ταύτην
788 1943 1040 1997 ἀναλάϐω
1066 1943 1163 2013 τὴν
1192 1943 1391 2012 βίὸλον,
1418 1943 1509 1996 καὶ
1540 1946 1653 2006 τοῖς

1791 1943 1954 2005 ravia,
2006 1958 2110 1996 non
2146 1942 2211 1996 iis
2241 1943 2436 2009 solum,
2465 1945 2557 2014 qui
2589 1955 2697 1998 tum
2739 1961 2800 2000 ea
2832 1948 3189 2015 pertulerunt,
3219 1950 3313 2007 sed

132 2041 319 2111 Θρήνοις
344 2034 709 2105 συγγένωμαι,
742 2034 1063 2104 συγγίνομαι
1090 2033 1131 2086 δ’
1159 2034 1233 2102 (2)
1265 2034 1452 2097 ὁσάκις
1475 2033 1541 2086 ἂν
1568 2032 1657 2085 εὑ-

1785 2037 1821 2088 is
1870 2048 2085 2102 quoque
2114 2034 2204 2103 qui
2256 2050 2398 2090 nunc
2425 2036 2690 2090 audiunt?
2724 2037 3003 2107 Equidem.
3036 2049 3092 2092 ιιι
3128 2040 3195 2095 de
3229 2055 3316 2095 me

131 2131 323 2203 ῃμερίαν
352 2128 679 2198 σωφρονίσαι
719 2126 961 2197 ἐθελήσω
1010 2125 1088 2195 τῷ
1127 2125 1534 2196 ἀναγνώσματι,
1563 2126 1656 2195 ἐγ-

1785 2141 1965 2192 aquar,
2018 2126 2229 2193 quoties
2286 2127 2429 2181 hunc
2486 2126 2722 2181 libellum
2776 2130 2826 2182 in
2882 2146 3072 2184 manus
3116 2146 3313 2198 sumo,

131 2222 355 2288 κόπτομαι
401 2218 499 2289 τὴν
546 2214 749 2286 φωνην,
797 2216 891 2267 καὶ
938 2214 1234 2284 συγχέομαι
1278 2213 1525 2283 δάκρυσι,
1562 2212 1658 2265 καὶ

129 2308 213 2364 οἷον
240 2311 321 2361 ὑπ’
349 2308 468 2377 ww
505 2324 596 2378 μοι
638 2306 701 2358 τὸ
749 2306 919 2368 πάθος
960 2305 1195 2376 ἔρχεται,
1242 2304 1335 2358 καὶ
1378 2302 1658 2374 συνθρηνῶ

129 2403 189 2472 τῷ
210 2401 542 2472 θρηνήσαντι.
580 2396 688 2466 Τὴν
720 2396 776 2449 δὲ
808 2395 1120 2448 τελευταίαν
1154 2393 1330 2446 αὐτῶν
1359 2393 1572 2464 πληγήν
1597 2408 1660 2444 τε

132 2493 200 2545 καὶ
233 2490 620 2562 μετανάστασιν
660 2487 755 2558 (3),
809 2487 901 2539 καὶ
932 2486 1022 2539 τὸν
1053 2485 1146 2538 νῦν
1176 2485 1520 2554 ἐπικείμενον
1564 2484 1664 2537 αύ-

129 2587 215 2646 τοῖς
262 2583 351 2651 τῆς
392 2579 641 2643 δουλείας
686 2577 869 2647 ζυγὸν,
896 2646 901 2651 _
929 2578 1022 2630 xui.
1074 2576 1171 2648 τὴν
1207 2577 1527 2647 περιϐόητον
1558 2576 1662 2630 ὑπὸ

141 2677 389 2747 Ῥωμαίοις
421 2675 771 2738 ταπείνωσιν,
817 2646 1067 2745 ἦςχούδὲν
1096 2670 1267 2734 οὕτως
1303 2668 1377 2733 ὡς
1409 2672 1440 2741 ή
1476 2670 1661 2733 στάσις

130 2770 283 2830 αἴτιον,
329 2765 412 2828 τίς
443 2764 708 2835 θρηνήσει
755 2761 890 2831 πρὸς
930 2760 1084 2822 ἀξίαν
1125 2758 1231 2811 τῶν
1265 2757 1490 2827 θρήνους
1534 2755 1665 2826 γρά-

133 2875 224 2926 φειν
250 2857 316 2925 (ό)
345 2855 586 2919 εἰδότων,
623 2853 717 2905 καὶ
744 2851 899 2917 λόγον
925 2848 1136 2914 ὲξισοῦν
1162 2850 1238 2920 (5)
1274 2847 1435 2900 πάθει
1457 2864 1470 2909 ;
1508 2847 1663 2901 Ποῖαι

128 2949 267 3018 βίϐλοι
288 2947 457 3000 ταῦτα
496 2946 805 3016 χωρήσουσι
834 2960 846 3007 ;
878 2942 991 2995 Μία
1016 2941 1182 3013 στήλη
1219 2940 1293 3010 (6)
1324 2939 1534 3002 τούτοις
1563 2939 1665 3008 τῆς

130 3042 375 3113 συμφορᾶς
398 3042 431 3111 η
456 3037 756 3107 οἰκουμένη
788 3038 934 3089 πᾶσα
965 3033 1085 3088 καθ’
1111 3029 1178 3103 ἧς
1208 3033 1547 3103 ἐσπάρησαν,
1571 3031 1665 3084 καὶ

1757 2216 2113 2287 Threuosque
2138 2218 2319 2271 lectito
2352 2218 2427 2289 (id
2458 2229 2637 2272 autem
2675 2218 2815 2273 facio
2865 2222 3087 2290 quoties.
3124 2237 3317 2277 secun-

1757 2308 1944 2360 darum
1980 2323 2160 2361 rerum
2207 2308 2549 2361 insolentiam
2587 2324 2844 2364 coercere
2897 2310 3205 2377 ltujnsmodi
3242 2314 3319 2367 le-

1757 2402 1936 2454 ctione
1963 2399 2197 2469 studeo),
2232 2415 2418 2454 vocem
2445 2402 2574 2454 mihi
2601 2402 2883 2456 intercludi
2915 2405 3111 2471 sentio,
3144 2406 3321 2477 lacry~

1759 2494 1969 2558 misque
1999 2491 2217 2555 obruor,
2238 2506 2463 2560 eamque
2493 2493 2853 2548 calamitatem
2881 2494 3024 2549 velut
3049 2497 3119 2550 ob
3139 2500 3323 2552 oculos

1759 2584 1987 2651 positam
2019 2583 2205 2638 videre
2228 2584 2435 2647 videor,
2474 2598 2535 2638 ac
2570 2584 2819 2639 Jeremize
2855 2587 3223 2643 collameutor.
3254 2590 3325 2642 At

1759 2688 1890 2727 vero
1940 2684 2267 2740 postremam
2318 2689 2507 2728 eorum
2542 2675 2773 2745 plagam,
2806 2686 2912 2731 ete
2943 2679 3159 2733 sedibus
3210 2681 3326 2733 suis

1764 2766 2157 2834 migrationem,
2219 2781 2283 2820 ac
2344 2768 2624 2823 servitutis
2672 2770 2861 2838 jugum
2913 2785 3099 2824 eorum
3162 2773 3324 2840 capiti

1764 2873 1905 2912 nunc
1954 2858 2308 2925 incumbens,
2340 2860 2715 2930 celebremque
2754 2860 2900 2914 illam
2937 2864 3035 2916 sub
3069 2862 3328 2917 Romanis

1765 2949 2187 3017 depressionem,
2226 2967 2385 3019 quam
2416 2954 2557 3006 nulla
2595 2969 2682 3008 res
2708 2969 2860 3023 atque
2906 2970 2970 3009 ac
3011 2957 3204 3010 seditio
3236 2971 3331 3025 pe-

1764 3041 1926 3110 perit,
1960 3043 2145 3109 ecquis
2174 3046 2489 3114 eorum,qui
2520 3045 2935 3102 lamentationes
2959 3049 3326 3111 conscribere,

127 3136 151 3202 ή
174 3134 376 3203 λατρεία
399 3129 754 3199 πεπαυμένη,
789 3130 882 3181 καὶ
903 3126 1071 3197 αὐτῆς
1096 3126 1195 3224 τῆς
1234 3123 1587 3194 Ἰερουσαλὴμ
1605 3122 1667 3175 τὸ

1785 3142 1928 3203 Itque
1986 3136 2233 3190 oratione
2303 3138 2665 3191 calamitatem
2740 3140 3023 3208 adaequare
3087 3152 3326 3205 norunt,

128 3225 285 3295 ἰδαφος
332 3223 487 3294 μόγις
521 3222 597 3293 (7)
632 3220 1052 3290 γινωσκόμενον,
1092 3212 1160 3287 ἧς
1187 3215 1433 3269 τοσοῦτον
1478 3216 1668 3269 ἐπιδα-

125 3316 196 3369 τδν
219 3318 393 3379 αὐτοῖς
422 3318 544 3367 ἐστι
585 3314 764 3383 μόνον,
796 3311 890 3364 καὶ
921 3308 1172 3363 τοσοῦτον
1200 3306 1532 3361 ἀπολαύουσι
1570 3308 1668 3374 τῆς

129 3427 233 3463 ποτε
253 3411 426 3464 αὐτῶν
445 3409 629 3478 δόξης,
659 3409 781 3461 ὅσον
800 3407 858 3459 ἐν
880 3405 1060 3477 ἡμέρα
1083 3404 1337 3473 φανέντες
1364 3403 1439 3474 (8)
1469 3402 1670 3474 θρηνῆο

128 3520 199 3556 σαι
228 3506 319 3575 τὴν
348 3508 449 3576 ὲρη
460 3504 614 3574 μίαν.

1773 3226 1903 3280 satis
1943 3227 2101 3296 digne
2124 3228 2468 3295 deplorabit?
2500 3230 2725 3293 Quinam
2756 3231 2876 3285 libri
2920 3248 3037 3286 eam
3065 3234 3280 3302 capient
3306 3232 3333 3285 ?

1776 3315 1890 3370 Una
1925 3321 2107 3385 utique
2140 3319 2243 3373 illis
2273 3320 2597 3375 calamitatis
2623 3321 2869 3376 columna
2898 3333 3039 3378 totus
3064 3334 3329 3378 terrarum

1774 3407 1920 3460 orbis
1952 3418 2054 3472 est,
2088 3425 2182 3477 per
2215 3425 2374 3478 quem
2395 3412 2545 3466 varie
2570 3412 2671 3466 fusi
2707 3418 2989 3482 sparsique
3014 3426 3161 3483 sunt,
3188 3416 3328 3470 divi-

1776 3513 1982 3568 nosque
2028 3500 2205 3554 cultus
2230 3517 2573 3568 compressus
2602 3512 2657 3558 et
2688 3506 3007 3573 exstinctus,
3050 3508 3337 3578 ipsumque

129 3603 236 3652 adeo
264 3595 775 3665 Hierosolymitante
803 3590 952 3645 urbis
994 3588 1167 3643 solum
1192 3627 1207 3651 ,
1241 3588 1386 3656 quod
1427 3588 1513 3642 vix
1550 3588 1661 3658 jam
1703 3594 2047 3659 agnoscitur,
2084 3604 2245 3664 atque
2276 3595 2535 3652 hactenus
2600 3598 2858 3653 duntaxat
2894 3601 2995 3655 illis
3046 3611 3212 3672 patet,
3251 3604 3337 3658 id-

125 3708 209 3758 que
227 3693 489 3746 duntaxat
519 3692 729 3745 fructus
761 3702 825 3741 ex
860 3696 1041 3740 vetere
1108 3700 1202 3739 sua
1234 3683 1404 3752 gloria
1471 3693 1525 3736 et
1587 3683 1939 3755 amplitudine
1958 3688 2174 3756 capiunt
2196 3729 2211 3754 ,
2248 3700 2306 3742 ut
2375 3705 2470 3759 per
2494 3690 2635 3746 diem
2666 3694 2943 3764 conspicui
2979 3694 3106 3753 facti
3141 3700 3335 3757 solitu-

128 3788 277 3839 dinem
307 3786 554 3855 lugeant.

181 3876 485 3933 l8'.Aetvoﬁ
532 3876 592 3929 δὲ
639 3874 790 3936 ὄντος
843 3872 1014 3933 οὕτως
1078 3868 1172 3922 τοῦ
1211 3869 1543 3933 στασιάζειν,
1580 3867 1676 3922 καὶ

123 3968 355 4022 τοσούτων
387 3967 570 4021 αἰτίου
609 3962 814 4024 κακῶν,
849 3961 921 4023 ὡς
952 3959 1022 4012 τά
1048 3975 1105 4011 τε
1128 3959 1390 4030 εἰρημένα
1414 3958 1673 4022 δείκνυσι,

123 4063 198 4114 καὶ
219 4061 301 4115 διά
329 4060 601 4114 πλειόνων
634 4052 1038 4123 ὑποδειγμάτων
1064 4054 1179 4106 ἐστὶ
1203 4051 1412 4122 μαθεῖν,
1438 4050 1517 4104 ἔτι
1553 4049 1680 4104 πολ-

124 4152 185 4222 λῷ
222 4140 523 4223 δεινότερον
574 4149 654 4213 τὸ,
710 4146 1115 4207 καταλύσαντας
1168 4143 1530 4216 μικροψυχίαν
1578 4142 1675 4213 (9),

124 4244 320 4298 καὶτῶν
362 4246 466 4315 τῆς
498 4242 725 4313 εἰρήνης
780 4238 1147 4309 γευσαμένους
1175 4235 1374 4301 καλῶν,
1406 4234 1543 4305 πρὸς
1578 4234 1679 4305 τὴν

125 4337 266 4407 αὐτὴν
291 4337 446 4390 νόσον
486 4336 653 4389 πάλιν
708 4331 1082 4401 ὑπενεχθῆναι,
1133 4329 1224 4382 καὶ
1257 4328 1391 4399 πρὸς
1433 4328 1521 4380 τον
1550 4327 1679 4381 ἴδιον

1853 3865 1997 3921 XIX.
2028 3866 2199 3921 Porro
2226 3876 2424 3935 autem,
2461 3883 2582 3924 cum
2640 3870 2877 3927 dissidiis
2928 3873 3195 3941 laborare,
3231 3888 3337 3933 tam

1782 3974 1945 4029 grave
1978 3960 2069 4023 sit,
2108 3976 2170 4014 ac
2196 3970 2276 4014 tot
2318 3962 2458 4015 mala
2489 3962 2706 4028 conﬂet,
2753 3969 3229 4033 quemadmodum,
3288 3979 3343 4025 et

1780 4066 1846 4105 ex
1877 4052 1943 4105 iis
1986 4067 2105 4121 qua:
2139 4054 2391 4119 diximus,
2424 4054 2623 4124 liquet,
2680 4064 2735 4109 et
2780 4058 3022 4127 pluribus
3081 4063 3343 4131 exemplis

1781 4143 1989 4197 discere
2016 4143 2164 4207 licet,
2204 4154 2312 4197 tum
2346 4160 2474 4199 vero
2508 4147 2674 4201 multo
2707 4150 2925 4216 gravius
2959 4160 3059 4213 est,
3086 4154 3343 4223 depositis

1783 4232 2101 4298 inimicitiis,
2134 4236 2389 4305 pacisque
2414 4237 2570 4291 bonis
2595 4239 2906 4308 dcgustatis,
2931 4241 3088 4313 192
3114 4244 3166 4298 in
3190 4262 3340 4299 eum-

1787 4326 1903 4381 dem
1938 4342 2126 4382 rursus
2153 4330 2395 4382 morbum
2427 4330 2703 4397 provolvi,
2752 4344 2912 4402 atque
2961 4338 3025 4389 ad
3071 4353 3249 4402 suum,
3284 4349 3342 4394 nt

122 4386 286 4497 ἔμετον
691 4426 753 4478 τὸ
776 4424 838 4495 δὴ
864 4386 1153 4494 λεγόμενον
1188 4386 1319 4492 (10);
1355 4386 1476 4491 μηδ’
1506 4421 1533 4474 ὃ
1553 4422 1669 4484 τοὺς

1785 4418 1886 4472 dici
1914 4420 2068 4485 solet,
2100 4421 2357 4474 vomitum
2383 4423 2578 4487 redire,
2614 4439 2676 4477 ac
2706 4439 2771 4479 ne
2798 4425 2909 4494 ipsa
2944 4428 3157 4495 quidem
3182 4446 3343 4500 expe-

124 4519 355 4589 ἁ-ιοήτους
380 4518 631 4572 παιδεύει
654 4519 717 4588 τῇ
748 4516 911 4586 πείρᾳ
932 4512 1412 4585 σωφρονισθέντας.
1439 4512 1547 4565 Καὶ
1576 4512 1684 4582 γὰρ

124 4610 215 4681 ὁρῶ
241 4611 478 4681 κούφους
515 4612 613 4665 καὶ
658 4610 917 4680 ἀνοήτους
960 4607 1021 4659 ού
1050 4605 1269 4667 τούτους
1303 4603 1683 4673 ὑπολαμϐανο-

184 4725 224 4758 ⁶⁸
262 4726 467 4782 Thren.
505 4743 582 4791 tv,
625 4727 679 4780 2.

197 4842 280 4909 97)
320 4842 436 4897 Kal
464 4841 614 4894 τῶν.
645 4839 795 4892 Deest
831 4837 951 4897 καί,
988 4838 1059 4909 ἰιι
1085 4838 1215 4909 Heg.
1245 4852 1273 4909 a
1301 4844 1358 4909 et
1389 4835 1481 4891 0r.

201 4906 281 4979 98)
318 4914 451 4981 Πῦρ
480 4912 828 4981 ἀλλότριον.
862 4909 1022 4981 Illum
1052 4907 1305 4981 intelligit
1348 4906 1547 4975 ignem,
1577 4918 1683 4974 quo

124 4976 315 5035 Nabuia
328 4976 464 5035 rdan
496 4976 893 5049 JerOsolymam
934 4976 1304 5049 inﬂammavit:

177 5051 278 5123 (99)
313 5055 379 5105 Ol
412 5052 569 5123 viol_.
600 5043 833 5123 etc.'Sic
868 5048 999 5123 lieg.
1061 5048 1127 5123 lt_u
1173 5043 1565 5123 _et_‘_Or.”Deest
1607 5044 1678 5106 οί,

123 5118 165 5169 in
187 5115 311 5176 ‘Pa'r.
350 5124 488 5174 edit.
534 5120 718 5192 Billius
748 5119 906 5192 vertit
937 5115 1185 5192 ("pretiosi
1220 5116 1291 5167 illi
1323 5115 1438 5192 lilii,
1467 5131 1484 5163 ι
1506 5126 1610 5167 etc.

178 5189 247 5256 (ll
275 5191 645 5246 Πενθοῦσαι.
679 5188 903 5242 Codices
937 5183 1197 5249 nonnulli,
1230 5183 1502 5238 πενθοῦσι.

175 5258 246 5326 (2)
284 5263 369 5313 Δ’.
408 5263 583 5323 Reug.
620 5261 728 5320 hut,
761 5260 851 5317 Ιιιι,
881 5256 971 5308 0r.
1004 5255 1082 5309 δέ.

179 5323 247 5399 (3)
280 5329 773 5384 Μετανάστασιν.
800 5327 950 5379 Culb.
974 5326 1006 5378 5
1027 5338 1073 5399 et
1106 5323 1331 5399 Mon'ac.
1360 5324 1682 5399 ἀνάστασιν.

119 5394 411 5465 Νέιιιιιιίιιν,
440 5401 707 5468 quidquid
744 5400 888 5449 dit-al
940 5398 1208 5468 variarunt
1252 5396 1535 5446 lectionum
1574 5395 1685 5447 col-

120 5468 285 5522 lectur.
325 5466 473 5522 Νιιιιι
520 5470 835 5529 ἀνάστασις.
884 5486 901 5517 ‹
931 5466 1193 5519 desulutio
1218 5485 1234 5514 ι
1275 5478 1355 5516 est
1394 5475 1446 5517 et
1479 5484 1496 5514 ι
1524 5480 1675 5517 ever-

118 5537 233 5599 sio,»
278 5552 332 5591 ιιι
364 5554 520 5592 recte,
552 5544 797 5591 observat
835 5536 1392 5604 Budaeus,nutumque
1433 5544 1532 5596 est,
1570 5536 1669 5589 nisi

115 5609 218 5674 quis
240 5612 392 5663 Valde
426 5613 482 5662 itt
516 5608 723 5661 (ἶιιυίιιδ
751 5611 817 5658 sit
848 5608 1217 5672 peregrinus}

176 5678 244 5745 (4)
276 5680 575 5747 Γράφει-κ.
602 5678 785 5730 (lozub.
825 5677 939 5733 li'gil
979 5676 1332 5747 συγγράφειν.

177 5748 248 5817 (5)
290 5745 607 5811 Ἐξὶσοῦικ
635 5748 805 5800 Oxon.
839 5745 1115 5811 ὲξισοῦντα
1146 5745 1219 5815 τῷ
1255 5746 1433 5801 πάθει.

175 5824 247 5889 (6)
276 5821 513 5892 Στήλη.
555 5836 575 5869 ι
612 5817 887 5872 Columna.
931 5834 949 5865 ι
991 5818 1465 5883 Quemadmodum,
1517 5819 1683 5887 inquit

337 5914 629 5972 Ριτιιοι.
668 5909 784 5969 (in.
828 5906 1091 5969 XXXV.

1792 4511 2024 4576 rientia,
2076 4528 2196 4580 qua:
2251 4516 2534 4567 stultorum
2589 4518 2842 4579 magistra
2896 4524 3339 4581 est.emendari.

1792 4604 1999 4658 Etenim
2031 4620 2125 4660 eos
2154 4606 2386 4661 levitatis
2419 4625 2481 4662 ac
2517 4608 2755 4662 stultitiae
2806 4612 3114 4681 opinionem
3161 4616 3339 4670 subire

758 4726 800 4757 ⁶⁹
842 4724 1039 4777 Tltren.
1075 4738 1111 4783 ι,
1151 4722 1204 4775 4.
1280 4721 1327 4753 ’⁸
1363 4719 1564 4774 Threu.
1591 4735 1660 4785 tv,
1693 4720 1776 4775 lO.

1784 4832 1947 4895 Elias,
2000 4844 2127 4895 aere,
2199 4838 2288 4883 aut
2325 4846 2388 4885 ex
2442 4830 2617 4900 lapide
2650 4834 2894 4887 excitata;
2934 4839 3217 4901 colnmom,
3253 4850 3343 4894 aut

1784 4904 2098 4975 aliquorum
2121 4916 2410 4975 aerumnas,
2439 4913 2531 4955 aut
2557 4904 2977 4970 vituperationes
3008 4918 3343 4975 praztereun-

1787 4970 1927 5047 tibus
1959 4972 2235 5035 exbibeut,
2265 4970 2511 5047 _Sic_to_tus
2548 4982 2810 5047 terrarum
2846 4970 3025 5039 orbis,
3057 4993 3153 5046 per
3187 4995 3343 5047 quem

1785 5042 2018 5118 dispersi
2079 5052 2203 5118 sunt
2256 5038 2446 5118 Judaei,
2474 5042 2660 5118 _instar
2699 5043 2979 5118 columna),
3014 5038 3345 5118 quaecunque

1786 5112 2051 5166 horrenda
2092 5111 2219 5177 ipsis
2258 5111 2570 5176 acciderint,
2603 5115 2879 5178 praedicat.

1858 5182 1935 5254 (7)
1976 5182 2175 5254 Μόγις.
2213 5180 2381 5254 chg.
2417 5197 2466 5241 a,
2511 5184 2618 5243 but,
2665 5184 2838 5254 μόλις.

1863 5251 1936 5321 (8)
1965 5252 2275 5315 Φίινένντες.
2315 5269 2333 5300 ι
2358 5251 2700 5319 Apparentvs.
2729 5273 2747 5305 ι
2790 5254 3014 5309 Romani
3061 5255 3345 5320 imperato.

1790 5321 1885 5383 ris.
1918 5322 2156 5383 Adriani,
2180 5323 2228 5372 ni
2262 5321 2435 5385 fallor,
2468 5324 2598 5387 lege,
2624 5322 2819 5376 ludatis
2851 5340 3069 5391 Campos
3098 5326 3185 5378 ubi
3221 5328 3345 5377 urbs

1788 5391 2234 5459 Jerosolytnitana
2269 5394 2457 5449 luerat,
2486 5408 2577 5460 per
2604 5408 2764 5445 unum
2792 5396 2929 5446 diem
2956 5412 3019 5446 ex
3047 5408 3195 5447 certo
3224 5410 3346 5461 spa-

1789 5463 1864 5513 tio
1897 5463 2105 5534 videndi
2143 5462 2353 5514 licentia
2406 5464 2649 5515 dabatur.
2695 5463 2884 5517 Comb.
2937 5464 3217 5534 legendum
3252 5478 3345 5532 pu-

1788 5540 1882 5591 tat,
1924 5532 2195 5599 ζανέντος.
2994 5532 3009 5534 “
3326 5565 3334 5573 -

1856 5602 1929 5669 (9)
1968 5602 2433 5668 Kata.lz}o'arwg
2454 5605 2881 5672 μικροψυχίαν.
2920 5623 2938 5655 ι
2968 5605 3215 5675 Deposita
3251 5619 3351 5674 pus

1788 5674 1904 5728 Silia
1949 5675 2168 5723 ltnitutt'.
2206 5691 2223 5723 ι

1862 5746 1968 5812 (l0)
2004 5743 2071 5796 Τὸ
2100 5743 2174 5811 δὴ
2206 5746 2548 5812 λεγόμενον.
2582 5744 2739 5796 Deest
2770 5745 2820 5797 in
2855 5744 3020 5810 chg.
3050 5762 3098 5810 ιι,
3130 5744 3222 5810 Ιιυ,
3264 5742 3355 5794 Or.

1795 5814 1913 5869 Mox
1941 5817 2034 5868 0r.
2068 5826 2119 5869 et
2146 5828 2253 5870 tres
2286 5818 2431 5871 Coll).
2468 5813 2599 5884 μηδὲ
2629 5814 2676 5878 ὅ,
2708 5832 2803 5887 pro
2841 5817 2959 5887 μηδ’
2992 5817 3037 5870 ὃ.

3022 5899 3100 5962 2νισ
