3878 6536
566 389 665 446 7“
1760 380 1820 436 S.
1852 379 2191 436 'GBEGORII
2232 381 2578 441 τιιΕοιοοι
3206 390 3209 393 ’
3662 399 3738 456 ιιι

561 508 875 577 comperio,
916 518 1022 559 non
1061 502 1152 573 qui
1183 501 1235 557 in
1269 499 1401 557 vitio
1432 499 1613 571 aliquo
1636 507 1993 569 permanent,
2035 514 2092 554 se

2232 502 2443 571 μένους,
2473 503 2521 557 οἳ
2550 504 2614 557 ἂν
2646 502 2802 573 κακῷ
2830 519 2935 556 τινι
2962 488 3376 575 παραμένωσινί
3390 506 3518 561 ἀλλα
3537 512 3641 577 τοὺς
3665 519 3736 577 ῥα.

562 572 887 670 qun-instar
914 611 1059 650 aurae
1082 572 1321 651 subinde
1355 608 1415 648 se
1463 592 1819 657 immutantis,
1848 597 1943 646 aut
1991 592 2093 645 reci

2234 594 2361 658 δίως
2418 597 2505 648 ἐπ’
2539 596 2821 666 ἀμφότερα
2870 572 3202 667 φερομένους
3242 598 3337 649 xui
3384 572 3754 673 peruﬁéoiriui,‘

564 689 903 760 procantium
934 687 1277 756 Euriporum,
1315 692 1410 740 aut
1454 683 1787 739 instabilium
1824 683 1988 736 maris
2026 682 2095 735 llu

2230 686 2479 757 καθάπερ
2499 687 2671 758 αθρας
2702 687 3170 766 μεταπιπτούσας,
3194 686 3225 757 ἦ
3258 688 3546 757 μεταϐολὰς
3570 698 3648 747 καί
3668 718 3739 753 πα.

563 793 771 844 ctuum,
808 778 955 834 facili
990 787 1266 833 momento
1295 776 1349 831 in
1377 776 1678 832 contrarias
1709 776 2007 831 sententias
2051 773 2094 830 fe

2230 780 2470 852 λιῤῥοίας
2488 782 2559 833 Εὐ
2568 781 2761 851 ρίπων,
2783 781 2815 851 ἢ
2835 780 3109 849 θαλάσσης
3122 779 3329 835 ἄστατα
3346 782 3414 834 κύ
3424 801 3572 852 ματα.
3596 788 3740 845 Σκοπῶ

565 881 758 925 runtur
790 886 855 925 ac
891 871 1266 926 revolvuntur.
1294 870 1470 941 Atque
1503 868 1633 923 illud
1672 869 1895 938 insuper
1921 883 2093 923 mecm

2230 873 2286 924 δέ
2318 874 2553 935 κάκεῖνο,
2584 874 2665 925 ὃτι
2720 875 2845 934 τοὺς
2879 872 2977 943 μὲν
3016 872 3109 925 ἐπὶ
3140 871 3237 942 τῆς
3284 872 3513 937 στάσεως
3540 876 3742 945 μένοντας

515 976 526 1009 λ
566 964 870 1028 considero,
902 963 989 1028 iis,
1018 964 1108 1033 qui
1140 964 1380 1018 dissidiis
1415 962 1817 1027 conﬂictantur,
1850 975 1998 1031 spem
2024 976 2046 1015 s

2233 964 2266 1033 ἡ
2290 962 2419 1030 γοῦν
2446 963 2599 1026 ἐλπὶς
2631 963 2727 1033 τῆς
2786 963 3037 1033 ὁμονοίας
3064 963 3225 1033 ῥᾴους
3254 967 3414 1030 ποιεῖ,
3441 967 3527 1017 καὶ
3555 968 3606 1019 τὸ
3628 970 3740 1023 πλεῖ-

566 1064 675 1110 tem
720 1056 1023 1110 concordia:
1088 1054 1339 1110 solatium
1404 1054 1634 1117 afferre,
1688 1052 2097 1121 calamitatesqu

2235 1071 2355 1107 στον
2384 1055 2564 1119 αὐτοῖς
2598 1054 2935 1123 ἐπικουφίζει
2967 1054 3065 1124 τῆς
3091 1058 3372 1125 συμφορᾶς
3392 1074 3403 1084 ·
3438 1058 3636 1129 μεγίστη
3665 1062 3748 1132 γὰρ’

566 1148 803 1217 ipsorum
830 1147 1066 1203 maxima
1098 1163 1163 1203 ex
1190 1157 1347 1217 parte
1370 1147 1569 1202 levare.
1601 1147 1736 1215 Spes
1762 1147 1905 1201 enim
1954 1156 2097 1200 muta

2234 1147 2520 1217 ἐπικουρία
2564 1150 2673 1211 τοῖς
2729 1146 2986 1217 ἀτυχοῦσι
3034 1146 3335 1216 μεταϐολῆς
3394 1149 3554 1213 ἐλπὶς,
3595 1154 3670 1204 xui
3698 1155 3742 1207 τὸ

564 1242 751 1307 tionis,
792 1256 857 1297 ac
889 1241 1078 1297 melior
1111 1257 1290 1296 rerum
1320 1250 1494 1296 status
1525 1252 1650 1296 ante
1691 1242 1879 1297 oculos
1906 1242 2095 1311 positus

2234 1242 2478 1311 κρεῖττον
2517 1241 2574 1292 ἐν
2607 1240 2899 1310 ὀφθαλμοῖς
2929 1240 3178 1311 κείμενον
3197 1256 3209 1269 °
3250 1241 3299 1293 οἱ
3334 1240 3390 1293 δὲ
3421 1242 3644 1306 πολλάκις
3671 1245 3741 1314 μὲν

566 1333 858 1388 maximam
910 1346 1067 1401 opem
1115 1331 1325 1387 afﬂictis
1382 1333 1689 1387 hominibus
1740 1332 1936 1387 afferre
1977 1331 2097 1387 solet

2234 1333 2649 1402 ὁμονοήσαντες,
2698 1334 2784 1385 ἀεὶ
2816 1333 2874 1385 δέ
2915 1333 3050 1403 πρὸς
3088 1333 3187 1403 τὴν
3215 1333 3409 1387 κακίαν
3441 1335 3738 1407 παλινδρομή-

566 1426 668 1493 Qui
698 1441 825 1481 vero
884 1440 1025 1495 saepe
1077 1426 1291 1493 quidem
1348 1426 1398 1480 in
1440 1426 1786 1480 concordiam
1836 1425 2097 1479 redierunt

2238 1441 2446 1487 σαντες,
2480 1426 2784 1496 ἀφῄρηνται
2824 1427 2959 1496 μετά
2986 1426 3092 1479 τῶν
3128 1427 3302 1480 ἄλλων
3328 1426 3419 1479 xui
3437 1427 3522 1480 τοῦ
3554 1429 3741 1498 κρείττο-

565 1532 782 1588 semper
811 1528 987 1573 autem
1030 1519 1095 1572 ad
1123 1518 1310 1572 vitium
1344 1517 1539 1587 relapsi
1568 1526 1714 1581 sunt,
1760 1516 1845 1572 bis
1875 1523 1979 1570 una
2006 1532 2094 1571 cur

2233 1535 2322 1581 νος
2364 1518 2463 1589 τὴν
2488 1518 2710 1572 ἐλπίδα·
2764 1522 2861 1589 οὐχ
2908 1516 3067 1592 ἦττον
3101 1520 3199 1588 τῆς
3234 1521 3469 1583 στάσεως
3507 1520 3738 1583 δεδοικότες

564 1611 689 1665 aliis
739 1612 920 1676 rebus,
951 1610 1143 1666 melior
1187 1624 1402 1681 quoque
1454 1624 1579 1679 spes
1628 1610 1878 1679 adempta
1906 1618 2023 1673 est;
2078 1623 2095 1660 ι

2235 1608 2322 1661 ἀεὶ
2344 1608 2443 1680 τὴν
2469 1610 2739 1679 ὁμόνοιαν,
2772 1612 2866 1664 xui
2908 1610 3029 1681 μηδ’
3061 1611 3233 1682 ἑτέρῳ
3259 1610 3584 1683 θαρροῦντες,
3607 1610 3675 1664 διὰ
3697 1612 3740 1664 τὸ

566 1703 657 1771 qui
708 1716 810 1755 non
859 1702 1037 1757 minus
1084 1718 1274 1767 pacem
1342 1703 1509 1772 ipsam
1539 1741 1553 1764 ,
1612 1715 1773 1770 quam
1832 1698 2097 1753 dissensio

1934 1698 2132 1753 sensio-
2235 1700 2295 1751 ἐν
2324 1688 2654 1770 ἀμφοτέροις
2684 1699 2965 1771 εὐκίνητον
2996 1701 3091 1753 xui
3123 1700 3465 1770 ἀστάθμητον

568 1807 724 1857 nem,
771 1806 986 1862 semper
1047 1800 1329 1856 metuant,
1375 1791 1663 1859 neutrique
1746 1802 1930 1842 earum
1980 1796 2200 1857 propter
2237 1787 2517 1846 utriusque
2585 1788 2863 1845 levitatem
2914 1799 2969 1845 ct
3017 1790 3435 1844 inconstantiam
3482 1797 3739 1859 magnopere

566 1884 750 1940 ﬁdant.
1775 1868 1783 1871 ’
2338 1894 2345 1900 ’

635 1975 756 2031 XX.
790 1977 897 2032 Nec
928 1990 1054 2031 vero
1081 1977 1193 2030 haec
1224 1988 1289 2029 eo
1322 1989 1351 2029 a
1384 1988 1468 2029 me
1506 1972 1609 2027 dici
1633 1973 1920 2042 quisquam
1952 1970 2129 2040 suspi-
2163 1975 2166 1984 ‘

2207 2010 2209 2022 ι
2304 1970 2388 2023 Κ’.
2417 1969 2527 2023 Kui
2555 1968 2742 2039 μηδεὶς
2767 1966 2958 2021 οἰέσθω
2996 1985 3060 2039 με
3098 1967 3298 2036 λέγειν,
3331 1968 3411 2021 ὅτι
3440 1968 3599 2021 πᾶσαν
3628 1968 3738 2038 είρήο

566 2043 740 2135 cetur,
771 2071 911 2139 quod
962 2083 1144 2138 pacem
1199 2081 1417 2121 omnem
1467 2064 1753 2118 amandam
1798 2071 1853 2116 et
1899 2062 2097 2131 comple

2232 2081 2329 2134 νην
2361 2063 2671 2133 ἀγαπητέον
2692 2078 2704 2090 ·
2752 2058 2869 2115 οἶδα
2906 2060 3012 2132 γὰρ
3041 2061 3231 2133 ὥσπερ
3267 2062 3450 2114 στάσιν
3480 2061 3587 2113 τινὰ
3612 2060 3739 2129 βελτί-

565 2162 819 2218 ctendam‘
846 2174 967 2215 esse
1021 2158 1352 2222 existimem;
1399 2171 1522 2209 nam
1567 2165 1625 2208 ιιι
1655 2154 1910 2224 optimam
1942 2168 2096 2223 quam

2236 2173 2385 2225 στην,
2415 2155 2557 2209 οὕτω
2585 2156 2678 2207 καὶ
2703 2153 3116 2223 βλαϐερωτάτην
3145 2154 3424 2223 ὁμόνοιαν
3452 2152 3572 2205 ἀλλὰ
3593 2153 3670 2222 τήν
3695 2169 3738 2219 γε

566 2255 689 2309 dam
720 2253 1133 2317 dissensionem,
1171 2250 1245 2304 ita
1294 2246 1811 2316 perniciosissimam
1847 2245 2097 2316 quamdal

2235 2247 2401 2317 καλὴν
2428 2249 2521 2300 xui
2562 2248 2654 2300 ἐπὶ
2689 2248 2834 2318 καλῷ
2863 2248 2953 2300 xui
2979 2246 3094 2317 Θεῷ
3133 2248 3516 2300 συνάπτουσαν.
3544 2247 3596 2298 Εἰ
3617 2245 3661 2298 δὲ
3683 2246 3739 2297 δεῖ

560 2346 911 2402 concordiam
961 2357 1080 2398 esse
1134 2349 1477 2411 perspectum
1528 2339 1731 2402 habeo;
1767 2338 1859 2392 sed
1890 2352 2009 2392 eam
2041 2338 2091 2391 dt

2237 2342 2511 2411 συντόμως
2543 2340 2807 2393 διελέσθαι
2834 2340 2960 2410 περὶ
2983 2339 3179 2402 αὐτῶν,
3217 2338 3360 2392 οὕτω
3389 2340 3613 2407 γινώσκω
3640 2338 3736 2406 (ll).

564 2453 732 2504 mum,
766 2450 885 2507 quae
915 2437 1055 2490 bona
1089 2442 1217 2497 est,
1258 2441 1312 2487 et
1348 2431 1475 2485 boni
1512 2445 1676 2485 causa
1710 2430 1899 2494 initur,
1931 2444 1995 2483 ac
2030 2430 2095 2483 De

2234 2432 2355 2485 οὐτε
2380 2432 2709 2502 νωθέστερον
2753 2427 2888 2484 εἶναι
2918 2430 3012 2484 τοῦ
3066 2430 3290 2502 μετρίου
3320 2430 3493 2495 καλὸν,
3523 2429 3625 2482 οὐτε
3651 2428 3739 2498 θερ-

562 2526 797 2596 copulat.
823 2524 1019 2592 Atque,
1058 2531 1116 2577 ut
1148 2522 1263 2576 haec
1285 2520 1435 2575 brevi
1464 2519 1836 2590 ‘distinctione
1864 2518 2091 2586 explicet

2240 2526 2484 2595 μότερον,
2524 2525 2599 2587 ὡς
2629 2525 2661 2595 ἢ
2692 2524 2757 2577 δι’
2789 2524 3036 2577 εὐκολίαν
3086 2526 3222 2576 πᾶσι
3252 2522 3615 2594 συμφέρεσθαι,
3640 2522 3665 2590 ἦ
3689 2520 3734 2571 δι’

563 2626 673 2682 tur,
714 2616 787 2671 ita
821 2614 1031 2679 sentio;
1075 2612 1219 2667 baud
1247 2612 1449 2667 bonum
1498 2622 1640 2677 esse,
1673 2618 1733 2664 ut
1765 2609 1890 2679 quis
1922 2609 2094 2677 scgnit

2235 2617 2460 2681 ἀταξίαν
2492 2617 2706 2670 πάντων
2732 2604 3090 2670 ἀποστατεῖν)
3130 2616 3331 2687 ὁμοίως
3366 2616 3468 2686 γὰρ
3500 2616 3580 2667 xui
3599 2614 3647 2665 τὸ
3666 2630 3737 2665 νω-

560 2711 656 2775 sit,
694 2717 787 2763 aut
817 2705 1074 2762 fervidior
1105 2719 1267 2774 quam
1299 2718 1400 2774 par
1426 2711 1510 2757 est
1536 2742 1552 2769 ,
1586 2702 1659 2757 ita
1690 2711 1749 2756 ut
1774 2701 1862 2757 vel
1888 2701 2091 2755 omnibt

2237 2708 2325 2772 θὲς
2358 2711 2658 2780 ἄπρακτον,
2706 2710 2801 2762 καὶ
2853 2708 2913 2761 τὸ
2946 2708 3227 2779 εὐκίνητον
3279 2707 3386 2777 (12)
3425 2704 3733 2775 ἀκοινώνητον.

556 2800 634 2854 ob
663 2798 936 2853 levitatem
960 2796 1291 2865 acquiescat,
1322 2794 1407 2849 vel
1431 2795 1499 2849 ob
1533 2793 1887 2848 temeritatem
1912 2803 1966 2848 et
1992 2793 2087 2848 inst

2249 2802 2385 2855 Ἀλλ’
2407 2798 2466 2856 οὗ
2503 2803 2599 2873 μὲν
2623 2798 2742 2875 ἃνῇ
2780 2801 3020 2872 πρόδηλα
3049 2800 3157 2869 (15)
3181 2800 3253 2853 τὰ
3281 2800 3378 2870 τῆς
3416 2798 3649 2861 ἀσεϐείας,
3670 2801 3737 2849 καὶ
3776 2864 3780 2881 Ι

565 2890 786 2945 lentiam
828 2890 895 2945 ab
936 2889 1185 2943 onmibus
1223 2902 1282 2943 se
1316 2898 1609 2942 removeat.
1646 2884 1820 2957 [Eque
1874 2886 2019 2941 enim
2081 2901 2096 2941 ι

2238 2895 2389 2965 πυρὶ,
2425 2894 2518 2946 καὶ
2552 2893 2775 2963 σιδήρῳ,
2826 2892 2921 2945 xui
2951 2893 3179 2961 καιροῖς,
3226 2890 3323 2943 καὶ
3354 2889 3626 2949 δυνάσταις,
3668 2885 3734 2937 xui

556 2981 808 3036 inefﬁcax
863 2979 1118 3050 segnities
1175 2988 1276 3044 est,
1327 2989 1382 3034 et
1428 2978 1698 3033 mobilitas
1744 2988 1903 3047 atque
1938 2979 2087 3032 incor

2236 2988 2369 3039 πᾶσι
2408 2986 2667 3057 πρότερον
2704 2984 2867 3054 ὁμόσε
2904 2982 3197 3053 χωρητέον,
3245 2981 3277 3050 ἦ
3314 2982 3409 3051 τῆς
3451 2979 3606 3049 ζύμης
3644 2975 3736 3045 μεθ-

564 3073 767 3128 stantia
806 3087 835 3126 a
866 3074 1128 3128 societate
1163 3080 1217 3127 et
1263 3072 1645 3126 communione
1704 3070 1903 3128 aliena.
1934 3070 2095 3125 Verm

2236 3075 2418 3128 εκτέον
2451 3074 2549 3142 τῆς
2583 3074 2843 3143 πονηρᾶς,
2868 3073 2961 3124 xu‘t
3014 3069 3441 3138 συγκαταθετέον
3480 3070 3576 3130 τοῖς
3599 3063 3735 3129 xm};

564 3164 655 3219 ubi
692 3172 874 3233 aperte
908 3179 966 3218 se
1009 3163 1188 3235 prodit
1222 3163 1471 3231 impietas
1495 3205 1508 3229 ,
1545 3173 1657 3218 tum
1686 3178 1838 3228 vero,
1874 3164 2029 3219 nobis
2059 3164 2095 3217 f;

2237 3168 2439 3237 ἔχουσι,
2471 3166 2565 3219 xui
2587 3165 2737 3218 οὐδὲν
2779 3163 2920 3217 οὕτω
2956 3163 3065 3217 τῶν
3098 3162 3354 3217 ἁπάντων
3387 3160 3618 3230 φοϐητέον
3639 3157 3733 3227 (Ii).

565 3254 819 3309 ciendum
857 3268 1009 3317 esse,
1049 3262 1106 3306 ut
1157 3252 1418 3308 adversus
1469 3253 1647 3322 ignem
1705 3261 1760 3307 et
1802 3252 2004 3309 ferrum
2037 3269 2096 3318 ,ι

2236 3260 2311 3322 ὡς
2344 3258 2469 3313 ἄλλο
2510 3275 2561 3309 τι
2595 3256 2702 3328 πρὸ
2732 3256 2865 3309 Θεοῦ
2895 3255 3220 3326 φοϐηθῆναι,
3263 3256 3355 3309 καὶ
3385 3254 3465 3307 διὰ
3484 3251 3618 3306 τοῦτο
3647 3265 3736 3319 προ-

566 3354 832 3415 tempora,
861 3355 917 3401 et
954 3345 1256 3416 principes,
1298 3360 1361 3399 ac
1387 3344 1617 3414 denique
1668 3360 1819 3416 prius
1872 3347 2097 3401 adversu

2234 3350 2409 3405 δοῦναι
2447 3351 2698 3421 περὶτῆς
2749 3350 2982 3412 πίστεως
3037 3348 3229 3415 λόγους
3286 3348 3392 3417 (l5)
3424 3347 3507 3399 καὶ
3545 3346 3626 3413 τῆς
3643 3342 3737 3407 ἀλη·

566 3445 761 3493 cetera
780 3437 937 3491 simul
968 3438 1147 3492 omnia
1174 3436 1431 3501 feramur,
1458 3451 1619 3507 quam
1648 3446 1707 3492 ut
1736 3436 1863 3492 mali
1888 3438 2097 3494 fermenl

2240 3443 2406 3507 Θείας,
2442 3441 2666 3512 ἀληθείᾳ
2690 3439 3034 3501 δουλεύοντας
3052 3458 3066 3471 ·
3099 3432 3159 3491 οὐ
3186 3422 3244 3491 δὲ
3268 3439 3326 3491 τὸ
3356 3435 3542 3490 λυποῦν
3568 3432 3737 3487 ὑπόνοια

563 3528 857 3598 participes
887 3527 1203 3594 efliciamur,
1221 3544 1283 3584 ac
1319 3529 1461 3584 male
1484 3527 1691 3585 allectis
1729 3531 2092 3584 assentiamur

2239 3536 2331 3588 xui
2363 3535 2525 3605 φόϐος
2555 3533 2906 3598 ἀνεξέταστος
2948 3532 3080 3601 (16),
3131 3531 3353 3602 βελτίων
3399 3530 3487 3582 τοῦ
3531 3525 3736 3597 τάχουςή

567 3636 665 3677 nec
699 3620 987 3691 quidquam
1021 3621 1243 3691 perinde
1272 3622 1617 3677 metuendum
1669 3633 1789 3687 est,
1821 3631 1879 3675 ut
1909 3636 1979 3677 ne
2003 3623 2092 3691 qui

2241 3626 2608 3698 μακροθυμία,
2640 3627 2731 3679 xui
2755 3626 2853 3696 τῆς
2880 3624 3164 3687 αὐθαδείας
3184 3626 3218 3695 ἡ
3249 3621 3616 3692 συγκατάϐασις
3639 3615 3735 3688 (l7),

567 3715 740 3780 magis
776 3727 935 3783 quam
967 3714 1133 3767 Deum
1166 3722 1468 3768 metuamus
1494 3753 1510 3779 ,
1548 3730 1611 3769 ac
1647 3724 1931 3785 propterea
1959 3753 1975 3777 ,
2005 3731 2098 3769 cun

2236 3720 2328 3772 xui
2365 3718 2543 3788 πολλῷ
2580 3720 2825 3788 κρεῖττον
2870 3716 2963 3769 xui
2992 3713 3448 3785 λυσιτελέστερον,
3486 3714 3537 3764 ἐν
3562 3707 3626 3777 τῷ
3656 3721 3738 3759 κοιο

566 3805 782 3860 veritati
814 3806 1133 3871 serviamus,
1166 3805 1289 3861 fidei
1320 3816 1373 3862 et
1400 3808 1648 3863 veritatis
1675 3808 1977 3863 doctrinam
2011 3824 2097 3878 pcr

2233 3808 2306 3870 νῷ
2339 3808 2548 3879 σώματι
2590 3807 2869 3878 μένοντας,
2920 3804 3269 3875 καταρτίζειν
3312 3803 3554 3874 ἀλλήλους
3588 3798 3648 3858 ὡς
3670 3794 3737 3847 ἀλ·

566 3896 673 3951 ﬁde
708 3896 1040 3952 deseramus.
1074 3897 1143 3953 At
1168 3914 1288 3953 cum
1329 3900 1564 3969 suspicio
1592 3900 1705 3956 sola
1751 3902 1990 3955 animum
2034 3916 2097 3955 no

2231 3900 2403 3972 λήλων
2439 3901 2594 3971 μέλη,
2640 3899 2735 3952 καὶ
2769 3897 3213 3969 καταεντίζεσθαι,
3263 3897 3295 3967 ἢ
3335 3888 3736 3972 προκαταγνόντας

566 3998 739 4043 atrum
778 3988 913 4043 male
938 3988 1134 4057 habet,
1161 4000 1444 4061 metusque
1479 4008 1583 4048 non
1620 3993 1755 4048 satis
1781 3994 2090 4063 exploratus

2232 3971 2319 4041 διά
2346 3989 2446 4059 τῆς
2474 3987 2845 4052 ἀποστάσεως,
2885 3986 2980 4041 καὶ
3008 3987 3068 4039 τὸ
3090 3987 3401 4051 ἀξιόπιστον
3439 3982 3509 4051 τῷ
3531 3971 3735 4051 χωρισμῷ

570 4085 681 4131 tum
713 4091 838 4131 vero
868 4078 1140 4135 lenitatem
1164 4082 1341 4149 potius
1375 4098 1536 4152 quam
1571 4084 1927 4150 celeritatem,
1960 4092 2015 4139 et
2046 4085 2096 4138 in

2233 4081 2517 4143 λύσαντας,
2554 4080 2741 4134 ἔπειτα
2768 4081 2826 4146 ἐξ
2852 4080 3245 4150 ἐπιτάγματος,
3273 4079 3453 4146 ὥσπερ
3482 4072 3734 4142 τυράννους.

567 4164 891 4235 dulgentiam
923 4168 1077 4239 193
1121 4171 1297 4239 potius
1326 4188 1485 4242 quam
1512 4175 1880 4244 arrogantiam
1915 4183 1971 4229 et
2001 4190 2098 4229 con

2017 4190 2128 4229 :on-
2228 4172 2341 4227 ἀλλ’
2369 4173 2469 4225 οὐκ
2490 4172 2769 4242 ἀδελφοὺς,
2798 4172 3109 4243 νομοθετεῖν
3136 4172 3235 4244 τὴν
3268 4170 3548 4241 διόρθωσιν.

566 4255 857 4311 tumaciam
886 4258 1141 4315 adbibere
1191 4264 1482 4331 convenit;
1535 4265 1807 4335 multoque
1845 4265 2034 4320 melius
2066 4274 2122 4320 et
2160 4264 2549 4321 conducibilius
2615 4274 2719 4330 est,
2780 4276 2838 4318 ut
2874 4264 2924 4318 in
2952 4265 3221 4319 communi
3258 4274 3470 4330 corpore
3495 4260 3733 4313 manentes,

566 4359 757 4408 mutuo
792 4368 890 4407 nos
917 4354 1081 4423 ipsos,
1114 4364 1367 4425 tanquam
1420 4358 1512 4413 alii
1570 4358 1797 4413 aliorum
1854 4362 2118 4425 membra,
2162 4361 2495 4426 corrigamus
2562 4370 2724 4429 atque
2768 4360 3136 4429 corrigamur,
3201 4374 3360 4428 quam
3391 4367 3442 4410 ut
3486 4348 3736 4422 prejudicio

565 4459 661 4516 per
682 4448 1040 4502 secessionem
1071 4447 1232 4514 facto,
1261 4458 1318 4505 et
1339 4452 1661 4507 auctoritate
1687 4466 1786 4522 per
1819 4454 2224 4522 separationcm
2256 4454 2475 4517 amissa,
2503 4467 2569 4507 ex
2598 4452 2777 4507 edicto
2845 4462 3052 4522 postea,
3083 4450 3228 4505 velut
3288 4448 3489 4521 tyranni
3546 4457 3600 4497 ac
3654 4453 3732 4491 non

560 4539 790 4604 fratres,
818 4541 1206 4596 correctionem
1238 4541 1582 4611 imperemus.

637 4630 779 4686 XXI.
811 4632 940 4700 Qua:
988 4648 1109 4687 cum
1138 4635 1353 4703 cognita
1395 4645 1451 4691 et
1496 4636 1773 4707 explorata
1807 4634 2123 4701 habeamus,
2162 4640 2168 4692 l

2201 4663 2202 4674 ι
2309 4636 2437 4687 KA'.
2474 4632 2655 4687 Ταῦτα
2684 4632 2900 4696 εἰδότες,
2948 4630 3185 4697 ἀδελφοὶ,
3229 4623 3582 4699 περιλάϐωμεν
3609 4617 3732 4685 ἀλλή-

564 4723 781 4789 fratres,
825 4725 1243 4795 complectamur
1272 4742 1369 4782 nos
1400 4736 1606 4790 mutuo,
1642 4737 1697 4783 et
1728 4727 2095 4783 exosculemur

2230 4725 2373 4790 λους,
2400 4721 2875 4794 περιπυξὼμεθα,
2924 4720 3208 4792 γενώμεθα
3234 4722 3459 4791 γνησίως
3496 4716 3564 4779 ἓν,
3599 4724 3730 4782 μιμη-

564 4833 729 4870 unum
756 4832 881 4873 vere
906 4805 1221 4883 efﬁciamur,
1240 4827 1293 4873 et
1320 4834 1464 4883 cum,
1495 4821 1584 4889 qui
1618 4820 1852 4885 medium
1878 4821 2095 4875 maceria

2234 4817 2451 4889 σὼμεθα
2478 4817 2569 4870 τὸν
2598 4818 2657 4869 τὸ
2687 4817 2994 4889 μεσότοιχον
3020 4814 3114 4868 τοῦ
3140 4813 3389 4885 φραγμοῦ
3410 4811 3636 4867 λύσαντα,
3661 4803 3729 4853 καὶ

570 4909 828 4978 parietem
867 4908 1029 4964 solvit
1061 4911 1130 4973 ⁷¹,
1160 4925 1221 4964 ac
1251 4924 1344 4979 per
1389 4911 1704 4977 sanguinem
1755 4926 1909 4965 suum
1938 4912 2101 4966 omni:

2228 4911 2315 4965 διὰ
2342 4910 2432 4964 τοῦ
2462 4910 2691 4982 αἵματος
2724 4908 2887 4964 αὑτοῦ
2931 4909 3106 4963 πάντα
3156 4902 3529 4976 συναγαγόντα,
3560 4898 3638 4952 καὶ
3673 4892 3729 4945 εί-

636 5062 676 5091 ⁷¹
716 5062 910 5152 pres.
943 5080 1003 5127 ιι,
1030 5064 1114 5117 Η.

629 5198 741 5269 (ll)
794 5199 956 5252 Οὕτω
994 5198 1346 5267 τινώσκω....
1380 5212 1528 5252 πασι
1558 5199 1979 5269 συμφέρεσθαι.
2008 5200 2114 5253 Bil-

2291 5197 2401 5269 (l5)
2426 5195 2700 5269 Hspirﬁc
2726 5196 2981 5269 πίστεως
3004 5193 3385 5265 λόγουςκῐὶεε.
3414 5191 3496 5250 hu,
3526 5184 3627 5248 0r.,
3644 5191 3723 5235 etc.

555 5265 677 5340 lius,
722 5265 750 5319 ⁷(
773 5271 853 5324 sic
878 5265 1086 5335 statuo;
1123 5283 1221 5323 nec
1272 5269 1572 5340 segniorem
1630 5265 1950 5340 quemquam
1995 5288 2086 5325 esst

2064 5288 2113 5324 se
2220 5265 2345 5331 τούς
2374 5265 2760 5340 περὶῄπίστε-ως
2778 5265 3007 5340 μλργουςο
3180 5334 3226 5340 --
3567 5323 3595 5340 -·

555 5338 774 5411 debere,
805 5354 962 5409 quam
1004 5334 1100 5409 par
1128 5340 1219 5401 sit,
1253 5334 1357 5393 nec
1379 5334 1780 5401 ferventiorem.
1808 5334 1886 5395 ita
1919 5350 1996 5406 ιιι,
2028 5356 2086 5395 ve

2258 5409 2265 5411 Α
2293 5340 2403 5411 (l6)
2438 5334 2624 5411 Φόϐος
2656 5334 3078 5411 άνεξέταστος.
3133 5334 3722 5411 ι-Μειιιείηιιοιχεαιιξμεξ-

553 5408 622 5460 ob
652 5397 923 5464 levitaiem
952 5397 1018 5463 ad
1050 5397 1236 5479 omnes
1274 5423 1334 5462 se
1361 5418 1631 5478 aggreget,
1669 5429 1688 5461 ι
1721 5397 1828 5464 etc.
1983 5397 1994 5406 ’
2221 5397 2477 5477 ploratus.
2511 5397 2619 5477 qui.
2643 5425 2661 5458 ι
2698 5416 2755 5460 ιιι
2784 5397 2876 5459 ait
2912 5397 3125 5479 popli—tne
3156 5404 3314 5459 Basil.
3337 5397 3536 5479 _Scbol.,
3567 5397 3718 5479 fin-rt"
3798 5462 3803 5479 Υ

628 5460 1232 5547 (ιε)ὲῦκίνὲηὶόνῖίιὶὶ
1280 5460 1899 5550 ausisausir,‘ius,
1944 5481 2111 5550 quod,

2222 5460 2742 5550 ἷιὶὶιῖίίἧὶιῖιέίέιιιοηε,
2773 5488 2855 5550 est
2889 5460 3304 5550 d_epel_lettdtt_s_:__t
3333 5472 3388 5523 ὃν
3421 5462 3620 5550 διὰ-,τῆς

492 5616 497 5621 ἢ
550 5536 899 5622 auctoritate
920 5536 1155 5622 mélioris
1187 5558 1337 5622 noue
1362 5536 1629 5614 codicuin,
1659 5536 1978 5622 deleviums:
2003 5620 2012 5622 _

2225 5549 2419 5622 μελοῦς
2452 5536 2767 5622 ’ἐξετάσεως
2814 5536 3358 5622 ἐκϐλητέονηΒίΙΙὶιιε
3396 5558 3410 5593 ι
3469 5556 3485 5589 ι
3510 5536 3721 5596 ιιιιιυιίιίω

617 5618 1047 5692 ⁸(ιξξ)11ρόὸῃλα.
1074 5619 1239 5692 Regg.
1259 5619 1436 5692 a,bm,
1452 5629 1507 5692 et
1526 5628 1632 5692 tres
1658 5617 1807 5692 Colb.
1828 5620 2111 5692 πρόδηλον.

2221 5617 2382 5692 nullis
2416 5621 2580 5674 certis
2621 5617 3213 5692 argumentisjnnixus.
3260 5634 3281 5692 ι
3339 5685 3350 5692 _
3392 5682 3403 5692 _
3585 5665 3677 5692 ,ωε

617 5673 1079 5762 Militaui/frug}:
1104 5673 1561 5762 proﬁteor-(Om,
1592 5688 1754 5762 (ξιιίιιιἔ
1789 5673 2114 5753 1,νέτάντων.

2224 5673 2903 5762 Ἥϐη-Συγκιὲτᾶὅασις.
2932 5758 2942 5762 Δ
2965 5686 3171 5752 Billius,
3226 5682 3527 5762 r-indulgens
3568 5673 3718 5725 demis-

552 5748 697 5835 ldejn
728 5748 897 5835 'Coisl.
942 5761 998 5835 ι,
1032 5748 1289 5835 ῌιιίνοέη
1310 5748 1556 5815 Combef.
1588 5748 1932 5835 εὐλαϐητέον,
1969 5780 1988 5814 ι
2019 5777 2113 5818 ca-
2224 5748 2327 5823 sio.
2357 5748 2797 5817 t'Leuvenklaius
2828 5748 2900 5814 ι’(
2932 5758 2983 5814 in
3018 5748 3354 5815 concordiam
3391 5748 3603 5807 reditio»

554 5832 809 5896 vendum,
849 5829 1240 5902 fugiendum.”
1662 5838 1686 5842 "
