  <div class='ocr_page' id='page_1' title='image "/cluster/home/n/w/nwhite01/storage/ocr_20150623/35/hvd.32044024473308/384.png"; bbox 0 0 3844 6390; ppageno 0'>
   <div class='ocr_carea' id='block_1_1' title="bbox 87 363 2543 489">
    <p class='ocr_par' dir='ltr' id='par_1_1' title="bbox 87 363 2543 489">
     <span class='ocr_line' id='line_1_1' title="bbox 87 363 2543 489; baseline 0.015 -67"><span class='ocrx_word' id='word_1_1' title='bbox 87 385 95 395; x_wconf 94' lang='grc'><strong>-</strong></span> <span class='ocrx_word' id='word_1_2' title='bbox 131 409 212 466; x_wconf 66' lang='lat'><strong>,5,</strong></span> <span class='ocrx_word' id='word_1_3' title='bbox 872 396 1131 453; x_wconf 80' lang='lat' dir='ltr'><strong>ORATIO</strong></span> <span class='ocrx_word' id='word_1_4' title='bbox 1169 396 1282 453; x_wconf 89' lang='lat' dir='ltr'><strong>vn.</strong></span> <span class='ocrx_word' id='word_1_5' title='bbox 1322 427 1391 438; x_wconf 89' lang='grc'><strong>--</strong></span> <span class='ocrx_word' id='word_1_6' title='bbox 1431 395 1499 450; x_wconf 78' lang='lat' dir='ltr'><strong>1N</strong></span> <span class='ocrx_word' id='word_1_7' title='bbox 1540 396 1824 455; x_wconf 81' lang='lat' dir='ltr'><strong>LAUDEM</strong></span> <span class='ocrx_word' id='word_1_8' title='bbox 1866 399 2164 457; x_wconf 60' lang='lat' dir='ltr'><strong>cmsanu</strong></span> <span class='ocrx_word' id='word_1_9' title='bbox 2200 363 2543 489; x_wconf 62' lang='grc' dir='ltr'>ιητιιΑτιιιείχ</span> 
     </span>
    </p>
   </div>
   <div class='ocr_carea' id='block_1_2' title="bbox 3190 374 3307 465">
    <p class='ocr_par' dir='ltr' id='par_1_2' title="bbox 3190 374 3307 465">
     <span class='ocr_line' id='line_1_2' title="bbox 3190 374 3307 465; baseline 0.017 -2"><span class='ocrx_word' id='word_1_10' title='bbox 3190 374 3307 465; x_wconf 69' lang='grc' dir='ltr'><strong>πε</strong></span> 
     </span>
    </p>
   </div>
   <div class='ocr_carea' id='block_1_3' title="bbox 129 504 1637 588">
    <p class='ocr_par' dir='ltr' id='par_1_3' title="bbox 129 504 1637 587">
     <span class='ocr_line' id='line_1_3' title="bbox 129 504 1637 587; baseline -0.005 -18"><span class='ocrx_word' id='word_1_11' title='bbox 129 512 437 587; x_wconf 72' lang='grc' dir='ltr'><strong>δακρύσαντες</strong></span> <span class='ocrx_word' id='word_1_12' title='bbox 465 504 555 559; x_wconf 70' lang='grc' dir='ltr'>καὶ</span> <span class='ocrx_word' id='word_1_13' title='bbox 603 504 979 576; x_wconf 78' lang='grc' dir='ltr'><strong>θαυμάσαντες</strong></span> <span class='ocrx_word' id='word_1_14' title='bbox 1018 508 1157 577; x_wconf 77' lang='grc' dir='ltr'>(οὐδὲ</span> <span class='ocrx_word' id='word_1_15' title='bbox 1192 510 1301 579; x_wconf 85' lang='grc' dir='ltr'>γὰρ</span> <span class='ocrx_word' id='word_1_16' title='bbox 1348 508 1504 561; x_wconf 80' lang='grc' dir='ltr'>τοῦτο</span> <span class='ocrx_word' id='word_1_17' title='bbox 1540 507 1637 575; x_wconf 75' lang='grc' dir='ltr'><strong>ἔξω</strong></span> 
     </span>
    </p>
   </div>
   <div class='ocr_carea' id='block_1_4' title="bbox 1748 504 3301 588">
    <p class='ocr_par' dir='ltr' id='par_1_4' title="bbox 1748 512 3301 588">
     <span class='ocr_line' id='line_1_4' title="bbox 1748 512 3301 588; baseline 0.009 -24"><span class='ocrx_word' id='word_1_18' title='bbox 1748 526 1893 566; x_wconf 89' lang='lat' dir='ltr'><strong>meos</strong></span> <span class='ocrx_word' id='word_1_19' title='bbox 1927 512 2082 569; x_wconf 83' lang='lat' dir='ltr'><strong>unice</strong></span> <span class='ocrx_word' id='word_1_20' title='bbox 2104 518 2325 583; x_wconf 87' lang='lat' dir='ltr'><strong>amavit,</strong></span> <span class='ocrx_word' id='word_1_21' title='bbox 2371 516 2639 583; x_wconf 88' lang='lat' dir='ltr'><strong>laudatio;</strong></span> <span class='ocrx_word' id='word_1_22' title='bbox 2672 532 2772 573; x_wconf 89' lang='lat' dir='ltr'><strong>nec</strong></span> <span class='ocrx_word' id='word_1_23' title='bbox 2798 535 2991 576; x_wconf 92' lang='lat' dir='ltr'><strong>munus</strong></span> <span class='ocrx_word' id='word_1_24' title='bbox 3019 512 3301 588; x_wconf 81' lang='lat' dir='ltr'><strong>duntaxat,</strong></span> 
     </span>
    </p>
   </div>
   <div class='ocr_carea' id='block_1_5' title="bbox 126 596 1640 679">
    <p class='ocr_par' dir='ltr' id='par_1_5' title="bbox 126 596 1640 679">
     <span class='ocr_line' id='line_1_5' title="bbox 126 596 1640 679; baseline -0.003 -22"><span class='ocrx_word' id='word_1_25' title='bbox 126 611 201 679; x_wconf 76' lang='grc' dir='ltr'>τῆς</span> <span class='ocrx_word' id='word_1_26' title='bbox 228 603 335 659; x_wconf 82' lang='grc' dir='ltr'>καθ’</span> <span class='ocrx_word' id='word_1_27' title='bbox 356 599 492 669; x_wconf 76' lang='grc' dir='ltr'>ἡμᾶς</span> <span class='ocrx_word' id='word_1_28' title='bbox 522 596 835 666; x_wconf 74' lang='grc' dir='ltr'><strong>φιλοσοφίας</strong></span> <span class='ocrx_word' id='word_1_29' title='bbox 858 613 872 627; x_wconf 82' lang='lat'>&#39;</span> <span class='ocrx_word' id='word_1_30' title='bbox 918 598 1135 668; x_wconf 78' lang='grc' dir='ltr'><strong>Μνήμη</strong></span> <span class='ocrx_word' id='word_1_31' title='bbox 1162 617 1221 652; x_wconf 88' lang='grc' dir='ltr'><strong>τε</strong></span> <span class='ocrx_word' id='word_1_32' title='bbox 1255 600 1364 671; x_wconf 80' lang='grc' dir='ltr'><strong>γὰρ</strong></span> <span class='ocrx_word' id='word_1_33' title='bbox 1397 599 1640 653; x_wconf 80' lang='grc' dir='ltr'>δικαίων</span> 
     </span>
    </p>
   </div>
   <div class='ocr_carea' id='block_1_6' title="bbox 122 688 1639 770">
    <p class='ocr_par' dir='ltr' id='par_1_6' title="bbox 122 688 1639 770">
     <span class='ocr_line' id='line_1_6' title="bbox 122 688 1639 770; baseline 0.001 -26"><span class='ocrx_word' id='word_1_34' title='bbox 122 698 219 770; x_wconf 78' lang='grc' dir='ltr'><strong>μετ’</strong></span> <span class='ocrx_word' id='word_1_35' title='bbox 238 689 542 762; x_wconf 74' lang='grc' dir='ltr'>ἐγκωμίων·</span> <span class='ocrx_word' id='word_1_36' title='bbox 573 690 687 751; x_wconf 76' lang='grc' dir='ltr'>καὶ,</span> <span class='ocrx_word' id='word_1_37' title='bbox 727 688 859 741; x_wconf 76' lang='grc' dir='ltr'><strong>Ἐπὶ</strong></span> <span class='ocrx_word' id='word_1_38' title='bbox 902 690 1111 757; x_wconf 78' lang='grc' dir='ltr'>νεκρῷ,</span> <span class='ocrx_word' id='word_1_39' title='bbox 1161 691 1315 761; x_wconf 74' lang='grc' dir='ltr'>φησὶ,</span> <span class='ocrx_word' id='word_1_40' title='bbox 1350 691 1639 762; x_wconf 80' lang='grc' dir='ltr'>κατάγαγε</span> 
     </span>
    </p>
   </div>
   <div class='ocr_carea' id='block_1_7' title="bbox 123 779 1635 855">
    <p class='ocr_par' dir='ltr' id='par_1_7' title="bbox 123 779 1635 855">
     <span class='ocr_line' id='line_1_7' title="bbox 123 779 1635 855; baseline -0.001 -16"><span class='ocrx_word' id='word_1_41' title='bbox 123 789 325 855; x_wconf 75' lang='grc' dir='ltr'>δάκρυα,</span> <span class='ocrx_word' id='word_1_42' title='bbox 357 780 446 833; x_wconf 81' lang='grc' dir='ltr'><strong>καί</strong></span> <span class='ocrx_word' id='word_1_43' title='bbox 483 779 561 844; x_wconf 84' lang='grc' dir='ltr'>ὡς</span> <span class='ocrx_word' id='word_1_44' title='bbox 600 779 766 834; x_wconf 79' lang='grc' dir='ltr'>δεινὰ</span> <span class='ocrx_word' id='word_1_45' title='bbox 806 780 1060 850; x_wconf 75' lang='grc' dir='ltr'>πάσχων</span> <span class='ocrx_word' id='word_1_46' title='bbox 1105 783 1347 851; x_wconf 81' lang='grc' dir='ltr'>ἐναρξαι</span> <span class='ocrx_word' id='word_1_47' title='bbox 1374 783 1595 853; x_wconf 77' lang='grc' dir='ltr'>θρήνου</span> <span class='ocrx_word' id='word_1_48' title='bbox 1622 800 1635 814; x_wconf 87' lang='grc'><strong>·</strong></span> 
     </span>
    </p>
   </div>
   <div class='ocr_carea' id='block_1_8' title="bbox 128 869 1638 949">
    <p class='ocr_par' dir='ltr' id='par_1_8' title="bbox 128 869 1638 949">
     <span class='ocr_line' id='line_1_8' title="bbox 128 869 1638 949; baseline -0.001 -17"><span class='ocrx_word' id='word_1_49' title='bbox 128 879 211 932; x_wconf 86' lang='grc' dir='ltr'>ίσον</span> <span class='ocrx_word' id='word_1_50' title='bbox 233 875 327 944; x_wconf 76' lang='lat'><strong>(53)</strong></span> <span class='ocrx_word' id='word_1_51' title='bbox 350 869 671 940; x_wconf 74' lang='grc' dir='ltr'>ἀναλγησίας</span> <span class='ocrx_word' id='word_1_52' title='bbox 720 873 966 943; x_wconf 79' lang='grc' dir='ltr'><strong>χωρίζων</strong></span> <span class='ocrx_word' id='word_1_53' title='bbox 1007 876 1151 945; x_wconf 80' lang='grc' dir='ltr'>ἡμᾶς</span> <span class='ocrx_word' id='word_1_54' title='bbox 1180 878 1272 929; x_wconf 76' lang='grc' dir='ltr'><strong>καὶ</strong></span> <span class='ocrx_word' id='word_1_55' title='bbox 1317 878 1638 949; x_wconf 80' lang='grc' dir='ltr'><strong>ἀμετρίας),</strong></span> 
     </span>
    </p>
   </div>
   <div class='ocr_carea' id='block_1_9' title="bbox 122 960 1640 1038">
    <p class='ocr_par' dir='ltr' id='par_1_9' title="bbox 122 960 1640 1038">
     <span class='ocr_line' id='line_1_9' title="bbox 122 960 1640 1038; baseline 0.002 -21"><span class='ocrx_word' id='word_1_56' title='bbox 122 971 167 1022; x_wconf 83' lang='grc' dir='ltr'><strong>τὸ</strong></span> <span class='ocrx_word' id='word_1_57' title='bbox 186 964 302 1031; x_wconf 77' lang='grc' dir='ltr'>μετὰ</span> <span class='ocrx_word' id='word_1_58' title='bbox 328 961 474 1014; x_wconf 82' lang='grc' dir='ltr'>τοῦτο</span> <span class='ocrx_word' id='word_1_59' title='bbox 520 960 619 1032; x_wconf 73' lang='grc' dir='ltr'><strong>ἤδη</strong></span> <span class='ocrx_word' id='word_1_60' title='bbox 659 964 756 1033; x_wconf 81' lang='grc' dir='ltr'><strong>τῆς</strong></span> <span class='ocrx_word' id='word_1_61' title='bbox 810 980 869 1015; x_wconf 87' lang='grc' dir='ltr'><strong>τε</strong></span> <span class='ocrx_word' id='word_1_62' title='bbox 905 964 1246 1036; x_wconf 83' lang='grc' dir='ltr'><strong>ἀνθρωπίνης</strong></span> <span class='ocrx_word' id='word_1_63' title='bbox 1307 968 1516 1037; x_wconf 77' lang='grc' dir='ltr'>φύσεως</span> <span class='ocrx_word' id='word_1_64' title='bbox 1542 968 1640 1038; x_wconf 83' lang='grc' dir='ltr'><strong>τὴν</strong></span> 
     </span>
    </p>
   </div>
   <div class='ocr_carea' id='block_1_10' title="bbox 122 1050 1639 1137">
    <p class='ocr_par' dir='ltr' id='par_1_10' title="bbox 122 1050 1639 1137">
     <span class='ocr_line' id='line_1_10' title="bbox 122 1050 1639 1137; baseline 0.001 -27"><span class='ocrx_word' id='word_1_65' title='bbox 122 1054 354 1113; x_wconf 78' lang='grc' dir='ltr'>ἀσθένειάν</span> <span class='ocrx_word' id='word_1_66' title='bbox 374 1050 727 1119; x_wconf 76' lang='grc' dir='ltr'>ἐπιδείξομεν,</span> <span class='ocrx_word' id='word_1_67' title='bbox 753 1053 845 1106; x_wconf 78' lang='grc' dir='ltr'><strong>καὶ</strong></span> <span class='ocrx_word' id='word_1_68' title='bbox 876 1053 968 1106; x_wconf 81' lang='grc' dir='ltr'>τοῦ</span> <span class='ocrx_word' id='word_1_69' title='bbox 1004 1056 1305 1137; x_wconf 52' lang='grc' dir='ltr'>τῆςοψυχῆς</span> <span class='ocrx_word' id='word_1_70' title='bbox 1336 1056 1639 1128; x_wconf 80' lang='grc' dir='ltr'>ἀξιώματος</span> 
     </span>
    </p>
   </div>
   <div class='ocr_carea' id='block_1_11' title="bbox 122 1144 1639 1217">
    <p class='ocr_par' dir='ltr' id='par_1_11' title="bbox 122 1144 1639 1217">
     <span class='ocr_line' id='line_1_11' title="bbox 122 1144 1639 1217; baseline -0.001 -16"><span class='ocrx_word' id='word_1_71' title='bbox 122 1147 468 1217; x_wconf 77' lang='grc' dir='ltr'>ὑπομνήσομεν,</span> <span class='ocrx_word' id='word_1_72' title='bbox 528 1144 620 1195; x_wconf 75' lang='grc' dir='ltr'><strong>καὶ</strong></span> <span class='ocrx_word' id='word_1_73' title='bbox 672 1145 769 1216; x_wconf 83' lang='grc' dir='ltr'>τὴν</span> <span class='ocrx_word' id='word_1_74' title='bbox 836 1144 1187 1217; x_wconf 79' lang='grc' dir='ltr'><strong>ὀφειλομένην</strong></span> <span class='ocrx_word' id='word_1_75' title='bbox 1241 1148 1639 1216; x_wconf 74' lang='grc' dir='ltr'>τοῖς’ἀλγοῦσι</span> 
     </span>
    </p>
   </div>
   <div class='ocr_carea' id='block_1_12' title="bbox 119 1234 1639 1310">
    <p class='ocr_par' dir='ltr' id='par_1_12' title="bbox 119 1234 1639 1310">
     <span class='ocr_line' id='line_1_12' title="bbox 119 1234 1639 1310; baseline -0.003 -17"><span class='ocrx_word' id='word_1_76' title='bbox 119 1237 412 1310; x_wconf 76' lang='grc' dir='ltr'>παράκλησιν</span> <span class='ocrx_word' id='word_1_77' title='bbox 462 1234 792 1305; x_wconf 81' lang='grc' dir='ltr'>ἐπιθήσομεν</span> <span class='ocrx_word' id='word_1_78' title='bbox 821 1235 954 1306; x_wconf 69' lang='grc'>(54),</span> <span class='ocrx_word' id='word_1_79' title='bbox 1014 1238 1108 1290; x_wconf 75' lang='grc' dir='ltr'><strong>καὶ</strong></span> <span class='ocrx_word' id='word_1_80' title='bbox 1140 1239 1512 1309; x_wconf 83' lang='grc' dir='ltr'>μεταθήσομεν</span> <span class='ocrx_word' id='word_1_81' title='bbox 1541 1238 1639 1307; x_wconf 78' lang='grc' dir='ltr'><strong>τὴν</strong></span> 
     </span>
    </p>
   </div>
   <div class='ocr_carea' id='block_1_13' title="bbox 118 1325 1641 1401">
    <p class='ocr_par' dir='ltr' id='par_1_13' title="bbox 118 1325 1641 1401">
     <span class='ocr_line' id='line_1_13' title="bbox 118 1325 1641 1401; baseline -0.003 -16"><span class='ocrx_word' id='word_1_82' title='bbox 118 1332 257 1400; x_wconf 73' lang='grc' dir='ltr'>λύπην</span> <span class='ocrx_word' id='word_1_83' title='bbox 284 1326 380 1380; x_wconf 83' lang='grc' dir='ltr'>ἀπὸ</span> <span class='ocrx_word' id='word_1_84' title='bbox 415 1325 513 1395; x_wconf 77' lang='grc' dir='ltr'>τῆς</span> <span class='ocrx_word' id='word_1_85' title='bbox 574 1328 775 1397; x_wconf 78' lang='grc' dir='ltr'>σαρκὸς</span> <span class='ocrx_word' id='word_1_86' title='bbox 808 1328 901 1381; x_wconf 70' lang='grc' dir='ltr'><strong>καὶ</strong></span> <span class='ocrx_word' id='word_1_87' title='bbox 936 1327 1046 1380; x_wconf 79' lang='grc' dir='ltr'>’τῶν</span> <span class='ocrx_word' id='word_1_88' title='bbox 1088 1329 1433 1401; x_wconf 84' lang='grc' dir='ltr'>προσκαίρων</span> <span class='ocrx_word' id='word_1_89' title='bbox 1459 1329 1549 1381; x_wconf 77' lang='grc' dir='ltr'>ἐπὶ</span> <span class='ocrx_word' id='word_1_90' title='bbox 1574 1328 1641 1381; x_wconf 73' lang='grc' dir='ltr'>τὰ</span> 
     </span>
    </p>
   </div>
   <div class='ocr_carea' id='block_1_14' title="bbox 118 1419 722 1493">
    <p class='ocr_par' dir='ltr' id='par_1_14' title="bbox 118 1419 722 1493">
     <span class='ocr_line' id='line_1_14' title="bbox 118 1419 722 1493; baseline -0.012 -14"><span class='ocrx_word' id='word_1_91' title='bbox 118 1442 221 1480; x_wconf 82' lang='grc' dir='ltr'>πνευ</span> <span class='ocrx_word' id='word_1_92' title='bbox 230 1420 413 1493; x_wconf 84' lang='grc' dir='ltr'>ματικὰ</span> <span class='ocrx_word' id='word_1_93' title='bbox 446 1419 537 1473; x_wconf 78' lang='grc' dir='ltr'>καὶ</span> <span class='ocrx_word' id='word_1_94' title='bbox 562 1420 722 1473; x_wconf 85' lang='grc' dir='ltr'>ἁῖδια.</span> 
     </span>
    </p>
   </div>
   <div class='ocr_carea' id='block_1_15' title="bbox 1739 602 3300 679">
    <p class='ocr_par' dir='ltr' id='par_1_15' title="bbox 1739 602 3300 679">
     <span class='ocr_line' id='line_1_15' title="bbox 1739 602 3300 679; baseline 0.007 -24"><span class='ocrx_word' id='word_1_95' title='bbox 1739 602 1830 655; x_wconf 90' lang='lat' dir='ltr'><strong>sed</strong></span> <span class='ocrx_word' id='word_1_96' title='bbox 1862 603 2021 656; x_wconf 83' lang='lat' dir='ltr'><strong>etiam</strong></span> <span class='ocrx_word' id='word_1_97' title='bbox 2050 603 2292 658; x_wconf 89' lang='lat' dir='ltr'><strong>debitum</strong></span> <span class='ocrx_word' id='word_1_98' title='bbox 2317 605 2559 661; x_wconf 92' lang='lat' dir='ltr'><strong>omnium</strong></span> <span class='ocrx_word' id='word_1_99' title='bbox 2588 608 2891 663; x_wconf 91' lang='lat' dir='ltr'><strong>debitorum</strong></span> <span class='ocrx_word' id='word_1_100' title='bbox 2912 609 3300 679; x_wconf 72' lang='lat' dir='ltr'><strong>iustissimum.</strong></span> 
     </span>
    </p>
   </div>
   <div class='ocr_carea' id='block_1_16' title="bbox 1737 690 3302 771">
    <p class='ocr_par' dir='ltr' id='par_1_16' title="bbox 1737 690 3302 771">
     <span class='ocr_line' id='line_1_16' title="bbox 1737 690 3302 771; baseline 0.012 -28"><span class='ocrx_word' id='word_1_101' title='bbox 1737 690 1936 745; x_wconf 75' lang='lat' dir='ltr'><strong>Verum</strong></span> <span class='ocrx_word' id='word_1_102' title='bbox 1987 707 2107 747; x_wconf 91' lang='lat' dir='ltr'><strong>cum</strong></span> <span class='ocrx_word' id='word_1_103' title='bbox 2149 694 2408 751; x_wconf 80' lang='lat' dir='ltr'><strong>hactenus</strong></span> <span class='ocrx_word' id='word_1_104' title='bbox 2448 697 2621 766; x_wconf 91' lang='lat' dir='ltr'><strong>ipsum</strong></span> <span class='ocrx_word' id='word_1_105' title='bbox 2656 700 2912 771; x_wconf 83' lang='lat' dir='ltr'><strong>lacrymis</strong></span> <span class='ocrx_word' id='word_1_106' title='bbox 2957 713 3011 757; x_wconf 88' lang='lat' dir='ltr'><strong>et</strong></span> <span class='ocrx_word' id='word_1_107' title='bbox 3054 702 3302 761; x_wconf 87' lang='lat' dir='ltr'><strong>laud-ibus</strong></span> 
     </span>
    </p>
   </div>
   <div class='ocr_carea' id='block_1_17' title="bbox 1736 784 3300 862">
    <p class='ocr_par' dir='ltr' id='par_1_17' title="bbox 1736 784 3300 862">
     <span class='ocr_line' id='line_1_17' title="bbox 1736 784 3300 862; baseline 0.009 -28"><span class='ocrx_word' id='word_1_108' title='bbox 1736 784 2001 851; x_wconf 74' lang='lat' dir='ltr'><strong>prosecuti</strong></span> <span class='ocrx_word' id='word_1_109' title='bbox 2026 784 2308 851; x_wconf 84' lang='lat' dir='ltr'><strong>fuerimus,</strong></span> <span class='ocrx_word' id='word_1_110' title='bbox 2334 796 2391 840; x_wconf 93' lang='lat' dir='ltr'><strong>ut</strong></span> <span class='ocrx_word' id='word_1_111' title='bbox 2424 803 2491 843; x_wconf 89' lang='lat' dir='ltr'><strong>ne</strong></span> <span class='ocrx_word' id='word_1_112' title='bbox 2525 789 2694 858; x_wconf 80' lang='lat' dir='ltr'><strong>legem</strong></span> <span class='ocrx_word' id='word_1_113' title='bbox 2723 791 2885 862; x_wconf 82' lang='lat'><strong>199</strong></span> <span class='ocrx_word' id='word_1_114' title='bbox 2922 806 3065 858; x_wconf 89' lang='lat' dir='ltr'><strong>eam,</strong></span> <span class='ocrx_word' id='word_1_115' title='bbox 3096 808 3215 862; x_wconf 70' lang='lat' dir='ltr'><strong>qure</strong></span> <span class='ocrx_word' id='word_1_116' title='bbox 3246 794 3300 848; x_wconf 93' lang='lat' dir='ltr'><strong>in</strong></span> 
     </span>
    </p>
   </div>
   <div class='ocr_carea' id='block_1_18' title="bbox 1738 874 3304 955">
    <p class='ocr_par' dir='ltr' id='par_1_18' title="bbox 1738 874 3304 955">
     <span class='ocr_line' id='line_1_18' title="bbox 1738 874 3304 955; baseline 0.008 -28"><span class='ocrx_word' id='word_1_117' title='bbox 1738 874 2044 944; x_wconf 85' lang='lat' dir='ltr'><strong>hujusmodi</strong></span> <span class='ocrx_word' id='word_1_118' title='bbox 2078 878 2238 933; x_wconf 84' lang='lat' dir='ltr'><strong>rebus</strong></span> <span class='ocrx_word' id='word_1_119' title='bbox 2274 878 2441 951; x_wconf 87' lang='lat' dir='ltr'><strong>viget,</strong></span> <span class='ocrx_word' id='word_1_120' title='bbox 2504 882 2812 953; x_wconf 79' lang='lat' dir='ltr'><strong>neglexisse</strong></span> <span class='ocrx_word' id='word_1_121' title='bbox 2858 883 3138 940; x_wconf 84' lang='lat' dir='ltr'><strong>videamur</strong></span> <span class='ocrx_word' id='word_1_122' title='bbox 3180 887 3304 955; x_wconf 83' lang='lat' dir='ltr'><strong>(ne-</strong></span> 
     </span>
    </p>
   </div>
   <div class='ocr_carea' id='block_1_19' title="bbox 1736 967 3300 1046">
    <p class='ocr_par' dir='ltr' id='par_1_19' title="bbox 1736 967 3300 1046">
     <span class='ocr_line' id='line_1_19' title="bbox 1736 967 3300 1046; baseline 0.007 -28"><span class='ocrx_word' id='word_1_123' title='bbox 1736 980 1840 1033; x_wconf 91' lang='lat' dir='ltr'><strong>que</strong></span> <span class='ocrx_word' id='word_1_124' title='bbox 1880 967 2024 1022; x_wconf 92' lang='lat' dir='ltr'><strong>enim</strong></span> <span class='ocrx_word' id='word_1_125' title='bbox 2059 969 2163 1025; x_wconf 92' lang='lat' dir='ltr'><strong>hoc</strong></span> <span class='ocrx_word' id='word_1_126' title='bbox 2205 987 2234 1024; x_wconf 93' lang='lat' dir='ltr'><strong>a</strong></span> <span class='ocrx_word' id='word_1_127' title='bbox 2284 982 2467 1027; x_wconf 93' lang='lat' dir='ltr'><strong>nostra</strong></span> <span class='ocrx_word' id='word_1_128' title='bbox 2504 975 2841 1046; x_wconf 82' lang='lat' dir='ltr'><strong>philosophia</strong></span> <span class='ocrx_word' id='word_1_129' title='bbox 2897 987 2980 1032; x_wconf 92' lang='lat' dir='ltr'><strong>est</strong></span> <span class='ocrx_word' id='word_1_130' title='bbox 3020 977 3300 1033; x_wconf 88' lang='lat' dir='ltr'><strong>alienum:</strong></span> 
     </span>
    </p>
   </div>
   <div class='ocr_carea' id='block_1_20' title="bbox 1737 1055 3301 1135">
    <p class='ocr_par' dir='ltr' id='par_1_20' title="bbox 1737 1055 3301 1135">
     <span class='ocr_line' id='line_1_20' title="bbox 1737 1055 3301 1135; baseline 0.008 -26"><span class='ocrx_word' id='word_1_131' title='bbox 1737 1055 1991 1113; x_wconf 79' lang='lat' dir='ltr'><strong>Memoria</strong></span> <span class='ocrx_word' id='word_1_132' title='bbox 2022 1062 2219 1131; x_wconf 88' lang='lat' dir='ltr'><strong>quippe</strong></span> <span class='ocrx_word' id='word_1_133' title='bbox 2254 1062 2543 1132; x_wconf 74' lang='lat' dir='ltr'><strong>justorum,</strong></span> <span class='ocrx_word' id='word_1_134' title='bbox 2576 1067 2747 1135; x_wconf 88' lang='lat' dir='ltr'><strong>inquit</strong></span> <span class='ocrx_word' id='word_1_135' title='bbox 2800 1067 2907 1131; x_wconf 90' lang='lat' dir='ltr'><strong>ille,</strong></span> <span class='ocrx_word' id='word_1_136' title='bbox 2947 1085 3066 1121; x_wconf 84' lang='lat' dir='ltr'><strong>cum</strong></span> <span class='ocrx_word' id='word_1_137' title='bbox 3122 1070 3301 1122; x_wconf 81' lang='lat' dir='ltr'><strong>laudi-</strong></span> 
     </span>
    </p>
   </div>
   <div class='ocr_carea' id='block_1_21' title="bbox 1737 1146 3301 1226">
    <p class='ocr_par' dir='ltr' id='par_1_21' title="bbox 1737 1146 3301 1226">
     <span class='ocr_line' id='line_1_21' title="bbox 1737 1146 3301 1226; baseline 0.008 -27"><span class='ocrx_word' id='word_1_138' title='bbox 1737 1146 1936 1217; x_wconf 79' lang='lat' dir='ltr'><strong>bus&quot;;</strong></span> <span class='ocrx_word' id='word_1_139' title='bbox 1970 1160 2045 1216; x_wconf 89' lang='lat' dir='ltr'><strong>et,</strong></span> <span class='ocrx_word' id='word_1_140' title='bbox 2079 1152 2250 1220; x_wconf 84' lang='lat' dir='ltr'><strong>Super</strong></span> <span class='ocrx_word' id='word_1_141' title='bbox 2271 1164 2532 1209; x_wconf 85' lang='lat' dir='ltr'><strong>mortuum</strong></span> <span class='ocrx_word' id='word_1_142' title='bbox 2565 1156 2737 1224; x_wconf 85' lang='lat' dir='ltr'><strong>plora,</strong></span> <span class='ocrx_word' id='word_1_143' title='bbox 2763 1168 2810 1211; x_wconf 84' lang='lat' dir='ltr'><strong>et</strong></span> <span class='ocrx_word' id='word_1_144' title='bbox 2845 1160 2996 1226; x_wconf 82' lang='lat' dir='ltr'><strong>quasi</strong></span> <span class='ocrx_word' id='word_1_145' title='bbox 3029 1160 3145 1211; x_wconf 82' lang='lat' dir='ltr'><strong>dira</strong></span> <span class='ocrx_word' id='word_1_146' title='bbox 3173 1176 3301 1225; x_wconf 75' lang='lat' dir='ltr'><strong>pax-</strong></span> 
     </span>
    </p>
   </div>
   <div class='ocr_carea' id='block_1_22' title="bbox 1733 1228 3303 1315">
    <p class='ocr_par' dir='ltr' id='par_1_22' title="bbox 1733 1228 3303 1315">
     <span class='ocr_line' id='line_1_22' title="bbox 1733 1228 3303 1315; baseline 0.008 -24"><span class='ocrx_word' id='word_1_147' title='bbox 1733 1255 1825 1292; x_wconf 76' lang='lat' dir='ltr'><strong>sus</strong></span> <span class='ocrx_word' id='word_1_148' title='bbox 1852 1240 2021 1310; x_wconf 76' lang='lat' dir='ltr'><strong>incipe</strong></span> <span class='ocrx_word' id='word_1_149' title='bbox 2054 1241 2263 1310; x_wconf 86' lang='lat' dir='ltr'><strong>plorare</strong></span> <span class='ocrx_word' id='word_1_150' title='bbox 2286 1243 2332 1275; x_wconf 84' lang='grc'>⁸³</span> <span class='ocrx_word' id='word_1_151' title='bbox 2355 1260 2369 1308; x_wconf 92' lang='grc'><strong>;</strong></span> <span class='ocrx_word' id='word_1_152' title='bbox 2394 1260 2546 1315; x_wconf 69' lang='lat' dir='ltr'><strong>teque</strong></span> <span class='ocrx_word' id='word_1_153' title='bbox 2580 1246 2787 1302; x_wconf 75' lang='lat' dir='ltr'><strong>scilicet</strong></span> <span class='ocrx_word' id='word_1_154' title='bbox 2823 1262 2921 1302; x_wconf 90' lang='lat' dir='ltr'><strong>nos</strong></span> <span class='ocrx_word' id='word_1_155' title='bbox 2950 1258 3004 1303; x_wconf 88' lang='lat' dir='ltr'><strong>et</strong></span> <span class='ocrx_word' id='word_1_156' title='bbox 3040 1250 3106 1302; x_wconf 88' lang='lat' dir='ltr'><strong>ab</strong></span> <span class='ocrx_word' id='word_1_157' title='bbox 3150 1228 3303 1304; x_wconf 82' lang='lat' dir='ltr'><strong>indo-</strong></span> 
     </span>
    </p>
   </div>
   <div class='ocr_carea' id='block_1_23' title="bbox 1738 1330 3302 1414">
    <p class='ocr_par' dir='ltr' id='par_1_23' title="bbox 1738 1330 3302 1414">
     <span class='ocr_line' id='line_1_23' title="bbox 1738 1330 3302 1414; baseline 0.011 -34"><span class='ocrx_word' id='word_1_158' title='bbox 1738 1330 1922 1393; x_wconf 89' lang='lat' dir='ltr'><strong>lentia,</strong></span> <span class='ocrx_word' id='word_1_159' title='bbox 1967 1341 2021 1385; x_wconf 91' lang='lat' dir='ltr'><strong>et</strong></span> <span class='ocrx_word' id='word_1_160' title='bbox 2061 1334 2129 1387; x_wconf 91' lang='lat' dir='ltr'><strong>ab</strong></span> <span class='ocrx_word' id='word_1_161' title='bbox 2178 1333 2466 1391; x_wconf 89' lang='lat' dir='ltr'><strong>immodico</strong></span> <span class='ocrx_word' id='word_1_162' title='bbox 2510 1337 2656 1392; x_wconf 91' lang='lat' dir='ltr'><strong>luctu</strong></span> <span class='ocrx_word' id='word_1_163' title='bbox 2708 1338 3040 1414; x_wconf 86' lang='lat' dir='ltr'><strong>disjungens)</strong></span> <span class='ocrx_word' id='word_1_164' title='bbox 3070 1385 3083 1408; x_wconf 93' lang='lat'><strong>,</strong></span> <span class='ocrx_word' id='word_1_165' title='bbox 3116 1352 3302 1413; x_wconf 89' lang='lat' dir='ltr'><strong>postea</strong></span> 
     </span>
    </p>
   </div>
   <div class='ocr_carea' id='block_1_24' title="bbox 1734 1422 3296 1498">
    <p class='ocr_par' dir='ltr' id='par_1_24' title="bbox 1734 1422 3296 1498">
     <span class='ocr_line' id='line_1_24' title="bbox 1734 1422 3296 1498; baseline 0.009 -23"><span class='ocrx_word' id='word_1_166' title='bbox 1734 1429 1791 1475; x_wconf 90' lang='lat' dir='ltr'><strong>et</strong></span> <span class='ocrx_word' id='word_1_167' title='bbox 1834 1422 2081 1477; x_wconf 83' lang='lat' dir='ltr'><strong>humanae</strong></span> <span class='ocrx_word' id='word_1_168' title='bbox 2123 1434 2330 1483; x_wconf 73' lang='lat' dir='ltr'><strong>naturae</strong></span> <span class='ocrx_word' id='word_1_169' title='bbox 2375 1427 2801 1483; x_wconf 77' lang='lat' dir='ltr'><strong>imbecillitatem</strong></span> <span class='ocrx_word' id='word_1_170' title='bbox 2838 1433 3209 1498; x_wconf 80' lang='lat' dir='ltr'><strong>ostendemus,</strong></span> <span class='ocrx_word' id='word_1_171' title='bbox 3240 1445 3296 1489; x_wconf 89' lang='lat' dir='ltr'><strong>et</strong></span> 
     </span>
    </p>
   </div>
   <div class='ocr_carea' id='block_1_25' title="bbox 118 1511 3293 1590">
    <p class='ocr_par' dir='ltr' id='par_1_25' title="bbox 118 1511 3293 1590">
     <span class='ocr_line' id='line_1_25' title="bbox 118 1511 3293 1590; baseline 0.005 -25"><span class='ocrx_word' id='word_1_172' title='bbox 118 1522 270 1573; x_wconf 62' lang='lat' dir='ltr'><strong>anima:</strong></span> <span class='ocrx_word' id='word_1_173' title='bbox 307 1514 609 1581; x_wconf 73' lang='lat' dir='ltr'><strong>dignitatem</strong></span> <span class='ocrx_word' id='word_1_174' title='bbox 681 1514 835 1568; x_wconf 81' lang='lat' dir='ltr'><strong>vobis</strong></span> <span class='ocrx_word' id='word_1_175' title='bbox 908 1514 961 1568; x_wconf 94' lang='lat' dir='ltr'><strong>in</strong></span> <span class='ocrx_word' id='word_1_176' title='bbox 1014 1522 1250 1569; x_wconf 81' lang='lat' dir='ltr'><strong>mentem</strong></span> <span class='ocrx_word' id='word_1_177' title='bbox 1292 1511 1689 1573; x_wconf 82' lang='lat' dir='ltr'><strong>revocabimus,</strong></span> <span class='ocrx_word' id='word_1_178' title='bbox 1730 1520 1784 1564; x_wconf 90' lang='lat' dir='ltr'><strong>et</strong></span> <span class='ocrx_word' id='word_1_179' title='bbox 1820 1512 2055 1569; x_wconf 85' lang='lat' dir='ltr'><strong>debitam</strong></span> <span class='ocrx_word' id='word_1_180' title='bbox 2103 1516 2191 1583; x_wconf 92' lang='lat' dir='ltr'><strong>iis,</strong></span> <span class='ocrx_word' id='word_1_181' title='bbox 2229 1518 2319 1586; x_wconf 92' lang='lat' dir='ltr'><strong>qui</strong></span> <span class='ocrx_word' id='word_1_182' title='bbox 2375 1518 2429 1573; x_wconf 91' lang='lat' dir='ltr'><strong>in</strong></span> <span class='ocrx_word' id='word_1_183' title='bbox 2477 1519 2663 1575; x_wconf 85' lang='lat' dir='ltr'><strong>dolore</strong></span> <span class='ocrx_word' id='word_1_184' title='bbox 2702 1532 3011 1590; x_wconf 83' lang='lat' dir='ltr'><strong>versantur,</strong></span> <span class='ocrx_word' id='word_1_185' title='bbox 3045 1525 3293 1580; x_wconf 85' lang='lat' dir='ltr'><strong>consola-</strong></span> 
     </span>
    </p>
   </div>
   <div class='ocr_carea' id='block_1_26' title="bbox 117 1604 3047 1679">
    <p class='ocr_par' dir='ltr' id='par_1_26' title="bbox 117 1604 3047 1679">
     <span class='ocr_line' id='line_1_26' title="bbox 117 1604 3047 1679; baseline 0.002 -13"><span class='ocrx_word' id='word_1_186' title='bbox 117 1615 276 1666; x_wconf 83' lang='lat' dir='ltr'><strong>tionem</strong></span> <span class='ocrx_word' id='word_1_187' title='bbox 306 1610 654 1675; x_wconf 85' lang='lat' dir='ltr'><strong>imponemus,</strong></span> <span class='ocrx_word' id='word_1_188' title='bbox 684 1618 740 1661; x_wconf 86' lang='lat' dir='ltr'><strong>et</strong></span> <span class='ocrx_word' id='word_1_189' title='bbox 780 1623 1071 1663; x_wconf 75' lang='lat' dir='ltr'><strong>maerorem</strong></span> <span class='ocrx_word' id='word_1_190' title='bbox 1107 1624 1134 1661; x_wconf 89' lang='lat' dir='ltr'><strong>a</strong></span> <span class='ocrx_word' id='word_1_191' title='bbox 1170 1624 1331 1662; x_wconf 89' lang='lat' dir='ltr'><strong>carne</strong></span> <span class='ocrx_word' id='word_1_192' title='bbox 1369 1623 1432 1661; x_wconf 78' lang='lat' dir='ltr'><strong>an</strong></span> <span class='ocrx_word' id='word_1_193' title='bbox 1464 1606 1625 1660; x_wconf 82' lang='lat' dir='ltr'><strong>rebus</strong></span> <span class='ocrx_word' id='word_1_194' title='bbox 1664 1604 1884 1662; x_wconf 78' lang='lat' dir='ltr'><strong>caducis</strong></span> <span class='ocrx_word' id='word_1_195' title='bbox 1910 1610 1975 1662; x_wconf 91' lang='lat' dir='ltr'><strong>ad</strong></span> <span class='ocrx_word' id='word_1_196' title='bbox 2005 1611 2307 1679; x_wconf 88' lang='lat' dir='ltr'><strong>spiritualia</strong></span> <span class='ocrx_word' id='word_1_197' title='bbox 2332 1623 2387 1667; x_wconf 88' lang='lat' dir='ltr'><strong>et</strong></span> <span class='ocrx_word' id='word_1_198' title='bbox 2408 1624 2608 1668; x_wconf 59' lang='lat' dir='ltr'><strong>aeterna</strong></span> <span class='ocrx_word' id='word_1_199' title='bbox 2639 1616 3047 1672; x_wconf 79' lang='lat' dir='ltr'><strong>transferemus.</strong></span> 
     </span>
    </p>
   </div>
   <div class='ocr_carea' id='block_1_27' title="bbox 169 1700 1637 1779">
    <p class='ocr_par' dir='ltr' id='par_1_27' title="bbox 169 1700 1637 1773">
     <span class='ocr_line' id='line_1_27' title="bbox 169 1700 1637 1773; baseline -0.003 -17"><span class='ocrx_word' id='word_1_200' title='bbox 169 1705 229 1756; x_wconf 90' lang='lat' dir='ltr'><strong>B&#39;.</strong></span> <span class='ocrx_word' id='word_1_201' title='bbox 252 1700 519 1770; x_wconf 81' lang='grc' dir='ltr'>Καισαρίῳ</span> <span class='ocrx_word' id='word_1_202' title='bbox 578 1701 808 1772; x_wconf 86' lang='grc' dir='ltr'>πατέρες</span> <span class='ocrx_word' id='word_1_203' title='bbox 857 1703 975 1773; x_wconf 79' lang='grc' dir='ltr'>μὲν,</span> <span class='ocrx_word' id='word_1_204' title='bbox 1011 1703 1075 1756; x_wconf 80' lang='grc' dir='ltr'>ἵν’</span> <span class='ocrx_word' id='word_1_205' title='bbox 1110 1702 1354 1756; x_wconf 74' lang='grc' dir='ltr'>ἐντεῦθεν</span> <span class='ocrx_word' id='word_1_206' title='bbox 1388 1702 1637 1773; x_wconf 77' lang='grc' dir='ltr'><strong>ἄρξωμαι</strong></span> 
     </span>
    </p>
   </div>
   <div class='ocr_carea' id='block_1_28' title="bbox 1748 1700 3305 1779">
    <p class='ocr_par' dir='ltr' id='par_1_28' title="bbox 1812 1701 3305 1779">
     <span class='ocr_line' id='line_1_28' title="bbox 1812 1701 3305 1779; baseline 0.009 -25"><span class='ocrx_word' id='word_1_207' title='bbox 1812 1701 1875 1758; x_wconf 92' lang='lat' dir='ltr'><strong>ll.</strong></span> <span class='ocrx_word' id='word_1_208' title='bbox 1908 1704 2176 1761; x_wconf 68' lang='lat' dir='ltr'><strong>Caasarius</strong></span> <span class='ocrx_word' id='word_1_209' title='bbox 2211 1708 2394 1778; x_wconf 83' lang='lat' dir='ltr'><strong>igitur,</strong></span> <span class='ocrx_word' id='word_1_210' title='bbox 2432 1717 2493 1763; x_wconf 92' lang='lat' dir='ltr'><strong>ut</strong></span> <span class='ocrx_word' id='word_1_211' title='bbox 2547 1710 2676 1764; x_wconf 91' lang='lat' dir='ltr'><strong>hinc</strong></span> <span class='ocrx_word' id='word_1_212' title='bbox 2728 1711 2985 1779; x_wconf 89' lang='lat' dir='ltr'><strong>incipiam</strong></span> <span class='ocrx_word' id='word_1_213' title='bbox 3030 1714 3183 1769; x_wconf 88' lang='lat' dir='ltr'><strong>unde</strong></span> <span class='ocrx_word' id='word_1_214' title='bbox 3216 1730 3305 1768; x_wconf 90' lang='lat' dir='ltr'><strong>me</strong></span> 
     </span>
    </p>
   </div>
   <div class='ocr_carea' id='block_1_29' title="bbox 113 1792 1637 1863">
    <p class='ocr_par' dir='ltr' id='par_1_29' title="bbox 113 1792 1637 1863">
     <span class='ocr_line' id='line_1_29' title="bbox 113 1792 1637 1863; baseline -0.001 -15"><span class='ocrx_word' id='word_1_215' title='bbox 113 1796 205 1849; x_wconf 81' lang='grc' dir='ltr'>ὅθεν</span> <span class='ocrx_word' id='word_1_216' title='bbox 227 1796 346 1863; x_wconf 73' lang='grc' dir='ltr'>ἡμῖν</span> <span class='ocrx_word' id='word_1_217' title='bbox 373 1792 819 1862; x_wconf 81' lang='grc' dir='ltr'>πρεπωδέστατον</span> <span class='ocrx_word' id='word_1_218' title='bbox 841 1793 973 1861; x_wconf 89' lang='grc'>(55),</span> <span class='ocrx_word' id='word_1_219' title='bbox 1017 1793 1109 1858; x_wconf 82' lang='grc' dir='ltr'><strong>οὒς</strong></span> <span class='ocrx_word' id='word_1_220' title='bbox 1138 1794 1336 1859; x_wconf 85' lang='grc' dir='ltr'>πάντες</span> <span class='ocrx_word' id='word_1_221' title='bbox 1376 1794 1637 1863; x_wconf 85' lang='grc' dir='ltr'>γινώσκε-</span> 
     </span>
    </p>
   </div>
   <div class='ocr_carea' id='block_1_30' title="bbox 115 1876 1638 1958">
    <p class='ocr_par' dir='ltr' id='par_1_30' title="bbox 115 1876 1638 1958">
     <span class='ocr_line' id='line_1_30' title="bbox 115 1876 1638 1958; baseline -0.001 -18"><span class='ocrx_word' id='word_1_222' title='bbox 115 1905 173 1949; x_wconf 80' lang='grc' dir='ltr'><strong>τε,</strong></span> <span class='ocrx_word' id='word_1_223' title='bbox 199 1887 279 1938; x_wconf 68' lang='grc' dir='ltr'><strong>καὶ</strong></span> <span class='ocrx_word' id='word_1_224' title='bbox 308 1876 376 1937; x_wconf 85' lang='grc' dir='ltr'>ὧν</span> <span class='ocrx_word' id='word_1_225' title='bbox 424 1882 521 1954; x_wconf 82' lang='grc' dir='ltr'>τὴν</span> <span class='ocrx_word' id='word_1_226' title='bbox 563 1884 762 1955; x_wconf 81' lang='grc' dir='ltr'>ἀρετὴν</span> <span class='ocrx_word' id='word_1_227' title='bbox 820 1887 913 1938; x_wconf 75' lang='grc' dir='ltr'><strong>καὶ</strong></span> <span class='ocrx_word' id='word_1_228' title='bbox 946 1887 1178 1958; x_wconf 79' lang='grc' dir='ltr'>ὁρῶντες</span> <span class='ocrx_word' id='word_1_229' title='bbox 1206 1888 1297 1940; x_wconf 73' lang='grc' dir='ltr'>καὶ</span> <span class='ocrx_word' id='word_1_230' title='bbox 1356 1887 1638 1950; x_wconf 84' lang='grc' dir='ltr'>ἀκούοντες</span> 
     </span>
    </p>
   </div>
   <div class='ocr_carea' id='block_1_31' title="bbox 113 1974 1640 2049">
    <p class='ocr_par' dir='ltr' id='par_1_31' title="bbox 113 1974 1640 2049">
     <span class='ocr_line' id='line_1_31' title="bbox 113 1974 1640 2049; baseline 0.001 -20"><span class='ocrx_word' id='word_1_231' title='bbox 113 1977 295 2049; x_wconf 76' lang='grc' dir='ltr'>ζηλοῦτε</span> <span class='ocrx_word' id='word_1_232' title='bbox 318 1974 443 2045; x_wconf 88' lang='grc'>(56),</span> <span class='ocrx_word' id='word_1_233' title='bbox 468 1976 568 2028; x_wconf 64' lang='grc' dir='ltr'><strong>καὶ</strong></span> <span class='ocrx_word' id='word_1_234' title='bbox 588 1974 913 2046; x_wconf 79' lang='grc' dir='ltr'>θαυμάζετε,</span> <span class='ocrx_word' id='word_1_235' title='bbox 939 1977 1031 2030; x_wconf 72' lang='grc' dir='ltr'><strong>καὶ</strong></span> <span class='ocrx_word' id='word_1_236' title='bbox 1056 1978 1324 2048; x_wconf 83' lang='grc' dir='ltr'>διηγεῖσθε</span> <span class='ocrx_word' id='word_1_237' title='bbox 1354 1982 1463 2041; x_wconf 81' lang='grc' dir='ltr'>τοῖς</span> <span class='ocrx_word' id='word_1_238' title='bbox 1482 1980 1640 2047; x_wconf 83' lang='grc' dir='ltr'>ἀγνο-</span> 
     </span>
    </p>
   </div>
   <div class='ocr_carea' id='block_1_32' title="bbox 112 2064 1640 2138">
    <p class='ocr_par' dir='ltr' id='par_1_32' title="bbox 112 2064 1640 2138">
     <span class='ocr_line' id='line_1_32' title="bbox 112 2064 1640 2138; baseline 0.001 -19"><span class='ocrx_word' id='word_1_239' title='bbox 112 2067 245 2131; x_wconf 78' lang='grc' dir='ltr'>οὖσιν,</span> <span class='ocrx_word' id='word_1_240' title='bbox 271 2065 419 2135; x_wconf 82' lang='grc' dir='ltr'>είπερ</span> <span class='ocrx_word' id='word_1_241' title='bbox 446 2064 593 2127; x_wconf 86' lang='grc' dir='ltr'>τινές</span> <span class='ocrx_word' id='word_1_242' title='bbox 618 2067 752 2117; x_wconf 82' lang='grc' dir='ltr'>εἰσιν</span> <span class='ocrx_word' id='word_1_243' title='bbox 781 2066 1101 2138; x_wconf 76' lang='grc' dir='ltr'>ἀνθρώπιον,</span> <span class='ocrx_word' id='word_1_244' title='bbox 1131 2068 1287 2131; x_wconf 81' lang='grc' dir='ltr'>ἄλλος</span> <span class='ocrx_word' id='word_1_245' title='bbox 1307 2069 1432 2122; x_wconf 83' lang='grc' dir='ltr'>ἄλλο</span> <span class='ocrx_word' id='word_1_246' title='bbox 1457 2087 1509 2121; x_wconf 89' lang='grc' dir='ltr'><strong>τι</strong></span> <span class='ocrx_word' id='word_1_247' title='bbox 1544 2069 1640 2138; x_wconf 86' lang='grc' dir='ltr'>μέ-</span> 
     </span>
    </p>
   </div>
   <div class='ocr_carea' id='block_1_33' title="bbox 113 2156 1636 2230">
    <p class='ocr_par' dir='ltr' id='par_1_33' title="bbox 113 2156 1636 2230">
     <span class='ocr_line' id='line_1_33' title="bbox 113 2156 1636 2230; baseline 0.001 -20"><span class='ocrx_word' id='word_1_248' title='bbox 113 2175 181 2230; x_wconf 82' lang='grc' dir='ltr'><strong>ρος</strong></span> <span class='ocrx_word' id='word_1_249' title='bbox 204 2156 551 2219; x_wconf 82' lang='grc' dir='ltr'>ἀπολαϐόντες</span> <span class='ocrx_word' id='word_1_250' title='bbox 570 2174 583 2187; x_wconf 88' lang='grc'><strong>·</strong></span> <span class='ocrx_word' id='word_1_251' title='bbox 627 2157 748 2208; x_wconf 72' lang='grc' dir='ltr'>ἐπεὶ</span> <span class='ocrx_word' id='word_1_252' title='bbox 788 2158 861 2228; x_wconf 83' lang='grc' dir='ltr'><strong>μὴ</strong></span> <span class='ocrx_word' id='word_1_253' title='bbox 898 2158 1074 2211; x_wconf 83' lang='grc' dir='ltr'>πάντα</span> <span class='ocrx_word' id='word_1_254' title='bbox 1106 2160 1195 2212; x_wconf 77' lang='grc' dir='ltr'><strong>τὸν</strong></span> <span class='ocrx_word' id='word_1_255' title='bbox 1233 2160 1393 2213; x_wconf 82' lang='grc' dir='ltr'>αὑτὸν</span> <span class='ocrx_word' id='word_1_256' title='bbox 1417 2156 1526 2213; x_wconf 73' lang='grc' dir='ltr'>οἷόν</span> <span class='ocrx_word' id='word_1_257' title='bbox 1555 2176 1636 2222; x_wconf 88' lang='grc' dir='ltr'><strong>τε,</strong></span> 
     </span>
    </p>
   </div>
   <div class='ocr_carea' id='block_1_34' title="bbox 113 2248 1638 2325">
    <p class='ocr_par' dir='ltr' id='par_1_34' title="bbox 113 2248 1638 2325">
     <span class='ocr_line' id='line_1_34' title="bbox 113 2248 1638 2325; baseline 0 -22"><span class='ocrx_word' id='word_1_258' title='bbox 113 2251 217 2321; x_wconf 81' lang='grc' dir='ltr'>μηδὲ</span> <span class='ocrx_word' id='word_1_259' title='bbox 251 2252 367 2319; x_wconf 82' lang='grc' dir='ltr'>μιᾶς</span> <span class='ocrx_word' id='word_1_260' title='bbox 400 2248 652 2320; x_wconf 78' lang='grc' dir='ltr'><strong>γλώσσης</strong></span> <span class='ocrx_word' id='word_1_261' title='bbox 680 2251 741 2303; x_wconf 86' lang='grc' dir='ltr'><strong>τὸ</strong></span> <span class='ocrx_word' id='word_1_262' title='bbox 775 2250 954 2321; x_wconf 82' lang='grc' dir='ltr'>ἔργον,</span> <span class='ocrx_word' id='word_1_263' title='bbox 992 2252 1095 2306; x_wconf 78' lang='grc' dir='ltr'>κᾶν</span> <span class='ocrx_word' id='word_1_264' title='bbox 1132 2253 1334 2323; x_wconf 74' lang='grc' dir='ltr'>σφόδρα</span> <span class='ocrx_word' id='word_1_265' title='bbox 1365 2270 1448 2315; x_wconf 85' lang='grc' dir='ltr'><strong>τις</strong></span> <span class='ocrx_word' id='word_1_266' title='bbox 1532 2251 1638 2304; x_wconf 83' lang='grc' dir='ltr'>τῶν</span> 
     </span>
    </p>
   </div>
   <div class='ocr_carea' id='block_1_35' title="bbox 110 2342 1637 2416">
    <p class='ocr_par' dir='ltr' id='par_1_35' title="bbox 110 2342 1637 2416">
     <span class='ocr_line' id='line_1_35' title="bbox 110 2342 1637 2416; baseline 0.002 -22"><span class='ocrx_word' id='word_1_267' title='bbox 110 2342 510 2410; x_wconf 78' lang='grc' dir='ltr'>φιλοπονωτάτων</span> <span class='ocrx_word' id='word_1_268' title='bbox 550 2345 643 2396; x_wconf 75' lang='grc' dir='ltr'><strong>καὶ</strong></span> <span class='ocrx_word' id='word_1_269' title='bbox 683 2344 1010 2415; x_wconf 73' lang='grc' dir='ltr'>φιλοτίμωνο</span> <span class='ocrx_word' id='word_1_270' title='bbox 1044 2342 1124 2410; x_wconf 73' lang='grc' dir='ltr'>οἷς</span> <span class='ocrx_word' id='word_1_271' title='bbox 1158 2346 1363 2399; x_wconf 83' lang='grc' dir='ltr'>πολλῶν</span> <span class='ocrx_word' id='word_1_272' title='bbox 1412 2347 1505 2399; x_wconf 77' lang='grc' dir='ltr'>καὶ</span> <span class='ocrx_word' id='word_1_273' title='bbox 1540 2362 1637 2416; x_wconf 80' lang='grc' dir='ltr'>με·</span> 
     </span>
    </p>
   </div>
   <div class='ocr_carea' id='block_1_36' title="bbox 111 2433 1635 2509">
    <p class='ocr_par' dir='ltr' id='par_1_36' title="bbox 111 2433 1635 2509">
     <span class='ocr_line' id='line_1_36' title="bbox 111 2433 1635 2509; baseline 0.002 -23"><span class='ocrx_word' id='word_1_274' title='bbox 111 2433 253 2499; x_wconf 80' lang='grc' dir='ltr'>γάλων</span> <span class='ocrx_word' id='word_1_275' title='bbox 284 2433 636 2504; x_wconf 78' lang='grc' dir='ltr'>ὑπαρχόντων</span> <span class='ocrx_word' id='word_1_276' title='bbox 680 2437 758 2499; x_wconf 86' lang='grc' dir='ltr'><strong>είς</strong></span> <span class='ocrx_word' id='word_1_277' title='bbox 800 2438 1072 2509; x_wconf 76' lang='grc' dir='ltr'>εὐφημίαν</span> <span class='ocrx_word' id='word_1_278' title='bbox 1107 2438 1177 2506; x_wconf 87' lang='grc' dir='ltr'>(εί</span> <span class='ocrx_word' id='word_1_279' title='bbox 1231 2440 1302 2509; x_wconf 88' lang='grc' dir='ltr'>μή</span> <span class='ocrx_word' id='word_1_280' title='bbox 1342 2456 1420 2509; x_wconf 82' lang='grc' dir='ltr'>τῳ</span> <span class='ocrx_word' id='word_1_281' title='bbox 1453 2454 1635 2508; x_wconf 87' lang='grc' dir='ltr'>περιτ-</span> 
     </span>
    </p>
   </div>
   <div class='ocr_carea' id='block_1_37' title="bbox 110 2518 1638 2598">
    <p class='ocr_par' dir='ltr' id='par_1_37' title="bbox 110 2518 1638 2598">
     <span class='ocr_line' id='line_1_37' title="bbox 110 2518 1638 2598; baseline 0.002 -23"><span class='ocrx_word' id='word_1_282' title='bbox 110 2522 179 2586; x_wconf 67' lang='lat' dir='ltr'><strong>7i;</strong></span> <span class='ocrx_word' id='word_1_283' title='bbox 200 2522 297 2591; x_wconf 79' lang='grc'>(57)</span> <span class='ocrx_word' id='word_1_284' title='bbox 323 2518 455 2574; x_wconf 82' lang='grc' dir='ltr'>εἶναι</span> <span class='ocrx_word' id='word_1_285' title='bbox 489 2523 633 2575; x_wconf 82' lang='grc' dir='ltr'>δοκῶ</span> <span class='ocrx_word' id='word_1_286' title='bbox 657 2522 725 2575; x_wconf 82' lang='grc' dir='ltr'>τὰ</span> <span class='ocrx_word' id='word_1_287' title='bbox 746 2526 922 2577; x_wconf 88' lang='grc' dir='ltr'>οἰκεῖα</span> <span class='ocrx_word' id='word_1_288' title='bbox 942 2526 1277 2597; x_wconf 79' lang='grc' dir='ltr'>θαυμάζων),</span> <span class='ocrx_word' id='word_1_289' title='bbox 1304 2527 1359 2581; x_wconf 82' lang='grc' dir='ltr'>ἒν</span> <span class='ocrx_word' id='word_1_290' title='bbox 1384 2528 1638 2598; x_wconf 86' lang='grc' dir='ltr'>μέγιστον</span> 
     </span>
    </p>
   </div>
   <div class='ocr_carea' id='block_1_38' title="bbox 110 2614 1637 2689">
    <p class='ocr_par' dir='ltr' id='par_1_38' title="bbox 110 2614 1637 2689">
     <span class='ocr_line' id='line_1_38' title="bbox 110 2614 1637 2689; baseline 0.002 -21"><span class='ocrx_word' id='word_1_291' title='bbox 110 2616 337 2679; x_wconf 66' lang='grc' dir='ltr'>ἁπάντων,</span> <span class='ocrx_word' id='word_1_292' title='bbox 366 2616 456 2667; x_wconf 70' lang='grc' dir='ltr'>καὶ</span> <span class='ocrx_word' id='word_1_293' title='bbox 478 2614 668 2685; x_wconf 78' lang='grc' dir='ltr'>ὥσπερ</span> <span class='ocrx_word' id='word_1_294' title='bbox 693 2615 819 2669; x_wconf 84' lang='grc' dir='ltr'>ἄλλο</span> <span class='ocrx_word' id='word_1_295' title='bbox 850 2634 900 2669; x_wconf 87' lang='grc' dir='ltr'><strong>τι</strong></span> <span class='ocrx_word' id='word_1_296' title='bbox 942 2618 1103 2687; x_wconf 82' lang='grc' dir='ltr'>ὲπίση</span> <span class='ocrx_word' id='word_1_297' title='bbox 1117 2619 1213 2688; x_wconf 87' lang='grc' dir='ltr'><strong>μόν</strong></span> <span class='ocrx_word' id='word_1_298' title='bbox 1256 2620 1399 2671; x_wconf 78' lang='grc' dir='ltr'>ἐστιν</span> <span class='ocrx_word' id='word_1_299' title='bbox 1424 2621 1455 2689; x_wconf 79' lang='grc' dir='ltr'>ἡ</span> <span class='ocrx_word' id='word_1_300' title='bbox 1484 2618 1637 2671; x_wconf 82' lang='grc' dir='ltr'>εὐσέ-</span> 
     </span>
    </p>
   </div>
   <div class='ocr_carea' id='block_1_39' title="bbox 110 2707 1639 2779">
    <p class='ocr_par' dir='ltr' id='par_1_39' title="bbox 110 2707 1639 2779">
     <span class='ocr_line' id='line_1_39' title="bbox 110 2707 1639 2779; baseline 0.003 -22"><span class='ocrx_word' id='word_1_301' title='bbox 110 2707 201 2759; x_wconf 74' lang='grc' dir='ltr'>ϐεια</span> <span class='ocrx_word' id='word_1_302' title='bbox 218 2726 229 2737; x_wconf 90' lang='grc'><strong>·</strong></span> <span class='ocrx_word' id='word_1_303' title='bbox 253 2708 368 2769; x_wconf 77' lang='grc' dir='ltr'>τοὺς</span> <span class='ocrx_word' id='word_1_304' title='bbox 392 2709 624 2777; x_wconf 81' lang='grc' dir='ltr'>σεμνοὺς</span> <span class='ocrx_word' id='word_1_305' title='bbox 648 2707 835 2761; x_wconf 81' lang='grc' dir='ltr'>τούσδε</span> <span class='ocrx_word' id='word_1_306' title='bbox 857 2708 999 2777; x_wconf 86' lang='grc' dir='ltr'>λέγω</span> <span class='ocrx_word' id='word_1_307' title='bbox 1028 2711 1121 2762; x_wconf 75' lang='grc' dir='ltr'><strong>καὶ</strong></span> <span class='ocrx_word' id='word_1_308' title='bbox 1154 2709 1391 2773; x_wconf 71' lang='grc' dir='ltr'>πολιοὺς,</span> <span class='ocrx_word' id='word_1_309' title='bbox 1425 2711 1518 2763; x_wconf 68' lang='grc' dir='ltr'><strong>καὶ</strong></span> <span class='ocrx_word' id='word_1_310' title='bbox 1543 2710 1639 2779; x_wconf 81' lang='grc' dir='ltr'><strong>οὐχ</strong></span> 
     </span>
    </p>
   </div>
   <div class='ocr_carea' id='block_1_40' title="bbox 109 2792 1641 2872">
    <p class='ocr_par' dir='ltr' id='par_1_40' title="bbox 109 2792 1641 2872">
     <span class='ocr_line' id='line_1_40' title="bbox 109 2792 1641 2872; baseline 0.004 -25"><span class='ocrx_word' id='word_1_311' title='bbox 109 2792 310 2865; x_wconf 67' lang='grc' dir='ltr'>ἦττονδι*</span> <span class='ocrx_word' id='word_1_312' title='bbox 342 2798 543 2868; x_wconf 75' lang='grc' dir='ltr'>ἀρετὴν</span> <span class='ocrx_word' id='word_1_313' title='bbox 571 2798 881 2869; x_wconf 83' lang='grc' dir='ltr'>αἰδεσίμους</span> <span class='ocrx_word' id='word_1_314' title='bbox 909 2800 1017 2871; x_wconf 90' lang='grc'>(58)</span> <span class='ocrx_word' id='word_1_315' title='bbox 1051 2800 1083 2871; x_wconf 83' lang='grc' dir='ltr'>ἢ</span> <span class='ocrx_word' id='word_1_316' title='bbox 1113 2801 1199 2854; x_wconf 84' lang='grc' dir='ltr'>διὰ</span> <span class='ocrx_word' id='word_1_317' title='bbox 1226 2802 1431 2872; x_wconf 81' lang='grc' dir='ltr'>γῆρας·</span> <span class='ocrx_word' id='word_1_318' title='bbox 1468 2795 1541 2853; x_wconf 82' lang='grc' dir='ltr'>ὧν</span> <span class='ocrx_word' id='word_1_319' title='bbox 1571 2800 1641 2853; x_wconf 83' lang='grc' dir='ltr'>τὰ</span> 
     </span>
    </p>
   </div>
   <div class='ocr_carea' id='block_1_41' title="bbox 111 2888 1641 2964">
    <p class='ocr_par' dir='ltr' id='par_1_41' title="bbox 111 2888 1641 2964">
     <span class='ocr_line' id='line_1_41' title="bbox 111 2888 1641 2964; baseline 0.005 -25"><span class='ocrx_word' id='word_1_320' title='bbox 111 2890 185 2957; x_wconf 84' lang='grc' dir='ltr'><strong>μὲν</strong></span> <span class='ocrx_word' id='word_1_321' title='bbox 207 2888 415 2958; x_wconf 83' lang='grc' dir='ltr'>σώματα</span> <span class='ocrx_word' id='word_1_322' title='bbox 464 2890 644 2961; x_wconf 82' lang='grc' dir='ltr'>χρόνῳ</span> <span class='ocrx_word' id='word_1_323' title='bbox 678 2891 976 2962; x_wconf 74' lang='grc' dir='ltr'>κέκμηκεν,</span> <span class='ocrx_word' id='word_1_324' title='bbox 1007 2895 1060 2945; x_wconf 77' lang='lat' dir='ltr'><strong>ai</strong></span> <span class='ocrx_word' id='word_1_325' title='bbox 1090 2892 1255 2963; x_wconf 69' lang='grc' dir='ltr'>ψυχαὶ</span> <span class='ocrx_word' id='word_1_326' title='bbox 1286 2894 1342 2946; x_wconf 83' lang='grc' dir='ltr'>δὲ</span> <span class='ocrx_word' id='word_1_327' title='bbox 1373 2892 1490 2964; x_wconf 85' lang='grc' dir='ltr'><strong>Θεῷ</strong></span> <span class='ocrx_word' id='word_1_328' title='bbox 1521 2892 1641 2947; x_wconf 81' lang='grc' dir='ltr'>νεά-</span> 
     </span>
    </p>
   </div>
   <div class='ocr_carea' id='block_1_42' title="bbox 110 2981 266 3044">
    <p class='ocr_par' dir='ltr' id='par_1_42' title="bbox 110 2981 266 3044">
     <span class='ocr_line' id='line_1_42' title="bbox 110 2981 266 3044; baseline 0.013 -13"><span class='ocrx_word' id='word_1_329' title='bbox 110 2981 176 3044; x_wconf 72' lang='grc' dir='ltr'><strong>ζου</strong></span> <span class='ocrx_word' id='word_1_330' title='bbox 184 2998 266 3033; x_wconf 83' lang='grc' dir='ltr'>σιν.</span> 
     </span>
    </p>
   </div>
   <div class='ocr_carea' id='block_1_43' title="bbox 1742 1793 3300 1870">
    <p class='ocr_par' dir='ltr' id='par_1_43' title="bbox 1742 1793 3300 1870">
     <span class='ocr_line' id='line_1_43' title="bbox 1742 1793 3300 1870; baseline 0.008 -25"><span class='ocrx_word' id='word_1_331' title='bbox 1742 1793 1977 1847; x_wconf 79' lang='lat' dir='ltr'><strong>maxime</strong></span> <span class='ocrx_word' id='word_1_332' title='bbox 2027 1796 2205 1859; x_wconf 89' lang='lat' dir='ltr'><strong>decet,</strong></span> <span class='ocrx_word' id='word_1_333' title='bbox 2239 1809 2494 1865; x_wconf 90' lang='lat' dir='ltr'><strong>parentes</strong></span> <span class='ocrx_word' id='word_1_334' title='bbox 2528 1813 2622 1853; x_wconf 91' lang='lat' dir='ltr'><strong>eos</strong></span> <span class='ocrx_word' id='word_1_335' title='bbox 2677 1801 2890 1866; x_wconf 87' lang='lat' dir='ltr'><strong>habuit,</strong></span> <span class='ocrx_word' id='word_1_336' title='bbox 2931 1817 3067 1870; x_wconf 91' lang='lat' dir='ltr'><strong>quos</strong></span> <span class='ocrx_word' id='word_1_337' title='bbox 3110 1819 3300 1858; x_wconf 88' lang='lat' dir='ltr'><strong>omnes</strong></span> 
     </span>
    </p>
   </div>
   <div class='ocr_carea' id='block_1_44' title="bbox 1740 1886 3302 1963">
    <p class='ocr_par' dir='ltr' id='par_1_44' title="bbox 1740 1886 3302 1963">
     <span class='ocr_line' id='line_1_44' title="bbox 1740 1886 3302 1963; baseline 0.007 -25"><span class='ocrx_word' id='word_1_338' title='bbox 1740 1886 1937 1950; x_wconf 89' lang='lat' dir='ltr'><strong>nostis,</strong></span> <span class='ocrx_word' id='word_1_339' title='bbox 1986 1902 2326 1957; x_wconf 89' lang='lat' dir='ltr'><strong>quorumque</strong></span> <span class='ocrx_word' id='word_1_340' title='bbox 2375 1890 2627 1944; x_wconf 82' lang='lat' dir='ltr'><strong>virtutem</strong></span> <span class='ocrx_word' id='word_1_341' title='bbox 2661 1892 2833 1946; x_wconf 90' lang='lat' dir='ltr'><strong>oculis</strong></span> <span class='ocrx_word' id='word_1_342' title='bbox 2870 1901 3034 1963; x_wconf 85' lang='lat' dir='ltr'><strong>atque</strong></span> <span class='ocrx_word' id='word_1_343' title='bbox 3076 1897 3302 1949; x_wconf 90' lang='lat' dir='ltr'><strong>auribus</strong></span> 
     </span>
    </p>
   </div>
   <div class='ocr_carea' id='block_1_45' title="bbox 1742 1979 3303 2047">
    <p class='ocr_par' dir='ltr' id='par_1_45' title="bbox 1742 1979 3303 2047">
     <span class='ocr_line' id='line_1_45' title="bbox 1742 1979 3303 2047; baseline 0.006 -17"><span class='ocrx_word' id='word_1_344' title='bbox 1742 1986 2070 2047; x_wconf 87' lang='lat' dir='ltr'><strong>usurpantes</strong></span> <span class='ocrx_word' id='word_1_345' title='bbox 2103 1979 2454 2042; x_wconf 70' lang='lat' dir='ltr'><strong>aemulamini,</strong></span> <span class='ocrx_word' id='word_1_346' title='bbox 2488 1982 2731 2037; x_wconf 79' lang='lat' dir='ltr'><strong>miriﬁcis</strong></span> <span class='ocrx_word' id='word_1_347' title='bbox 2753 1983 3007 2039; x_wconf 85' lang='lat' dir='ltr'><strong>laudibus</strong></span> <span class='ocrx_word' id='word_1_348' title='bbox 3031 1985 3086 2039; x_wconf 89' lang='lat' dir='ltr'><strong>in</strong></span> <span class='ocrx_word' id='word_1_349' title='bbox 3108 1986 3303 2041; x_wconf 72' lang='lat' dir='ltr'><strong>coelum</strong></span> 
     </span>
    </p>
   </div>
   <div class='ocr_carea' id='block_1_46' title="bbox 1743 2068 3306 2147">
    <p class='ocr_par' dir='ltr' id='par_1_46' title="bbox 1743 2068 3306 2147">
     <span class='ocr_line' id='line_1_46' title="bbox 1743 2068 3306 2147; baseline 0.005 -24"><span class='ocrx_word' id='word_1_350' title='bbox 1743 2068 1970 2133; x_wconf 71' lang='lat' dir='ltr'><strong>effertis,</strong></span> <span class='ocrx_word' id='word_1_351' title='bbox 2021 2070 2269 2140; x_wconf 89' lang='lat' dir='ltr'><strong>aliisque,</strong></span> <span class='ocrx_word' id='word_1_352' title='bbox 2323 2072 2519 2141; x_wconf 79' lang='lat' dir='ltr'><strong>quibus</strong></span> <span class='ocrx_word' id='word_1_353' title='bbox 2562 2088 2624 2128; x_wconf 91' lang='lat' dir='ltr'><strong>ea</strong></span> <span class='ocrx_word' id='word_1_354' title='bbox 2662 2074 2836 2145; x_wconf 90' lang='lat' dir='ltr'><strong>ignota</strong></span> <span class='ocrx_word' id='word_1_355' title='bbox 2874 2088 2977 2143; x_wconf 90' lang='lat' dir='ltr'><strong>est,</strong></span> <span class='ocrx_word' id='word_1_356' title='bbox 3010 2078 3054 2132; x_wconf 93' lang='lat' dir='ltr'><strong>si</strong></span> <span class='ocrx_word' id='word_1_357' title='bbox 3090 2078 3181 2147; x_wconf 92' lang='lat' dir='ltr'><strong>qui</strong></span> <span class='ocrx_word' id='word_1_358' title='bbox 3225 2088 3306 2131; x_wconf 81' lang='lat' dir='ltr'><strong>ta-</strong></span> 
     </span>
    </p>
   </div>
   <div class='ocr_carea' id='block_1_47' title="bbox 1738 2150 3304 2237">
    <p class='ocr_par' dir='ltr' id='par_1_47' title="bbox 1738 2150 3304 2237">
     <span class='ocr_line' id='line_1_47' title="bbox 1738 2150 3304 2237; baseline 0.008 -25"><span class='ocrx_word' id='word_1_359' title='bbox 1738 2174 1858 2213; x_wconf 92' lang='lat' dir='ltr'><strong>men</strong></span> <span class='ocrx_word' id='word_1_360' title='bbox 1909 2160 2036 2225; x_wconf 89' lang='lat' dir='ltr'><strong>sint,</strong></span> <span class='ocrx_word' id='word_1_361' title='bbox 2075 2161 2326 2226; x_wconf 85' lang='lat' dir='ltr'><strong>narratis,</strong></span> <span class='ocrx_word' id='word_1_362' title='bbox 2363 2162 2497 2217; x_wconf 88' lang='lat' dir='ltr'><strong>alius</strong></span> <span class='ocrx_word' id='word_1_363' title='bbox 2544 2164 2701 2217; x_wconf 73' lang='lat' dir='ltr'><strong>aliam</strong></span> <span class='ocrx_word' id='word_1_364' title='bbox 2753 2150 3039 2235; x_wconf 83' lang='lat' dir='ltr'><strong>quamdam</strong></span> <span class='ocrx_word' id='word_1_365' title='bbox 3095 2177 3304 2237; x_wconf 86' lang='lat' dir='ltr'><strong>partem</strong></span> 
     </span>
    </p>
   </div>
   <div class='ocr_carea' id='block_1_48' title="bbox 1740 2249 3305 2325">
    <p class='ocr_par' dir='ltr' id='par_1_48' title="bbox 1740 2249 3305 2325">
     <span class='ocr_line' id='line_1_48' title="bbox 1740 2249 3305 2325; baseline 0.01 -26"><span class='ocrx_word' id='word_1_366' title='bbox 1740 2249 2085 2317; x_wconf 86' lang='lat' dir='ltr'><strong>accipientes.</strong></span> <span class='ocrx_word' id='word_1_367' title='bbox 2121 2250 2306 2320; x_wconf 84' lang='lat' dir='ltr'><strong>Neque</strong></span> <span class='ocrx_word' id='word_1_368' title='bbox 2331 2253 2474 2307; x_wconf 91' lang='lat' dir='ltr'><strong>enim</strong></span> <span class='ocrx_word' id='word_1_369' title='bbox 2518 2254 2632 2308; x_wconf 84' lang='lat' dir='ltr'><strong>ﬁeri</strong></span> <span class='ocrx_word' id='word_1_370' title='bbox 2664 2267 2842 2325; x_wconf 90' lang='lat' dir='ltr'><strong>potest</strong></span> <span class='ocrx_word' id='word_1_371' title='bbox 2870 2267 2929 2311; x_wconf 89' lang='lat' dir='ltr'><strong>ut</strong></span> <span class='ocrx_word' id='word_1_372' title='bbox 2954 2274 3091 2314; x_wconf 92' lang='lat' dir='ltr'><strong>unus</strong></span> <span class='ocrx_word' id='word_1_373' title='bbox 3120 2260 3305 2314; x_wconf 85' lang='lat' dir='ltr'><strong>omnia</strong></span> 
     </span>
    </p>
   </div>
   <div class='ocr_carea' id='block_1_49' title="bbox 1737 2342 3307 2418">
    <p class='ocr_par' dir='ltr' id='par_1_49' title="bbox 1737 2342 3307 2418">
     <span class='ocr_line' id='line_1_49' title="bbox 1737 2342 3307 2418; baseline 0.009 -26"><span class='ocrx_word' id='word_1_374' title='bbox 1737 2352 1993 2408; x_wconf 83' lang='lat' dir='ltr'><strong>exponat,</strong></span> <span class='ocrx_word' id='word_1_375' title='bbox 2024 2358 2124 2396; x_wconf 89' lang='lat' dir='ltr'><strong>nec</strong></span> <span class='ocrx_word' id='word_1_376' title='bbox 2161 2342 2319 2397; x_wconf 75' lang='lat' dir='ltr'><strong>tutius</strong></span> <span class='ocrx_word' id='word_1_377' title='bbox 2364 2344 2559 2414; x_wconf 76' lang='lat' dir='ltr'><strong>lingua:</strong></span> <span class='ocrx_word' id='word_1_378' title='bbox 2586 2346 2688 2401; x_wconf 96' lang='lat' dir='ltr'><strong>hoc</strong></span> <span class='ocrx_word' id='word_1_379' title='bbox 2713 2362 2847 2414; x_wconf 91' lang='lat' dir='ltr'><strong>opus</strong></span> <span class='ocrx_word' id='word_1_380' title='bbox 2874 2358 2977 2411; x_wconf 91' lang='lat' dir='ltr'><strong>est,</strong></span> <span class='ocrx_word' id='word_1_381' title='bbox 3013 2360 3307 2418; x_wconf 58' lang='lat' dir='ltr'><strong>quantume</strong></span> 
     </span>
    </p>
   </div>
   <div class='ocr_carea' id='block_1_50' title="bbox 1736 2430 3306 2502">
    <p class='ocr_par' dir='ltr' id='par_1_50' title="bbox 1736 2430 3306 2502">
     <span class='ocr_line' id='line_1_50' title="bbox 1736 2430 3306 2502; baseline 0.007 -19"><span class='ocrx_word' id='word_1_382' title='bbox 1736 2431 1817 2483; x_wconf 92' lang='lat' dir='ltr'><strong>vis</strong></span> <span class='ocrx_word' id='word_1_383' title='bbox 1844 2430 2037 2500; x_wconf 88' lang='lat' dir='ltr'><strong>aliquis</strong></span> <span class='ocrx_word' id='word_1_384' title='bbox 2081 2432 2264 2486; x_wconf 89' lang='lat' dir='ltr'><strong>labore</strong></span> <span class='ocrx_word' id='word_1_385' title='bbox 2294 2448 2357 2486; x_wconf 86' lang='lat' dir='ltr'><strong>ac</strong></span> <span class='ocrx_word' id='word_1_386' title='bbox 2395 2434 2667 2502; x_wconf 82' lang='lat' dir='ltr'><strong>diligentia</strong></span> <span class='ocrx_word' id='word_1_387' title='bbox 2697 2437 2896 2500; x_wconf 84' lang='lat' dir='ltr'><strong>valeat,</strong></span> <span class='ocrx_word' id='word_1_388' title='bbox 2940 2453 3003 2492; x_wconf 88' lang='lat' dir='ltr'><strong>ac</strong></span> <span class='ocrx_word' id='word_1_389' title='bbox 3034 2453 3306 2493; x_wconf 90' lang='lat' dir='ltr'><strong>summum</strong></span> 
     </span>
    </p>
   </div>
   <div class='ocr_carea' id='block_1_51' title="bbox 1738 2521 3307 2595">
    <p class='ocr_par' dir='ltr' id='par_1_51' title="bbox 1738 2521 3307 2595">
     <span class='ocr_line' id='line_1_51' title="bbox 1738 2521 3307 2595; baseline 0.007 -22"><span class='ocrx_word' id='word_1_390' title='bbox 1738 2521 1901 2575; x_wconf 89' lang='lat' dir='ltr'><strong>animi</strong></span> <span class='ocrx_word' id='word_1_391' title='bbox 1943 2523 2179 2577; x_wconf 87' lang='lat' dir='ltr'><strong>sunlium</strong></span> <span class='ocrx_word' id='word_1_392' title='bbox 2236 2532 2292 2576; x_wconf 93' lang='lat' dir='ltr'><strong>et</strong></span> <span class='ocrx_word' id='word_1_393' title='bbox 2342 2525 2741 2579; x_wconf 86' lang='lat' dir='ltr'><strong>contentionem</strong></span> <span class='ocrx_word' id='word_1_394' title='bbox 2791 2528 3066 2582; x_wconf 88' lang='lat' dir='ltr'><strong>adhibeat.</strong></span> <span class='ocrx_word' id='word_1_395' title='bbox 3100 2529 3307 2595; x_wconf 87' lang='lat' dir='ltr'><strong>Quibus</strong></span> 
     </span>
    </p>
   </div>
   <div class='ocr_carea' id='block_1_52' title="bbox 1736 2614 3304 2690">
    <p class='ocr_par' dir='ltr' id='par_1_52' title="bbox 1736 2614 3304 2690">
     <span class='ocr_line' id='line_1_52' title="bbox 1736 2614 3304 2690; baseline 0.006 -24"><span class='ocrx_word' id='word_1_396' title='bbox 1736 2628 1858 2667; x_wconf 93' lang='lat' dir='ltr'><strong>cum</strong></span> <span class='ocrx_word' id='word_1_397' title='bbox 1900 2614 2065 2667; x_wconf 90' lang='lat' dir='ltr'><strong>multa</strong></span> <span class='ocrx_word' id='word_1_398' title='bbox 2119 2623 2173 2667; x_wconf 91' lang='lat' dir='ltr'><strong>et</strong></span> <span class='ocrx_word' id='word_1_399' title='bbox 2229 2630 2422 2686; x_wconf 81' lang='lat' dir='ltr'><strong>magna</strong></span> <span class='ocrx_word' id='word_1_400' title='bbox 2465 2614 2682 2670; x_wconf 86' lang='lat' dir='ltr'><strong>laudum</strong></span> <span class='ocrx_word' id='word_1_401' title='bbox 2732 2629 3050 2688; x_wconf 88' lang='lat' dir='ltr'><strong>argumenta</strong></span> <span class='ocrx_word' id='word_1_402' title='bbox 3103 2635 3304 2690; x_wconf 88' lang='lat' dir='ltr'><strong>suppe-</strong></span> 
     </span>
    </p>
   </div>
   <div class='ocr_carea' id='block_1_53' title="bbox 1741 2708 3302 2781">
    <p class='ocr_par' dir='ltr' id='par_1_53' title="bbox 1741 2708 3302 2781">
     <span class='ocr_line' id='line_1_53' title="bbox 1741 2708 3302 2781; baseline 0.003 -19"><span class='ocrx_word' id='word_1_403' title='bbox 1741 2718 1856 2763; x_wconf 88' lang='lat' dir='ltr'><strong>tant</strong></span> <span class='ocrx_word' id='word_1_404' title='bbox 1910 2708 2039 2767; x_wconf 86' lang='lat' dir='ltr'><strong>(nisi</strong></span> <span class='ocrx_word' id='word_1_405' title='bbox 2087 2708 2320 2765; x_wconf 86' lang='lat' dir='ltr'><strong>fortasse</strong></span> <span class='ocrx_word' id='word_1_406' title='bbox 2371 2711 2603 2780; x_wconf 76' lang='lat' dir='ltr'><strong>cuipiam</strong></span> <span class='ocrx_word' id='word_1_407' title='bbox 2647 2714 2824 2781; x_wconf 91' lang='lat' dir='ltr'><strong>inepte</strong></span> <span class='ocrx_word' id='word_1_408' title='bbox 2871 2714 3051 2769; x_wconf 87' lang='lat' dir='ltr'><strong>facere</strong></span> <span class='ocrx_word' id='word_1_409' title='bbox 3095 2716 3302 2780; x_wconf 82' lang='lat' dir='ltr'><strong>videor,</strong></span> 
     </span>
    </p>
   </div>
   <div class='ocr_carea' id='block_1_54' title="bbox 1738 2800 3308 2873">
    <p class='ocr_par' dir='ltr' id='par_1_54' title="bbox 1738 2800 3308 2873">
     <span class='ocr_line' id='line_1_54' title="bbox 1738 2800 3308 2873; baseline 0.004 -19"><span class='ocrx_word' id='word_1_410' title='bbox 1738 2801 1828 2870; x_wconf 88' lang='lat' dir='ltr'><strong>qui</strong></span> <span class='ocrx_word' id='word_1_411' title='bbox 1861 2800 2187 2856; x_wconf 89' lang='lat' dir='ltr'><strong>domesticas</strong></span> <span class='ocrx_word' id='word_1_412' title='bbox 2240 2800 2426 2855; x_wconf 91' lang='lat' dir='ltr'><strong>laudes</strong></span> <span class='ocrx_word' id='word_1_413' title='bbox 2474 2802 2806 2873; x_wconf 75' lang='lat' dir='ltr'><strong>przedicem),</strong></span> <span class='ocrx_word' id='word_1_414' title='bbox 2846 2820 2951 2857; x_wconf 89' lang='lat' dir='ltr'><strong>una</strong></span> <span class='ocrx_word' id='word_1_415' title='bbox 3007 2814 3185 2860; x_wconf 88' lang='lat' dir='ltr'><strong>tamen</strong></span> <span class='ocrx_word' id='word_1_416' title='bbox 3214 2821 3308 2861; x_wconf 86' lang='lat' dir='ltr'><strong>eos</strong></span> 
     </span>
    </p>
   </div>
   <div class='ocr_carea' id='block_1_55' title="bbox 1740 2894 3307 2974">
    <p class='ocr_par' dir='ltr' id='par_1_55' title="bbox 1740 2894 3307 2974">
     <span class='ocr_line' id='line_1_55' title="bbox 1740 2894 3307 2974; baseline 0.002 -25"><span class='ocrx_word' id='word_1_417' title='bbox 1740 2910 1828 2949; x_wconf 90' lang='lat' dir='ltr'><strong>res</strong></span> <span class='ocrx_word' id='word_1_418' title='bbox 1863 2895 2203 2974; x_wconf 74' lang='lat' dir='ltr'><strong>potissimum</strong></span> <span class='ocrx_word' id='word_1_419' title='bbox 2260 2894 2538 2957; x_wconf 90' lang='lat' dir='ltr'><strong>nobilitat,</strong></span> <span class='ocrx_word' id='word_1_420' title='bbox 2570 2904 2622 2949; x_wconf 91' lang='lat' dir='ltr'><strong>et</strong></span> <span class='ocrx_word' id='word_1_421' title='bbox 2653 2894 2896 2965; x_wconf 78' lang='lat' dir='ltr'><strong>insignes</strong></span> <span class='ocrx_word' id='word_1_422' title='bbox 2922 2898 3114 2965; x_wconf 90' lang='lat' dir='ltr'><strong>reddit,</strong></span> <span class='ocrx_word' id='word_1_423' title='bbox 3149 2914 3307 2952; x_wconf 85' lang='lat' dir='ltr'><strong>nem-</strong></span> 
     </span>
    </p>
   </div>
   <div class='ocr_carea' id='block_1_56' title="bbox 1750 2986 3309 3059">
    <p class='ocr_par' dir='ltr' id='par_1_56' title="bbox 1750 2986 3309 3059">
     <span class='ocr_line' id='line_1_56' title="bbox 1750 2986 3309 3059; baseline 0 -16"><span class='ocrx_word' id='word_1_424' title='bbox 1750 3003 1816 3059; x_wconf 89' lang='lat' dir='ltr'><strong>pe</strong></span> <span class='ocrx_word' id='word_1_425' title='bbox 1870 2990 2061 3057; x_wconf 90' lang='lat' dir='ltr'><strong>pietas.</strong></span> <span class='ocrx_word' id='word_1_426' title='bbox 2098 2986 2207 3041; x_wconf 82' lang='lat' dir='ltr'><strong>llos</strong></span> <span class='ocrx_word' id='word_1_427' title='bbox 2247 3001 2441 3056; x_wconf 84' lang='lat' dir='ltr'><strong>graves</strong></span> <span class='ocrx_word' id='word_1_428' title='bbox 2486 2995 2541 3040; x_wconf 89' lang='lat' dir='ltr'><strong>ct</strong></span> <span class='ocrx_word' id='word_1_429' title='bbox 2596 3000 2762 3041; x_wconf 91' lang='lat' dir='ltr'><strong>canos</strong></span> <span class='ocrx_word' id='word_1_430' title='bbox 2809 2987 2955 3051; x_wconf 91' lang='lat' dir='ltr'><strong>dico,</strong></span> <span class='ocrx_word' id='word_1_431' title='bbox 2992 3001 3092 3041; x_wconf 91' lang='lat' dir='ltr'><strong>nec</strong></span> <span class='ocrx_word' id='word_1_432' title='bbox 3128 2988 3309 3043; x_wconf 69' lang='lat' dir='ltr'><strong>minus</strong></span> 
     </span>
    </p>
   </div>
   <div class='ocr_carea' id='block_1_57' title="bbox 109 3076 3307 3154">
    <p class='ocr_par' dir='ltr' id='par_1_57' title="bbox 109 3076 3307 3154">
     <span class='ocr_line' id='line_1_57' title="bbox 109 3076 3307 3154; baseline 0.003 -29"><span class='ocrx_word' id='word_1_433' title='bbox 109 3076 281 3130; x_wconf 66' lang='lat' dir='ltr'><strong>virtutis</strong></span> <span class='ocrx_word' id='word_1_434' title='bbox 350 3093 512 3146; x_wconf 86' lang='lat' dir='ltr'><strong>quam</strong></span> <span class='ocrx_word' id='word_1_435' title='bbox 601 3078 898 3133; x_wconf 85' lang='lat' dir='ltr'><strong>senectutis</strong></span> <span class='ocrx_word' id='word_1_436' title='bbox 954 3078 1171 3134; x_wconf 91' lang='lat' dir='ltr'><strong>nomine</strong></span> <span class='ocrx_word' id='word_1_437' title='bbox 1253 3080 1631 3137; x_wconf 86' lang='lat' dir='ltr'><strong>venerandos:</strong></span> <span class='ocrx_word' id='word_1_438' title='bbox 1672 3098 1899 3154; x_wconf 90' lang='lat' dir='ltr'><strong>quorum</strong></span> <span class='ocrx_word' id='word_1_439' title='bbox 1951 3094 2177 3149; x_wconf 85' lang='lat' dir='ltr'><strong>corpora</strong></span> <span class='ocrx_word' id='word_1_440' title='bbox 2221 3078 2439 3148; x_wconf 91' lang='lat' dir='ltr'><strong>quidem</strong></span> <span class='ocrx_word' id='word_1_441' title='bbox 2475 3087 2716 3148; x_wconf 90' lang='lat' dir='ltr'><strong>tempore</strong></span> <span class='ocrx_word' id='word_1_442' title='bbox 2753 3076 2926 3132; x_wconf 86' lang='lat' dir='ltr'><strong>fracta</strong></span> <span class='ocrx_word' id='word_1_443' title='bbox 2995 3087 3049 3134; x_wconf 89' lang='lat' dir='ltr'><strong>et</strong></span> <span class='ocrx_word' id='word_1_444' title='bbox 3117 3078 3150 3133; x_wconf 91' lang='lat' dir='ltr'><strong>d</strong></span> <span class='ocrx_word' id='word_1_445' title='bbox 3223 3078 3307 3133; x_wconf 79' lang='lat' dir='ltr'><strong>&quot;i-</strong></span> 
     </span>
    </p>
   </div>
   <div class='ocr_carea' id='block_1_58' title="bbox 109 3173 1594 3244">
    <p class='ocr_par' dir='ltr' id='par_1_58' title="bbox 109 3173 1594 3244">
     <span class='ocr_line' id='line_1_58' title="bbox 109 3173 1594 3244; baseline 0.008 -23"><span class='ocrx_word' id='word_1_446' title='bbox 109 3180 191 3223; x_wconf 78' lang='lat' dir='ltr'><strong>lata</strong></span> <span class='ocrx_word' id='word_1_447' title='bbox 220 3181 348 3237; x_wconf 89' lang='lat' dir='ltr'><strong>sunt,</strong></span> <span class='ocrx_word' id='word_1_448' title='bbox 377 3173 579 3228; x_wconf 70' lang='lat' dir='ltr'><strong>animae</strong></span> <span class='ocrx_word' id='word_1_449' title='bbox 611 3184 787 3229; x_wconf 88' lang='lat' dir='ltr'><strong>autem</strong></span> <span class='ocrx_word' id='word_1_450' title='bbox 820 3175 927 3230; x_wconf 90' lang='lat' dir='ltr'><strong>Deo</strong></span> <span class='ocrx_word' id='word_1_451' title='bbox 962 3176 1159 3231; x_wconf 87' lang='lat' dir='ltr'><strong>ﬂorent</strong></span> <span class='ocrx_word' id='word_1_452' title='bbox 1185 3191 1248 3229; x_wconf 91' lang='lat' dir='ltr'><strong>ac</strong></span> <span class='ocrx_word' id='word_1_453' title='bbox 1276 3176 1594 3244; x_wconf 87' lang='lat' dir='ltr'><strong>pubescunt.</strong></span> 
     </span>
    </p>
   </div>
   <div class='ocr_carea' id='block_1_59' title="bbox 160 3261 1637 3341">
    <p class='ocr_par' dir='ltr' id='par_1_59' title="bbox 160 3261 1637 3341">
     <span class='ocr_line' id='line_1_59' title="bbox 160 3261 1637 3341; baseline 0.007 -29"><span class='ocrx_word' id='word_1_454' title='bbox 160 3261 218 3316; x_wconf 82' lang='grc' dir='ltr'><strong>Γ.</strong></span> <span class='ocrx_word' id='word_1_455' title='bbox 246 3264 425 3336; x_wconf 80' lang='grc' dir='ltr'>Πατὴρ</span> <span class='ocrx_word' id='word_1_456' title='bbox 462 3264 567 3336; x_wconf 81' lang='grc' dir='ltr'><strong>μὲν</strong></span> <span class='ocrx_word' id='word_1_457' title='bbox 597 3267 660 3318; x_wconf 83' lang='grc' dir='ltr'><strong>ἐκ</strong></span> <span class='ocrx_word' id='word_1_458' title='bbox 683 3266 781 3337; x_wconf 81' lang='grc' dir='ltr'>τῆς</span> <span class='ocrx_word' id='word_1_459' title='bbox 808 3266 1116 3338; x_wconf 82' lang='grc' dir='ltr'>ἀγριελαίου</span> <span class='ocrx_word' id='word_1_460' title='bbox 1154 3267 1335 3329; x_wconf 85' lang='grc' dir='ltr'>καλῶς</span> <span class='ocrx_word' id='word_1_461' title='bbox 1366 3270 1637 3341; x_wconf 83' lang='grc' dir='ltr'>ὲγκεντρι-</span> 
     </span>
    </p>
   </div>
   <div class='ocr_carea' id='block_1_60' title="bbox 1748 3261 3305 3341">
    <p class='ocr_par' dir='ltr' id='par_1_60' title="bbox 1814 3264 3305 3335">
     <span class='ocr_line' id='line_1_60' title="bbox 1814 3264 3305 3335; baseline -0.001 -12"><span class='ocrx_word' id='word_1_462' title='bbox 1814 3267 1905 3324; x_wconf 92' lang='lat' dir='ltr'><strong>Ill.</strong></span> <span class='ocrx_word' id='word_1_463' title='bbox 1932 3266 2093 3321; x_wconf 86' lang='lat' dir='ltr'><strong>Pater</strong></span> <span class='ocrx_word' id='word_1_464' title='bbox 2115 3265 2329 3335; x_wconf 90' lang='lat' dir='ltr'><strong>quidem</strong></span> <span class='ocrx_word' id='word_1_465' title='bbox 2363 3280 2430 3320; x_wconf 83' lang='lat' dir='ltr'><strong>ex</strong></span> <span class='ocrx_word' id='word_1_466' title='bbox 2449 3266 2681 3321; x_wconf 89' lang='lat' dir='ltr'><strong>oleastro</strong></span> <span class='ocrx_word' id='word_1_467' title='bbox 2723 3265 2774 3320; x_wconf 92' lang='lat' dir='ltr'><strong>in</strong></span> <span class='ocrx_word' id='word_1_468' title='bbox 2822 3264 3158 3320; x_wconf 85' lang='lat' dir='ltr'><strong>fructiferam</strong></span> <span class='ocrx_word' id='word_1_469' title='bbox 3197 3267 3305 3321; x_wconf 85' lang='lat' dir='ltr'><strong>oli-</strong></span> 
     </span>
    </p>
   </div>
   <div class='ocr_carea' id='block_1_61' title="bbox 108 3352 1642 3433">
    <p class='ocr_par' dir='ltr' id='par_1_61' title="bbox 108 3352 1642 3433">
     <span class='ocr_line' id='line_1_61' title="bbox 108 3352 1642 3433; baseline 0.008 -30"><span class='ocrx_word' id='word_1_470' title='bbox 108 3352 222 3417; x_wconf 69' lang='grc' dir='ltr'>σθεὶς</span> <span class='ocrx_word' id='word_1_471' title='bbox 251 3356 321 3419; x_wconf 86' lang='grc' dir='ltr'><strong>είς</strong></span> <span class='ocrx_word' id='word_1_472' title='bbox 351 3357 449 3427; x_wconf 83' lang='grc' dir='ltr'><strong>τὴν</strong></span> <span class='ocrx_word' id='word_1_473' title='bbox 491 3358 852 3421; x_wconf 81' lang='grc' dir='ltr'>καλλιέλαιον,</span> <span class='ocrx_word' id='word_1_474' title='bbox 888 3360 985 3421; x_wconf 14' lang='grc' dir='ltr'>,καὶ</span> <span class='ocrx_word' id='word_1_475' title='bbox 1020 3359 1268 3413; x_wconf 77' lang='grc' dir='ltr'>τοσοῦτον</span> <span class='ocrx_word' id='word_1_476' title='bbox 1311 3363 1642 3433; x_wconf 80' lang='grc' dir='ltr'>κοινωνήσας</span> 
     </span>
    </p>
   </div>
   <div class='ocr_carea' id='block_1_62' title="bbox 107 3446 1643 3522">
    <p class='ocr_par' dir='ltr' id='par_1_62' title="bbox 107 3446 1643 3522">
     <span class='ocr_line' id='line_1_62' title="bbox 107 3446 1643 3522; baseline 0.006 -24"><span class='ocrx_word' id='word_1_477' title='bbox 107 3446 180 3515; x_wconf 73' lang='grc' dir='ltr'>τῆς</span> <span class='ocrx_word' id='word_1_478' title='bbox 212 3449 466 3519; x_wconf 82' lang='grc' dir='ltr'>πιότητος,</span> <span class='ocrx_word' id='word_1_479' title='bbox 534 3450 676 3504; x_wconf 79' lang='grc' dir='ltr'>ὥστε</span> <span class='ocrx_word' id='word_1_480' title='bbox 714 3452 807 3504; x_wconf 79' lang='grc' dir='ltr'><strong>καὶ</strong></span> <span class='ocrx_word' id='word_1_481' title='bbox 855 3451 1047 3515; x_wconf 82' lang='grc' dir='ltr'>ἄλλους</span> <span class='ocrx_word' id='word_1_482' title='bbox 1104 3454 1472 3522; x_wconf 77' lang='grc' dir='ltr'>ὲγκεντρίζειν</span> <span class='ocrx_word' id='word_1_483' title='bbox 1548 3473 1643 3507; x_wconf 88' lang='grc' dir='ltr'>πι-</span> 
     </span>
    </p>
   </div>
   <div class='ocr_carea' id='block_1_63' title="bbox 108 3539 1640 3617">
    <p class='ocr_par' dir='ltr' id='par_1_63' title="bbox 108 3539 1640 3617">
     <span class='ocr_line' id='line_1_63' title="bbox 108 3539 1640 3617; baseline 0.007 -28"><span class='ocrx_word' id='word_1_484' title='bbox 108 3539 368 3609; x_wconf 73' lang='grc' dir='ltr'>στευθῆναι,</span> <span class='ocrx_word' id='word_1_485' title='bbox 397 3541 512 3612; x_wconf 82' lang='grc'>(59)</span> <span class='ocrx_word' id='word_1_486' title='bbox 543 3543 638 3595; x_wconf 66' lang='grc' dir='ltr'><strong>κα)⁷</strong></span> <span class='ocrx_word' id='word_1_487' title='bbox 677 3542 970 3615; x_wconf 84' lang='grc' dir='ltr'>θεραπείαν</span> <span class='ocrx_word' id='word_1_488' title='bbox 1013 3544 1411 3614; x_wconf 80' lang='grc' dir='ltr'>ἐγχειρισθῆναι</span> <span class='ocrx_word' id='word_1_489' title='bbox 1438 3546 1640 3617; x_wconf 66' lang='grc' dir='ltr'>ψυχῶν,</span> 
     </span>
    </p>
   </div>
   <div class='ocr_carea' id='block_1_64' title="bbox 108 3630 1644 3707">
    <p class='ocr_par' dir='ltr' id='par_1_64' title="bbox 108 3630 1644 3707">
     <span class='ocr_line' id='line_1_64' title="bbox 108 3630 1644 3707; baseline 0.007 -25"><span class='ocrx_word' id='word_1_490' title='bbox 108 3630 267 3700; x_wconf 53' lang='lat' dir='ltr'><strong>ws,-</strong></span> <span class='ocrx_word' id='word_1_491' title='bbox 302 3633 521 3705; x_wconf 70' lang='grc' dir='ltr'>ὑψηλῶς</span> <span class='ocrx_word' id='word_1_492' title='bbox 544 3633 638 3686; x_wconf 80' lang='grc' dir='ltr'>τοῦ</span> <span class='ocrx_word' id='word_1_493' title='bbox 671 3634 799 3687; x_wconf 78' lang='grc' dir='ltr'>λαοῦ</span> <span class='ocrx_word' id='word_1_494' title='bbox 822 3636 971 3688; x_wconf 80' lang='grc' dir='ltr'>τοῦδε</span> <span class='ocrx_word' id='word_1_495' title='bbox 1002 3636 1485 3707; x_wconf 78' lang='grc' dir='ltr'>προκαθεζόμενος,</span> <span class='ocrx_word' id='word_1_496' title='bbox 1524 3640 1644 3693; x_wconf 84' lang='grc' dir='ltr'><strong>Ἀα-</strong></span> 
     </span>
    </p>
   </div>
   <div class='ocr_carea' id='block_1_65' title="bbox 107 3721 1643 3799">
    <p class='ocr_par' dir='ltr' id='par_1_65' title="bbox 107 3721 1643 3799">
     <span class='ocr_line' id='line_1_65' title="bbox 107 3721 1643 3799; baseline 0.003 -22"><span class='ocrx_word' id='word_1_497' title='bbox 107 3721 187 3790; x_wconf 81' lang='grc' dir='ltr'>ρὼν</span> <span class='ocrx_word' id='word_1_498' title='bbox 212 3742 285 3788; x_wconf 85' lang='grc' dir='ltr'><strong>τις</strong></span> <span class='ocrx_word' id='word_1_499' title='bbox 302 3726 579 3797; x_wconf 76' lang='grc' dir='ltr'>δεύτερος,</span> <span class='ocrx_word' id='word_1_500' title='bbox 614 3726 645 3796; x_wconf 82' lang='grc' dir='ltr'>ἢ</span> <span class='ocrx_word' id='word_1_501' title='bbox 680 3728 938 3796; x_wconf 74' lang='grc' dir='ltr'>Μωῦσῆς,</span> <span class='ocrx_word' id='word_1_502' title='bbox 978 3727 1095 3797; x_wconf 85' lang='grc' dir='ltr'><strong>Θεῴ</strong></span> <span class='ocrx_word' id='word_1_503' title='bbox 1133 3727 1448 3798; x_wconf 79' lang='grc' dir='ltr'>πλησιάζειν</span> <span class='ocrx_word' id='word_1_504' title='bbox 1482 3730 1643 3799; x_wconf 72' lang='grc' dir='ltr'>ἠξιω-</span> 
     </span>
    </p>
   </div>
   <div class='ocr_carea' id='block_1_66' title="bbox 109 3811 1643 3886">
    <p class='ocr_par' dir='ltr' id='par_1_66' title="bbox 109 3811 1643 3886">
     <span class='ocr_line' id='line_1_66' title="bbox 109 3811 1643 3886; baseline 0.004 -20"><span class='ocrx_word' id='word_1_505' title='bbox 109 3811 247 3876; x_wconf 80' lang='grc' dir='ltr'>μένος,</span> <span class='ocrx_word' id='word_1_506' title='bbox 278 3816 367 3867; x_wconf 73' lang='grc' dir='ltr'>κα).</span> <span class='ocrx_word' id='word_1_507' title='bbox 406 3815 561 3867; x_wconf 80' lang='grc' dir='ltr'>θείαν</span> <span class='ocrx_word' id='word_1_508' title='bbox 594 3815 775 3885; x_wconf 80' lang='grc' dir='ltr'>φωνὴν</span> <span class='ocrx_word' id='word_1_509' title='bbox 814 3818 1089 3886; x_wconf 77' lang='grc' dir='ltr'>χορηγεῖν,</span> <span class='ocrx_word' id='word_1_510' title='bbox 1138 3819 1249 3878; x_wconf 88' lang='grc' dir='ltr'>τοῖς</span> <span class='ocrx_word' id='word_1_511' title='bbox 1278 3816 1455 3880; x_wconf 80' lang='grc' dir='ltr'>ἄλλοις</span> <span class='ocrx_word' id='word_1_512' title='bbox 1499 3818 1643 3872; x_wconf 79' lang='grc' dir='ltr'>ἱστα-</span> 
     </span>
    </p>
   </div>
   <div class='ocr_carea' id='block_1_67' title="bbox 104 3904 1645 3978">
    <p class='ocr_par' dir='ltr' id='par_1_67' title="bbox 104 3904 1645 3978">
     <span class='ocr_line' id='line_1_67' title="bbox 104 3904 1645 3978; baseline 0.004 -23"><span class='ocrx_word' id='word_1_513' title='bbox 104 3904 247 3970; x_wconf 79' lang='grc' dir='ltr'>μένοις</span> <span class='ocrx_word' id='word_1_514' title='bbox 274 3906 582 3978; x_wconf 74' lang='grc' dir='ltr'>πόρῤωθεν,</span> <span class='ocrx_word' id='word_1_515' title='bbox 642 3907 835 3977; x_wconf 78' lang='grc' dir='ltr'>πρᾶος,</span> <span class='ocrx_word' id='word_1_516' title='bbox 891 3906 1177 3977; x_wconf 85' lang='grc' dir='ltr'>ἀόργητος,</span> <span class='ocrx_word' id='word_1_517' title='bbox 1212 3907 1442 3977; x_wconf 85' lang='grc' dir='ltr'>γαληνὸς</span> <span class='ocrx_word' id='word_1_518' title='bbox 1488 3908 1547 3961; x_wconf 77' lang='grc' dir='ltr'>τὸ</span> <span class='ocrx_word' id='word_1_519' title='bbox 1570 3904 1645 3961; x_wconf 78' lang='grc' dir='ltr'><strong>εἷ-</strong></span> 
     </span>
    </p>
   </div>
   <div class='ocr_carea' id='block_1_68' title="bbox 101 3994 1641 4071">
    <p class='ocr_par' dir='ltr' id='par_1_68' title="bbox 101 3994 1641 4071">
     <span class='ocr_line' id='line_1_68' title="bbox 101 3994 1641 4071; baseline 0.005 -26"><span class='ocrx_word' id='word_1_520' title='bbox 101 3994 166 4057; x_wconf 69' lang='lat' dir='ltr'><strong>cio;</strong></span> <span class='ocrx_word' id='word_1_521' title='bbox 184 3996 509 4069; x_wconf 68' lang='grc' dir='ltr'>ξ6ιι),θερμὸς</span> <span class='ocrx_word' id='word_1_522' title='bbox 532 3997 597 4050; x_wconf 84' lang='grc' dir='ltr'><strong>τὸ</strong></span> <span class='ocrx_word' id='word_1_523' title='bbox 618 3996 853 4068; x_wconf 74' lang='grc' dir='ltr'>πνεῦμα,</span> <span class='ocrx_word' id='word_1_524' title='bbox 884 3998 1049 4060; x_wconf 72' lang='grc' dir='ltr'>πολὺς</span> <span class='ocrx_word' id='word_1_525' title='bbox 1080 3998 1141 4050; x_wconf 82' lang='grc' dir='ltr'><strong>τὸ</strong></span> <span class='ocrx_word' id='word_1_526' title='bbox 1167 3999 1485 4069; x_wconf 79' lang='grc' dir='ltr'>φαινόμενον</span> <span class='ocrx_word' id='word_1_527' title='bbox 1512 3999 1641 4071; x_wconf 85' lang='grc'>(61),</span> 
     </span>
    </p>
   </div>
   <div class='ocr_carea' id='block_1_69' title="bbox 101 4086 1646 4165">
    <p class='ocr_par' dir='ltr' id='par_1_69' title="bbox 101 4086 1646 4165">
     <span class='ocr_line' id='line_1_69' title="bbox 101 4086 1646 4165; baseline 0.006 -28"><span class='ocrx_word' id='word_1_528' title='bbox 101 4086 450 4161; x_wconf 77' lang='grc' dir='ltr'>πλουσιώτερος</span> <span class='ocrx_word' id='word_1_529' title='bbox 470 4090 534 4143; x_wconf 76' lang='grc' dir='ltr'>τὸ</span> <span class='ocrx_word' id='word_1_530' title='bbox 562 4091 953 4162; x_wconf 82' lang='grc' dir='ltr'>κρυπτόμενον.</span> <span class='ocrx_word' id='word_1_531' title='bbox 992 4090 1054 4143; x_wconf 83' lang='grc' dir='ltr'>Τί</span> <span class='ocrx_word' id='word_1_532' title='bbox 1079 4089 1144 4143; x_wconf 85' lang='grc' dir='ltr'><strong>ἂν</strong></span> <span class='ocrx_word' id='word_1_533' title='bbox 1174 4092 1300 4161; x_wconf 81' lang='grc' dir='ltr'>ὑμῖν</span> <span class='ocrx_word' id='word_1_534' title='bbox 1330 4092 1646 4165; x_wconf 78' lang='grc' dir='ltr'>ἀναζωγρα-</span> 
     </span>
    </p>
   </div>
   <div class='ocr_carea' id='block_1_70' title="bbox 100 4181 1645 4255">
    <p class='ocr_par' dir='ltr' id='par_1_70' title="bbox 100 4181 1645 4255">
     <span class='ocr_line' id='line_1_70' title="bbox 100 4181 1645 4255; baseline 0.006 -26"><span class='ocrx_word' id='word_1_535' title='bbox 100 4181 223 4250; x_wconf 55' lang='lat' dir='ltr'><strong>enim;</strong></span> <span class='ocrx_word' id='word_1_536' title='bbox 248 4183 333 4235; x_wconf 75' lang='grc' dir='ltr'>τὸν</span> <span class='ocrx_word' id='word_1_537' title='bbox 358 4183 796 4254; x_wconf 88' lang='grc' dir='ltr'>γινωσκόμενον;</span> <span class='ocrx_word' id='word_1_538' title='bbox 826 4184 956 4236; x_wconf 78' lang='grc' dir='ltr'>Οὐδὲ</span> <span class='ocrx_word' id='word_1_539' title='bbox 984 4183 1090 4254; x_wconf 82' lang='grc' dir='ltr'>γὰρ</span> <span class='ocrx_word' id='word_1_540' title='bbox 1118 4186 1165 4236; x_wconf 89' lang='grc' dir='ltr'><strong>εί</strong></span> <span class='ocrx_word' id='word_1_541' title='bbox 1199 4185 1406 4255; x_wconf 73' lang='grc' dir='ltr'>μακρὸν</span> <span class='ocrx_word' id='word_1_542' title='bbox 1434 4186 1645 4239; x_wconf 85' lang='grc' dir='ltr'>ἀποτεί-</span> 
     </span>
    </p>
   </div>
   <div class='ocr_carea' id='block_1_71' title="bbox 97 4274 1641 4345">
    <p class='ocr_par' dir='ltr' id='par_1_71' title="bbox 97 4274 1641 4345">
     <span class='ocr_line' id='line_1_71' title="bbox 97 4274 1641 4345; baseline 0.004 -21"><span class='ocrx_word' id='word_1_543' title='bbox 97 4288 242 4341; x_wconf 80' lang='grc' dir='ltr'>νοιμεν</span> <span class='ocrx_word' id='word_1_544' title='bbox 269 4276 441 4345; x_wconf 87' lang='grc' dir='ltr'>λόγον,</span> <span class='ocrx_word' id='word_1_545' title='bbox 511 4278 762 4345; x_wconf 76' lang='grc' dir='ltr'>εἴποιμεν</span> <span class='ocrx_word' id='word_1_546' title='bbox 811 4276 876 4328; x_wconf 81' lang='grc' dir='ltr'>ἄν</span> <span class='ocrx_word' id='word_1_547' title='bbox 922 4293 972 4327; x_wconf 84' lang='grc' dir='ltr'><strong>τι</strong></span> <span class='ocrx_word' id='word_1_548' title='bbox 1031 4274 1283 4329; x_wconf 81' lang='grc' dir='ltr'>τοσοῦτον</span> <span class='ocrx_word' id='word_1_549' title='bbox 1327 4276 1446 4329; x_wconf 81' lang='grc' dir='ltr'>ὅσον</span> <span class='ocrx_word' id='word_1_550' title='bbox 1477 4278 1641 4343; x_wconf 79' lang='grc' dir='ltr'>ἄξιον,</span> 
     </span>
    </p>
   </div>
   <div class='ocr_carea' id='block_1_72' title="bbox 99 4361 1647 4431">
    <p class='ocr_par' dir='ltr' id='par_1_72' title="bbox 99 4361 1647 4431">
     <span class='ocr_line' id='line_1_72' title="bbox 99 4361 1647 4431; baseline 0.006 -20"><span class='ocrx_word' id='word_1_551' title='bbox 99 4361 168 4411; x_wconf 74' lang='grc' dir='ltr'><strong>καὶ</strong></span> <span class='ocrx_word' id='word_1_552' title='bbox 185 4364 293 4417; x_wconf 80' lang='grc' dir='ltr'>ὅσον</span> <span class='ocrx_word' id='word_1_553' title='bbox 329 4368 565 4430; x_wconf 74' lang='grc' dir='ltr'>ἕκαστος</span> <span class='ocrx_word' id='word_1_554' title='bbox 599 4364 980 4420; x_wconf 69' lang='grc' dir='ltr'>συνεπίσταται</span> <span class='ocrx_word' id='word_1_555' title='bbox 1025 4364 1134 4431; x_wconf 70' lang='grc'>(62)</span> <span class='ocrx_word' id='word_1_556' title='bbox 1185 4383 1244 4418; x_wconf 89' lang='grc' dir='ltr'><strong>τε</strong></span> <span class='ocrx_word' id='word_1_557' title='bbox 1289 4366 1381 4418; x_wconf 70' lang='grc' dir='ltr'><strong>καὶ</strong></span> <span class='ocrx_word' id='word_1_558' title='bbox 1431 4369 1647 4421; x_wconf 85' lang='grc' dir='ltr'>ἀπαιτεῖ</span> 
     </span>
    </p>
   </div>
   <div class='ocr_carea' id='block_1_73' title="bbox 97 4444 1645 4526">
    <p class='ocr_par' dir='ltr' id='par_1_73' title="bbox 97 4444 1645 4526">
     <span class='ocr_line' id='line_1_73' title="bbox 97 4444 1645 4526; baseline 0.008 -30"><span class='ocrx_word' id='word_1_559' title='bbox 97 4444 362 4517; x_wconf 80' lang='grc' dir='ltr'>τὸνλόγον·</span> <span class='ocrx_word' id='word_1_560' title='bbox 402 4454 501 4506; x_wconf 80' lang='grc' dir='ltr'><strong>καὶ</strong></span> <span class='ocrx_word' id='word_1_561' title='bbox 554 4453 759 4523; x_wconf 83' lang='grc' dir='ltr'>βέλτιον</span> <span class='ocrx_word' id='word_1_562' title='bbox 805 4452 1244 4514; x_wconf 67' lang='grc' dir='ltr'>ταῖςιύπονοίαις</span> <span class='ocrx_word' id='word_1_563' title='bbox 1298 4458 1645 4526; x_wconf 87' lang='grc' dir='ltr'>παραχωρεῖν</span> 
     </span>
    </p>
   </div>
   <div class='ocr_carea' id='block_1_74' title="bbox 1744 3356 3303 3426">
    <p class='ocr_par' dir='ltr' id='par_1_74' title="bbox 1744 3356 3303 3426">
     <span class='ocr_line' id='line_1_74' title="bbox 1744 3356 3303 3426; baseline -0.001 -13"><span class='ocrx_word' id='word_1_564' title='bbox 1744 3374 1867 3413; x_wconf 89' lang='lat' dir='ltr'><strong>vam</strong></span> <span class='ocrx_word' id='word_1_565' title='bbox 1913 3358 2137 3426; x_wconf 89' lang='lat' dir='ltr'><strong>pulchre</strong></span> <span class='ocrx_word' id='word_1_566' title='bbox 2188 3356 2405 3421; x_wconf 90' lang='lat' dir='ltr'><strong>insitus,</strong></span> <span class='ocrx_word' id='word_1_567' title='bbox 2447 3356 2887 3426; x_wconf 89' lang='lat' dir='ltr'><strong>pinguedinisque</strong></span> <span class='ocrx_word' id='word_1_568' title='bbox 2942 3371 3113 3425; x_wconf 90' lang='lat' dir='ltr'><strong>usque</strong></span> <span class='ocrx_word' id='word_1_569' title='bbox 3166 3358 3303 3411; x_wconf 87' lang='lat' dir='ltr'><strong>adeo</strong></span> 
     </span>
    </p>
   </div>
   <div class='ocr_carea' id='block_1_75' title="bbox 1744 3446 3305 3519">
    <p class='ocr_par' dir='ltr' id='par_1_75' title="bbox 1744 3446 3305 3519">
     <span class='ocr_line' id='line_1_75' title="bbox 1744 3446 3305 3519; baseline 0.001 -19"><span class='ocrx_word' id='word_1_570' title='bbox 1744 3448 2019 3519; x_wconf 84' lang='lat' dir='ltr'><strong>particeps</strong></span> <span class='ocrx_word' id='word_1_571' title='bbox 2066 3446 2261 3510; x_wconf 86' lang='lat' dir='ltr'><strong>factus,</strong></span> <span class='ocrx_word' id='word_1_572' title='bbox 2296 3456 2359 3499; x_wconf 90' lang='lat' dir='ltr'><strong>ut</strong></span> <span class='ocrx_word' id='word_1_573' title='bbox 2401 3446 2535 3501; x_wconf 91' lang='lat' dir='ltr'><strong>alios</strong></span> <span class='ocrx_word' id='word_1_574' title='bbox 2594 3461 2804 3515; x_wconf 91' lang='lat' dir='ltr'><strong>quoque</strong></span> <span class='ocrx_word' id='word_1_575' title='bbox 2850 3446 3123 3501; x_wconf 88' lang='lat' dir='ltr'><strong>inserendi</strong></span> <span class='ocrx_word' id='word_1_576' title='bbox 3175 3462 3305 3501; x_wconf 86' lang='lat' dir='ltr'><strong>cura</strong></span> 
     </span>
    </p>
   </div>
   <div class='ocr_carea' id='block_1_76' title="bbox 1745 3538 3303 3610">
    <p class='ocr_par' dir='ltr' id='par_1_76' title="bbox 1745 3538 3303 3610">
     <span class='ocr_line' id='line_1_76' title="bbox 1745 3538 3303 3610; baseline -0.002 -15"><span class='ocrx_word' id='word_1_577' title='bbox 1745 3541 1849 3610; x_wconf 90' lang='lat' dir='ltr'><strong>ipsi</strong></span> <span class='ocrx_word' id='word_1_578' title='bbox 1880 3540 2191 3605; x_wconf 89' lang='lat' dir='ltr'><strong>commissa,</strong></span> <span class='ocrx_word' id='word_1_579' title='bbox 2228 3548 2282 3593; x_wconf 90' lang='lat' dir='ltr'><strong>et</strong></span> <span class='ocrx_word' id='word_1_580' title='bbox 2320 3540 2620 3593; x_wconf 89' lang='lat' dir='ltr'><strong>animarum</strong></span> <span class='ocrx_word' id='word_1_581' title='bbox 2668 3538 2878 3593; x_wconf 87' lang='lat' dir='ltr'><strong>cultura</strong></span> <span class='ocrx_word' id='word_1_582' title='bbox 2932 3540 3183 3593; x_wconf 89' lang='lat' dir='ltr'><strong>mandata</strong></span> <span class='ocrx_word' id='word_1_583' title='bbox 3214 3540 3303 3605; x_wconf 92' lang='lat' dir='ltr'><strong>sit,</strong></span> 
     </span>
    </p>
   </div>
   <div class='ocr_carea' id='block_1_77' title="bbox 1743 3630 3307 3700">
    <p class='ocr_par' dir='ltr' id='par_1_77' title="bbox 1743 3630 3307 3700">
     <span class='ocr_line' id='line_1_77' title="bbox 1743 3630 3307 3700; baseline -0.001 -13"><span class='ocrx_word' id='word_1_584' title='bbox 1743 3633 1991 3687; x_wconf 77' lang='lat' dir='ltr'><strong>excelsus</strong></span> <span class='ocrx_word' id='word_1_585' title='bbox 2075 3632 2291 3687; x_wconf 74' lang='lat' dir='ltr'><strong>excelse</strong></span> <span class='ocrx_word' id='word_1_586' title='bbox 2366 3631 2490 3685; x_wconf 92' lang='lat' dir='ltr'><strong>huic</strong></span> <span class='ocrx_word' id='word_1_587' title='bbox 2543 3631 2738 3700; x_wconf 89' lang='lat' dir='ltr'><strong>populo</strong></span> <span class='ocrx_word' id='word_1_588' title='bbox 2798 3630 3113 3699; x_wconf 60' lang='lat' dir='ltr'><strong>praesidens,</strong></span> <span class='ocrx_word' id='word_1_589' title='bbox 3171 3632 3307 3685; x_wconf 88' lang='lat' dir='ltr'><strong>alter</strong></span> 
     </span>
    </p>
   </div>
   <div class='ocr_carea' id='block_1_78' title="bbox 1744 3712 3308 3797">
    <p class='ocr_par' dir='ltr' id='par_1_78' title="bbox 1744 3712 3308 3797">
     <span class='ocr_line' id='line_1_78' title="bbox 1744 3712 3308 3797; baseline -0.003 -18"><span class='ocrx_word' id='word_1_590' title='bbox 1744 3712 1945 3791; x_wconf 74' lang='lat' dir='ltr'><strong>Aaron,</strong></span> <span class='ocrx_word' id='word_1_591' title='bbox 1983 3733 2075 3778; x_wconf 88' lang='lat' dir='ltr'><strong>aut</strong></span> <span class='ocrx_word' id='word_1_592' title='bbox 2113 3722 2307 3787; x_wconf 85' lang='lat' dir='ltr'><strong>Moses,</strong></span> <span class='ocrx_word' id='word_1_593' title='bbox 2354 3722 2491 3797; x_wconf 88' lang='lat' dir='ltr'><strong>hanc</strong></span> <span class='ocrx_word' id='word_1_594' title='bbox 2526 3722 2839 3793; x_wconf 88' lang='lat' dir='ltr'><strong>dignitatem</strong></span> <span class='ocrx_word' id='word_1_595' title='bbox 2872 3730 3212 3785; x_wconf 82' lang='lat' dir='ltr'><strong>consecutus,</strong></span> <span class='ocrx_word' id='word_1_596' title='bbox 3250 3732 3308 3776; x_wconf 83' lang='lat' dir='ltr'><strong>ut</strong></span> 
     </span>
    </p>
   </div>
   <div class='ocr_carea' id='block_1_79' title="bbox 1745 3815 3309 3885">
    <p class='ocr_par' dir='ltr' id='par_1_79' title="bbox 1745 3815 3309 3885">
     <span class='ocr_line' id='line_1_79' title="bbox 1745 3815 3309 3885; baseline -0.001 -13"><span class='ocrx_word' id='word_1_597' title='bbox 1745 3818 1812 3872; x_wconf 92' lang='lat' dir='ltr'><strong>ad</strong></span> <span class='ocrx_word' id='word_1_598' title='bbox 1863 3818 2026 3870; x_wconf 90' lang='lat' dir='ltr'><strong>Deum</strong></span> <span class='ocrx_word' id='word_1_599' title='bbox 2078 3817 2492 3885; x_wconf 71' lang='lat' dir='ltr'><strong>approliinquet,</strong></span> <span class='ocrx_word' id='word_1_600' title='bbox 2543 3830 2607 3869; x_wconf 89' lang='lat' dir='ltr'><strong>ac</strong></span> <span class='ocrx_word' id='word_1_601' title='bbox 2656 3830 2839 3870; x_wconf 89' lang='lat' dir='ltr'><strong>vocem</strong></span> <span class='ocrx_word' id='word_1_602' title='bbox 2891 3815 3124 3869; x_wconf 87' lang='lat' dir='ltr'><strong>divinam</strong></span> <span class='ocrx_word' id='word_1_603' title='bbox 3185 3815 3309 3871; x_wconf 76' lang='lat' dir='ltr'><strong>aliis</strong></span> 
     </span>
    </p>
   </div>
   <div class='ocr_carea' id='block_1_80' title="bbox 1746 3905 3306 3975">
    <p class='ocr_par' dir='ltr' id='par_1_80' title="bbox 1746 3905 3306 3975">
     <span class='ocr_line' id='line_1_80' title="bbox 1746 3905 3306 3975; baseline -0.001 -17"><span class='ocrx_word' id='word_1_604' title='bbox 1746 3906 1932 3975; x_wconf 88' lang='lat' dir='ltr'><strong>procul</strong></span> <span class='ocrx_word' id='word_1_605' title='bbox 2020 3906 2288 3959; x_wconf 89' lang='lat' dir='ltr'><strong>stantibus</strong></span> <span class='ocrx_word' id='word_1_606' title='bbox 2349 3905 2764 3966; x_wconf 88' lang='lat' dir='ltr'><strong>snbministret,</strong></span> <span class='ocrx_word' id='word_1_607' title='bbox 2829 3914 3179 3966; x_wconf 88' lang='lat' dir='ltr'><strong>mansuetus,</strong></span> <span class='ocrx_word' id='word_1_608' title='bbox 3238 3906 3306 3957; x_wconf 86' lang='lat' dir='ltr'><strong>ab</strong></span> 
     </span>
    </p>
   </div>
   <div class='ocr_carea' id='block_1_81' title="bbox 1746 3993 3309 4064">
    <p class='ocr_par' dir='ltr' id='par_1_81' title="bbox 1746 3993 3309 4064">
     <span class='ocr_line' id='line_1_81' title="bbox 1746 3993 3309 4064; baseline -0.001 -15"><span class='ocrx_word' id='word_1_609' title='bbox 1746 3997 1827 4049; x_wconf 84' lang='lat' dir='ltr'><strong>ira</strong></span> <span class='ocrx_word' id='word_1_610' title='bbox 1863 3995 2088 4059; x_wconf 90' lang='lat' dir='ltr'><strong>alienus,</strong></span> <span class='ocrx_word' id='word_1_611' title='bbox 2122 3995 2269 4049; x_wconf 90' lang='lat' dir='ltr'><strong>vultu</strong></span> <span class='ocrx_word' id='word_1_612' title='bbox 2307 3994 2647 4064; x_wconf 88' lang='lat' dir='ltr'><strong>tranquillus,</strong></span> <span class='ocrx_word' id='word_1_613' title='bbox 2692 3993 2884 4063; x_wconf 86' lang='lat' dir='ltr'><strong>spiritu</strong></span> <span class='ocrx_word' id='word_1_614' title='bbox 2928 3994 3188 4058; x_wconf 85' lang='lat' dir='ltr'><strong>fervidus,</strong></span> <span class='ocrx_word' id='word_1_615' title='bbox 3223 3995 3309 4047; x_wconf 89' lang='lat' dir='ltr'><strong>di-</strong></span> 
     </span>
    </p>
   </div>
   <div class='ocr_carea' id='block_1_82' title="bbox 1748 4087 3306 4158">
    <p class='ocr_par' dir='ltr' id='par_1_82' title="bbox 1748 4087 3306 4158">
     <span class='ocr_line' id='line_1_82' title="bbox 1748 4087 3306 4158; baseline 0.001 -18"><span class='ocrx_word' id='word_1_616' title='bbox 1748 4103 1837 4143; x_wconf 77' lang='lat' dir='ltr'><strong>ves</strong></span> <span class='ocrx_word' id='word_1_617' title='bbox 1870 4089 1955 4143; x_wconf 90' lang='lat' dir='ltr'><strong>bis</strong></span> <span class='ocrx_word' id='word_1_618' title='bbox 1994 4088 2154 4142; x_wconf 85' lang='lat' dir='ltr'><strong>rebus</strong></span> <span class='ocrx_word' id='word_1_619' title='bbox 2184 4104 2303 4158; x_wconf 77' lang='lat' dir='ltr'><strong>quae</strong></span> <span class='ocrx_word' id='word_1_620' title='bbox 2343 4089 2514 4143; x_wconf 90' lang='lat' dir='ltr'><strong>oculis</strong></span> <span class='ocrx_word' id='word_1_621' title='bbox 2537 4097 2855 4151; x_wconf 89' lang='lat' dir='ltr'><strong>cernuntur,</strong></span> <span class='ocrx_word' id='word_1_622' title='bbox 2887 4087 3052 4141; x_wconf 90' lang='lat' dir='ltr'><strong>ditior</strong></span> <span class='ocrx_word' id='word_1_623' title='bbox 3090 4087 3155 4141; x_wconf 92' lang='lat' dir='ltr'><strong>iis</strong></span> <span class='ocrx_word' id='word_1_624' title='bbox 3186 4102 3306 4154; x_wconf 74' lang='lat' dir='ltr'><strong>quaa</strong></span> 
     </span>
    </p>
   </div>
   <div class='ocr_carea' id='block_1_83' title="bbox 1747 4176 3306 4245">
    <p class='ocr_par' dir='ltr' id='par_1_83' title="bbox 1747 4176 3306 4245">
     <span class='ocr_line' id='line_1_83' title="bbox 1747 4176 3306 4245; baseline -0.001 -11"><span class='ocrx_word' id='word_1_625' title='bbox 1747 4189 1902 4234; x_wconf 86' lang='lat' dir='ltr'><strong>tectae</strong></span> <span class='ocrx_word' id='word_1_626' title='bbox 1934 4188 1988 4234; x_wconf 91' lang='lat' dir='ltr'><strong>et</strong></span> <span class='ocrx_word' id='word_1_627' title='bbox 2018 4181 2347 4235; x_wconf 76' lang='lat' dir='ltr'><strong>abscondita:</strong></span> <span class='ocrx_word' id='word_1_628' title='bbox 2398 4188 2543 4234; x_wconf 90' lang='lat' dir='ltr'><strong>sunt.</strong></span> <span class='ocrx_word' id='word_1_629' title='bbox 2573 4179 2708 4245; x_wconf 85' lang='lat' dir='ltr'><strong>Quid</strong></span> <span class='ocrx_word' id='word_1_630' title='bbox 2750 4186 2928 4232; x_wconf 89' lang='lat' dir='ltr'><strong>autem</strong></span> <span class='ocrx_word' id='word_1_631' title='bbox 2961 4176 3112 4233; x_wconf 88' lang='lat' dir='ltr'><strong>vobis</strong></span> <span class='ocrx_word' id='word_1_632' title='bbox 3158 4193 3306 4242; x_wconf 89' lang='lat' dir='ltr'><strong>eum,</strong></span> 
     </span>
    </p>
   </div>
   <div class='ocr_carea' id='block_1_84' title="bbox 1745 4269 3305 4341">
    <p class='ocr_par' dir='ltr' id='par_1_84' title="bbox 1745 4269 3305 4341">
     <span class='ocr_line' id='line_1_84' title="bbox 1745 4269 3305 4341; baseline -0.002 -16"><span class='ocrx_word' id='word_1_633' title='bbox 1745 4276 1834 4341; x_wconf 92' lang='lat' dir='ltr'><strong>qui</strong></span> <span class='ocrx_word' id='word_1_634' title='bbox 1869 4284 2028 4328; x_wconf 89' lang='lat' dir='ltr'><strong>notus</strong></span> <span class='ocrx_word' id='word_1_635' title='bbox 2057 4282 2161 4339; x_wconf 90' lang='lat' dir='ltr'><strong>est,</strong></span> <span class='ocrx_word' id='word_1_636' title='bbox 2202 4274 2510 4329; x_wconf 88' lang='lat' dir='ltr'><strong>describere</strong></span> <span class='ocrx_word' id='word_1_637' title='bbox 2538 4271 2857 4341; x_wconf 84' lang='lat' dir='ltr'><strong>aggredior?</strong></span> <span class='ocrx_word' id='word_1_638' title='bbox 2910 4269 3093 4340; x_wconf 84' lang='lat' dir='ltr'><strong>Neque</strong></span> <span class='ocrx_word' id='word_1_639' title='bbox 3136 4270 3305 4334; x_wconf 83' lang='lat' dir='ltr'><strong>enim,</strong></span> 
     </span>
    </p>
   </div>
   <div class='ocr_carea' id='block_1_85' title="bbox 1746 4365 3296 4434">
    <p class='ocr_par' dir='ltr' id='par_1_85' title="bbox 1746 4365 3296 4434">
     <span class='ocr_line' id='line_1_85' title="bbox 1746 4365 3296 4434; baseline -0.003 -15"><span class='ocrx_word' id='word_1_640' title='bbox 1746 4366 1953 4419; x_wconf 84' lang='lat' dir='ltr'><strong>etiamsi</strong></span> <span class='ocrx_word' id='word_1_641' title='bbox 1997 4382 2300 4421; x_wconf 90' lang='lat' dir='ltr'><strong>sermonem</strong></span> <span class='ocrx_word' id='word_1_642' title='bbox 2331 4366 2382 4419; x_wconf 92' lang='lat' dir='ltr'><strong>in</strong></span> <span class='ocrx_word' id='word_1_643' title='bbox 2420 4366 2635 4434; x_wconf 89' lang='lat' dir='ltr'><strong>longum</strong></span> <span class='ocrx_word' id='word_1_644' title='bbox 2678 4365 3072 4433; x_wconf 90' lang='lat' dir='ltr'><strong>protraherem,</strong></span> <span class='ocrx_word' id='word_1_645' title='bbox 3108 4378 3296 4432; x_wconf 89' lang='lat' dir='ltr'><strong>parem</strong></span> 
     </span>
    </p>
   </div>
   <div class='ocr_carea' id='block_1_86' title="bbox 1748 4456 3308 4525">
    <p class='ocr_par' dir='ltr' id='par_1_86' title="bbox 1748 4456 3308 4525">
     <span class='ocr_line' id='line_1_86' title="bbox 1748 4456 3308 4525; baseline -0.003 -14"><span class='ocrx_word' id='word_1_646' title='bbox 1748 4468 1926 4511; x_wconf 88' lang='lat' dir='ltr'><strong>tamen</strong></span> <span class='ocrx_word' id='word_1_647' title='bbox 1958 4458 2103 4512; x_wconf 91' lang='lat' dir='ltr'><strong>illius</strong></span> <span class='ocrx_word' id='word_1_648' title='bbox 2133 4458 2319 4511; x_wconf 88' lang='lat' dir='ltr'><strong>virtuti</strong></span> <span class='ocrx_word' id='word_1_649' title='bbox 2358 4458 2663 4511; x_wconf 89' lang='lat' dir='ltr'><strong>orationem</strong></span> <span class='ocrx_word' id='word_1_650' title='bbox 2693 4456 2967 4520; x_wconf 83' lang='lat' dir='ltr'><strong>all&#39;erretn,</strong></span> <span class='ocrx_word' id='word_1_651' title='bbox 3015 4465 3308 4525; x_wconf 88' lang='lat' dir='ltr'><strong>quantum-</strong></span> 
     </span>
    </p>
   </div>
   <div class='ocr_carea' id='block_1_87' title="bbox 98 4534 1637 4619">
    <p class='ocr_par' dir='ltr' id='par_1_87' title="bbox 98 4534 1637 4617">
     <span class='ocr_line' id='line_1_87' title="bbox 98 4534 1637 4617; baseline -0.001 -17"><span class='ocrx_word' id='word_1_652' title='bbox 98 4534 183 4604; x_wconf 74' lang='lat'><strong>(63)</strong></span> <span class='ocrx_word' id='word_1_653' title='bbox 220 4540 250 4611; x_wconf 69' lang='grc' dir='ltr'>ἢ</span> <span class='ocrx_word' id='word_1_654' title='bbox 288 4542 363 4613; x_wconf 80' lang='grc' dir='ltr'><strong>τῷ</strong></span> <span class='ocrx_word' id='word_1_655' title='bbox 405 4544 557 4614; x_wconf 84' lang='grc' dir='ltr'>λόγῳ</span> <span class='ocrx_word' id='word_1_656' title='bbox 601 4545 660 4597; x_wconf 82' lang='grc' dir='ltr'><strong>τὸ</strong></span> <span class='ocrx_word' id='word_1_657' title='bbox 710 4544 843 4597; x_wconf 81' lang='grc' dir='ltr'>πολὺ</span> <span class='ocrx_word' id='word_1_658' title='bbox 893 4543 1243 4613; x_wconf 87' lang='grc' dir='ltr'>περικόπτειν</span> <span class='ocrx_word' id='word_1_659' title='bbox 1302 4544 1395 4597; x_wconf 79' lang='grc' dir='ltr'>τοῦ</span> <span class='ocrx_word' id='word_1_660' title='bbox 1438 4546 1637 4617; x_wconf 85' lang='grc' dir='ltr'>θαύμα-</span> 
     </span>
    </p>
   </div>
   <div class='ocr_carea' id='block_1_88' title="bbox 1748 4534 3304 4619">
    <p class='ocr_par' dir='ltr' id='par_1_88' title="bbox 1748 4546 3304 4619">
     <span class='ocr_line' id='line_1_88' title="bbox 1748 4546 3304 4619; baseline -0.002 -17"><span class='ocrx_word' id='word_1_661' title='bbox 1748 4565 1851 4615; x_wconf 88' lang='lat' dir='ltr'><strong>que</strong></span> <span class='ocrx_word' id='word_1_662' title='bbox 1885 4550 2257 4619; x_wconf 85' lang='lat' dir='ltr'><strong>unusquisque</strong></span> <span class='ocrx_word' id='word_1_663' title='bbox 2290 4560 2530 4604; x_wconf 89' lang='lat' dir='ltr'><strong>vestrum</strong></span> <span class='ocrx_word' id='word_1_664' title='bbox 2583 4550 2733 4603; x_wconf 88' lang='lat' dir='ltr'><strong>novit</strong></span> <span class='ocrx_word' id='word_1_665' title='bbox 2775 4565 2838 4604; x_wconf 88' lang='lat' dir='ltr'><strong>ac</strong></span> <span class='ocrx_word' id='word_1_666' title='bbox 2864 4548 3123 4618; x_wconf 89' lang='lat' dir='ltr'><strong>postulat,</strong></span> <span class='ocrx_word' id='word_1_667' title='bbox 3153 4546 3304 4601; x_wconf 84' lang='lat' dir='ltr'><strong>dice-</strong></span> 
     </span>
    </p>
   </div>
   <div class='ocr_carea' id='block_1_89' title="bbox 104 4644 179 4691">
    <p class='ocr_par' dir='ltr' id='par_1_89' title="bbox 104 4644 179 4691">
     <span class='ocr_line' id='line_1_89' title="bbox 104 4644 179 4691; baseline 0 -15"><span class='ocrx_word' id='word_1_668' title='bbox 104 4644 179 4691; x_wconf 74' lang='grc' dir='ltr'>τος,</span> 
     </span>
    </p>
   </div>
   <div class='ocr_carea' id='block_1_90' title="bbox 1666 4634 3305 4710">
    <p class='ocr_par' dir='ltr' id='par_1_90' title="bbox 1666 4634 3305 4710">
     <span class='ocr_line' id='line_1_90' title="bbox 1666 4634 3305 4710; baseline -0.002 -16"><span class='ocrx_word' id='word_1_669' title='bbox 1666 4634 1719 4694; x_wconf 87' lang='lat' dir='ltr'><strong>D</strong></span> <span class='ocrx_word' id='word_1_670' title='bbox 1748 4659 1880 4697; x_wconf 89' lang='lat' dir='ltr'><strong>rem.</strong></span> <span class='ocrx_word' id='word_1_671' title='bbox 1913 4643 1989 4696; x_wconf 85' lang='lat' dir='ltr'><strong>Ac</strong></span> <span class='ocrx_word' id='word_1_672' title='bbox 2038 4651 2259 4710; x_wconf 70' lang='lat' dir='ltr'><strong>praastat</strong></span> <span class='ocrx_word' id='word_1_673' title='bbox 2307 4641 2357 4695; x_wconf 91' lang='lat' dir='ltr'><strong>id</strong></span> <span class='ocrx_word' id='word_1_674' title='bbox 2388 4641 2440 4695; x_wconf 93' lang='lat' dir='ltr'><strong>iu</strong></span> <span class='ocrx_word' id='word_1_675' title='bbox 2480 4640 2822 4708; x_wconf 88' lang='lat' dir='ltr'><strong>opinionibus</strong></span> <span class='ocrx_word' id='word_1_676' title='bbox 2851 4640 3048 4695; x_wconf 87' lang='lat' dir='ltr'><strong>vestris</strong></span> <span class='ocrx_word' id='word_1_677' title='bbox 3075 4646 3130 4693; x_wconf 82' lang='lat' dir='ltr'><strong>et</strong></span> <span class='ocrx_word' id='word_1_678' title='bbox 3161 4637 3305 4707; x_wconf 86' lang='lat' dir='ltr'><strong>cogi-</strong></span> 
     </span>
    </p>
   </div>
   <div class='ocr_carea' id='block_1_91' title="bbox 96 4719 2766 4805">
    <p class='ocr_par' dir='ltr' id='par_1_91' title="bbox 96 4719 2766 4805">
     <span class='ocr_line' id='line_1_91' title="bbox 96 4719 2766 4805; baseline 0.006 -34"><span class='ocrx_word' id='word_1_679' title='bbox 96 4719 353 4779; x_wconf 68' lang='lat' dir='ltr'><strong>lationibus</strong></span> <span class='ocrx_word' id='word_1_680' title='bbox 408 4726 747 4796; x_wconf 89' lang='lat' dir='ltr'><strong>relinquere,</strong></span> <span class='ocrx_word' id='word_1_681' title='bbox 803 4742 961 4796; x_wconf 87' lang='lat' dir='ltr'><strong>quam</strong></span> <span class='ocrx_word' id='word_1_682' title='bbox 1001 4727 1162 4796; x_wconf 80' lang='lat'><strong>200</strong></span> <span class='ocrx_word' id='word_1_683' title='bbox 1213 4742 1461 4783; x_wconf 82' lang='lat' dir='ltr'><strong>sermone</strong></span> <span class='ocrx_word' id='word_1_684' title='bbox 1512 4745 1632 4786; x_wconf 89' lang='lat' dir='ltr'><strong>meo</strong></span> <span class='ocrx_word' id='word_1_685' title='bbox 1668 4748 1919 4805; x_wconf 81' lang='lat' dir='ltr'><strong>magnam</strong></span> <span class='ocrx_word' id='word_1_686' title='bbox 1960 4734 2201 4790; x_wconf 89' lang='lat' dir='ltr'><strong>miraculi</strong></span> <span class='ocrx_word' id='word_1_687' title='bbox 2231 4743 2435 4804; x_wconf 88' lang='lat' dir='ltr'><strong>partem</strong></span> <span class='ocrx_word' id='word_1_688' title='bbox 2460 4743 2766 4802; x_wconf 88' lang='lat' dir='ltr'><strong>amputare.</strong></span> 
     </span>
    </p>
   </div>
   <div class='ocr_carea' id='block_1_92' title="bbox 148 4816 1645 4894">
    <p class='ocr_par' dir='ltr' id='par_1_92' title="bbox 148 4816 1645 4894">
     <span class='ocr_line' id='line_1_92' title="bbox 148 4816 1645 4894; baseline 0.009 -27"><span class='ocrx_word' id='word_1_689' title='bbox 148 4816 209 4870; x_wconf 82' lang='lat' dir='ltr'><strong>A&#39;.</strong></span> <span class='ocrx_word' id='word_1_690' title='bbox 238 4817 439 4893; x_wconf 74' lang='grc' dir='ltr'>Μήτηρ</span> <span class='ocrx_word' id='word_1_691' title='bbox 467 4821 527 4875; x_wconf 82' lang='grc' dir='ltr'><strong>δὲ</strong></span> <span class='ocrx_word' id='word_1_692' title='bbox 569 4821 775 4877; x_wconf 81' lang='grc' dir='ltr'>ἄνωθεν</span> <span class='ocrx_word' id='word_1_693' title='bbox 809 4822 907 4894; x_wconf 85' lang='grc' dir='ltr'>μὲν</span> <span class='ocrx_word' id='word_1_694' title='bbox 941 4823 1032 4876; x_wconf 78' lang='grc' dir='ltr'><strong>καὶ</strong></span> <span class='ocrx_word' id='word_1_695' title='bbox 1062 4823 1126 4875; x_wconf 80' lang='grc' dir='ltr'><strong>ἐκ</strong></span> <span class='ocrx_word' id='word_1_696' title='bbox 1158 4823 1434 4894; x_wconf 85' lang='grc' dir='ltr'>προγόνων</span> <span class='ocrx_word' id='word_1_697' title='bbox 1463 4826 1645 4880; x_wconf 88' lang='grc' dir='ltr'>καθιε-</span> 
     </span>
    </p>
   </div>
   <div class='ocr_carea' id='block_1_93' title="bbox 149 5020 1236 5101">
    <p class='ocr_par' dir='ltr' id='par_1_93' title="bbox 149 5020 1236 5101">
     <span class='ocr_line' id='line_1_93' title="bbox 149 5020 1236 5101; baseline 0.007 -19"><span class='ocrx_word' id='word_1_698' title='bbox 149 5020 185 5053; x_wconf 84' lang='grc'><strong>⁸¹</strong></span> <span class='ocrx_word' id='word_1_699' title='bbox 207 5023 358 5084; x_wconf 81' lang='lat' dir='ltr'><strong>Prov.</strong></span> <span class='ocrx_word' id='word_1_700' title='bbox 396 5045 453 5096; x_wconf 71' lang='grc' dir='ltr'><strong>ι,</strong></span> <span class='ocrx_word' id='word_1_701' title='bbox 489 5030 546 5084; x_wconf 87' lang='grc'><strong>7.</strong></span> <span class='ocrx_word' id='word_1_702' title='bbox 628 5031 671 5061; x_wconf 68' lang='grc'><strong>⁵³³</strong></span> <span class='ocrx_word' id='word_1_703' title='bbox 690 5033 854 5088; x_wconf 86' lang='lat' dir='ltr'><strong>Eccli.</strong></span> <span class='ocrx_word' id='word_1_704' title='bbox 889 5052 1114 5101; x_wconf 78' lang='lat' dir='ltr'><strong>xxxvnt,</strong></span> <span class='ocrx_word' id='word_1_705' title='bbox 1155 5038 1236 5090; x_wconf 88' lang='grc'><strong>16.</strong></span> 
     </span>
    </p>
   </div>
   <div class='ocr_carea' id='block_1_94' title="bbox 149 5206 1613 5283">
    <p class='ocr_par' dir='ltr' id='par_1_94' title="bbox 149 5206 1613 5283">
     <span class='ocr_line' id='line_1_94' title="bbox 149 5206 1613 5283; baseline 0.005 -21"><span class='ocrx_word' id='word_1_706' title='bbox 149 5206 245 5283; x_wconf 60' lang='grc'>(55)</span> <span class='ocrx_word' id='word_1_707' title='bbox 274 5212 467 5283; x_wconf 17' lang='grc' dir='ltr'><strong>ῨἸσον.</strong></span> <span class='ocrx_word' id='word_1_708' title='bbox 512 5212 650 5283; x_wconf 77' lang='lat' dir='ltr'><strong>Reg.</strong></span> <span class='ocrx_word' id='word_1_709' title='bbox 690 5230 739 5277; x_wconf 70' lang='grc' dir='ltr'><strong>υ,</strong></span> <span class='ocrx_word' id='word_1_710' title='bbox 782 5214 945 5269; x_wconf 84' lang='lat' dir='ltr'><strong>Coisl.</strong></span> <span class='ocrx_word' id='word_1_711' title='bbox 978 5217 1028 5279; x_wconf 87' lang='grc'><strong>1,</strong></span> <span class='ocrx_word' id='word_1_712' title='bbox 1067 5218 1217 5283; x_wconf 78' lang='grc' dir='ltr'>ἴσως,</span> <span class='ocrx_word' id='word_1_713' title='bbox 1256 5238 1273 5269; x_wconf 82' lang='grc' dir='ltr'><strong>ι</strong></span> <span class='ocrx_word' id='word_1_714' title='bbox 1309 5216 1553 5273; x_wconf 86' lang='lat' dir='ltr'><strong>fortasse.</strong></span> <span class='ocrx_word' id='word_1_715' title='bbox 1596 5238 1613 5269; x_wconf 80' lang='grc' dir='ltr'><strong>ι</strong></span> 
     </span>
    </p>
   </div>
   <div class='ocr_carea' id='block_1_95' title="bbox 148 5278 1630 5355">
    <p class='ocr_par' dir='ltr' id='par_1_95' title="bbox 148 5278 1630 5355">
     <span class='ocr_line' id='line_1_95' title="bbox 148 5278 1630 5355; baseline 0.006 -24"><span class='ocrx_word' id='word_1_716' title='bbox 148 5278 245 5355; x_wconf 72' lang='grc'>(54)</span> <span class='ocrx_word' id='word_1_717' title='bbox 273 5278 702 5355; x_wconf 54' lang='grc' dir='ltr'><strong>Ἐπιθήσομὶ-ῃ.</strong></span> <span class='ocrx_word' id='word_1_718' title='bbox 730 5283 819 5337; x_wconf 88' lang='lat' dir='ltr'><strong>Sic</strong></span> <span class='ocrx_word' id='word_1_719' title='bbox 850 5284 979 5351; x_wconf 72' lang='lat' dir='ltr'><strong>Reg.</strong></span> <span class='ocrx_word' id='word_1_720' title='bbox 1013 5278 1101 5355; x_wconf 90' lang='lat' dir='ltr'><strong>ph,</strong></span> <span class='ocrx_word' id='word_1_721' title='bbox 1136 5278 1242 5341; x_wconf 74' lang='lat' dir='ltr'><strong>tres</strong></span> <span class='ocrx_word' id='word_1_722' title='bbox 1264 5289 1436 5345; x_wconf 53' lang='lat' dir='ltr'><strong>Coll».</strong></span> <span class='ocrx_word' id='word_1_723' title='bbox 1468 5289 1630 5341; x_wconf 77' lang='lat' dir='ltr'><strong>(.‘oisl.</strong></span> 
     </span>
    </p>
   </div>
   <div class='ocr_carea' id='block_1_96' title="bbox 96 5343 1630 5429">
    <p class='ocr_par' dir='ltr' id='par_1_96' title="bbox 96 5343 1630 5429">
     <span class='ocr_line' id='line_1_96' title="bbox 96 5343 1630 5429; baseline 0.011 -35"><span class='ocrx_word' id='word_1_724' title='bbox 96 5343 109 5393; x_wconf 92' lang='grc'><strong>1</strong></span> <span class='ocrx_word' id='word_1_725' title='bbox 141 5348 410 5429; x_wconf 13' lang='grc' dir='ltr'>ειῄἳηοτ.</span> <span class='ocrx_word' id='word_1_726' title='bbox 444 5343 498 5416; x_wconf 61' lang='grc'><strong>1’,</strong></span> <span class='ocrx_word' id='word_1_727' title='bbox 536 5343 597 5406; x_wconf 71' lang='grc' dir='ltr'>εἶ</span> <span class='ocrx_word' id='word_1_728' title='bbox 646 5352 870 5423; x_wconf 87' lang='lat' dir='ltr'><strong>llervag.</strong></span> <span class='ocrx_word' id='word_1_729' title='bbox 910 5343 1032 5410; x_wconf 62' lang='grc' dir='ltr'><strong>1³πὶ</strong></span> <span class='ocrx_word' id='word_1_730' title='bbox 1089 5343 1216 5411; x_wconf 72' lang='lat' dir='ltr'><strong>edit.</strong></span> <span class='ocrx_word' id='word_1_731' title='bbox 1279 5343 1630 5429; x_wconf 78' lang='grc' dir='ltr'>ἐπιδείξομεν,</span> 
     </span>
    </p>
   </div>
   <div class='ocr_carea' id='block_1_97' title="bbox 94 5420 538 5477">
    <p class='ocr_par' dir='ltr' id='par_1_97' title="bbox 94 5420 538 5477">
     <span class='ocr_line' id='line_1_97' title="bbox 94 5420 538 5477; baseline 0.011 -11"><span class='ocrx_word' id='word_1_732' title='bbox 94 5430 107 5461; x_wconf 80' lang='grc' dir='ltr'><strong>ι</strong></span> <span class='ocrx_word' id='word_1_733' title='bbox 132 5420 474 5477; x_wconf 84' lang='lat' dir='ltr'><strong>ostendemus.</strong></span> <span class='ocrx_word' id='word_1_734' title='bbox 519 5442 538 5471; x_wconf 73' lang='grc' dir='ltr'><strong>ι</strong></span> 
     </span>
    </p>
   </div>
   <div class='ocr_carea' id='block_1_98' title="bbox 144 5486 1581 5568">
    <p class='ocr_par' dir='ltr' id='par_1_98' title="bbox 144 5486 1581 5568">
     <span class='ocr_line' id='line_1_98' title="bbox 144 5486 1581 5568; baseline 0.003 -23"><span class='ocrx_word' id='word_1_735' title='bbox 280 5492 809 5568; x_wconf 68' lang='grc' dir='ltr'>ζζρεπωδέστατον.</span> <span class='ocrx_word' id='word_1_736' title='bbox 837 5495 1090 5568; x_wconf 80' lang='lat' dir='ltr'><strong>Reg._pb,</strong></span> <span class='ocrx_word' id='word_1_737' title='bbox 1124 5497 1581 5568; x_wconf 82' lang='grc' dir='ltr'>πρεπωδέστερον.</span> 
     </span>
    </p>
   </div>
   <div class='ocr_carea' id='block_1_99' title="bbox 114 5556 1636 5673">
    <p class='ocr_par' dir='ltr' id='par_1_99' title="bbox 114 5556 1636 5673">
     <span class='ocr_line' id='line_1_99' title="bbox 114 5556 1636 5673; baseline 0.009 -65"><span class='ocrx_word' id='word_1_738' title='bbox 114 5556 243 5673; x_wconf 51' lang='lat' dir='ltr'><strong>é{5326)</strong></span> <span class='ocrx_word' id='word_1_739' title='bbox 279 5562 577 5631; x_wconf 75' lang='grc' dir='ltr'>Ζηλοῦτε.</span> <span class='ocrx_word' id='word_1_740' title='bbox 636 5567 764 5637; x_wconf 74' lang='lat' dir='ltr'><strong>lleg.</strong></span> <span class='ocrx_word' id='word_1_741' title='bbox 820 5556 943 5635; x_wconf 50' lang='lat' dir='ltr'><strong>ph;</strong></span> <span class='ocrx_word' id='word_1_742' title='bbox 968 5556 1247 5633; x_wconf 39' lang='grc' dir='ltr'>σπίζαι</span> <span class='ocrx_word' id='word_1_743' title='bbox 1295 5566 1402 5622; x_wconf 82' lang='lat' dir='ltr'><strong>Jcs.</strong></span> <span class='ocrx_word' id='word_1_744' title='bbox 1444 5556 1636 5636; x_wconf 61' lang='grc' dir='ltr'>ζῖιλλοῦ-</span> 
     </span>
    </p>
   </div>
   <div class='ocr_carea' id='block_1_100' title="bbox 97 5636 226 5680">
    <p class='ocr_par' dir='ltr' id='par_1_100' title="bbox 97 5636 226 5680">
     <span class='ocr_line' id='line_1_100' title="bbox 97 5636 226 5680; baseline 0.07 -9"><span class='ocrx_word' id='word_1_745' title='bbox 97 5636 136 5673; x_wconf 75' lang='grc' dir='ltr'><strong>ιε</strong></span> <span class='ocrx_word' id='word_1_746' title='bbox 156 5642 226 5680; x_wconf 87' lang='grc' dir='ltr'><strong>τε.</strong></span> 
     </span>
    </p>
   </div>
   <div class='ocr_carea' id='block_1_101' title="bbox 147 5696 1398 5771">
    <p class='ocr_par' dir='ltr' id='par_1_101' title="bbox 147 5696 1398 5771">
     <span class='ocr_line' id='line_1_101' title="bbox 147 5696 1398 5771; baseline -0.003 -10"><span class='ocrx_word' id='word_1_747' title='bbox 280 5704 589 5771; x_wconf 83' lang='grc' dir='ltr'>Περιττός.</span> <span class='ocrx_word' id='word_1_748' title='bbox 632 5723 651 5756; x_wconf 76' lang='grc' dir='ltr'><strong>ι</strong></span> <span class='ocrx_word' id='word_1_749' title='bbox 683 5704 909 5771; x_wconf 81' lang='lat' dir='ltr'><strong>Ni-mius,</strong></span> <span class='ocrx_word' id='word_1_750' title='bbox 936 5706 1335 5762; x_wconf 82' lang='lat' dir='ltr'><strong>immoderatus.</strong></span> <span class='ocrx_word' id='word_1_751' title='bbox 1380 5727 1398 5757; x_wconf 76' lang='grc' dir='ltr'><strong>ι</strong></span> 
     </span>
    </p>
   </div>
   <div class='ocr_carea' id='block_1_102' title="bbox 148 5766 1634 5849">
    <p class='ocr_par' dir='ltr' id='par_1_102' title="bbox 148 5766 1634 5849">
     <span class='ocr_line' id='line_1_102' title="bbox 148 5766 1634 5849; baseline 0.007 -26"><span class='ocrx_word' id='word_1_752' title='bbox 148 5766 245 5849; x_wconf 65' lang='lat'><strong>(58)</strong></span> <span class='ocrx_word' id='word_1_753' title='bbox 281 5766 671 5849; x_wconf 67' lang='grc' dir='ltr'>Αίδεσίμὸυς.</span> <span class='ocrx_word' id='word_1_754' title='bbox 702 5776 837 5848; x_wconf 76' lang='lat' dir='ltr'><strong>Reg.</strong></span> <span class='ocrx_word' id='word_1_755' title='bbox 887 5766 979 5849; x_wconf 77' lang='lat' dir='ltr'><strong>ph,</strong></span> <span class='ocrx_word' id='word_1_756' title='bbox 1030 5785 1137 5834; x_wconf 85' lang='lat' dir='ltr'><strong>tres</strong></span> <span class='ocrx_word' id='word_1_757' title='bbox 1174 5777 1346 5839; x_wconf 88' lang='lat' dir='ltr'><strong>Colb..</strong></span> <span class='ocrx_word' id='word_1_758' title='bbox 1370 5776 1461 5835; x_wconf 88' lang='lat' dir='ltr'><strong>Or.</strong></span> <span class='ocrx_word' id='word_1_759' title='bbox 1499 5779 1549 5845; x_wconf 82' lang='grc'><strong>1,</strong></span> <span class='ocrx_word' id='word_1_760' title='bbox 1582 5790 1634 5835; x_wconf 89' lang='lat' dir='ltr'><strong>et</strong></span> 
     </span>
    </p>
   </div>
   <div class='ocr_carea' id='block_1_103' title="bbox 97 5828 510 5915">
    <p class='ocr_par' dir='ltr' id='par_1_103' title="bbox 97 5828 510 5915">
     <span class='ocr_line' id='line_1_103' title="bbox 97 5828 510 5915; baseline 0.005 -22"><span class='ocrx_word' id='word_1_761' title='bbox 97 5828 179 5887; x_wconf 65' lang='grc' dir='ltr'>δεδι</span> <span class='ocrx_word' id='word_1_762' title='bbox 201 5828 510 5915; x_wconf 63' lang='grc' dir='ltr'>ὁμοτίμουςξ</span> 
     </span>
    </p>
   </div>
   <div class='ocr_carea' id='block_1_104' title="bbox 1822 4829 3303 4902">
    <p class='ocr_par' dir='ltr' id='par_1_104' title="bbox 1822 4829 3303 4902">
     <span class='ocr_line' id='line_1_104' title="bbox 1822 4829 3303 4902; baseline 0.002 -17"><span class='ocrx_word' id='word_1_763' title='bbox 1822 4829 1909 4889; x_wconf 81' lang='lat' dir='ltr'><strong>IV.</strong></span> <span class='ocrx_word' id='word_1_764' title='bbox 1941 4829 2110 4885; x_wconf 81' lang='lat' dir='ltr'><strong>Mater</strong></span> <span class='ocrx_word' id='word_1_765' title='bbox 2162 4840 2341 4886; x_wconf 89' lang='lat' dir='ltr'><strong>autem</strong></span> <span class='ocrx_word' id='word_1_766' title='bbox 2414 4831 2708 4900; x_wconf 87' lang='lat' dir='ltr'><strong>antiquitus</strong></span> <span class='ocrx_word' id='word_1_767' title='bbox 2756 4831 2971 4902; x_wconf 87' lang='lat' dir='ltr'><strong>quidem</strong></span> <span class='ocrx_word' id='word_1_768' title='bbox 3026 4840 3187 4901; x_wconf 89' lang='lat' dir='ltr'><strong>atque</strong></span> <span class='ocrx_word' id='word_1_769' title='bbox 3236 4834 3303 4888; x_wconf 80' lang='lat' dir='ltr'><strong>ab</strong></span> 
     </span>
    </p>
   </div>
   <div class='ocr_carea' id='block_1_105' title="bbox 1810 5211 3302 5284">
    <p class='ocr_par' dir='ltr' id='par_1_105' title="bbox 1810 5211 3302 5284">
     <span class='ocr_line' id='line_1_105' title="bbox 1810 5211 3302 5284; baseline -0.004 -11"><span class='ocrx_word' id='word_1_770' title='bbox 1810 5218 1921 5284; x_wconf 83' lang='grc'>(59)</span> <span class='ocrx_word' id='word_1_771' title='bbox 1954 5219 2194 5272; x_wconf 85' lang='grc' dir='ltr'>Ὥστε...</span> <span class='ocrx_word' id='word_1_772' title='bbox 2227 5215 2633 5284; x_wconf 76' lang='grc' dir='ltr'>πιστευθῆναι.</span> <span class='ocrx_word' id='word_1_773' title='bbox 2668 5214 2853 5270; x_wconf 89' lang='lat' dir='ltr'><strong>Billius</strong></span> <span class='ocrx_word' id='word_1_774' title='bbox 2883 5231 2895 5267; x_wconf 94' lang='lat'><strong>:</strong></span> <span class='ocrx_word' id='word_1_775' title='bbox 2931 5232 2949 5265; x_wconf 76' lang='grc' dir='ltr'><strong>ι</strong></span> <span class='ocrx_word' id='word_1_776' title='bbox 2987 5212 3052 5269; x_wconf 84' lang='lat' dir='ltr'><strong>Ut</strong></span> <span class='ocrx_word' id='word_1_777' title='bbox 3079 5211 3302 5269; x_wconf 91' lang='lat' dir='ltr'><strong>aliorum</strong></span> 
     </span>
    </p>
   </div>
   <div class='ocr_carea' id='block_1_106' title="bbox 1741 5288 2679 5361">
    <p class='ocr_par' dir='ltr' id='par_1_106' title="bbox 1741 5288 2679 5361">
     <span class='ocr_line' id='line_1_106' title="bbox 1741 5288 2679 5361; baseline -0.006 -18"><span class='ocrx_word' id='word_1_778' title='bbox 1741 5305 1951 5361; x_wconf 83' lang='lat' dir='ltr'><strong>quoque</strong></span> <span class='ocrx_word' id='word_1_779' title='bbox 1985 5288 2166 5361; x_wconf 73' lang='lat' dir='ltr'><strong>insitio</strong></span> <span class='ocrx_word' id='word_1_780' title='bbox 2199 5288 2303 5361; x_wconf 68' lang='lat' dir='ltr'><strong>ipsi</strong></span> <span class='ocrx_word' id='word_1_781' title='bbox 2325 5288 2629 5361; x_wconf 78' lang='lat' dir='ltr'><strong>commissa.</strong></span> <span class='ocrx_word' id='word_1_782' title='bbox 2652 5306 2679 5361; x_wconf 52' lang='grc' dir='ltr'><strong>ρ</strong></span> 
     </span>
    </p>
   </div>
   <div class='ocr_carea' id='block_1_107' title="bbox 1812 5352 3210 5429">
    <p class='ocr_par' dir='ltr' id='par_1_107' title="bbox 1812 5352 3210 5429">
     <span class='ocr_line' id='line_1_107' title="bbox 1812 5352 3210 5429; baseline -0.005 -18"><span class='ocrx_word' id='word_1_783' title='bbox 1812 5352 1924 5427; x_wconf 76' lang='grc'>(60)</span> <span class='ocrx_word' id='word_1_784' title='bbox 1970 5358 2037 5411; x_wconf 82' lang='grc' dir='ltr'><strong>Τὸ</strong></span> <span class='ocrx_word' id='word_1_785' title='bbox 2061 5352 2247 5429; x_wconf 54' lang='grc' dir='ltr'>εἶδος.</span> <span class='ocrx_word' id='word_1_786' title='bbox 2269 5356 2402 5425; x_wconf 76' lang='lat' dir='ltr'><strong>Reg.</strong></span> <span class='ocrx_word' id='word_1_787' title='bbox 2438 5358 2528 5429; x_wconf 88' lang='lat' dir='ltr'><strong>ph,</strong></span> <span class='ocrx_word' id='word_1_788' title='bbox 2561 5356 2621 5409; x_wconf 80' lang='grc' dir='ltr'><strong>τὸ</strong></span> <span class='ocrx_word' id='word_1_789' title='bbox 2650 5352 2796 5429; x_wconf 78' lang='grc' dir='ltr'>ἦθος,</span> <span class='ocrx_word' id='word_1_790' title='bbox 2843 5373 2862 5406; x_wconf 72' lang='grc' dir='ltr'><strong>ι</strong></span> <span class='ocrx_word' id='word_1_791' title='bbox 2887 5353 3155 5429; x_wconf 50' lang='lat' dir='ltr'><strong>litoribus.</strong></span> <span class='ocrx_word' id='word_1_792' title='bbox 3191 5372 3210 5403; x_wconf 74' lang='grc' dir='ltr'><strong>ι</strong></span> 
     </span>
    </p>
   </div>
   <div class='ocr_carea' id='block_1_108' title="bbox 1814 5424 3301 5503">
    <p class='ocr_par' dir='ltr' id='par_1_108' title="bbox 1814 5424 3301 5503">
     <span class='ocr_line' id='line_1_108' title="bbox 1814 5424 3301 5503; baseline -0.003 -22"><span class='ocrx_word' id='word_1_793' title='bbox 1814 5424 1923 5503; x_wconf 66' lang='lat' dir='ltr'><strong>(lii)</strong></span> <span class='ocrx_word' id='word_1_794' title='bbox 1963 5429 2171 5503; x_wconf 35' lang='grc' dir='ltr'>Πολὺς.</span> <span class='ocrx_word' id='word_1_795' title='bbox 2193 5427 2257 5480; x_wconf 81' lang='grc' dir='ltr'>τὸ</span> <span class='ocrx_word' id='word_1_796' title='bbox 2287 5424 2797 5503; x_wconf 50' lang='grc' dir='ltr'>ξαινόμενονζειςξ.</span> <span class='ocrx_word' id='word_1_797' title='bbox 2834 5442 2852 5475; x_wconf 74' lang='grc' dir='ltr'><strong>ι</strong></span> <span class='ocrx_word' id='word_1_798' title='bbox 2887 5424 3301 5503; x_wconf 59' lang='lat' dir='ltr'><strong>Diveseaternis</strong></span> 
     </span>
    </p>
   </div>
   <div class='ocr_carea' id='block_1_109' title="bbox 1743 5496 3297 5564">
    <p class='ocr_par' dir='ltr' id='par_1_109' title="bbox 1743 5496 3297 5564">
     <span class='ocr_line' id='line_1_109' title="bbox 1743 5496 3297 5564; baseline -0.005 -14"><span class='ocrx_word' id='word_1_799' title='bbox 1743 5496 1956 5552; x_wconf 86' lang='lat' dir='ltr'><strong>dotibus</strong></span> <span class='ocrx_word' id='word_1_800' title='bbox 2013 5513 2075 5551; x_wconf 88' lang='lat' dir='ltr'><strong>ac</strong></span> <span class='ocrx_word' id='word_1_801' title='bbox 2124 5500 2433 5560; x_wconf 85' lang='lat' dir='ltr'><strong>virtutibus,</strong></span> <span class='ocrx_word' id='word_1_802' title='bbox 2478 5512 2595 5564; x_wconf 68' lang='lat' dir='ltr'><strong>quae</strong></span> <span class='ocrx_word' id='word_1_803' title='bbox 2642 5496 2812 5549; x_wconf 84' lang='lat' dir='ltr'><strong>oculis</strong></span> <span class='ocrx_word' id='word_1_804' title='bbox 2872 5496 3297 5564; x_wconf 69' lang='lat' dir='ltr'><strong>conspiciuntur;</strong></span> 
     </span>
    </p>
   </div>
   <div class='ocr_carea' id='block_1_110' title="bbox 1746 5561 3301 5636">
    <p class='ocr_par' dir='ltr' id='par_1_110' title="bbox 1746 5561 3301 5636">
     <span class='ocr_line' id='line_1_110' title="bbox 1746 5561 3301 5636; baseline -0.001 -20"><span class='ocrx_word' id='word_1_805' title='bbox 1746 5570 1905 5621; x_wconf 77' lang='lat' dir='ltr'><strong>ditior</strong></span> <span class='ocrx_word' id='word_1_806' title='bbox 1935 5569 1998 5621; x_wconf 91' lang='lat' dir='ltr'><strong>iis</strong></span> <span class='ocrx_word' id='word_1_807' title='bbox 2032 5583 2150 5636; x_wconf 62' lang='lat' dir='ltr'><strong>qua!</strong></span> <span class='ocrx_word' id='word_1_808' title='bbox 2184 5567 2366 5621; x_wconf 88' lang='lat' dir='ltr'><strong>latent.</strong></span> <span class='ocrx_word' id='word_1_809' title='bbox 2404 5586 2423 5619; x_wconf 72' lang='grc' dir='ltr'><strong>ι</strong></span> <span class='ocrx_word' id='word_1_810' title='bbox 2459 5561 2547 5622; x_wconf 85' lang='lat' dir='ltr'><strong>Sic</strong></span> <span class='ocrx_word' id='word_1_811' title='bbox 2580 5564 2914 5633; x_wconf 87' lang='lat' dir='ltr'><strong>intelligenda</strong></span> <span class='ocrx_word' id='word_1_812' title='bbox 2952 5564 3063 5615; x_wconf 67' lang='lat' dir='ltr'><strong>haec</strong></span> <span class='ocrx_word' id='word_1_813' title='bbox 3100 5561 3301 5630; x_wconf 71' lang='lat' dir='ltr'><strong>Grego-</strong></span> 
     </span>
    </p>
   </div>
   <div class='ocr_carea' id='block_1_111' title="bbox 1747 5638 2391 5693">
    <p class='ocr_par' dir='ltr' id='par_1_111' title="bbox 1747 5638 2391 5693">
     <span class='ocr_line' id='line_1_111' title="bbox 1747 5638 2391 5693; baseline -0.003 0"><span class='ocrx_word' id='word_1_814' title='bbox 1747 5639 1810 5693; x_wconf 85' lang='lat' dir='ltr'><strong>rii</strong></span> <span class='ocrx_word' id='word_1_815' title='bbox 1836 5639 1994 5691; x_wconf 77' lang='lat' dir='ltr'><strong>verba</strong></span> <span class='ocrx_word' id='word_1_816' title='bbox 2028 5650 2205 5691; x_wconf 88' lang='lat' dir='ltr'><strong>mouet</strong></span> <span class='ocrx_word' id='word_1_817' title='bbox 2231 5638 2391 5691; x_wconf 77' lang='lat' dir='ltr'><strong>Elias.</strong></span> 
     </span>
    </p>
   </div>
   <div class='ocr_carea' id='block_1_112' title="bbox 1812 5706 3100 5773">
    <p class='ocr_par' dir='ltr' id='par_1_112' title="bbox 1812 5706 3100 5773">
     <span class='ocr_line' id='line_1_112' title="bbox 1812 5706 3100 5773; baseline -0.001 -13"><span class='ocrx_word' id='word_1_818' title='bbox 1812 5708 1923 5773; x_wconf 69' lang='grc'>(62)</span> <span class='ocrx_word' id='word_1_819' title='bbox 1961 5709 2413 5761; x_wconf 81' lang='grc' dir='ltr'>Συνεπίσταται.</span> <span class='ocrx_word' id='word_1_820' title='bbox 2438 5706 2602 5762; x_wconf 85' lang='lat' dir='ltr'><strong>Coisl.</strong></span> <span class='ocrx_word' id='word_1_821' title='bbox 2634 5707 2682 5769; x_wconf 79' lang='grc'><strong>1,</strong></span> <span class='ocrx_word' id='word_1_822' title='bbox 2712 5707 3100 5761; x_wconf 83' lang='grc' dir='ltr'>συνενίσταται.</span> 
     </span>
    </p>
   </div>
   <div class='ocr_carea' id='block_1_113' title="bbox 1812 5774 3299 5847">
    <p class='ocr_par' dir='ltr' id='par_1_113' title="bbox 1812 5774 3299 5847">
     <span class='ocr_line' id='line_1_113' title="bbox 1812 5774 3299 5847; baseline -0.001 -16"><span class='ocrx_word' id='word_1_823' title='bbox 1812 5778 1921 5845; x_wconf 75' lang='grc'>(05)</span> <span class='ocrx_word' id='word_1_824' title='bbox 1962 5778 2355 5847; x_wconf 80' lang='grc' dir='ltr'>Παραχωρεῖν.</span> <span class='ocrx_word' id='word_1_825' title='bbox 2390 5780 2517 5846; x_wconf 76' lang='lat' dir='ltr'><strong>Reg.</strong></span> <span class='ocrx_word' id='word_1_826' title='bbox 2552 5779 2645 5846; x_wconf 88' lang='lat' dir='ltr'><strong>pb,</strong></span> <span class='ocrx_word' id='word_1_827' title='bbox 2683 5789 2790 5832; x_wconf 91' lang='lat' dir='ltr'><strong>tres</strong></span> <span class='ocrx_word' id='word_1_828' title='bbox 2833 5776 3008 5844; x_wconf 85' lang='lat' dir='ltr'><strong>Colb.,</strong></span> <span class='ocrx_word' id='word_1_829' title='bbox 3042 5774 3135 5831; x_wconf 90' lang='lat' dir='ltr'><strong>Or.</strong></span> <span class='ocrx_word' id='word_1_830' title='bbox 3159 5775 3208 5839; x_wconf 86' lang='lat' dir='ltr'><strong>l,</strong></span> <span class='ocrx_word' id='word_1_831' title='bbox 3246 5784 3299 5829; x_wconf 88' lang='lat' dir='ltr'><strong>ct</strong></span> 
     </span>
    </p>
   </div>
   <div class='ocr_carea' id='block_1_114' title="bbox 1739 5847 2191 5919">
    <p class='ocr_par' dir='ltr' id='par_1_114' title="bbox 1739 5847 2191 5919">
     <span class='ocr_line' id='line_1_114' title="bbox 1739 5847 2191 5919; baseline -0.002 -17"><span class='ocrx_word' id='word_1_832' title='bbox 1739 5847 1845 5907; x_wconf 82' lang='lat' dir='ltr'><strong>Jes.</strong></span> <span class='ocrx_word' id='word_1_833' title='bbox 1878 5852 2191 5919; x_wconf 83' lang='grc' dir='ltr'>συγχωρεῖν.</span> 
     </span>
    </p>
   </div>
  </div>
