  <div class='ocr_page' id='page_1' title='image "/cluster/home/n/w/nwhite01/storage/ocr_20150623/35/hvd.32044024473308/385.png"; bbox 0 0 3878 6526; ppageno 0'>
   <div class='ocr_carea' id='block_1_1' title="bbox 549 373 651 429">
    <p class='ocr_par' dir='ltr' id='par_1_1' title="bbox 549 373 651 429">
     <span class='ocr_line' id='line_1_1' title="bbox 549 373 651 429; baseline 0.01 -1"><span class='ocrx_word' id='word_1_1' title='bbox 549 373 651 429; x_wconf 71' lang='grc'>759</span> 
     </span>
    </p>
   </div>
   <div class='ocr_carea' id='block_1_2' title="bbox 1740 380 3742 448">
    <p class='ocr_par' dir='ltr' id='par_1_2' title="bbox 1740 380 3742 448">
     <span class='ocr_line' id='line_1_2' title="bbox 1740 380 3742 448; baseline 0.007 -14"><span class='ocrx_word' id='word_1_2' title='bbox 1740 380 1800 438; x_wconf 82' lang='lat' dir='ltr'><strong>S.</strong></span> <span class='ocrx_word' id='word_1_3' title='bbox 1839 381 2168 438; x_wconf 73' lang='lat' dir='ltr'><strong>GREGORII</strong></span> <span class='ocrx_word' id='word_1_4' title='bbox 2209 381 2550 440; x_wconf 82' lang='lat' dir='ltr'><strong>THEOLOGI</strong></span> <span class='ocrx_word' id='word_1_5' title='bbox 3660 391 3742 448; x_wconf 74' lang='grc' dir='ltr'><strong>τω</strong></span> 
     </span>
    </p>
   </div>
   <div class='ocr_carea' id='block_1_3' title="bbox 546 489 2115 586">
    <p class='ocr_par' dir='ltr' id='par_1_3' title="bbox 546 489 2110 566">
     <span class='ocr_line' id='line_1_3' title="bbox 546 489 2110 566; baseline 0.008 -22"><span class='ocrx_word' id='word_1_6' title='bbox 546 490 678 558; x_wconf 86' lang='lat' dir='ltr'><strong>ipsis</strong></span> <span class='ocrx_word' id='word_1_7' title='bbox 706 489 924 559; x_wconf 83' lang='lat' dir='ltr'><strong>proavis</strong></span> <span class='ocrx_word' id='word_1_8' title='bbox 955 489 1065 546; x_wconf 88' lang='lat' dir='ltr'><strong>Deo</strong></span> <span class='ocrx_word' id='word_1_9' title='bbox 1105 500 1446 559; x_wconf 85' lang='lat' dir='ltr'><strong>consecrata,</strong></span> <span class='ocrx_word' id='word_1_10' title='bbox 1483 495 1766 566; x_wconf 77' lang='lat' dir='ltr'><strong>pietatem,</strong></span> <span class='ocrx_word' id='word_1_11' title='bbox 1815 500 1989 555; x_wconf 86' lang='lat' dir='ltr'><strong>instar</strong></span> <span class='ocrx_word' id='word_1_12' title='bbox 2019 518 2110 556; x_wconf 84' lang='lat' dir='ltr'><strong>ne-</strong></span> 
     </span>
    </p>
   </div>
   <div class='ocr_carea' id='block_1_4' title="bbox 2220 489 3740 586">
    <p class='ocr_par' dir='ltr' id='par_1_4' title="bbox 2220 502 3740 586">
     <span class='ocr_line' id='line_1_4' title="bbox 2220 502 3740 586; baseline 0.005 -30"><span class='ocrx_word' id='word_1_13' title='bbox 2220 505 2430 575; x_wconf 88' lang='grc' dir='ltr'><strong>ρωμένη</strong></span> <span class='ocrx_word' id='word_1_14' title='bbox 2461 502 2600 574; x_wconf 82' lang='grc' dir='ltr'><strong>θεῷ,</strong></span> <span class='ocrx_word' id='word_1_15' title='bbox 2636 504 2728 558; x_wconf 79' lang='grc' dir='ltr'><strong>καὶ</strong></span> <span class='ocrx_word' id='word_1_16' title='bbox 2761 505 2960 577; x_wconf 75' lang='grc' dir='ltr'><strong>κλῆρον</strong></span> <span class='ocrx_word' id='word_1_17' title='bbox 2993 505 3286 576; x_wconf 83' lang='grc' dir='ltr'><strong>ἀναγκαῖον</strong></span> <span class='ocrx_word' id='word_1_18' title='bbox 3335 509 3435 563; x_wconf 84' lang='grc' dir='ltr'><strong>οὐκ</strong></span> <span class='ocrx_word' id='word_1_19' title='bbox 3475 510 3553 574; x_wconf 73' lang='grc' dir='ltr'><strong>εἰς</strong></span> <span class='ocrx_word' id='word_1_20' title='bbox 3579 511 3740 586; x_wconf 53' lang='lat' dir='ltr'><strong>eam</strong></span> 
     </span>
    </p>
   </div>
   <div class='ocr_carea' id='block_1_5' title="bbox 541 581 2105 662">
    <p class='ocr_par' dir='ltr' id='par_1_5' title="bbox 541 581 2105 662">
     <span class='ocr_line' id='line_1_5' title="bbox 541 581 2105 662; baseline 0.008 -27"><span class='ocrx_word' id='word_1_21' title='bbox 541 582 796 635; x_wconf 76' lang='lat' dir='ltr'><strong>cessarite</strong></span> <span class='ocrx_word' id='word_1_22' title='bbox 855 581 1134 649; x_wconf 81' lang='lat' dir='ltr'><strong>cujusdam</strong></span> <span class='ocrx_word' id='word_1_23' title='bbox 1187 585 1540 652; x_wconf 63' lang='lat' dir='ltr'><strong>haereditatis,</strong></span> <span class='ocrx_word' id='word_1_24' title='bbox 1589 604 1696 642; x_wconf 90' lang='lat' dir='ltr'><strong>nou</strong></span> <span class='ocrx_word' id='word_1_25' title='bbox 1752 593 1818 644; x_wconf 84' lang='lat' dir='ltr'><strong>ad</strong></span> <span class='ocrx_word' id='word_1_26' title='bbox 1875 593 2105 662; x_wconf 89' lang='lat' dir='ltr'><strong>seipsam</strong></span> 
     </span>
    </p>
   </div>
   <div class='ocr_carea' id='block_1_6' title="bbox 545 671 2108 745">
    <p class='ocr_par' dir='ltr' id='par_1_6' title="bbox 545 671 2108 745">
     <span class='ocr_line' id='line_1_6' title="bbox 545 671 2108 745; baseline 0.007 -21"><span class='ocrx_word' id='word_1_27' title='bbox 545 671 940 738; x_wconf 77' lang='lat' dir='ltr'><strong>tantummodo,</strong></span> <span class='ocrx_word' id='word_1_28' title='bbox 991 671 1086 726; x_wconf 90' lang='lat' dir='ltr'><strong>sed</strong></span> <span class='ocrx_word' id='word_1_29' title='bbox 1117 672 1182 726; x_wconf 90' lang='lat' dir='ltr'><strong>ad</strong></span> <span class='ocrx_word' id='word_1_30' title='bbox 1218 672 1416 728; x_wconf 86' lang='lat' dir='ltr'><strong>liberos</strong></span> <span class='ocrx_word' id='word_1_31' title='bbox 1465 691 1681 745; x_wconf 89' lang='lat' dir='ltr'><strong>quoque</strong></span> <span class='ocrx_word' id='word_1_32' title='bbox 1724 678 2015 743; x_wconf 81' lang='lat' dir='ltr'><strong>deducens,</strong></span> <span class='ocrx_word' id='word_1_33' title='bbox 2045 698 2108 735; x_wconf 77' lang='lat' dir='ltr'><strong>ex</strong></span> 
     </span>
    </p>
   </div>
   <div class='ocr_carea' id='block_1_7' title="bbox 545 753 2109 838">
    <p class='ocr_par' dir='ltr' id='par_1_7' title="bbox 545 753 2109 838">
     <span class='ocr_line' id='line_1_7' title="bbox 545 753 2109 838; baseline 0.006 -22"><span class='ocrx_word' id='word_1_34' title='bbox 545 763 747 816; x_wconf 76' lang='lat' dir='ltr'><strong>sanctis</strong></span> <span class='ocrx_word' id='word_1_35' title='bbox 805 758 1063 832; x_wconf 86' lang='lat' dir='ltr'><strong>primitiis</strong></span> <span class='ocrx_word' id='word_1_36' title='bbox 1124 778 1254 819; x_wconf 86' lang='lat' dir='ltr'><strong>vere</strong></span> <span class='ocrx_word' id='word_1_37' title='bbox 1306 776 1495 821; x_wconf 88' lang='lat' dir='ltr'><strong>sancta</strong></span> <span class='ocrx_word' id='word_1_38' title='bbox 1549 753 1884 837; x_wconf 86' lang='lat' dir='ltr'><strong>conspersio.</strong></span> <span class='ocrx_word' id='word_1_39' title='bbox 1937 772 2109 838; x_wconf 88' lang='lat' dir='ltr'><strong>Quam</strong></span> 
     </span>
    </p>
   </div>
   <div class='ocr_carea' id='block_1_8' title="bbox 539 855 2111 927">
    <p class='ocr_par' dir='ltr' id='par_1_8' title="bbox 539 855 2111 927">
     <span class='ocr_line' id='line_1_8' title="bbox 539 855 2111 927; baseline 0.003 -18"><span class='ocrx_word' id='word_1_40' title='bbox 539 855 706 909; x_wconf 86' lang='lat' dir='ltr'><strong>etiam</strong></span> <span class='ocrx_word' id='word_1_41' title='bbox 744 864 950 908; x_wconf 86' lang='lat' dir='ltr'><strong>tantum</strong></span> <span class='ocrx_word' id='word_1_42' title='bbox 1003 856 1154 909; x_wconf 79' lang='lat' dir='ltr'><strong>auxit</strong></span> <span class='ocrx_word' id='word_1_43' title='bbox 1210 865 1264 912; x_wconf 92' lang='lat' dir='ltr'><strong>et</strong></span> <span class='ocrx_word' id='word_1_44' title='bbox 1323 858 1688 927; x_wconf 87' lang='lat' dir='ltr'><strong>amplificavit,</strong></span> <span class='ocrx_word' id='word_1_45' title='bbox 1723 871 1884 916; x_wconf 89' lang='lat' dir='ltr'><strong>utne</strong></span> <span class='ocrx_word' id='word_1_46' title='bbox 1932 863 2111 915; x_wconf 87' lang='lat' dir='ltr'><strong>mariti</strong></span> 
     </span>
    </p>
   </div>
   <div class='ocr_carea' id='block_1_9' title="bbox 543 945 2110 1018">
    <p class='ocr_par' dir='ltr' id='par_1_9' title="bbox 543 945 2110 1018">
     <span class='ocr_line' id='line_1_9' title="bbox 543 945 2110 1018; baseline 0.004 -18"><span class='ocrx_word' id='word_1_47' title='bbox 543 947 758 1016; x_wconf 83' lang='lat' dir='ltr'><strong>quidem</strong></span> <span class='ocrx_word' id='word_1_48' title='bbox 813 945 1200 1017; x_wconf 79' lang='lat' dir='ltr'><strong>perfectionem</strong></span> <span class='ocrx_word' id='word_1_49' title='bbox 1267 949 1466 1018; x_wconf 88' lang='lat' dir='ltr'><strong>(dicam</strong></span> <span class='ocrx_word' id='word_1_50' title='bbox 1523 951 1690 1016; x_wconf 92' lang='lat' dir='ltr'><strong>enim,</strong></span> <span class='ocrx_word' id='word_1_51' title='bbox 1745 953 1956 1007; x_wconf 86' lang='lat' dir='ltr'><strong>etiamsi</strong></span> <span class='ocrx_word' id='word_1_52' title='bbox 2023 955 2110 1008; x_wconf 91' lang='lat' dir='ltr'><strong>hic</strong></span> 
     </span>
    </p>
   </div>
   <div class='ocr_carea' id='block_1_10' title="bbox 544 1040 2106 1114">
    <p class='ocr_par' dir='ltr' id='par_1_10' title="bbox 544 1040 2106 1114">
     <span class='ocr_line' id='line_1_10' title="bbox 544 1040 2106 1114; baseline 0.003 -20"><span class='ocrx_word' id='word_1_53' title='bbox 544 1054 725 1094; x_wconf 86' lang='lat' dir='ltr'><strong>sermo</strong></span> <span class='ocrx_word' id='word_1_54' title='bbox 751 1040 1058 1094; x_wconf 81' lang='lat' dir='ltr'><strong>temeritate</strong></span> <span class='ocrx_word' id='word_1_55' title='bbox 1086 1057 1192 1096; x_wconf 88' lang='lat' dir='ltr'><strong>non</strong></span> <span class='ocrx_word' id='word_1_56' title='bbox 1231 1041 1460 1113; x_wconf 86' lang='lat' dir='ltr'><strong>careat).</strong></span> <span class='ocrx_word' id='word_1_57' title='bbox 1493 1042 1583 1096; x_wconf 89' lang='lat' dir='ltr'><strong>alii</strong></span> <span class='ocrx_word' id='word_1_58' title='bbox 1621 1043 1737 1106; x_wconf 91' lang='lat' dir='ltr'><strong>ulli,</strong></span> <span class='ocrx_word' id='word_1_59' title='bbox 1775 1060 1936 1114; x_wconf 87' lang='lat' dir='ltr'><strong>quam</strong></span> <span class='ocrx_word' id='word_1_60' title='bbox 1985 1045 2106 1113; x_wconf 77' lang='lat' dir='ltr'><strong>ipsi.</strong></span> 
     </span>
    </p>
   </div>
   <div class='ocr_carea' id='block_1_11' title="bbox 546 1129 2106 1204">
    <p class='ocr_par' dir='ltr' id='par_1_11' title="bbox 546 1129 2106 1204">
     <span class='ocr_line' id='line_1_11' title="bbox 546 1129 2106 1204; baseline 0.004 -22"><span class='ocrx_word' id='word_1_61' title='bbox 546 1129 924 1184; x_wconf 85' lang='lat' dir='ltr'><strong>ascribendam</strong></span> <span class='ocrx_word' id='word_1_62' title='bbox 977 1145 1098 1184; x_wconf 89' lang='lat' dir='ltr'><strong>esse</strong></span> <span class='ocrx_word' id='word_1_63' title='bbox 1147 1131 1386 1185; x_wconf 85' lang='lat' dir='ltr'><strong>nonnulli</strong></span> <span class='ocrx_word' id='word_1_64' title='bbox 1418 1135 1666 1197; x_wconf 88' lang='lat' dir='ltr'><strong>credant,</strong></span> <span class='ocrx_word' id='word_1_65' title='bbox 1693 1151 1754 1189; x_wconf 90' lang='lat' dir='ltr'><strong>ac</strong></span> <span class='ocrx_word' id='word_1_66' title='bbox 1783 1137 2106 1204; x_wconf 66' lang='lat' dir='ltr'><strong>praedicent;</strong></span> 
     </span>
    </p>
   </div>
   <div class='ocr_carea' id='block_1_12' title="bbox 537 1221 2112 1295">
    <p class='ocr_par' dir='ltr' id='par_1_12' title="bbox 537 1221 2112 1295">
     <span class='ocr_line' id='line_1_12' title="bbox 537 1221 2112 1295; baseline 0.005 -22"><span class='ocrx_word' id='word_1_67' title='bbox 537 1234 793 1288; x_wconf 78' lang='lat' dir='ltr'><strong>eamque,</strong></span> <span class='ocrx_word' id='word_1_68' title='bbox 829 1235 862 1274; x_wconf 90' lang='grc' dir='ltr'><strong>ο</strong></span> <span class='ocrx_word' id='word_1_69' title='bbox 915 1236 1029 1274; x_wconf 84' lang='lat' dir='ltr'><strong>rem</strong></span> <span class='ocrx_word' id='word_1_70' title='bbox 1086 1221 1307 1275; x_wconf 82' lang='lat' dir='ltr'><strong>miram!</strong></span> <span class='ocrx_word' id='word_1_71' title='bbox 1349 1238 1446 1292; x_wconf 87' lang='lat' dir='ltr'><strong>pro</strong></span> <span class='ocrx_word' id='word_1_72' title='bbox 1486 1224 1701 1290; x_wconf 90' lang='lat' dir='ltr'><strong>pietatis</strong></span> <span class='ocrx_word' id='word_1_73' title='bbox 1732 1227 1953 1295; x_wconf 67' lang='lat' dir='ltr'><strong>praemio</strong></span> <span class='ocrx_word' id='word_1_74' title='bbox 1996 1245 2112 1282; x_wconf 89' lang='lat' dir='ltr'><strong>ma—</strong></span> 
     </span>
    </p>
   </div>
   <div class='ocr_carea' id='block_1_13' title="bbox 539 1311 2110 1386">
    <p class='ocr_par' dir='ltr' id='par_1_13' title="bbox 539 1311 2110 1386">
     <span class='ocr_line' id='line_1_13' title="bbox 539 1311 2110 1386; baseline 0.005 -22"><span class='ocrx_word' id='word_1_75' title='bbox 539 1311 715 1380; x_wconf 83' lang='lat' dir='ltr'><strong>jorem</strong></span> <span class='ocrx_word' id='word_1_76' title='bbox 748 1327 811 1366; x_wconf 90' lang='lat' dir='ltr'><strong>ac</strong></span> <span class='ocrx_word' id='word_1_77' title='bbox 841 1312 1215 1382; x_wconf 88' lang='lat' dir='ltr'><strong>perfectiorem</strong></span> <span class='ocrx_word' id='word_1_78' title='bbox 1270 1314 1529 1383; x_wconf 79' lang='lat' dir='ltr'><strong>pietatem</strong></span> <span class='ocrx_word' id='word_1_79' title='bbox 1589 1317 1886 1386; x_wconf 82' lang='lat' dir='ltr'><strong>accepisse.</strong></span> <span class='ocrx_word' id='word_1_80' title='bbox 1938 1319 2110 1372; x_wconf 84' lang='lat' dir='ltr'><strong>Ambo</strong></span> 
     </span>
    </p>
   </div>
   <div class='ocr_carea' id='block_1_14' title="bbox 545 1402 2108 1476">
    <p class='ocr_par' dir='ltr' id='par_1_14' title="bbox 545 1402 2108 1476">
     <span class='ocr_line' id='line_1_14' title="bbox 545 1402 2108 1476; baseline 0.006 -21"><span class='ocrx_word' id='word_1_81' title='bbox 545 1402 777 1456; x_wconf 85' lang='lat' dir='ltr'><strong>ﬁliorum</strong></span> <span class='ocrx_word' id='word_1_82' title='bbox 815 1404 973 1457; x_wconf 88' lang='lat' dir='ltr'><strong>simul</strong></span> <span class='ocrx_word' id='word_1_83' title='bbox 1001 1413 1053 1458; x_wconf 92' lang='lat' dir='ltr'><strong>et</strong></span> <span class='ocrx_word' id='word_1_84' title='bbox 1088 1402 1286 1458; x_wconf 81' lang='lat' dir='ltr'><strong>Christi</strong></span> <span class='ocrx_word' id='word_1_85' title='bbox 1319 1418 1589 1469; x_wconf 86' lang='lat' dir='ltr'><strong>amantes,</strong></span> <span class='ocrx_word' id='word_1_86' title='bbox 1623 1408 1672 1461; x_wconf 88' lang='lat' dir='ltr'><strong>id</strong></span> <span class='ocrx_word' id='word_1_87' title='bbox 1711 1409 1854 1476; x_wconf 89' lang='lat' dir='ltr'><strong>quod</strong></span> <span class='ocrx_word' id='word_1_88' title='bbox 1901 1425 2108 1464; x_wconf 88' lang='lat' dir='ltr'><strong>summa</strong></span> 
     </span>
    </p>
   </div>
   <div class='ocr_carea' id='block_1_15' title="bbox 546 1493 2111 1564">
    <p class='ocr_par' dir='ltr' id='par_1_15' title="bbox 546 1493 2111 1564">
     <span class='ocr_line' id='line_1_15' title="bbox 546 1493 2111 1564; baseline 0.006 -18"><span class='ocrx_word' id='word_1_89' title='bbox 546 1493 906 1548; x_wconf 83' lang='lat' dir='ltr'><strong>admiratione</strong></span> <span class='ocrx_word' id='word_1_90' title='bbox 946 1495 1164 1564; x_wconf 82' lang='lat' dir='ltr'><strong>dignum</strong></span> <span class='ocrx_word' id='word_1_91' title='bbox 1223 1506 1328 1562; x_wconf 90' lang='lat' dir='ltr'><strong>est,</strong></span> <span class='ocrx_word' id='word_1_92' title='bbox 1359 1496 1468 1552; x_wconf 92' lang='lat' dir='ltr'><strong>imo</strong></span> <span class='ocrx_word' id='word_1_93' title='bbox 1520 1497 1724 1553; x_wconf 85' lang='lat' dir='ltr'><strong>Christi</strong></span> <span class='ocrx_word' id='word_1_94' title='bbox 1782 1502 2111 1556; x_wconf 81' lang='lat' dir='ltr'><strong>amantiores</strong></span> 
     </span>
    </p>
   </div>
   <div class='ocr_carea' id='block_1_16' title="bbox 545 1586 2108 1658">
    <p class='ocr_par' dir='ltr' id='par_1_16' title="bbox 545 1586 2108 1658">
     <span class='ocr_line' id='line_1_16' title="bbox 545 1586 2108 1658; baseline 0.01 -23"><span class='ocrx_word' id='word_1_95' title='bbox 545 1601 706 1654; x_wconf 90' lang='lat' dir='ltr'><strong>quam</strong></span> <span class='ocrx_word' id='word_1_96' title='bbox 740 1586 1064 1653; x_wconf 87' lang='lat' dir='ltr'><strong>liherormu;</strong></span> <span class='ocrx_word' id='word_1_97' title='bbox 1096 1588 1291 1658; x_wconf 87' lang='lat' dir='ltr'><strong>quippe</strong></span> <span class='ocrx_word' id='word_1_98' title='bbox 1315 1590 1406 1658; x_wconf 93' lang='lat' dir='ltr'><strong>qui</strong></span> <span class='ocrx_word' id='word_1_99' title='bbox 1440 1606 1604 1644; x_wconf 87' lang='lat' dir='ltr'><strong>unum</strong></span> <span class='ocrx_word' id='word_1_100' title='bbox 1640 1592 1782 1647; x_wconf 89' lang='lat' dir='ltr'><strong>hunc</strong></span> <span class='ocrx_word' id='word_1_101' title='bbox 1818 1609 1884 1648; x_wconf 78' lang='lat' dir='ltr'><strong>ex</strong></span> <span class='ocrx_word' id='word_1_102' title='bbox 1921 1594 2108 1651; x_wconf 78' lang='lat' dir='ltr'><strong>liberis</strong></span> 
     </span>
    </p>
   </div>
   <div class='ocr_carea' id='block_1_17' title="bbox 545 1679 2109 1754">
    <p class='ocr_par' dir='ltr' id='par_1_17' title="bbox 545 1679 2109 1754">
     <span class='ocr_line' id='line_1_17' title="bbox 545 1679 2109 1754; baseline 0.006 -23"><span class='ocrx_word' id='word_1_103' title='bbox 545 1679 782 1732; x_wconf 87' lang='lat' dir='ltr'><strong>fructum</strong></span> <span class='ocrx_word' id='word_1_104' title='bbox 843 1690 1132 1748; x_wconf 85' lang='lat' dir='ltr'><strong>caperent,</strong></span> <span class='ocrx_word' id='word_1_105' title='bbox 1193 1691 1322 1734; x_wconf 90' lang='lat' dir='ltr'><strong>uta</strong></span> <span class='ocrx_word' id='word_1_106' title='bbox 1382 1681 1602 1737; x_wconf 89' lang='lat' dir='ltr'><strong>Christo</strong></span> <span class='ocrx_word' id='word_1_107' title='bbox 1662 1697 2109 1754; x_wconf 82' lang='lat' dir='ltr'><strong>agnoscerentur,</strong></span> 
     </span>
    </p>
   </div>
   <div class='ocr_carea' id='block_1_18' title="bbox 541 1773 2110 1846">
    <p class='ocr_par' dir='ltr' id='par_1_18' title="bbox 541 1773 2110 1846">
     <span class='ocr_line' id='line_1_18' title="bbox 541 1773 2110 1846; baseline 0.006 -23"><span class='ocrx_word' id='word_1_108' title='bbox 541 1785 852 1840; x_wconf 80' lang='lat' dir='ltr'><strong>nomenque</strong></span> <span class='ocrx_word' id='word_1_109' title='bbox 907 1773 1189 1838; x_wconf 90' lang='lat' dir='ltr'><strong>ducerent,</strong></span> <span class='ocrx_word' id='word_1_110' title='bbox 1243 1773 1471 1844; x_wconf 86' lang='lat' dir='ltr'><strong>solaque</strong></span> <span class='ocrx_word' id='word_1_111' title='bbox 1525 1775 1752 1839; x_wconf 85' lang='lat' dir='ltr'><strong>virtute,</strong></span> <span class='ocrx_word' id='word_1_112' title='bbox 1783 1786 1946 1846; x_wconf 89' lang='lat' dir='ltr'><strong>atque</strong></span> <span class='ocrx_word' id='word_1_113' title='bbox 1991 1793 2110 1832; x_wconf 89' lang='lat' dir='ltr'><strong>cum</strong></span> 
     </span>
    </p>
   </div>
   <div class='ocr_carea' id='block_1_19' title="bbox 545 1854 2182 1937">
    <p class='ocr_par' dir='ltr' id='par_1_19' title="bbox 545 1854 2182 1937">
     <span class='ocr_line' id='line_1_19' title="bbox 545 1854 2182 1937; baseline 0.006 -23"><span class='ocrx_word' id='word_1_114' title='bbox 545 1877 636 1926; x_wconf 83' lang='lat' dir='ltr'><strong>eo,</strong></span> <span class='ocrx_word' id='word_1_115' title='bbox 671 1863 814 1932; x_wconf 84' lang='lat' dir='ltr'><strong>quod</strong></span> <span class='ocrx_word' id='word_1_116' title='bbox 867 1866 1214 1933; x_wconf 62' lang='lat' dir='ltr'><strong>praestantius</strong></span> <span class='ocrx_word' id='word_1_117' title='bbox 1271 1877 1374 1931; x_wconf 91' lang='lat' dir='ltr'><strong>est,</strong></span> <span class='ocrx_word' id='word_1_118' title='bbox 1429 1866 1575 1921; x_wconf 90' lang='lat' dir='ltr'><strong>velut</strong></span> <span class='ocrx_word' id='word_1_119' title='bbox 1637 1870 2017 1937; x_wconf 84' lang='lat' dir='ltr'><strong>conjunctione</strong></span> <span class='ocrx_word' id='word_1_120' title='bbox 2047 1854 2182 1924; x_wconf 80' lang='lat' dir='ltr'><strong>acB</strong></span> 
     </span>
    </p>
   </div>
   <div class='ocr_carea' id='block_1_20' title="bbox 539 1954 2114 2025">
    <p class='ocr_par' dir='ltr' id='par_1_20' title="bbox 539 1954 2114 2025">
     <span class='ocr_line' id='line_1_20' title="bbox 539 1954 2114 2025; baseline 0.006 -18"><span class='ocrx_word' id='word_1_121' title='bbox 539 1954 943 2010; x_wconf 79' lang='lat' dir='ltr'><strong>necessitudine</strong></span> <span class='ocrx_word' id='word_1_122' title='bbox 991 1969 1049 2009; x_wconf 90' lang='lat' dir='ltr'><strong>se</strong></span> <span class='ocrx_word' id='word_1_123' title='bbox 1097 1955 1252 2025; x_wconf 86' lang='lat' dir='ltr'><strong>prole</strong></span> <span class='ocrx_word' id='word_1_124' title='bbox 1331 1958 1519 2013; x_wconf 80' lang='lat' dir='ltr'><strong>felices</strong></span> <span class='ocrx_word' id='word_1_125' title='bbox 1573 1959 1864 2014; x_wconf 87' lang='lat' dir='ltr'><strong>delinirent</strong></span> <span class='ocrx_word' id='word_1_126' title='bbox 1905 1961 2114 2016; x_wconf 89' lang='lat' dir='ltr'><strong>:ambo</strong></span> 
     </span>
    </p>
   </div>
   <div class='ocr_carea' id='block_1_21' title="bbox 545 2047 2111 2119">
    <p class='ocr_par' dir='ltr' id='par_1_21' title="bbox 545 2047 2111 2119">
     <span class='ocr_line' id='line_1_21' title="bbox 545 2047 2111 2119; baseline 0.003 -19"><span class='ocrx_word' id='word_1_127' title='bbox 545 2047 794 2110; x_wconf 74' lang='lat' dir='ltr'><strong>humani,</strong></span> <span class='ocrx_word' id='word_1_128' title='bbox 818 2048 1220 2114; x_wconf 82' lang='lat' dir='ltr'><strong>misericordes,</strong></span> <span class='ocrx_word' id='word_1_129' title='bbox 1274 2052 1441 2104; x_wconf 90' lang='lat' dir='ltr'><strong>multa</strong></span> <span class='ocrx_word' id='word_1_130' title='bbox 1483 2051 1665 2115; x_wconf 90' lang='lat' dir='ltr'><strong>tineis,</strong></span> <span class='ocrx_word' id='word_1_131' title='bbox 1702 2061 1756 2105; x_wconf 92' lang='lat' dir='ltr'><strong>et</strong></span> <span class='ocrx_word' id='word_1_132' title='bbox 1793 2051 2111 2119; x_wconf 88' lang='lat' dir='ltr'><strong>latronibus,</strong></span> 
     </span>
    </p>
   </div>
   <div class='ocr_carea' id='block_1_22' title="bbox 547 2140 2112 2211">
    <p class='ocr_par' dir='ltr' id='par_1_22' title="bbox 547 2140 2112 2211">
     <span class='ocr_line' id='line_1_22' title="bbox 547 2140 2112 2211; baseline 0.001 -16"><span class='ocrx_word' id='word_1_133' title='bbox 547 2147 601 2195; x_wconf 71' lang='lat' dir='ltr'><strong>at</strong></span> <span class='ocrx_word' id='word_1_134' title='bbox 638 2140 820 2194; x_wconf 92' lang='lat' dir='ltr'><strong>mundi</strong></span> <span class='ocrx_word' id='word_1_135' title='bbox 853 2141 1084 2211; x_wconf 89' lang='lat' dir='ltr'><strong>principi</strong></span> <span class='ocrx_word' id='word_1_136' title='bbox 1123 2141 1438 2211; x_wconf 88' lang='lat' dir='ltr'><strong>eripientes,</strong></span> <span class='ocrx_word' id='word_1_137' title='bbox 1472 2143 1538 2195; x_wconf 94' lang='lat' dir='ltr'><strong>ab</strong></span> <span class='ocrx_word' id='word_1_138' title='bbox 1570 2143 1807 2196; x_wconf 89' lang='lat' dir='ltr'><strong>incolatu</strong></span> <span class='ocrx_word' id='word_1_139' title='bbox 1853 2142 1920 2196; x_wconf 87' lang='lat' dir='ltr'><strong>ad</strong></span> <span class='ocrx_word' id='word_1_140' title='bbox 1953 2141 2112 2196; x_wconf 90' lang='lat' dir='ltr'><strong>habi-</strong></span> 
     </span>
    </p>
   </div>
   <div class='ocr_carea' id='block_1_23' title="bbox 543 2230 2112 2303">
    <p class='ocr_par' dir='ltr' id='par_1_23' title="bbox 543 2230 2112 2303">
     <span class='ocr_line' id='line_1_23' title="bbox 543 2230 2112 2303; baseline 0.003 -21"><span class='ocrx_word' id='word_1_141' title='bbox 543 2230 812 2284; x_wconf 78' lang='lat' dir='ltr'><strong>tationem</strong></span> <span class='ocrx_word' id='word_1_142' title='bbox 845 2247 939 2286; x_wconf 85' lang='lat' dir='ltr'><strong>eos</strong></span> <span class='ocrx_word' id='word_1_143' title='bbox 971 2234 1384 2301; x_wconf 86' lang='lat' dir='ltr'><strong>transferentes,</strong></span> <span class='ocrx_word' id='word_1_144' title='bbox 1437 2234 1838 2303; x_wconf 82' lang='lat' dir='ltr'><strong>maximamque</strong></span> <span class='ocrx_word' id='word_1_145' title='bbox 1877 2233 2112 2288; x_wconf 68' lang='lat' dir='ltr'><strong>haeredi-</strong></span> 
     </span>
    </p>
   </div>
   <div class='ocr_carea' id='block_1_24' title="bbox 545 2324 2113 2396">
    <p class='ocr_par' dir='ltr' id='par_1_24' title="bbox 545 2324 2113 2396">
     <span class='ocr_line' id='line_1_24' title="bbox 545 2324 2113 2396; baseline 0.004 -22"><span class='ocrx_word' id='word_1_146' title='bbox 545 2329 737 2387; x_wconf 89' lang='lat' dir='ltr'><strong>tatem,</strong></span> <span class='ocrx_word' id='word_1_147' title='bbox 774 2324 876 2379; x_wconf 89' lang='lat' dir='ltr'><strong>hoc</strong></span> <span class='ocrx_word' id='word_1_148' title='bbox 906 2333 1011 2388; x_wconf 92' lang='lat' dir='ltr'><strong>est,</strong></span> <span class='ocrx_word' id='word_1_149' title='bbox 1040 2325 1235 2380; x_wconf 84' lang='lat' dir='ltr'><strong>futurae</strong></span> <span class='ocrx_word' id='word_1_150' title='bbox 1263 2325 1388 2380; x_wconf 68' lang='lat' dir='ltr'><strong>vita:</strong></span> <span class='ocrx_word' id='word_1_151' title='bbox 1436 2326 1800 2396; x_wconf 87' lang='lat' dir='ltr'><strong>splendorem,</strong></span> <span class='ocrx_word' id='word_1_152' title='bbox 1851 2326 1976 2381; x_wconf 71' lang='lat' dir='ltr'><strong>filiis</strong></span> <span class='ocrx_word' id='word_1_153' title='bbox 2017 2343 2113 2382; x_wconf 85' lang='lat' dir='ltr'><strong>co-</strong></span> 
     </span>
    </p>
   </div>
   <div class='ocr_carea' id='block_1_25' title="bbox 550 2416 2110 2488">
    <p class='ocr_par' dir='ltr' id='par_1_25' title="bbox 550 2416 2110 2488">
     <span class='ocr_line' id='line_1_25' title="bbox 550 2416 2110 2488; baseline 0.004 -22"><span class='ocrx_word' id='word_1_154' title='bbox 550 2423 890 2472; x_wconf 84' lang='lat' dir='ltr'><strong>acervantes.</strong></span> <span class='ocrx_word' id='word_1_155' title='bbox 928 2416 1020 2472; x_wconf 84' lang='lat' dir='ltr'><strong>Sic</strong></span> <span class='ocrx_word' id='word_1_156' title='bbox 1062 2418 1136 2472; x_wconf 92' lang='lat' dir='ltr'><strong>illi</strong></span> <span class='ocrx_word' id='word_1_157' title='bbox 1179 2418 1244 2474; x_wconf 88' lang='lat' dir='ltr'><strong>ad</strong></span> <span class='ocrx_word' id='word_1_158' title='bbox 1293 2419 1452 2473; x_wconf 87' lang='lat' dir='ltr'><strong>altam</strong></span> <span class='ocrx_word' id='word_1_159' title='bbox 1482 2427 1813 2474; x_wconf 88' lang='lat' dir='ltr'><strong>senectutem</strong></span> <span class='ocrx_word' id='word_1_160' title='bbox 1846 2433 2110 2488; x_wconf 90' lang='lat' dir='ltr'><strong>pervene-</strong></span> 
     </span>
    </p>
   </div>
   <div class='ocr_carea' id='block_1_26' title="bbox 547 2507 2109 2579">
    <p class='ocr_par' dir='ltr' id='par_1_26' title="bbox 547 2507 2109 2579">
     <span class='ocr_line' id='line_1_26' title="bbox 547 2507 2109 2579; baseline 0.003 -20"><span class='ocrx_word' id='word_1_161' title='bbox 547 2515 694 2571; x_wconf 85' lang='lat' dir='ltr'><strong>runt,</strong></span> <span class='ocrx_word' id='word_1_162' title='bbox 731 2507 933 2561; x_wconf 85' lang='lat' dir='ltr'><strong>virtute</strong></span> <span class='ocrx_word' id='word_1_163' title='bbox 976 2517 1138 2578; x_wconf 87' lang='lat' dir='ltr'><strong>atque</strong></span> <span class='ocrx_word' id='word_1_164' title='bbox 1166 2508 1325 2564; x_wconf 88' lang='lat' dir='ltr'><strong>annis</strong></span> <span class='ocrx_word' id='word_1_165' title='bbox 1358 2509 1498 2563; x_wconf 88' lang='lat' dir='ltr'><strong>inter</strong></span> <span class='ocrx_word' id='word_1_166' title='bbox 1553 2523 1613 2563; x_wconf 94' lang='lat' dir='ltr'><strong>se</strong></span> <span class='ocrx_word' id='word_1_167' title='bbox 1656 2524 1838 2578; x_wconf 89' lang='lat' dir='ltr'><strong>pares,</strong></span> <span class='ocrx_word' id='word_1_168' title='bbox 1872 2525 1936 2564; x_wconf 89' lang='lat' dir='ltr'><strong>ac</strong></span> <span class='ocrx_word' id='word_1_169' title='bbox 1967 2511 2109 2579; x_wconf 90' lang='lat' dir='ltr'><strong>pleni</strong></span> 
     </span>
    </p>
   </div>
   <div class='ocr_carea' id='block_1_27' title="bbox 546 2599 2114 2671">
    <p class='ocr_par' dir='ltr' id='par_1_27' title="bbox 546 2599 2114 2671">
     <span class='ocr_line' id='line_1_27' title="bbox 546 2599 2114 2671; baseline 0.004 -19"><span class='ocrx_word' id='word_1_170' title='bbox 546 2599 780 2663; x_wconf 91' lang='lat' dir='ltr'><strong>dierum,</strong></span> <span class='ocrx_word' id='word_1_171' title='bbox 819 2609 927 2653; x_wconf 90' lang='lat' dir='ltr'><strong>tam</strong></span> <span class='ocrx_word' id='word_1_172' title='bbox 977 2603 1068 2670; x_wconf 89' lang='lat' dir='ltr'><strong>qui</strong></span> <span class='ocrx_word' id='word_1_173' title='bbox 1102 2611 1501 2671; x_wconf 89' lang='lat' dir='ltr'><strong>manentquam</strong></span> <span class='ocrx_word' id='word_1_174' title='bbox 1551 2603 1644 2671; x_wconf 89' lang='lat' dir='ltr'><strong>qui</strong></span> <span class='ocrx_word' id='word_1_175' title='bbox 1679 2601 1854 2656; x_wconf 86' lang='lat' dir='ltr'><strong>ﬂuunt</strong></span> <span class='ocrx_word' id='word_1_176' title='bbox 1881 2619 1945 2658; x_wconf 86' lang='lat' dir='ltr'><strong>ac</strong></span> <span class='ocrx_word' id='word_1_177' title='bbox 1975 2604 2114 2658; x_wconf 85' lang='lat' dir='ltr'><strong>dila-</strong></span> 
     </span>
    </p>
   </div>
   <div class='ocr_carea' id='block_1_28' title="bbox 547 2689 2114 2762">
    <p class='ocr_par' dir='ltr' id='par_1_28' title="bbox 547 2689 2114 2762">
     <span class='ocr_line' id='line_1_28' title="bbox 547 2689 2114 2762; baseline 0.003 -18"><span class='ocrx_word' id='word_1_178' title='bbox 547 2689 753 2744; x_wconf 83' lang='lat' dir='ltr'><strong>buntur</strong></span> <span class='ocrx_word' id='word_1_179' title='bbox 783 2707 796 2742; x_wconf 89' lang='lat'>:</span> <span class='ocrx_word' id='word_1_180' title='bbox 836 2693 1306 2762; x_wconf 81' lang='lat' dir='ltr'><strong>uterque-primas</strong></span> <span class='ocrx_word' id='word_1_181' title='bbox 1342 2693 1489 2747; x_wconf 91' lang='lat' dir='ltr'><strong>inter</strong></span> <span class='ocrx_word' id='word_1_182' title='bbox 1518 2693 1774 2748; x_wconf 87' lang='lat' dir='ltr'><strong>mortales</strong></span> <span class='ocrx_word' id='word_1_183' title='bbox 1809 2693 2114 2760; x_wconf 88' lang='lat' dir='ltr'><strong>habiturus,</strong></span> 
     </span>
    </p>
   </div>
   <div class='ocr_carea' id='block_1_29' title="bbox 549 2780 2114 2853">
    <p class='ocr_par' dir='ltr' id='par_1_29' title="bbox 549 2780 2114 2853">
     <span class='ocr_line' id='line_1_29' title="bbox 549 2780 2114 2853; baseline 0.004 -19"><span class='ocrx_word' id='word_1_184' title='bbox 549 2780 654 2834; x_wconf 84' lang='lat' dir='ltr'><strong>nisi</strong></span> <span class='ocrx_word' id='word_1_185' title='bbox 685 2791 872 2836; x_wconf 92' lang='lat' dir='ltr'><strong>mutuo</strong></span> <span class='ocrx_word' id='word_1_186' title='bbox 903 2783 1007 2851; x_wconf 88' lang='lat' dir='ltr'><strong>ipsi</strong></span> <span class='ocrx_word' id='word_1_187' title='bbox 1065 2799 1183 2838; x_wconf 92' lang='lat' dir='ltr'><strong>sese</strong></span> <span class='ocrx_word' id='word_1_188' title='bbox 1217 2783 1515 2853; x_wconf 87' lang='lat' dir='ltr'><strong>principatu</strong></span> <span class='ocrx_word' id='word_1_189' title='bbox 1557 2785 1922 2853; x_wconf 83' lang='lat' dir='ltr'><strong>prohiberent.</strong></span> <span class='ocrx_word' id='word_1_190' title='bbox 1956 2785 2114 2841; x_wconf 88' lang='lat' dir='ltr'><strong>Deni-</strong></span> 
     </span>
    </p>
   </div>
   <div class='ocr_carea' id='block_1_30' title="bbox 549 2871 2112 2946">
    <p class='ocr_par' dir='ltr' id='par_1_30' title="bbox 549 2871 2112 2946">
     <span class='ocr_line' id='line_1_30' title="bbox 549 2871 2112 2946; baseline 0.004 -22"><span class='ocrx_word' id='word_1_191' title='bbox 549 2887 655 2939; x_wconf 91' lang='lat' dir='ltr'><strong>que</strong></span> <span class='ocrx_word' id='word_1_192' title='bbox 688 2887 880 2926; x_wconf 79' lang='lat' dir='ltr'><strong>omnes</strong></span> <span class='ocrx_word' id='word_1_193' title='bbox 912 2871 1186 2927; x_wconf 90' lang='lat' dir='ltr'><strong>felicitatis</strong></span> <span class='ocrx_word' id='word_1_194' title='bbox 1215 2889 1468 2928; x_wconf 91' lang='lat' dir='ltr'><strong>numeros</strong></span> <span class='ocrx_word' id='word_1_195' title='bbox 1485 2875 1860 2944; x_wconf 77' lang='lat' dir='ltr'><strong>expleverunt,</strong></span> <span class='ocrx_word' id='word_1_196' title='bbox 1889 2887 2112 2946; x_wconf 79' lang='lat' dir='ltr'><strong>excepta</strong></span> 
     </span>
    </p>
   </div>
   <div class='ocr_carea' id='block_1_31' title="bbox 548 2963 2115 3037">
    <p class='ocr_par' dir='ltr' id='par_1_31' title="bbox 548 2963 2115 3037">
     <span class='ocr_line' id='line_1_31' title="bbox 548 2963 2115 3037; baseline 0.003 -19"><span class='ocrx_word' id='word_1_197' title='bbox 548 2963 651 3018; x_wconf 79' lang='lat' dir='ltr'><strong>hac</strong></span> <span class='ocrx_word' id='word_1_198' title='bbox 683 2975 979 3033; x_wconf 85' lang='lat' dir='ltr'><strong>postrema,</strong></span> <span class='ocrx_word' id='word_1_199' title='bbox 1011 2974 1070 3020; x_wconf 93' lang='lat' dir='ltr'><strong>ut</strong></span> <span class='ocrx_word' id='word_1_200' title='bbox 1117 2965 1380 3035; x_wconf 79' lang='lat' dir='ltr'><strong>quispiam</strong></span> <span class='ocrx_word' id='word_1_201' title='bbox 1413 2966 1730 3020; x_wconf 81' lang='lat' dir='ltr'><strong>existimare</strong></span> <span class='ocrx_word' id='word_1_202' title='bbox 1779 2978 1964 3037; x_wconf 91' lang='lat' dir='ltr'><strong>queat,</strong></span> <span class='ocrx_word' id='word_1_203' title='bbox 2000 2968 2115 3022; x_wconf 80' lang='lat' dir='ltr'><strong>sive</strong></span> 
     </span>
    </p>
   </div>
   <div class='ocr_carea' id='block_1_32' title="bbox 551 3057 2117 3129">
    <p class='ocr_par' dir='ltr' id='par_1_32' title="bbox 551 3057 2117 3129">
     <span class='ocr_line' id='line_1_32' title="bbox 551 3057 2117 3129; baseline 0.003 -20"><span class='ocrx_word' id='word_1_204' title='bbox 551 3057 896 3126; x_wconf 86' lang='lat' dir='ltr'><strong>probatione,</strong></span> <span class='ocrx_word' id='word_1_205' title='bbox 930 3059 1044 3112; x_wconf 90' lang='lat' dir='ltr'><strong>sive</strong></span> <span class='ocrx_word' id='word_1_206' title='bbox 1089 3058 1494 3128; x_wconf 47' lang='lat' dir='ltr'><strong>dispensatione</strong></span> <span class='ocrx_word' id='word_1_207' title='bbox 1527 3074 1540 3109; x_wconf 92' lang='lat'><strong>:</strong></span> <span class='ocrx_word' id='word_1_208' title='bbox 1572 3059 1674 3113; x_wconf 88' lang='lat' dir='ltr'><strong>hoc</strong></span> <span class='ocrx_word' id='word_1_209' title='bbox 1711 3069 1814 3126; x_wconf 90' lang='lat' dir='ltr'><strong>est,</strong></span> <span class='ocrx_word' id='word_1_210' title='bbox 1855 3075 1974 3114; x_wconf 89' lang='lat' dir='ltr'><strong>meo</strong></span> <span class='ocrx_word' id='word_1_211' title='bbox 1997 3061 2117 3129; x_wconf 89' lang='lat' dir='ltr'><strong>qui-</strong></span> 
     </span>
    </p>
   </div>
   <div class='ocr_carea' id='block_1_33' title="bbox 548 3147 2110 3218">
    <p class='ocr_par' dir='ltr' id='par_1_33' title="bbox 548 3147 2110 3218">
     <span class='ocr_line' id='line_1_33' title="bbox 548 3147 2110 3218; baseline 0.001 -17"><span class='ocrx_word' id='word_1_212' title='bbox 548 3147 913 3216; x_wconf 86' lang='lat' dir='ltr'><strong>demjudicio,</strong></span> <span class='ocrx_word' id='word_1_213' title='bbox 943 3158 1000 3202; x_wconf 91' lang='lat' dir='ltr'><strong>ut</strong></span> <span class='ocrx_word' id='word_1_214' title='bbox 1033 3149 1311 3218; x_wconf 67' lang='lat' dir='ltr'><strong>praenuisso</strong></span> <span class='ocrx_word' id='word_1_215' title='bbox 1336 3163 1400 3202; x_wconf 93' lang='lat' dir='ltr'><strong>eo</strong></span> <span class='ocrx_word' id='word_1_216' title='bbox 1430 3148 1560 3213; x_wconf 89' lang='lat' dir='ltr'><strong>lilio,</strong></span> <span class='ocrx_word' id='word_1_217' title='bbox 1594 3149 1683 3203; x_wconf 91' lang='lat' dir='ltr'><strong>cui</strong></span> <span class='ocrx_word' id='word_1_218' title='bbox 1727 3159 1946 3218; x_wconf 86' lang='lat' dir='ltr'><strong>pr0pter</strong></span> <span class='ocrx_word' id='word_1_219' title='bbox 1977 3159 2110 3204; x_wconf 65' lang='lat' dir='ltr'><strong>aeta-</strong></span> 
     </span>
    </p>
   </div>
   <div class='ocr_carea' id='block_1_34' title="bbox 2212 595 3740 674">
    <p class='ocr_par' dir='ltr' id='par_1_34' title="bbox 2212 595 3740 674">
     <span class='ocr_line' id='line_1_34' title="bbox 2212 595 3740 674; baseline 0.005 -27"><span class='ocrx_word' id='word_1_220' title='bbox 2212 595 2371 665; x_wconf 87' lang='grc' dir='ltr'><strong>μόνον</strong></span> <span class='ocrx_word' id='word_1_221' title='bbox 2403 595 2531 666; x_wconf 64' lang='grc'>(64),</span> <span class='ocrx_word' id='word_1_222' title='bbox 2565 595 2701 648; x_wconf 81' lang='grc' dir='ltr'><strong>ἀλλὰ</strong></span> <span class='ocrx_word' id='word_1_223' title='bbox 2726 595 2820 648; x_wconf 79' lang='grc' dir='ltr'><strong>καὶ</strong></span> <span class='ocrx_word' id='word_1_224' title='bbox 2864 596 2990 660; x_wconf 84' lang='grc' dir='ltr'><strong>τοὺς</strong></span> <span class='ocrx_word' id='word_1_225' title='bbox 3037 597 3098 661; x_wconf 82' lang='grc' dir='ltr'><strong>ἐξ</strong></span> <span class='ocrx_word' id='word_1_226' title='bbox 3140 598 3310 668; x_wconf 83' lang='grc' dir='ltr'><strong>αὐτῆς</strong></span> <span class='ocrx_word' id='word_1_227' title='bbox 3342 599 3644 658; x_wconf 75' lang='grc' dir='ltr'><strong>κατάγουσα</strong></span> <span class='ocrx_word' id='word_1_228' title='bbox 3670 603 3740 674; x_wconf 63' lang='lat' dir='ltr'><strong>sip</strong></span> 
     </span>
    </p>
   </div>
   <div class='ocr_carea' id='block_1_35' title="bbox 2208 685 3718 762">
    <p class='ocr_par' dir='ltr' id='par_1_35' title="bbox 2208 685 3718 762">
     <span class='ocr_line' id='line_1_35' title="bbox 2208 685 3718 762; baseline 0.004 -24"><span class='ocrx_word' id='word_1_229' title='bbox 2208 685 2510 749; x_wconf 74' lang='grc' dir='ltr'><strong>εὐσέϐειαν,</strong></span> <span class='ocrx_word' id='word_1_230' title='bbox 2560 686 2619 753; x_wconf 79' lang='grc' dir='ltr'><strong>ἐξ</strong></span> <span class='ocrx_word' id='word_1_231' title='bbox 2671 687 2830 756; x_wconf 85' lang='grc' dir='ltr'><strong>ἁγίας</strong></span> <span class='ocrx_word' id='word_1_232' title='bbox 2851 687 3110 758; x_wconf 69' lang='grc' dir='ltr'><strong>ιὰπαρχῆς</strong></span> <span class='ocrx_word' id='word_1_233' title='bbox 3145 689 3310 752; x_wconf 74' lang='grc' dir='ltr'><strong>ὅντως</strong></span> <span class='ocrx_word' id='word_1_234' title='bbox 3343 689 3496 757; x_wconf 67' lang='grc' dir='ltr'><strong>ἄτιον</strong></span> <span class='ocrx_word' id='word_1_235' title='bbox 3515 691 3718 762; x_wconf 80' lang='grc' dir='ltr'><strong>φύραμα</strong></span> 
     </span>
    </p>
   </div>
   <div class='ocr_carea' id='block_1_36' title="bbox 2206 776 3732 849">
    <p class='ocr_par' dir='ltr' id='par_1_36' title="bbox 2206 776 3732 849">
     <span class='ocr_line' id='line_1_36' title="bbox 2206 776 3732 849; baseline 0.003 -19"><span class='ocrx_word' id='word_1_236' title='bbox 2206 776 2458 831; x_wconf 71' lang='grc' dir='ltr'><strong>τοσοῦτον</strong></span> <span class='ocrx_word' id='word_1_237' title='bbox 2483 778 2538 831; x_wconf 81' lang='grc' dir='ltr'><strong>δὲ</strong></span> <span class='ocrx_word' id='word_1_238' title='bbox 2565 779 2696 831; x_wconf 83' lang='grc' dir='ltr'><strong>αὐτὸ</strong></span> <span class='ocrx_word' id='word_1_239' title='bbox 2727 777 3008 849; x_wconf 79' lang='grc' dir='ltr'><strong>αὐξήσασά</strong></span> <span class='ocrx_word' id='word_1_240' title='bbox 3049 777 3155 849; x_wconf 83' lang='grc'>(65)</span> <span class='ocrx_word' id='word_1_241' title='bbox 3201 795 3260 831; x_wconf 87' lang='grc' dir='ltr'><strong>τε</strong></span> <span class='ocrx_word' id='word_1_242' title='bbox 3289 781 3382 833; x_wconf 85' lang='grc' dir='ltr'><strong>καὶ</strong></span> <span class='ocrx_word' id='word_1_243' title='bbox 3420 780 3732 835; x_wconf 71' lang='grc' dir='ltr'><strong>πλεονάσασα</strong></span> 
     </span>
    </p>
   </div>
   <div class='ocr_carea' id='block_1_37' title="bbox 2209 870 3736 944">
    <p class='ocr_par' dir='ltr' id='par_1_37' title="bbox 2209 870 3736 944">
     <span class='ocr_line' id='line_1_37' title="bbox 2209 870 3736 944; baseline 0.003 -20"><span class='ocrx_word' id='word_1_244' title='bbox 2209 870 2347 924; x_wconf 79' lang='grc' dir='ltr'><strong>ὥστε</strong></span> <span class='ocrx_word' id='word_1_245' title='bbox 2369 872 2467 942; x_wconf 71' lang='grc' dir='ltr'><strong>ἤδη</strong></span> <span class='ocrx_word' id='word_1_246' title='bbox 2499 871 2608 923; x_wconf 68' lang='grc' dir='ltr'><strong>τισὶ</strong></span> <span class='ocrx_word' id='word_1_247' title='bbox 2641 870 2964 941; x_wconf 83' lang='grc' dir='ltr'><strong>(φθέγξομαι</strong></span> <span class='ocrx_word' id='word_1_248' title='bbox 2993 872 3119 942; x_wconf 78' lang='grc' dir='ltr'><strong>γὰρ,</strong></span> <span class='ocrx_word' id='word_1_249' title='bbox 3153 874 3200 925; x_wconf 86' lang='grc' dir='ltr'><strong>εἰ</strong></span> <span class='ocrx_word' id='word_1_250' title='bbox 3229 873 3322 925; x_wconf 72' lang='grc' dir='ltr'><strong>καὶ</strong></span> <span class='ocrx_word' id='word_1_251' title='bbox 3347 873 3614 944; x_wconf 76' lang='grc' dir='ltr'><strong>τολμηρὸς</strong></span> <span class='ocrx_word' id='word_1_252' title='bbox 3635 878 3660 928; x_wconf 85' lang='grc' dir='ltr'>ὁ</span> <span class='ocrx_word' id='word_1_253' title='bbox 3681 877 3736 930; x_wconf 77' lang='grc' dir='ltr'><strong>λό</strong></span> 
     </span>
    </p>
   </div>
   <div class='ocr_carea' id='block_1_38' title="bbox 2207 961 3730 1034">
    <p class='ocr_par' dir='ltr' id='par_1_38' title="bbox 2207 961 3730 1034">
     <span class='ocr_line' id='line_1_38' title="bbox 2207 961 3730 1034; baseline 0.003 -20"><span class='ocrx_word' id='word_1_254' title='bbox 2207 962 2344 1033; x_wconf 86' lang='grc' dir='ltr'><strong>γος),</strong></span> <span class='ocrx_word' id='word_1_255' title='bbox 2400 962 2532 1033; x_wconf 82' lang='grc' dir='ltr'><strong>μηδέ</strong></span> <span class='ocrx_word' id='word_1_256' title='bbox 2591 961 2688 1032; x_wconf 82' lang='grc' dir='ltr'><strong>τὴν</strong></span> <span class='ocrx_word' id='word_1_257' title='bbox 2742 961 2834 1014; x_wconf 79' lang='grc' dir='ltr'><strong>τού</strong></span> <span class='ocrx_word' id='word_1_258' title='bbox 2875 961 3066 1033; x_wconf 77' lang='grc' dir='ltr'><strong>ἀνδρὸς</strong></span> <span class='ocrx_word' id='word_1_259' title='bbox 3107 961 3418 1032; x_wconf 78' lang='grc' dir='ltr'><strong>τελειότητα</strong></span> <span class='ocrx_word' id='word_1_260' title='bbox 3478 964 3658 1034; x_wconf 77' lang='grc' dir='ltr'><strong>ἐτέρου</strong></span> <span class='ocrx_word' id='word_1_261' title='bbox 3686 983 3730 1018; x_wconf 85' lang='grc' dir='ltr'><strong>τι</strong></span> 
     </span>
    </p>
   </div>
   <div class='ocr_carea' id='block_1_39' title="bbox 2209 1051 3732 1124">
    <p class='ocr_par' dir='ltr' id='par_1_39' title="bbox 2209 1051 3732 1124">
     <span class='ocr_line' id='line_1_39' title="bbox 2209 1051 3732 1124; baseline 0 -18"><span class='ocrx_word' id='word_1_262' title='bbox 2209 1053 2347 1124; x_wconf 78' lang='grc' dir='ltr'><strong>νὸςῆ</strong></span> <span class='ocrx_word' id='word_1_263' title='bbox 2376 1052 2576 1122; x_wconf 78' lang='grc' dir='ltr'><strong>ταύτης</strong></span> <span class='ocrx_word' id='word_1_264' title='bbox 2605 1051 2763 1124; x_wconf 81' lang='grc' dir='ltr'>ἔργον</span> <span class='ocrx_word' id='word_1_265' title='bbox 2795 1052 3068 1120; x_wconf 85' lang='grc' dir='ltr'><strong>γενέσθαι,</strong></span> <span class='ocrx_word' id='word_1_266' title='bbox 3095 1052 3448 1122; x_wconf 75' lang='grc' dir='ltr'><strong>πιστευθῆναι</strong></span> <span class='ocrx_word' id='word_1_267' title='bbox 3467 1070 3527 1106; x_wconf 86' lang='grc' dir='ltr'><strong>τε</strong></span> <span class='ocrx_word' id='word_1_268' title='bbox 3558 1055 3644 1106; x_wconf 80' lang='grc' dir='ltr'><strong>καί</strong></span> <span class='ocrx_word' id='word_1_269' title='bbox 3677 1058 3732 1124; x_wconf 78' lang='grc' dir='ltr'><strong>ῥη</strong></span> 
     </span>
    </p>
   </div>
   <div class='ocr_carea' id='block_1_40' title="bbox 2207 1138 3730 1214">
    <p class='ocr_par' dir='ltr' id='par_1_40' title="bbox 2207 1138 3730 1214">
     <span class='ocr_line' id='line_1_40' title="bbox 2207 1138 3730 1214; baseline 0.001 -19"><span class='ocrx_word' id='word_1_270' title='bbox 2207 1142 2399 1212; x_wconf 80' lang='grc' dir='ltr'><strong>θῆναι·</strong></span> <span class='ocrx_word' id='word_1_271' title='bbox 2431 1143 2543 1203; x_wconf 61' lang='grc' dir='ltr'><strong>καὶ,</strong></span> <span class='ocrx_word' id='word_1_272' title='bbox 2577 1141 2622 1193; x_wconf 86' lang='grc' dir='ltr'><strong>ῶ</strong></span> <span class='ocrx_word' id='word_1_273' title='bbox 2659 1145 2752 1198; x_wconf 77' lang='grc' dir='ltr'><strong>τοῦ</strong></span> <span class='ocrx_word' id='word_1_274' title='bbox 2796 1141 3071 1212; x_wconf 86' lang='grc' dir='ltr'><strong>θαύματος</strong></span> <span class='ocrx_word' id='word_1_275' title='bbox 3097 1143 3108 1195; x_wconf 89' lang='lat'><strong>!</strong></span> <span class='ocrx_word' id='word_1_276' title='bbox 3145 1138 3302 1196; x_wconf 86' lang='grc' dir='ltr'><strong>ἆθλον</strong></span> <span class='ocrx_word' id='word_1_277' title='bbox 3326 1144 3603 1206; x_wconf 76' lang='grc' dir='ltr'><strong>εὐσεϐείας</strong></span> <span class='ocrx_word' id='word_1_278' title='bbox 3624 1144 3730 1214; x_wconf 80' lang='grc' dir='ltr'><strong>δοθῆ</strong></span> 
     </span>
    </p>
   </div>
   <div class='ocr_carea' id='block_1_41' title="bbox 2209 1231 3735 1304">
    <p class='ocr_par' dir='ltr' id='par_1_41' title="bbox 2209 1231 3735 1304">
     <span class='ocr_line' id='line_1_41' title="bbox 2209 1231 3735 1304; baseline 0.002 -20"><span class='ocrx_word' id='word_1_279' title='bbox 2209 1249 2296 1284; x_wconf 91' lang='grc' dir='ltr'><strong>ναι</strong></span> <span class='ocrx_word' id='word_1_280' title='bbox 2329 1231 2549 1302; x_wconf 79' lang='grc' dir='ltr'><strong>μείζονα</strong></span> <span class='ocrx_word' id='word_1_281' title='bbox 2582 1233 2676 1284; x_wconf 72' lang='grc' dir='ltr'><strong>καὶ</strong></span> <span class='ocrx_word' id='word_1_282' title='bbox 2704 1231 3038 1304; x_wconf 83' lang='grc' dir='ltr'><strong>τελειοτέραν</strong></span> <span class='ocrx_word' id='word_1_283' title='bbox 3063 1231 3172 1303; x_wconf 83' lang='grc'>(66)</span> <span class='ocrx_word' id='word_1_284' title='bbox 3204 1231 3501 1286; x_wconf 75' lang='grc' dir='ltr'><strong>εὐσέϐειαν.</strong></span> <span class='ocrx_word' id='word_1_285' title='bbox 3535 1233 3735 1288; x_wconf 80' lang='grc' dir='ltr'><strong>Φιλόπαι</strong></span> 
     </span>
    </p>
   </div>
   <div class='ocr_carea' id='block_1_42' title="bbox 2205 1321 3750 1394">
    <p class='ocr_par' dir='ltr' id='par_1_42' title="bbox 2205 1321 3750 1394">
     <span class='ocr_line' id='line_1_42' title="bbox 2205 1321 3750 1394; baseline 0.003 -19"><span class='ocrx_word' id='word_1_286' title='bbox 2205 1321 2296 1386; x_wconf 84' lang='grc' dir='ltr'><strong>δες</strong></span> <span class='ocrx_word' id='word_1_287' title='bbox 2324 1324 2488 1393; x_wconf 82' lang='grc' dir='ltr'><strong>ἄμφω</strong></span> <span class='ocrx_word' id='word_1_288' title='bbox 2514 1323 2608 1376; x_wconf 76' lang='grc' dir='ltr'><strong>καὶ</strong></span> <span class='ocrx_word' id='word_1_289' title='bbox 2632 1323 2986 1393; x_wconf 86' lang='grc' dir='ltr'><strong>φιλόχριστοι,</strong></span> <span class='ocrx_word' id='word_1_290' title='bbox 3014 1324 3074 1376; x_wconf 85' lang='grc' dir='ltr'><strong>τὸ</strong></span> <span class='ocrx_word' id='word_1_291' title='bbox 3107 1323 3560 1392; x_wconf 77' lang='grc' dir='ltr'><strong>παραδοξότατον,</strong></span> <span class='ocrx_word' id='word_1_292' title='bbox 3587 1325 3750 1394; x_wconf 76' lang='grc' dir='ltr'><strong>μᾶλλοι</strong></span> 
     </span>
    </p>
   </div>
   <div class='ocr_carea' id='block_1_43' title="bbox 2207 1411 3747 1485">
    <p class='ocr_par' dir='ltr' id='par_1_43' title="bbox 2207 1411 3747 1485">
     <span class='ocr_line' id='line_1_43' title="bbox 2207 1411 3747 1485; baseline 0.002 -19"><span class='ocrx_word' id='word_1_293' title='bbox 2207 1413 2264 1466; x_wconf 82' lang='grc' dir='ltr'>δὲ</span> <span class='ocrx_word' id='word_1_294' title='bbox 2293 1414 2624 1484; x_wconf 81' lang='grc' dir='ltr'><strong>φιλόχριστοι</strong></span> <span class='ocrx_word' id='word_1_295' title='bbox 2656 1413 2817 1466; x_wconf 80' lang='grc' dir='ltr'><strong>πλέον</strong></span> <span class='ocrx_word' id='word_1_296' title='bbox 2845 1415 2876 1485; x_wconf 85' lang='grc' dir='ltr'>ἢ</span> <span class='ocrx_word' id='word_1_297' title='bbox 2923 1415 3268 1484; x_wconf 80' lang='grc' dir='ltr'><strong>φιλόπαιδες⁶</strong></span> <span class='ocrx_word' id='word_1_298' title='bbox 3314 1411 3394 1479; x_wconf 76' lang='grc' dir='ltr'><strong>οἷς</strong></span> <span class='ocrx_word' id='word_1_299' title='bbox 3442 1433 3506 1484; x_wconf 83' lang='grc' dir='ltr'><strong>γε</strong></span> <span class='ocrx_word' id='word_1_300' title='bbox 3554 1418 3642 1470; x_wconf 80' lang='grc' dir='ltr'><strong>καὶ</strong></span> <span class='ocrx_word' id='word_1_301' title='bbox 3668 1417 3747 1469; x_wconf 64' lang='grc' dir='ltr'><strong>τῶι</strong></span> 
     </span>
    </p>
   </div>
   <div class='ocr_carea' id='block_1_44' title="bbox 2209 1501 3752 1577">
    <p class='ocr_par' dir='ltr' id='par_1_44' title="bbox 2209 1501 3752 1577">
     <span class='ocr_line' id='line_1_44' title="bbox 2209 1501 3752 1577; baseline 0.004 -23"><span class='ocrx_word' id='word_1_302' title='bbox 2209 1501 2412 1555; x_wconf 87' lang='grc' dir='ltr'><strong>τέκνων</strong></span> <span class='ocrx_word' id='word_1_303' title='bbox 2447 1503 2544 1573; x_wconf 88' lang='grc' dir='ltr'><strong>μία</strong></span> <span class='ocrx_word' id='word_1_304' title='bbox 2594 1520 2680 1567; x_wconf 88' lang='grc' dir='ltr'><strong>τις</strong></span> <span class='ocrx_word' id='word_1_305' title='bbox 2737 1503 3038 1568; x_wconf 87' lang='grc' dir='ltr'><strong>ἀπόλαυσις</strong></span> <span class='ocrx_word' id='word_1_306' title='bbox 3065 1501 3156 1575; x_wconf 77' lang='grc' dir='ltr'><strong>ἦν,</strong></span> <span class='ocrx_word' id='word_1_307' title='bbox 3191 1505 3251 1558; x_wconf 78' lang='grc' dir='ltr'><strong>τὸ</strong></span> <span class='ocrx_word' id='word_1_308' title='bbox 3293 1506 3399 1559; x_wconf 76' lang='grc' dir='ltr'><strong>ἀπὸ</strong></span> <span class='ocrx_word' id='word_1_309' title='bbox 3427 1507 3655 1577; x_wconf 81' lang='grc' dir='ltr'><strong>Χριστού</strong></span> <span class='ocrx_word' id='word_1_310' title='bbox 3684 1511 3752 1560; x_wconf 67' lang='grc' dir='ltr'><strong>καὶ</strong></span> 
     </span>
    </p>
   </div>
   <div class='ocr_carea' id='block_1_45' title="bbox 2209 1593 3753 1666">
    <p class='ocr_par' dir='ltr' id='par_1_45' title="bbox 2209 1593 3753 1666">
     <span class='ocr_line' id='line_1_45' title="bbox 2209 1593 3753 1666; baseline 0.004 -21"><span class='ocrx_word' id='word_1_311' title='bbox 2209 1593 2589 1665; x_wconf 71' lang='grc' dir='ltr'><strong>γνωρίζεσθαι,</strong></span> <span class='ocrx_word' id='word_1_312' title='bbox 2651 1596 2742 1648; x_wconf 75' lang='grc' dir='ltr'><strong>καὶ</strong></span> <span class='ocrx_word' id='word_1_313' title='bbox 2791 1594 3171 1666; x_wconf 77' lang='grc' dir='ltr'><strong>ὀνομάζεσθαι,</strong></span> <span class='ocrx_word' id='word_1_314' title='bbox 3229 1597 3322 1650; x_wconf 79' lang='grc' dir='ltr'><strong>καὶ</strong></span> <span class='ocrx_word' id='word_1_315' title='bbox 3378 1594 3458 1661; x_wconf 77' lang='grc' dir='ltr'><strong>εἷς</strong></span> <span class='ocrx_word' id='word_1_316' title='bbox 3505 1599 3753 1662; x_wconf 75' lang='grc' dir='ltr'><strong>εὐπαιδίας</strong></span> 
     </span>
    </p>
   </div>
   <div class='ocr_carea' id='block_1_46' title="bbox 2209 1685 3744 1760">
    <p class='ocr_par' dir='ltr' id='par_1_46' title="bbox 2209 1685 3744 1760">
     <span class='ocr_line' id='line_1_46' title="bbox 2209 1685 3744 1760; baseline 0.003 -23"><span class='ocrx_word' id='word_1_317' title='bbox 2209 1685 2332 1756; x_wconf 81' lang='grc' dir='ltr'><strong>ὅρος</strong></span> <span class='ocrx_word' id='word_1_318' title='bbox 2364 1688 2396 1756; x_wconf 82' lang='grc' dir='ltr'>ἡ</span> <span class='ocrx_word' id='word_1_319' title='bbox 2450 1686 2638 1758; x_wconf 81' lang='grc' dir='ltr'><strong>ἁρετὴ,</strong></span> <span class='ocrx_word' id='word_1_320' title='bbox 2671 1687 2823 1756; x_wconf 77' lang='grc' dir='ltr'><strong>καὶὴ</strong></span> <span class='ocrx_word' id='word_1_321' title='bbox 2855 1688 2991 1758; x_wconf 81' lang='grc' dir='ltr'><strong>πρὸς</strong></span> <span class='ocrx_word' id='word_1_322' title='bbox 3033 1688 3094 1740; x_wconf 86' lang='grc' dir='ltr'><strong>τὸ</strong></span> <span class='ocrx_word' id='word_1_323' title='bbox 3129 1691 3368 1760; x_wconf 85' lang='grc' dir='ltr'><strong>κρεῖττον</strong></span> <span class='ocrx_word' id='word_1_324' title='bbox 3407 1689 3520 1760; x_wconf 84' lang='grc'>(67)</span> <span class='ocrx_word' id='word_1_325' title='bbox 3575 1690 3744 1742; x_wconf 78' lang='grc' dir='ltr'><strong>οἰκείω</strong></span> 
     </span>
    </p>
   </div>
   <div class='ocr_carea' id='block_1_47' title="bbox 2213 1775 3755 1851">
    <p class='ocr_par' dir='ltr' id='par_1_47' title="bbox 2213 1775 3755 1851">
     <span class='ocr_line' id='line_1_47' title="bbox 2213 1775 3755 1851; baseline 0.004 -24"><span class='ocrx_word' id='word_1_326' title='bbox 2213 1792 2328 1839; x_wconf 80' lang='grc' dir='ltr'><strong>σις’</strong></span> <span class='ocrx_word' id='word_1_327' title='bbox 2361 1775 2744 1847; x_wconf 78' lang='grc' dir='ltr'><strong>εὐσπλαγχνοι,</strong></span> <span class='ocrx_word' id='word_1_328' title='bbox 2792 1777 3117 1849; x_wconf 81' lang='grc' dir='ltr'><strong>συμπαθεῖς,</strong></span> <span class='ocrx_word' id='word_1_329' title='bbox 3157 1778 3492 1851; x_wconf 74' lang='grc' dir='ltr'><strong>ἁρπάζοντες</strong></span> <span class='ocrx_word' id='word_1_330' title='bbox 3528 1780 3596 1833; x_wconf 73' lang='grc' dir='ltr'><strong>τὰ</strong></span> 
     </span>
    </p>
   </div>
   <div class='ocr_carea' id='block_1_48' title="bbox 2213 1866 3758 1941">
    <p class='ocr_par' dir='ltr' id='par_1_48' title="bbox 2213 1866 3758 1941">
     <span class='ocr_line' id='line_1_48' title="bbox 2213 1866 3758 1941; baseline 0.005 -23"><span class='ocrx_word' id='word_1_331' title='bbox 2213 1867 2409 1938; x_wconf 76' lang='grc' dir='ltr'><strong>σητῶν,</strong></span> <span class='ocrx_word' id='word_1_332' title='bbox 2442 1869 2535 1920; x_wconf 75' lang='grc' dir='ltr'><strong>καὶ</strong></span> <span class='ocrx_word' id='word_1_333' title='bbox 2565 1866 2800 1938; x_wconf 80' lang='grc' dir='ltr'><strong>λῃστῶν,</strong></span> <span class='ocrx_word' id='word_1_334' title='bbox 2836 1869 2931 1922; x_wconf 75' lang='grc' dir='ltr'><strong>καὶ</strong></span> <span class='ocrx_word' id='word_1_335' title='bbox 2969 1868 3065 1921; x_wconf 82' lang='grc' dir='ltr'><strong>τοῦ</strong></span> <span class='ocrx_word' id='word_1_336' title='bbox 3096 1870 3559 1941; x_wconf 77' lang='grc' dir='ltr'><strong>κοσμοκράτορας.</strong></span> <span class='ocrx_word' id='word_1_337' title='bbox 3597 1873 3653 1924; x_wconf 81' lang='grc' dir='ltr'><strong>ὲκ</strong></span> <span class='ocrx_word' id='word_1_338' title='bbox 3680 1872 3758 1941; x_wconf 55' lang='grc' dir='ltr'><strong>τῆς</strong></span> 
     </span>
    </p>
   </div>
   <div class='ocr_carea' id='block_1_49' title="bbox 2215 1960 3758 2032">
    <p class='ocr_par' dir='ltr' id='par_1_49' title="bbox 2215 1960 3758 2032">
     <span class='ocr_line' id='line_1_49' title="bbox 2215 1960 3758 2032; baseline 0.004 -22"><span class='ocrx_word' id='word_1_339' title='bbox 2215 1960 2503 2029; x_wconf 76' lang='grc' dir='ltr'><strong>παροικίας</strong></span> <span class='ocrx_word' id='word_1_340' title='bbox 2542 1962 2620 2022; x_wconf 86' lang='grc' dir='ltr'><strong>εἰς</strong></span> <span class='ocrx_word' id='word_1_341' title='bbox 2657 1960 2754 2030; x_wconf 82' lang='grc' dir='ltr'><strong>τὴν</strong></span> <span class='ocrx_word' id='word_1_342' title='bbox 2785 1961 3063 2014; x_wconf 81' lang='grc' dir='ltr'><strong>κατοικίαν</strong></span> <span class='ocrx_word' id='word_1_343' title='bbox 3111 1961 3651 2032; x_wconf 68' lang='grc' dir='ltr'><strong>μετασκευαζόμενοι.</strong></span> <span class='ocrx_word' id='word_1_344' title='bbox 3688 1965 3758 2016; x_wconf 64' lang='grc' dir='ltr'><strong>καὶ</strong></span> 
     </span>
    </p>
   </div>
   <div class='ocr_carea' id='block_1_50' title="bbox 2213 2049 3759 2129">
    <p class='ocr_par' dir='ltr' id='par_1_50' title="bbox 2213 2049 3759 2129">
     <span class='ocr_line' id='line_1_50' title="bbox 2213 2049 3759 2129; baseline 0.004 -28"><span class='ocrx_word' id='word_1_345' title='bbox 2213 2049 2412 2122; x_wconf 85' lang='grc' dir='ltr'><strong>κλῆρον</strong></span> <span class='ocrx_word' id='word_1_346' title='bbox 2447 2052 2701 2121; x_wconf 89' lang='grc' dir='ltr'><strong>μέγιστον</strong></span> <span class='ocrx_word' id='word_1_347' title='bbox 2743 2054 2855 2116; x_wconf 85' lang='grc' dir='ltr'><strong>τοῖς</strong></span> <span class='ocrx_word' id='word_1_348' title='bbox 2889 2054 3041 2106; x_wconf 72' lang='grc' dir='ltr'><strong>παισὶ</strong></span> <span class='ocrx_word' id='word_1_349' title='bbox 3075 2055 3172 2124; x_wconf 79' lang='grc' dir='ltr'><strong>τὴν</strong></span> <span class='ocrx_word' id='word_1_350' title='bbox 3206 2054 3412 2108; x_wconf 83' lang='grc' dir='ltr'><strong>ἐκεῖθεν</strong></span> <span class='ocrx_word' id='word_1_351' title='bbox 3435 2055 3759 2129; x_wconf 73' lang='grc' dir='ltr'><strong>λαμπρότητα</strong></span> 
     </span>
    </p>
   </div>
   <div class='ocr_carea' id='block_1_51' title="bbox 2215 2141 3743 2219">
    <p class='ocr_par' dir='ltr' id='par_1_51' title="bbox 2215 2141 3743 2219">
     <span class='ocr_line' id='line_1_51' title="bbox 2215 2141 3743 2219; baseline 0.004 -26"><span class='ocrx_word' id='word_1_352' title='bbox 2215 2141 2650 2214; x_wconf 75' lang='grc' dir='ltr'><strong>θησαυρίζοντες.</strong></span> <span class='ocrx_word' id='word_1_353' title='bbox 2688 2143 2842 2198; x_wconf 81' lang='grc' dir='ltr'><strong>Οὕτω</strong></span> <span class='ocrx_word' id='word_1_354' title='bbox 2871 2162 2952 2198; x_wconf 84' lang='grc' dir='ltr'><strong>τοι</strong></span> <span class='ocrx_word' id='word_1_355' title='bbox 2986 2145 3078 2198; x_wconf 77' lang='grc' dir='ltr'><strong>καὶ</strong></span> <span class='ocrx_word' id='word_1_356' title='bbox 3118 2147 3197 2209; x_wconf 86' lang='grc' dir='ltr'><strong>είς</strong></span> <span class='ocrx_word' id='word_1_357' title='bbox 3229 2146 3457 2218; x_wconf 72' lang='grc' dir='ltr'><strong>λιπαρὸν</strong></span> <span class='ocrx_word' id='word_1_358' title='bbox 3482 2149 3594 2219; x_wconf 73' lang='grc'>(68)</span> <span class='ocrx_word' id='word_1_359' title='bbox 3624 2148 3743 2215; x_wconf 80' lang='grc' dir='ltr'><strong>ἕφθα</strong></span> 
     </span>
    </p>
   </div>
   <div class='ocr_carea' id='block_1_52' title="bbox 2216 2233 3763 2308">
    <p class='ocr_par' dir='ltr' id='par_1_52' title="bbox 2216 2233 3763 2308">
     <span class='ocr_line' id='line_1_52' title="bbox 2216 2233 3763 2308; baseline 0.003 -25"><span class='ocrx_word' id='word_1_360' title='bbox 2216 2248 2315 2283; x_wconf 91' lang='grc' dir='ltr'><strong>σαν</strong></span> <span class='ocrx_word' id='word_1_361' title='bbox 2345 2233 2540 2302; x_wconf 79' lang='grc' dir='ltr'><strong>γῆρας,</strong></span> <span class='ocrx_word' id='word_1_362' title='bbox 2564 2233 2814 2303; x_wconf 75' lang='grc' dir='ltr'><strong>ὁμότιμοι</strong></span> <span class='ocrx_word' id='word_1_363' title='bbox 2836 2236 2930 2287; x_wconf 84' lang='grc' dir='ltr'><strong>καί</strong></span> <span class='ocrx_word' id='word_1_364' title='bbox 2958 2234 3055 2306; x_wconf 80' lang='grc' dir='ltr'><strong>τὴν</strong></span> <span class='ocrx_word' id='word_1_365' title='bbox 3087 2236 3284 2306; x_wconf 82' lang='grc' dir='ltr'><strong>ἀρετὴν</strong></span> <span class='ocrx_word' id='word_1_366' title='bbox 3311 2237 3404 2289; x_wconf 85' lang='grc' dir='ltr'><strong>καὶ</strong></span> <span class='ocrx_word' id='word_1_367' title='bbox 3433 2237 3533 2308; x_wconf 75' lang='grc' dir='ltr'><strong>τὴν</strong></span> <span class='ocrx_word' id='word_1_368' title='bbox 3557 2237 3763 2307; x_wconf 71' lang='grc' dir='ltr'><strong>ἠλικίαν,</strong></span> 
     </span>
    </p>
   </div>
   <div class='ocr_carea' id='block_1_53' title="bbox 2215 2323 3763 2400">
    <p class='ocr_par' dir='ltr' id='par_1_53' title="bbox 2215 2323 3763 2400">
     <span class='ocr_line' id='line_1_53' title="bbox 2215 2323 3763 2400; baseline 0.005 -25"><span class='ocrx_word' id='word_1_369' title='bbox 2215 2323 2307 2376; x_wconf 84' lang='grc' dir='ltr'><strong>καὶ</strong></span> <span class='ocrx_word' id='word_1_370' title='bbox 2347 2324 2572 2394; x_wconf 76' lang='grc' dir='ltr'><strong>πλήρεις</strong></span> <span class='ocrx_word' id='word_1_371' title='bbox 2623 2324 2863 2396; x_wconf 84' lang='grc' dir='ltr'><strong>ήμερῶν,</strong></span> <span class='ocrx_word' id='word_1_372' title='bbox 2904 2325 3009 2378; x_wconf 89' lang='grc' dir='ltr'><strong>τῶν</strong></span> <span class='ocrx_word' id='word_1_373' title='bbox 3042 2344 3100 2379; x_wconf 89' lang='grc' dir='ltr'><strong>τε</strong></span> <span class='ocrx_word' id='word_1_374' title='bbox 3155 2329 3427 2398; x_wconf 81' lang='grc' dir='ltr'><strong>μενουσῶν</strong></span> <span class='ocrx_word' id='word_1_375' title='bbox 3455 2332 3654 2400; x_wconf 85' lang='grc' dir='ltr'><strong>ὁμοίως</strong></span> <span class='ocrx_word' id='word_1_376' title='bbox 3688 2326 3763 2384; x_wconf 74' lang='grc' dir='ltr'><strong>καὶ</strong></span> 
     </span>
    </p>
   </div>
   <div class='ocr_carea' id='block_1_54' title="bbox 2213 2414 3764 2492">
    <p class='ocr_par' dir='ltr' id='par_1_54' title="bbox 2213 2414 3764 2492">
     <span class='ocr_line' id='line_1_54' title="bbox 2213 2414 3764 2492; baseline 0.005 -25"><span class='ocrx_word' id='word_1_377' title='bbox 2213 2415 2321 2468; x_wconf 89' lang='grc' dir='ltr'><strong>τῶν</strong></span> <span class='ocrx_word' id='word_1_378' title='bbox 2349 2414 2625 2486; x_wconf 79' lang='grc' dir='ltr'><strong>λυομένων</strong></span> <span class='ocrx_word' id='word_1_379' title='bbox 2651 2435 2663 2448; x_wconf 86' lang='grc'><strong>·</strong></span> <span class='ocrx_word' id='word_1_380' title='bbox 2706 2417 2854 2488; x_wconf 86' lang='grc' dir='ltr'><strong>παρὰ</strong></span> <span class='ocrx_word' id='word_1_381' title='bbox 2881 2418 3132 2471; x_wconf 81' lang='grc' dir='ltr'><strong>τοσοῦτον</strong></span> <span class='ocrx_word' id='word_1_382' title='bbox 3158 2418 3413 2491; x_wconf 80' lang='grc' dir='ltr'><strong>ἑκάτερος</strong></span> <span class='ocrx_word' id='word_1_383' title='bbox 3438 2422 3540 2473; x_wconf 90' lang='grc' dir='ltr'><strong>οὐκ</strong></span> <span class='ocrx_word' id='word_1_384' title='bbox 3563 2422 3690 2492; x_wconf 78' lang='grc' dir='ltr'><strong>ἔχων</strong></span> <span class='ocrx_word' id='word_1_385' title='bbox 3709 2421 3764 2474; x_wconf 65' lang='grc' dir='ltr'><strong>τὰ</strong></span> 
     </span>
    </p>
   </div>
   <div class='ocr_carea' id='block_1_55' title="bbox 2215 2506 3765 2582">
    <p class='ocr_par' dir='ltr' id='par_1_55' title="bbox 2215 2506 3765 2582">
     <span class='ocr_line' id='line_1_55' title="bbox 2215 2506 3765 2582; baseline 0.003 -23"><span class='ocrx_word' id='word_1_386' title='bbox 2215 2506 2406 2579; x_wconf 86' lang='grc' dir='ltr'><strong>πρῶτα</strong></span> <span class='ocrx_word' id='word_1_387' title='bbox 2437 2507 2543 2561; x_wconf 87' lang='grc' dir='ltr'><strong>τῶν</strong></span> <span class='ocrx_word' id='word_1_388' title='bbox 2593 2509 2684 2560; x_wconf 75' lang='grc' dir='ltr'><strong>ἐπὶ</strong></span> <span class='ocrx_word' id='word_1_389' title='bbox 2731 2509 2852 2580; x_wconf 80' lang='grc' dir='ltr'><strong>γῆς,</strong></span> <span class='ocrx_word' id='word_1_390' title='bbox 2893 2511 3022 2577; x_wconf 83' lang='grc' dir='ltr'><strong>παρ’</strong></span> <span class='ocrx_word' id='word_1_391' title='bbox 3048 2511 3170 2562; x_wconf 84' lang='grc' dir='ltr'><strong>ὅσον</strong></span> <span class='ocrx_word' id='word_1_392' title='bbox 3211 2511 3300 2563; x_wconf 73' lang='grc' dir='ltr'><strong>ὐπ’</strong></span> <span class='ocrx_word' id='word_1_393' title='bbox 3331 2511 3579 2582; x_wconf 77' lang='grc' dir='ltr'><strong>ἀλλήλων</strong></span> <span class='ocrx_word' id='word_1_394' title='bbox 3609 2514 3681 2576; x_wconf 78' lang='grc' dir='ltr'><strong>εἰς</strong></span> <span class='ocrx_word' id='word_1_395' title='bbox 3716 2513 3765 2564; x_wconf 64' lang='grc' dir='ltr'><strong>τὸ</strong></span> 
     </span>
    </p>
   </div>
   <div class='ocr_carea' id='block_1_56' title="bbox 2216 2598 3762 2674">
    <p class='ocr_par' dir='ltr' id='par_1_56' title="bbox 2216 2598 3762 2674">
     <span class='ocr_line' id='line_1_56' title="bbox 2216 2598 3762 2674; baseline 0 -22"><span class='ocrx_word' id='word_1_396' title='bbox 2216 2603 2477 2671; x_wconf 83' lang='grc' dir='ltr'><strong>πρωτεῖον</strong></span> <span class='ocrx_word' id='word_1_397' title='bbox 2511 2598 2830 2662; x_wconf 79' lang='grc' dir='ltr'><strong>ἐκωλύοντο,</strong></span> <span class='ocrx_word' id='word_1_398' title='bbox 2863 2601 2957 2653; x_wconf 74' lang='grc' dir='ltr'><strong>καὶ</strong></span> <span class='ocrx_word' id='word_1_399' title='bbox 3003 2600 3184 2671; x_wconf 75' lang='grc' dir='ltr'><strong>πάσης</strong></span> <span class='ocrx_word' id='word_1_400' title='bbox 3211 2602 3560 2672; x_wconf 69' lang='grc' dir='ltr'><strong>εὐδαιμονίας</strong></span> <span class='ocrx_word' id='word_1_401' title='bbox 3595 2603 3762 2674; x_wconf 74' lang='grc' dir='ltr'><strong>μέτρωΙ</strong></span> 
     </span>
    </p>
   </div>
   <div class='ocr_carea' id='block_1_57' title="bbox 2215 2691 3758 2764">
    <p class='ocr_par' dir='ltr' id='par_1_57' title="bbox 2215 2691 3758 2764">
     <span class='ocr_line' id='line_1_57' title="bbox 2215 2691 3758 2764; baseline 0.003 -22"><span class='ocrx_word' id='word_1_402' title='bbox 2215 2691 2558 2763; x_wconf 88' lang='grc' dir='ltr'><strong>ἐπλήρωσαν,</strong></span> <span class='ocrx_word' id='word_1_403' title='bbox 2587 2691 2722 2763; x_wconf 78' lang='grc' dir='ltr'><strong>πλὴν</strong></span> <span class='ocrx_word' id='word_1_404' title='bbox 2760 2691 2858 2764; x_wconf 82' lang='grc' dir='ltr'><strong>τῆς</strong></span> <span class='ocrx_word' id='word_1_405' title='bbox 2891 2691 3203 2756; x_wconf 86' lang='grc' dir='ltr'><strong>τελευταίας</strong></span> <span class='ocrx_word' id='word_1_406' title='bbox 3227 2694 3451 2762; x_wconf 79' lang='grc' dir='ltr'><strong>ταύτης,</strong></span> <span class='ocrx_word' id='word_1_407' title='bbox 3480 2695 3556 2758; x_wconf 85' lang='grc' dir='ltr'><strong>ὡς</strong></span> <span class='ocrx_word' id='word_1_408' title='bbox 3579 2695 3642 2748; x_wconf 78' lang='grc' dir='ltr'><strong>ἂν</strong></span> <span class='ocrx_word' id='word_1_409' title='bbox 3669 2697 3758 2764; x_wconf 56' lang='lat' dir='ltr'><strong>air.-</strong></span> 
     </span>
    </p>
   </div>
   <div class='ocr_carea' id='block_1_58' title="bbox 2216 2780 3764 2856">
    <p class='ocr_par' dir='ltr' id='par_1_58' title="bbox 2216 2780 3764 2856">
     <span class='ocr_line' id='line_1_58' title="bbox 2216 2780 3764 2856; baseline 0.001 -22"><span class='ocrx_word' id='word_1_410' title='bbox 2216 2780 2331 2853; x_wconf 82' lang='grc' dir='ltr'><strong>θείη</strong></span> <span class='ocrx_word' id='word_1_411' title='bbox 2358 2800 2462 2847; x_wconf 84' lang='grc' dir='ltr'><strong>τις.</strong></span> <span class='ocrx_word' id='word_1_412' title='bbox 2492 2783 2602 2836; x_wconf 71' lang='grc' dir='ltr'><strong>εἴτε</strong></span> <span class='ocrx_word' id='word_1_413' title='bbox 2627 2783 2950 2856; x_wconf 79' lang='grc' dir='ltr'><strong>δοκιμασίας</strong></span> <span class='ocrx_word' id='word_1_414' title='bbox 2970 2787 3075 2856; x_wconf 82' lang='grc' dir='ltr'><strong>χρὴ</strong></span> <span class='ocrx_word' id='word_1_415' title='bbox 3102 2784 3297 2853; x_wconf 87' lang='grc' dir='ltr'><strong>λέγειν,</strong></span> <span class='ocrx_word' id='word_1_416' title='bbox 3323 2786 3429 2838; x_wconf 76' lang='grc' dir='ltr'><strong>εἴτε</strong></span> <span class='ocrx_word' id='word_1_417' title='bbox 3445 2787 3764 2856; x_wconf 79' lang='grc' dir='ltr'><strong>οἰκονομίας·</strong></span> 
     </span>
    </p>
   </div>
   <div class='ocr_carea' id='block_1_59' title="bbox 2215 2873 3764 2949">
    <p class='ocr_par' dir='ltr' id='par_1_59' title="bbox 2215 2873 3764 2949">
     <span class='ocr_line' id='line_1_59' title="bbox 2215 2873 3764 2949; baseline 0.001 -23"><span class='ocrx_word' id='word_1_418' title='bbox 2215 2874 2249 2943; x_wconf 84' lang='grc' dir='ltr'><strong>ή</strong></span> <span class='ocrx_word' id='word_1_419' title='bbox 2285 2873 2341 2926; x_wconf 86' lang='grc' dir='ltr'><strong>δέ</strong></span> <span class='ocrx_word' id='word_1_420' title='bbox 2384 2877 2552 2938; x_wconf 85' lang='grc' dir='ltr'><strong>ἐστιν,</strong></span> <span class='ocrx_word' id='word_1_421' title='bbox 2579 2875 2655 2938; x_wconf 80' lang='grc' dir='ltr'><strong>ὡς</strong></span> <span class='ocrx_word' id='word_1_422' title='bbox 2682 2876 2710 2927; x_wconf 87' lang='grc' dir='ltr'>ὁ</span> <span class='ocrx_word' id='word_1_423' title='bbox 2742 2875 2871 2946; x_wconf 80' lang='grc' dir='ltr'><strong>ἐμὸς</strong></span> <span class='ocrx_word' id='word_1_424' title='bbox 2899 2875 3073 2944; x_wconf 83' lang='grc' dir='ltr'><strong>λόγος,</strong></span> <span class='ocrx_word' id='word_1_425' title='bbox 3104 2875 3195 2929; x_wconf 74' lang='grc' dir='ltr'><strong>τὸν</strong></span> <span class='ocrx_word' id='word_1_426' title='bbox 3226 2876 3638 2949; x_wconf 71' lang='grc' dir='ltr'><strong>σφαλερώτερον</strong></span> <span class='ocrx_word' id='word_1_427' title='bbox 3677 2877 3764 2930; x_wconf 72' lang='grc' dir='ltr'><strong>τῶι.</strong></span> 
     </span>
    </p>
   </div>
   <div class='ocr_carea' id='block_1_60' title="bbox 2217 2965 3766 3040">
    <p class='ocr_par' dir='ltr' id='par_1_60' title="bbox 2217 2965 3766 3040">
     <span class='ocr_line' id='line_1_60' title="bbox 2217 2965 3766 3040; baseline 0.001 -22"><span class='ocrx_word' id='word_1_428' title='bbox 2217 2965 2418 3018; x_wconf 83' lang='grc' dir='ltr'><strong>παίδων</strong></span> <span class='ocrx_word' id='word_1_429' title='bbox 2464 2965 2530 3018; x_wconf 86' lang='grc' dir='ltr'><strong>δι’</strong></span> <span class='ocrx_word' id='word_1_430' title='bbox 2567 2967 2782 3038; x_wconf 80' lang='grc' dir='ltr'><strong>ἠλικίαν</strong></span> <span class='ocrx_word' id='word_1_431' title='bbox 2845 2967 3286 3038; x_wconf 70' lang='grc' dir='ltr'><strong>προπέμψαντες,</strong></span> <span class='ocrx_word' id='word_1_432' title='bbox 3326 2969 3497 3032; x_wconf 78' lang='grc' dir='ltr'><strong>οὕτως</strong></span> <span class='ocrx_word' id='word_1_433' title='bbox 3547 2970 3645 3040; x_wconf 71' lang='grc' dir='ltr'><strong>ἤδη</strong></span> <span class='ocrx_word' id='word_1_434' title='bbox 3687 2987 3766 3021; x_wconf 71' lang='grc' dir='ltr'><strong>και</strong></span> 
     </span>
    </p>
   </div>
   <div class='ocr_carea' id='block_1_61' title="bbox 2214 3057 3768 3134">
    <p class='ocr_par' dir='ltr' id='par_1_61' title="bbox 2214 3057 3768 3134">
     <span class='ocr_line' id='line_1_61' title="bbox 2214 3057 3768 3134; baseline 0.003 -25"><span class='ocrx_word' id='word_1_435' title='bbox 2214 3057 2439 3112; x_wconf 78' lang='grc' dir='ltr'><strong>ταλῦσαι</strong></span> <span class='ocrx_word' id='word_1_436' title='bbox 2466 3059 2556 3112; x_wconf 85' lang='grc' dir='ltr'><strong>τὸν</strong></span> <span class='ocrx_word' id='word_1_437' title='bbox 2585 3060 2695 3131; x_wconf 85' lang='grc' dir='ltr'><strong>βίον</strong></span> <span class='ocrx_word' id='word_1_438' title='bbox 2728 3062 2785 3113; x_wconf 83' lang='grc' dir='ltr'><strong>ἐν</strong></span> <span class='ocrx_word' id='word_1_439' title='bbox 2821 3061 3086 3133; x_wconf 73' lang='grc' dir='ltr'><strong>ἀσφαλείᾳ</strong></span> <span class='ocrx_word' id='word_1_440' title='bbox 3117 3060 3249 3134; x_wconf 88' lang='grc'>(69),</span> <span class='ocrx_word' id='word_1_441' title='bbox 3285 3062 3539 3134; x_wconf 76' lang='grc' dir='ltr'><strong>καὶπρὸς</strong></span> <span class='ocrx_word' id='word_1_442' title='bbox 3572 3063 3639 3114; x_wconf 84' lang='grc' dir='ltr'><strong>τὰ</strong></span> <span class='ocrx_word' id='word_1_443' title='bbox 3676 3062 3768 3115; x_wconf 79' lang='grc' dir='ltr'><strong>ἄνω</strong></span> 
     </span>
    </p>
   </div>
   <div class='ocr_carea' id='block_1_62' title="bbox 2217 3150 3080 3226">
    <p class='ocr_par' dir='ltr' id='par_1_62' title="bbox 2217 3150 3080 3226">
     <span class='ocr_line' id='line_1_62' title="bbox 2217 3150 3080 3226; baseline 0.008 -25"><span class='ocrx_word' id='word_1_444' title='bbox 2217 3150 2533 3221; x_wconf 65' lang='grc' dir='ltr'><strong>πανοικεσίᾳ</strong></span> <span class='ocrx_word' id='word_1_445' title='bbox 2562 3152 2922 3226; x_wconf 74' lang='grc' dir='ltr'><strong>μετατεθῆναι</strong></span> <span class='ocrx_word' id='word_1_446' title='bbox 2948 3153 3080 3225; x_wconf 87' lang='grc'>(70).</span> 
     </span>
    </p>
   </div>
   <div class='ocr_carea' id='block_1_63' title="bbox 552 3238 3768 3312">
    <p class='ocr_par' dir='ltr' id='par_1_63' title="bbox 552 3238 3768 3312">
     <span class='ocr_line' id='line_1_63' title="bbox 552 3238 3768 3312; baseline 0 -20"><span class='ocrx_word' id='word_1_447' title='bbox 552 3238 623 3294; x_wconf 89' lang='lat' dir='ltr'><strong>Iis</strong></span> <span class='ocrx_word' id='word_1_448' title='bbox 673 3238 937 3294; x_wconf 87' lang='lat' dir='ltr'><strong>lubricum</strong></span> <span class='ocrx_word' id='word_1_449' title='bbox 997 3241 1164 3310; x_wconf 71' lang='lat' dir='ltr'><strong>magis</strong></span> <span class='ocrx_word' id='word_1_450' title='bbox 1213 3240 1510 3294; x_wconf 89' lang='lat' dir='ltr'><strong>timendum</strong></span> <span class='ocrx_word' id='word_1_451' title='bbox 1562 3250 1701 3306; x_wconf 83' lang='lat' dir='ltr'><strong>erat,</strong></span> <span class='ocrx_word' id='word_1_452' title='bbox 1767 3241 1840 3295; x_wconf 92' lang='lat' dir='ltr'><strong>ita</strong></span> <span class='ocrx_word' id='word_1_453' title='bbox 1901 3241 2012 3311; x_wconf 83' lang='lat' dir='ltr'><strong>jam</strong></span> <span class='ocrx_word' id='word_1_454' title='bbox 2069 3241 2170 3312; x_wconf 86' lang='lat' dir='ltr'><strong>ipsi</strong></span> <span class='ocrx_word' id='word_1_455' title='bbox 2209 3255 2399 3296; x_wconf 86' lang='lat' dir='ltr'><strong>securo</strong></span> <span class='ocrx_word' id='word_1_456' title='bbox 2457 3245 2638 3298; x_wconf 88' lang='lat' dir='ltr'><strong>animo</strong></span> <span class='ocrx_word' id='word_1_457' title='bbox 2719 3247 2884 3298; x_wconf 89' lang='lat' dir='ltr'><strong>vitam</strong></span> <span class='ocrx_word' id='word_1_458' title='bbox 2943 3244 3218 3311; x_wconf 79' lang='lat' dir='ltr'><strong>claudant,</strong></span> <span class='ocrx_word' id='word_1_459' title='bbox 3261 3254 3315 3300; x_wconf 92' lang='lat' dir='ltr'><strong>et</strong></span> <span class='ocrx_word' id='word_1_460' title='bbox 3364 3260 3486 3298; x_wconf 87' lang='lat' dir='ltr'><strong>cum</strong></span> <span class='ocrx_word' id='word_1_461' title='bbox 3541 3244 3768 3298; x_wconf 81' lang='lat' dir='ltr'><strong>universa</strong></span> 
     </span>
    </p>
   </div>
   <div class='ocr_carea' id='block_1_64' title="bbox 551 3333 1529 3403">
    <p class='ocr_par' dir='ltr' id='par_1_64' title="bbox 551 3333 1529 3403">
     <span class='ocr_line' id='line_1_64' title="bbox 551 3333 1529 3403; baseline 0.003 -17"><span class='ocrx_word' id='word_1_462' title='bbox 551 3333 713 3388; x_wconf 87' lang='lat' dir='ltr'><strong>domo</strong></span> <span class='ocrx_word' id='word_1_463' title='bbox 745 3334 812 3387; x_wconf 89' lang='lat' dir='ltr'><strong>ad</strong></span> <span class='ocrx_word' id='word_1_464' title='bbox 846 3349 1076 3403; x_wconf 88' lang='lat' dir='ltr'><strong>superna</strong></span> <span class='ocrx_word' id='word_1_465' title='bbox 1113 3335 1529 3390; x_wconf 84' lang='lat' dir='ltr'><strong>transferantur.</strong></span> 
     </span>
    </p>
   </div>
   <div class='ocr_carea' id='block_1_65' title="bbox 620 3421 2115 3496">
    <p class='ocr_par' dir='ltr' id='par_1_65' title="bbox 620 3425 2113 3496">
     <span class='ocr_line' id='line_1_65' title="bbox 620 3425 2113 3496; baseline 0.003 -16"><span class='ocrx_word' id='word_1_466' title='bbox 620 3425 686 3480; x_wconf 82' lang='lat' dir='ltr'><strong>V.</strong></span> <span class='ocrx_word' id='word_1_467' title='bbox 719 3427 894 3495; x_wconf 82' lang='lat' dir='ltr'><strong>Atque</strong></span> <span class='ocrx_word' id='word_1_468' title='bbox 944 3429 1056 3481; x_wconf 65' lang='lat' dir='ltr'><strong>haec</strong></span> <span class='ocrx_word' id='word_1_469' title='bbox 1107 3428 1351 3496; x_wconf 79' lang='lat' dir='ltr'><strong>exposui,</strong></span> <span class='ocrx_word' id='word_1_470' title='bbox 1389 3443 1496 3482; x_wconf 92' lang='lat' dir='ltr'><strong>non</strong></span> <span class='ocrx_word' id='word_1_471' title='bbox 1551 3437 1608 3482; x_wconf 89' lang='lat' dir='ltr'><strong>ut</strong></span> <span class='ocrx_word' id='word_1_472' title='bbox 1662 3428 1875 3483; x_wconf 88' lang='lat' dir='ltr'><strong>illorum</strong></span> <span class='ocrx_word' id='word_1_473' title='bbox 1927 3427 2113 3484; x_wconf 90' lang='lat' dir='ltr'><strong>laudes</strong></span> 
     </span>
    </p>
   </div>
   <div class='ocr_carea' id='block_1_66' title="bbox 2220 3421 3770 3496">
    <p class='ocr_par' dir='ltr' id='par_1_66' title="bbox 2285 3421 3770 3496">
     <span class='ocr_line' id='line_1_66' title="bbox 2285 3421 3770 3496; baseline -0.001 -18"><span class='ocrx_word' id='word_1_474' title='bbox 2285 3426 2360 3478; x_wconf 88' lang='lat' dir='ltr'><strong>E&#39;.</strong></span> <span class='ocrx_word' id='word_1_475' title='bbox 2380 3425 2489 3477; x_wconf 74' lang='grc' dir='ltr'><strong>Καὶ</strong></span> <span class='ocrx_word' id='word_1_476' title='bbox 2518 3421 2692 3476; x_wconf 81' lang='grc' dir='ltr'><strong>ταῦτα</strong></span> <span class='ocrx_word' id='word_1_477' title='bbox 2717 3421 2952 3494; x_wconf 80' lang='grc' dir='ltr'><strong>διῆλθον,</strong></span> <span class='ocrx_word' id='word_1_478' title='bbox 2972 3422 3033 3476; x_wconf 84' lang='grc' dir='ltr'><strong>οὐ</strong></span> <span class='ocrx_word' id='word_1_479' title='bbox 3058 3423 3653 3496; x_wconf 77' lang='grc' dir='ltr'><strong>τούτουςέγκωμιάσαι,</strong></span> <span class='ocrx_word' id='word_1_480' title='bbox 3671 3427 3770 3494; x_wconf 80' lang='grc' dir='ltr'><strong>βουο</strong></span> 
     </span>
    </p>
   </div>
   <div class='ocr_carea' id='block_1_67' title="bbox 543 3520 2114 3592">
    <p class='ocr_par' dir='ltr' id='par_1_67' title="bbox 543 3520 2114 3592">
     <span class='ocr_line' id='line_1_67' title="bbox 543 3520 2114 3592; baseline 0.002 -19"><span class='ocrx_word' id='word_1_481' title='bbox 543 3520 923 3588; x_wconf 67' lang='lat' dir='ltr'><strong>praedicarem,</strong></span> <span class='ocrx_word' id='word_1_482' title='bbox 981 3531 1071 3573; x_wconf 87' lang='lat' dir='ltr'><strong>aut</strong></span> <span class='ocrx_word' id='word_1_483' title='bbox 1115 3522 1256 3591; x_wconf 89' lang='lat' dir='ltr'><strong>quod</strong></span> <span class='ocrx_word' id='word_1_484' title='bbox 1312 3537 1488 3576; x_wconf 90' lang='lat' dir='ltr'><strong>essem</strong></span> <span class='ocrx_word' id='word_1_485' title='bbox 1535 3522 1750 3577; x_wconf 90' lang='lat' dir='ltr'><strong>nescius</strong></span> <span class='ocrx_word' id='word_1_486' title='bbox 1799 3523 1888 3577; x_wconf 82' lang='lat' dir='ltr'><strong>vix</strong></span> <span class='ocrx_word' id='word_1_487' title='bbox 1923 3539 2114 3592; x_wconf 88' lang='lat' dir='ltr'><strong>quem-</strong></span> 
     </span>
    </p>
   </div>
   <div class='ocr_carea' id='block_1_68' title="bbox 541 3611 2117 3680">
    <p class='ocr_par' dir='ltr' id='par_1_68' title="bbox 541 3611 2117 3680">
     <span class='ocr_line' id='line_1_68' title="bbox 541 3611 2117 3680; baseline 0.005 -18"><span class='ocrx_word' id='word_1_488' title='bbox 541 3626 713 3680; x_wconf 85' lang='lat' dir='ltr'><strong>quam</strong></span> <span class='ocrx_word' id='word_1_489' title='bbox 750 3611 912 3665; x_wconf 90' lang='lat' dir='ltr'><strong>etiam</strong></span> <span class='ocrx_word' id='word_1_490' title='bbox 962 3621 1069 3665; x_wconf 86' lang='lat' dir='ltr'><strong>tota</strong></span> <span class='ocrx_word' id='word_1_491' title='bbox 1096 3613 1342 3668; x_wconf 87' lang='lat' dir='ltr'><strong>oratione</strong></span> <span class='ocrx_word' id='word_1_492' title='bbox 1370 3614 1433 3670; x_wconf 85' lang='lat' dir='ltr'><strong>de</strong></span> <span class='ocrx_word' id='word_1_493' title='bbox 1459 3629 1645 3668; x_wconf 88' lang='lat' dir='ltr'><strong>eormn</strong></span> <span class='ocrx_word' id='word_1_494' title='bbox 1685 3615 1932 3669; x_wconf 86' lang='lat' dir='ltr'><strong>laudibus</strong></span> <span class='ocrx_word' id='word_1_495' title='bbox 1963 3616 2117 3670; x_wconf 87' lang='lat' dir='ltr'><strong>insti-</strong></span> 
     </span>
    </p>
   </div>
   <div class='ocr_carea' id='block_1_69' title="bbox 554 3703 2118 3776">
    <p class='ocr_par' dir='ltr' id='par_1_69' title="bbox 554 3703 2118 3776">
     <span class='ocr_line' id='line_1_69' title="bbox 554 3703 2118 3776; baseline 0.004 -21"><span class='ocrx_word' id='word_1_496' title='bbox 554 3711 693 3768; x_wconf 88' lang='lat' dir='ltr'><strong>tuta,</strong></span> <span class='ocrx_word' id='word_1_497' title='bbox 727 3703 966 3756; x_wconf 72' lang='lat' dir='ltr'><strong>materia:</strong></span> <span class='ocrx_word' id='word_1_498' title='bbox 1005 3703 1322 3772; x_wconf 82' lang='lat' dir='ltr'><strong>dignitatem</strong></span> <span class='ocrx_word' id='word_1_499' title='bbox 1373 3705 1589 3774; x_wconf 79' lang='lat' dir='ltr'><strong>assequi</strong></span> <span class='ocrx_word' id='word_1_500' title='bbox 1627 3721 1781 3776; x_wconf 81' lang='lat' dir='ltr'><strong>posse</strong></span> <span class='ocrx_word' id='word_1_501' title='bbox 1808 3727 1821 3762; x_wconf 90' lang='lat'>:</span> <span class='ocrx_word' id='word_1_502' title='bbox 1850 3723 2034 3762; x_wconf 84' lang='lat' dir='ltr'><strong>verum</strong></span> <span class='ocrx_word' id='word_1_503' title='bbox 2061 3717 2118 3762; x_wconf 88' lang='lat' dir='ltr'><strong>ut</strong></span> 
     </span>
    </p>
   </div>
   <div class='ocr_carea' id='block_1_70' title="bbox 555 3796 2119 3865">
    <p class='ocr_par' dir='ltr' id='par_1_70' title="bbox 555 3796 2119 3865">
     <span class='ocr_line' id='line_1_70' title="bbox 555 3796 2119 3865; baseline 0.002 -14"><span class='ocrx_word' id='word_1_504' title='bbox 555 3796 687 3851; x_wconf 90' lang='lat' dir='ltr'><strong>illud</strong></span> <span class='ocrx_word' id='word_1_505' title='bbox 722 3796 1065 3850; x_wconf 76' lang='lat' dir='ltr'><strong>ostenderem</strong></span> <span class='ocrx_word' id='word_1_506' title='bbox 1097 3813 1122 3848; x_wconf 88' lang='lat' dir='ltr'><strong>a</strong></span> <span class='ocrx_word' id='word_1_507' title='bbox 1156 3798 1402 3865; x_wconf 82' lang='lat' dir='ltr'><strong>patribus</strong></span> <span class='ocrx_word' id='word_1_508' title='bbox 1452 3799 1686 3853; x_wconf 88' lang='lat' dir='ltr'><strong>debitam</strong></span> <span class='ocrx_word' id='word_1_509' title='bbox 1735 3800 1972 3854; x_wconf 67' lang='lat' dir='ltr'><strong>Cresario</strong></span> <span class='ocrx_word' id='word_1_510' title='bbox 2009 3801 2119 3854; x_wconf 89' lang='lat' dir='ltr'><strong>vir-</strong></span> 
     </span>
    </p>
   </div>
   <div class='ocr_carea' id='block_1_71' title="bbox 554 3889 2116 3950">
    <p class='ocr_par' dir='ltr' id='par_1_71' title="bbox 554 3889 2116 3950">
     <span class='ocr_line' id='line_1_71' title="bbox 554 3889 2116 3950; baseline 0.004 -8"><span class='ocrx_word' id='word_1_511' title='bbox 554 3899 724 3942; x_wconf 88' lang='lat' dir='ltr'><strong>tutem</strong></span> <span class='ocrx_word' id='word_1_512' title='bbox 768 3889 956 3950; x_wconf 87' lang='lat' dir='ltr'><strong>fuisse.</strong></span> <span class='ocrx_word' id='word_1_513' title='bbox 1004 3904 1105 3943; x_wconf 85' lang='lat' dir='ltr'><strong>nec</strong></span> <span class='ocrx_word' id='word_1_514' title='bbox 1149 3890 1344 3943; x_wconf 90' lang='lat' dir='ltr'><strong>mirum</strong></span> <span class='ocrx_word' id='word_1_515' title='bbox 1381 3892 1532 3947; x_wconf 84' lang='lat' dir='ltr'><strong>vobis</strong></span> <span class='ocrx_word' id='word_1_516' title='bbox 1561 3902 1654 3946; x_wconf 87' lang='lat' dir='ltr'><strong>aut</strong></span> <span class='ocrx_word' id='word_1_517' title='bbox 1689 3893 2004 3948; x_wconf 88' lang='lat' dir='ltr'><strong>incredibile</strong></span> <span class='ocrx_word' id='word_1_518' title='bbox 2038 3893 2116 3948; x_wconf 88' lang='lat' dir='ltr'><strong>vi-</strong></span> 
     </span>
    </p>
   </div>
   <div class='ocr_carea' id='block_1_72' title="bbox 554 3980 2118 4049">
    <p class='ocr_par' dir='ltr' id='par_1_72' title="bbox 554 3980 2118 4049">
     <span class='ocr_line' id='line_1_72' title="bbox 554 3980 2118 4049; baseline 0.003 -16"><span class='ocrx_word' id='word_1_519' title='bbox 554 3981 671 4034; x_wconf 88' lang='lat' dir='ltr'><strong>deri</strong></span> <span class='ocrx_word' id='word_1_520' title='bbox 695 3980 912 4046; x_wconf 88' lang='lat' dir='ltr'><strong>debere,</strong></span> <span class='ocrx_word' id='word_1_521' title='bbox 949 3981 992 4034; x_wconf 92' lang='lat' dir='ltr'><strong>si</strong></span> <span class='ocrx_word' id='word_1_522' title='bbox 1033 3980 1166 4033; x_wconf 86' lang='lat' dir='ltr'><strong>tales</strong></span> <span class='ocrx_word' id='word_1_523' title='bbox 1205 3991 1458 4049; x_wconf 86' lang='lat' dir='ltr'><strong>parentes</strong></span> <span class='ocrx_word' id='word_1_524' title='bbox 1493 3993 1683 4038; x_wconf 86' lang='lat' dir='ltr'><strong>nactus</strong></span> <span class='ocrx_word' id='word_1_525' title='bbox 1717 3983 1912 4037; x_wconf 88' lang='lat' dir='ltr'><strong>talibus</strong></span> <span class='ocrx_word' id='word_1_526' title='bbox 1942 3983 2118 4037; x_wconf 85' lang='lat' dir='ltr'><strong>laudi-</strong></span> 
     </span>
    </p>
   </div>
   <div class='ocr_carea' id='block_1_73' title="bbox 555 4071 2116 4144">
    <p class='ocr_par' dir='ltr' id='par_1_73' title="bbox 555 4071 2116 4144">
     <span class='ocr_line' id='line_1_73' title="bbox 555 4071 2116 4144; baseline 0.001 -18"><span class='ocrx_word' id='word_1_527' title='bbox 555 4071 656 4126; x_wconf 85' lang='lat' dir='ltr'><strong>bus</strong></span> <span class='ocrx_word' id='word_1_528' title='bbox 683 4085 744 4125; x_wconf 90' lang='lat' dir='ltr'><strong>se</strong></span> <span class='ocrx_word' id='word_1_529' title='bbox 771 4071 990 4139; x_wconf 82' lang='lat' dir='ltr'><strong>dignum</strong></span> <span class='ocrx_word' id='word_1_530' title='bbox 1019 4073 1277 4140; x_wconf 71' lang='lat' dir='ltr'><strong>praebuit;</strong></span> <span class='ocrx_word' id='word_1_531' title='bbox 1316 4074 1408 4126; x_wconf 88' lang='lat' dir='ltr'><strong>sed</strong></span> <span class='ocrx_word' id='word_1_532' title='bbox 1442 4073 1566 4127; x_wconf 87' lang='lat' dir='ltr'><strong>illud</strong></span> <span class='ocrx_word' id='word_1_533' title='bbox 1596 4076 1796 4141; x_wconf 89' lang='lat' dir='ltr'><strong>potius,</strong></span> <span class='ocrx_word' id='word_1_534' title='bbox 1820 4073 1890 4136; x_wconf 89' lang='lat' dir='ltr'><strong>si,</strong></span> <span class='ocrx_word' id='word_1_535' title='bbox 1934 4074 2116 4144; x_wconf 82' lang='lat' dir='ltr'><strong>negle-</strong></span> 
     </span>
    </p>
   </div>
   <div class='ocr_carea' id='block_1_74' title="bbox 545 4163 2117 4234">
    <p class='ocr_par' dir='ltr' id='par_1_74' title="bbox 545 4163 2117 4234">
     <span class='ocr_line' id='line_1_74' title="bbox 545 4163 2117 4234; baseline 0.002 -17"><span class='ocrx_word' id='word_1_536' title='bbox 545 4164 660 4218; x_wconf 84' lang='lat' dir='ltr'><strong>ctis</strong></span> <span class='ocrx_word' id='word_1_537' title='bbox 711 4163 1021 4217; x_wconf 83' lang='lat' dir='ltr'><strong>domesticis</strong></span> <span class='ocrx_word' id='word_1_538' title='bbox 1072 4172 1127 4217; x_wconf 82' lang='lat' dir='ltr'><strong>et</strong></span> <span class='ocrx_word' id='word_1_539' title='bbox 1180 4166 1492 4234; x_wconf 80' lang='lat' dir='ltr'><strong>propinquis</strong></span> <span class='ocrx_word' id='word_1_540' title='bbox 1514 4165 1792 4233; x_wconf 77' lang='lat' dir='ltr'><strong>exetnplis,</strong></span> <span class='ocrx_word' id='word_1_541' title='bbox 1841 4165 1975 4220; x_wconf 85' lang='lat' dir='ltr'><strong>alios</strong></span> <span class='ocrx_word' id='word_1_542' title='bbox 2013 4165 2117 4220; x_wconf 86' lang='lat' dir='ltr'><strong>sibi</strong></span> 
     </span>
    </p>
   </div>
   <div class='ocr_carea' id='block_1_75' title="bbox 559 4255 2118 4327">
    <p class='ocr_par' dir='ltr' id='par_1_75' title="bbox 559 4255 2118 4327">
     <span class='ocr_line' id='line_1_75' title="bbox 559 4255 2118 4327; baseline 0.001 -18"><span class='ocrx_word' id='word_1_543' title='bbox 559 4255 884 4324; x_wconf 82' lang='lat' dir='ltr'><strong>spectandos</strong></span> <span class='ocrx_word' id='word_1_544' title='bbox 931 4258 1318 4325; x_wconf 87' lang='lat' dir='ltr'><strong>proposuisset.</strong></span> <span class='ocrx_word' id='word_1_545' title='bbox 1342 4257 1517 4326; x_wconf 81' lang='lat' dir='ltr'><strong>Atque</strong></span> <span class='ocrx_word' id='word_1_546' title='bbox 1552 4256 1703 4310; x_wconf 89' lang='lat' dir='ltr'><strong>initia</strong></span> <span class='ocrx_word' id='word_1_547' title='bbox 1734 4257 1946 4325; x_wconf 90' lang='lat' dir='ltr'><strong>quidem</strong></span> <span class='ocrx_word' id='word_1_548' title='bbox 1972 4257 2118 4327; x_wconf 87' lang='lat' dir='ltr'><strong>ejus-</strong></span> 
     </span>
    </p>
   </div>
   <div class='ocr_carea' id='block_1_76' title="bbox 549 4345 2110 4419">
    <p class='ocr_par' dir='ltr' id='par_1_76' title="bbox 549 4345 2110 4419">
     <span class='ocr_line' id='line_1_76' title="bbox 549 4345 2110 4419; baseline 0.001 -18"><span class='ocrx_word' id='word_1_549' title='bbox 549 4347 700 4401; x_wconf 84' lang='lat' dir='ltr'><strong>modi</strong></span> <span class='ocrx_word' id='word_1_550' title='bbox 748 4345 987 4412; x_wconf 90' lang='lat' dir='ltr'><strong>fuerunt,</strong></span> <span class='ocrx_word' id='word_1_551' title='bbox 1015 4357 1067 4401; x_wconf 88' lang='lat' dir='ltr'><strong>et</strong></span> <span class='ocrx_word' id='word_1_552' title='bbox 1104 4349 1285 4416; x_wconf 87' lang='lat' dir='ltr'><strong>qualia</strong></span> <span class='ocrx_word' id='word_1_553' title='bbox 1346 4362 1466 4401; x_wconf 88' lang='lat' dir='ltr'><strong>esse</strong></span> <span class='ocrx_word' id='word_1_554' title='bbox 1501 4363 1626 4402; x_wconf 90' lang='lat' dir='ltr'><strong>vere</strong></span> <span class='ocrx_word' id='word_1_555' title='bbox 1679 4347 1925 4418; x_wconf 83' lang='lat' dir='ltr'><strong>ingenuis</strong></span> <span class='ocrx_word' id='word_1_556' title='bbox 1954 4349 2110 4419; x_wconf 80' lang='lat'><strong>201</strong></span> 
     </span>
    </p>
   </div>
   <div class='ocr_carea' id='block_1_77' title="bbox 547 4438 2118 4502">
    <p class='ocr_par' dir='ltr' id='par_1_77' title="bbox 547 4438 2118 4502">
     <span class='ocr_line' id='line_1_77' title="bbox 547 4438 2118 4502; baseline 0.001 -9"><span class='ocrx_word' id='word_1_557' title='bbox 547 4438 932 4502; x_wconf 74' lang='lat' dir='ltr'><strong>conveniebat,</strong></span> <span class='ocrx_word' id='word_1_558' title='bbox 962 4455 1022 4493; x_wconf 88' lang='lat' dir='ltr'><strong>ac</strong></span> <span class='ocrx_word' id='word_1_559' title='bbox 1053 4450 1198 4494; x_wconf 89' lang='lat' dir='ltr'><strong>recte</strong></span> <span class='ocrx_word' id='word_1_560' title='bbox 1215 4449 1270 4492; x_wconf 95' lang='lat' dir='ltr'><strong>et</strong></span> <span class='ocrx_word' id='word_1_561' title='bbox 1298 4439 1522 4494; x_wconf 90' lang='lat' dir='ltr'><strong>honeste</strong></span> <span class='ocrx_word' id='word_1_562' title='bbox 1561 4441 1801 4496; x_wconf 88' lang='lat' dir='ltr'><strong>victuris.</strong></span> <span class='ocrx_word' id='word_1_563' title='bbox 1836 4438 1908 4496; x_wconf 86' lang='lat' dir='ltr'><strong>Ut</strong></span> <span class='ocrx_word' id='word_1_564' title='bbox 1937 4454 2118 4496; x_wconf 88' lang='lat' dir='ltr'><strong>autem</strong></span> 
     </span>
    </p>
   </div>
   <div class='ocr_carea' id='block_1_78' title="bbox 561 4531 2121 4603">
    <p class='ocr_par' dir='ltr' id='par_1_78' title="bbox 561 4531 2121 4603">
     <span class='ocr_line' id='line_1_78' title="bbox 561 4531 2121 4603; baseline 0.003 -19"><span class='ocrx_word' id='word_1_565' title='bbox 561 4531 736 4584; x_wconf 85' lang='lat' dir='ltr'><strong>media</strong></span> <span class='ocrx_word' id='word_1_566' title='bbox 770 4531 1025 4596; x_wconf 84' lang='lat' dir='ltr'><strong>incidam,</strong></span> <span class='ocrx_word' id='word_1_567' title='bbox 1055 4532 1156 4585; x_wconf 91' lang='lat' dir='ltr'><strong>hoc</strong></span> <span class='ocrx_word' id='word_1_568' title='bbox 1196 4540 1298 4595; x_wconf 89' lang='lat' dir='ltr'><strong>est,</strong></span> <span class='ocrx_word' id='word_1_569' title='bbox 1350 4531 1820 4601; x_wconf 80' lang='lat' dir='ltr'><strong>pulchritudinem,</strong></span> <span class='ocrx_word' id='word_1_570' title='bbox 1853 4535 2121 4603; x_wconf 81' lang='lat' dir='ltr'><strong>magnitu-</strong></span> 
     </span>
    </p>
   </div>
   <div class='ocr_carea' id='block_1_79' title="bbox 560 4622 2122 4693">
    <p class='ocr_par' dir='ltr' id='par_1_79' title="bbox 560 4622 2122 4693">
     <span class='ocr_line' id='line_1_79' title="bbox 560 4622 2122 4693; baseline 0.003 -19"><span class='ocrx_word' id='word_1_571' title='bbox 560 4622 760 4688; x_wconf 89' lang='lat' dir='ltr'><strong>dinem,</strong></span> <span class='ocrx_word' id='word_1_572' title='bbox 797 4632 958 4691; x_wconf 91' lang='lat' dir='ltr'><strong>atque</strong></span> <span class='ocrx_word' id='word_1_573' title='bbox 1001 4623 1147 4676; x_wconf 85' lang='lat' dir='ltr'><strong>illius</strong></span> <span class='ocrx_word' id='word_1_574' title='bbox 1212 4622 1266 4675; x_wconf 92' lang='lat' dir='ltr'><strong>in</strong></span> <span class='ocrx_word' id='word_1_575' title='bbox 1316 4622 1565 4677; x_wconf 81' lang='lat' dir='ltr'><strong>erunibus</strong></span> <span class='ocrx_word' id='word_1_576' title='bbox 1592 4625 1751 4678; x_wconf 92' lang='lat' dir='ltr'><strong>rebus</strong></span> <span class='ocrx_word' id='word_1_577' title='bbox 1791 4624 2036 4693; x_wconf 79' lang='lat' dir='ltr'><strong>gratiam,</strong></span> <span class='ocrx_word' id='word_1_578' title='bbox 2067 4633 2122 4678; x_wconf 89' lang='lat' dir='ltr'><strong>et</strong></span> 
     </span>
    </p>
   </div>
   <div class='ocr_carea' id='block_1_80' title="bbox 560 4713 2121 4784">
    <p class='ocr_par' dir='ltr' id='par_1_80' title="bbox 560 4713 2121 4784">
     <span class='ocr_line' id='line_1_80' title="bbox 560 4713 2121 4784; baseline 0.003 -20"><span class='ocrx_word' id='word_1_579' title='bbox 560 4714 708 4768; x_wconf 88' lang='lat' dir='ltr'><strong>velut</strong></span> <span class='ocrx_word' id='word_1_580' title='bbox 752 4713 808 4767; x_wconf 90' lang='lat' dir='ltr'><strong>in</strong></span> <span class='ocrx_word' id='word_1_581' title='bbox 863 4716 1010 4769; x_wconf 88' lang='lat' dir='ltr'><strong>sonis</strong></span> <span class='ocrx_word' id='word_1_582' title='bbox 1065 4724 1386 4768; x_wconf 88' lang='lat' dir='ltr'><strong>concentum</strong></span> <span class='ocrx_word' id='word_1_583' title='bbox 1419 4716 1871 4784; x_wconf 83' lang='lat' dir='ltr'><strong>(quandoquidem</strong></span> <span class='ocrx_word' id='word_1_584' title='bbox 1902 4732 1998 4770; x_wconf 91' lang='lat' dir='ltr'><strong>nec</strong></span> <span class='ocrx_word' id='word_1_585' title='bbox 2026 4731 2121 4769; x_wconf 90' lang='lat' dir='ltr'><strong>no-</strong></span> 
     </span>
    </p>
   </div>
   <div class='ocr_carea' id='block_1_81' title="bbox 2217 3514 3771 3587">
    <p class='ocr_par' dir='ltr' id='par_1_81' title="bbox 2217 3514 3771 3587">
     <span class='ocr_line' id='line_1_81' title="bbox 2217 3514 3771 3587; baseline -0.002 -16"><span class='ocrx_word' id='word_1_586' title='bbox 2217 3519 2459 3587; x_wconf 86' lang='grc' dir='ltr'><strong>λόμενος,</strong></span> <span class='ocrx_word' id='word_1_587' title='bbox 2490 3515 2609 3568; x_wconf 83' lang='grc' dir='ltr'><strong>οὐδὲ</strong></span> <span class='ocrx_word' id='word_1_588' title='bbox 2666 3514 2895 3583; x_wconf 82' lang='grc' dir='ltr'><strong>ἀγνοῶν,</strong></span> <span class='ocrx_word' id='word_1_589' title='bbox 2945 3515 3025 3568; x_wconf 80' lang='grc' dir='ltr'><strong>ὅτι</strong></span> <span class='ocrx_word' id='word_1_590' title='bbox 3076 3515 3228 3586; x_wconf 88' lang='grc' dir='ltr'><strong>μόλις</strong></span> <span class='ocrx_word' id='word_1_591' title='bbox 3281 3516 3346 3569; x_wconf 77' lang='grc' dir='ltr'><strong>ἄν</strong></span> <span class='ocrx_word' id='word_1_592' title='bbox 3374 3532 3458 3579; x_wconf 81' lang='grc' dir='ltr'><strong>τις</strong></span> <span class='ocrx_word' id='word_1_593' title='bbox 3511 3515 3610 3585; x_wconf 82' lang='grc' dir='ltr'><strong>τῆς</strong></span> <span class='ocrx_word' id='word_1_594' title='bbox 3633 3517 3771 3581; x_wconf 77' lang='grc' dir='ltr'><strong>ἀξίας</strong></span> 
     </span>
    </p>
   </div>
   <div class='ocr_carea' id='block_1_82' title="bbox 2220 3605 3772 3678">
    <p class='ocr_par' dir='ltr' id='par_1_82' title="bbox 2220 3605 3772 3678">
     <span class='ocr_line' id='line_1_82' title="bbox 2220 3605 3772 3678; baseline -0.003 -15"><span class='ocrx_word' id='word_1_595' title='bbox 2220 3610 2483 3678; x_wconf 80' lang='grc' dir='ltr'><strong>ἐφίκοιτο,</strong></span> <span class='ocrx_word' id='word_1_596' title='bbox 2512 3609 2606 3662; x_wconf 76' lang='grc' dir='ltr'><strong>καὶ</strong></span> <span class='ocrx_word' id='word_1_597' title='bbox 2638 3607 2766 3678; x_wconf 80' lang='grc' dir='ltr'><strong>ὅλην</strong></span> <span class='ocrx_word' id='word_1_598' title='bbox 2804 3606 3059 3660; x_wconf 81' lang='grc' dir='ltr'><strong>ὑπόθεσιν</strong></span> <span class='ocrx_word' id='word_1_599' title='bbox 3102 3607 3260 3676; x_wconf 83' lang='grc' dir='ltr'><strong>λόγου</strong></span> <span class='ocrx_word' id='word_1_600' title='bbox 3293 3609 3382 3661; x_wconf 82' lang='grc' dir='ltr'><strong>τὸν</strong></span> <span class='ocrx_word' id='word_1_601' title='bbox 3414 3605 3614 3660; x_wconf 85' lang='grc' dir='ltr'><strong>τούτων</strong></span> <span class='ocrx_word' id='word_1_602' title='bbox 3639 3609 3772 3660; x_wconf 74' lang='grc' dir='ltr'><strong>ἐπαι-</strong></span> 
     </span>
    </p>
   </div>
   <div class='ocr_carea' id='block_1_83' title="bbox 2218 3700 3772 3771">
    <p class='ocr_par' dir='ltr' id='par_1_83' title="bbox 2218 3700 3772 3771">
     <span class='ocr_line' id='line_1_83' title="bbox 2218 3700 3772 3771; baseline -0.002 -17"><span class='ocrx_word' id='word_1_603' title='bbox 2218 3718 2306 3754; x_wconf 84' lang='grc' dir='ltr'><strong>νον</strong></span> <span class='ocrx_word' id='word_1_604' title='bbox 2340 3701 2737 3770; x_wconf 73' lang='grc' dir='ltr'><strong>ἐνστησάμενος</strong></span> <span class='ocrx_word' id='word_1_605' title='bbox 2769 3701 2902 3770; x_wconf 81' lang='grc'>(71),</span> <span class='ocrx_word' id='word_1_606' title='bbox 2933 3700 3067 3754; x_wconf 73' lang='grc' dir='ltr'><strong>ἀλλὰ</strong></span> <span class='ocrx_word' id='word_1_607' title='bbox 3093 3701 3158 3752; x_wconf 76' lang='grc' dir='ltr'><strong>ἵν’</strong></span> <span class='ocrx_word' id='word_1_608' title='bbox 3178 3700 3506 3771; x_wconf 81' lang='grc' dir='ltr'><strong>ἐπιδείξαιμι</strong></span> <span class='ocrx_word' id='word_1_609' title='bbox 3528 3701 3592 3753; x_wconf 83' lang='grc' dir='ltr'><strong>ὲκ</strong></span> <span class='ocrx_word' id='word_1_610' title='bbox 3618 3700 3772 3752; x_wconf 80' lang='grc' dir='ltr'><strong>πατέ-</strong></span> 
     </span>
    </p>
   </div>
   <div class='ocr_carea' id='block_1_84' title="bbox 2221 3791 3772 3864">
    <p class='ocr_par' dir='ltr' id='par_1_84' title="bbox 2221 3791 3772 3864">
     <span class='ocr_line' id='line_1_84' title="bbox 2221 3791 3772 3864; baseline -0.002 -19"><span class='ocrx_word' id='word_1_611' title='bbox 2221 3810 2328 3864; x_wconf 92' lang='grc' dir='ltr'><strong>ρων</strong></span> <span class='ocrx_word' id='word_1_612' title='bbox 2354 3791 2708 3861; x_wconf 76' lang='grc' dir='ltr'><strong>ὀφειλομένην</strong></span> <span class='ocrx_word' id='word_1_613' title='bbox 2735 3791 3018 3863; x_wconf 79' lang='grc' dir='ltr'><strong>Καισαρίῳ</strong></span> <span class='ocrx_word' id='word_1_614' title='bbox 3048 3792 3146 3862; x_wconf 75' lang='grc' dir='ltr'><strong>τήν</strong></span> <span class='ocrx_word' id='word_1_615' title='bbox 3179 3793 3400 3864; x_wconf 78' lang='grc' dir='ltr'><strong>ἀρετὴν,</strong></span> <span class='ocrx_word' id='word_1_616' title='bbox 3435 3793 3529 3845; x_wconf 73' lang='grc' dir='ltr'><strong>καὶ</strong></span> <span class='ocrx_word' id='word_1_617' title='bbox 3558 3791 3628 3862; x_wconf 79' lang='grc' dir='ltr'><strong>μή</strong></span> <span class='ocrx_word' id='word_1_618' title='bbox 3657 3792 3772 3842; x_wconf 74' lang='lat' dir='ltr'><strong>01a-</strong></span> 
     </span>
    </p>
   </div>
   <div class='ocr_carea' id='block_1_85' title="bbox 2221 3883 3770 3955">
    <p class='ocr_par' dir='ltr' id='par_1_85' title="bbox 2221 3883 3770 3955">
     <span class='ocr_line' id='line_1_85' title="bbox 2221 3883 3770 3955; baseline -0.001 -19"><span class='ocrx_word' id='word_1_619' title='bbox 2221 3883 2450 3955; x_wconf 79' lang='grc' dir='ltr'><strong>μὰζήτε,</strong></span> <span class='ocrx_word' id='word_1_620' title='bbox 2482 3883 2614 3954; x_wconf 83' lang='grc' dir='ltr'><strong>μήδέ</strong></span> <span class='ocrx_word' id='word_1_621' title='bbox 2640 3884 2924 3953; x_wconf 82' lang='grc' dir='ltr'><strong>ἁπιστῆτε,</strong></span> <span class='ocrx_word' id='word_1_622' title='bbox 2949 3885 3019 3947; x_wconf 81' lang='grc' dir='ltr'><strong>εί,</strong></span> <span class='ocrx_word' id='word_1_623' title='bbox 3047 3883 3297 3936; x_wconf 80' lang='grc' dir='ltr'><strong>τοιούτων</strong></span> <span class='ocrx_word' id='word_1_624' title='bbox 3325 3883 3500 3955; x_wconf 81' lang='grc' dir='ltr'><strong>τυχὼν</strong></span> <span class='ocrx_word' id='word_1_625' title='bbox 3532 3883 3770 3953; x_wconf 73' lang='grc' dir='ltr'><strong>γεννήτο-</strong></span> 
     </span>
    </p>
   </div>
   <div class='ocr_carea' id='block_1_86' title="bbox 2221 3975 3776 4049">
    <p class='ocr_par' dir='ltr' id='par_1_86' title="bbox 2221 3975 3776 4049">
     <span class='ocr_line' id='line_1_86' title="bbox 2221 3975 3776 4049; baseline 0 -21"><span class='ocrx_word' id='word_1_626' title='bbox 2221 3993 2349 4048; x_wconf 91' lang='grc' dir='ltr'><strong>ρων,</strong></span> <span class='ocrx_word' id='word_1_627' title='bbox 2383 3975 2640 4028; x_wconf 84' lang='grc' dir='ltr'><strong>τοιούτων</strong></span> <span class='ocrx_word' id='word_1_628' title='bbox 2674 3976 2864 4028; x_wconf 82' lang='grc' dir='ltr'><strong>έαυτὸν</strong></span> <span class='ocrx_word' id='word_1_629' title='bbox 2891 3977 3162 4049; x_wconf 84' lang='grc' dir='ltr'><strong>παρέσχεν</strong></span> <span class='ocrx_word' id='word_1_630' title='bbox 3190 3977 3420 4030; x_wconf 86' lang='grc' dir='ltr'><strong>ἐπαίνων</strong></span> <span class='ocrx_word' id='word_1_631' title='bbox 3451 3977 3622 4041; x_wconf 76' lang='grc' dir='ltr'><strong>ἄξιον·</strong></span> <span class='ocrx_word' id='word_1_632' title='bbox 3652 3975 3776 4029; x_wconf 66' lang='grc' dir='ltr'><strong>ἀλλὰ</strong></span> 
     </span>
    </p>
   </div>
   <div class='ocr_carea' id='block_1_87' title="bbox 2215 4065 3772 4140">
    <p class='ocr_par' dir='ltr' id='par_1_87' title="bbox 2215 4065 3772 4140">
     <span class='ocr_line' id='line_1_87' title="bbox 2215 4065 3772 4140; baseline 0 -20"><span class='ocrx_word' id='word_1_633' title='bbox 2215 4069 2544 4132; x_wconf 86' lang='grc' dir='ltr'><strong>τούναντίον,</strong></span> <span class='ocrx_word' id='word_1_634' title='bbox 2575 4071 2620 4121; x_wconf 88' lang='grc' dir='ltr'><strong>εἰ</strong></span> <span class='ocrx_word' id='word_1_635' title='bbox 2649 4069 2782 4139; x_wconf 70' lang='grc' dir='ltr'><strong>πρὸς</strong></span> <span class='ocrx_word' id='word_1_636' title='bbox 2812 4068 3027 4140; x_wconf 84' lang='grc' dir='ltr'><strong>ἐτέρους</strong></span> <span class='ocrx_word' id='word_1_637' title='bbox 3049 4065 3175 4134; x_wconf 81' lang='grc' dir='ltr'><strong>εἶδε,</strong></span> <span class='ocrx_word' id='word_1_638' title='bbox 3207 4069 3314 4122; x_wconf 86' lang='grc' dir='ltr'><strong>τῶν</strong></span> <span class='ocrx_word' id='word_1_639' title='bbox 3333 4072 3546 4123; x_wconf 79' lang='grc' dir='ltr'><strong>οἰκείων</strong></span> <span class='ocrx_word' id='word_1_640' title='bbox 3567 4071 3658 4123; x_wconf 77' lang='grc' dir='ltr'><strong>καὶ</strong></span> <span class='ocrx_word' id='word_1_641' title='bbox 3679 4069 3772 4121; x_wconf 72' lang='grc' dir='ltr'><strong>τῶν</strong></span> 
     </span>
    </p>
   </div>
   <div class='ocr_carea' id='block_1_88' title="bbox 2220 4160 3776 4232">
    <p class='ocr_par' dir='ltr' id='par_1_88' title="bbox 2220 4160 3776 4232">
     <span class='ocr_line' id='line_1_88' title="bbox 2220 4160 3776 4232; baseline 0.003 -20"><span class='ocrx_word' id='word_1_642' title='bbox 2220 4160 2448 4229; x_wconf 87' lang='grc' dir='ltr'><strong>ἐγγύθεν</strong></span> <span class='ocrx_word' id='word_1_643' title='bbox 2480 4160 2759 4232; x_wconf 77' lang='grc' dir='ltr'><strong>ἀμελήσας</strong></span> <span class='ocrx_word' id='word_1_644' title='bbox 2794 4160 3226 4231; x_wconf 76' lang='grc' dir='ltr'><strong>ὑποδειγμάτων.</strong></span> <span class='ocrx_word' id='word_1_645' title='bbox 3255 4162 3333 4215; x_wconf 82' lang='grc' dir='ltr'><strong>Τὰ</strong></span> <span class='ocrx_word' id='word_1_646' title='bbox 3363 4162 3458 4232; x_wconf 86' lang='grc' dir='ltr'><strong>μέν</strong></span> <span class='ocrx_word' id='word_1_647' title='bbox 3504 4163 3566 4232; x_wconf 77' lang='grc' dir='ltr'>δὴ</span> <span class='ocrx_word' id='word_1_648' title='bbox 3594 4162 3776 4232; x_wconf 83' lang='grc' dir='ltr'><strong>πρῶτα</strong></span> 
     </span>
    </p>
   </div>
   <div class='ocr_carea' id='block_1_89' title="bbox 2220 4248 3773 4325">
    <p class='ocr_par' dir='ltr' id='par_1_89' title="bbox 2220 4248 3773 4325">
     <span class='ocr_line' id='line_1_89' title="bbox 2220 4248 3773 4325; baseline 0.001 -20"><span class='ocrx_word' id='word_1_649' title='bbox 2220 4252 2462 4317; x_wconf 76' lang='grc' dir='ltr'><strong>τοιαῦτα,</strong></span> <span class='ocrx_word' id='word_1_650' title='bbox 2478 4249 2562 4305; x_wconf 76' lang='grc' dir='ltr'><strong>οἷα</strong></span> <span class='ocrx_word' id='word_1_651' title='bbox 2577 4253 2850 4323; x_wconf 78' lang='grc' dir='ltr'><strong>προσῆκεν</strong></span> <span class='ocrx_word' id='word_1_652' title='bbox 2864 4248 3121 4316; x_wconf 80' lang='grc' dir='ltr'><strong>εἶναιτοῖς</strong></span> <span class='ocrx_word' id='word_1_653' title='bbox 3143 4254 3308 4318; x_wconf 74' lang='grc' dir='ltr'><strong>ὅντως</strong></span> <span class='ocrx_word' id='word_1_654' title='bbox 3324 4255 3433 4325; x_wconf 71' lang='grc'>(7-2)</span> <span class='ocrx_word' id='word_1_655' title='bbox 3450 4251 3506 4307; x_wconf 80' lang='grc' dir='ltr'><strong>εὖ</strong></span> <span class='ocrx_word' id='word_1_656' title='bbox 3520 4256 3773 4323; x_wconf 71' lang='grc' dir='ltr'><strong>γεγονόσι,</strong></span> 
     </span>
    </p>
   </div>
   <div class='ocr_carea' id='block_1_90' title="bbox 2222 4344 3776 4417">
    <p class='ocr_par' dir='ltr' id='par_1_90' title="bbox 2222 4344 3776 4417">
     <span class='ocr_line' id='line_1_90' title="bbox 2222 4344 3776 4417; baseline -0.003 -17"><span class='ocrx_word' id='word_1_657' title='bbox 2222 4347 2316 4400; x_wconf 74' lang='grc' dir='ltr'><strong>καὶ</strong></span> <span class='ocrx_word' id='word_1_658' title='bbox 2347 4345 2526 4408; x_wconf 86' lang='grc' dir='ltr'><strong>καλῶς</strong></span> <span class='ocrx_word' id='word_1_659' title='bbox 2550 4344 2841 4416; x_wconf 75' lang='grc' dir='ltr'><strong>βιώσεσθαι</strong></span> <span class='ocrx_word' id='word_1_660' title='bbox 2871 4345 3175 4414; x_wconf 83' lang='grc' dir='ltr'><strong>μέλλουσιν.</strong></span> <span class='ocrx_word' id='word_1_661' title='bbox 3209 4347 3324 4399; x_wconf 84' lang='grc' dir='ltr'><strong>Ἵνα</strong></span> <span class='ocrx_word' id='word_1_662' title='bbox 3369 4347 3424 4399; x_wconf 74' lang='grc' dir='ltr'><strong>δὲ</strong></span> <span class='ocrx_word' id='word_1_663' title='bbox 3451 4347 3520 4400; x_wconf 81' lang='grc' dir='ltr'><strong>τὰ</strong></span> <span class='ocrx_word' id='word_1_664' title='bbox 3550 4349 3602 4399; x_wconf 88' lang='grc' dir='ltr'><strong>ἐν</strong></span> <span class='ocrx_word' id='word_1_665' title='bbox 3637 4347 3776 4417; x_wconf 78' lang='grc' dir='ltr'><strong>μέσῳ</strong></span> 
     </span>
    </p>
   </div>
   <div class='ocr_carea' id='block_1_91' title="bbox 2225 4438 3776 4511">
    <p class='ocr_par' dir='ltr' id='par_1_91' title="bbox 2225 4438 3776 4511">
     <span class='ocr_line' id='line_1_91' title="bbox 2225 4438 3776 4511; baseline -0.001 -19"><span class='ocrx_word' id='word_1_666' title='bbox 2225 4439 2494 4510; x_wconf 77' lang='grc' dir='ltr'><strong>συντέμω,</strong></span> <span class='ocrx_word' id='word_1_667' title='bbox 2510 4438 2722 4500; x_wconf 81' lang='grc' dir='ltr'><strong>κάλλος,</strong></span> <span class='ocrx_word' id='word_1_668' title='bbox 2741 4440 2832 4491; x_wconf 76' lang='grc' dir='ltr'><strong>καὶ</strong></span> <span class='ocrx_word' id='word_1_669' title='bbox 2853 4439 3095 4510; x_wconf 83' lang='grc' dir='ltr'><strong>μέγεθος,</strong></span> <span class='ocrx_word' id='word_1_670' title='bbox 3117 4441 3209 4493; x_wconf 77' lang='grc' dir='ltr'><strong>καὶ</strong></span> <span class='ocrx_word' id='word_1_671' title='bbox 3232 4441 3432 4511; x_wconf 74' lang='grc' dir='ltr'><strong>τὴνέπὶ</strong></span> <span class='ocrx_word' id='word_1_672' title='bbox 3446 4443 3573 4494; x_wconf 78' lang='grc' dir='ltr'><strong>πᾶσι</strong></span> <span class='ocrx_word' id='word_1_673' title='bbox 3588 4440 3674 4492; x_wconf 80' lang='grc' dir='ltr'><strong>τοῦ</strong></span> <span class='ocrx_word' id='word_1_674' title='bbox 3690 4443 3776 4492; x_wconf 64' lang='grc' dir='ltr'><strong>ἀνα</strong></span> 
     </span>
    </p>
   </div>
   <div class='ocr_carea' id='block_1_92' title="bbox 2221 4528 3778 4604">
    <p class='ocr_par' dir='ltr' id='par_1_92' title="bbox 2221 4528 3778 4604">
     <span class='ocr_line' id='line_1_92' title="bbox 2221 4528 3778 4604; baseline -0.002 -19"><span class='ocrx_word' id='word_1_675' title='bbox 2221 4532 2347 4604; x_wconf 79' lang='grc' dir='ltr'><strong>δρὸς</strong></span> <span class='ocrx_word' id='word_1_676' title='bbox 2383 4530 2562 4599; x_wconf 80' lang='grc' dir='ltr'><strong>χάριν,</strong></span> <span class='ocrx_word' id='word_1_677' title='bbox 2587 4528 2885 4600; x_wconf 74' lang='grc' dir='ltr'><strong>καὶῶσπερ</strong></span> <span class='ocrx_word' id='word_1_678' title='bbox 2907 4532 2963 4583; x_wconf 80' lang='grc' dir='ltr'><strong>ἐν</strong></span> <span class='ocrx_word' id='word_1_679' title='bbox 2999 4530 3256 4599; x_wconf 80' lang='grc' dir='ltr'><strong>φθόγγοις</strong></span> <span class='ocrx_word' id='word_1_680' title='bbox 3302 4531 3658 4601; x_wconf 77' lang='grc' dir='ltr'><strong>εὐαρμοστίαν</strong></span> <span class='ocrx_word' id='word_1_681' title='bbox 3683 4534 3778 4599; x_wconf 74' lang='grc' dir='ltr'><strong>(ὅτι</strong></span> 
     </span>
    </p>
   </div>
   <div class='ocr_carea' id='block_1_93' title="bbox 2225 4620 3776 4694">
    <p class='ocr_par' dir='ltr' id='par_1_93' title="bbox 2225 4620 3776 4694">
     <span class='ocr_line' id='line_1_93' title="bbox 2225 4620 3776 4694; baseline 0 -20"><span class='ocrx_word' id='word_1_682' title='bbox 2225 4622 2359 4693; x_wconf 83' lang='grc' dir='ltr'><strong>μήδέ</strong></span> <span class='ocrx_word' id='word_1_683' title='bbox 2379 4621 2514 4692; x_wconf 86' lang='grc' dir='ltr'><strong>πρὸς</strong></span> <span class='ocrx_word' id='word_1_684' title='bbox 2532 4622 2563 4690; x_wconf 86' lang='grc' dir='ltr'>ἡ</span> <span class='ocrx_word' id='word_1_685' title='bbox 2575 4620 2688 4690; x_wconf 84' lang='grc' dir='ltr'><strong>μῶν</strong></span> <span class='ocrx_word' id='word_1_686' title='bbox 2709 4621 2816 4690; x_wconf 81' lang='grc'>(75)</span> <span class='ocrx_word' id='word_1_687' title='bbox 2833 4622 2897 4674; x_wconf 75' lang='grc' dir='ltr'><strong>τὰ</strong></span> <span class='ocrx_word' id='word_1_688' title='bbox 2912 4622 3134 4676; x_wconf 75' lang='grc' dir='ltr'><strong>τοιαῦτα</strong></span> <span class='ocrx_word' id='word_1_689' title='bbox 3158 4622 3473 4694; x_wconf 77' lang='grc' dir='ltr'><strong>θαυμάζειν,</strong></span> <span class='ocrx_word' id='word_1_690' title='bbox 3499 4627 3545 4677; x_wconf 85' lang='grc' dir='ltr'><strong>εί</strong></span> <span class='ocrx_word' id='word_1_691' title='bbox 3563 4624 3649 4676; x_wconf 78' lang='grc' dir='ltr'><strong>καὶ</strong></span> <span class='ocrx_word' id='word_1_692' title='bbox 3675 4626 3776 4684; x_wconf 81' lang='grc' dir='ltr'><strong>τοῖς</strong></span> 
     </span>
    </p>
   </div>
   <div class='ocr_carea' id='block_1_94' title="bbox 2222 4712 3780 4786">
    <p class='ocr_par' dir='ltr' id='par_1_94' title="bbox 2222 4712 3780 4786">
     <span class='ocr_line' id='line_1_94' title="bbox 2222 4712 3780 4786; baseline 0.001 -21"><span class='ocrx_word' id='word_1_693' title='bbox 2222 4713 2398 4775; x_wconf 79' lang='grc' dir='ltr'><strong>ἄλλοις</strong></span> <span class='ocrx_word' id='word_1_694' title='bbox 2427 4713 2485 4764; x_wconf 87' lang='grc' dir='ltr'><strong>οὐ</strong></span> <span class='ocrx_word' id='word_1_695' title='bbox 2525 4712 2693 4782; x_wconf 73' lang='grc' dir='ltr'><strong>μικρὰ</strong></span> <span class='ocrx_word' id='word_1_696' title='bbox 2727 4712 3022 4783; x_wconf 84' lang='grc' dir='ltr'><strong>φαίνεται),</strong></span> <span class='ocrx_word' id='word_1_697' title='bbox 3054 4715 3189 4785; x_wconf 70' lang='grc' dir='ltr'><strong>πρὸς</strong></span> <span class='ocrx_word' id='word_1_698' title='bbox 3221 4716 3290 4768; x_wconf 78' lang='grc' dir='ltr'><strong>τὰ</strong></span> <span class='ocrx_word' id='word_1_699' title='bbox 3325 4715 3521 4786; x_wconf 76' lang='grc' dir='ltr'><strong>ἐφεξῆς</strong></span> <span class='ocrx_word' id='word_1_700' title='bbox 3550 4715 3655 4786; x_wconf 71' lang='grc' dir='ltr'>(Ἠ)</span> <span class='ocrx_word' id='word_1_701' title='bbox 3688 4715 3780 4784; x_wconf 75' lang='grc' dir='ltr'><strong>βα·</strong></span> 
     </span>
    </p>
   </div>
   <div class='ocr_carea' id='block_1_95' title="bbox 560 4801 2115 4892">
    <p class='ocr_par' dir='ltr' id='par_1_95' title="bbox 560 4807 2115 4876">
     <span class='ocr_line' id='line_1_95' title="bbox 560 4807 2115 4876; baseline 0 -16"><span class='ocrx_word' id='word_1_702' title='bbox 560 4817 734 4860; x_wconf 86' lang='lat' dir='ltr'><strong>strum</strong></span> <span class='ocrx_word' id='word_1_703' title='bbox 759 4815 844 4862; x_wconf 89' lang='lat' dir='ltr'><strong>est</strong></span> <span class='ocrx_word' id='word_1_704' title='bbox 879 4823 964 4862; x_wconf 87' lang='lat' dir='ltr'><strong>res</strong></span> <span class='ocrx_word' id='word_1_705' title='bbox 1011 4807 1313 4876; x_wconf 91' lang='lat' dir='ltr'><strong>hujusmodi</strong></span> <span class='ocrx_word' id='word_1_706' title='bbox 1353 4807 1560 4868; x_wconf 89' lang='lat' dir='ltr'><strong>mirari,</strong></span> <span class='ocrx_word' id='word_1_707' title='bbox 1607 4809 1817 4860; x_wconf 83' lang='lat' dir='ltr'><strong>tametsi</strong></span> <span class='ocrx_word' id='word_1_708' title='bbox 1863 4808 1982 4860; x_wconf 90' lang='lat' dir='ltr'><strong>aliis</strong></span> <span class='ocrx_word' id='word_1_709' title='bbox 2014 4823 2115 4860; x_wconf 91' lang='lat' dir='ltr'><strong>non</strong></span> 
     </span>
    </p>
   </div>
   <div class='ocr_carea' id='block_1_96' title="bbox 2220 4801 3777 4892">
    <p class='ocr_par' dir='ltr' id='par_1_96' title="bbox 2222 4801 3777 4877">
     <span class='ocr_line' id='line_1_96' title="bbox 2222 4801 3777 4877; baseline 0.001 -23"><span class='ocrx_word' id='word_1_710' title='bbox 2222 4803 2439 4872; x_wconf 85' lang='grc' dir='ltr'><strong>διούμαι</strong></span> <span class='ocrx_word' id='word_1_711' title='bbox 2474 4801 2568 4854; x_wconf 77' lang='grc' dir='ltr'><strong>τοῦ</strong></span> <span class='ocrx_word' id='word_1_712' title='bbox 2607 4801 2785 4870; x_wconf 76' lang='grc' dir='ltr'><strong>λόγου,</strong></span> <span class='ocrx_word' id='word_1_713' title='bbox 2831 4805 2922 4856; x_wconf 72' lang='grc' dir='ltr'><strong>καὶ</strong></span> <span class='ocrx_word' id='word_1_714' title='bbox 2950 4805 2984 4858; x_wconf 75' lang='grc' dir='ltr'><strong>ἃ</strong></span> <span class='ocrx_word' id='word_1_715' title='bbox 3035 4806 3165 4876; x_wconf 83' lang='grc' dir='ltr'><strong>μήδέ</strong></span> <span class='ocrx_word' id='word_1_716' title='bbox 3205 4805 3508 4877; x_wconf 83' lang='grc' dir='ltr'><strong>βουλομένῳ</strong></span> <span class='ocrx_word' id='word_1_717' title='bbox 3565 4805 3777 4876; x_wconf 78' lang='grc' dir='ltr'><strong>παραλι-</strong></span> 
     </span>
    </p>
   </div>
   <div class='ocr_carea' id='block_1_97' title="bbox 559 4899 2118 4967">
    <p class='ocr_par' dir='ltr' id='par_1_97' title="bbox 559 4899 2118 4967">
     <span class='ocr_line' id='line_1_97' title="bbox 559 4899 2118 4967; baseline 0.001 -18"><span class='ocrx_word' id='word_1_718' title='bbox 559 4913 739 4967; x_wconf 75' lang='lat' dir='ltr'><strong>parvze</strong></span> <span class='ocrx_word' id='word_1_719' title='bbox 768 4913 890 4952; x_wconf 85' lang='lat' dir='ltr'><strong>esse</strong></span> <span class='ocrx_word' id='word_1_720' title='bbox 915 4900 1245 4965; x_wconf 89' lang='lat' dir='ltr'><strong>videantur),</strong></span> <span class='ocrx_word' id='word_1_721' title='bbox 1278 4899 1343 4950; x_wconf 87' lang='lat' dir='ltr'><strong>ad</strong></span> <span class='ocrx_word' id='word_1_722' title='bbox 1371 4914 1432 4952; x_wconf 88' lang='lat' dir='ltr'><strong>ea</strong></span> <span class='ocrx_word' id='word_1_723' title='bbox 1457 4914 1574 4966; x_wconf 71' lang='lat' dir='ltr'><strong>quae</strong></span> <span class='ocrx_word' id='word_1_724' title='bbox 1601 4901 1853 4966; x_wconf 86' lang='lat' dir='ltr'><strong>deinceps</strong></span> <span class='ocrx_word' id='word_1_725' title='bbox 1883 4913 2118 4966; x_wconf 83' lang='lat' dir='ltr'><strong>sequun-</strong></span> 
     </span>
    </p>
   </div>
   <div class='ocr_carea' id='block_1_98' title="bbox 2225 4893 2566 4965">
    <p class='ocr_par' dir='ltr' id='par_1_98' title="bbox 2225 4893 2566 4965">
     <span class='ocr_line' id='line_1_98' title="bbox 2225 4893 2566 4965; baseline 0.006 -19"><span class='ocrx_word' id='word_1_726' title='bbox 2225 4898 2342 4946; x_wconf 81' lang='grc' dir='ltr'><strong>πεῖν</strong></span> <span class='ocrx_word' id='word_1_727' title='bbox 2369 4893 2566 4965; x_wconf 72' lang='grc' dir='ltr'><strong>ῥᾴδιον.</strong></span> 
     </span>
    </p>
   </div>
   <div class='ocr_carea' id='block_1_99' title="bbox 548 4985 3225 5056">
    <p class='ocr_par' dir='ltr' id='par_1_99' title="bbox 548 4985 3225 5056">
     <span class='ocr_line' id='line_1_99' title="bbox 548 4985 3225 5056; baseline 0.002 -17"><span class='ocrx_word' id='word_1_728' title='bbox 548 4999 672 5054; x_wconf 88' lang='lat' dir='ltr'><strong>.tur,</strong></span> <span class='ocrx_word' id='word_1_729' title='bbox 695 4998 749 5042; x_wconf 88' lang='lat' dir='ltr'><strong>et</strong></span> <span class='ocrx_word' id='word_1_730' title='bbox 785 5005 924 5056; x_wconf 69' lang='lat' dir='ltr'><strong>quae,</strong></span> <span class='ocrx_word' id='word_1_731' title='bbox 955 5004 1022 5043; x_wconf 90' lang='lat' dir='ltr'><strong>ne</strong></span> <span class='ocrx_word' id='word_1_732' title='bbox 1068 4989 1110 5042; x_wconf 89' lang='lat' dir='ltr'><strong>si</strong></span> <span class='ocrx_word' id='word_1_733' title='bbox 1155 4991 1366 5056; x_wconf 89' lang='lat' dir='ltr'><strong>cupiam</strong></span> <span class='ocrx_word' id='word_1_734' title='bbox 1423 4990 1659 5056; x_wconf 86' lang='lat' dir='ltr'><strong>quidem,</strong></span> <span class='ocrx_word' id='word_1_735' title='bbox 1697 4987 1855 5043; x_wconf 87' lang='lat' dir='ltr'><strong>facile</strong></span> <span class='ocrx_word' id='word_1_736' title='bbox 1895 4986 2307 5056; x_wconf 69' lang='lat' dir='ltr'><strong>praetermittere</strong></span> <span class='ocrx_word' id='word_1_737' title='bbox 2333 5000 2572 5053; x_wconf 89' lang='lat' dir='ltr'><strong>possum,</strong></span> <span class='ocrx_word' id='word_1_738' title='bbox 2598 4985 2896 5040; x_wconf 87' lang='lat' dir='ltr'><strong>oralionem</strong></span> <span class='ocrx_word' id='word_1_739' title='bbox 2927 4988 3225 5044; x_wconf 88' lang='lat' dir='ltr'><strong>conferam.</strong></span> 
     </span>
    </p>
   </div>
   <div class='ocr_carea' id='block_1_100' title="bbox 655 5084 1506 5156">
    <p class='ocr_par' dir='ltr' id='par_1_100' title="bbox 655 5084 1506 5156">
     <span class='ocr_line' id='line_1_100' title="bbox 655 5084 1506 5156; baseline 0.001 -18"><span class='ocrx_word' id='word_1_740' title='bbox 655 5086 742 5152; x_wconf 73' lang='grc'>64)</span> <span class='ocrx_word' id='word_1_741' title='bbox 782 5086 1001 5156; x_wconf 78' lang='grc' dir='ltr'><strong>Μόνον.</strong></span> <span class='ocrx_word' id='word_1_742' title='bbox 1035 5084 1196 5156; x_wconf 84' lang='lat' dir='ltr'><strong>Cnisl.</strong></span> <span class='ocrx_word' id='word_1_743' title='bbox 1232 5087 1284 5145; x_wconf 76' lang='lat' dir='ltr'><strong>i,</strong></span> <span class='ocrx_word' id='word_1_744' title='bbox 1319 5085 1506 5156; x_wconf 79' lang='grc' dir='ltr'><strong>μόνην.</strong></span> 
     </span>
    </p>
   </div>
   <div class='ocr_carea' id='block_1_101' title="bbox 655 5153 2120 5224">
    <p class='ocr_par' dir='ltr' id='par_1_101' title="bbox 655 5153 2120 5224">
     <span class='ocr_line' id='line_1_101' title="bbox 655 5153 2120 5224; baseline -0.001 -15"><span class='ocrx_word' id='word_1_745' title='bbox 655 5156 742 5224; x_wconf 84' lang='grc'>65)</span> <span class='ocrx_word' id='word_1_746' title='bbox 781 5155 936 5210; x_wconf 79' lang='grc' dir='ltr'><strong>Αὐτὸ</strong></span> <span class='ocrx_word' id='word_1_747' title='bbox 959 5153 1462 5224; x_wconf 52' lang='grc' dir='ltr'><strong>αὺξήσασαζιὶιιιζ.</strong></span> <span class='ocrx_word' id='word_1_748' title='bbox 1494 5157 1602 5220; x_wconf 88' lang='lat' dir='ltr'><strong>bm,</strong></span> <span class='ocrx_word' id='word_1_749' title='bbox 1632 5155 1818 5224; x_wconf 84' lang='grc' dir='ltr'><strong>αὐτήν.</strong></span> <span class='ocrx_word' id='word_1_750' title='bbox 1859 5155 1986 5224; x_wconf 75' lang='lat' dir='ltr'><strong>Reg.</strong></span> <span class='ocrx_word' id='word_1_751' title='bbox 2029 5155 2120 5222; x_wconf 86' lang='lat' dir='ltr'><strong>ph,</strong></span> 
     </span>
    </p>
   </div>
   <div class='ocr_carea' id='block_1_102' title="bbox 561 5223 2123 5297">
    <p class='ocr_par' dir='ltr' id='par_1_102' title="bbox 561 5223 2123 5297">
     <span class='ocr_line' id='line_1_102' title="bbox 561 5223 2123 5297; baseline -0.002 -18"><span class='ocrx_word' id='word_1_752' title='bbox 561 5223 675 5282; x_wconf 78' lang='lat' dir='ltr'><strong>tres</strong></span> <span class='ocrx_word' id='word_1_753' title='bbox 707 5223 880 5297; x_wconf 85' lang='lat' dir='ltr'><strong>Colb.,</strong></span> <span class='ocrx_word' id='word_1_754' title='bbox 912 5226 1010 5297; x_wconf 57' lang='grc' dir='ltr'><strong>Οιἒ</strong></span> <span class='ocrx_word' id='word_1_755' title='bbox 1030 5225 1083 5297; x_wconf 87' lang='lat' dir='ltr'><strong>_l,</strong></span> <span class='ocrx_word' id='word_1_756' title='bbox 1112 5236 1165 5279; x_wconf 88' lang='lat' dir='ltr'><strong>et</strong></span> <span class='ocrx_word' id='word_1_757' title='bbox 1190 5223 1298 5280; x_wconf 80' lang='lat' dir='ltr'><strong>Jes.</strong></span> <span class='ocrx_word' id='word_1_758' title='bbox 1323 5225 1568 5297; x_wconf 88' lang='grc' dir='ltr'><strong>φύραμα,</strong></span> <span class='ocrx_word' id='word_1_759' title='bbox 1597 5228 1629 5296; x_wconf 82' lang='grc' dir='ltr'>ἠ</span> <span class='ocrx_word' id='word_1_760' title='bbox 1664 5223 1930 5279; x_wconf 77' lang='grc' dir='ltr'><strong>τὸναύτὸν</strong></span> <span class='ocrx_word' id='word_1_761' title='bbox 1950 5223 2123 5296; x_wconf 66' lang='lat' dir='ltr'><strong>(tieru-</strong></span> 
     </span>
    </p>
   </div>
   <div class='ocr_carea' id='block_1_103' title="bbox 549 5294 1210 5367">
    <p class='ocr_par' dir='ltr' id='par_1_103' title="bbox 549 5294 1210 5367">
     <span class='ocr_line' id='line_1_103' title="bbox 549 5294 1210 5367; baseline -0.003 -17"><span class='ocrx_word' id='word_1_762' title='bbox 549 5312 649 5367; x_wconf 17' lang='lat' dir='ltr'><strong>‘pc,</strong></span> <span class='ocrx_word' id='word_1_763' title='bbox 670 5295 895 5367; x_wconf 77' lang='grc' dir='ltr'><strong>κλῆρον)</strong></span> <span class='ocrx_word' id='word_1_764' title='bbox 913 5294 1045 5367; x_wconf 80' lang='grc' dir='ltr'><strong>αὐξή</strong></span> <span class='ocrx_word' id='word_1_765' title='bbox 1055 5311 1210 5348; x_wconf 89' lang='grc' dir='ltr'><strong>σασα.</strong></span> 
     </span>
    </p>
   </div>
   <div class='ocr_carea' id='block_1_104' title="bbox 634 5339 1758 5434">
    <p class='ocr_par' dir='ltr' id='par_1_104' title="bbox 634 5339 1758 5434">
     <span class='ocr_line' id='line_1_104' title="bbox 634 5339 1758 5434; baseline 0.002 -17"><span class='ocrx_word' id='word_1_766' title='bbox 1329 5365 1378 5431; x_wconf 79' lang='lat' dir='ltr'><strong>l,</strong></span> <span class='ocrx_word' id='word_1_767' title='bbox 1410 5366 1758 5434; x_wconf 86' lang='grc' dir='ltr'><strong>τελεωτέραν.</strong></span> 
     </span>
    </p>
   </div>
   <div class='ocr_carea' id='block_1_105' title="bbox 634 5434 2130 5504">
    <p class='ocr_par' dir='ltr' id='par_1_105' title="bbox 634 5434 2130 5504">
     <span class='ocr_line' id='line_1_105' title="bbox 634 5434 2130 5504; baseline 0.001 -16"><span class='ocrx_word' id='word_1_768' title='bbox 634 5436 747 5503; x_wconf 90' lang='grc'>(67)</span> <span class='ocrx_word' id='word_1_769' title='bbox 786 5435 1082 5503; x_wconf 77' lang='grc' dir='ltr'><strong>Κρεῖττον.</strong></span> <span class='ocrx_word' id='word_1_770' title='bbox 1138 5434 1245 5490; x_wconf 83' lang='lat' dir='ltr'><strong>Hac</strong></span> <span class='ocrx_word' id='word_1_771' title='bbox 1293 5452 1424 5490; x_wconf 87' lang='lat' dir='ltr'><strong>voce</strong></span> <span class='ocrx_word' id='word_1_772' title='bbox 1483 5456 1500 5486; x_wconf 78' lang='grc' dir='ltr'><strong>ι</strong></span> <span class='ocrx_word' id='word_1_773' title='bbox 1547 5439 1709 5488; x_wconf 78' lang='lat' dir='ltr'><strong>Deum</strong></span> <span class='ocrx_word' id='word_1_774' title='bbox 1756 5455 1772 5486; x_wconf 76' lang='grc' dir='ltr'><strong>ι</strong></span> <span class='ocrx_word' id='word_1_775' title='bbox 1831 5435 2130 5504; x_wconf 81' lang='lat' dir='ltr'><strong>intelligere</strong></span> 
     </span>
    </p>
   </div>
   <div class='ocr_carea' id='block_1_106' title="bbox 561 5506 2127 5575">
    <p class='ocr_par' dir='ltr' id='par_1_106' title="bbox 561 5506 2127 5575">
     <span class='ocr_line' id='line_1_106' title="bbox 561 5506 2127 5575; baseline 0.001 -17"><span class='ocrx_word' id='word_1_776' title='bbox 561 5506 773 5559; x_wconf 82' lang='lat' dir='ltr'><strong>videtur</strong></span> <span class='ocrx_word' id='word_1_777' title='bbox 809 5508 1115 5575; x_wconf 73' lang='lat' dir='ltr'><strong>Gregorius,</strong></span> <span class='ocrx_word' id='word_1_778' title='bbox 1170 5523 1232 5559; x_wconf 83' lang='lat' dir='ltr'><strong>ac</strong></span> <span class='ocrx_word' id='word_1_779' title='bbox 1286 5508 1506 5572; x_wconf 87' lang='lat' dir='ltr'><strong>proinde</strong></span> <span class='ocrx_word' id='word_1_780' title='bbox 1562 5507 1896 5575; x_wconf 84' lang='lat' dir='ltr'><strong>vertendum,</strong></span> <span class='ocrx_word' id='word_1_781' title='bbox 1939 5524 1957 5556; x_wconf 75' lang='grc' dir='ltr'><strong>ι</strong></span> <span class='ocrx_word' id='word_1_782' title='bbox 2007 5522 2127 5559; x_wconf 82' lang='lat' dir='ltr'><strong>eum</strong></span> 
     </span>
    </p>
   </div>
   <div class='ocr_carea' id='block_1_107' title="bbox 569 5573 2130 5642">
    <p class='ocr_par' dir='ltr' id='par_1_107' title="bbox 569 5573 2130 5642">
     <span class='ocr_line' id='line_1_107' title="bbox 569 5573 2130 5642; baseline -0.003 -13"><span class='ocrx_word' id='word_1_783' title='bbox 569 5576 676 5629; x_wconf 83' lang='lat' dir='ltr'><strong>Den</strong></span> <span class='ocrx_word' id='word_1_784' title='bbox 703 5573 1073 5642; x_wconf 66' lang='lat' dir='ltr'><strong>conjunctione</strong></span> <span class='ocrx_word' id='word_1_785' title='bbox 1108 5585 1160 5628; x_wconf 90' lang='lat' dir='ltr'><strong>et</strong></span> <span class='ocrx_word' id='word_1_786' title='bbox 1198 5575 1613 5629; x_wconf 84' lang='lat' dir='ltr'><strong>necessitudine.</strong></span> <span class='ocrx_word' id='word_1_787' title='bbox 1654 5594 1671 5625; x_wconf 73' lang='grc' dir='ltr'><strong>ι</strong></span> <span class='ocrx_word' id='word_1_788' title='bbox 1713 5573 1896 5627; x_wconf 85' lang='lat' dir='ltr'><strong>Billius</strong></span> <span class='ocrx_word' id='word_1_789' title='bbox 1935 5576 1985 5626; x_wconf 89' lang='lat' dir='ltr'><strong>in</strong></span> <span class='ocrx_word' id='word_1_790' title='bbox 2015 5575 2130 5642; x_wconf 87' lang='lat' dir='ltr'><strong>pri-</strong></span> 
     </span>
    </p>
   </div>
   <div class='ocr_carea' id='block_1_108' title="bbox 567 5643 2131 5711">
    <p class='ocr_par' dir='ltr' id='par_1_108' title="bbox 567 5643 2131 5711">
     <span class='ocr_line' id='line_1_108' title="bbox 567 5643 2131 5711; baseline -0.002 -13"><span class='ocrx_word' id='word_1_791' title='bbox 567 5660 651 5698; x_wconf 90' lang='lat' dir='ltr'><strong>ma</strong></span> <span class='ocrx_word' id='word_1_792' title='bbox 692 5648 920 5698; x_wconf 78' lang='lat' dir='ltr'><strong>editione</strong></span> <span class='ocrx_word' id='word_1_793' title='bbox 947 5647 1028 5698; x_wconf 86' lang='lat' dir='ltr'><strong>sic</strong></span> <span class='ocrx_word' id='word_1_794' title='bbox 1057 5655 1289 5698; x_wconf 74' lang='lat' dir='ltr'><strong>verterat</strong></span> <span class='ocrx_word' id='word_1_795' title='bbox 1323 5662 1336 5698; x_wconf 91' lang='lat'><strong>:</strong></span> <span class='ocrx_word' id='word_1_796' title='bbox 1375 5665 1392 5696; x_wconf 77' lang='grc' dir='ltr'><strong>ι</strong></span> <span class='ocrx_word' id='word_1_797' title='bbox 1426 5645 1534 5697; x_wconf 83' lang='lat' dir='ltr'><strong>sola</strong></span> <span class='ocrx_word' id='word_1_798' title='bbox 1568 5645 1762 5697; x_wconf 78' lang='lat' dir='ltr'><strong>virtute</strong></span> <span class='ocrx_word' id='word_1_799' title='bbox 1798 5643 2131 5711; x_wconf 81' lang='lat' dir='ltr'><strong>conjnmtio-</strong></span> 
     </span>
    </p>
   </div>
   <div class='ocr_carea' id='block_1_109' title="bbox 571 5713 2128 5782">
    <p class='ocr_par' dir='ltr' id='par_1_109' title="bbox 571 5713 2128 5782">
     <span class='ocr_line' id='line_1_109' title="bbox 571 5713 2128 5782; baseline 0.001 -15"><span class='ocrx_word' id='word_1_800' title='bbox 571 5728 744 5782; x_wconf 85' lang='lat' dir='ltr'><strong>nequo</strong></span> <span class='ocrx_word' id='word_1_801' title='bbox 779 5730 900 5768; x_wconf 88' lang='lat' dir='ltr'><strong>cutn</strong></span> <span class='ocrx_word' id='word_1_802' title='bbox 934 5713 1041 5767; x_wconf 88' lang='lat' dir='ltr'><strong>Deo</strong></span> <span class='ocrx_word' id='word_1_803' title='bbox 1072 5725 1231 5782; x_wconf 87' lang='lat' dir='ltr'><strong>atque</strong></span> <span class='ocrx_word' id='word_1_804' title='bbox 1259 5718 1554 5778; x_wconf 87' lang='lat' dir='ltr'><strong>consortio,</strong></span> <span class='ocrx_word' id='word_1_805' title='bbox 1591 5714 1802 5769; x_wconf 87' lang='lat' dir='ltr'><strong>felicem</strong></span> <span class='ocrx_word' id='word_1_806' title='bbox 1841 5715 2128 5770; x_wconf 73' lang='lat' dir='ltr'><strong>ltb‘“0l‘tllll</strong></span> 
     </span>
    </p>
   </div>
   <div class='ocr_carea' id='block_1_110' title="bbox 554 5784 1375 5854">
    <p class='ocr_par' dir='ltr' id='par_1_110' title="bbox 554 5784 1375 5854">
     <span class='ocr_line' id='line_1_110' title="bbox 554 5784 1375 5854; baseline -0.001 -17"><span class='ocrx_word' id='word_1_807' title='bbox 554 5784 997 5854; x_wconf 48' lang='lat' dir='ltr'><strong>,procreationem</strong></span> <span class='ocrx_word' id='word_1_808' title='bbox 1018 5785 1323 5840; x_wconf 84' lang='lat' dir='ltr'><strong>delinirent.</strong></span> <span class='ocrx_word' id='word_1_809' title='bbox 1359 5806 1375 5836; x_wconf 72' lang='grc' dir='ltr'><strong>ι</strong></span> 
     </span>
    </p>
   </div>
   <div class='ocr_carea' id='block_1_111' title="bbox 2304 5080 3775 5152">
    <p class='ocr_par' dir='ltr' id='par_1_111' title="bbox 2304 5080 3775 5152">
     <span class='ocr_line' id='line_1_111' title="bbox 2304 5080 3775 5152; baseline -0.001 -18"><span class='ocrx_word' id='word_1_810' title='bbox 2304 5081 2412 5150; x_wconf 88' lang='grc'>(68)</span> <span class='ocrx_word' id='word_1_811' title='bbox 2449 5083 2552 5143; x_wconf 77' lang='grc' dir='ltr'><strong>Εἰς</strong></span> <span class='ocrx_word' id='word_1_812' title='bbox 2581 5080 2855 5147; x_wconf 77' lang='grc' dir='ltr'><strong>λιπαρόν.</strong></span> <span class='ocrx_word' id='word_1_813' title='bbox 2908 5099 2926 5130; x_wconf 73' lang='grc' dir='ltr'><strong>ι</strong></span> <span class='ocrx_word' id='word_1_814' title='bbox 2969 5081 3050 5134; x_wconf 88' lang='lat' dir='ltr'><strong>Ad</strong></span> <span class='ocrx_word' id='word_1_815' title='bbox 3088 5081 3304 5136; x_wconf 90' lang='lat' dir='ltr'><strong>uberem</strong></span> <span class='ocrx_word' id='word_1_816' title='bbox 3344 5080 3657 5152; x_wconf 87' lang='lat' dir='ltr'><strong>beatamque</strong></span> <span class='ocrx_word' id='word_1_817' title='bbox 3694 5094 3775 5134; x_wconf 89' lang='lat' dir='ltr'><strong>se-</strong></span> 
     </span>
    </p>
   </div>
   <div class='ocr_carea' id='block_1_112' title="bbox 2231 5164 3776 5291">
    <p class='ocr_par' dir='ltr' id='par_1_112' title="bbox 2231 5164 3776 5291">
     <span class='ocr_line' id='line_1_112' title="bbox 2231 5164 3776 5291; baseline -0.001 -16"><span class='ocrx_word' id='word_1_818' title='bbox 2231 5164 2906 5290; x_wconf 39' lang='lat' dir='ltr'><strong>ntfdgfl‘gr’dagaleia.</strong></span> <span class='ocrx_word' id='word_1_819' title='bbox 2937 5220 3070 5275; x_wconf 86' lang='lat' dir='ltr'><strong>Tres</strong></span> <span class='ocrx_word' id='word_1_820' title='bbox 3099 5221 3288 5291; x_wconf 73' lang='lat' dir='ltr'><strong>Regg.,</strong></span> <span class='ocrx_word' id='word_1_821' title='bbox 3322 5211 3539 5276; x_wconf 87' lang='lat' dir='ltr'><strong>totidem</strong></span> <span class='ocrx_word' id='word_1_822' title='bbox 3565 5223 3702 5277; x_wconf 86' lang='lat' dir='ltr'><strong>Cnlb.</strong></span> <span class='ocrx_word' id='word_1_823' title='bbox 3725 5233 3776 5275; x_wconf 84' lang='lat' dir='ltr'><strong>et</strong></span> 
     </span>
    </p>
   </div>
   <div class='ocr_carea' id='block_1_113' title="bbox 2227 5290 3468 5361">
    <p class='ocr_par' dir='ltr' id='par_1_113' title="bbox 2227 5290 3468 5361">
     <span class='ocr_line' id='line_1_113' title="bbox 2227 5290 3468 5361; baseline -0.002 -15"><span class='ocrx_word' id='word_1_824' title='bbox 2227 5292 2320 5347; x_wconf 87' lang='lat' dir='ltr'><strong>Or.</strong></span> <span class='ocrx_word' id='word_1_825' title='bbox 2360 5295 2405 5354; x_wconf 75' lang='grc' dir='ltr'><strong>ί,</strong></span> <span class='ocrx_word' id='word_1_826' title='bbox 2446 5292 2540 5342; x_wconf 81' lang='grc' dir='ltr'><strong>σὺν</strong></span> <span class='ocrx_word' id='word_1_827' title='bbox 2580 5290 2866 5361; x_wconf 73' lang='grc' dir='ltr'><strong>ἀσφαλείᾳ,</strong></span> <span class='ocrx_word' id='word_1_828' title='bbox 2903 5309 2920 5340; x_wconf 74' lang='grc' dir='ltr'><strong>ι</strong></span> <span class='ocrx_word' id='word_1_829' title='bbox 2961 5308 3080 5344; x_wconf 88' lang='lat' dir='ltr'><strong>cum</strong></span> <span class='ocrx_word' id='word_1_830' title='bbox 3107 5290 3412 5345; x_wconf 78' lang='lat' dir='ltr'><strong>securitate.</strong></span> <span class='ocrx_word' id='word_1_831' title='bbox 3449 5311 3468 5343; x_wconf 68' lang='grc' dir='ltr'><strong>ι</strong></span> 
     </span>
    </p>
   </div>
   <div class='ocr_carea' id='block_1_114' title="bbox 2297 5361 3771 5432">
    <p class='ocr_par' dir='ltr' id='par_1_114' title="bbox 2297 5361 3771 5432">
     <span class='ocr_line' id='line_1_114' title="bbox 2297 5361 3771 5432; baseline 0.003 -22"><span class='ocrx_word' id='word_1_832' title='bbox 2297 5363 2404 5430; x_wconf 84' lang='grc'>(70)</span> <span class='ocrx_word' id='word_1_833' title='bbox 2423 5362 2837 5432; x_wconf 45' lang='lat' dir='ltr'><strong>Memnonem.</strong></span> <span class='ocrx_word' id='word_1_834' title='bbox 2875 5363 2962 5414; x_wconf 84' lang='lat' dir='ltr'><strong>Sic</strong></span> <span class='ocrx_word' id='word_1_835' title='bbox 2988 5362 3112 5432; x_wconf 79' lang='lat' dir='ltr'><strong>Reg.</strong></span> <span class='ocrx_word' id='word_1_836' title='bbox 3142 5364 3230 5416; x_wconf 89' lang='lat' dir='ltr'><strong>bu.</strong></span> <span class='ocrx_word' id='word_1_837' title='bbox 3260 5361 3379 5415; x_wconf 79' lang='lat' dir='ltr'><strong>Par.</strong></span> <span class='ocrx_word' id='word_1_838' title='bbox 3414 5363 3771 5432; x_wconf 75' lang='grc' dir='ltr'><strong>μεταδεθῆναι.</strong></span> 
     </span>
    </p>
   </div>
   <div class='ocr_carea' id='block_1_115' title="bbox 2296 5429 3701 5504">
    <p class='ocr_par' dir='ltr' id='par_1_115' title="bbox 2296 5429 3701 5504">
     <span class='ocr_line' id='line_1_115' title="bbox 2296 5429 3701 5504; baseline -0.001 -19"><span class='ocrx_word' id='word_1_839' title='bbox 2296 5429 2406 5504; x_wconf 72' lang='grc'>(71)</span> <span class='ocrx_word' id='word_1_840' title='bbox 2459 5429 2954 5498; x_wconf 76' lang='grc' dir='ltr'><strong>Ἐνστησάμενος.</strong></span> <span class='ocrx_word' id='word_1_841' title='bbox 3001 5429 3163 5504; x_wconf 78' lang='lat' dir='ltr'><strong>Coisl.</strong></span> <span class='ocrx_word' id='word_1_842' title='bbox 3198 5433 3248 5494; x_wconf 79' lang='lat' dir='ltr'><strong>i,</strong></span> <span class='ocrx_word' id='word_1_843' title='bbox 3291 5429 3701 5504; x_wconf 61' lang='grc' dir='ltr'><strong>συστησιέμενος.</strong></span> 
     </span>
    </p>
   </div>
   <div class='ocr_carea' id='block_1_116' title="bbox 2274 5502 3772 5582">
    <p class='ocr_par' dir='ltr' id='par_1_116' title="bbox 2274 5502 3772 5582">
     <span class='ocr_line' id='line_1_116' title="bbox 2274 5502 3772 5582; baseline -0.002 -27"><span class='ocrx_word' id='word_1_844' title='bbox 2274 5503 2409 5582; x_wconf 66' lang='grc'><strong>⁸(72)</strong></span> <span class='ocrx_word' id='word_1_845' title='bbox 2451 5504 2681 5566; x_wconf 72' lang='grc' dir='ltr'><strong>Ὄντως.</strong></span> <span class='ocrx_word' id='word_1_846' title='bbox 2716 5504 2872 5554; x_wconf 83' lang='lat' dir='ltr'><strong>Deest</strong></span> <span class='ocrx_word' id='word_1_847' title='bbox 2901 5506 2950 5554; x_wconf 87' lang='lat' dir='ltr'><strong>in</strong></span> <span class='ocrx_word' id='word_1_848' title='bbox 2979 5503 3218 5570; x_wconf 87' lang='lat' dir='ltr'><strong>pluribus</strong></span> <span class='ocrx_word' id='word_1_849' title='bbox 3242 5504 3398 5555; x_wconf 89' lang='lat' dir='ltr'><strong>codd.</strong></span> <span class='ocrx_word' id='word_1_850' title='bbox 3431 5502 3772 5558; x_wconf 23' lang='lat' dir='ltr'><strong>nec‘reddidit</strong></span> 
     </span>
    </p>
   </div>
   <div class='ocr_carea' id='block_1_117' title="bbox 2227 5573 3767 5713">
    <p class='ocr_par' dir='ltr' id='par_1_117' title="bbox 2227 5573 3767 5713">
     <span class='ocr_line' id='line_1_117' title="bbox 2227 5573 3767 5713; baseline -0.008 -9"><span class='ocrx_word' id='word_1_851' title='bbox 2227 5573 2432 5713; x_wconf 42' lang='grc' dir='ltr'><strong>Βιὶἓὲ).</strong></span> <span class='ocrx_word' id='word_1_852' title='bbox 2447 5642 2602 5713; x_wconf 84' lang='grc' dir='ltr'><strong>Πρὸς</strong></span> <span class='ocrx_word' id='word_1_853' title='bbox 2624 5641 2826 5713; x_wconf 0' lang='grc' dir='ltr'><strong>ἡμῶν.)</strong></span> <span class='ocrx_word' id='word_1_854' title='bbox 2845 5642 2932 5713; x_wconf 78' lang='lat' dir='ltr'><strong>Sic</strong></span> <span class='ocrx_word' id='word_1_855' title='bbox 2956 5651 3064 5695; x_wconf 91' lang='lat' dir='ltr'><strong>tres</strong></span> <span class='ocrx_word' id='word_1_856' title='bbox 3086 5640 3274 5711; x_wconf 69' lang='grc' dir='ltr'><strong>Βθβε..</strong></span> <span class='ocrx_word' id='word_1_857' title='bbox 3301 5650 3410 5695; x_wconf 76' lang='lat' dir='ltr'><strong>tres</strong></span> <span class='ocrx_word' id='word_1_858' title='bbox 3427 5643 3558 5701; x_wconf 63' lang='lat' dir='ltr'><strong>Coll»</strong></span> <span class='ocrx_word' id='word_1_859' title='bbox 3583 5685 3597 5707; x_wconf 90' lang='lat'><strong>,</strong></span> <span class='ocrx_word' id='word_1_860' title='bbox 3621 5639 3704 5696; x_wconf 92' lang='lat' dir='ltr'><strong>Or.</strong></span> <span class='ocrx_word' id='word_1_861' title='bbox 3721 5640 3767 5701; x_wconf 88' lang='lat' dir='ltr'><strong>l,</strong></span> 
     </span>
    </p>
   </div>
   <div class='ocr_carea' id='block_1_118' title="bbox 2225 5711 2982 5773">
    <p class='ocr_par' dir='ltr' id='par_1_118' title="bbox 2225 5711 2982 5773">
     <span class='ocr_line' id='line_1_118' title="bbox 2225 5711 2982 5773; baseline -0.004 -5"><span class='ocrx_word' id='word_1_862' title='bbox 2225 5722 2279 5768; x_wconf 92' lang='lat' dir='ltr'><strong>et</strong></span> <span class='ocrx_word' id='word_1_863' title='bbox 2308 5711 2422 5766; x_wconf 57' lang='lat' dir='ltr'><strong>des.</strong></span> <span class='ocrx_word' id='word_1_864' title='bbox 2460 5712 2597 5766; x_wconf 77' lang='lat' dir='ltr'><strong>Etliti</strong></span> <span class='ocrx_word' id='word_1_865' title='bbox 2633 5728 2778 5773; x_wconf 74' lang='lat' dir='ltr'><strong>\‘H&#39;ti,</strong></span> <span class='ocrx_word' id='word_1_866' title='bbox 2809 5711 2982 5773; x_wconf 80' lang='grc' dir='ltr'><strong>ὑμῶν.</strong></span> 
     </span>
    </p>
   </div>
   <div class='ocr_carea' id='block_1_119' title="bbox 2297 5779 3302 5853">
    <p class='ocr_par' dir='ltr' id='par_1_119' title="bbox 2297 5779 3302 5853">
     <span class='ocr_line' id='line_1_119' title="bbox 2297 5779 3302 5853; baseline 0.003 -19"><span class='ocrx_word' id='word_1_867' title='bbox 2297 5783 2410 5853; x_wconf 77' lang='grc' dir='ltr'>(Ἠ)</span> <span class='ocrx_word' id='word_1_868' title='bbox 2456 5784 2529 5836; x_wconf 87' lang='grc' dir='ltr'><em>Τὰ</em></span> <span class='ocrx_word' id='word_1_869' title='bbox 2555 5781 2793 5852; x_wconf 63' lang='grc' dir='ltr'><strong>ἐφεξῆς.</strong></span> <span class='ocrx_word' id='word_1_870' title='bbox 2833 5779 2964 5852; x_wconf 73' lang='lat' dir='ltr'><strong>Reg.</strong></span> <span class='ocrx_word' id='word_1_871' title='bbox 2993 5798 3044 5848; x_wconf 85' lang='lat' dir='ltr'><strong>a,</strong></span> <span class='ocrx_word' id='word_1_872' title='bbox 3071 5780 3137 5834; x_wconf 82' lang='grc' dir='ltr'><strong>τὰ</strong></span> <span class='ocrx_word' id='word_1_873' title='bbox 3161 5779 3302 5853; x_wconf 65' lang='grc' dir='ltr'><strong>ἑξῆς.</strong></span> 
     </span>
    </p>
   </div>
  </div>
