3844 6390
151 379 224 430 ισι

884 360 1144 418 ORATIO
1180 361 1290 418 VII.
1333 393 1402 406 -—
1437 362 1506 418 IN
1544 363 1829 421 LAUDEM
1866 363 2168 422 CESABII
2207 364 2543 423 FRATRIS.‘

3217 372 3323 428 762

202 485 276 551 ς’.
328 473 450 530 Ὑπὸ
478 471 541 548 δὴ
577 473 839 538 τοιούτοις
882 473 1038 546 ῆθεσι
1079 476 1382 548 τραφέντες
1408 478 1505 531 καὶ
1535 495 1666 532 παι-

1841 479 1928 536 Vl.
1957 480 2066 536 Nos
2092 482 2256 551 igitur
2291 483 2393 538 sub
2423 482 2726 549 hujusmodi
2771 484 3014 540 moribus
3032 483 3243 540 educati
3269 497 3325 542 et

144 571 374 631 asuliévts;
405 551 537 635 (75),
559 565 652 616 καὶ
687 568 799 628 τοῖς
840 565 1075 620 ἐνταῦθα
1111 568 1425 639 μαθήμασιν
1463 569 1661 634 ἱκανῶς

146 659 523 732 ἐνασκηθέντες,
562 657 629 708 ’ὲν
688 651 771 721 οἷς
820 659 1028 722 ἐκεῖνος
1085 659 1196 730 (76)
1252 659 1406 731 τάχει
1451 678 1513 714 τε
1569 662 1664 715 καὶ

147 753 326 829 μεγέθει
369 747 572 818 φύσεως
616 749 726 802 οὐδ’
775 748 840 803 ἂν
872 750 1015 803 εἴποι
1057 767 1143 814 τις
1189 751 1314 804 ὅσον
1344 752 1486 823 ὑπὲρ
1538 753 1664 815 τοὺς

147 846 329 906 πολλοὺς
359 837 440 911 ἦν·
474 834 518 892 ὦ
561 837 677 902 πῶς
735 840 1000 912 ἀδακρυτὶ
1044 842 1144 912 τὴν
1180 842 1384 896 τούτων
1413 842 1664 915 παρέλθω

146 941 343 1012 μνήμην,
392 930 481 984 xui
541 931 613 1001 μή
669 948 735 1001 με
779 931 1102 1000 ἀφιλόσοφον
1145 933 1338 1006 ἐλέγξῃ
1384 935 1446 986 τὸ
1493 933 1664 998 πάθος

144 1027 264 1100 παρά
287 1024 374 1094 τὴν
405 1021 718 1090 ὑπόσχεσινί
755 1021 869 1075 ἀλλ’
891 1022 1076 1094 ἐπειδή
1111 1040 1174 1092 γε
1209 1023 1516 1095 ἀποδημίας
1544 1040 1664 1076 και-

145 1122 219 1196 ρὸς
254 1117 428 1178 ἐδόκει,
471 1113 564 1166 καὶ
610 1114 731 1168 τότε
771 1113 986 1185 πρῶτον
1015 1116 1108 1168 ἀπ’
1137 1115 1383 1186 ἀλλήλων
1408 1115 1680 1187 ὲσχίσθη-,

146 1227 238 1286 μενο
264 1207 361 1278 ἐγὼ
392 1206 486 1278 μὲν
513 1209 629 1270 τοῖς
675 1206 816 1260 κατὰ
865 1207 1229 1278 Παλαιστίνην
1265 1207 1664 1278 ὲγκαταμείνας

145 1302 232 1376 (77)
279 1297 681 1369 παιδευτηρίοις,
736 1295 956 1351 ἀνθοῦσι
1006 1297 1127 1352 τότε
1174 1299 1314 1353 κατά
1369 1298 1662 1370 ῥητορικῆς

141 1395 304 1466 ἔρωτα,
332 1392 358 1443 ὁ
383 1389 437 1442 δὲ
457 1388 553 1458 τὴν
603 1388 950 1462 Ἀλεξάνδρου
981 1390 1135 1444 πόλιν
1159 1389 1500 1456 καταλαϐὼν,
1528 1408 1665 1444 παν-

140 1486 259 1547 τοίας
283 1478 604 1543 παιδεύσεως
633 1480 728 1534 xui
754 1480 873 1534 τότε
908 1481 1001 1535 καὶ
1027 1481 1121 1536 νῦν
1155 1477 1318 1536 οὖσάν
1353 1499 1411 1534 τε
1442 1483 1538 1535 xui
1579 1482 1666 1535 δο-

139 1575 301 1631 κοῦσαν
327 1571 702 1644 ἐργαστήριον.
733 1571 798 1624 Τί
831 1572 1064 1644 πρῶτον,
1107 1573 1140 1643 ἢ
1175 1574 1227 1626 τί
1247 1573 1500 1644 μέγιστον
1527 1573 1664 1628 εἴπω

139 1667 222 1720 τῶν
251 1665 442 1718 ἐκείνου
476 1661 688 1729 καλων;
725 1663 790 1716 Τί
815 1663 871 1716 δὲ
898 1664 1009 1736 (78)
1043 1664 1258 1736 παρεὶς,
1296 1665 1372 1737 μὴ
1404 1665 1480 1737 τῷ
1513 1667 1666 1737 μεγί-

139 1781 224 1833 στῳ
243 1758 485 1830 ζημιώσω
504 1758 594 1812 τὸν
623 1758 807 1826 λόγον;
837 1758 930 1822 Τίς
959 1759 1058 1829 μὲν
1087 1758 1294 1811 ἐκείνου
1327 1757 1664 1822 διδασκάλοις

1759 573 2016 639 instituti,
2069 585 2238 646 atque
2295 577 2352 631 in
2417 579 2640 647 hujusce
2671 580 2774 635 loci
2840 580 3158 650 disciplinis,
3191 585 3324 642 satis

1759 667 2037 722 exercitati
2069 677 2124 722 et
2155 669 2376 734 exculti,
2406 671 2458 724 in
2486 673 2681 741 quibus
2707 673 2797 728 ille
2823 674 3018 745 ingenii
3051 674 3327 732 celeritate

1761 772 1828 810 ac
1859 759 2229 827 magnitudine
2254 761 2360 814 dici
2390 777 2498 815 non
2530 773 2705 832 potest
2747 779 2909 834 quam
2963 765 3122 836 longo
3164 766 3325 821 inter-

1762 845 1903 899 vallo
1940 848 2226 916 plerosque
2273 856 2392 916 post
2421 865 2480 904 se
2515 851 2874 920 relinqueret;
2901 867 2933 905 o
2976 866 3206 920 quonam
3231 867 3325 920 pa-

1760 946 1847 990 cto
1879 938 2070 990 barum
2102 953 2281 992 rerum
2332 941 2645 994 memoriam
2673 922 2790 996 sine
2820 941 3071 1012 Iacrymis
3105 952 3326 1010 praeter-

1763 1029 1871 1091 ibo,
1909 1043 2006 1081 nec
2055 1045 2160 1095 me,
2214 1040 2402 1084 contra
2449 1047 2610 1098 quant
2657 1017 2928 1100 pollicitus
2957 1047 3097 1095 sum,
3135 1047 3322 1102 partnn

1763 1119 1918 1174 fortis
1947 1121 2112 1174 animi
2151 1137 2272 1175 esse
2302 1123 2455 1177 dolor
2481 1123 2732 1178 ostendet
2758 1125 2771 1178 !
2797 1138 2918 1178 cum
2937 1123 3049 1190 jam
3089 1125 3327 1193 peregri-

1761 1212 1996 1266 nationis
2052 1220 2262 1282 tempus
2309 1229 2432 1268 esse
2486 1215 2786 1280 videretur,
2823 1231 2889 1270 ac
2938 1225 3046 1269 tum
3091 1216 3322 1285 primum

1759 1304 1899 1359 alter
1937 1305 2006 1359 ab
2035 1303 2210 1360 altero
2237 1305 2490 1360 distracti
2543 1322 2730 1361 sumus
2760 1322 2778 1362 :
2809 1321 2910 1377 ego
2959 1306 3214 1361 nimirum
3241 1307 3326 1361 'ob

1761 1397 1898 1451 artis
1929 1399 2184 1452 oratoriae
2232 1413 2498 1462 amorem,
2526 1399 2578 1452 in
2612 1398 2912 1452 Palaestina:
2958 1398 3178 1464 scholis,
3209 1406 3324 1452 tum

1762 1485 2101 1552 ﬂorentibus,
2119 1497 2392 1553 moratus;
2419 1489 2506 1542 ille
2533 1499 2718 1543 autem
2744 1489 3122 1544 Alexandriam
3148 1487 3328 1557 proie-

1764 1590 1904 1643 ctus,
1936 1580 2144 1645 urbem,
2169 1591 2223 1634 et
2252 1590 2378 1636 tunc
2399 1591 2452 1636 et
2479 1596 2625 1636 nunc
2653 1596 2888 1651 quoquc,
2921 1589 3030 1635 tum
3061 1595 3185 1634 vere
3216 1588 3327 1632 tum

1763 1672 2038 1727 hominum
2065 1673 2485 1740 existimatione,
2529 1675 2788 1729 doctrinae
2834 1674 3010 1728 omnis
3034 1672 3325 1727 ollicinam.

1771 1761 1911 1830 Quid
1947 1765 2207 1834 primum,
2233 1774 2328 1819 aut
2357 1766 2483 1834 quid
2515 1766 2808 1820 maximum
2862 1781 2929 1819 ex
2972 1764 3113 1818 illius
3158 1762 3332 1816 laudi-

138 1851 437 1920 πιστότεροςς
469 1847 568 1910 Τίς
615 1848 670 1902 δὲ
704 1847 845 1918 ἥλιξι
880 1848 1370 1920 προσφιλέστερος;
1414 1849 1457 1900 Τ
1464 1848 1510 1913 ίς
1564 1849 1662 1920 μὲν

1777 1871 1864 1909 sus
1891 1858 2350 1912 commemorem?
2381 1859 2486 1912 Aut
2525 1858 2653 1926 quid
2701 1858 2816 1912 sine
2861 1857 3178 1927 gravissimo
3202 1869 3329 1909 ora-

138 1929 303 2014 μάλλον
328 1940 574 2008 ἀπέφυγε
600 1939 710 2010 (79)
740 1939 839 2011 τὴν
862 1939 971 1992 τῶν
991 1940 1276 2012 μοχθηρῶν
1294 1941 1537 2010 ἑταιρίαν
1565 1942 1659 1994 xui

136 2034 340 2104 ὁμιλίαν;
372 2032 466 2095 Τίς
491 2031 552 2084 δὲ
581 2034 647 2102 τῇ
677 2031 784 2086 τῶν
813 2030 1106 2101 βελτίστων
1137 2034 1327 2087 ἑαυτὸν
1352 2034 1661 2105 προσέθηκε

137 2127 284 2179 πλεῖον
313 2123 436 2194 (80),
468 2121 650 2185 ἄλλοις
679 2140 739 2176 τε
769 2124 862 2179 καὶ
904 2123 1014 2177 τῶν
1040 2125 1105 2178 ἐκ
1133 2124 1232 2194 τῆς
1261 2125 1516 2196 πατρίδος
1553 2129 1662 2188 τοῖς

136 2203 544 2286 εὐδοκιμωτάτοις
572 2215 666 2268 xui
682 2215 1123 2287 γνωριμωτάτοις
1140 2257 1154 2280 ,
1181 2214 1334 2278 εἰδὼς
1363 2216 1482 2268 οὐδὲ
1508 2215 1664 2269 τοῦτο

137 2306 285 2376 φέρειν
331 2306 519 2377 μικρὸν
563 2307 640 2369 είς
683 2304 879 2377 ἀρετὴν
921 2305 1182 2376 ἢκακίαν
1215 2306 1313 2369 τὰς
1345 2307 1662 2372 συνουσίας,

144 2395 214 2461 Ἐξ
235 2391 298 2450 ὧν
322 2397 399 2460 τίς
435 2397 537 2468 μὲν
580 2396 836 2471 ἄρχουσιν
865 2397 1071 2450 ἐκείνου
1123 2397 1478 2470 τιμιώτερος;
1512 2399 1593 2462 τίς
1613 2399 1670 2452 δὲ

135 2492 183 2559 τῇ
217 2490 349 2543 πόλει
372 2490 542 2563 πάσῃ,
568 2490 743 2543 καίτοι
777 2507 839 2558 γε
869 2490 978 2559 (81)
1005 2490 1170 2543 διὰτὸ
1197 2489 1424 2560 μέγεθος
1456 2491 1670 2544 πάντων

137 2581 578 2652 ὲγκρυπτομένων,
597 2581 630 2651 ἢ
650 2581 741 2633 ἐπὶ
759 2597 875 2650 σωφ
885 2579 1083 2652 ροσύνῃ
1107 2578 1508 2652 γνωριμότερος
1533 2580 1667 2651 (82),

137 2671 162 2740 ἢ
188 2673 264 2724 ἐπί
290 2671 495 2726 συνέσει
525 2671 1020 2744 περιφανέστερος;

1767 1946 1930 2001 tionis
1954 1947 2153 2002 damno
2183 1949 2638 2017 praetermittam?
2665 1949 2798 2015 Quis
2846 1949 2938 2002 illo
2982 1947 3329 2017 prazceptori-

1773 2039 1874 2091 bus
1901 2038 2151 2093 ﬁdelior?
2195 2039 2326 2105 Quis
2359 2041 2659 2109 aequalibus
2687 2040 3026 2110 jucundior?
3059 2040 3191 2105 Quis
3228 2038 3332 2092 im-

1769 2129 2064 2197 proborum
2103 2131 2423 2187 societatem
2469 2139 2523 2186 et
2587 2131 3029 2185 consuetudinem
3063 2129 3232 2198 magis
3255 2129 3332 2181 vi-

1773 2221 1943 2274 tavit?
1979 2221 2110 2288 Quis
2146 2224 2472 2292 optimorum
2496 2225 2756 2286 virorum,
2784 2237 2904 2276 cum
2937 2222 3184 2285 aliorum,
3218 2232 3329 2274 tum

1769 2311 2109 2368 celeberrimi
2157 2314 2419 2384 cuiusque
2450 2330 2514 2368 ex
2557 2315 2730 2383 patria
2777 2325 2832 2368 et
2880 2315 3201 2368 nobilissimi
3247 2312 3332 2365 fa-

1767 2404 2068 2461 miliaritati
2135 2422 2256 2462 sese
2324 2408 2496 2478 magis
2551 2407 2836 2476 adjunxit?
2877 2407 2990 2460 Non
3051 2407 3335 2476 ignorabat

1768 2509 1917 2560 sane,
1971 2498 2038 2550 ad
2089 2499 2350 2552 virtutem
2405 2508 2497 2552 aut
2555 2499 2744 2552 vitium
2796 2497 3069 2566 permagni
3108 2495 3330 2559 referre,

1769 2599 1890 2639 cum
1933 2587 2131 2656 quibus
2178 2589 2448 2658 quispiam
2501 2585 2826 2644 consueScit.
2877 2589 3050 2655 Atque
3109 2586 3353 2653 idcirco,

1767 2679 1894 2746 quis
1925 2681 2062 2748 apud
2100 2681 2363 2750 praesides
2387 2681 2743 2736 honoratior?
2772 2680 2882 2735 lmo
2912 2680 3034 2747 quis
3065 2679 3332 2732 universas

138 2765 229 2817 urbi
283 2767 568 2835 (quamvis
618 2765 897 2820 sublimior
959 2780 1178 2834 prorsus
1224 2781 1290 2822 ac
1348 2766 1646 2822 abstrusior
1685 2769 1851 2841 ipsius
1909 2775 2198 2845 doctrina),
2263 2786 2357 2830 aut
2431 2777 2500 2831 ob
2547 2774 2952 2845 temperantiam
2987 2773 3204 2838 clarior,
3244 2784 3335 2826 aut
3410 2801 3415 2806 ~

137 2855 189 2910 ob
217 2857 396 2928 ingenii
419 2858 773 2928 sagacitatem
815 2857 1115 2912 illusnior?

189 2949 252 3004 Z'.
286 2951 437 3002 Ποῖον
474 2949 580 3020 μὲν
625 2946 760 3013 εἶδος
787 2949 886 3002 ούκ
912 2949 1114 3020 ἐπῆλθε
1143 2947 1508 3016 παιδεύσεως;
1541 2949 1675 3020 μᾶλ-

135 3037 204 3092 λον
222 3039 269 3092 δὲ
306 3041 471 3102 ποῖον,
509 3038 589 3102 ὡς
618 3039 736 3092 οὐδὲ
767 3038 927 3109 μόνον
961 3038 1319 3108 ἓτερος;Τίνι
1341 3039 1395 3092 δὲ
1427 3042 1674 3111 παρῆκεν

135 3132 267 3198 ἐγγὺς
290 3130 448 3183 αὑτοῦ
467 3130 749 3199 γενέσθαι,
783 3131 878 3183 xui.
927 3129 1066 3184 κατά
1105 3130 1298 3201 μικρὸν
1330 3130 1459 3200 (85),
1492 3131 1565 3201 μὴ
1593 3133 1674 3184 ὅτι

133 3223 219 3274 τῶν
247 3222 356 3276 καθ’
379 3223 574 3276 ἑαυτὸν
601 3224 694 3275 xui
719 3223 816 3292 τῆς
847 3221 1016 3292 αὐτῆς
1041 3222 1276 3292 ἡλικίας,
1305 3221 1441 3275 ἀλλὰ
1460 3222 1553 3274 καὶ
1568 3221 1673 3275 τῶν

134 3314 502 3386 πρεσϐυτέρων,
523 3315 620 3367 xui
645 3313 1013 3385 παλαιοτέρων
1043 3316 1098 3367 ἐν
1121 3315 1231 3376 τοῖς
1251 3313 1563 3384 μαθήμασι;
1582 3313 1676 3366 xui

136 3406 278 3459 πάντα
321 3406 393 3471 ὼς
421 3406 480 3459 ἓν
512 3407 843 3477 ὲξασκήσας,
888 3406 982 3458 καὶ
1014 3406 1134 3459 ἀντὶ
1179 3406 1396 3460 πάντων
1427 3406 1671 3458 ἕκαστονο

132 3499 232 3560 τοὺς
258 3498 349 3567 μὲν
366 3499 610 3569 πτηνοὺς
633 3499 731 3568 τὴν
761 3497 921 3567 φύσιν
947 3497 1231 3568 φιλοπονίᾳ
1269 3497 1517 3568 νικήσας.
1552 3496 1677 3561 τοὺς

135 3588 177 3640 δὲ
209 3591 473 3658 γενναίους
512 3591 616 3662 τὴν
657 3593 886 3661 ἄσκησιν
931 3590 1167 3652 διανοίας
1197 3589 1436 3660 ὀξύτητι·
1481 3587 1677 3660 μᾶλλον

132 3678 175 3732 δὲ
201 3681 340 3751 τάχει
382 3683 481 3753 μὲν
505 3683 636 3746 τοὺς
665 3684 868 3752 ταχεῖς,
889 3681 1091 3751 σπουδῇ
1121 3681 1178 3733 δὲ
1207 3681 1332 3744 τοὺς
1360 3680 1679 3749 φιλοπόνους

134 3770 440 3842 ὑπερϐαλὼν,
471 3775 571 3828 xui.
603 3777 727 3838 τοὺς
750 3776 865 3827 κατ’
893 3773 1058 3845 ἄμφω
1095 3772 1300 3840 δεξιοὺς
1331 3773 1676 3845 ἀμφοτέροις.

134 3862 163 3913 Γ
164 3866 440 3938 εωμετρίας
480 3867 585 3938 μέν
614 3884 678 3936 γε
713 3868 805 3920 xui
831 3866 1211 3938 ἀστρονομίας,
1231 3866 1323 3918 xui
1347 3865 1442 3935 τῆς
1471 3865 1680 3925 ὲπικινέ

133 3953 256 4008 ὃύνου
286 3961 393 4021 τοῖς
410 3958 600 4022 ἀλλοις
629 3958 982 4022 παιδεύσεως,
1017 3959 1140 4011 ὅσον
1171 3958 1437 4029 χρήσιμον
1462 3954 1682 4021 ἐκλεξά-

134 4065 281 4116 μενος,
310 4051 467 4105 τοῦτο
498 4052 557 4105 δὲ
574 4047 641 4123 ἦν
674 4052 738 4104 ὲκ
763 4053 858 4123 τῆς
890 4051 998 4104 τῶν
1029 4049 1292 4122 οὐρανίων
1320 4049 1681 4120 εύαρμοστίας

133 4141 206 4192 καὶ
246 4142 446 4208 τάξεως
479 4143 576 4198 τὸν
608 4142 935 4215 δημιουργὸν
953 4142 1250 4212 θαυμάσαι,
1276 4141 1396 4194 ὅσον
1418 4137 1679 4209 βλαϐερὸν

1855 2953 1967 3008 VII.
2017 2953 2296 3020 Quodnam
2333 2955 2590 3010 doctrina:
2634 2969 2804 3025 genus
2850 2968 2954 3008 non
2999 2953 3338 3023 peragravit?

1778 3045 1888 3100 imo
1917 3047 2186 3113 quodnam
2219 3057 2323 3121 est,
2353 3048 2496 3115 quod
2529 3060 2630 3099 nun
2687 3057 2744 3099 ut
2799 3062 2864 3099 ne
2908 3059 3072 3098 unum
3119 3044 3336 3111 quidem

1775 3137 1950 3190 alius?
1993 3137 2220 3192 Cuiuam
2269 3148 2450 3191 autem
2505 3139 2792 3201 concessit,
2835 3146 2892 3188 ut
2925 3137 2990 3188 ad
3033 3137 3228 3204 ipsum,
3256 3133 3341 3186 vel

1779 3229 2047 3284 tantillum
2089 3231 2570 3300 appmpinquaret,
2603 3244 2710 3282 non
2742 3228 3007 3282 sodalium
3057 3233 3260 3280 tantum
3283 3237 3340 3277 et

1777 3322 2086 3389 qualium.
2135 3321 2229 3375 sed
2276 3321 2437 3374 etiam
2487 3321 2756 3389 majorum
2812 3328 2964 3381 natu,
2991 3328 3045 3372 et
3071 3318 3162 3387 qui
3220 3317 3340 3384 plus

1779 3413 2111 3479 temporisin
2149 3411 2450 3466 litterarum
2481 3413 2677 3465 studiis
2707 3407 3336 3477 consumpserant‘iNam

1777 3509 1832 3553 et
1861 3500 2044 3552 omnia
2086 3509 2142 3553 ιιι
2183 3509 2362 3554 unnm'
2397 3501 2733 3565 cxcoluerat,
2780 3511 2834 3553 et
2883 3499 3094 3567 singula
3125 3514 3340 3554 rursum

1779 3599 1836 3641 ut
1864 3588 2067 3641 omnia.
2101 3587 2179 3642 Ac
2235 3597 2294 3640 ιιι
2335 3588 2545 3641 volucri
2585 3589 2800 3658 ingenio
2854 3590 3128 3658 praeditos,
3161 3588 3346 3640 studio

1777 3691 1832 3734 et
1879 3681 2180 3749 diligentia,
2233 3681 2306 3734 ita
2364 3681 2638 3734 studiosos
2683 3689 2739 3733 et
2787 3681 3080 3734 industrios
3139 3679 3337 3748 ingenii

1779 3772 2055 3827 celeritate
2087 3773 2420 3841 superabat:
2449 3770 2555 3835 vel,
2597 3780 2656 3825 ut
2689 3771 2893 3826 rectius
2935 3771 3148 3839 loquar,
3177 3769 3344 3840 202

1780 3863 2085 3934 ingeniosos
2134 3865 2372 3932 ingenio,
2431 3872 2487 3918 et
2543 3863 2848 3918 laboriosos
2903 3863 3109 3926 studio,
3145 3870 3201 3915 et
3246 3875 3344 3916 eos

1780 3956 1872 4026 qui
1927 3966 2156 4026 utraque
2193 3972 2268 4020 _re
2324 3956 2632 4026 pollebant,
2686 3966 2914 4024 utraque
2971 3953 3345 4024 pra-callebat.

1778 4048 1956 4116 Atque
1996 4062 2060 4100 ex
2097 4048 2392 4115 geometria
2423 4048 2676 4116 quidem,
2712 4054 2767 4099 et
2796 4045 3146 4109 astronomia,
3173 4055 3228 4098 et
3255 4044 3349 4098 do-

1781 4139 1956 4192 Ctrina
2002 4137 2122 4193 aliis
2157 4139 2482 4208 periculosa,
2521 4154 2664 4202 cum,
2720 4130 2979 4206 quidquid
3037 4135 3168 4188 utile
3201 4145 3345 4199 erat,

1781 4229 2108 4300 collegisset,
2177 4231 2280 4285 hoc
2323 4240 2427 4295 est,
2481 4240 2538 4284 ut
2581 4246 2646 4283 ex
2701 4244 2985 4298 corporum
3039 4228 3342 4283 caelestium

1782 4332 2052 4376 concentu
2106 4329 2268 4389 atque
2321 4321 2510 4376 ordine
2574 4319 2885 4374 Creatorem
2955 4318 3341 4382 admiraretur,

131 4232 299 4305 ταύτης
334 4236 624 4306 διέφυγενο
659 4236 720 4289 οὐ
764 4238 831 4306 τῇ
857 4235 997 4305 φορᾷ
1024 4233 1131 4286 τῶν
1175 4233 1387 4303 ἄστρων
1408 4231 1580 4294 διδοὺς
1611 4229 1682 4284 τὰ

131 4324 232 4378 ὅντα
259 4329 348 4380 xui
372 4329 444 4382 τὰ
472 4328 757 4399 γινόμενα,
805 4326 879 4391 ὡς
910 4327 958 4379 οί
1014 4325 1112 4397 τὴν
1142 4321 1428 4396 ὁμόδουλον
1469 4324 1680 4386 ἑαυτοῖς

134 4416 220 4486 (34')
255 4420 424 4474 κτίσιν
460 4420 854 4482 ἐπανιστάντες
893 4417 972 4489 τῷ
1021 4417 1289 4483 κτίσαντι,
1330 4413 1449 4486 Θεῷ
1485 4413 1540 4466 δὲ
1589 4414 1671 4466 xui

1783 4413 2045 4482 quidquid
2075 4413 2295 4467 noxium
2327 4421 2381 4465 et
2421 4412 2708 4465 exitiosum
2739 4419 2879 4473 erat,
2913 4409 3094 4477 ell'ugit
3116 4425 3130 4473 ;
3154 4422 3345 4476 nempe

131 4510 268 4564 τᾶλλα
289 4513 485 4579 πάντα,
515 4513 708 4584 ὥσπερ
734 4511 898 4576 εἰκὸς,
925 4507 1215 4572 ἀνατιθεὶς,
1246 4510 1340 4561 xui
1353 4507 1452 4576 τὴν
1478 4503 1671 4558 τούτων

1785 4521 1847 4561 ea
1875 4521 1995 4576 quae
2017 4516 2164 4571 sunt,
2197 4519 2260 4558 ac
2294 4503 2450 4566 ﬁunt,
2471 4503 2535 4555 ad
2558 4501 2794 4556 siderum
2836 4510 3040 4553 motum
3065 4499 3346 4566 haudqua-

133 4600 332 4672 κίνησιν·
368 4605 628 4676 ἀριθμῶν
667 4603 722 4656 δὲ
751 4603 845 4656 xui
889 4600 1184 4672 λογισμῶν,
1216 4599 1311 4653 xui
1341 4598 1438 4668 τῆς
1465 4596 1671 4667 θαυμα-

1781 4613 1943 4668 quam
1994 4597 2256 4659 referens,
2312 4591 2761 4662 quemadmodum
2820 4590 2854 4644 ii
2894 4591 2983 4659 qui
3027 4602 3346 4644 conservam

132 4692 229 4757 σίας
255 4673 524 4768 ἰατρικῆς,
563 4698 662 4766 ὅση
692 4694 760 4749 τὰ
787 4693 913 4766 περὶ
944 4693 1154 4762 φύσεις,
1183 4691 1278 4744 xui.
1305 4689 1547 4761 κράσεις,
1586 4687 1671 4739 xui

1781 4700 1930 4739 suam
1985 4692 2290 4737 creaturam
2347 4682 2607 4732 adversus
2658 4676 2975 4730 Creatorem
3029 4673 3341 4740 concitant;

130 4785 208 4849 τὰς
225 4790 388 4861 ἀρχὰς
412 4790 525 4844 τῶν
545 4790 867 4861 νοσημάτων
892 4788 1186 4857 φιλοσοφεῖ,
1205 4783 1344 4838 ὥστε
1360 4786 1480 4846 ταῖς
1508 4781 1671 4854 ῥίζαις

1784 4791 1990 4838 verum,
2034 4774 2230 4828 utalia
2279 4771 2480 4834 omnia,
2516 4769 2596 4824 sic
2643 4784 2830 4824 eorum
2875 4783 3088 4837 quoque
3119 4775 3346 4831 motum,

129 4879 527 4952 ἁναιρουμέναις
562 4882 948 4934 συνεκκόπτειν
981 4877 1164 4932 καὶτὰ
1192 4877 1567 4947 βλαστήματα,
1599 4878 1671 4936 τίς

1787 4881 1846 4924 ιιι
1873 4884 1971 4938 par
1997 4876 2099 4930 est,
2135 4867 2330 4921 divinae
2371 4861 2721 4933 providentiae
2775 4861 3100 4914 attribuens.
3149 4859 3206 4912 lu
3258 4874 3352 4911 nu-

131 4949 276 5035 οὕτως
318 4949 543 5044 ἀμαθὴς
583 4973 617 5043 ἢ
676 4972 995 5041 φιλόνεικος,
1031 4969 1107 5034 ὡς
1140 4969 1333 5038 ἐκείνῳ
1381 4965 1563 5019 δοῦναι
1618 4963 1671 5017 τό

1786 4963 1951 5016 meris
2005 4969 2191 5014 autem
2224 4968 2280 5014 et
2335 4953 2825 5025 supputationibus,
2855 4962 3016 5021 atque
3039 4965 3102 5004 ea
3134 4949 3348 5003 eximia:

88 5111 96 5122 .
129 5058 485 5133 δεύτερα,-καὶ
523 5064 606 5136 μὴ
631 5063 868 5134 ἀγαπᾷν,
897 5064 944 5115 εί
985 5063 1101 5134 μετ’
1135 5061 1339 5113 ἐκεῖνον
1383 5057 1544 5121 εὐθὺς
1567 5057 1671 5126 ἀρι-

1789 5055 1926 5109 artis
1967 5052 2189 5108 medica
2227 5058 2402 5120 parte,
2451 5061 2570 5116 quze
2615 5046 2668 5099 in
2722 5044 2929 5096 naturis
2983 5057 3047 5095 ac
3085 5050 3350 5108 tempera-

1855 5275 1969 5347 (80)
2004 5274 2344 5347 Προσέθηκε
2366 5272 2594 5347 πλείοις,
2620 5269 2728 5324 Jes.
2761 5267 3064 5347 προσέθηκε
3087 5267 3278 5347 πλέον.

1858 5337 1970 5416 (81)
2009 5337 2209 5399 καίτοι
2231 5337 2318 5414 πίε,
2350 5354 2452 5396 etc.
2481 5342 2684 5404 Billitts,
2705 5360 2744 5416 _r
2781 5337 3025 5416 quamvis
3053 5337 3248 5416 alioqui
3282 5337 3352 5416 ob

1788 5409 1963 5487 ipsius
2005 5409 2423 5486 magnitudinem
2455 5427 2641 5466 omnes
2664 5409 2880 5465 obscuri
2905 5418 3063 5478 atque
3097 5409 3350 5476 incogniti

1787 5498 1985 5544 essent.
2026 5505 2044 5537 Ι

1867 5557 1976 5628 (89.)
2012 5551 2648 5628 Γινωριμότεροςχοτηι
2665 5566 2875 5628 ,_vapt
2879 5547 3020 5619 μώτε
3028 5564 3139 5628 ρος.

1865 5618 1976 5698 (83)
2014 5618 2175 5698 Κατᾶ
2201 5618 2437 5698 ﬂngij
2467 5621 2708 5698 (iornbef.
2742 5618 2890 5698 παρὰ
2924 5618 3137 5698 μικρόν.

1867 5681 2321 5767 (“llam-07¢:
2360 5695 2448 5750 Sic
2487 5693 2650 5763 Regg.
2697 5707 2748 5756 a,
2793 5681 3110 5758 ιιίιι,ὐι·.’1,
3146 5695 3198 5743 et
3236 5681 3352 5742 Jes.

1795 5765 1956 5832 Editi,
1991 5765 2203 5837 ἑαυτῆς.
2533 5785 2535 5788 ί

186 5284 288 5352 (75)
327 5286 437 5339 Καὶ
470 5283 918 5353 παιδευθέντες.
951 5285 1111 5340 Deest
1141 5285 1193 5337 in
1220 5283 1350 5353 Reg.
1380 5299 1429 5339 a.

187 5351 288 5427 (76)
337 5357 435 5427 Ἐν
472 5351 572 5422 οἷς
601 5351 952 5427 ἐκεῖνοςειιιι
993 5355 1125 5427 Reg.
1153 5356 1245 5427 lin,
1280 5351 1441 5409 Coisl.
1480 5355 1504 5408 1
1545 5363 1596 5408 et
1621 5353 1679 5419 2,

129 5420 205 5479 0r.
230 5420 279 5486 1,
300 5426 506 5494 aliique
536 5420 735 5494 plures.
764 5420 900 5480 Edit.
931 5427 987 5478 ὲν
1017 5420 1100 5486 οἷς
1134 5426 1380 5488 ἐκείνοις.

129 5495 824 5618 ινξέεξκέἶγλιιιταιιείινας.
856 5496 988 5604 'l‘res
1020 5495 1210 5566 ltegg.,
1234 5503 1342 5549 tres
1374 5493 1547 5560 Colb.,
1577 5503 1682 5549 etc.

157 5582 392 5631 μμεινας.
865 5594 875 5604 ·

154 5582 409 5704 aii
429 5638 522 5694 δέ.
553 5638 648 5694 οε.
683 5639 737 5701 ι,
758 5639 809 5692 τι
833 5594 939 5693 ait.
969 5635 1024 5690 In
1048 5635 1174 5691 edit.
1207 5637 1355 5691 deest
1375 5634 1453 5688 δέ.

332 5711 600 5764 Μαλλον
623 5709 907 5783 ἀπέφυγε.
958 5706 1088 5778 Reg.
1134 5706 1244 5774 bm,
1281 5705 1390 5762 .les.
1447 5704 1690 5778 ἀπέφυγε

136 5789 334 5845 μαλλον.
489 5826 496 5831 .
