3844 6390
149 393 228 451 765

903 373 1162 432 ORATIO
1199 371 1314 428 VII.
1355 403 1427 415 —
1458 369 1527 427 IN
1565 366 1847 426 LAUDEM
1884 359 2184 426 CAESARI!
2217 359 2536 440 FR'ATRlS.

3234 349 3342 409 766

201 509 262 562 8'.
294 498 412 572 Φέρε
442 494 572 582 μηδὲ
599 495 758 549 τοῦτο
795 497 902 550 τῶν
924 497 1230 567 Καισαρίου
1263 493 1446 550 καλῶν
1469 495 1674 567 παρέλ-

1845 491 1936 546 ιχ.
1968 492 2102 561 Age,
2148 504 2217 544 ne
2262 488 2403 542 hanc
2438 483 2656 554 quidem
2693 477 2921 536 Caesari!
2956 476 3168 532 laudem
3202 489 3346 544 prae-

147 604 309 670 θωμεν,
335 591 361 645 ὃ
385 591 489 651 τοῖς
519 589 615 657 μὲν
639 587 817 651 ἄλλοις
846 587 982 652 ἴσως
1011 588 1224 659 μικρὸν,
1259 588 1352 640 καὶ
1379 587 1498 640 οὐδὲ
1533 587 1667 657 μνήο

151 709 232 765 μης
255 688 404 754 ἄξιον,
433 681 553 752 ἐμοὶ
579 681 636 733 δὲ
659 681 751 734 κοιλ⁸
771 680 892 734 τότε
927 681 1020 734 καὶ
1049 679 1144 735 νῦν
1183 679 1436 750 μέγιστον
1466 678 1663 745 ἔδοξεν,

147 785 269 853 εἴπερ
297 777 393 831 τῶν
415 773 710 825 ἐπαινετῶν
749 773 782 842 ἡ
812 772 1152 841 φιλαδελφία,
1179 771 1274 824 καὶ
1299 772 1358 824 οὐ
1389 769 1667 840 παύσομαι

149 872 281 932 τιθεὶς
305 872 355 920 ἐν
385 862 634 935 πρώτοις,
659 864 847 927 ὁσάκις
870 865 936 918 ἂν
965 863 1033 917 τὰ
1066 863 1275 916 ἐκείνου
1307 860 1664 932 ὲκδιηγῶμαι.

147 963 334 1030 Κατεῖχε
365 956 456 1028 μὲν
485 955 644 1008 αὐτὴν
675 950 762 1019 αἷς
787 952 940 1009 εἷπον
965 958 1151 1026 τιμαῖς
1179 957 1210 1025 ἠ
1251 955 1423 1019 πόλις,
1448 955 1538 1007 καὶ
1559 953 1666 1006 οὐδ’

149 1059 200 1111 ἂν
223 1053 328 1106 εἴτι
351 1047 452 1117 (96)
479 1047 688 1115 γένοιτο
728 1047 982 1116 μεθήσειν
1009 1046 1243 1114 ἔφασκεν
1268 1060 1281 1073 ·
1310 1042 1420 1112 ἐγὼ
1450 1043 1506 1096 δὲ
1543 1043 1672 1097 ἀνθ-

149 1149 284 1202 ἐλκων
316 1142 516 1210 ῖσχυσα.
561 1140 589 1190 ό
631 1137 810 1191 πάντα
840 1137 1128 1207 Καισαρίῳ
1160 1135 1324 1198 πολὺς
1353 1135 1448 1189 καὶ
1471 1135 1665 1204 τίμιος,

149 1235 336 1294 καὶτοῖς
353 1228 558 1298 γονεῦσι
589 1228 686 1298 τὴν
709 1228 874 1298 εὐχὴν
903 1226 1207 1296 πληρῶσαι,
1239 1225 1332 1278 καὶ
1356 1227 1422 1294 τῇ
1451 1222 1668 1294 πατρίδι

149 1331 194 1382 τὸ
211 1324 364 1397 χρέος,
395 1319 484 1373 καὶ
527 1318 749 1389 ἐμαυτῷ
797 1319 889 1371 τὸν
940 1318 1130 1371 πόθον·
1189 1315 1370 1371 λαϐὼν
1420 1316 1518 1386 τῆς
1550 1313 1667 1367 ὁδοῦ

147 1414 354 1473 κοινωνὸν
379 1412 466 1464 καὶ
489 1411 846 1480 συνέμπορον,
878 1409 971 1462 καὶ
997 1407 1352 1480 προτιμηθεὶς
1376 1408 1434 1460 οὐ
1463 1405 1670 1459 πόλεων

148 1511 220 1563 καὶ
242 1507 406 1575 δήμων
455 1502 633 1571 μόνον,
669 1502 788 1555 οὐδὲ
831 1501 1004 1572 τιμῶν
1035 1502 1128 1554 καὶ
1156 1503 1358 1572 πόρων,
1399 1502 1449 1554 οἳ
1488 1501 1671 1553 πολλοὶ

147 1605 218 1657 καὶ
243 1595 542 1666 πολλαχόθεν
568 1595 617 1647 οἱ
655 1594 753 1665 μὲν
779 1594 1066 1665 συνέρρεον
1103 1593 1314 1663 ἐκείνῳ,
1351 1595 1397 1646 οἱ
1431 1593 1487 1645 δὲ
1517 1592 1672 1662 ἠλπί-

149 1696 288 1759 ζοντο,
339 1688 466 1743 ἀλλὰ
527 1687 623 1740 καὶ
679 1686 842 1740 αὑτοῦ
885 1684 1148 1756 βασιλέως
1192 1685 1398 1755 σχεδὸν,
1441 1684 1672 1740 καὶτῶν

147 1784 315 1839 ἐκεῖθεν
344 1778 725 1850 ἐπιταγμάτων
763 1779 892 1848 (97).
939 1776 1216 1830 Ἐντεῦθεν
1242 1775 1352 1845 ἐγὼ
1389 1777 1486 1847 μὲν
1527 1775 1674 1846 φιλο-

1773 597 2072 644 tereamus,
2125 595 2265 650 qua,
2310 577 2564 647 quamvis
2609 573 2839 628 aliorum
2890 569 3098 637 judicio
3149 567 3344 634 exigua

1774 676 2025 739 fortasse,
2059 687 2123 726 ac
2153 685 2220 725 ne
2251 664 2777 723 commemoratione
2819 661 3038 731 quidem
3069 658 3228 728 digna
3251 656 3344 717 sit,

1775 769 1905 825 mibi
1947 779 2126 822 tamen
2161 763 2416 824 maxima,
2453 768 2508 814 et
2535 767 2665 812 tunc
2689 759 2805 810 visa
2835 761 2939 816 est,
2972 760 3026 806 et
3047 762 3192 805 nunc
3216 748 3346 801 item

1773 861 2010 924 videtur,
2041 858 2085 912 si
2122 855 2280 910 modo
2325 853 2599 909 fraternus
2647 862 2800 902 amor
2846 843 3055 898 laudem
3088 847 3346 899 meretur,

1777 967 1954 1022 neque
1975 963 2210 1019 unquam
2229 962 2348 1002 eam
2379 945 2521 998 inter
2544 941 2748 1012 primas
2783 936 3052 991 collocare
3080 932 3348 995 desinam,

1777 1021 1990 1112 quoties
2028 1039 2160 1094 mihi
2195 1038 2262 1091 de
2297 1036 2443 1089 illius
2483 1033 2645 1086 rebus
2673 1027 2912 1082 narratio
2944 1026 3192 1078 instituta
3229 1021 3348 1074 l'ue-

1779 1135 1869 1190 rit.
1904 1133 2038 1187 Nam
2065 1147 2189 1186 cum
2219 1129 2438 1190 civitas,
2467 1126 2552 1188 iis,
2585 1137 2720 1192 quos
2755 1121 3016 1181 diximus,
3051 1114 3350 1169 honoribus

1777 1242 1900 1284 eum
1952 1226 2230 1288 retineret,
2279 1228 2615 1292 negaretque
2659 1230 2717 1270 se
2761 1213 2835 1268 illi
2881 1211 2984 1266 ulla
3018 1210 3224 1264 ratione
3250 1220 3350 1275 po-

1780 1329 2028 1377 testatem
2075 1313 2386 1371 discedendi
2456 1311 2745 1370 facturam,
2791 1319 2890 1373 ego
2939 1313 3150 1366 tamen,
3197 1298 3350 1366 cujus

1779 1409 2164 1466 auctoritatem
2213 1402 2481 1459 Caesarius
2525 1400 2576 1453 in
2618 1397 2872 1452 omnibus
2925 1394 3087 1448 rebus
3132 1388 3351 1460 plurimi

1779 1502 2031 1565 faciebat,
2061 1499 2115 1552 in
2169 1494 2506 1551 contrarium
2547 1491 2747 1556 nitens,
2783 1490 2884 1542 hoc
2929 1501 3046 1540 sum
3089 1496 3354 1538 consecu-

1780 1604 1890 1659 tus,
1913 1599 1973 1645 ut
1998 1605 2096 1644 nec
2127 1596 2381 1658 parentes
2412 1594 2537 1638 voto
2559 1597 2682 1645 suo,
2712 1594 2812 1634 nec
2847 1578 3020 1650 patria
3043 1576 3224 1631 debito
3250 1573 3354 1628 sibi

1779 1685 1977 1750 otlicio,
2020 1697 2119 1736 nec
2162 1679 2397 1747 denique
2425 1689 2532 1745 ego
2579 1673 2846 1728 desiderio
2884 1683 3003 1724 meo
3040 1667 3354 1721 frustrarer.

1782 1776 1996 1832 Itineris
2017 1773 2160 1827 enim
2203 1770 2408 1824 socium
2433 1767 2797 1834 comitemque
2823 1777 2882 1818 se
2917 1761 3047 1815 mihi
3085 1756 3353 1827 adjunxit;

150 1878 296 1944 σοφείν
324 1847 560 1939 διέγνων,
593 1871 688 1923 καὶ
728 1847 863 1942 πρὸς
889 1867 979 1922 τὸν
1005 1868 1117 1922 ἄνω
1148 1866 1262 1936 βίον
1287 1866 1675 1938 μεθαρμοσθῆ-

1793 1879 1970 1935 neque
2009 1878 2115 1918 non
2154 1860 2378 1914 urbibus
2405 1857 2575 1911 solum
2624 1865 2680 1910 et
2715 1853 2945 1923 populis,
2983 1865 3089 1905 non
3137 1847 3357 1902 honori-

148 1986 233 2028 ναι,
259 1965 431 2033 ὥσπερ
455 1963 579 2014 τινὰ
598 1961 765 2032 βαρὺν
786 1959 1052 2031 δεσπότην
1087 1960 1182 2013 καὶ
1204 1958 1546 2031 ἀρρώστημα
1577 1977 1678 2030 χα-

148 2059 296 2116 λεπὸν,
322 2057 492 2109 πᾶσαν
524 2053 832 2123 φιλοτιμίαν
873 2051 1304 2122 ἀποσεισάμενος
1329 2070 1343 2083 ·
1394 2053 1592 2123 μᾶλλον
1625 2051 1682 2104 δὲ

147 2151 269 2221 ὁμὲν
300 2148 453 2210 πόθος
488 2142 878 2216 πρεσϐύτερος,
911 2143 940 2194 ὁ
968 2141 1023 2195 δὲ
1069 2141 1182 2212 βίος
1211 2140 1436 2212 ὕστερος
1456 2159 1470 2172 υ
1502 2143 1594 2196 τὸν
1625 2141 1682 2194 δὲ

147 2244 200 2296 τὰ
226 2240 396 2311 πρῶτα
436 2238 536 2306 τῆς
571 2233 904 2297 παιδεύσεως
939 2232 1205 2286 ἀναθέντα
1243 2235 1308 2303 τῇ
1351 2232 1544 2285 ἑαυτοῦ
1581 2250 1684 2284 πα-

145 2330 273 2401 τρίδι,
301 2329 387 2381 καὶ
420 2324 804 2396 θαυμασθέντα
831 2321 940 2376 τῶν
970 2322 1148 2374 πόνων
1181 2321 1366 2388 ἀξίως,
1398 2322 1534 2391 μετά
1560 2320 1683 2374 τοῦ-

146 2438 192 2474 ro
209 2420 343 2488 δόξης
370 2416 524 2470 ἐπιθυ
535 2418 634 2488 μία
667 2416 762 2470 καί¹
792 2414 886 2469 τοῦ
920 2413 1307 2484 προστατεύειν
1335 2415 1444 2483 (98)
1467 2415 1566 2485 τῆς
1591 2415 1686 2468 πό-

145 2510 269 2573 λεως.
297 2510 366 2571 ὡς
398 2508 497 2578 ἐμέ
529 2524 596 2576 γε
635 2505 941 2569 συνέπειθε,
971 2507 1082 2568 τοῖς
1124 2504 1414 2574 βασιλείοις
1449 2505 1684 2571 δίδωσιν,

147 2603 192 2655 οὐ
236 2601 359 2654 πάνυ
399 2599 496 2670 μὲν
528 2601 665 2670 ἡμῖν
713 2597 843 2666 φίλα
894 2595 1174 2663 ποιοῦντα,
1225 2597 1318 2650 καὶ
1358 2595 1499 2650 κατὰ
1549 2596 1688 2666 γνώ-

147 2692 382 2762 μην(99>·
420 2691 515 2744 καὶ
569 2689 674 2760 γὰρ
724 2688 1139 2759 ἀπολογήσομαι
1200 2689 1335 2761 πρὸς
1389 2689 1554 2759 ὑμᾶς,
1604 2691 1688 2743 ὅτι

145 2781 392 2835 πολλοστὸν
433 2780 692 2851 τετάχθαι
735 2781 886 2851 παρά
929 2779 1050 2850 Θεῷ
1083 2783 1328 2852 κρεῖττον
1359 2776 1496 2833 εἶναι
1543 2783 1690 2834 δοκεῖ

133 2887 189 2926 ’τε
220 2874 284 2943 (l)
323 2873 413 2927 καὶ
456 2873 790 2944 ὑψηλότερον
830 2873 862 2943 ἣ
899 2872 1050 2944 παρά
1097 2872 1172 2942 τῷ
1210 2873 1359 2925 κάτω
1390 2871 1598 2942 βασιλεῖ
1622 2873 1690 2927 τὰ

145 2965 300 3036 πρῶτα
322 2964 612 3036 φέρεσθαι,
652 2964 711 3017 οὐ
772 2963 877 3036 μὴν
907 2964 1055 3028 ἄξιὸς
1081 2962 1158 3033 (2)
1195 2979 1260 3031 γε
1289 2962 1567 3034 μέμψεως.
1603 2965 1693 3016 Φι-

145 3059 351 3127 λοσοφεῖν
387 3059 484 3129 μὲν
515 3057 630 3130 γὰρ
668 3058 778 3126 ὅσῳ
811 3057 1088 3127 μέγιστον,
1128 3055 1366 3127 τοσούτῳ
1415 3058 1509 3110 καὶ
1535 3057 1692 3126 χαλε-

142 3149 370 3213 πώτατον,
403 3151 498 3202 καὶ
521 3150 589 3202 οὐ
615 3147 826 3202 πολλῶν
855 3149 914 3201 τὸ
943 3148 1271 3219 ἐγχείρημα,
1307 3148 1415 3201 οὐδ’
1450 3148 1626 3201 ἄλλων
1656 3148 1688 3219 ἢ

1782 1959 1882 2012 bus
1905 1963 1957 2009 et
1984 1951 2356 2022 proventibus,
2390 1949 2480 2017 qui
2511 1945 2660 2000 mnlti
2696 1945 2762 1998 ad
2792 1959 2913 1998 eum
2959 1941 3194 2009 undique
3231 1953 3359 2008 par-

1785 2043 1880 2096 tim
1911 2038 2276 2102 conﬂuehant,
2315 2037 2514 2106 partim
2551 2035 2604 2087 in
2636 2047 2733 2100 spe
2760 2040 2919 2100 atque
2955 2030 3358 2098 exspectatione

1785 2144 1964 2199 erant,
1997 2147 2185 2187 verum
2226 2129 2615 2201 propemodum
2652 2125 2753 2192 ipsi
2793 2137 3012 2193 quoque
3043 2120 3357 2189 imperatori

1782 2229 2006 2298 ejusque
2030 2224 2200 2293 jussis
2247 2221 2578 2287 anteposuit.
2621 2216 2758 2272 Hinc
2799 2229 2919 2284 ego,
2948 2227 3177 2269 excussa
3207 2210 3360 2265 outni

1787 2319 2106 2380 ambitione,
2142 2332 2248 2369 non
2282 2330 2440 2368 secus
2483 2327 2548 2365 ac
2580 2309 2732 2378 gravi
2762 2307 2996 2377 quodam
3027 2305 3267 2368 domino,
3305 2310 3360 2357 et

1786 2404 2023 2459 molesto
2067 2402 2293 2465 morbo,
2347 2395 2751 2468 philosophari,
2795 2403 2957 2460 atque
3001 2390 3068 2444 ad
3116 2400 3361 2456 superna:

1786 2499 1912 2556 vita:
1961 2497 2202 2552 studium
2246 2493 2512 2561 meipsum
2565 2487 2866 2542 transferre
2927 2481 3222 2547 constitui;
3273 2479 3361 2534 vel

1791 2587 1972 2657 potius
2023 2583 2301 2653 antiquior
2347 2580 2564 2648 quidem
2616 2575 2886 2644 cupiditas
2934 2572 3068 2638 fuit,
3113 2571 3219 2623 vita
3266 2583 3362 2622 au-

1789 2690 1897 2734 tem
1941 2676 2232 2754 posterior.
2304 2673 2375 2726 At
2423 2685 2550 2726 vero
2600 2667 2895 2728 Caesarius,
2935 2679 3057 2719 cum
3101 2661 3363 2718 doctrina.-

1789 2787 1900 2827 suae
1953 2757 2224 2840 primitias
2281 2765 2481 2837 patriae
2551 2765 2965 2823 consecrasset,
3036 2755 3363 2825 dignamque

1791 2864 2066 2919 laboribus
2111 2860 2527 2918 admirationem
2577 2857 2658 2911 sui
2701 2851 3119 2913 commovisset,
3174 2856 3362 2917 postea

1791 2957 1976 3028 gloria:
2008 2956 2306 3026 cupiditate
2342 2953 2557 3014 ductus,
2593 2946 2756 3019 204
2781 2957 2966 3015 atque,
2995 2953 3052 2996 ut
3084 2941 3215 2995 mihi
3245 2941 3364 3010 quia

1793 3051 1914 3104 dem
1948 3048 2108 3103 fidem
2137 3045 2390 3109 faciebat,
2421 3057 2528 3112 quo
2555 3042 2672 3095 urbi
2704 3038 2954 3108 prtesidio
2983 3043 3146 3101 esset,
3177 3035 3229 3088 in
3264 3048 3363 3086 au-

1796 3141 1900 3194 lam
1933 3155 1992 3194 se
2023 3137 2275 3202 contulit,
2303 3151 2408 3189 non
2444 3133 2532 3188 ille
2565 3145 2714 3197 sane,
2745 3143 2865 3184 meo
2900 3127 3114 3197 quidem
3138 3123 3362 3192 judicio,

143 3241 228 3293 τῶν
256 3242 350 3293 ὑπὸ
378 3244 476 3312 τῆς
513 3241 667 3302 θείας
695 3239 1155 3310 προκεκλημένων
1195 3238 1271 3309 (5)
1319 3217 1681 3309 μεγαλονοίαςς

1797 3249 1906 3286 rem
1942 3230 2228 3284 admodum
2285 3236 2494 3295 gratam
2558 3223 2713 3278 nobis
2773 3220 2983 3275 faciens
3019 3220 3160 3288 (non
3218 3217 3362 3270 enim

144 3332 170 3401 ἠ
193 3335 285 3394 τοῖς
308 3331 717 3403 προῃρημένοις
749 3330 823 3399 (4)
861 3329 1041 3392 καλῶς
1067 3331 1223 3400 χεῖρα
1249 3327 1492 3381 δίδωσιν·
1515 3329 1575 3380 οὐ
1607 3347 1696 3398 μισ

144 3424 247 3493 κρὸν
272 3423 322 3476 δὲ
353 3423 404 3475 εἴ
429 3441 535 3487 τις,
561 3422 654 3475 τὸν
678 3421 929 3492 δεύτερον
961 3423 1408 3493 προστησάμενος
1443 3421 1576 3490 βίον,
1604 3438 1698 3473 κα-

142 3515 437 3585 λοκάγαθίας
486 3519 858 3588 μεταποιοῖτο,
901 3516 995 3567 καὶ
1040 3513 1210 3566 πλείω
1237 3513 1393 3582 λόγον
1421 3513 1532 3582 ἔχοι
1561 3513 1694 3566 Θεοῦ

144 3611 216 3662 καὶ
241 3609 333 3678 τῆς
362 3609 564 3664 ἑαυτοῦ
606 3609 875 3680 σωτηρίας
915 3608 947 3678 ἦ
975 3607 1074 3676 τῆς
1105 3607 1255 3660 κάτω
1279 3606 1690 3677 λαμπρότητος·

142 3705 214 3756 καὶ
241 3705 328 3775 τὴν
358 3705 457 3776 μὲν
499 3705 582 3773 (5)
613 3703 687 3766 ὡς
727 3703 932 3774 σκηνὴν
957 3700 1332 3772 προϐάλλοιτο,
1375 3701 1408 3770 ἦ
1437 3718 1489 3753 τι
1525 3717 1694 3770 προσ-

142 3797 304 3846 ωπεῖον
341 3795 450 3848 τῶν
486 3793 700 3848 πολλῶν
739 3794 831 3845 καὶ
861 3790 1229 3863 προσκαίρων,
1264 3789 1324 3842 τὸ
1364 3789 1456 3842 τοῦ
1488 3790 1690 3858 κόσμου

139 3884 296 3938 τούτου
321 3885 506 3957 δρᾶμα
548 3885 992 3953 ὑποκρινόμενος,
1015 3881 1177 3944 αὐτὸς
1206 3880 1262 3932 δὲ
1292 3879 1419 3949 ζῲοι
1449 3879 1565 3949 Θεῷ
1601 3897 1696 3949 με·

140 3975 193 4027 τὰ
222 3977 308 4048 τῆς
329 3978 561 4043 εἰκόνος,
593 3978 658 4047 ἣν
683 3971 789 4028 οἶδε
820 3975 949 4044 παρ’
971 3973 1181 4026 ἐκείνου
1219 3973 1398 4026 λαϐὼν
1430 3973 1524 4026 καὶ
1551 3973 1696 4041 ὀφεί-

138 4065 223 4120 λων
255 4068 326 4140 τῷ
351 4069 646 4122 δεδωκότιο
681 4067 816 4135 ὅπερ
846 4064 1035 4134 ἀμέλει
1083 4063 1178 4116 καὶ
1225 4063 1530 4134 Καισάριον
1579 4061 1696 4114 δια-

140 4160 369 4230 νοηθέντα
403 4161 772 4231 γινώσκομεν.

1794 3323 1933 3392 apud
1976 3337 2072 3375 vos
2118 3319 2417 3385 diffitebor},
2459 3315 2604 3369 inter
2645 3323 2949 3384 postremos
2998 3309 3139 3380 apud
3198 3305 3362 3362 Deum

1796 3416 2028 3481 censeri,
2063 3414 2236 3469 satius
2278 3421 2331 3465 et
2373 3408 2655 3464 sublimius
2684 3403 2832 3469 esse,
2865 3418 3026 3472 quam
3074 3400 3214 3471 apud
3256 3408 3364 3454 ter-

1794 3524 1981 3563 renum
2032 3508 2410 3574 imperatorem
2483 3501 2689 3570 primas
2749 3497 2952 3566 ferre),
3019 3510 3125 3548 non
3181 3501 3364 3548 tamen

1794 3598 2212 3669 reprehensione
2290 3593 2531 3664 dignam.
2614 3588 2992 3658 Philosophari
3062 3586 3242 3649 enim,
3308 3591 3364 3638 ut

1793 3695 2111 3754 maximum,
2136 3690 2205 3742 ita
2231 3688 2396 3742 etiam
2420 3684 2796 3739 difficillimum
2814 3693 2921 3744 est,
2954 3695 3054 3735 nec
3074 3679 3127 3734 id
3147 3679 3362 3748 aggredi

1793 3785 2081 3837 multorum
2110 3791 2230 3845 est;
2257 3794 2353 3834 nec
2383 3778 2636 3839 aliorum,
2655 3791 2816 3844 qttam
2847 3788 2984 3844 quos
3006 3773 3186 3826 divina
3210 3787 3362 3824 men-

1794 3877 1862 3931 tis
1890 3873 2219 3940 magnitudo,
2251 3863 2371 3941 q'uze
2407 3870 2590 3938 probae
2619 3869 2898 3923 hominum
2950 3865 3214 3919 voluntati
3249 3880 3361 3916 ma-

1792 3984 1916 4022 nnm
1976 3966 2252 4035 porrigere
2305 3964 2465 4028 solet,
2495 3962 2804 4017 advocavit.
2855 3959 2968 4014 Non
3016 3973 3238 4026 parvum
3273 3970 3366 4008 au-

1797 4073 1900 4115 tem
1936 4061 2038 4114 hoc
2067 4073 2281 4129 quoque
2303 4057 2679 4113 aestimandum
2707 4064 2812 4120 est,
2847 4054 2891 4108 si
2917 4053 3040 4122 quis
3071 4049 3365 4107 secundum

1795 4157 1917 4205 vitae
1956 4167 2121 4220 genus
2151 4151 2484 4220 complexus,
2517 4147 2774 4218 probitati
2825 4147 3059 4207 studeat,
3097 4158 3161 4198 ac
3194 4141 3368 4210 majo-

139 4267 228 4306 rem
280 4256 366 4310 Dei
426 4256 734 4323 salutisque
788 4269 932 4322 suae,
977 4268 1138 4324 quam
1197 4249 1396 4334 terreni
1448 4247 1787 4319 splendoris,
1830 4249 2094 4302 rationem
2145 4247 2376 4312 habeat;
2427 4256 2585 4314 atque
2642 4244 2786 4297 hunc
2842 4241 3056 4312 quidem
3114 4249 3366 4306 tanquam

137 4361 345 4412 scenam,
392 4361 488 4403 aut
529 4365 814 4419 personam
883 4349 1168 4418 quamdam
1235 4362 1300 4400 ex
1359 4333 1546 4410 multis.
1593 4353 1648 4399 et
1691 4345 1911 4399 caducis
1958 4344 2226 4413 prmferat,
2269 4343 2427 4411 hujus
2479 4340 2663 4395 mundi
2725 4337 2961 4393 fabulam
3021 4349 3208 4405 agens,
3249 4333 3366 4402 ipse

135 4449 283 4492 autem
307 4441 414 4494 Deo
443 4457 572 4494 eum
610 4441 868 4508 imagine.
905 4456 1066 4509 quam
1097 4455 1154 4493 se
1184 4437 1250 4490 ab
1311 4451 1376 4490 eo
1440 4439 1733 4505 accepisse,
1774 4438 1932 4505 eique
1982 4436 2179 4491 debere
2208 4427 2385 4501 novif,
2409 4435 2572 4487 vitam
2604 4433 2786 4486 ducat.
2808 4433 2975 4496 Quem
3006 4427 3223 4498 quidem
3262 4426 3369 4480 sci-

135 4530 237 4585 licet
275 4537 512 4589 animum
593 4536 829 4589 Cmsario
893 4535 1058 4590 fuisse
1111 4545 1446 4603 compertum
1511 4535 1815 4587 habemus..

190 4628 238 4680 I’.
274 4630 542 4684 Τάττεται
602 4631 698 4701 μὲν
747 4630 854 4702 γὰρ
890 4630 988 4700 τὴν
1017 4628 1240 4701 πρώτην
1287 4631 1344 4681 ἐν
1374 4631 1576 4699 ἰατροῖς
1608 4627 1681 4680 τά·

1868 4626 1936 4681 X.
1975 4625 2108 4678 Nam
2142 4637 2262 4677 eum
2306 4636 2409 4675 non
2450 4632 2643 4689 magno
2691 4615 2904 4685 negotio
2930 4628 2992 4667 ac
3023 4611 3205 4666 labore
3232 4623 3367 4678 opus

138 4717 219 4782 ξιν,
243 4722 358 4774 οὐδὲ
385 4722 592 4775 πολλοῦ
639 4722 800 4776 πόνου
843 4721 1216 4792 προσδεηθεὶς,
1266 4720 1378 4774 ἀλλ’
1417 4719 1691 4784 ἐπιδείξας

138 4809 270 4878 μόνον
295 4813 390 4885 τὴν
424 4815 737 4876 παίδευσιν,
765 4814 963 4885 μᾶλλον
983 4815 1038 4867 δὲ
1069 4813 1275 4884 βραχύν
1296 4829 1416 4866 τινα
1439 4812 1538 4882 τῆς
1569 4829 1693 4864 παι-

135 4901 337 4968 δεύσεως
368 4901 482 4960 οἷον
513 4906 782 4978 πρόλογον
813 4906 910 4979 (6),
943 4907 1045 4960 κάν
1075 4909 1189 4970 τοῖς
1223 4904 1398 4975 φίλοις
1422 4903 1516 4957 τοῦ
1540 4903 1692 4974 βασι-

190 5123 290 5192 (96)
330 5127 485 5181 Οὐδ’
505 5126 590 5181 ἂν
609 5127 664 5182 εἷ
691 5144 767 5182 τι.
795 5127 929 5194 Reg.
954 5127 1048 5194 hu,
1085 5127 1180 5183 Or.
1217 5128 1265 5190 l,
1297 5126 1417 5180 οὐδὲ
1450 5125 1504 5180 εἴ
1524 5143 1598 5179 τι.

189 5196 288 5268 (97)
336 5197 812 5266 ’Emtawdwr.
838 5199 1045 5261 Billius,
1083 5217 1101 5248 ι
1137 5198 1359 5268 ejusque
1389 5199 1598 5252 edictis.
1633 5216 1652 5247 ι

187 5266 287 5339 (98)
323 5271 796 5334 Προστατεύειν.
820 5269 954 5339 Reg.
979 5266 1216 5339 bm,:tres
1238 5269 1419 5332 Colb.,
1446 5268 1610 5323 Coisl.
1640 5268 1694 5333 5,

132 5343 175 5388 et
325 5333 718 5409 προστάττειν.

188 5405 288 5476 (99)
327 5405 486 5461 Φίλα
538 5409 853 5471 ποιοῦντα,
918 5409 1017 5461 καὶ
1059 5409 1208 5462 κατὰ
1251 5409 1509 5476 γνώμην.
1540 5407 1698 5461 Com-

130 5473 219 5558 brf.
275 5478 467 5558 ποιῶν.
530 5480 880 5558 Praetermisit
941 5479 1146 5544 Billius,
1216 5473 1309 5532 καὶ
1366 5473 1510 5532 ςατά
1561 5476 1701 5546 γνώ-

132 5555 240 5615 μην.
275 5545 419 5600 Elias
448 5549 642 5607 vertit.
680 5567 698 5613 ι
731 5557 785 5600 et
813 5562 878 5601 ex
914 5549 1075 5602 animi
1108 5549 1210 5602 mei
1234 5550 1518 5602 sententia.
1567 5545 1586 5599 ὁ

295 5615 474 5702 giras
499 5617 686 5702 βδοκεῖ
712 5634 797 5671 τε.
833 5617 959 5674 llazc
988 5619 1182 5674 desunt
1221 5621 1275 5673 in
1303 5618 1432 5687 Reg.
1463 5620 1571 5686 bin,
1604 5618 1701 5673 tri-

128 5681 214 5737 bus
230 5686 378 5743 Coll).
410 5698 469 5742 el
495 5690 599 5744 Or.
642 5695 692 5743 1.

129 5754 258 5878 to.(2’)
300 5759 525 5827 Ἄξιος.
574 5757 671 5815 0r.
707 5761 763 5828 '5,
801 5769 853 5818 et
888 5762 996 5820 Jcs.
1037 5762 1225 5858 ἀξίως,
1261 5781 1278 5814 ι
1324 5763 1500 5833 digne,
1533 5760 1698 5818 nteri-

1798 4711 2095 4776 babuisset,
2152 4727 2337 4767 verum
2395 4709 2695 4764 doctrinam
2745 4710 3005 4761 duntaxat
3048 4718 3224 4767 suam,
3283 4703 3366 4754 vel

1798 4809 1977 4878 potius
2000 4805 2161 4860 breve
2192 4803 2460 4873 quoddam
2489 4798 2746 4853 doctrinae
2789 4795 3062 4865 specimen
3093 4792 3368 4847 ostendis-

1798 4909 1900 4964 set,
1933 4899 2167 4969 primum
2202 4893 2385 4951 statim
2435 4893 2574 4947 inter
2629 4889 2871 4946 medicos
2927 4884 3203 4958 dignitatis
3250 4897 3348 4954 gra

1863 5125 1941 5193 (3)
1981 5120 2508 5193 Προκεκλημένων.
2549 5119 2665 5193 Διρε.
2708 5115 3227 5193 προσκεκλημένων,
3255 5113 3366 5193 _S_ic

1792 5187 1952 5250 etiam
1977 5187 2101 5264 legit
2127 5187 2315 5248 Comb'.
2351 5205 2404 5244 et
2426 5191 2604 5264 vertit,
2649 5207 2668 5241 ι
2698 5187 2834 5258 quos
2867 5189 3047 5264 divina
3077 5187 3366 5254 providen-

1797 5269 1868 5322 tia
1904 5260 2125 5331 magnos
2159 5265 2402 5332 aspirans
2428 5262 2636 5332 animos
2665 5260 3060 5332 prov_ocav_erit.
3094 5277 3111 5308 i

1866 5335 1942 5405 (4)
1977 5327 2438 5403 Προῃρηλιένοις.
2463 5401 2480 5405 _
2516 5329 2631 5384 Non
2667 5327 2840 5383 'male
2898 5327 3367 5405 Percbeimerus,

1802 5425 1820 5459 ι
1855 5397 2358 5476 prinde'teriiniuatis.
2397 5421 2415 5452 ι
2453 5401 2563 5456 Jes.
2589 5397 3046 5476 προειρημένοις.

1869 5477 1942 5547 (5)
1981 5475 2088 5530 Καὶ
2119 5474 2247 5547 (τὴν
2269 5465 2724 5547 μένᾏοιοηηςὶιο,
2749 5465 2916 5547 usque
2955 5473 3026 5547 ad
3056 5465 3370 5547 (insediss-

1796 5536 1899 5611 λεί,
1926 5536 2069 5613 ὀιο.,
2101 5536 2294 5600 desunt
2321 5545 2371 5598 iu
2401 5541 2532 5616 Reg.
2561 5543 2670 5609 bin,
2705 5541 2756 5594 in
2792 5536 2963 5594 tribus
2989 5536 3274 5602 Colb.,0r.
3313 5537 3368 5603 1,

1797 5620 1910 5673 Elia
1942 5627 1990 5670 et
2021 5616 2132 5669 .Ies.

1820 5620 1910 5670 Elia
1942 5627 1990 5670 et
2021 5620 2132 5669 .Ies.

1870 5689 1948 5772 (ti)
1981 5683 2120 5772 (210,1:
2151 5688 2472 5772 πρόλογρν.
2503 5683 2780 5772 .S‘ieli‘egg.
2808 5681 2920 5765 bm,
2940 5683 3164 5772 hii-nues
3187 5677 3370 5746 Com,

1798 5751 1961 5816 Coisl.
1993 5759 2047 5830 5,
2077 5751 2259 5828 Οτᾙι,
2287 5751 2478 5816 et'Jes.
2508 5759 2664 5812 Deest
2695 5751 2806 5810 οἷον
2843 5754 2896 5811 in
2921 5752 3102 5810 editis.
