3844 6390
140 374 217 432 769
872 356 1133 413 ORATIO
1174 356 1289 412 Vl].
1325 388 1394 399 -—
1432 356 1499 412 IN
1540 355 1822 414 LAUDEM
1863 354 2161 412 CESARII
2200 352 2519 410 FRATRIS.

3208 353 3315 412 7:0

122 460 310 562 ’ραθροκ
338 476 435 532 Καὶ
465 473 524 525 τὸ
561 473 660 543 μὲν
684 472 898 545 πρῶτον
944 473 1093 543 αὐτῷ
1132 474 1243 543 (l8)
1272 474 1552 545 τέχνασμα
1582 492 1637 528 τε

1750 474 2046 537 obsidebat,
2080 473 2225 526 omni
2263 473 2632 526 machinarum
2668 485 2864 542 genere
2904 470 2956 525 in
2999 470 3306 541 voraginem

133 579 205 633 καὶ
228 573 436 640 σόφισμα
465 563 596 634 (l9),
631 564 719 617 ἵνα
751 564 882 634 μηδὲ
914 565 1014 633 τῆς
1051 567 1143 618 ἐπὶ
1179 569 1290 628 τοῖς
1335 566 1517 630 ἄθλοις
1561 585 1641 619 τι-

135 670 217 743 μῆς
236 659 558 730 τυγχάνωμεν
609 655 861 725 (ἐφθόνει
890 655 998 726 γὰρ
1034 658 1127 709 καὶ
1153 657 1355 727 ταύτης
1387 659 1640 729 Χριστια-

132 749 524 820 νοῖςὸγεννάδας
552 748 593 813 ).
646 748 955 817 πάσχοντας
1004 748 1084 810 ὡς
1128 750 1515 818 Χριστιανοὺς,
1565 751 1641 813 ὡς

131 845 413 912 κακούργους
462 838 816 902 κολάζεσθαι·
881 840 943 892 τὺ
1000 839 1057 893 δὲ
1110 840 1362 909 δεύτερον
1421 840 1641 904 πειθοῦς

132 941 263 1008 ῦνομα
294 932 557 1003 προσεῖναι
609 930 686 998 τῷ
741 930 1030 1001 γινομένῳ,
1070 931 1143 1001 μὴ
1187 929 1531 1003 τυραννίδος,
1567 933 1642 995 ὡς

132 1032 179 1085 ἂν
206 1027 360 1099 μεῖζον
448 1021 538 1073 τοῦ
573 1022 817 1076 κινδύνου
850 1024 911 1075 τὸ
944 1023 1041 1092 τῆς
1067 1023 1348 1093 αἰσχύνης,
1384 1024 1640 1095 αὐθαιρέ-

130 1139 209 1185 τως
236 1115 448 1190 χωροῦσι
478 1114 613 1184 πρὸς
648 1113 745 1184 τὴν
772 1113 1045 1168 ἀσέϐειαν.
1076 1115 1188 1168 Καὶ
1216 1116 1343 1177 τοὺς
1379 1116 1475 1185 μὲν
1508 1117 1636 1185 χρή.

131 1230 250 1287 μασι,
272 1212 384 1271 τοὺς
428 1207 483 1259 δὲ
528 1206 823 1276 ἀξιώμασι,
858 1208 984 1269 τοὺς
1032 1206 1090 1259 δὲ
1125 1206 1483 1277 ὑποσχέσεσι,
1515 1209 1643 1271 τοὺς

127 1307 167 1358 δὲ
188 1300 432 1360 παντοίαις
458 1300 644 1367 τιμαῖς
678 1296 1042 1367 ὑφελκόμενος
1075 1297 1210 1367 (20),
1241 1298 1307 1362 ἃς
1343 1299 1461 1351 οὐδὲ
1492 1298 1643 1368 βασι-

124 1393 255 1455 λικῶς
283 1390 563 1465 προσῆγεν,
600 1388 736 1443 ἀ).λά
765 1390 859 1443 καὶ
890 1388 1008 1442 λίαν
1039 1388 1418 1460 δουλοπρεπῶς
1443 1392 1498 1442 ὲν
1525 1393 1643 1453 ταῖς

126 1486 329 1540 ἁπάντων
348 1483 515 1552 ὄψεσι,
547 1480 754 1544 πάντας
775 1482 832 1535 δὲ
854 1485 918 1553 τῇ
946 1482 1170 1553 γοητείᾳ
1203 1482 1311 1535 τῶν
1334 1482 1506 1551 λόγων
1530 1482 1639 1552 (21)

124 1578 193 1631 καὶ
212 1576 278 1646 τῷ
305 1574 419 1628 καθ’
447 1574 637 1627 ἑαυτὸν
665 1573 1043 1643 ὑποδείγματι,
1077 1574 1169 1626 ἐπὶ
1200 1574 1415 1638 πολλοῖς
1446 1576 1640 1645 πειρᾶ-

123 1689 187 1725 aut
217 1670 294 1723 καὶ
330 1668 646 1739 Καισαρίου.
690 1653 796 1720 «Ιῖεῦ
836 1669 934 1739 τῆς
980 1668 1362 1740 παραπληξίας
1407 1670 1500 1723 καὶ
1544 1668 1643 1739 τῆς

122 1761 282 1823 ἀνοίας,
312 1761 357 1813 εί
378 1759 675 1829 Καισάριόν
699 1775 758 1811 τε
785 1759 935 1822 ὄντα,
968 1758 1061 1811 καὶ
1090 1758 1317 1828 ἀδελφὸν
1348 1759 1512 1829 ἐμὸν,
1546 1760 1641 1813 καὶ

122 1852 201 1903 τῶν
226 1851 405 1919 γονέων
449 1850 653 1903 τούτων
693 1848 947 1919 συλήσειν
993 1848 1251 1918 ἧλπισενί

1742 583 1893 621 suam
1916 566 2145 621 miseros
2168 565 2360 620 callide
2394 566 2731 632 pertrahens.
2768 567 2865 627 Ac,
2903 578 2969 619 ne
3000 579 3094 618 eos
3133 564 3309 617 hono-

1743 674 1847 722 res,
1884 660 1973 727 qui
2008 658 2340 728 martyribus
2366 658 2554 712 haberi
2620 657 2813 723 solent,
2851 673 3313 726 consequeremur

1744 752 1882 822 (bos
1937 752 2081 806 enim
2137 749 2462 806 Christianis
2524 754 2610 805 vir
2668 752 2919 821 egregius
2975 750 3310 820 invidebat),

1741 843 1973 911 primttm
2035 841 2178 895 illius
2224 842 2512 895 artiﬁcium
2562 843 2664 895 hoc
2713 843 2835 904 fuit,
2891 843 3064 910 utqui
3106 840 3309 895 Christi

1742 949 1904 987 causa
1953 934 2317 1003 patiebantur,
2382 942 2635 1001 tanquam
2673 945 2855 988 sontes
2908 943 2962 987 et
3021 931 3308 987 facinorosi

1743 1027 1988 1080 cruciatu
2018 1025 2400 1091 aﬂicerentur;
2453 1026 2704 1088 alterum,
2740 1029 2879 1094 quod
2909 1025 3033 1079 huic
3064 1026 3163 1088 rei,
3200 1040 3307 1079 non

1744 1115 2065 1184 tyrannidis,
2120 1116 2213 1168 sed
2271 1114 2639 1184 persuasionis
2692 1130 2883 1169 nomen
2950 1115 3255 1183 imponebat.
3292 1132 3309 1167 :

1743 1208 1889 1279 quod
1911 1206 2121 1261 scilicet
2154 1207 2327 1276 major
2367 1222 2555 1261 eorum
2604 1207 2844 1273 infamia,
2893 1222 3051 1275 quam
3092 1208 3311 1275 pericu-

1743 1296 1851 1351 lum
1876 1306 2043 1360 esset,
2073 1297 2163 1364 qui
2188 1306 2381 1368 sponte
2406 1298 2469 1349 ad
2505 1298 2834 1367 impietatem
2861 1313 2918 1351 se
2934 1297 3305 1353 conferebant.

1742 1389 1983 1458 Cumque
2040 1389 2176 1442 alios
2231 1390 2492 1456 pecuniis,
2547 1389 2683 1443 alios
2739 1391 3114 1458 dignitatibus,
3171 1391 3308 1445 alios

1742 1480 2047 1549 promissis,
2077 1481 2213 1535 alios
2240 1483 2409 1534 variis
2444 1480 2708 1535 honorum
2738 1483 3044 1549 generibus,
3074 1497 3210 1551 quos
3240 1498 3311 1538 ue

1743 1572 1887 1641 regie
1922 1572 2159 1641 quidem,
2198 1572 2290 1626 sed
2338 1587 2594 1640 perquam
2649 1573 2917 1649 ser.viliter
2970 1574 3019 1625 in
3066 1572 3310 1626 omnium

1743 1675 1963 1735 aspectu
1995 1665 2290 1727 deferebat,
2330 1680 2517 1720 omnes
2560 1667 2791 1734 denique
2842 1667 3125 1719 verborum
3171 1679 3312 1734 pra-

1745 1758 1921 1825 stigiis
1951 1772 2017 1811 ac
2060 1772 2157 1810 suu
2191 1756 2435 1825 exemplo
2467 1757 2533 1810 ad
2565 1772 2625 1812 se
2650 1757 2914 1822 alliceret,
2958 1766 3076 1825 post
3105 1756 3304 1811 multos

1670 1829 2030 1903 BCa‘sarium
2078 1861 2292 1916 quoque
2355 1846 2686 1917 aggreditur.
2738 1847 2880 1901 Prob
2930 1859 3202 1914 stuporem
3253 1857 3309 1902 et

121 1948 379 2010 amentiam,
445 1946 609 2016 206
674 1946 719 1999 si
782 1959 930 2015 spem
997 1944 1185 1999 habuit
1227 1944 1361 2012 fore,
1412 1954 1468 1999 ut
1498 1955 1550 2000 et
1585 1944 1897 2010 Cmsarium,
1930 1954 1987 1998 et
2022 1941 2246 1997 fratrem
2298 1956 2496 1999 meum.
2553 1953 2609 1996 et
2651 1940 2735 1995 bis
2767 1942 3078 1996 parentibus
3127 1951 3309 1995 natum

119 2038 253 2102 praeda
262 2046 363 2088 retu
374 2050 396 2087 r
412 2036 423 2089 ί

168 2127 248 2179 ιβ’.
267 2125 414 2187 Ἀλλ’,
445 2123 533 2176 ἴνα
564 2124 757 2193 μικρὸν
795 2103 1201 2194 προσδιατρίψω
1230 2122 1306 2193 τῷ
1338 2122 1510 2193 λόγῳ,
1545 2123 1640 2177 καὶ

118 2216 463 2286 κατατρυφήσω
493 2214 590 2267 τοῦ
628 2214 982 2284 διηγήματος,
1026 2214 1101 2276 ὡς
1132 2215 1181 2266 οἱ
1229 2212 1495 2284 παρόντες
1540 2212 1637 2265 τοῦ

117 2311 341 2379 θαύματος
365 2308 496 2378 (‘22),
524 2306 697 2377 εἰσῄει
730 2306 827 2377 μὲν
854 2308 882 2360 ό
907 2305 1167 2374 γεννάδας
1189 2307 1413 2368 ἐκεῖνος,
1437 2304 1515 2375 τῷ
1544 2304 1637 2358 τοῦ

116 2401 304 2474 Χριστοῦ
337 2400 548 2471 σημείῳ
601 2400 971 2472 φραξάμενος,
1003 2401 1098 2452 καὶ
1140 2400 1229 2453 τὸν
1274 2400 1448 2471 μέγαν
1485 2399 1639 2468 λόγον

116 2492 265 2549 ἑαυτοῦ
291 2493 741 2565 προϐαλλόμενος,
769 2492 905 2563 πρὸς
932 2492 1022 2545 τὸν
1047 2491 1213 2544 πολὺν
1233 2493 1290 2543 ὲν
1312 2491 1516 2554 ὅπλοις.
1548 2492 1640 2544 καὶ

119 2586 251 2653 μέγαν
289 2586 342 2636 ἐν
389 2582 565 2652 λόγων
616 2582 906 2653 δεινότητι·
958 2583 1107 2635 οὐδὲν
1158 2582 1213 2635 δὲ
1274 2582 1641 2649 καταπλαγεὶς

118 2675 219 2745 πρὸς
253 2675 339 2746 τὴν
369 2675 509 2743 ὄψιν,
555 2675 674 2728 οὐδὲ
703 2674 913 2746 θωπείᾳ
949 2692 1000 2727 τι
1034 2672 1360 2728 καταϐαλὼν
1380 2674 1473 2726 τοῦ
1508 2690 1640 2743 φρο-

116 2768 339 2835 νήματος,
383 2766 623 2836 ἀθλητὴς
665 2766 883 2833 ἕτοιμος
924 2761 1014 2835 ἦν,
1046 2766 1139 2819 καὶ
1168 2765 1309 2835 λόγῳ
1341 2765 1433 2818 καὶ
1465 2754 1637 2835 ἔργῳ,

116 2858 220 2924 πρὸς
250 2858 330 2911 τὸν
369 2859 425 2910 ὲν
464 2857 798 2927 ἀμφοτέροις
849 2857 1073 2911 δυνατὸν
1130 2856 1512 2924 ἀγωνίζεσθαι.
1567 2856 1641 2908 Τὸ

118 2950 189 3018 μὲν
209 2947 288 3003 οὖν
322 2951 534 3004 στάδιον
578 2950 836 3015 τοιοῦτον,
867 2951 961 3003 καὶ
990 2952 1019 3002 ὁ
1056 2950 1154 3021 τῆς
1184 2950 1464 3012 εὐσεϐείας
1497 2950 1642 3017 ἀγω-

117 3042 259 3111 νιστὴς
291 3042 573 3106 τοσοῦτοςο
615 3044 708 3095 καὶ
749 3042 1090 3111 ἀγωνοθέτης
1143 3040 1286 3111 (25),
1337 3040 1489 3093 ἔνθεν
1542 3041 1639 3110 μὲν

114 3131 298 3202 Χριστὸς
320 3136 429 3195 τοῖς
464 3133 664 3186 ἑαυτοῦ
700 3132 897 3187 πάθεσι
930 3132 1024 3184 τὸν
1055 3131 1291 3203 ἀθλητὴν
1322 3130 1635 3196 ἐξοπλίζων,

114 3223 276 3277 ἐκεῖθεν
301 3226 353 3278 δὲ
385 3226 559 3289 δεινὸς
594 3225 853 3296 τύραννος
891 3228 958 3295 τῇ
995 3223 1104 3277 τῶν
1143 3224 1317 3291 λόγων
1348 3224 1637 3293 οἰκειότητι

113 3315 435 3382 προσσαίνων,
470 3317 587 3389 καὶ,
622 3314 699 3385 τῷ
736 3315 833 3384 τῆς
867 3313 1113 3379 ἐξουσίας
1157 3314 1306 3383 ὄγκῳ
1336 3312 1638 3382 δεδιττόμε-

1811 2122 1923 2178 XII.
1972 2123 2164 2178 Verum
2200 2124 2296 2195 ('ut
2347 2125 2401 2179 in
2432 2125 2534 2179 hoc
2557 2141 2808 2182 sermone
2830 2128 3101 2198 paululum
3128 2130 3313 2185 immo-

1742 2232 1848 2280 rer,
1877 2225 2036 2285 atque
2064 2230 2127 2269 ex
2148 2218 2247 2271 bac
2273 2218 2583 2273 narratione
2611 2218 2831 2273 delicias
2861 2222 3092 2290 capiam,
3120 2238 3311 2291 quem-

1742 2307 2028 2360 admodum
2057 2322 2087 2360 e
2119 2321 2177 2359 re
2209 2308 2345 2360 mira
2376 2307 2409 2361 ii
2438 2310 2529 2377 qui
2575 2316 2684 2362 tum
2754 2309 3081 2382 affuerunt),
3133 2315 3313 2382 ingre-

1742 2398 1989 2451 diehatur
2018 2399 2101 2451 vir
2130 2398 2219 2451 ille
2258 2399 2433 2461 fortis,
2470 2401 2669 2455 Christi
2702 2402 2860 2470 signo
2892 2405 3152 2471 munitus,
3185 2405 3308 2476 rly-

1742 2491 1934 2557 peique
1959 2489 2075 2542 vice
2107 2504 2359 2558 magnum
2390 2492 2613 2544 verbum
2656 2493 2975 2558 obtendens,
3020 2498 3087 2548 ad
3132 2497 3309 2569 hopli-

1742 2595 1862 2633 nem
1897 2579 2127 2633 multum
2166 2580 2218 2632 in
2255 2580 2443 2645 armis,
2473 2592 2527 2635 et
2553 2598 2803 2651 magnum
2832 2584 2885 2636 in
2910 2586 3117 2639 dicendi
3152 2587 3315 2641 facul-

1742 2681 1871 2724 tate.
1904 2670 2013 2725 Nec
2040 2686 2169 2724 vero
2202 2673 2269 2725 ad
2300 2671 2442 2725 illius
2473 2684 2751 2742 aspectum
2785 2676 2891 2730 ullo
2922 2688 3063 2730 metu
3094 2680 3309 2746 percul-

1740 2777 1832 2815 sus
1855 2773 1961 2822 est,
1985 2778 2083 2816 nec:
2104 2764 2173 2816 ob
2195 2764 2482 2817 verborum
2510 2764 2796 2820 blanditias
2826 2768 2890 2820 de
2914 2767 3075 2822 animi
3105 2784 3312 2839 magni.

1741 2853 1930 2906 tudiue
1952 2840 2252 2921 quidquam
2282 2854 2477 2924 abjecit
2499 2872 2513 2919 ;
2538 2870 2723 2908 verum
2752 2868 3030 2926 promptus
3071 2871 3119 2914 et
3155 2877 3313 2929 para-

1743 2953 1826 2999 tus
1858 2944 2061 2999 athleta
2108 2956 2228 2999 erat
2275 2946 2341 3000 ad
2393 2948 2813 3013 decertandum,
2866 2960 2975 3004 ttun
3025 2967 3309 3018 sermone,

1742 3044 1853 3088 tum
1898 3050 2081 3103 opere,
2120 3037 2378 3092 adversus
2405 3052 2550 3101 eum,
2592 3039 2684 3106 qui
2730 3041 2782 3094 in
2836 3050 3064 3112 utroque
3106 3050 3304 3113 genere

1739 3127 1943 3182 viribus
1975 3129 2223 3197 pollebat.
2254 3130 2330 3183 Ac
2367 3129 2471 3183 tale
2499 3131 2717 3198 quidem
2758 3143 2875 3187 erat
2900 3135 3157 3201 stadium,
3190 3145 3311 3190 tan-

1741 3226 1932 3287 tusque
1962 3218 2175 3285 pietatis
2206 3227 2587 3288 propugnator.
2616 3220 2795 3289 Atque
2822 3222 3139 3277 certaminis
3170 3239 3303 3291 pra:-

1739 3324 1848 3375 ses,
1883 3310 2008 3364 hinc
2032 3310 2245 3379 quidem
2269 3308 2537 3375 Christus,
2568 3327 2662 3381 per
2682 3312 2963 3380 passiones
2987 3328 3113 3368 suas
3152 3315 3307 3384 pugi—

110 3420 199 3467 νος’
233 3407 439 3479 θέατρον
486 3408 546 3461 δὲ
588 3406 1004 3477 ἀμφοτέρωθεν,
1050 3404 1158 3459 τῶν
1186 3422 1245 3458 τε
1278 3407 1343 3477 τῇ
1388 3404 1637 3474 εὐσεϐείᾳ

1750 3402 1843 3455 lem
1898 3416 2137 3465 armans,
2195 3402 2343 3457 illinc
2392 3412 2572 3457 autem
2624 3405 2803 3473 gravis
2860 3414 3141 3475 tyrannus,
3195 3418 3307 3463 tum

110 3496 389 3570 λειπομένων
411 3501 516 3562 ἔτι,
543 3500 639 3553 καὶ
662 3498 768 3551 τῶν
792 3500 882 3552 ὑπ’
907 3497 1117 3551 ἐκείνου
1148 3514 1279 3566 συνη
1289 3496 1632 3568 ρπασμένων,

1750 3497 2025 3547 verborum
2054 3493 2326 3549 illecebris
2348 3494 2604 3549 athletam
2641 3494 2900 3561 mulcens,
2955 3506 3064 3550 tum
3111 3506 3307 3566 poten-

110 3590 188 3659 ὅπη
210 3590 358 3664 νεύσῃ
382 3592 493 3660 (‘24)
522 3591 597 3646 τά
622 3591 742 3645 κατ’
766 3590 961 3653 αὐτοὺς
985 3589 1461 3652 ἀποσκοπούντων,
1488 3588 1635 3652 ὅστις

1750 3585 1829 3639 tia:
1879 3583 2015 3638 mole
2056 3584 2330 3639 territans.
2382 3585 2521 3651 Quin
2552 3586 2715 3638 etiam
2741 3587 2992 3655 utrinque
3038 3588 3305 3642 theatrum

109 3686 300 3754 νικήσειε
324 3687 495 3741 πλείω
523 3686 627 3758 τὴν
657 3686 893 3756 ἀγωνίαν
927 3684 1039 3756 (25)
1071 3686 1301 3755 ἐχόντων
1329 3684 1363 3756 ἢ
1392 3683 1521 3755 περὶ
1544 3681 1636 3746 οὓς

1750 3682 1878 3739 erat,
1911 3675 2011 3730 hoc
2040 3683 2143 3741 est,
2182 3684 2441 3731 eteorum
2476 3676 2566 3745 qui
2620 3677 2672 3729 in
2726 3676 2845 3730 ﬁdei
2896 3678 3092 3744 pietate
3126 3679 3302 3734 adhuc

109 3771 153 3822 τὸ
173 3774 394 3845 θέατρον.
922 3778 925 3779 ⁷

1750 3774 2136 3830 remanserant,
2170 3775 2224 3821 et
2261 3782 2446 3820 eorum
2477 3767 2566 3834 qui
2596 3768 2664 3821 ab
2694 3767 2786 3821 illo
2820 3768 3025 3835 abrepti
3060 3769 3299 3836 fuerant,

110 3875 240 3918 utram
269 3868 318 3920 iu
351 3877 565 3935 partem
631 3881 813 3920 eorum
887 3874 1157 3920 certamen
1226 3864 1530 3928 inclinaret,
1571 3857 1951 3931 spectantium,
1980 3865 2165 3926 atque,
2200 3865 2322 3910 uter
2380 3856 2650 3919 vinceret,
2708 3857 2878 3926 magis
2920 3856 3301 3926 laborantium,

109 3968 231 4021 quam
262 3958 329 4009 illi
370 3958 494 4026 ipsi,
527 3972 665 4026 quos
695 3958 1034 4025 spectabant.

154 4041 370 4119 ῙΓ.”Αρ’
404 4050 507 4101 οὐκ
544 4049 756 4110 ἕδεισας
791 4047 918 4120 περὶ
960 4048 1293 4119 Καισαρίου,
1333 4050 1464 4119 μήτι
1494 4049 1637 4122 πάθῃ

1811 4048 1948 4103 Xlll.
1990 4065 2074 4104 an
2122 4064 2226 4103 non
2257 4049 2504 4115 timuisti,
2564 4065 2631 4105 ne
2674 4052 2798 4120 quid
2857 4053 3091 4109 Caesario
3138 4057 3302 4112 animi

105 4136 177 4204 τῆς
222 4140 525 4210 προθυμίας
599 4139 844 4204 ἀνάξιον;
921 4140 1079 4193 Ἀλλά
1143 4141 1432 4212 θαρσεῖτε’
1503 4144 1637 4211 μετά

1750 4140 2028 4196 alacritate
2064 4155 2250 4207 parum
2292 4142 2513 4209 dignum
2547 4143 2789 4197 accidat?
2840 4145 2911 4199 At
2960 4147 3100 4200 bono
3133 4158 3306 4203 estote

103 4225 290 4297 Χριστοῦ
320 4232 427 4303 γάρ
461 4236 494 4303 ἡ
534 4232 662 4302 νίκη
703 4230 797 4283 τοῦ
829 4230 918 4283 τὸν
949 4232 1152 4303 κόσμον
1183 4235 1521 4303 νικήσαντος.
1558 4233 1637 4287 Τά

1750 4234 1943 4287 animo.
1975 4233 2209 4287 Victoria
2241 4234 2381 4286 enim
2410 4250 2530 4287 cum
2563 4235 2801 4299 Christo,
2835 4238 2926 4305 qui
2966 4239 3094 4292 vicit
3133 4255 3303 4293 mun-

106 4320 177 4385 μὲν
204 4319 287 4374 οὖν
322 4324 442 4377 καθ’
477 4325 713 4377 ἕκαστον
744 4324 853 4376 τῶν
885 4325 1005 4378 τότε
1056 4324 1329 4396 ῥηθέντων
1372 4325 1403 4397 ἢ
1442 4343 1637 4398 προτε-

1753 4328 1860 4379 lum
1898 4323 1962 4378 ".
1990 4328 2067 4379 Ac
2105 4325 2236 4379 nihil
2270 4326 2482 4393 quidem
2530 4326 2741 4379 mallem
2781 4343 2940 4396 quam
2992 4336 3048 4381 ut
3096 4343 3156 4382 ea
3184 4344 3305 4396 qua:

103 4409 258 4468 θέντων
294 4416 673 4489 ἐκδιηγεῖσθαι
715 4418 783 4471 τά
813 4416 910 4470 νῦν
946 4416 1057 4485 ἐγὼ
1092 4418 1209 4488 μὲν,
1263 4412 1321 4472 εῦ
1368 4419 1503 4484 ἴστε,
1539 4419 1632 4472 τοῦ

1750 4427 1853 4473 tum
1882 4418 2024 4473 dicta
2053 4428 2106 4472 et
2130 4418 2397 4487 proposita
2429 4426 2574 4480 sunt,
2603 4419 2875 4489 sigillatim
2906 4435 3048 4474 nunc
3070 4435 3304 4490 expone-

100 4506 259 4571 παντὸς
304 4509 368 4562 ἂν
415 4511 809 4583 ἐτιμησάμην·
867 4510 962 4562 κα)⁵
1006 4509 1115 4580 γὰρ
1152 4510 1244 4563 καὶ
1280 4510 1503 4578 λογικάς
1551 4528 1633 4563 τι-

1750 4528 1893 4578 tetu;
1930 4526 2053 4564 nam
2081 4522 2135 4565 et
2179 4510 2377 4578 logicas
2439 4511 2645 4580 aliquot
2687 4513 2925 4581 argutias
2966 4513 3300 4582 leporesque,

100 4610 170 4661 νας
200 4600 297 4671 (26)
322 4603 472 4656 ἐστὶν
500 4603 573 4667 ἃς
607 4603 718 4673 ἔχει
759 4602 996 4673 στροφὰς
1038 4602 1132 4655 καὶ
1175 4602 1441 4673 κομψείας
1472 4603 1501 4655 ὁ
1545 4602 1633 4655 λό-

1750 4617 1866 4657 meo
1892 4602 2108 4671 quidem
2129 4602 2367 4669 judicio,
2411 4613 2711 4655 memoratu
2743 4619 2846 4656 non
2889 4602 3205 4671 injucundos
3237 4620 3299 4658 ea

98 4700 169 4750 τος
200 4690 320 4763 (27),
359 4694 489 4765 ἐμοὶ
518 4695 654 4763 γοῦν
686 4695 784 4748 οὐκ
825 4694 1009 4765 ἀηδεῖς
1037 4696 1114 4757 εἰς
1161 4696 1379 4766 μνήμην
1400 4711 1415 4726 ο
1454 4694 1560 4759 ἔξω
1590 4694 1635 4747 δ’

1750 4694 2028 4763 disputatio
2066 4693 2348 4748 continet:
2378 4707 2563 4746 verum
2598 4694 3031 4759 intempestivum
3080 4710 3310 4765 prorsus.

148 4864 185 4897 ⁸⁵
204 4865 344 4922 Joan.
370 4885 485 4931 xvi,
528 4869 624 4924 53.

270 5027 460 5091 Αὐτῷ.
507 5026 606 5081 Sic
631 5026 889 5097 Regabm
946 5028 1106 5094 Editi,
1142 5029 1328 5084 αὐτοῦ.

147 5093 241 5169 (19)
280 5098 591 5169 Σᾴρισμα,
623 5093 745 5169 ett‘.
775 5096 948 5152 Locus
985 5100 1087 5169 iste
1136 5099 1187 5149 itt
1234 5100 1363 5168 Reg.
1404 5100 1473 5154 itu
1500 5142 1515 5164 ,
1555 5104 1631 5158 sic

1803 5034 1913 5105 (22)
1947 5037 2274 5111 Θαύμᾳτος.
2297 5037 2560 5111 Cpmb._et
2575 5035 2760 5111 Dillius
2783 5039 2983 5107 legunt,
3002 5040 3290 5111 θεάματος,

1736 5123 1755 5155 ι
1788 5121 1850 5158 ex
1885 5110 2213 5171 spectaculo.
2261 5127 2277 5158 ι
2322 5107 2453 5173 Quae
2492 5108 2650 5163 lectio
2682 5108 2941 5178 placeret,
2976 5113 3019 5165 si
3052 5107 3295 5166 codicum

96 5156 253 5240 legitur
282 5178 296 5215 :
333 5156 597 5240 έὸφιξςμα
621 5208 634 5230 ,
665 5168 1092 5240 ξπάσχονταςίῲς
1135 5156 1514 5240 Χριστιανοὺς,
1556 5156 1632 5237 ὡς

1750 5156 2056 5229 luctoritate
2092 5156 2377 5231 niteretur.

94 5232 881 5311 razgzipyougacolﬁCeaQat,ista.
912 5238 1046 5311 μηδὲ
1073 5240 1169 5311 τῆς
1190 5232 1288 5311 ’ἐπὶ
1312 5244 1425 5311 τοῖς
1448 5232 1630 5308 ἄθλοις

93 5308 223 5383 ῖεὲἧὶ
244 5308 996 5383 τυγχέιῖοιμενῖὲεεφόῖειγάρ
1019 5310 1112 5361 καὶ
1130 5308 1337 5383 -ταύὶης
1370 5310 1629 5383 Χριστια“

2417 5222 2645 5301 Nit‘telas
2684 5267 2702 5299 ι
2730 5247 3022 5312 Iulianum,
3057 5268 3074 5301 ι
3109 5247 3300 5302 Btllitts

1732 5316 2061 5388 c‘diabolntu
2088 5335 2107 5367 ι
2135 5319 2384 5387 intelligit
2405 5335 2418 5382 ;
2441 5317 2684 5373 Julianus
2706 5322 2901 5388 quippe
2927 5330 3043 5373 erat
3074 5333 3298 5388 antagoo

92 5373 176 5452 γοῖς
204 5373 518 5452 όήγεννάδσς
539 5394 562 5452 °_
600 5377 659 5452 τὸ
700 5373 761 5431 δὲ
784 5373 1069 5452 δεύτερον,
1094 5390 1204 5452 etv.
1242 5373 1439 5452 Eodem
1470 5386 1627 5437 ιιιοιΙο

1750 5383 1893 5445 tista,
1925 5402 2027 5438 nou
2059 5401 2185 5439 vero
2223 5373 2533 5442 ceriauiinis
2561 5373 2778 5452 praeses.

91 5436 188 5523 legit
218 5436 468 5523 Savilius,
496 5436 617 5499 ⁷ιιίςί
656 5448 794 5523 quod
838 5436 996 5523 delei,
1035 5436 1358 5523 πάσχοντας
1382 5450 1457 5514 ὡς
1486 5436 1625 5523 Χριὲ

92 5511 322 5589 στιαχούς,
335 5528 402 5589 _et
438 5532 551 5589 pro,
567 5511 820 5589 τυγχάνοι
830 5534 944 5589 μεν,
983 5520 1134 5589 habet
1145 5511 1162 5581 ξ
1170 5511 1181 5519 ’
1196 5511 1531 5589 τυγχάνοιεν.

140 5579 236 5664 (QQ)
283 5579 752 5664 "ijelxdpef'o'g.
794 5579 848 5664 Id
875 5596 992 5650 est,
1027 5579 1446 5664 ὑποσυρόμῖἐνος.
1486 5594 1620 5664 lieg.

90 5641 182 5724 bili,
196 5641 566 5724 ﬁukvx,'
590 5674 610 5706 ι
647 5641 991 5722 subtrahens,
1010 5641 1332 5715 subduc'e'is.
1350 5641 1391 5711 ς

414 5726 646 5794 λόγων.
679 5718 1042 5803 Unusliegius
1065 5730 1232 5795 addit,
1264 5730 1617 5803 παρασύρων,

94 5789 448 5860 tabstrahens,
487 5789 837 5864 pervertens.
860 5812 882 5848 ›

1795 5454 1910 5525 (24‘)
1951 5456 2175 5525 Νεύσῃ.
2215 5455 2368 5519 Culb.
2404 5457 2457 5517 6.
2501 5457 2703 5513 νεύσει.

1793 5524 2134 5598 (25)]1λείω
2171 5525 2287 5593 τὴν
2317 5528 2599 5597 ἀγωνίαν.
2652 5546 2671 5578 ι
2709 5526 2881 5598 Magis
2910 5528 3075 5582 animi
3118 5529 3295 5586 anxiis

1721 5605 1783 5648 ac
1813 5596 2081 5649 sollicitis.
2116 5614 2137 5647 ι

1790 5662 1903 5803 (26)
1947 5663 2141 5728 Tir-ac.
2186 5664 2344 5720 Deest
2381 5664 2437 5719 in
2456 5666 2593 5738 Reg.
2628 5668 2723 5733 htt,
2748 5668 2840 5725 0r.
2879 5668 2933 5737 1,
2965 5680 3018 5722 et
3044 5666 3156 5723 Jes.

1790 5731 1879 5803 (27
1946 5734 2255 5803 '0_.ld1'oc.'
2280 5736 2441 5793 Deest
2489 5739 2540 5793 itt
2573 5737 2765 5803 Regg.~
2796 5741 2909 5803 bm,
2964 5740 3072 5803 hu,
3104 5739 3156 5798 0.

1788 5731 1900 5811 ῼἹ)
1946 5734 2255 5806 Ὀειότοςί
2280 5736 2441 5793 Deest
2489 5731 2765 5811 iu'Regg.
2796 5731 2928 5804 bm,'
2964 5740 3072 5808 hu,
3104 5739 3197 5798 0r.
3236 5737 3291 5806 l,

1716 5811 1772 5857 et
1795 5801 1906 5859 les.
