3878 6522
577 400 680 455 Ἰτι

1765 399 1824 456 S.
1864 392 2196 454 GREGORII
2226 393 2575 452 ’πείθωσι
3682 406 3760 460 773

577 519 683 574 hoc
730 515 888 579 foret,
938 523 995 569 et
1037 515 1106 570 ab
1159 514 1421 570 orationis
1459 514 1706 570 instituto
1759 516 2015 572 alienum.
2079 513 2142 568 Ut

2252 511 2318 564 ἂν
2357 512 2442 583 εἴη
2477 511 2752 576 παντελῶς
2789 510 2882 566 τοῦ
2919 514 3112 585 καιροῦ
3153 513 3244 568 καὶ
3283 513 3376 568 τοῦ
3407 514 3576 586 λόγου.
3624 518 3695 584 Ὦς
3717 525 3759 577 δὲ

575 619 760 666 autem
789 607 1081 669 Caesarius,
1117 609 1328 663 cunctis
1362 610 1653 664 verborum
1690 609 1830 664 illius
1869 609 2149 664 dissolutis

578 701 829 762 nexibus,
872 706 928 751 et
954 700 1236 758 conatibus
1287 701 1563 763 omnibus,
1614 710 1721 754 tam
1761 702 1963 770 apertis
1989 716 2148 770 quam

576 791 842 854 obscuris,
876 788 981 842 ludi
1012 790 1312 858 cujuspiam
1346 791 1516 846 instar
1542 792 1897 861 propulsetis,
1954 807 2145 863 magna

577 889 633 933 et
660 879 806 934 clara
866 895 996 934 voce
1029 880 1396 935 Christianum
1447 895 1508 934 se
1556 891 1611 934 et
1653 897 1773 935 esse
1836 893 1890 936 et
1937 897 2151 951 semper

578 970 695 1026 fore
722 973 1111 1042 pronuntiavit,
1146 988 1213 1026 ne
1251 973 1331 1026 sic
1374 973 1590 1043 quidem
1635 989 1856 1043 prorsus
1885 973 2100 1039 ejicitur
2132 992 2148 1027 :

580 1065 716 1118 mire
741 1065 940 1119 etenim
973 1065 1268 1132 imperator
1301 1063 1521 1119 Caesarii
1563 1066 1814 1118 doctrina
1853 1064 1954 1119 l'rui
1991 1074 2152 1133 atque

578 1161 828 1213 exornari
875 1159 1139 1226 gestiebat
1173 1177 1186 1212 :
1218 1173 1325 1227 quo
1373 1158 1534 1210 etiam
1579 1167 1816 1226 tempore
1858 1157 2150 1210 celeberri-

578 1265 726 1304 mmn
764 1249 888 1302 illud
935 1250 1144 1304 cunctis
1182 1249 1528 1302 audientibus
1575 1249 1886 1316 prolocutus
1932 1257 2014 1301 est
2051 1266 2063 1301 :
2104 1245 2147 1300 0

579 1341 781 1410 felicem
831 1350 1050 1408 patrem,
1081 1359 1110 1396 ο
1151 1340 1386 1410 infelices
1429 1341 1658 1394 liberos!
1701 1339 1830 1393 Nam
1868 1355 1966 1394 nos
2018 1354 2152 1407 quo-

578 1449 686 1503 que
735 1433 1039 1504 ignominia:
1071 1434 1330 1488 societate
1359 1435 1630 1487 ornandos
1653 1434 1824 1498 duxit,
1850 1447 2074 1500 quorum
2096 1439 2150 1484 et

579 1525 934 1579 eruditionem
965 1537 1016 1578 et
1043 1527 1291 1593 pietatem
1323 1525 1548 1578 Athenis
1578 1533 1935 1593 cognoverat,
1962 1538 2146 1578 verum

578 1616 647 1671 ad
691 1618 983 1670 secundum
1016 1618 1299 1690 adveptum
1344 1616 1503 1685 207
1539 1625 1846 1670 reservatus
1877 1613 2150 1684 (commo-

579 1711 702 1761 dum
736 1708 880 1762 enim
909 1708 1058 1761 illum
1097 1709 1235 1762 Deus
1259 1707 1487 1774 iustitiae
1510 1721 1709 1775 praeses
1734 1709 1991 1760 adversus
2019 1706 2151 1761 Per-

580 1814 670 1854 sas
709 1798 1010 1868 armabat),
1051 1801 1116 1853 ad
1148 1813 1244 1853 nos
1273 1799 1433 1864 redit,
1461 1797 1614 1852 exsul
1645 1799 1866 1862 beatus,
1899 1809 1953 1852 et
1976 1799 2147 1853 vietor

580 1893 917 1956 incruentus,
944 1902 1107 1960 atque
1147 1897 1218 1945 ob
1257 1891 1604 1961 ignominiam
1638 1890 1854 1956 clarior,
1887 1907 2046 1961 quam
2078 1893 2144 1946 ob

579 1984 916 2052 splendorem
949 1995 1002 2037 et
1036 1984 1281 2053 gloriam.

652 2073 788 2128 XIV.
817 2073 966 2127 Hanc
1001 2091 1099 2142 ego
1136 2075 1418 2129 victoriam
1461 2089 1653 2144 magna
1692 2073 1833 2129 illius
1876 2090 2058 2137 manu,
2093 2083 2148 2128 et

579 2164 797 2218 sublimi
826 2180 1083 2234 purpura,
1117 2176 1171 2219 et
1204 2165 1437 2235 ingentis
1465 2166 1621 2236 pretii
1658 2167 1961 2221 diademate
1993 2167 2147 2236 longe

577 2251 943 2307 sublimiorem
998 2262 1053 2308 et
1099 2254 1532 2309 excellentiorem
1585 2270 1705 2310 esse
1761 2271 1979 2310 censeo.
2034 2256 2146 2312 llac

577 2343 890 2397 narratione
923 2343 1094 2413 magis
1123 2341 1338 2406 elTeror,
1369 2359 1528 2412 quam
1556 2343 1600 2396 si
1639 2345 1947 2397 universum
1981 2343 2147 2411 impe-

577 2435 718 2489 rium
753 2451 873 2489 cum
907 2450 972 2490 eo
1003 2436 1230 2504 partitus
1265 2445 1431 2491 esset.
1458 2435 1610 2489 Malis
1630 2435 1794 2504 igitur
1818 2436 2148 2502 temporibus

574 2526 742 2609 cedit,
779 2527 836 2580 in
875 2541 1045 2596 eoque
1091 2527 1188 2596 legi
1235 2537 1432 2581 nostra:
1477 2528 1846 2596 obtemperat,
1881 2542 2000 2596 quas
2048 2527 2148 2582 hoc

574 2619 772 2682 sancit,
825 2628 886 2672 ut
939 2629 1164 2690 urgente
1213 2619 1432 2689 quidem
1473 2629 1710 2689 tempore
1762 2635 1862 2689 pro
1918 2620 2148 2674 veritate

573 2709 874 2780 periculum
927 2711 1208 2774 adeamus,
1263 2725 1365 2766 nec
1419 2711 1672 2780 pietatem
1726 2726 1822 2780 per
1879 2712 2145 2781 ignaviam

576 2804 870 2870 prodamus
903 2826 916 2856 ;
950 2803 1187 2872 quandiu
1241 2813 1419 2858 autem
1455 2804 1600 2868 licet,
1641 2804 1877 2873 pericula
1917 2805 2030 2872 ipsa
2081 2819 2146 2860 ne

573 2909 926 2963 provocemus
978 2894 1044 2958 ⁸³,
1099 2897 1213 2948 sive
1267 2896 1571 2949 animarum
1623 2905 1928 2950 nostrarum
1977 2907 2142 2964 metu,

573 2985 690 3040 sive
716 2997 772 3040 ut
805 2987 870 3041 iis
897 2987 1231 3048 consulatur,
1252 2988 1345 3055 qui
1378 2988 1672 3054 periculum
1702 2988 1856 3041 nobis
1885 2987 2143 3042 inferunt.

575 3076 934 3147 Posteaquam
970 3089 1148 3133 autem
1177 3077 1292 3132 haec
1329 3079 1502 3147 caligo
1545 3079 1789 3134 discussa
1821 3089 1938 3143 est,
1967 3091 2147 3134 ester-

2252 603 2428 667 πάσας
2468 603 2630 658 αὐτοῦ
2663 604 2774 674 (28)
2825 605 2924 668 τὰς
2968 608 3024 658 ἐν
3053 609 3164 670 τοῖς
3195 606 3373 674 λόγοις
3408 607 3597 672 πλοκὰς
3620 611 3760 665 διαλὺ-

2252 711 2370 756 σας,
2423 696 2516 748 καὶ
2570 698 2763 766 πεῖραν
2815 697 3032 750 ἃπασαν
3079 699 3258 768 ἀφανῆ
3311 715 3369 751 τε
3422 702 3510 760 καὶ
3554 705 3758 774 φανερὰν,

2251 786 2435 859 ὥσπερ
2462 788 2583 840 τινὰ
2623 787 2837 842 παιδιὰν
2868 791 3285 860 παρωσάμενος,
3320 792 3524 862 μεγάλῃ
3554 795 3633 846 καὶ
3655 793 3760 863 hy.-

2253 880 2364 949 πρᾷ
2384 881 2449 949 τῇ
2481 881 2629 949 φωνῇ
2685 879 2745 931 τὸ
2779 880 3105 950 Χριστιανὸς
3130 877 3268 934 εἷναί
3293 899 3353 934 τε
3386 885 3476 935 καὶ
3507 885 3663 953 μένειν
3695 890 3764 940 ἀνα

2251 969 2544 1039 εκήρυξεν.
2589 970 2709 1022 οῦδὲ
2762 969 2903 1022 οὕτω
2961 971 3061 1042 μὲν
3100 973 3376 1036 παντελῶς
3409 976 3761 1047 ἀποπέμπεται.

2251 1062 2344 1115 καὶ
2370 1063 2479 1132 γὰρ
2511 1062 2681 1124 δεινὸς
2715 1062 2851 1132 ἔρως
2885 1059 2996 1133 εἶχε
3030 1064 3121 1117 τὸν
3163 1064 3388 1134 βασιλέα
3420 1069 3484 1136 τῇ
3519 1069 3760 1140 Καισαρίου

2252 1153 2527 1206 παιδεύσει
2562 1159 2799 1208 συνεῖναι
2831 1157 2923 1208 καὶ
2953 1155 3416 1220 καλλωπίζεσθαι’
3445 1158 3589 1227 ἡνίκα
3621 1164 3763 1216 καὶτὸ

2251 1243 2572 1313 περιϐόητον
2597 1243 2752 1296 τοῦτο
2778 1245 2889 1315 (9.9)
2912 1247 2967 1297 ἐν
2991 1248 3109 1308 ταῖς
3131 1245 3236 1297 τῶν
3262 1247 3374 1313 (50)
3402 1247 3600 1298 πάντων
3619 1249 3760 1312 ἀκοαῖς

2252 1331 2548 1402 ἐῲθέγξατο
2567 1353 2579 1364 ο
2617 1336 2676 1386 Ὢ
2701 1335 2922 1402 πατρὸς
2949 1335 3262 1404 εὐτυχοῦς,
3291 1334 3338 1388 ὢ
3361 1337 3575 1389 παίδων
3592 1338 3761 1392 δυστυ-

2252 1426 2417 1495 χῶν]
2461 1427 2676 1496 Ἐπειδὴ
2730 1427 2824 1478 κα).
2875 1428 3019 1495 ἡμᾶς
3066 1425 3265 1495 ἠξίωσε
3322 1427 3432 1494 (51)
3482 1427 3676 1496 τιμῆσαι
3712 1431 3757 1498 τῇ

2251 1517 2502 1586 κοινωνίᾳ
2534 1517 2630 1586 τῆς
2671 1514 2929 1584 ἀτιμίας,
2966 1509 3041 1567 ὧν
3074 1515 3168 1566 καὶ
3200 1514 3298 1584 τὴν
3346 1513 3606 1566 παίδευσιν
3641 1515 3761 1585 Ἀθὴ-

2250 1625 2402 1678 νῃσιν
2453 1608 2594 1675 ἔγνω
2647 1608 2740 1659 καὶ
2788 1608 2888 1677 τὴν
2939 1607 3238 1668 εὐσέϐειαν,
3292 1606 3515 1677 δευτέρᾳ.
3553 1607 3600 1660 δὲ
3619 1608 3760 1678 εἰσόδῳ

2249 1700 2562 1771 ταμιευθεὶς
2583 1700 2694 1770 (52)
2713 1699 2918 1768 (ἐπειδή
2933 1715 2992 1766 γε
3007 1698 3146 1750 κατά
3169 1698 3396 1768 Περσῶν
3421 1699 3648 1768 ἐκεῖνονή
3668 1699 3757 1768 δίκη

2251 1793 2430 1857 καλῶς
2471 1792 2768 1860 ὲξώπλισεν
2797 1792 2912 1865 [55]
2938 1793 2976 1858 ),
3018 1791 3265 1844 ἐπάνεισι
3300 1793 3431 1862 πρὸς
3457 1794 3592 1862 ἡμᾶς
3628 1792 3758 1860 φυγὰς

2251 1883 2537 1954 μακάριος,
2570 1883 2664 1935 καὶ
2686 1881 3043 1953 τροπαιοῦχος
3068 1881 3428 1948 ἀναίμακτος,
3463 1882 3548 1934 καὶ
3574 1897 3756 1952 περισα-

2248 1977 2493 2047 νέστερος
2517 1973 2614 2045 τὴν
2641 1974 2861 2043 ἀτιμίαν
2891 1973 2924 2043 ἢ
2951 1975 3047 2045 τὴν
3079 1973 3458 2043 λαμπρότητα.

2318 2069 2414 2120 lA'.
2450 2067 2665 2137 Ταύτην
2705 2065 2815 2134 ἐγὼ
2863 2065 2962 2136 τὴν
3019 2065 3174 2134 νίκην
3222 2065 3325 2135 τῆς
3375 2063 3562 2134 πολλῆς
3598 2063 3756 2116 ἐκείνου

2250 2161 2456 2231 χειρὸς,
2496 2161 2588 2212 καὶ
2635 2161 2733 2229 τῆς
2773 2157 2980 2227 ὑψηλῆς
3016 2157 3354 2228 ἀλουργίδος,
3391 2157 3482 2210 καὶ
3511 2156 3595 2208 τοῦ
3633 2155 3755 2207 πολυ-

2248 2251 2434 2313 τελοῦς
2462 2250 2788 2320 διαδήματος
2821 2249 3156 2319 ὑψηλοτέραν
3192 2249 3366 2319 κρίνω
3398 2246 3579 2318 μακρῷ
3601 2247 3674 2300 καὶ
3698 2263 3756 2297 1:-

2253 2342 2556 2414 μιωτέρανο
2609 2341 2786 2411 τούτῳ
2820 2339 2898 2410 τῷ
2939 2340 3232 2410 διηγήματι
3284 2339 3441 2394 πλέον
3488 2339 3756 2409 ἐπαίρομαι,

2247 2435 2281 2506 ἢ
2311 2436 2359 2488 εἰ
2389 2437 2568 2488 πᾶσαν
2595 2434 2788 2504 ἐκείνῳ
2819 2432 2916 2504 τὴν
2959 2433 3234 2502 βασιλείαν
3271 2433 3637 2504 ἀπεμερίσατο.
3666 2431 3756 2492 Τοῖς

2251 2527 2349 2596 μὲν
2378 2521 2470 2578 οὖν
2499 2528 2754 2596 πονηροῖς
2797 2525 3073 2595 ὑποχωρεῖ
3097 2525 3332 2594 χρόνοις,
3376 2525 3467 2576 καὶ
3492 2523 3628 2575 τοῦτο
3654 2521 3759 2573 κατᾶ

2246 2619 2344 2690 τὴν
2399 2617 2672 2690 ἡμετέραν
2727 2617 3082 2687 νομοθεσίαν·
3138 2617 3425 2680 ἐνστάντος
3477 2616 3565 2687 μὲν
3611 2611 3756 2684 καιροῦ

2246 2709 2666 2763 διακινδυνεύειν
2696 2710 2837 2780 ὑπὲρ
2858 2712 2954 2778 τῆς
2982 2709 3261 2780 ἀληθείας,
3297 2711 3390 2764 καὶ
3421 2709 3490 2780 μὴ
3514 2708 3756 2779 προδιδόναι

2246 2801 2418 2872 δειλίᾳ
2463 2801 2562 2870 τὴν
2614 2802 2930 2856 εὐσέϐειαν·
2978 2803 3082 2865 ἓως
3125 2804 3168 2857 δ’
3219 2803 3289 2856 ἂν
3324 2804 3450 2873 ἐξῇ,
3487 2803 3552 2874 μὴ
3596 2817 3756 2872 προκαο

2247 2894 2453 2948 λεῖσθαι
2505 2895 2615 2963 (54)
2645 2897 2775 2964 τοὺς
2817 2895 3091 2960 κινδύνους
3137 2896 3500 2960 κελεύουσαν,
3535 2896 3628 2948 εἴτε
3675 2893 3756 2946 δέει

2245 2985 2354 3038 τῶν
2396 2985 2678 3056 ἡμετέρων
2726 2986 2934 3057 ψυχῶν,
2983 2987 3094 3040 εἴτε
3142 2988 3316 3057 φειδοῖ
3361 2989 3464 3041 τῶν
3507 2987 3756 3054 ἐπαγόντων

2244 3077 2335 3131 τὸν
2396 3077 2659 3132 κίνδυνον.
2704 3079 2854 3130 Ἐπεὶ
2885 3079 2940 3132 δὲ
2970 3083 2998 3133 δ
3032 3079 3198 3152 ζόφος,
3234 3080 3399 3151 ἐλύθη
3421 3120 3434 3142 ,
3465 3081 3549 3133 καὶ
3582 3079 3758 3146 ήὺπερ-

580 3185 756 3238 naque
788 3170 937 3240 regio
985 3186 1202 3224 causam
1253 3180 1398 3224 recte
1446 3171 1786 3239 disccplaVil,
1815 3186 1877 3226 ac
1907 3173 2142 3226 vibratus

2249 3169 2378 3244 ορία¹
2406 3167 2585 3231 καλῶς
2620 3168 2856 3233 ἐδίκασε,
2894 3173 3044 3242 καὶὴ
3079 3171 3430 3225 στιλΰωθεῖσα
3457 3171 3665 3244 ῥομφαία
3689 3170 3757 3220 τὸν

572 3261 779 3330 gladius
837 3262 1058 3331 impittm
1108 3263 1421 3331 prostravit,
1481 3277 1674 3332 resque
1709 3263 1774 3316 ad
1805 3261 2142 3318 Christianos

572 3353 870 3418 redierunt,
933 3355 1059 3422 quid
1101 3355 1280 3408 dicere
1336 3368 1553 3408 necesse
1599 3363 1721 3419 est,
1768 3365 1973 3424 quanto
2017 3370 2139 3410 cum

572 3447 775 3502 honore
814 3455 868 3500 et
911 3447 1103 3514 gloria,
1142 3457 1233 3500 aut
1269 3461 1392 3501 cum
1427 3457 1558 3514 quot
1587 3457 1641 3501 et
1673 3448 1887 3516 quantis
1910 3450 2142 3502 testimo-

570 3539 675 3593 niis
717 3554 780 3594 ac
824 3538 968 3592 velut
1015 3539 1127 3606 ipse
1157 3539 1486 3607 .beneticium
1543 3539 1720 3606 potius
1771 3540 1924 3601 dans,
1978 3556 2140 3608 quam

570 3630 863 3698 accipiens,
889 3629 942 3682 in
961 3630 1136 3683 aulam
1168 3646 1380 3684 rursum
1412 3641 1657 3700 receptus
1683 3631 1771 3694 sit,
1799 3630 2154 3700 prioremque'

569 3719 828 3773 honorem
878 3722 1146 3774 secundus
1183 3722 1504 3789 exceperit?
1541 3723 1618 3774 Ac
1670 3731 1878 3788 tempus
1921 3721 2138 3791 quidem

571 3811 925 3880 imperatores
972 3811 1197 3867 subinde
1237 3814 1622 3879 commutavit,
1684 3814 1917 3870 Cassario
1961 3825 2140 3870 autem

568 3899 760 3969 gloria,
783 3913 837 3954 et
859 3899 1194 3956 auctoritatis
1219 3902 1356 3971 apud
1381 3918 1474 3956 eos
1503 3904 1836 3972 principatus
1864 3905 2143 3974 haudqua-

569 4007 730 4061 quam
774 3992 1062 4048 coiivulsus
1111 4009 1175 4047 ac
1223 3995 1516 4050 dissolutus
1552 4004 1632 4050 est
1661 4013 1675 4049 :
1707 3998 1833 4066 quin
1871 3996 2045 4065 petius
2075 3998 2140 4051 de

567 4094 636 4134 eo
662 4081 799 4135 inter
836 4082 1190 4150 imperatores
1216 4093 1486 4138 certamen
1523 4094 1661 4147 erat,
1693 4087 1937 4151 quisnam
1965 4085 2142 4140 Caesa—

570 4171 708 4224 rium
744 4174 920 4242 magis
945 4174 1045 4227 sibi
1071 4173 1406 4240 adiungeret,
1449 4185 1501 4230 et
1536 4175 1814 4245 cujusnam
1856 4177 1944 4230 ille
1970 4179 2140 4244 magis

568 4259 775 4314 amicus
805 4271 858 4314 et
890 4261 1169 4315 familiaris
1205 4262 1495 4318 diceretur.
1527 4264 1672 4320 Talis
1701 4264 1918 4337 Caesarii
1945 4265 2136 4334 pietas,

564 4349 696 4405 talia
760 4353 979 4421 pietatis
1026 4355 1264 4424 prtemia.
1324 4357 1556 4411 Andiaut
1600 4357 1848 4426 juvenes,
1918 4357 2140 4411 audiant

564 4442 689 4509 viri,
720 4459 781 4498 ac
817 4459 910 4514 per
939 4447 1179 4500 eamdem
1210 4447 1461 4502 virtutem
1494 4447 1559 4502 ad
1586 4450 1833 4505 eumdem
1873 4449 2136 4518 splendo-

2249 3260 2416 3330 ἀσεϐῆ
2451 3260 2736 3325 κατέϐαλε,
2765 3261 2856 3313 κα)¹
2888 3263 3228 3332 Χριστιανοῖς
3262 3263 3521 3334 ἐπανῆλθε
3563 3263 3620 3316 τὰ
3647 3261 3754 3332 πρά-

2248 3367 2456 3422 γματα,
2493 3353 2547 3405 τί
2581 3353 2662 3405 δεῖ
2692 3352 2871 3421 λέγειν
2915 3352 3033 3424 μεθ’
3064 3354 3179 3416 οἵας
3211 3353 3371 3426 δόξης
3411 3373 3465 3408 τε
3500 3356 3582 3409 καὶ
3612 3353 3754 3423 τιμῆς,

2247 3442 2280 3513 ἢ
2324 3443 2432 3495 τῶν
2465 3444 2776 3514 μαρτυρίων
2805 3445 2932 3497 οἴων
2961 3444 3054 3498 καὶ
3086 3445 3245 3507 ὅσων,
3285 3447 3379 3500 καὶ
3411 3446 3482 3507 ὡς
3507 3445 3655 3505 διδοὺς
3684 3444 3756 3511 χά-

2251 3547 2333 3602 ριν
2375 3532 2572 3602 μᾶλλον
2626 3534 2660 3603 ἢ
2706 3535 3102 3606 κομιζόμενος,
3149 3537 3264 3598 τοῖς
3325 3536 3596 3607 βασιλείοις
3637 3530 3754 3595 αὖθις

2247 3623 2706 3693 ἀναλαμϐάνεται,
2737 3626 2831 3678 καὶ
2872 3626 3172 3696 διαδέχεται
3215 3627 3317 3699 τὴν
3364 3629 3608 3699 προτέραν
3631 3625 3755 3695 τιμὴν

2245 3718 2279 3781 ἡ
2301 3715 2526 3787 δευτέρα
2547 3733 2560 3781 ;
2581 3717 2689 3770 Καὶ
2706 3717 2943 3786 βασιλεῖς
2966 3720 3063 3790 μὲν
3083 3723 3110 3772 δ
3132 3720 3328 3790 χρόνος
3349 3719 3636 3792 παρῆμειψε
3654 3718 3751 3784 (55),

2248 3808 2531 3880 Καισαρίῳ
2557 3809 2613 3862 δὲ
2653 3810 2714 3862 τὸ
2754 3811 2853 3881 τῆς
2898 3811 3141 3876 εὐδοξίας
3173 3813 3370 3867 ἄλυτον
3412 3815 3536 3881 (56),
3577 3808 3754 3865 καὶτῶν

2248 3900 2378 3968 παρ’
2416 3900 2598 3964 αὐτοῖς
2633 3900 2916 3970 πρωτείων
2941 3920 2955 3933 ·
2985 3903 3080 3955 καὶ
3116 3903 3267 3971 ἀγὼν
3305 3901 3619 3974 βασιλεῦσιν,
3644 3901 3755 3958 ὅστις

2249 3990 2446 4060 μᾶλλον
2490 3992 2787 4064 Καισάριον
2825 3994 3173 4065 οἰκειώσηται
3211 3997 3352 4065 (57),
3389 3998 3477 4050 καὶ
3505 3989 3560 4048 οὑ
3601 3992 3753 4064 μᾶλλον

2245 4082 2450 4146 ἐκεῖνος
2482 4083 2755 4154 ὀνομασθῇ
2790 4085 2940 4153 φίλος
2968 4087 3061 4140 καὶ
3088 4086 3383 4158 γνώριμος.
3414 4087 3626 4141 Τοιαῦτα
3654 4085 3754 4136 Και-

2248 4175 2419 4246 σαρίῳ
2446 4175 2514 4229 τὰ
2556 4177 2652 4247 τῆς
2688 4177 2998 4242 εὐσεϐείας,
3043 4180 3136 4232 καὶ
3179 4181 3332 4252 παρά
3374 4179 3480 4250 (58)
3522 4179 3607 4249 τῆς
3637 4177 3753 4228 εὐσε-

2245 4265 2417 4330 ϐείας.
2482 4267 2851 4321 Ἀκούέτωσαν
2890 4270 2982 4322 κοι)⁵
3015 4270 3124 4323 νέοι
3155 4272 3292 4340 (59),
3324 4273 3416 4326 καὶ
3459 4271 3655 4341 ἄνδρες,
3682 4263 3753 4319 καὶ

2244 4358 2331 4412 διὰ
2356 4360 2454 4430 τῆς
2475 4360 2640 4431 αὐτῆς
2663 4361 2863 4431 ἀρετῆς
2889 4362 3023 4433 πρὸς
3042 4362 3140 4433 τὴν
3160 4357 3335 4434 αὐτὴν
3358 4362 3647 4432 ἐπιφάνειαν
3667 4356 3752 4425 (40)

2243 4451 2644 4520 ἐπειγέσθωσαν
2717 4453 2736 4522 (
2770 4453 3020 4522 Ἀγαθῶν
3064 4455 3173 4524 γὰρ
3202 4457 3404 4509 πόνων
3437 4453 3636 4523 καρπὸς
3675 4449 3750 4501 εὑ·

567 4550 682 4591 rem
713 4538 1040 4590 contendant
1093 4537 1381 4609 (Bonorum
1429 4542 1562 4593 enim
1605 4542 1844 4594 laborum
1874 4543 2134 4611 gloriosus

2248 4542 2471 4612 κλεὴς),
2533 4543 2678 4605 ὅσοις
2707 4545 2801 4596 καὶ
2826 4543 2984 4598 τοῦτο
3009 4544 3096 4598 διὰ
3132 4546 3365 4617 σπουδῆς
3395 4546 3484 4600 καὶ
3516 4543 3657 4615 μέρος
3681 4537 3751 4590 eii-

564 4638 641 4684 est
657 4629 953 4700 fructus“),
971 4625 1272 4701 quicunque
1296 4632 1396 4687 hoc
1417 4634 1578 4688 etiam
1600 4633 1862 4692 ambiunt.
1887 4647 2048 4704 atque
2082 4635 2136 4689 in

565 4720 838 4775 felicitatis
867 4731 1020 4789 parte
1044 4723 1330 4777 collocant.

634 4810 750 4866 XV.
786 4809 906 4864 Jam
935 4827 1060 4866 vero
1087 4813 1244 4880 quale
1286 4815 1387 4868 ltoc
1431 4829 1644 4884 quoque
1693 4817 1861 4885 ipsius
1901 4816 2139 4872 miracu-

640 4969 687 5001 ⁸³
715 4969 904 5026 Matth.
941 4989 994 5034 ι,
1035 4971 1126 5030 25.
1202 4972 1247 5005 ⁸⁸
1273 4971 1400 5028 Sat).
1434 4989 1517 5037 Ill,
1547 4974 1633 5030 15.

635 5127 749 5203 (28)
791 5129 998 5203 Πάσας
1037 5129 1245 5203 αὐτοῦ,
1278 5139 1382 5184 etc.
1417 5130 1511 5187 Or.
1557 5132 1612 5196 1,
1647 5132 1851 5197 αὐτοῖς.
1889 5132 2000 5189 Jes.
2033 5135 2136 5188 πά-

565 5199 664 5262 σαὲ
695 5203 898 5264 αὐτοῖς,
927 5202 988 5253 οὐ
1017 5199 1112 5262 τὰς
1141 5201 1198 5252 ἐν
1223 5203 1354 5263 τοῖς.

633 5273 746 5344 (ἓ9)
791 5270 1002 5344 [οὗτο.
1036 5271 1128 5325 Or.
1160 5270 1211 5344 i,
1244 5273 1308 5323 ad
1338 5286 1507 5343 marg.
1545 5272 1740 5344 ἐκεῖνο.

633 5338 747 5413 (50)
792 5339 936 5413 Τῶ-νή.
983 5342 1137 5413 Deest
1174 5341 1374 5413 in‘reg.
1410 5338 1518 5407 lim,
1560 5343 1652 5399 0r.
1689 5344 1736 5406 Ι,
1769 5354 1823 5398 et
1851 5344 1960 5400 Jes.

633 5407 744 5482 (51)
794 5411 1065 5476 Ἠξίωσε.
1119 5407 1176 5464 lu
1229 5407 1346 5465 Οι·.⁷
1384 5413 1434 5477 1,
1476 5413 1543 5467 ad
1591 5428 1758 5482 marg.
1809 5431 1899 5485 γρ.
1963 5414 2126 5478 ἀξίως

565 5485 811 5539 ἐτίμησε.

634 5501 1036 5624 ίξέἒῖεδευτέρᾳ
1090 5551 1159 5606 δὲ
1187 5552 1400 5619 εἰσόδῳ
1440 5548 1787 5622 ταμιευθείς.
1843 5571 1862 5604 ι
1907 5555 2005 5609 ἓΑιί
2037 5570 2122 5609 se.

564 5625 796 5676 cundum
843 5624 1130 5677 adventum
1182 5633 1524 5688 reservatus;
1576 5643 1595 5673 ι
1654 5625 1791 5677 haud
1832 5627 2044 5692 quidem
2094 5640 2122 5678 a
2182 5638 2185 5642 ‘

567 5693 798 5764 Iuliano,
833 5694 926 5764 sed
951 5709 980 5743 a
1015 5693 1194 5748 divina
1229 5695 1558 5764 providentia
1581 5733 1598 5764 ,
1628 5703 1686 5746 ut
1715 5694 1903 5749 iterum
1943 5697 2120 5749 aulam

565 5763 755 5844 adiret.
787 5763 1099 5844 regiamque
1146 5763 1531 5836 ingrederetur.
1568 5763 1720 5844 Quod
1764 5777 1883 5835 post
1923 5765 2118 5821 Juliaui

566 5841 792 5888 mortem
823 5841 1063 5902 contigit.

2243 4634 2522 4698 δαιμονίας
2547 4635 3008 4707 ὑπολαμϐάνεται.

2321 4819 2421 4874 IE'.
2467 4818 2608 4872 Ἀλλ’
2635 4814 2745 4874 οἷον
2780 4821 2845 4891 δὴ
2879 4823 2973 4876 καὶ
3010 4820 3166 4876 τοῦτο
3202 4821 3308 4876 τῶν
3340 4821 3462 4894 περὶ
3485 4818 3628 4875 αὑτὸν
3649 4814 3748 4869 θαυι

2315 5133 2427 5205 (55)
2480 5131 2880 5205 Ἐξώπλισεν.
2919 5150 2938 5183 ι
2970 5133 3046 5205 (Ui
3077 5135 3130 5187 in
3163 5131 3356 5205 Persas
3391 5147 3532 5188 arma
3559 5132 3745 5185 verteret

2241 5201 2470 5270 impulit.
2513 5223 2531 5255 ν
2581 5206 2806 5269 llesych.
2836 5201 3133 5269 ἐξοπλίζειν
3165 5203 3442 5268 κελεύσας.

2329 5275 2416 5347 ῥέε)
2456 5273 2909 5347 Προκ-αλεῖσθαι.
2941 5274 3105 5344 liegg.
3138 5269 3686 5347 bm,_r:pa_axaitsi59at.

2457 5344 2826 5424 Ilep'lcs‘as;
2864 5344 3112 5424 lira-'1":
3147 5344 3462 5424 ἀντήμὲξψεο

2327 5408 2419 5480 56)
2467 5408 2682 5483 Τδτὲῆς
2717 5408 2997 5479 ἐὺδοξίάς
3030 5408 3299 5472 ἄλυτον-ζ’
3323 5408 3411 5471 Sic
3459 5414 3612 5483 Regg.
3657 5408 3740 5464 ίιιηο

2234 5484 2327 5548 hu,
2361 5493 2464 5537 etc.
2499 5483 2662 5542 Editi.
2689 5485 2809 5538 6....
2837 5484 3050 5548 ἄλυτος.

2305 5554 2415 5627 (ξῖ)
2461 5553 2868 5627 Οίθιειώσησαι.
2897 5555 2992 5610 0r.
3028 5556 3078 5616 Ι.
3112 5556 3408 5614 οἰκειῶσαι.
3641 5617 3650 5627 ,

2456 5625 2564 5700 (fa;
2602 5623 2810 5700 arade
2831 5625 3019 5681 Comb.
3049 5628 3148 5700 Δκαὶ
3177 5628 3330 5700 γέρα,
3375 5647 3392 5680 ι
3422 5635 3472 5681 et
3493 5623 3694 5694 premia.
3722 5627 3735 5657 ι

2323 5693 2411 5767 59)
2452 5693 2562 5767 Καὶ
2591 5693 2735 5767 νέοι.
2780 5696 3082 5767 Deestml,
3119 5701 3169 5750 in
3190 5693 3450 5767 pluribus.

2305 5275 2324 5482 ἓ

2319 5752 2427 5842 ‘0}-
2471 5764 2872 5835 Ἐπιφάνειαν.
2922 5752 3080 5838 Μεθ’
3107 5752 3245 5842 bin:
3485 5764 3529 5830 Ι,
3568 5768 3608 5813 et
3653 5752 3722 5808 les

2227 5837 2608 5908 περιφάνειαν.
