3844 6390
112 396 190 451 7⁸13

815 376 1070 431 ORATIO
1107 376 1221 434 VII.
1256 406 1327 420 -
1362 375 1430 430 IN
1467 375 1752 433 LAUDEM
1787 375 2088 433 CESARII
2127 375 2453 433 FRATRIS.

3165 379 3274 433 77‘

111 513 274 587 μάτων,
297 497 417 572 ὁμοῦ
447 515 506 550 τε
533 502 631 569 τῆς
662 515 770 550 των
798 497 1000 566 γονέων
1042 496 1350 561 θεοσεϐείας
1393 498 1485 551 καὶ
1514 498 1610 568 τῆς

1735 513 1822 554 um
1845 506 1948 563 est,
1979 499 2118 567 quod
2151 499 2330 565 simul,
2359 508 2417 554 et
2445 506 2750 567 parentum,
2777 507 2832 553 et
2862 497 3028 568 ipsius
3058 496 3309 567 pietatis‘

107 585 539 661 ἐκείνουμεγίστην
574 585 843 652 ἀπόδειξιν
874 587 1026 660 ἐχον;
1057 588 1301 660 Διέτριϐε
1334 589 1428 660 μὲν
1459 592 1515 642 ἐν
1543 593 1608 661 τῇ

106 685 320 744 Βιθυνῶν,
364 679 459 748 τὴν
505 678 566 730 οὐ
614 678 906 750 πολλοστὴν
954 680 1062 733 ἀπὸ
1105 679 1367 749 βασιλέως
1413 680 1608 733 διέπων

107 779 268 850 ἀρχὴν·
295 775 324 841 ἡ
353 770 412 840 δὴ
436 765 502 839 ἦν
528 771 810 840 ταμιεύειν
857 771 1064 841 βασιλεί
1094 771 1162 824 τὰ
1200 772 1480 850 χρήματα,
1517 771 1610 824 καὶ

107 847 186 924 τῶν
206 847 475 932 θησαυρῶν
514 861 656 931 ἔχειν
681 862 777 932 τὴν
817 861 1151 931 ἐπιμέλειαν.
1199 847 1474 914 Ἐντεῦθεν
1503 861 1610 932 γὰρ

109 959 222 1030 αὐτῷ
263 956 349 1019 τὰς
397 953 609 1024 μείζους
650 954 820 1026 ἀρχὰς
868 954 1118 1024 βασιλεὺς
1163 952 1606 1024 προοιμιάζεται·

105 1055 174 1106 τοῦ
199 1051 245 1103 δέ
272 1044 446 1117 πρώην
478 1044 882 1115 συνενεχθέντος
909 1045 966 1096 ἐν
992 1045 1194 1115 Νικαίᾳ
1220 1043 1443 1114 σεισμοῦ
1475 1044 1608 1114 (41),

107 1145 148 1206 ὃς
172 1141 222 1210 δὴ
245 1133 602 1209 χαλεπώτατος
625 1135 732 1188 τῶν
761 1134 976 1188 πώποτε
1006 1136 1491 1206 μνημονευομένων
1518 1153 1612 1204 γεο

104 1233 272 1303 γονέναι
293 1229 518 1296 λέγεται,
549 1227 742 1299 μικροῦ
758 1228 883 1290 τοὺς
904 1229 1108 1290 πάντας
1131 1227 1608 1295 ἐγκαταλαϐόντος,

107 1324 177 1377 καὶ
211 1319 277 1389 τῷ
310 1318 400 1388 τῆς
443 1317 648 1379 πόλεως
681 1317 864 1370 κάλλει
909 1317 1400 1386 συναφανίσαντος,
1454 1316 1612 1386 μόνος

103 1414 182 1468 τῶν
206 1409 480 1479 ἐπιφανῶν,
520 1408 552 1478 ἣ
583 1408 776 1478 κομιδῆ
817 1407 912 1460 σὺν
941 1408 1140 1476 ὀλίγοις
1160 1451 1173 1473 ,
1209 1409 1271 1460 ἐκ
1300 1407 1394 1461 τοῦ
1435 1407 1610 1461 κινδύο

105 1523 172 1558 νου
201 1499 558 1571 περισώζεται,
593 1499 686 1551 καὶ
720 1498 990 1568 σωτηρίαν
1028 1497 1431 1569 ἀπιστουμένην
1465 1497 1612 1568 αὐτῷ

104 1593 377 1653 σκεπασθεὶς
410 1591 487 1661 τῷ
522 1590 918 1661 συμπτώματι,
951 1593 1044 1644 καὶ
1080 1591 1250 1662 μικρά
1280 1595 1478 1662 σημεῖα
1518 1591 1611 1644 τοῦ

102 1685 296 1739 κινδύνου
325 1682 639 1752 φερόμενος,
667 1684 788 1736 ὅσον
819 1683 908 1736 τὸν
946 1684 1108 1753 φόϐον
1137 1684 1478 1752 παιδαγωγὸν
1522 1685 1614 1738 λα-

103 1777 187 1828 θεῖν
210 1774 296 1843 τῆς
338 1769 578 1842 μείζονος
613 1772 884 1842 σωτηρίας
903 1813 917 1836 ,
961 1773 1056 1825 καλ.
1082 1772 1217 1835 ὅλως
1245 1773 1344 1843 τῆς
1377 1773 1488 1826 ἅνω
1518 1789 1610 1840 γε-

1711 591 2003 644 maximum
2042 600 2417 658 argumentum
2447 590 2643 645 habet?
2669 590 2724 644 lu
2747 589 2997 660 Bithynia
3025 589 3276 659 degebat,

1709 682 2084 753 przel'ecturam
2117 683 2184 736 ab
2215 684 2540 752 imperatore
2568 683 2708 736 haud
2751 693 3077 749 postremam
3105 679 3278 733 admi-

1711 771 1966 828 nistrans.
2016 774 2088 828 Ea
2140 785 2320 829 autem
2371 783 2492 829 erat
2532 774 2750 843 exigere
2803 787 2900 842 pro
2947 772 3276 840 imperatore

1711 867 1989 934 pecunias,
2027 882 2090 920 ac
2130 868 2502 920 thesaurorum
2525 881 2707 919 curam
2731 878 2940 933 gerere.
2977 862 3088 916 lluc
3125 862 3273 916 enim

1714 958 1785 1012 illi
1857 959 2118 1027 majorum
2185 958 2512 1027 dignitatum
2581 957 2725 1010 velut
2787 955 3097 1025 prreludium
3157 968 3277 1008 esse

1712 1051 2006 1119 imperator
2033 1050 2220 1106 voluit.
2259 1050 2393 1104 Cant
2443 1058 2618 1103 autem
2665 1047 2856 1102 Nicmae
2881 1058 3037 1100 terra:
3074 1055 3274 1107 motus,

1713 1152 1831 1212 post
1860 1143 2138 1198 hominum
2167 1143 2480 1196 memoriam
2512 1141 2802 1204 maximus,
2839 1151 3078 1199 exortus.
3109 1137 3280 1207 208

1711 1249 1901 1290 omnes
1934 1249 2070 1303 pene
2115 1234 2422 1296 invasisset,
2457 1243 2617 1300 atqtte
2660 1247 2763 1284 una
2815 1247 2937 1285 cum
2981 1231 3128 1284 urbis
3160 1230 3277 1299 pul-

1714 1325 2019 1379 cltritudine
2039 1323 2346 1385 delevisset,
2375 1323 2522 1376 solus
2557 1323 2670 1392 ipse
2696 1337 2759 1375 ex
2790 1321 3088 1374 illustribus
3120 1319 3280 1385 viris,

1714 1427 1806 1470 aut
1835 1426 1981 1470 certe
2014 1431 2136 1469 cum
2165 1415 2451 1469 admodum
2483 1415 2668 1484 paucis
2693 1429 2722 1466 e
2753 1411 2988 1480 periculo
3019 1410 3198 1464 salvus
3224 1419 3282 1463 et

1715 1507 1996 1562 incolumis
2034 1507 2237 1570 evadit,
2288 1506 2450 1574 idque
2489 1505 2642 1559 modo
2670 1505 2900 1573 quodam
2953 1501 3279 1565 incredibili,

1714 1599 1816 1652 hoc
1848 1608 1930 1652 est
1979 1599 2089 1668 ipsa
2128 1599 2281 1650 ruina
2317 1606 2626 1666 protectus,
2679 1611 2740 1649 ac
2779 1610 2973 1664 parvas
3019 1595 3277 1658 quasdam

1713 1689 1940 1758 periculi
2006 1698 2162 1744 notas
2219 1688 2508 1744 referens:
2548 1690 2806 1743 hactenus
2864 1687 3148 1750 videlicet,
3221 1693 3282 1738 ut

1717 1782 1966 1835 timorem
2001 1780 2223 1851 majoris
2250 1781 2444 1836 salutis
2474 1782 2788 1850 magistrum
2822 1789 3056 1848 caperet,
3084 1787 3280 1832 totum-

101 1865 242 1918 νέσθαι
276 1863 483 1932 μοίρας,
540 1860 902 1932 μεταθέμενος
950 1861 1044 1932 τὴν
1084 1861 1365 1932 στρατείαν
1404 1864 1468 1915 ἐκ
1505 1863 1611 1916 τῶν

1728 1887 1823 1941 que
1850 1888 1968 1928 sese
1994 1888 2240 1943 superna:
2263 1874 2400 1944 parti
2425 1874 2766 1943 adjttngeret,
2799 1872 3054 1927 translata
3089 1870 3280 1924 militia

101 1955 378 2026 κινουμένων
409 1952 547 2023 (42),
593 1953 688 2006 καὶ
729 1953 968 2024 ἀμείψας
1007 1953 1179 2024 ἐαυτῷ
1225 1954 1294 2008 τά
1344 1954 1611 2024 βασίλεια.

99 2049 233 2101 Τοῦτο
278 2045 370 2115 μὲν
407 2040 501 2098 οὖν
556 2046 650 2099 καὶ
701 2045 954 2098 διενοεῖτο
977 2086 991 2108 ,
1047 2046 1139 2099 καὶ
1197 2047 1338 2100 κατὰ
1381 2049 1614 2119 σπουδὴν

101 2137 236 2208 ἐαυτῷ
281 2135 604 2206 συνηύχετο,
641 2135 716 2199 ὡς
761 2135 897 2208 πρὸς
949 2136 1046 2207 ἐμὲ
1093 2136 1316 2207 γράφων
1379 2137 1612 2201 ἔπειθεν,

99 2231 370 2302 ἁρπάσαντα
406 2229 498 2280 τὸν
529 2229 717 2300 καιρὸν
751 2229 832 2291 είς
858 2227 1172 2298 νουθέτησιν
1191 2245 1202 2258 ·
1235 2229 1370 2300 ὅπερ
1397 2229 1503 2282 οὐδ’
1533 2230 1618 2282 ἄλο

99 2323 190 2377 loss
217 2322 316 2390 (i3)
352 2319 518 2374 ποιῶν
570 2320 914 2392 ἐπαυσάμην,
951 2319 1265 2391 ζηλοτυπῶν
1309 2321 1367 2373 τὸ
1409 2322 1614 2375 ἐκείνου

99 2413 385 2484 μεγαλοφυὲς
414 2412 778 2484 στρεφόμενον
809 2413 864 2464 ἐν
891 2415 1001 2474 τοϊς
1032 2413 1257 2483 χείροσι,
1286 2411 1378 2465 καὶ
1405 2412 1500 2482 τὴν
1535 2431 1619 2480 φι-

98 2507 277 2574 λόσοφον
320 2503 456 2557 οὕτω
503 2503 678 2574 ψυχὴν
717 2505 774 2556 ἐν
816 2507 926 2566 τοῖς
957 2503 1233 2574 δημοσίοις
1270 2503 1618 2573 καλινδουμέο

96 2615 186 2666 νην,
216 2595 298 2650 καὶ
320 2596 505 2668 ὥσπερ
533 2595 681 2666 ἣλιον
711 2595 859 2665 νέφει
890 2595 1417 2666 συγκαλυπτόμενον.
1461 2595 1618 2650 Ἀλλὰ

97 2688 166 2740 τοῦ
195 2689 278 2759 μὲν
307 2687 533 2758 σεισμοῦ
562 2687 822 2760 κρείττων
852 2687 1086 2756 ἐγένετο.
1121 2689 1218 2758 τῆς
1249 2690 1405 2741 νόσου
1436 2687 1492 2741 δέ
1520 2689 1619 2741 οὐκ

97 2782 155 2832 ἐτι
185 2780 312 2849 (44)·
345 2781 439 2833 καὶ
483 2779 595 2851 γὰρ
644 2775 711 2850 ἦν
755 2778 1057 2850 ἅνθρωπος.
1094 2779 1202 2832 Καὶ
1247 2779 1307 2832 τὸ
1352 2762 1449 2849 μὲν
1490 2779 1619 2832 ἴδιον

99 2873 283 2933 ἐκείνου,
320 2872 378 2924 τὸ
409 2871 466 2924 δὲ
499 2872 678 2924 κοινὸν
706 2871 839 2942 πρὸς
878 2872 1002 2934 τοὺς
1032 2870 1241 2934 ἄλλους.
1289 2873 1398 2924 Καὶ
1431 2871 1620 2941 τὸμὲν

95 2965 169 3034 τῆς
197 2964 467 3027 εὐσεϐείας
487 3005 502 3028 ,
537 2964 596 3017 τὸ
635 2964 692 3016 δὲ
724 2964 819 3034 τῆς
852 2962 1084 3032 φύσεως.
1114 2963 1222 3015 Καὶ
1256 2961 1558 3034 προῦλαϐεν
1587 2965 1620 3034 ἡ

97 3057 369 3127 παραμυθία
400 3057 472 3109 τὸ.
493 3056 686 3119 πάθος,
719 3055 807 3108 ἵνα
833 3053 910 3124 τῷ
937 3054 1150 3124 θανάτῳ
1185 3042 1506 3119 σεισθέντες,
1545 3055 1624 3126 τῷ

94 3149 331 3220 παραδόξῳ
372 3149 474 3219 τῆς
514 3149 634 3201 τότε
670 3147 942 3218 σωτηρίας
987 3147 1472 3218 ἐγκαυχησὼμεθα.
1515 3148 1623 3200 Καὶ

1723 1965 1884 2018 rebus
1918 1965 2083 2019 motui
2123 1961 2374 2020 obnoxiis
2395 2009 2408 2030 ,
2446 1980 2507 2020 ac
2535 1973 2858 2020 commutata
2888 1965 2986 2018 sibi
3014 1964 3111 2032 ipsi
3137 1963 3280 2015 aula.

1720 2055 1894 2124 Atque
1926 2055 2025 2110 hoc
2053 2057 2270 2126 quidem
2317 2067 2372 2111 et
2407 2056 2458 2110 in
2491 2059 2672 2109 animo
2703 2056 2952 2118 habebat,
2985 2063 3038 2108 et
3069 2068 3284 2108 summo

1717 2147 1894 2201 studio
1924 2148 2249 2216 exaptabat,
2305 2147 2749 2215 quemadmodum
2786 2145 2913 2198 mihi
2948 2159 3042 2212 per
3075 2143 3282 2197 litteras

1718 2238 2093 2307 persuadebat,
2129 2253 2252 2291 cum
2293 2238 2432 2291 hanc
2473 2239 2538 2291 ad
2585 2252 2708 2291 eum
2750 2235 3079 2290 mouendum
3121 2247 3274 2287 occa-

1715 2326 1924 2388 sionem
1959 2326 2306 2395 arripuissem
2358 2326 2545 2396 (epist.
2577 2324 2685 2395 ‘20)
2709 2342 2722 2378 :
2748 2325 2890 2394 quod
2918 2339 3016 2378 nec
3048 2336 3286 2391 unquam
3340 2367 3352 2390 ς,

1718 2415 1897 2470 facere
1925 2415 2130 2480 destiti,
2167 2416 2392 2470 moleste
2424 2416 2602 2471 ferens
2635 2416 2778 2469 illius
2802 2414 2996 2469 indolis
3019 2412 3288 2482 magnitu—

1717 2507 1894 2560 dinem
1945 2507 1998 2560 in
2049 2507 2412 2562 deterioribus
2453 2508 2613 2560 rebus
2649 2506 2893 2571 versari,
2943 2505 3287 2571 animamque

1718 2594 1853 2667 adeo
1904 2594 2334 2664 philosoplticam
2383 2595 2438 2649 in
2488 2595 2717 2664 publicis
2761 2595 2988 2664 negotiis
3034 2594 3285 2661 volutari,

1718 2703 1784 2743 ac
1814 2688 1958 2744 velut
1983 2687 2150 2742 solem
2191 2687 2420 2743 nubibus
2451 2689 2666 2744 obduci.
2716 2689 2915 2744 Verum
2945 2697 3100 2742 terra:
3139 2697 3287 2740 motu

1718 2779 1932 2847 quidem
1965 2779 2212 2849 superior
2239 2779 2362 2844 fuit,
2397 2781 2585 2835 morbo
2618 2795 2746 2834 vero
2774 2795 2878 2832 non
2910 2779 3038 2834 item
3075 2795 3090 2833 :
3127 2780 3290 2834 homo

1719 2872 1861 2924 enim
1903 2881 2042 2924 erat.
2071 2872 2250 2941 Atque
2285 2872 2412 2925 illud
2449 2873 2724 2941 praprium
2753 2873 2825 2927 illi
2868 2873 2985 2937 luit,
3035 2873 3135 2927 llOC
3163 2887 3284 2925 cum

1721 2960 1842 3015 aliis
1879 2977 2185 3017 commune.
2230 2961 2362 3017 Illud
2405 2963 2642 3032 pietatis,
2693 2964 2796 3018 hoc
2827 2974 3052 3018 naturae.
3110 2965 3288 3032 Atque

1723 3055 2019 3110 consolatio
2053 3056 2414 3110 calamitatem
2455 3057 2767 3120 antevertit,
2816 3065 2871 3109 ut
2909 3057 3074 3125 ipsius
3113 3064 3287 3110 morte

1727 3147 1996 3211 concussi,
2044 3148 2112 3202 ob
2157 3147 2529 3200 admirandum
2565 3157 2692 3201 tunc
2731 3147 2923 3200 salutis
2967 3163 3136 3216 genus
3178 3147 3293 3214 glo-

93 3239 163 3291 νῦν
183 3244 296 3311 ἡμῖν
316 3243 343 3293 ὁ
378 3241 551 3303 πολὺς
581 3240 878 3311 Καισάριος
910 3238 1284 3292 ὰποσέσωσται
1314 3240 1447 3310 (45),
1477 3239 1618 3304 κόνις

1728 3236 1953 3290 riemur.
1994 3241 2072 3290 Ac
2105 3252 2247 3290 nunc
2276 3236 2433 3290 nobis
2465 3253 2691 3307 magnus
2734 3237 2820 3292 ille
2863 3238 3132 3292 Caesarius
3170 3253 3289 3292 ser—

89 3334 228 3402 τιμία,
267 3334 456 3403 νεκρὸς
506 3332 917 3403 ἐπαινούμενος,
955 3333 1142 3404 ῦμνοις
1183 3332 1290 3404 (46)
1333 3332 1392 3397 ἐξ
1440 3331 1622 3404 ὓμνων

92 3427 579 3497 παραπεμπόμενος,
618 3425 907 3496 μαρτύρων
937 3424 1141 3496 βήμασι
1177 3426 1620 3496 πομπευόμενος,

91 3517 253 3582 γονέων
283 3517 470 3588 χερσὶν
509 3515 686 3578 ὁσίαις
715 3513 1050 3584 τιμώμενος,
1081 3515 1285 3585 μητρὸς
1309 3513 1624 3583 λαμπροφο-

95 3606 160 3676 pia
179 3607 276 3676 (47)
305 3607 383 3678 τῷ
413 3606 585 3661 πάθει
612 3604 709 3675 τὴν
736 3603 1014 3657 εὐσέϐειαν
1051 3601 1505 3672 άντεισαγούσης,
1534 3601 1624 3655 δά-

90 3713 242 3766 κρυσιν
273 3698 612 3770 ἡττωμένοις
646 3696 952 3768 φιλοσοφία,
974 3695 1311 3766 ψαλμῳδίαις
1344 3693 1624 3764 κοιμιζού-

92 3789 336 3853 σιιςιτοὺς
370 3791 632 3860 θρήνους,
666 3789 758 3842 καὶ
804 3789 902 3859 τῆς
932 3789 1238 3840 νεοκτίστου
1275 3786 1385 3858 (48)
1425 3786 1621 3857 ψυχῆς,

90 3878 139 3947 ἦν
161 3880 210 3932 τὸ
236 3879 457 3951 Πνεῦμα
488 3881 562 3934 δι’
592 3880 780 3944 ὓδατος
806 3880 1212 3952 ἀνεμόρφωσεν,
1240 3879 1364 3947 ἄξια
1389 3879 1458 3933 τὰ
1485 3879 1625 3951 γέρα

89 3974 257 4042 καρποῦ
265 3991 446 4043 μενος.

137 4085 232 4151 ις’.
263 4085 432 4140 Τοῦτό
461 4102 571 4151 σοι,
603 4084 894 4156 Καισάριε,
927 4085 1056 4156 παρ’
1085 4084 1218 4155 ἐμοῦ
1248 4085 1308 4139 τὸ
1341 4085 1619 4155 ἐντάφιον·

88 4166 210 4226 altu:
246 4177 349 4229 τῶν
396 4176 558 4248 ἐμῶν
599 4175 771 4244 λόγων
803 4177 858 4230 αί
898 4176 1162 4247 ἀπαρχαὶ,
1196 4175 1288 4239 οὒς
1317 4175 1629 4248 κρυπτομέ-

86 4278 180 4328 νους
233 4267 492 4332 πολλάκις
550 4267 941 4338 πεμψάμενος,
986 4266 1078 4319 ἐπὶ
1140 4267 1363 4320 σεαυτὸν
1410 4265 1628 4337 γυμνώ-

87 4373 171 4410 σειν
209 4359 313 4432 (49)
347 4360 604 4432 ἔμελλες.
639 4355 804 4422 Οὗτος
831 4361 859 4412 ὁ
885 4361 1011 4430 παρ’
1043 4358 1177 4430 ἐμοῦ
1207 4359 1437 4428 κόσμος·
1463 4360 1545 4412 σοὶ
1570 4359 1626 4411 δέ

86 4450 254 4521 κόσμου
305 4453 547 4517 παντὸς,
594 4449 652 4507 εῦ
699 4449 835 4519 οἶδα,
885 4452 1136 4522 φίλτατος
1163 4452 1296 4522 (50),
1336 4452 1396 4505 οὐ
1445 4453 1627 4524 σηρῶν

1722 3337 1879 3380 vatus
1910 3337 2011 3394 est,
2032 3329 2171 3383 cinis
2192 3311 2482 3398 pretiosus,
2517 3339 2756 3383 mortuus
2779 3329 3040 3392 laudatus,
3072 3330 3291 3400 hymnis

1722 3418 1821 3473 sibi
1852 3419 2262 3474 succedentibus
2285 3421 2563 3484 deductus,
2597 3421 2662 3473 ad
2709 3431 3004 3489 martyrum
3040 3423 3281 3476 sacraria

1723 3527 1841 3565 eum
1865 3527 2055 3580 pompa
2081 3511 2294 3573 ductus,
2323 3513 2522 3566 sanctis
2545 3522 2823 3581 parentum
2851 3515 3100 3568 manibus
3122 3515 3287 3568 ltono~

1724 3611 1896 3665 ratus,
1933 3610 2105 3656 matre
2133 3600 2361 3655 candida
2394 3612 2542 3657 veste
2566 3602 2746 3656 induta
2776 3603 3028 3671 pietatem
3070 3603 3290 3658 mterori

1729 3694 2087 3762 subrogante,
2185 3693 2439 3764 lacrymis
2495 3710 2525 3748 a
2589 3696 2922 3766 philosophia
2985 3699 3288 3766 superatis,

1725 3786 2037 3856 psalmodiis
2083 3785 2287 3841 luctum
2345 3787 2687 3851 sedantihus,
2726 3804 2790 3842 ac
2841 3790 3073 3859 denique
3101 3792 3292 3860 dignos

1723 3878 1903 3932 anima
1939 3892 2128 3932 recens
2153 3888 2357 3943 creata,
2388 3895 2550 3947 quam
2574 3879 2807 3958 Spiritus
2833 3895 2929 3949 per
2959 3882 3288 3952 baptismum

1724 3967 2058 4034 reformavit,
2091 3968 2329 4024 honores
2358 3970 2687 4039 percipiens.

1796 4081 1934 4136 XVI.
1975 4081 2086 4138 lloc
2127 4083 2220 4137 libi
2267 4098 2295 4136 a
2340 4098 2446 4150 me,
2487 4082 2722 4148 Caesari,
2775 4083 2999 4140 funebre
3050 4102 3242 4141 munus
3276 4106 3290 4142 :

1725 4177 1808 4231 ha:
1832 4191 2072 4248 meorum
2105 4177 2354 4244 primitiae
2374 4191 2704 4239 sermonum,
2725 4193 2858 4245 quos
2885 4179 3144 4232 occultari
3175 4196 3294 4249 per-

1728 4284 1870 4337 smpe
1895 4279 2140 4337 questus,
2174 4269 2226 4324 in
2261 4280 2313 4322 te
2339 4271 2513 4340 ipsum
2541 4271 2852 4324 detecturus
2881 4286 3023 4325 eras.
3056 4270 3166 4326 Hoc
3198 4273 3290 4326 tibi

1726 4373 1755 4412 a
1791 4375 1878 4413 me
1909 4369 2325 4427 ornamentum;
2393 4361 2490 4415 tibi
2535 4362 2772 4429 quidem,
2822 4371 2904 4416 sat
2955 4363 3101 4427 scio,
3146 4365 3292 4418 omni

1726 4464 2044 4506 ornamento
2077 4451 2319 4515 citari'us,
2363 4467 2467 4506 non
2521 4454 2708 4506 sericae
2743 4467 2806 4507 ac
2840 4453 3028 4508 molles
3083 4465 3137 4508 et
3187 4455 3295 4509 cir-

84 4544 432 4613 περιρρέοντα,
471 4543 576 4598 καὶ
626 4542 845 4615 μαλακὰ
876 4543 1116 4614 νήματα,
1143 4538 1224 4606 οἷς
1256 4542 1376 4595 οὐδὲ
1424 4541 1618 4612 περιὼν

1730 4542 2083 4597 cumlluentes
2113 4543 2252 4607 telae,
2278 4544 2471 4611 quibus
2503 4559 2622 4609 nec,
2660 4544 2786 4599 dum
2819 4547 2993 4599 adhuc
3021 4556 3294 4615 superstes

84 4629 262 4705 ἔχαιρες
287 4638 427 4691 κατὰ
455 4638 593 4699 τοὺς
615 4636 860 4699 πολλοὺς,
884 4635 1050 4707 ἀρετῇ
1077 4635 1212 4706 μόνῃ
1234 4633 1625 4704 κοσμούμενος,

82 4723 174 4778 οὐδὲ
195 4725 328 4780 λίνου
361 4726 674 4797 διαφανοῦς
709 4727 1038 4797 ὑφάσματα,
1079 4725 1196 4779 οὐδὲ
1231 4724 1417 4796 μύρων
1459 4725 1628 4778 πολυ-

135 4973 229 5046 (tl)
259 4973 572 5046 Σεισμοῦ,
623 4983 726 5030 etc.
757 4969 1214 5046 #Locusﬂistehin
1259 4967 1393 5046 iteg.
1441 4967 1511 5022 hu
1571 4978 1626 5046 e_t

80 5039 269 5099 Cois-III
341 5039 424 5102 sic
469 5047 718 5111 legitur:
753 5044 874 5096 Σεισ
923 5042 982 5094 οῦ
1007 5083 1020 5102 ,
1071 5039 1166 5094 καὶ
1208 5040 1388 5090 πᾶσαν
1427 5040 1622 5110 μικροῦ

80 5112 153 5165 τὴν
185 5115 329 5165 πόλιν
367 5115 845 5165 κατενέγκαντος.
878 5060 938 5165 gr:
983 5110 1044 5165 δὴ
1093 5107 1478 5165 γαλεπὼτατος
1515 5109 1622 5162 τῶν

79 5112 153 5190 τὴν
185 5115 329 5169 πόλιν
367 5108 845 5190 κατενέγκαντος,
878 5108 938 5175 ὃς
1093 5108 1478 5190 χαλεπώτατος
1515 5108 1625 5190 τίὲν

79 5183 261 5238 πώποτε
291 5179 796 5259 μνημονευομένων
825 5179 1104 5251 γεγονέναι
1126 5179 1362 5247 λέγεται.
1385 5179 1622 5252 Μικροῦ,

76 5264 227 5396 mli?)
262 5325 685 5396 Κιγουμένων.
717 5323 808 5396 (_)r.
842 5322 893 5381 1,
917 5321 1250 5396 ’κινδιξνωνεὶι
1287 5319 1618 5396 periculing

1732 4649 1902 4698 esses,
1934 4633 2222 4688 multorum
2273 4649 2422 4688 more
2463 4634 2839 4698 delectabaris,
2874 4645 3056 4705 utpote
3093 4637 3294 4690 virtute

1733 4725 1846 4780 sola
1869 4735 2114 4790 ornatus,
2147 4740 2245 4781 nec
2268 4725 2362 4780 lini
2390 4725 2642 4796 pellucidi
2671 4733 2941 4792 texturas,
2965 4742 3064 4782 nec
3096 4729 3297 4798 pretio-

1791 4971 1902 5042 (46)
1946 4974 2215 5048 "nn-etc,
2248 4981 2354 5027 etc.
2390 4971 2575 5028 Billius
2605 4993 2618 5028 :
2671 4991 2691 5025 ι
2735 4987 2800 5028 ex
2834 4973 3049 5045 hymnis
3086 4975 3153 5030 ad
3194 4977 3297 5048 ity-

1724 5058 1876 5096 mnos
1905 5046 2274 5096 transmissus.
2316 5061 2337 5094 ›

1793 5113 1904 5181 (47)
1947 5113 2180 5180 Μητρὸς
2207 5113 2644 5181 λαμπροφορίᾳ,
2663 5121 2769 5167 etc.
2799 5113 2982 5167 Billins
2999 5115 3254 5166 vertendo
3280 5131 3295 5166 :

1729 5200 1747 5232 ι
1788 5197 2024 5236 materna
2073 5198 2353 5252 cereorum
2398 5186 2719 5252 gestatione,
2772 5185 3021 5249 pietatem
3073 5187 3295 5252 maerori

1725 5252 2069 5319 eubrogante.
2101 5272 2119 5304 ι
2144 5251 2350 5306 videtur
2383 5252 2597 5321 legisse,
2618 5252 3083 5324 laawadqeopia.
3101 5251 3296 5308 Verum

1736 5341 1753 5371 ι
1787 5324 2012 5376 vestium
2048 5324 2272 5387 candor,
2311 5341 2331 5374 ι
2387 5324 2455 5374 ob
2501 5338 2649 5390 spem
2707 5323 3156 5387 resurrectionis,
3213 5325 3298 5379 hic

130 5389 227 5464 (ιῦ)
265 5397 404 5451 Οὐδ’
436 5389 691 5451 ἄλλοτε.
721 5393 887 5463 Regg.
917 5391 1026 5457 bm,
1056 5392 1148 5456 bu,
1177 5389 1269 5444 Or.
1301 5389 1352 5453 1,
1382 5389 1490 5446 Jes.
1509 5391 1618 5444 οὐδὲ

1729 5402 1877 5464 certe
1928 5393 2102 5459 potius
2149 5393 2307 5464 debet
2349 5389 2605 5461 intelligi,
2657 5407 2816 5462 quam
2869 5393 3028 5446 unius
3087 5412 3106 5444 ι
3153 5395 3297 5448 cerei

74 5461 250 5520 etme.

128 5531 226 5600 (Η)
259 5539 383 5592 οὐκ
413 5536 534 5592 ἔτι.
576 5533 710 5602 Reg.
747 5531 843 5602 hu,
873 5530 1074 5586 οὐκέτι.

129 5599 226 5677 (45)
270 5599 760 5663 Ἀποσέσωσίαι.
804 5601 942 5677 Hic,
971 5603 1036 5654 de
1075 5599 1290 5677 Qmsarii
1325 5601 1536 5677 exuviis
1574 5601 1626 5655 in

76 5671 270 5732 patriam
292 5679 512 5748 delatis,
541 5680 839 5730 sermoest.
870 5671 1074 5748 Itaque,
1092 5671 1483 5748 ἀποσέσωσται
1489 5672 1626 5725 idem

76 5749 141 5816 est
165 5757 219 5800 ac
243 5741 626 5817 sif‘digeretur
651 5765 692 5814 ι⁴
719 5761 739 5795 ι
771 5756 802 5797 a
831 5741 1016 5815 nobis:
1043 5750 1294 5817 receptus
1319 5751 1402 5798 est
1445 5741 1627 5798 Caesa-

79 5812 182 5866 rius.
243 5812 251 5828 '
305 5812 352 5817 “
441 5812 448 5813 ’
685 5812 692 5814 ·
831 5812 836 5815 ·
1047 5816 1120 5828 ""

1731 5463 1994 5532 ta-quue
2014 5462 2276 5532 gestatio;
2314 5480 2334 5513 ι
2361 5464 2519 5529 idque
2555 5477 2652 5516 vox
2683 5465 2794 5532 ipsa
2836 5471 3015 5516 sonat.

1802 5531 1912 5600 (48)
1954 5530 2071 5600 Τῆς
2119 5533 2508 5595 νεοκτίστου,
2546 5545 2649 5586 etc.
2704 5530 2728 5581 “‹
2765 5532 2844 5586 0h
2889 5547 3079 5587 recens
3118 5547 3298 5588 susce-

1729 5611 1876 5672 ptum
1909 5605 2191 5672 baptisma,
2227 5603 2588 5672 hujusaarlatis
2617 5604 2740 5655 ritu.
2777 5621 2798 5653 ›

1800 5671 1911 5742 (49)
1946 5671 2317 5740 Γυμνώσειν.
2357 5671 2534 5742 Mallet
2561 5671 2938 5742 Combelistus,
2969 5677 3292 5742 γυμνάσειν.

1763 5809 1774 5822 ,
1801 5733 1914 5810 (⁵ο)
1953 5733 2256 5808 Φίᾶτατος.
2299 5733 2462 5798 Coisl.
2512 5742 2534 5795 l
2567 5784 2582 5808 ,
2626 5733 2991 5815 τιμιώτερος,
3045 5733 3063 5793 ἱ
3100 5749 3298 5811 pretio-
