3844 6390
524 316 628 374 7'75

1750 309 1811 364 S.
1847 304 2174 365 GREGORII
2211 302 2558 360 τιιεοιοιιι

3616 319 3699 375 ’Πό

521 452 705 495 eorum
739 443 1133 509 unguentorum
1168 428 1491 492 infusioues,
1547 441 1684 497 quas
1727 427 1881 496 prius
1923 427 2087 481 etiam

2215 423 2365 495 τίμων
2413 422 2711 494 ἐπιχύσεις,
2759 421 2794 475 ἃ
2837 423 2954 486 ταῖς
3006 423 3436 509 γυναικωνίτισιν
3476 427 3574 502 (51)
3620 435 3700 490 ἀπ.

525 533 592 586 ad
656 544 904 603 gynzecea
958 523 1296 584 remittebas,
1361 531 1415 575 et
1453 534 1682 588 quarum
1739 518 2088 588 fragrantiam

525 623 641 674 dies
671 633 805 671 unus
839 613 1017 677 solvil,
1047 626 1145 666 nec
1170 608 1334 679 209
1358 608 1588 675 denique
1622 607 1765 660 aliud
1797 606 2089 676 quidquam

525 722 830 780 parvorum,
871 714 924 758 et
949 719 1069 775 quae
1097 703 1237 770 apud
1269 714 1463 770 parvos
1500 698 1556 752 in
1591 699 1764 766 pretio
1797 707 1944 761 sunt,
1974 712 2094 766 qua:

523 801 739 870 quidem
780 798 964 851 omnia
1008 796 1272 850 hodierno
1315 793 1402 845 die
1435 807 1652 844 amarus
1687 791 1774 843 hic
1804 789 1941 858 lapis
1989 803 2093 842 una

523 906 644 944 cum
673 888 898 958 pulchro
925 900 1150 954 corpore
1170 883 1521 938 contexisset.
1555 879 1780 933 Valeant
1814 878 2093 948 gentilium

523 980 842 1042 certamina,
903 989 957 1032 et
1010 978 1286 1048 ﬁgmenta,
1341 990 1436 1044 per
1485 989 1607 1042 quae
1653 972 1839 1028 miseri
1873 973 2097 1042 juvenes

525 1072 701 1128 ornati
728 1081 878 1133 sunt,
906 1069 1099 1140 exigua
1133 1069 1453 1137 exiguarum
1504 1065 1867 1119 certaminum
1901 1079 2098 1133 propo-

525 1167 629 1220 sita
675 1165 938 1218 habentes
964 1163 1223 1232 praemia;
1273 1168 1328 1213 et
1362 1159 1777 1229 quibuscunque
1815 1160 1974 1213 rebus
2003 1173 2101 1227 per

526 1258 802 1320 libamina,
835 1266 889 1308 et
936 1254 1231 1324 primitias,
1275 1262 1330 1306 et
1364 1266 1631 1314 coronas,
1676 1264 1742 1304 ac
1789 1265 1976 1305 recens
2009 1252 2102 1304 de-

526 1359 740 1415 cerptos
781 1348 972 1412 nores,
1024 1344 1330 1400 hominibus
1377 1345 1484 1397 vita
1532 1342 1727 1397 functis
1776 1351 2098 1410 parentant,

527 1422 716 1509 patria;
751 1438 850 1506 legi
876 1439 1076 1506 potius,
1102 1444 1157 1490 et
1179 1435 1374 1488 stolido
1411 1436 1664 1498 mmrori,
1707 1449 1868 1502 quant
1907 1434 2100 1486 rationi

529 1529 849 1582 servientes.
896 1525 1070 1580 Meum
1108 1539 1300 1577 munus
1346 1532 1428 1576 cst
1477 1522 1675 1586 oratio,
1733 1521 1877 1590 quod
1937 1521 2100 1574 etiam

534 1619 771 1675 fortasse
803 1617 1044 1671 futurmn
1072 1626 1280 1683 tempus
1310 1623 1659 1682 excepturum
1694 1623 1806 1674 est,
1844 1623 2102 1680 perpetuo

529 1722 680 1767 motu
715 1711 1017 1780 praeditmn,
1053 1723 1152 1762 nec
1183 1723 1327 1769 eum,
1368 1707 1457 1775 qui
1487 1706 1613 1759 hinc
1649 1705 1918 1773 migravit,
1952 1718 2104 1773 pror-

531 1819 624 1858 sus
671 1802 961 1856 abscedere
1009 1801 1192 1854 sinens
1227 1817 1240 1853 :
1277 1812 1462 1852 verum
1513 1795 1735 1850 auribus
1799 1795 2104 1863 animisque

533 1896 830 1958 hominem,
863 1907 1023 1963 quem
1070 1891 1371 1945 ornandum
1421 1887 1683 1957 suscepit,
1717 1901 1932 1956 semper
1973 1901 2104 1940 con-

529 2003 775 2051 servans,
811 2002 876 2042 ac
899 1985 1186 2041 desiderati
1216 1983 1566 2038 simulacrum
1593 1981 1910 2049 expressius
1941 1994 2105 2050 quam

599 2081 762 2137 XVII.
807 2083 883 2136 Ac
917 2081 1041 2134 talia
1083 2079 1299 2150 quidem
1351 2087 1517 2143 sunt,
1561 2091 1679 2146 quae
1711 2091 1739 2128 a
1787 2075 1944 2129 nobis
1972 2072 2103 2129 olfe-

529 2184 725 2228 runtur
767 2191 780 2227 :
827 2175 869 2228 si
906 2181 1084 2226 autem
1137 2186 1301 2242 parva
1345 2179 1400 2224 et
1429 2168 1636 2222 meritis
1667 2168 1775 2221 tuis
1806 2165 2062 2220 inferiora
2085 2205 2101 2232 ,

531 2263 658 2317 Deo
687 2277 900 2332 quoque
935 2271 1151 2330 gratum
1192 2267 1297 2324 est,
1330 2257 1474 2328 quod
1509 2260 1567 2311 Iit
1600 2273 1699 2328 pro
1735 2257 1959 2311 viribus.
2003 2257 2100 2310 At-

531 2368 636 2422 que
671 2353 776 2406 alia
814 2351 1030 2419 quidem
1079 2349 1473 2419 persolvimus,
1520 2347 1623 2401 alia
1654 2363 1784 2402 vero
1816 2348 2098 2413 dabimus,

530 2443 934 2498 anniversarios
981 2442 1217 2496 [tonores
1267 2449 1321 2495 et
1369 2440 1917 2494 commemorationes
1971 2437 2104 2493 olfe-

530 2544 742 2597 rentes,
772 2533 808 2586 ii
851 2533 1068 2602 quidem
1101 2540 1283 2593 certe,
1329 2531 1418 2600 qui
1469 2531 1792 2601 superstites
1822 2540 2002 2586 erunt.
2037 2531 2106 2582 At

533 2634 610 2688 ιιι,
637 2623 876 2678 divinant
915 2632 968 2676 et
998 2639 1212 2677 sacrum
1244 2632 1406 2692 caput
1430 2663 1444 2687 ,
1490 2624 1698 2676 utinam
1738 2623 1906 2678 caelos
1939 2637 2106 2692 pene-

532 2726 666 2782 tres,
701 2725 863 2786 atque
893 2716 945 2769 in
969 2715 1202 2769 Abrahae
1233 2716 1376 2782 sinu,
1418 2715 1730 2785 quicunque
1763 2715 1979 2768 tandem
2013 2713 2104 2768 ille

531 2817 649 2873 est,
681 2807 1036 2877 couquiescas
1057 2845 1072 2871 ,
1111 2815 1166 2861 et
1194 2806 1508 2876 angelorum
1549 2807 1800 2860 choream
1827 2845 1842 2869 ,
1877 2821 1941 2859 ac
1973 2805 2104 2858 bea-

535 2911 710 2956 torum
742 2902 979 2955 virorum
1011 2901 1236 2970 gloriam
1271 2909 1331 2954 ,ει
1360 2899 1702 2968 splendorem
1734 2904 1980 2966 spectes;
2017 2896 2103 2949 vel
2163 2899 2167 2902 ’

2193 517 2440 586 επέμπου
2482 515 2575 568 καὶ
2618 513 2899 585 πρότερον,
2936 515 3030 567 καὶ
3048 508 3123 569 ὧν
3160 517 3339 588 ἡμέρα
3376 519 3600 589 μία.λύει
3628 528 3702 598 τὴν

2193 607 2436 671 εὐωδίαν,
2474 606 2580 659 οὐδ’
2608 606 2734 660 ἄλλο
2762 624 2814 658 τι
2853 605 2962 676 (52)
2991 607 3100 659 τῶν
3141 609 3348 679 μικρῶν
3388 612 3473 663 καὶ
3507 617 3604 678 τοῖς
3641 636 3702 686 μι-

2195 701 2348 770 κροίς
2386 699 2614 768 τιμίων,
2661 698 2698 751 ἃ
2739 698 2913 751 πάντα
2951 697 3288 769 κατέκρυψεν
3336 701 3398 753 ἂν
3451 705 3651 776 σήμερον
3685 714 3704 764 ά

2197 789 2391 861 πικρὸς
2420 789 2566 852 λίθος
2595 782 2749 852 οὗτος
2784 790 2921 859 μετά
2958 789 3051 843 τοῦ
3082 790 3246 844 καλοῦ
3277 790 3531 862 σώματος.
3571 798 3706 869 Ἐρρἐο

2195 881 2374 934 τωσάν
2409 897 2496 951 μοι
2541 880 2634 933 καὶ
2665 881 2870 948 ἀγῶνες
2918 881 3219 952 Ἑλληνικοί
3253 884 3345 936 καὶ
3381 883 3544 954 μῦθοι,
3577 887 3629 942 δι’
3653 884 3706 944 ὧν

2197 972 2390 1044 ἔφηϐοι
2430 972 2706 1042 δυστυχεῖς
2754 971 3122 1043 ἐτιμήθησαν,
3158 974 3327 1046 μικρά
3376 978 3566 1048 μικρῶν
3598 982 3706 1050 ἀγω.

2199 1065 2474 1136 νισμάτων
2515 1063 2864 1135 προτιθέντες
2904 1067 3015 1137 (55)
3052 1065 3120 1119 τὰ
3159 1066 3398 1120 ἔπαθλα·
3431 1071 3516 1122 καὶ
3544 1071 3626 1125 ὅσα
3647 1075 3708 1128 διὰ

2199 1158 2340 1228 χοῶν
2370 1175 2428 1210 τε
2463 1158 2554 1210 καὶ
2590 1157 2969 1229 ἀπαργμάτων
2989 1197 3004 1222 ,
3037 1158 3069 1229 ἢ
3106 1161 3427 1231 στεμμάτων
3453 1181 3506 1216 τε
3539 1168 3616 1218 καὶ
3641 1169 3708 1220 ἀν-

2201 1250 2338 1303 θέων
2368 1250 2723 1322 νεοδρέπτων,
2758 1252 3122 1320 ἀφωσιοῦνται
3153 1253 3264 1322 (54)
3296 1255 3417 1318 τοὺς
3445 1256 3711 1324 ἀπελθόντας

2201 1339 2556 1411 ἀνθρώπους,
2609 1339 2759 1410 νόμῳ
2807 1341 3019 1412 πατρίῳ
3069 1341 3268 1412 μᾶλλον
3318 1343 3407 1396 καὶ
3445 1345 3611 1417 ἀλογίᾳ
3639 1350 3711 1402 πάι

2204 1431 2332 1493 θους
2363 1429 2474 1501 (55)
2520 1429 2553 1500 ἢ
2587 1429 2738 1501 λόγῳ
2759 1431 3117 1496 δουλεύοντες.
3148 1433 3221 1486 Τὸ
3247 1433 3303 1486 δὲ
3334 1434 3458 1505 ἐμὸν
3488 1437 3632 1509 δῶρον
3652 1441 3714 1494 λό-

2202 1539 2320 1589 γος,
2346 1522 2374 1575 ὃ
2400 1522 2539 1592 τάχα
2569 1523 2662 1575 καὶ
2686 1524 2715 1575 ὁ
2745 1523 2952 1593 μέλλων
2985 1525 3320 1596 ὑπολήψεται
3351 1529 3547 1599 χρόνος,
3567 1531 3637 1584 ἀεὶ
3657 1551 3716 1585 κι-

2201 1613 2464 1682 νούμενον
2531 1613 2626 1665 καὶ
2687 1613 2786 1666 οὐκ
2852 1613 2940 1667 ἐὸν
3000 1616 3080 1678 είς
3135 1615 3195 1667 τὸ
3239 1617 3491 1680 παντελὲς
3519 1619 3715 1677 ἀπελθεῖν

2203 1702 2292 1754 τὸν
2313 1702 2522 1756 ἐνθένδε
2565 1704 3026 1774 μεταχωρήσαντα
3048 1745 3062 1770 ,
3079 1705 3349 1774 φυλάσσον
3375 1707 3480 1778 (56)
3502 1708 3550 1760 δὲ
3565 1711 3635 1762 ἀεὶ
3651 1713 3717 1765 καὶ

2136 1780 2177 1835 Β
2207 1794 2398 1856 ἀκοαῖς
2425 1794 2518 1846 καὶ
2546 1793 2745 1864 ψυχαῖς
2770 1795 2862 1846 τὸν
2885 1794 3190 1865 τιμώμενον
3209 1837 3224 1862 ,
3249 1796 3342 1848 καὶ
3367 1799 3587 1852 πινάκων
3603 1802 3719 1873 ἐναρ-

2208 1884 2471 1954 γεστέραν
2506 1883 2780 1955 προτιθεὶς
2814 1884 2911 1956 τὴν
2941 1886 3121 1939 εἰκόνα
3159 1885 3254 1939 τοῦ
3290 1886 3618 1959 ποθουμένου.

2147 1978 2198 2033 ἰιι
2233 1977 2413 2032 tabula
2439 1980 2788 2044 spectandum
2824 1993 3148 2048 proponens.

2274 2073 2374 2126 IZ’.
2407 2071 2488 2125 Τὰ
2523 2073 2619 2142 μὲν
2646 2067 2736 2125 οὖν
2768 2076 2898 2145 παρ’
2933 2074 3089 2144 ἡμῶν
3120 2075 3378 2130 τοιαῦταο
3406 2078 3451 2130 εί
3489 2076 3538 2129 δὲ
3577 2078 3720 2149 μικρά,

2205 2165 2302 2218 καὶ
2339 2168 2439 2237 τῆς
2463 2165 2621 2231 ἀξίας
2646 2165 2872 2230 ἐλάττω,
2908 2167 3000 2219 καὶ
3032 2167 3151 2237 Θεῷ
3181 2168 3339 2236 φίλον
3367 2169 3425 2221 τὸ
3449 2168 3574 2222 κατά
3604 2171 3722 2223 6'5»:-

2208 2273 2321 2327 μιν.
2357 2256 2466 2309 Καὶ
2503 2257 2571 2311 τὰ
2611 2257 2710 2328 μὲν
2736 2257 3154 2329 ἀποδεδώκαμεν
3176 2260 3314 2330 (57),
3344 2262 3410 2314 τὰ
3437 2261 3491 2314 δὲ
3515 2260 3722 2332 δώσομεν,

2204 2346 2305 2409 τὰς
2328 2345 2394 2399 δι’
2425 2346 2579 2410 ἔτους
2619 2347 3017 2420 προσφέροντες
3049 2351 3212 2420 τιμάς
3239 2368 3302 2404 τε
3332 2352 3423 2404 καὶ
3459 2353 3662 2423 μνήμας,
3688 2356 3725 2406 οῖ

2208 2453 2273 2506 γε
2324 2437 2399 2508 τῷ
2454 2437 2555 2509 βίῳ
2601 2438 3056 2511 περιλειπόμενοι.
3111 2442 3181 2494 Σὺ
3233 2442 3296 2495 δὲ
3345 2445 3474 2514 ἡμῖν
3524 2446 3724 2516 οὐρανοὺς

2211 2529 2559 2599 ἐμϐατεύοις,
2599 2523 2644 2582 ὦ
2674 2530 2793 2583 θεία
2827 2531 2921 2584 καὶ
2957 2531 3076 2603 ίερὰ
3107 2533 3343 2604 κεφαλὴ,
3373 2535 3463 2587 καὶ
3489 2537 3540 2588 ἐν
3559 2537 3726 2598 κόλποις

2224 2620 2497 2693 Ἀϐραὰμ,
2546 2622 2741 2686 οἵτινες
2789 2622 2853 2694 δὴ
2887 2615 3033 2675 οὗτοί
3063 2625 3231 2688 εἰσιν,
3275 2624 3596 2680 ἀναπαύσαιο
3629 2627 3726 2698 (58),

2213 2714 2307 2766 καὶ
2339 2714 2586 2783 ἀγγέλων
2619 2714 2941 2778 ἐποπτεύοις
2979 2717 3230 2788 χορείαν,
3261 2719 3363 2770 καὶ
3393 2719 3642 2790 μακαρίων
3663 2720 3728 2771 ἀν⁸

2211 2803 2354 2876 δρῶν
2380 2805 2536 2869 δόξας
2579 2823 2639 2858 τε
2672 2807 2766 2860 καὶ
2806 2806 3225 2880 λαμπρότητας·
3262 2812 3463 2882 μᾶλλον
3496 2813 3546 2867 δέ
3580 2829 3728 2884 συγχο-

2215 2896 2394 2966 ρεύοις
2420 2897 2515 2951 καὶ
2544 2899 2916 2967 συναγάλλοιο,
2945 2900 3126 2954 πάντα
3158 2901 3425 2972 διαγελῶν
3452 2905 3514 2958 τὰ
3540 2908 3642 2976 τῇδε
3664 2910 3728 2975 ἀφ’

532 2995 712 3063 potius
751 3007 856 3046 una
905 2992 1165 3061 tripudies
1215 3001 1268 3046 et
1299 2990 1571 3054 exsultes,
1618 2989 1800 3044 omnia
1850 3003 1968 3057 quae
2019 2987 2105 3041 hic

2215 2986 2396 3058 ὕψους,
2428 2987 2552 3052 τούς
2577 3006 2635 3042 τε
2659 2989 3022 3061 καλουμένους
3045 2991 3335 3057 πλούτους,
3364 2995 3457 3048 καὶ
3474 2995 3562 3060 τὰς
3583 2998 3729 3069 ὲρῤιμ.

533 3094 677 3147 sunt,
709 3099 777 3138 ex
815 3082 927 3137 alio
954 3084 1233 3144 deridens.
1272 3081 1528 3136 nimirum
1559 3091 1614 3136 et
1645 3081 1884 3145 divitias,
1922 3089 1981 3134 ιιι
2014 3095 2109 3148 ap-

531 3175 825 3246 pellantur;
862 3185 917 3228 et
942 3173 1178 3245 abjectas
1210 3174 1530 3244 dignitates,
1563 3183 1616 3227 et
1652 3173 1819 3228 falsos
1850 3173 2104 3236 honores,

531 3277 588 3322 et
627 3268 980 3337 imposturam
1022 3281 1181 3334 quam
1211 3281 1403 3320 sensus
1443 3265 1668 3330 faciunt,
1705 3274 1759 3318 et
1797 3264 1960 3332 hujus
1987 3264 2110 3323 vita:

527 3360 901 3431 jactationem,
928 3375 991 3412 ac
1020 3368 1279 3428 tanquam
1309 3359 1360 3412 in
1401 3370 1662 3411 nocturna
1709 3373 1884 3427 pugna
1921 3357 2111 3411 confu-

533 3456 740 3510 sionem
754 3466 818 3510 -ει
843 3457 1226 3526 ignorantiam,
1257 3471 1448 3525 magno
1472 3454 1545 3508 illi
1566 3454 1677 3524 regi
1708 3462 1914 3517 astans,
1947 3462 2111 3521 atque

534 3543 684 3598 illinc
715 3547 984 3599 emicante
1024 3544 1226 3600 lumine
1277 3545 1564 3614 impletus;
1611 3545 1764 3613 cujus
1803 3547 2002 3613 exiguo
2036 3545 2112 3597 ri-

532 3636 659 3690 vqu
701 3637 787 3691 hic
815 3647 1103 3706 suscepto,
1141 3646 1404 3706 Quantum
1453 3636 1663 3690 scilicet
1705 3635 1758 3688 in
1791 3635 2026 3702 speculis
2059 3643 2112 3688 et

533 3726 916 3796 aenigmatibus
965 3727 1293 3780 adumbrare
1345 3734 1509 3795 atque
1564 3725 1864 3792 conspicari
1912 3738 2106 3792 possu-

535 3833 680 3882 mus,
711 3817 919 3870 utinam
949 3817 1016 3870 ad
1048 3818 1223 3886 ipsum
1262 3817 1465 3872 fontem
1499 3826 1678 3885 postea
1710 3816 2110 3884 perveniamus,

535 3923 670 3977 pura
706 3918 883 3961 mente
912 3924 1102 3976 puram
1139 3907 1423 3962 veritatem
1463 3908 1756 3968 intuentes,
1785 3916 1948 3974 atque
1973 3905 2114 3960 hanc

538 3993 741 4048 laboris
777 3995 828 4047 in
865 3994 1081 4048 virtutis
1111 3995 1289 4048 studio
1318 3994 1570 4048 exhausti
1602 3991 1910 4046 mercedem
1954 3992 2108 4044 inve-

542 4087 780 4148 niamus,
811 4097 868 4138 ut
901 4085 1194 4154 perfectius
1223 4086 1335 4140 illic
1366 4086 1564 4140 summi
1597 4084 1721 4140 boni
1761 4084 2038 4138 consortio
2059 4093 2116 4137 et

539 4178 1002 4248 contemplatione
1055 4178 1341 4243 fruamur;
1379 4193 1540 4249 quem
1575 4177 1792 4245 quidem
1817 4191 1989 4230 sacra:
2018 4192 2116 4231 no-

540 4280 668 4325 stra:
699 4271 998 4342 disciplina:
1037 4270 1226 4335 linem,
1261 4283 1370 4324 tum
1409 4271 1556 4334 libri,
1590 4280 1702 4323 tum
1737 4271 1932 4324 anima:
1964 4274 2114 4324 theo-

545 4363 700 4431 logia:
735 4363 892 4418 laude
918 4363 1195 4428 florentes,
1228 4377 1350 4416 esse
1379 4361 1721 4431 proﬁtentur.

612 4455 775 4525 210
828 4453 1018 4510 XVIII.
1062 4454 1202 4521 Quid
1247 4455 1423 4508 adhuc
1470 4453 1758 4521 superest?
1801 4451 1936 4507 nihil
1969 4452 2114 4506 aliud

540 4560 692 4600 certe
727 4546 826 4600 nisi
868 4556 927 4606 ιιι
950 4545 1220 4600 sermonis
1246 4544 1590 4608 medicinam,
1619 4543 1705 4606 iis,
1729 4542 1819 4611 qui
1850 4545 1904 4595 iu
1929 4541 2118 4598 dolore

542 4747 574 4801 ὁ
764 4676 1286 4730 Γυναικωνιτισιγ.
1334 4694 1352 4727 ι
1386 4675 1668 4731 Mulierum
1697 4675 1977 4740 conclave,
2011 4688 2102 4728 so-

580 4763 608 4799 a
635 4759 808 4798 ιιιιιιιι.
845 4767 862 4799 ι

580 4759 808 4799 3111111111.
845 4767 862 4799 1

575 4816 726 4900 “(52)
769 4817 907 4870 Οὐδ’
946 4816 1100 4872 ἄλλο
1141 4835 1214 4870 τι.
1266 4817 1433 4888 Begg.
1481 4819 1600 4880 bm,
1642 4819 1733 4880 bu,
1759 4815 1854 4872 Or.
1899 4818 1951 4882 I,
1995 4819 2113 4874 οὐδὲ

540 4886 1170 5026 ἄ’ἦὲὖῖῃ)1,‹>οτίθέντες.
1223 4958 1343 5010 Non
1395 4965 1538 5011 recte
1580 4957 1788 5018 Billins,
1833 4977 1852 5010 ι
1892 4962 2112 5027 praemia

545 5039 927 5097 proponentes.
964 5046 982 5078 ι
1020 5029 1294 5100 Siquidem
1323 5043 1421 5080 vox
1449 5031 1571 5084 ista.
1602 5028 1970 5099 προτιθέντες,
2010 5048 2113 5084 non

545 5099 612 5150 ad
639 5097 831 5153 ἔφηϐοι
863 5115 881 5146 ι
915 5099 1162 5153 juvenes.
1195 5117 1213 5148 ι
1248 5097 1338 5150 sed
1371 5102 1436 5150 ad
1474 5098 1684 5153 ἀγῶνες
1717 5118 1735 5150 ι
1759 5105 2112 5153 certamina.)

543 5113 612 5150 ait
639 5113 831 5167 εφηῠοι
863 5115 881 5146 ι
913 5113 1162 5164 juvenes,
1195 5117 1213 5148 ι
1248 5113 1338 5150 seu
1371 5113 1436 5150 au
1474 5113 1684 5165 αγωνες
1717 5118 1735 5150 ι
1759 5113 2112 5162 certamina.)

545 5167 735 5222 referri
789 5170 969 5222 debet.
1018 5167 1131 5222 Non
1181 5169 1327 5221 enim
1359 5166 1586 5234 juvenes
1633 5173 1850 5235 ιιι-ειςιιιιιι
1901 5174 1951 5223 ιιι
2000 5187 2120 5224 cer-

545 5240 838 5360 }:mnnibus
887 5239 1294 5306 proponebant,
1345 5237 1442 5291 sed
1492 5240 1767 5308 proposita
1822 5254 2119 5310 conseque-

585 5321 761 5360 antur.

619 5347 1223 5457 '(i‘i:ii.‘A9watoﬁwat.
1270 5381 1401 5450 Reg.
1457 5379 1546 5446 hu,
1609 5378 1704 5435 Or.
1761 5383 1813 5448 I,
1861 5378 1972 5434 Jes.
2015 5379 2090 5449 ἀφ

545 5463 835 5502 οσιουνται.

622 5518 731 5587 (55)
784 5520 1010 5588 Ἀλογίᾳ
1051 5519 1298 5587 πάθους.
1338 5517 1500 5574 Coisl.
1537 5519 1594 5585 Ι,
1631 5520 2114 5590 ἀλογίανπάθους.

551 5588 838 5668 negaretis
873 5591 1066 5668 ἀλργίᾳ
1099 5591 1354 5668 πλήθους,
1391 5611 1409 5642 ι
1449 5593 1656 5668 stolida-
1692 5588 1902 5668 plebi.)

622 5659 733 5744 (5*?)
773 5659 1205 5744 ιξινοῖθμξίθοτῖεέ
1244 5663 1413 5744 ξένοις
1460 5659 2120 5744 ευλάτλῑσονεὲῐοηθπεο

2215 3080 2383 3152 μένας
2412 3081 2588 3148 ἀξίας.
2614 3083 2824 3146 καὶτὰς
2851 3083 3185 3155 ψευδομένας
3218 3087 3389 3157 τιμὰς
3418 3088 3543 3155 (59),
3563 3092 3640 3141 καὶ
3661 3089 3730 3158 τὴν

2211 3172 2298 3227 διὰ
2330 3173 2438 3226 τῶν
2478 3173 2779 3244 αἰσθήσεων
2806 3174 3041 3248 πλάνην,
3071 3177 3166 3231 καὶ
3198 3177 3303 3249 τὴν
3331 3179 3422 3232 τοῦ
3459 3180 3562 3250 βίου
3585 3180 3730 3233 τούτου

2213 3264 2517 3337 περιφορὰν
2538 3305 2552 3329 ,
2594 3265 2688 3319 καί
2727 3266 2826 3338 τὴν
2859 3266 3046 3340 ὥσπερ
3078 3271 3133 3322 ἐν
3159 3273 3504 3343 νυκτομαχίᾳ
3528 3273 3730 3343 σύγχυσίν

2210 3371 2270 3407 τε
2302 3355 2397 3407 καὶ
2431 3356 2687 3424 ἄγνοιαν,
2729 3355 2939 3426 βασιλεῖ
2976 3359 3052 3431 τῷ
3103 3362 3331 3432 μεγάλῳ
3378 3365 3732 3436 περιστάμενός,

2211 3448 2304 3500 καὶ
2346 3447 2440 3500 τοῦ
2495 3449 2704 3501 ἐκεῖθεν
2762 3451 2938 3519 φωτὸς
3007 3453 3420 3525 πληρούμενοςο
3472 3451 3528 3511 οὗ
3576 3457 3734 3527 μικρὰν

2211 3539 2489 3611 ἀπορροὴν
2514 3540 2762 3612 ἐντεῦθεν
2782 3541 3084 3613 δεξάμενοι,
3111 3547 3234 3599 ὅσον
3263 3549 3326 3600 ἐν
3355 3548 3616 3619 ἐσόπτροις
3637 3563 3734 3616 ταν-

2211 3626 2469 3692 τὰζεσθαι
2515 3629 2625 3700 (60)
2671 3632 2765 3684 καὶ
2810 3634 3158 3705 αἰνίγμασιν,
3193 3635 3356 3709 ἀὐτῇ
3399 3643 3460 3710 τῇ
3509 3643 3636 3710 πηγῇ
3667 3635 3734 3692 τοῦ

2215 3718 2381 3772 καλοῦ
2413 3719 2552 3790 μετά
2582 3721 2757 3775 ταῦτα
2784 3722 3120 3796 ἐντύχοιμεν,
3157 3727 3389 3799 καθαρῷ
3429 3729 3500 3800 νῷ
3541 3728 3735 3798 καθαράν

2211 3810 2310 3882 τὴν
2353 3810 2609 3882 ἀλήθειαν
2649 3814 3074 3880 ἐποπτεύοντες,
3109 3818 3202 3871 καὶ
3238 3819 3434 3872 τοῦτον
3475 3821 3643 3890 μισθόν
3675 3820 3737 3872 εὑ-

2216 3903 2527 3974 ρισκόμενοι
2562 3904 2672 3976 (61)
2707 3907 2806 3976 τῆς
2843 3910 2971 3978 περὶ
2997 3909 3058 3962 τὸ
3088 3909 3252 3963 καλὸν
3299 3912 3531 3966 ἐνταῦθα
3561 3911 3734 3980 φιλοπο-

2213 3993 2353 4058 νίας,
2403 3994 2502 4066 τὴν
2551 3995 2892 4069 τελεωτέραν
2939 4000 3116 4052 ἐκεῖσε
3152 4002 3456 4056 τοῦοκαλοῦ
3503 4001 3738 4074 μετουσίαν

2214 4087 2309 4140 καὶ
2338 4087 2570 4159 θεωρίαν
2589 4105 2602 4118 ⁸
2634 4089 2772 4160 ὅπερ
2805 4089 2870 4161 δὴ
2897 4091 2994 4162 τῆς
3027 4093 3303 4166 ἡμετέρας
3328 4095 3478 4160 τέλος
3507 4111 3738 4165 μυσταγω-

2213 4181 2340 4250 γίας
2379 4181 2549 4253 βίϐλοι
2574 4199 2634 4235 τε
2661 4183 2755 4237 καὶ
2785 4183 2952 4254 ψυχαὶ
2978 4185 3216 4256 θεολόγοι
3249 4188 3605 4254 θεσπίζουσιν.

2148 4367 2191 4422 D

2291 4459 2378 4512 IH'
2413 4458 2480 4511 Τί
2509 4457 2695 4514 λοιπὸν
2733 4459 2812 4513 ἐτι
2867 4460 3014 4532 (62);
3047 4463 3147 4534 τὴν
3195 4464 3258 4517 ἐκ
3307 4463 3468 4532 λόγου
3500 4461 3743 4535 θεραπείαν

2221 4549 2333 4612 τοῖς
2348 4549 2573 4618 ἀλγοῦσι
2591 4555 2995 4623 προσενεγκεῖν.
3015 4555 3178 4622 Μέγα
3198 4553 3254 4608 δὲ
3275 4558 3392 4619 τοῖς
3412 4553 3643 4608 πενθοῦσι
3663 4553 3744 4624 ((33)

2221 4698 2445 4755 μενος...
2472 4684 2642 4740 ἐῶν...
2679 4688 3003 4755 φυλάσσων.’

2290 4754 2410 4828 (57)
2456 4754 2950 4828 Ἀποδεδώκαμεν.
2971 4759 3101 4828 Reg.
3125 4759 3216 4822 hu,
3234 4757 3599 4828 ἐπεδώκαμεν.
3619 4757 3744 4814 Coisl.

2219 4823 2272 4886 1,
2301 4823 2490 4897 tiles.
2525 4823 2855 4897 δεδώκαμεν.

2232 4963 2244 4980 ³
2291 4892 2430 4978 (58)⁹
2455 4892 2875 4980 ᾎναπαύό-αιο.
2901 4897 3066 4968 Regg.
3090 4896 3314 4963 bm,hu,
3347 4906 3458 4952 tres
3481 4897 3640 4961 Colb.,
3661 4895 3744 4952 les.

2220 4979 2526 5034 αναπαυσῃ.

2215 5020 2550 5156 Βέἓθίιιιζῶὶ
2578 5033 2685 5102 τὰς
2716 5036 3094 5108 ψευδομένας
3122 5037 3314 5106 τιμάς.
3350 5036 3473 5091 Ilaec
3514 5039 3681 5091 desunt
3708 5035 3745 5088 in

2287 5121 2861 5246 (ἓίίίὶῗηᾶλαντάζεσθαι.
2901 5176 3033 5246 Reg.
3058 5178 3168 5240 bm,
3198 5175 3366 5232 Coisl.
3389 5176 3445 5241 2,
3471 5177 3560 5231 Or.
3590 5179 3632 5238 Ι,
3653 5193 3749 5242 (FW

2215 5242 2462 5324 wgf-Ta?
2504 5264 2522 5295 ι
2558 5249 2813 5300 hactenus
2855 5257 2910 5300 ut
2957 5242 3008 5302 iii
3047 5249 3280 5318 speculis
3317 5259 3370 5300 et
3423 5250 3747 5318 a'mgiuatiims

2219 5317 2594 5378 inl'orutemus,
2625 5320 2939 5382 cogitemus.
2982 5338 2998 5369 ι

2290 5383 2398 5449 ((⁵1)
2436 5387 2883 5457 Εὑρισκόμενοι.
2926 5387 3057 5457 Reg.
3103 5404 3152 5444 ιι.
3198 5389 3290 5451 Ιιιι,
3333 5395 3389 5441 et
3418 5385 3509 5441 Or.
3558 5387 3604 5449 I,
3633 5382 3746 5452 εὑρί-

2220 5468 2462 5522 σκοιμεν.
2495 5455 2623 5519 Qua:
2662 5457 2816 5508 let-lio
2849 5455 3035 5511 melior
3065 5461 3294 5512 videtur.

2291 5521 2402 5586 (62)
2447 5527 2505 5577 Τί
2535 5526 2768 5586 λοιπὸν,
2795 5528 2910 5586 ἓτι;
2951 5529 3136 5581 Comb.
3189 5527 3251 5580 Τί
3304 5523 3402 5579 οὖν
3452 5525 3556 5586 En;
3596 5543 3612 5574 ι
3641 5519 3746 5586 Quid

2291 5523 2402 5593 (62)
2447 5527 2505 5577 Τί
2535 5526 2768 5586 λοιπὸν,
2795 5528 2910 5591 5n;
2951 5529 3136 5581 Cumb.
3189 5527 3251 5580 Τί
3304 5523 3402 5579 οὖν
3452 5525 3556 5591 En;

2220 5607 2361 5664 ergo,
2383 5595 2658 5656 superi-sl?
2689 5614 2898 5664 nempe,
2938 5617 2956 5648 ι
2991 5608 3093 5651 etc.
3475 5662 3494 5664 ῃ

2244 5679 2246 5681 ’
2288 5657 2405 5737 (65)
2437 5657 2912 5737 Idonea-005m.
2950 5669 3105 5722 Deest
3148 5666 3201 5722 in
3233 5665 3448 5722 duobus
3467 5662 3642 5737 Regi"
3668 5657 3749 5716 Iri-

552 5727 667 5794 bm,
690 5727 1094 5795 bu,tresCoIb.,
1114 5733 1282 5789 Coisl.
1302 5736 1351 5795 I.
1374 5727 1544 5797 OrQI,
1567 5744 1623 5787 et
1647 5731 1761 5787 ινδ.
1791 5731 1927 5786 Edit.
1947 5731 2127 5784 κινού·
2226 5727 2325 5788 bus
2355 5727 2656 5798 Colb..,'Or.
2690 5737 2740 5796 I.
2774 5750 2827 5794 et
2857 5740 2970 5793 Jes.
