3844 6390
133 349 217 417 777
854 336 1116 402 ORATIO
1161 336 1270 400 VII.
1311 375 1380 386 —
1420 345 1485 398 ΙΝ
1527 344 1814 401 LAUDEM
1850 343 2152 402 CAESAR“
2193 345 2510 404 FRATRIS.

3214 343 3315 406 778

129 480 176 532 τδ
214 463 342 539 παρὰ
378 459 477 516 τῶν
521 457 927 526 συναλγούντων
977 460 1300 530 φάρμακονο
1340 457 1433 510 καὶ
1476 457 1527 510 οἱ
1582 457 1636 510 τὸ

1747 468 2051 526 versantur,
2096 461 2471 516 adhibeamus.
2506 459 2755 532 Magnum
2792 476 2954 530 porro
3005 461 3316 534 lugentibus

130 566 218 619 ἴσον
242 554 321 612 τοῦ
357 549 551 612 πάθους
577 547 791 618 ἔχοντες
823 547 984 601 πλέον
1016 547 1155 600 εἰσὶν
1184 549 1264 611 είς
1287 545 1641 618 παραμυθίαν

125 657 213 718 τοῖς
243 647 536 716 πάσχουσιν.
589 641 839 695 Μάλιστα
889 641 986 711 μὲν
1039 636 1132 694 οὖν
1178 639 1314 710 πρὸς
1365 639 1644 703 τοιούτους

125 747 241 801 ἐστὶν
267 741 381 812 ἡμῖν
409 736 436 787 ὁ
461 733 645 801 λόγος·
679 732 821 803 ὑπὲρ
850 726 924 785 ὧν
957 731 1315 804 αἰσχυνοίμην
1349 730 1446 796 ἂν,
1486 731 1536 783 εί
1569 729 1643 802 μὴ

126 831 327 900 καθάπερ
351 823 502 880 ἄλλου
541 820 741 885 παντὸς
780 819 888 874 τῶν
921 819 1126 884 καλῶν,
1156 820 1298 874 οὕτω
1324 822 1418 874 καὶ⁵
1447 837 1643 892 καρτε-

129 928 224 1001 ρίας
266 919 328 974 τὰ
371 914 555 988 πρῶτα
606 913 874 985 φέροιντο.
927 914 1038 968 Καὶ
1085 912 1194 985 γὰρ
1238 914 1288 965 εί
1328 912 1642 981 φιλόπαιδες

123 1017 298 1072 πάντων
345 1005 557 1079 μᾶλλον,
601 1003 738 1058 ἀλλὰ
780 1003 874 1057 καὶ
921 1003 1138 1057 πάντων
1189 1001 1389 1073 μᾶλλον
1429 1001 1642 1071 φιλόσο-

123 1125 190 1179 φοι
215 1102 308 1176 (64)
335 1100 421 1153 καὶ
447 1096 814 1166 φιλόχριστοι,
853 1095 950 1149 καὶ
981 1095 1080 1165 τὴν
1113 1093 1364 1147 ἐντεῦθεν
1401 1092 1641 1164 μετάϐα-

120 1217 184 1254 σιν
210 1200 264 1251 ἑκ
292 1192 525 1254 πλείονος
562 1191 717 1244 αὐτοί
747 1208 807 1242 τε
844 1189 1270 1260 μελετήσαντες,
1305 1189 1398 1241 καὶ
1427 1189 1554 1252 τοὺς
1581 1187 1641 1252 ἐξ

119 1291 256 1348 αιτῶν
281 1286 572 1351 διδάξαντες
592 1301 604 1314 ·
643 1283 840 1355 μᾶλλον
871 1282 928 1335 δὲ
971 1282 1064 1335 τὸν
1096 1281 1206 1353 βίον
1245 1281 1366 1334 ὅλον
1410 1279 1640 1350 μελέτην

116 1385 280 1444 λύσεως
317 1377 719 1448 ἐνστησάμενοι.
755 1377 819 1429 Εἰ
844 1375 901 1429 δὲ
935 1375 1015 1428 ἔτι
1052 1375 1113 1427 τὸ
1151 1372 1321 1436 πάθος
1361 1373 1642 1426 ἐπισκοτεῖ

116 1478 200 1538 τοῖς
221 1470 497 1540 λογισμοῖς,
527 1467 622 1522 καὶ
649 1467 903 1540 καθάπερ
930 1467 1077 1538 λήμη
1104 1483 1188 1530 τις
1242 1466 1334 1518 τὸν
1362 1463 1638 1536 ὀφθαλμὸν

114 1560 396 1623 ὑπελθοῦσα,
431 1557 688 1630 καθαρῶς
719 1558 948 1611 συνιδεῖν
974 1557 1074 1611 ούκ
1103 1558 1167 1628 ἐᾷ
1196 1556 1261 1609 τὸ
1287 1555 1437 1609 δέον⁹
1482 1556 1637 1626 φέρε,

112 1652 291 1720 δέξασθε
321 1650 662 1722 παράκλησιν
687 1690 702 1715 ,
745 1651 796 1703 οἱ
836 1648 1197 1722 πρεσϐύτεροι
1232 1647 1328 1702 τοῦ
1369 1647 1514 1712 νέου,
1544 1649 1638 1702 καὶ

109 1744 180 1798 τοῦ
220 1742 392 1804 παιδὸς
423 1742 472 1794 οί
513 1741 770 1813 πατέρες,
803 1741 898 1795 καὶ
936 1739 1030 1793 τοῦ
1077 1737 1444 1793 νουθετεῖσθαι
1487 1739 1638 1810 παρὰ

1746 555 2098 624 phartnacum
2129 551 2259 606 illud
2286 561 2390 616 est,
2414 553 2556 621 quod
2578 554 2647 606 ab
2676 552 2762 614 iis,
2791 554 2881 622 qui
2907 555 3095 608 eodem
3127 556 3316 612 dolore

1745 638 1924 693 allecti
1977 648 2136 702 sunt,
2183 639 2514 710 porrigitur,
2576 652 2632 694 et
2683 642 2775 712 qui
2829 643 2946 712 pari
3001 643 3317 702 calamitate

1743 738 2086 799 premuntur,
2118 730 2377 800 majorem
2408 733 2548 801 apud
2573 747 2668 787 eos
2688 772 2704 797 ,
2735 735 2825 803 qui
2856 735 3193 803 cruciantur,
3245 739 3316 793 ad

1743 822 2130 876 consolandum
2180 822 2568 877 auctoritatem
2619 824 2838 883 habent.
2887 826 2971 882 Ad
3030 843 3124 884 eos
3183 844 3312 900 ergo

1741 913 2078 983 potissimum
2101 911 2276 966 oratio
2302 914 2454 968 nobis
2478 922 2597 968 erat
2621 934 2635 970 :
2662 930 2892 984 quorum
2923 928 3084 974 causa
3111 922 3313 989 pudore

1742 1004 1984 1075 profecto
2010 1001 2372 1068 suﬂ‘underer,
2419 1004 2462 1059 si
2501 1021 2645 1071 non,
2695 1015 2754 1060 ut
2801 1008 3028 1063 aliarum
3063 1011 3310 1066 omnium

1740 1099 2026 1161 virtutum,
2057 1097 2138 1152 sic
2174 1102 2338 1150 etiam
2369 1097 2645 1165 patientiae
2677 1099 2883 1168 primas
2909 1099 3136 1157 ferrent.
3166 1102 3308 1156 Nam

1740 1191 1843 1244 etsi
1875 1203 2062 1243 amore
2091 1203 2218 1257 erga
2251 1188 2392 1243 ﬁlios
2427 1189 2682 1244 mortales
2713 1205 2904 1246 omnes
2942 1205 3224 1262 superant,
3253 1207 3312 1250 at

1740 1282 1903 1336 etiam
1942 1280 2208 1351 sapientia
2252 1290 2306 1334 et
2344 1279 2548 1335 Christi
2591 1295 2779 1336 amore
2823 1291 3049 1338 cunctos
3086 1295 3307 1342 antece-

1740 1374 1906 1438 dunt,
1936 1389 2001 1428 ae
2033 1373 2410 1443 migrationem
2444 1390 2510 1428 ex
2559 1375 2664 1429 hac
2727 1376 2837 1429 vita
2875 1374 3201 1448 jampridem
3255 1391 3313 1436 et

1740 1464 1838 1534 ipsi
1891 1464 2132 1519 meditati
2179 1473 2338 1530 sunt,
2375 1473 2428 1520 et
2458 1465 2657 1520 liberos
2703 1465 3024 1537 docuerunt,
3071 1473 3189 1537 vel,
3250 1483 3311 1528 ut

1740 1557 1940 1611 rectius
1983 1556 2203 1624 loquar,
2252 1565 2418 1611 totam
2469 1559 2636 1612 vitam
2677 1559 2751 1613 ita
2799 1561 3192 1623 instituerunt.
3248 1579 3305 1622 ut

1737 1649 1872 1704 nihil
1901 1649 2069 1714 aliud,
2098 1664 2258 1718 quam
2284 1651 2474 1704 mortis
2503 1650 2785 1707 meditatio
2803 1653 2896 1709 sit.
2922 1654 3074 1722 Quod
3105 1658 3148 1712 si
3176 1657 3306 1727 quid

1739 1739 2082 1795 tenebrarum
2120 1739 2315 1793 rationi
2357 1740 2511 1794 dolor
2553 1740 2815 1808 offundit,
2865 1760 2930 1800 ac
2973 1746 3307 1816 lippitudinis

109 1839 190 1892 τῶν
214 1835 530 1908 τηλικούτων
572 1834 906 1906 ὀφείλοντος,
941 1838 990 1888 οἱ
1023 1834 1254 1896 πολλοὺς
1282 1832 1636 1903 νουθετήσαν-

1739 1830 2016 1898 cujusdam
2045 1830 2217 1883 instar
2259 1830 2447 1884 oculos
2494 1833 2717 1888 subiens
2739 1871 2754 1898 ,
2801 1835 2950 1892 clare
2981 1839 3168 1894 videre
3196 1855 3307 1896 non

107 1947 188 1992 τες.
213 1929 294 1982 καὶ
320 1926 392 1997 τῷ
415 1926 598 1998 πολλῷ
621 1927 797 1998 χρόνῳ
821 1925 918 1997 τὴν
947 1925 1239 1997 ἐμπειρίαν
1264 1923 1631 1990 συλλέξαντες.

107 2021 384 2092 θαυμάσητε
415 2019 472 2072 δὲ
507 2020 696 2091 μηδὲν,
731 2021 781 2072 εί
809 2018 929 2083 νέος
957 2017 1194 2072 νουθετῶ
1218 2017 1475 2089 γέροντας
1495 2034 1510 2048 ο
1542 2017 1636 2070 καὶ

105 2113 226 2166 τοῦτο
254 2114 508 2184 ὑμέτερον
529 2154 544 2175 ,
577 2112 632 2168 εἴ
663 2131 716 2166 τι
748 2112 939 2177 πολιᾶς
985 2113 1208 2183 ἄμεινον
1249 2113 1477 2183 συνορᾷν
1505 2110 1633 2181 ἔχω.

105 2210 239 2263 Πόσον
261 2209 334 2261 ἔτι
363 2206 693 2278 βιωσώμεθα
723 2207 834 2276 (65)
869 2207 1060 2277 χρόνον
1079 2246 1092 2270 ,
1122 2199 1167 2258 ὦ
1200 2204 1376 2275 τίμιαι
1430 2205 1633 2267 πολιαὶ,

105 2300 174 2353 καὶ
203 2297 306 2370 Θεῷ
345 2296 781 2368 πλησιάζουσαι;
816 2296 989 2348 Πόσον
1033 2293 1268 2348 ἐνταῦθα
1318 2293 1638 2365 κακοπαθή-

103 2408 247 2461 σωμεν
271 2388 374 2459 (66)
400 2405 416 2454 ;
443 2388 581 2442 Οὐδὲ
609 2390 638 2441 ὁ
671 2389 779 2452 πᾶς
811 2385 1113 2458 ἀνθρώπων
1147 2386 1259 2457 βίος
1301 2386 1531 2458 μακρὸς,
1560 2387 1636 2449 ὡς

102 2481 150 2554 τῇ
176 2482 276 2554 θεία
307 2481 462 2551 φύσει
493 2481 590 2533 καὶ
629 2479 972 2559 ἀτελευτήτῳ
1012 2478 1350 2549 παραϐαλεῖν
1383 2478 1517 2548 (67).
1561 2477 1635 2549 μὴ

100 2576 231 2630 ὅτιτὸ
258 2576 349 2646 τῆς
382 2572 532 2643 ζωῆς
557 2572 840 2642 λείψανον,
871 2571 1020 2640 καὶὴ
1053 2569 1226 2634 λύσις,
1262 2569 1337 2631 ὡς
1365 2569 1431 2622 ἂν
1461 2571 1634 2622 εἴποι-

103 2686 195 2736 μεν,
231 2669 320 2739 τῆς
369 2666 724 2738 ἀνθρωπίνης
772 2664 965 2733 πνοῆς,
1012 2663 1106 2716 καὶ
1155 2661 1248 2715 τοῦ
1300 2660 1633 2734 προσκαίρου

102 2759 189 2827 βίου
225 2761 286 2813 τὰ
323 2761 636 2813 τελευταῖα.
690 2756 862 2810 Πόσον
912 2757 1060 2826 ἡμᾶς
1107 2754 1245 2824 ἔφθη
1300 2754 1632 2822 Καισὰριοςς

101 2853 235 2907 Πόσον
264 2854 336 2907 ἔτι
362 2854 455 2907 τὸν
486 2851 798 2906 ἀπελθόντα
832 2850 1206 2920 πενθήσομεν;
1253 2849 1326 2902 Ού
1369 2848 1503 2919 πρὸς
1535 2847 1636 2918 τὴν

98 2944 228 3014 αὐτὴν
254 2943 586 3015 ἐπειγόμεθα
613 2944 816 3014 μονήνι
842 2941 916 2996 Ού
945 2940 1036 2994 τὸν
1065 2941 1226 2995 αὑτὸν
1256 2937 1634 3009 ὺποδυσόμεθα

98 3034 208 3087 λίθον
245 3034 471 3098 adsita;
518 3035 635 3105 Οὐχ
667 3035 700 3105 ἡ
735 3033 872 3104 αὐτὴ
915 3031 1063 3093 κόνις
1097 3030 1237 3101 μετὰ
1285 3030 1479 3102 μικρὸν
1513 3026 1634 3083 ἐσό-

1738 1922 1870 1974 sinit
1909 1922 1961 1975 id
1991 1923 2135 1991 quod
2167 1933 2253 1978 est
2282 1921 2476 1990 ollicii;
2512 1925 2741 1994 agedum
2765 1964 2779 1989 ,
2802 1925 3018 1995 juvenis
3048 1930 3306 1986 exhorta‘t

1741 2015 1942 2069 tionem
1970 2029 2128 2070 senes
2153 2016 2402 2084 accipite,
2434 2023 2491 2071 et
2523 2017 2616 2072 lilii
2652 2029 2929 2088 parentes,
2962 2031 3016 2076 et
3045 2023 3185 2092 ejus,
3208 2026 3303 2094 qui

1738 2121 1766 2158 a
1797 2106 1994 2162 talibus
2039 2107 2411 2163 admonendus
2441 2117 2544 2176 est,
2580 2124 2676 2164 vos
2698 2145 2714 2174 ,
2749 2111 2844 2181 qui
2875 2112 3074 2169 multos
3110 2115 3304 2172 admo~

1739 2201 1968 2265 nuistis,
2006 2214 2072 2255 ac
2096 2199 2255 2270 longo
2295 2209 2536 2271 tempore
2575 2217 2754 2256 rerum
2789 2219 2944 2258 usum
2985 2204 3303 2276 collegistis.

1737 2289 1847 2345 Nec
1889 2305 2017 2346 vero
2066 2291 2262 2344 mirum
2310 2291 2460 2345 vobis
2505 2292 2769 2358 videatur,
2797 2295 2842 2347 si
2881 2293 3099 2363 juvenis
3147 2312 3306 2352 senes

1739 2398 1988 2438 moneam
2026 2401 2040 2437 :
2075 2399 2196 2436 nam
2253 2383 2358 2439 hoc
2403 2399 2617 2453 quoque
2648 2396 2890 2440 vestrum
2926 2397 3045 2452 est,
3085 2389 3130 2444 si
3175 2392 3305 2458 quid

1736 2477 1935 2530 canitie
1967 2476 2170 2530 rectius
2213 2477 2525 2546 prospicere
2555 2492 2794 2544 possum.
2825 2478 3096 2544 Quantum
3127 2483 3308 2536 adhuc

1738 2568 1996 2636 temporis
2024 2567 2288 2630 vivemus,
2326 2571 2615 2623 venerandi
2642 2584 2800 2624 senes
2835 2580 2998 2640 atque
3034 2574 3099 2626 ad
3139 2573 3304 2628 Deum

1737 2659 2270 2728 appropinquantes?
2320 2659 2567 2726 Quandiu
2623 2662 2710 2716 hic
2757 2661 3180 2718 alﬂictabimur?
3229 2664 3308 2718 Ne

1738 2761 1848 2805 tota
1879 2752 2096 2820 quidem
2127 2752 2404 2806 hominum
2435 2753 2546 2808 vita
2575 2751 2735 2823 longa
2757 2765 2864 2820 est,
2893 2755 2939 2809 si
2969 2770 3091 2810 cum
3119 2757 3306 2814 divina

1735 2852 1792 2898 et
1831 2844 2159 2911 sempiterna
2190 2855 2384 2898 natura
2417 2856 2783 2915 comparetur,
2819 2847 3016 2902 nedum
3069 2853 3150 2904 ha:
3181 2851 3308 2906 vita;

1737 2935 1996 3004 reliquiae,
2033 2945 2214 3003 atque,
2245 2943 2304 2988 ut
2349 2936 2422 2990 ita
2460 2939 2663 3004 dicam,
2702 2940 3018 3006 spirationis
3049 2941 3301 2998 humanas

1737 3027 1974 3092 solutio,
2022 3042 2085 3080 ac
2118 3028 2274 3082 fluxa:
2308 3037 2364 3082 et
2401 3029 2618 3082 caduca:
2674 3031 2794 3086 vitae
2837 3033 2991 3127 guis.
3028 3033 3304 3100 Quantum

98 3126 231 3196 palla;
275 3127 347 3180 Ού
391 3125 654 3180 τοσοῦτον
706 3122 1070 3197 κερδανοῦμεν
1125 3124 1183 3176 ἐν
1235 3125 1355 3186 ταῖς
1408 3124 1633 3194 μικραῖς

1740 3132 1838 3172 nos
1877 3119 2173 3173 antevertit
2211 3119 2516 3174 Caesarius?
2555 3123 2800 3186 Quandiu
2825 3119 3005 3180 a'dbuc
3030 3126 3148 3195 ejus
3187 3128 3306 3182 dis:

95 3220 274 3282 ταύταις
315 3219 578 3290 ἡμέραις,
605 3219 728 3272 ὅσον
773 3217 942 3271 πλείω
975 3216 1143 3278 κακὰ,
1182 3215 1251 3268 τὰ
1285 3216 1383 3286 μὲν
1416 3215 1634 3279 ἰδόντες,

91 3310 143 3362 τὰ
162 3309 210 3364 δὲ
234 3309 518 3376 παθόντες,
549 3308 618 3362 τὰ
656 3309 713 3362 δὲ
741 3309 838 3362 καὶ
868 3305 1173 3381 πράξαντες
1201 3306 1353 3369 ἴσως,
1393 3298 1636 3377 λειτουρε-

93 3399 222 3469 γῆσιι
243 3401 314 3471 τῷ
338 3404 438 3472 τῆς
473 3399 694 3470 φύσεως
725 3400 877 3470 νόμῳ
905 3399 1003 3470 τὴν
1035 3398 1221 3469 κοινὴν
1250 3395 1507 3468 εἰσφορὰν
1538 3397 1633 3451 καὶ

91 3491 360 3555 ἀσάλευτον,
394 3485 494 3546 καὶ
513 3495 632 3556 τοῖς
660 3491 757 3562 μὲν
786 3491 1130 3556 ὲπαπελθεῖν,
1159 3491 1266 3544 τῶν
1284 3491 1339 3543 δὲ
1361 3487 1635 3560 προαπελ-

93 3580 193 3645 θεῖν,
227 3583 472 3647 καὶτοὺς
517 3583 618 3654 μὲν
657 3581 926 3644 κλαύσαι,
975 3580 1080 3634 ὑπὸ
1113 3580 1170 3633 δὲ
1205 3579 1314 3632 τῶν
1356 3577 1636 3649 θρηνηθῆ-

91 3691 172 3738 ναι,
213 3676 300 3730 καὶ
345 3677 482 3747 παρ’
537 3675 714 3730 ἄλλων
769 3673 1076 3728 ἀντιλαϐεῖν
1120 3673 1182 3726 ὃν
1237 3671 1348 3742 (68)
1416 3689 1633 3743 προεισά

91 3765 352 3836 ηνέγκαμεν
385 3766 578 3830 ἄλλοις
609 3764 717 3818 τῶν
751 3764 1001 3837 δακρύων
1049 3763 1277 3835 ἔρανον;

91 3872 200 3912 mum
243 3870 292 3915 et
337 3860 540 3916 stabile
585 3860 840 3914 tributum
882 3861 1210 3929 pendamus,
1258 3867 1418 3927 atque
1465 3858 1600 3913 alios
1635 3870 1949 3930 sequamur,

1737 3226 1892 3266 cessu
1937 3212 2237 3281 angemur?
2266 3211 2452 3267 Nonne
2500 3214 2567 3267 ad
2608 3217 2853 3269 eamdem
2901 3219 3083 3273 sedem
3118 3236 3311 3291 prope‘

1739 3303 1962 3358 ramus?
1991 3302 2182 3358 Nonne
2215 3304 2463 3358 eumdem
2497 3304 2728 3372 lapidem
2759 3309 2943 3364 statim
2969 3313 3309 3370 subibimus?

1734 3393 1924 3449 Nonne
1971 3395 2111 3449 idem
2151 3395 2328 3463 pulvis
2380 3396 2539 3464 paulo
2582 3408 2703 3466 post
2739 3401 2988 3457 erimus?
3015 3403 3204 3462 Nonne
3235 3421 3305 3464 ex

1735 3485 1923 3555 paucis
1957 3486 2042 3541 his
2070 3487 2279 3550 diebus,
2314 3488 2404 3556 qui
2449 3499 2676 3555 restant,
2708 3489 2813 3546 hoc
2847 3491 2980 3548 lucri
3018 3495 3302 3565 faciemus,

1732 3585 1792 3631 ut
1839 3579 1992 3646 plura
2065 3579 2208 3632 mala
2260 3579 2458 3646 partim
2502 3581 2806 3647 videamus,
2865 3586 3062 3653 partim
3126 3592 3303 3658 patia¢

1734 3686 1880 3737 mur,
1922 3671 2116 3740 partim
2158 3672 2322 3726 etiam
2383 3671 2616 3728 fortasse
2669 3674 2959 3740 faciamus,
2998 3689 3162 3750 atque
3228 3684 3302 3740 ita

1738 3764 1952 3819 tandem
2000 3765 2102 3835 ipsi
2149 3779 2364 3834 quoque
2410 3773 2616 3821 natura:
2652 3766 2756 3838 legi
2795 3783 3082 3828 commune
3109 3790 3174 3830 ac
3205 3777 3306 3830 ιιμ

2025 3860 2160 3916 alios
2239 3862 2641 3932 przecedamus,
2711 3869 2872 3932 atque
2905 3866 3041 3924 alios
3088 3872 3305 3928 quidem

89 3950 322 4022 lugeamus
345 3994 360 4016 ,
394 3955 466 4009 ab
498 3954 627 4009 aliis
667 3954 970 4024 lugeamur,
1000 3968 1304 4023 munusque
1347 3955 1730 4026 lacrymarum,
1753 3957 1897 4027 quod
1920 3956 2040 4012 aliis
2068 3957 2419 4024 contulimus,
2450 3959 2518 4014 ab
2541 3959 2660 4014 aliis
2693 3961 3057 4030 recipiamus?

139 4049 221 4103 ιθι.
255 4051 512 4116 Τοιοῦτος
553 4053 586 4105 ὁ
627 4051 740 4122 βίος
770 4051 950 4122 ἡμῶν,
989 4050 1243 4120 ἀδελφοὶ,
1276 4051 1384 4105 τῶν
1424 4051 1636 4116 ζώντων

1813 4054 1954 4111 ΧΙΧ.
1998 4054 2272 4122 Ejusmodi
2331 4055 2441 4109 vita
2499 4065 2686 4110 nostra
2749 4065 2850 4120 est,
2914 4056 3151 4124 fratres,
3211 4057 3306 4133 qui

88 4143 356 4215 πρόσκαιρα
375 4157 389 4175 "
420 4144 643 4198 τοιοῦτο
672 4140 732 4197 τὺ
757 4144 848 4197 ἐπὶ
875 4145 981 4214 γῆς
1023 4143 1306 4211 παίγνιον
1350 4144 1451 4196 οὐκ
1479 4144 1636 4209 ὄντας

1739 4145 1936 4201 ﬂuxam
1975 4147 2140 4201 vitam
2180 4145 2426 4201 ducimus
2462 4152 2476 4198 ε
2515 4146 2782 4216 ejusmodi
2831 4149 2883 4203 in
2916 4158 3059 4206 terra
3100 4153 3304 4211 ludus!

86 4233 323 4300 γενέσθαι,
357 4236 457 4290 καὶ
486 4231 819 4306 γενομένους
867 4232 1217 4305 ἀναλυθῆναι.
1266 4235 1438 4305 Ὄναρ
1466 4233 1636 4305 ἐσμὲν

1739 4247 1795 4292 ιιι
1831 4252 1951 4291 cum
1997 4251 2103 4290 non
2136 4236 2348 4300 simus,
2395 4251 2710 4301 nascantur,
2751 4253 2872 4292 cum
2924 4242 3035 4294 nati
3082 4258 3303 4308 sumus,

84 4327 156 4396 οὐχ
189 4329 492 4402 ἱστάμενον,
538 4329 734 4398 φάσμα
769 4345 822 4380 τι
859 4327 934 4398 μὴ
984 4323 1377 4398 κρατούμενον,
1433 4327 1633 4396 πτῆσις

1739 4345 1943 4384 rursum
1994 4330 2371 4384 dissolvamur.
2401 4328 2559 4397 211
2605 4327 2933 4384 lusomnium
2977 4347 3165 4388 sumus
3213 4338 3309 4389 mi-

84 4419 232 4488 ὀρνέου
272 4421 699 4494 παρερχομένου
719 4461 734 4485 ,
762 4420 895 4484 ναῦς
922 4419 1016 4472 ἐπὶ
1038 4418 1314 4488 θαλάσσης
1357 4419 1502 4488 ῐχνος
1529 4419 1630 4472 οὐκ

1739 4423 1882 4476 nime
1934 4421 2241 4476 consistens
2292 4421 2362 4484 ⁸τ,
2390 4432 2662 4490 spectrum
2699 4423 2993 4490 quoddam,
3027 4425 3171 4491 quod
3218 4437 3304 4482 te-ll

83 4511 274 4582 ἑχουσα,
305 4517 481 4580 κόνις,
530 4516 726 4586 ἀτμὶς,
758 4513 956 4584 ἑωθινὴ
993 4509 1217 4584 δρόσος,
1261 4511 1420 4575 ἄνθος
1453 4511 1630 4583 καιρῷ

1739 4511 1858 4566 neri
1901 4527 2006 4566 non
2058 4521 2261 4580 potest,
2313 4511 2428 4565 avis
2480 4513 2852 4577 prmtereuntis
2903 4514 3161 4578 volatus,
3208 4532 3307 4570 nas

83 4606 309 4676 φώμενον
352 4607 505 4679 (69),
550 4607 650 4660 καὶ
701 4605 879 4678 καιρῷ
934 4604 1214 4677 λυόμενον.
1273 4607 1628 4674 Ἀνθρωπος.

1739 4603 1820 4659 vis
1866 4605 1919 4658 in
1971 4605 2106 4659 mari
2152 4604 2437 4673 vestigium
2489 4617 2594 4657 non
2657 4604 2893 4668 habens,
2953 4607 3150 4674 pulvis,
3209 4595 3307 4661 va:

79 4695 192 4751 ὡσεί
230 4701 443 4769 χόρτος
490 4705 556 4753 αι
583 4697 797 4767 ἡμέραι
834 4698 1042 4760 αὑτοῦ,
1085 4695 1230 4751 ὡσεὶ
1285 4698 1468 4764 ἄνθος
1521 4696 1629 4752 τοῦ

1739 4710 1854 4765 por,
1909 4710 1999 4750 ros
2053 4695 2384 4759 matutinus,
2432 4693 2532 4750 ﬂos
2590 4704 2860 4751 momento
2911 4712 3180 4767 nascens,
3250 4709 3306 4757 et

79 4789 247 4858 ἀγροῦ,
273 4792 468 4858 οὕτως
493 4789 822 4855 ἕξειν-θήσει
841 4808 853 4821 ’
879 4789 1058 4853 καλῶς
1086 4792 1113 4843 ὁ
1142 4789 1282 4854 θεῖος
1309 4789 1473 4843 Δαϐὶδ
1501 4782 1628 4862 περὶ

1739 4797 2008 4844 momento
2056 4801 2398 4842 marcescens
2453 4786 2520 4839 ⁸⁸.
2553 4787 2750 4852 Homo,
2786 4789 2920 4841 sicut
2961 4791 3140 4857 fenum
3190 4793 3303 4849 dies

77 4883 151 4951 ’τῆς
189 4884 471 4948 ἀσθενείας
507 4881 670 4953 ἡμῶν
726 4882 1116 4952 ἐφιλοσόφησεν
1167 4883 1262 4936 καὶ
1307 4883 1366 4934 ὲν
1402 4881 1632 4946 ἐκείνοις

1739 4882 1865 4952 ejus,
1921 4889 2171 4949 tanquam
2215 4880 2316 4946 [los
2360 4878 2496 4946 agri,
2519 4879 2592 4930 sic
2649 4879 2891 4948 emorebit
2950 4880 3016 4933 θ’.
3073 4881 3304 4939 Pulchre

77 4975 206 5029 πάλιν
243 4980 354 5041 τοῖς
396 4979 658 5049 ῥήμασι·
707 4966 826 5043 Τὴν
877 4973 1195 5042 ὀλιγότητα
1247 4973 1365 5027 τῶν
1397 4972 1633 5042 ἡμερῶν

1739 4977 1884 5030 divus
1944 4973 2109 5028 David
2175 4971 2259 5026 his
2314 4969 2496 5025 verbis
2559 4969 2627 5024 de
2690 4981 2875 5027 nostra
2935 4973 3301 5031 imbecillitate

72 5081 166 5130 μου
195 5068 567 5139 ἀνάττειλόν
615 5083 750 5136 μοι’
801 5064 896 5118 καὶ
935 5064 1250 5119 παλαιστῶν
1292 5063 1490 5135 μέτρον
1533 5063 1632 5127 τὰς

1739 5064 2138 5134 philosophatus
2189 5073 2304 5126 est,
2371 5063 2822 5131 quemadmodum
2873 5076 2929 5121 et
2999 5068 3051 5122 iu
3122 5067 3232 5124 illis
3282 5082 3298 5124 ι

74 5154 381 5228 ἀνθρωπίνας
431 5161 657 5231 ἡμέρας
700 5147 958 5228 ὁρίζεται.
1006 5155 1073 5208 Τί
1108 5145 1150 5208 δ⁴
1187 5155 1252 5208 ἂν
1286 5155 1459 5217 εἴποις
1497 5153 1634 5226 πρὸς

1739 5151 2067 5206 Paucitatem
2106 5153 2310 5204 dierum
2355 5166 2589 5206 meorum
2640 5155 2826 5208 nuntia
2863 5156 2992 5208 mihi
3056 5157 3127 5211 ⁹⁰.
3160 5159 3299 5224 Quin

125 5250 163 5283 ⁸⁷
195 5251 292 5311 Job
313 5272 412 5323 xx,
441 5257 505 5313 8.
615 5253 662 5286 ⁸⁸
701 5252 827 5324 δορι
877 5267 932 5320 ν,
973 5251 1064 5316 10,
1103 5250 1203 5317 12;
1250 5249 1375 5306 Ose.
1408 5267 1531 5314 xm,
1569 5251 1624 5306 5.

1739 5251 1747 5281 ’
1787 5250 1934 5307 Psal.
1965 5259 2058 5312 eu,
2095 5250 2184 5305 15.
2262 5249 2307 5281 ⁹⁰
2339 5248 2481 5307 Psal.
2507 5265 2582 5316 Cl,
2607 5250 2699 5304 24.

145 5368 226 5441 64)
263 5375 515 5429 Πάντων
547 5371 790 5444 μᾶλλον
817 5373 1158 5442 φιλόσοφοι.
1189 5388 1208 5422 ι
1241 5369 1340 5438 Qui
1379 5385 1489 5442 prae
1513 5387 1628 5427 om-

71 5437 214 5494 nibus
229 5437 615 5511 philosophari
653 5444 704 5497 in
735 5437 891 5496 malis
923 5437 1142 5511 norunt.
1179 5459 1197 5490 ι

76 5509 653 5632 ιὦῶ)Βιιιισώμεεθα.
704 5515 841 5584 Reg.
879 5513 987 5576 hu,
1028 5509 1121 5566 Or.
1173 5512 1233 5577 1,
1275 5509 1387 5568 Jcs.

103 5592 120 5615 ε
153 5598 201 5632 α.

71 5589 824 5791 ἕακοπαθήσωμεγ.
847 5651 981 5706 Tres
1019 5652 1213 5723 Regg.,
1246 5651 1354 5707 Jes.
1385 5669 1623 5706 κακοπαι

120 5786 218 5865 (67)
265 5795 363 5863 Ὡς
389 5786 469 5866 τῇ
503 5796 702 5863 θείᾳ...
738 5793 1121 5854 παραεαλεῖν.
1153 5793 1283 5864 Reg.
1311 5791 1536 5861 bm,()r.
1569 5793 1624 5859 Ι,

314 5895 611 5956 Ριτιιοι..
645 5893 762 5954 Gn.
800 5887 1063 5952 XXXV.

1438 5511 1626 5581 βιωσά.

1723 5372 1833 5428 Jes.
1866 5371 2252 5444 παραϐάλλειν.
2286 5391 2304 5422 ‹
2337 5369 2407 5425 Ut
2433 5367 2751 5445 cumdivina
2786 5373 2870 5428 illa
2893 5384 2946 5429 et
2969 5375 3299 5445 sempiterna

1727 5453 1918 5496 natura
1950 5445 2340 5512 conjungatuur
2367 5460 2379 5494 :
2415 5454 2472 5496 ut
2505 5444 2572 5498 ad
2609 5445 2847 5499 divinam
2877 5446 3016 5502 lianc
3047 5444 3296 5502 naturant

1723 5513 2062 5568 accedamus.
2101 5531 2118 5563 ι

1796 5583 1906 5653 (68)
1948 5583 2080 5636 "Or.
2109 5580 2290 5653 Quisl.
2313 5580 2368 5643 2,
2397 5575 2491 5637 ὧν.

1795 5651 1908 5723 (69)
1945 5651 2137 5720 Καιρῷ
2176 5652 2498 5721 φυόμενον,
2538 5663 2642 5710 etc.
2690 5654 2873 5710 Billius
2912 5675 2926 5712 :
2977 5673 2996 5709 ι
3026 5672 3122 5714 suo
3167 5667 3301 5717 ιειιι·

1723 5739 1855 5798 pore
1889 5739 2138 5790 nascens,
2175 5735 2227 5779 et
2255 5739 2352 5779 suo
2389 5734 2627 5794 tempore
2661 5743 3020 5784 ttturcescens.
3056 5744 3078 5782 ι

2869 5878 2948 5946 ιιὸ
