3844 6390
536 327 641 381 779
1772 321 1830 375 s.
1873 291 2201 377 eumcena
2242 318 2583 375 THEOLOGI
2770 350 2775 355 .
3602 334 3676 390 τεο

536 444 699 496 etiam
722 441 835 495 dies
856 452 1116 492 numanos
1156 437 1313 507 palmi
1350 451 1655 493 mensuram
1678 453 1799 493 esse
1828 440 2103 493 deﬁnit".

2224 436 2505 508 Ἰερεμίαν,
2540 436 2597 498 ὃς
2632 436 2723 487 καὶ
2753 436 2816 504 τῇ
2867 435 3031 503 μητρὶ
3065 431 3173 501 (ἹΟ)
3212 432 3453 501 μέμφεται
3487 443 3567 511 τῆς
3592 463 3678 513 τεν,

538 536 675 602 Quid
715 543 891 587 autem
935 532 1001 585 de
1041 530 1274 587 Jeremia
1322 533 1565 596 dixeris,
1610 532 1701 602 qui
1743 530 1909 587 etiam
1944 530 2105 586 matri

2224 530 2417 600 θήσεως
2459 527 2660 597 ἀλγῶν,
2700 528 2792 580 καὶ
2828 525 3001 579 ταῦτα
3034 526 3121 576 ἐπ’
3153 522 3432 594 ἀλλοτρίοις
3472 536 3680 607 πταίσμα.

537 634 862 688 succenset,
891 637 949 678 se
982 623 1033 676 in
1070 624 1244 678 lucem
1293 626 1499 679 editum
1528 624 1750 687 dolens,
1784 623 1945 693 idque
1982 636 2103 693 pro-

2224 638 2263 674 τι
2311 621 2457 689 (71);
2532 620 2729 675 Πάντα
2777 614 2959 681 εἶδον,
3016 617 3178 687 φησὶν
3232 618 3259 668 ὁ
3324 618 3679 698 Ἐκκλησιαστὴς,

536 728 656 785 pter
680 716 852 770 aliena
904 726 1125 783 peccata
1154 717 1237 769 °'?
1289 716 1482 771 Omnia
1521 718 1626 770 villi
1653 758 1668 781 ,
1708 716 1785 769 ait
1834 716 2105 770 Ecclesia-

2224 713 2382 765 πάντα
2433 711 2663 782 ἐπῆλθον
2710 708 2954 780 λογισμῴ
2998 708 3067 761 τὰ
3123 707 3447 779 ἀνθρώπινα,
3495 716 3681 785 πλοῦτον,

536 819 647 861 stes
674 807 741 869 ’³,
771 808 1002 859 hmnana
1032 808 1210 861 omnia
1246 808 1572 876 cogitatione
1599 807 1877 877 peragravi
1902 846 1917 871 ,
1951 822 2103 875 opes,

2224 802 2419 873 τρυφὴν
2438 808 2459 865 ,’
2483 801 2799 855 δυναστείαν
2816 840 2831 863 ,
2858 800 3013 864 δόξαν
3042 800 3139 867 τὴν
3169 801 3410 865 ἄστατον,
3438 807 3595 874 σοφίαν
3618 812 3686 882 τὴν

537 896 777 959 delicias,
807 896 1123 963 potentiam,
1151 896 1454 951 instabilem
1486 896 1736 966 gloriam,
1776 894 2103 963 sapientiam

2224 895 2623 964 ὅποφεύγουσαν
2653 895 2811 947 πλέον
2846 895 2881 965 ἢ
2916 892 3290 964 κρατουμένην
3308 910 3320 923 ·
3352 896 3490 949 πάλιν
3513 903 3686 973 τρυφὴν,

536 1003 657 1057 qua:
687 986 856 1057 magis
875 985 1115 1055 suﬂ'ugit,
1138 1002 1303 1056 quam
1325 996 1571 1041 teneatur
1595 1004 1609 1051 ;
1638 985 1857 1041 delicias
1888 987 2108 1050 iterum,

2224 986 2405 1055 σοφίαν
2434 986 2596 1039 πάλιν
2616 1025 2630 1049 ,
2681 986 2772 1038 ἐπὶ
2805 985 2872 1038 τὰ
2918 983 3059 1037 αὐτὰ
3090 982 3341 1046 πολλάκις
3369 987 3691 1061 ἀνακυκλούμε-

535 1078 857 1147 sapientiam
888 1078 1103 1144 iterum,
1126 1078 1316 1133 eadem
1342 1078 1536 1147 saepius
1562 1078 1875 1141 revolvens,
1902 1078 2111 1132 ventris

2224 1094 2321 1140 νος,
2351 1076 2587 1147 γαστρὸς
2624 1076 2836 1146 ἡδονὰς,
2875 1073 3261 1145 παραδείσους,
3296 1073 3476 1145 πλῆθος
3506 1080 3689 1145 οἰκετῶν,

536 1170 834 1239 voluptates
858 1209 874 1236 ,
905 1169 1092 1223 hortos
1116 1209 1130 1233 ,
1179 1168 1506 1223 famulorum
1544 1182 1735 1238 greges
1760 1207 1775 1232 ,
1805 1166 2107 1236 possessio-

2224 1169 2416 1241 πλῆθος
2448 1170 2742 1241 κτημάτων
2762 1210 2775 1233 ,
2821 1168 3091 1238 οἰνοχόους
3121 1167 3214 1219 καὶ
3255 1168 3502 1237 οἰνοχόας,
3531 1172 3694 1241 ᾅδοντας

539 1278 664 1315 num
692 1262 921 1331 copiam,
950 1262 1239 1331 pincernas
1258 1260 1537 1329 utriusque
1559 1274 1742 1324 sexus,
1774 1269 2025 1315 cantores
2055 1270 2110 1313 et

2224 1264 2303 1317 καὶ
2330 1262 2559 1333 ᾀδούσας
2579 1304 2593 1327 ,
2624 1261 2784 1324 ὅπλα,
2812 1260 3166 1331 δορυφόρους,
3198 1257 3321 1327 ἔθνη
3348 1263 3691 1330 προσπίπτοντα,

536 1355 887 1419 cantatrices,
925 1369 1099 1417 arma,
1129 1352 1417 1417 satellites,
1450 1360 1640 1422 gentes
1668 1351 1734 1404 ad
1777 1365 1952 1418 genua
1983 1365 2110 1419 pro-

2224 1354 2408 1425 ρόρους
2441 1352 2883 1423 συλλεγομένους,
2914 1352 3084 1422 ὀφρὺν
3113 1350 3396 1419 βασιλείας,
3418 1354 3504 1407 ὅσα
3528 1361 3696 1423 περιττὰ

535 1447 882 1511 cumbentes,
932 1446 1156 1501 collecta
1213 1445 1455 1511 tributa,
1512 1444 1663 1513 regni
1718 1444 2106 1513 supercilium,

2224 1447 2306 1499 τοῦ
2335 1446 2450 1517 βίου
2480 1446 2615 1517 (τε),
2648 1446 2747 1498 ὅσα
2778 1444 2884 1498 τῶν
2911 1444 3223 1513 ἀναγκαίων
3246 1485 3258 1509 ,
3283 1438 3359 1507 οἷς
3397 1446 3520 1517 ὑπὲρ
3546 1450 3695 1515 πάντας

534 1539 717 1593 omnia
744 1538 999 1609 denique,
1027 1546 1137 1592 tam
1169 1538 1237 1591 ad
1258 1539 1384 1592 vitae
1407 1553 1560 1592 usum
1589 1539 1919 1600 necessaria,
1947 1552 2107 1605 quam

2224 1532 2373 1607 ἦλθον
2426 1536 2663 1607 βασιλεῖς
2712 1537 2837 1599 τοὺς
2884 1535 3226 1607 ἔμπροσθεν’
3283 1536 3372 1587 καὶ
3415 1536 3461 1588 τί
3500 1540 3574 1590 επὶ
3605 1543 3698 1592 πᾶσι

537 1628 804 1700 superﬂua
828 1670 845 1695 ,
883 1630 1079 1698 quibus
1121 1645 1274 1700 reges
1316 1644 1542 1693 omnes,
1573 1628 1663 1699 qui
1712 1639 1837 1682 ante
1872 1644 1957 1682 me
1993 1629 2112 1683 fue-

2224 1628 2422 1692 τούτοις
2444 1645 2457 1694 ;
2482 1628 2683 1682 Πάντα
2701 1629 3028 1698 ματαιότης
3040 1627 3456 1697 ματαιοτήτων,
3474 1629 3533 1683 τὰ
3558 1631 3699 1685 πάντα

537 1730 685 1785 runt,
735 1723 1007 1791 superavi.
1052 1721 1119 1775 Et
1167 1721 1296 1791 quid
1350 1730 1473 1790 post
1509 1722 1623 1775 haec
1657 1720 1887 1775 omnia?
1916 1720 2111 1774 Omnia

2224 1722 2535 1788 ματαιότης
2584 1720 2732 1791 (75),
2768 1720 2867 1773 καὶ
2897 1720 3247 1787 προαίρεσις
3293 1721 3606 1789 πνεύματος,
3633 1724 3699 1775 εἴτ’

535 1814 740 1866 vanitas
787 1814 1113 1876 vanitatum,
1167 1814 1345 1866 omnia
1387 1814 1617 1878 vanitas,
1661 1823 1708 1866 et
1760 1815 2107 1881 praesumptio

2224 1806 2307 1863 οὖν
2338 1809 2445 1880 (74)
2467 1810 2608 1881 ὁρμή
2632 1828 2717 1873 τις
2741 1809 2919 1879 ψυχῆς
2949 1808 3254 1877 ἀλόγιστος,
3279 1810 3369 1862 καὶ
3398 1812 3700 1881 aspici-asp)»;

533 1904 748 1973 spiritus
770 1904 837 1967 “,
892 1904 993 1958 boc
1038 1912 1138 1967 est,
1186 1904 1621 1959 iuconsideratus
1663 1904 1880 1973 quidam
1940 1906 2109 1961 animi

2224 1902 2497 1974 Ξινθρώπου
2520 1902 2677 1955 τοῦτο
2705 1901 3152 1973 κατακριθέντος,
3185 1902 3316 1964 ἴσως
3342 1904 3403 1954 ὲκ
3423 1903 3507 1955 τοῦ
3530 1904 3701 1956 παλαωῦ

535 1998 787 2066 impetus,
816 2004 871 2050 et
898 1996 1178 2051 distractio
1212 1997 1467 2059 hominis.
1497 1998 1570 2053 ob
1607 2006 1845 2053 veterem
1876 1998 2112 2054 lortasse

2224 1996 2521 2066 πτώματος.
2553 1995 2713 2049 Ἀλλὰ
2737 1980 2907 2059 τέλος
2935 1996 3142 2062 λόγου,
3161 1996 3314 2063 φησὶ,
3338 1994 3399 2047 τὸ
3424 1993 3531 2048 πᾶν
3546 1994 3701 2047 ἄκουε·

535 2086 747 2153 lapsum
780 2086 883 2139 bac
916 2100 1076 2154 paena
1109 2085 1378 2142 mulctati.
1421 2085 1615 2144 Verum
1655 2089 1924 2144 Sermonis
1950 2090 2105 2158 ﬁnis,

2224 2088 2318 2142 τὸν
2361 2088 2509 2142 Θεὸν
2555 2088 2775 2158 φοϐοῦ·
2826 2088 3065 2142 ἐνταῦθα
3117 2088 3217 2157 τῆς
3269 2086 3485 2157 ἀπορίας
3518 2087 3704 2139 ἵσταται·

531 2175 748 2245 inquit,
780 2178 958 2231 omnia
1000 2178 1130 2231 audi
1162 2194 1180 2231 :
1214 2178 1381 2232 Deum
1424 2181 1545 2234 time
1571 2180 1616 2213 ⁸⁸
1650 2200 1662 2235 :
1697 2182 1783 2237 hic
1820 2183 1963 2238 enim
2010 2184 2110 2239 du-

2224 2182 2306 2233 m‘t
2347 2180 2505 2233 τοῦτό
2542 2198 2623 2234 σοι
2671 2182 2829 2251 μόνον
2875 2180 2974 2251 τῆς
3009 2178 3247 2233 ἐνταῦθα
3281 2177 3415 2249 ζωῆς
3456 2180 3511 2231 τὸ
3550 2179 3705 2249 κέρδος,

532 2268 784 2324 bitationi
838 2271 999 2323 linem
1046 2270 1309 2339 imponit;
1361 2280 1522 2340 atque
1575 2288 1639 2327 ex
1695 2274 1795 2329 bac
1847 2275 1956 2329 vita
2008 2276 2111 2330 hoc

2224 2269 2538 2339 εδηγηθῆναι
2575 2270 2663 2323 διὰ
2690 2270 2787 2341 τῆς
2815 2270 3060 2340 ταραχῆς
3086 2270 3197 2340 (75)
3229 2269 3334 2322 τῶν
3372 2270 3621 2340 ὁρωμένων
3642 2271 3709 2322 καὶ

533 2362 797 2415 duntaxat
822 2362 1093 2417 commodi
1120 2378 1277 2431 cape,
1312 2373 1370 2417 ut
1404 2380 1499 2431 per
1532 2380 1735 2431 rerum,
1773 2382 1893 2436 qua:
1921 2369 2111 2423 viden-

2224 2360 2583 2432 ταλευομένων
2610 2363 2701 2415 ἐπὶ
2724 2363 2792 2415 τὰ
2825 2362 3035 2415 ἑστῶτα
3064 2361 3159 2415 καὶ
3195 2362 3273 2433 μὴ
3304 2363 3586 2433 κινούμενα.

536 2462 624 2508 tur
655 2464 709 2508 et
741 2452 1009 2509 ﬂuctuant
1032 2495 1047 2519 ,
1096 2456 1560 2525 perturbationem
1586 2498 1600 2524 ,
1632 2458 1698 2512 ad
1748 2473 1835 2514 res
1884 2460 2019 2515 lixas
2050 2471 2107 2515 ct

535 2546 759 2601 stabiles
788 2545 1093 2600 deducaris.

613 2636 731 2692 XX.
774 2636 888 2691 Non
926 2635 1091 2706 igitur
1114 2635 1408 2691 Cmsarium
1444 2636 1743 2706 lugeamus,
1776 2640 1971 2707 quibus
1997 2655 2110 2694 ma-

537 2730 606 2783 lis
635 2737 854 2798 ereptus
902 2729 991 2791 sit,
1022 2743 1126 2781 non
1177 2728 1521 2796 ignorantes,
1564 2733 1657 2783 sed
1702 2744 1799 2785 nos
1832 2731 2011 2799 ipsos,
2041 2734 2110 2787 ob

536 2836 601 2876 ea
632 2821 770 2875 mala
797 2821 993 2890 quibus
1021 2821 1194 2874 relicti
1242 2836 1429 2875 sumus
1453 2861 1468 2884 ,
1516 2830 1570 2875 et
1603 2836 1721 2890 qua:
1755 2824 1912 2876 nobis
1945 2838 2109 2893 agge-

539 2927 752 2977 remus,
788 2913 889 2967 nisi
928 2911 1162 2966 sinceris
1207 2911 1407 2965 animis
1453 2926 1549 2965 nos
1593 2911 1703 2965 Deo
1748 2915 2064 2969 addieamns
2092 2956 2106 2980 ,

537 3020 602 3059 ac
649 3004 939 3075 prmteritis
973 3004 1074 3071 iisf,
1127 3018 1247 3073 quae
1284 3003 1403 3074 ipsa
1458 3019 1555 3060 nos
1608 3015 1973 3073 praetereunt,
2046 3010 2110 3065 ad

536 3110 827 3164 supernam
878 3097 1047 3149 vitam
1099 3110 1489 3165 properemus,
1542 3105 1890 3167 terramque,
1944 3101 2107 3154 etiam

536 3188 714 3243 adhuc
758 3188 810 3241 in
854 3196 997 3241 terra
1044 3196 1364 3251 versantes,
1414 3188 1823 3258 relinquamus,
1870 3206 1933 3245 ac
1981 3191 2105 3261 Spi-

538 3280 701 3333 ritum
749 3278 804 3333 in
850 3278 1047 3334 malum
1105 3278 1368 3334 ferentem
1437 3280 1578 3334 bona
1627 3280 1732 3335 lide
1796 3296 2109 3352 sequamur.

539 3371 685 3437 Haec,
715 3379 775 3425 ut
819 3371 1030 3441 ignavis
1057 3372 1265 3441 gravia,
1311 3371 1382 3425 ita
1408 3371 1534 3426 forti
1564 3372 1747 3427 animo
1772 3376 2011 3443 praeditis
2037 3376 2114 3431 le-

536 3462 623 3516 via
652 3471 797 3517 sunt.
823 3460 963 3527 Quin
999 3462 1066 3514 ad
1099 3461 1242 3515 hunc
1278 3475 1500 3530 quoque
1539 3464 1755 3516 modum
1795 3464 2112 3519 considere-

537 3569 660 3610 mus
691 3571 705 3609 :
738 3552 1157 3624 Nonimperabit
1182 3554 1486 3610 Catsarius?
1513 3555 1581 3607 At
1617 3570 1715 3609 nec
1750 3556 1852 3610 sub
1882 3557 2110 3612 aliorum

540 3647 772 3717 imperio
810 3648 935 3701 erit.
988 3645 1104 3701 Non
1147 3656 1412 3701 terrorem
1463 3648 1790 3717 quibusdam
1837 3646 2112 3704 incutiet?

538 3740 609 3795 At
654 3754 753 3794 nec
806 3754 1025 3809 gravem
1072 3738 1349 3792 dominum
1404 3739 1564 3808 212
1625 3741 2009 3807 pertimescet,
2046 3756 2113 3797 ne

540 3831 786 3901 dignum~
816 3830 1032 3900 quidem
1082 3829 1397 3898 plerumque
1424 3870 1441 3894 ,
1494 3832 1577 3884 cui
1636 3831 1953 3898 imperetur.
1991 3832 2110 3885 Non

537 3936 669 3991 opes
691 3920 1025 3976 cumulabit?
1050 3920 1115 3972 At
1146 3934 1245 3974 nec
1264 3919 1521 3973 invidiam
1550 3930 1775 3984 metuet,
1800 3932 1892 3974 aut
1918 3922 2114 3977 anima:

542 4014 872 4067 detrimento
935 4012 1223 4076 atﬁcietur,
1286 4010 1427 4064 male
1480 4011 1773 4082 colligens;
1831 4024 1995 4083 atque
2050 4030 2114 4070 eo

541 4105 697 4177 plura
732 4104 974 4173 quotidie
1026 4116 1304 4157 assumere
1344 4102 1568 4157 studens
1594 4144 1610 4169 ,
1654 4120 1763 4172 quo
1806 4106 1956 4174 plura
1999 4106 2112 4175 jam

542 4198 771 4266 adeptus
803 4197 894 4251 sit.
937 4194 1258 4264 ilnjusmodi
1309 4194 1510 4263 quippe
1540 4197 1855 4252 divitiarum
1894 4200 2115 4255 morbus

541 4296 648 4351 est,
683 4296 741 4340 ut
776 4286 929 4357 plura
975 4294 1231 4355 appetere
1263 4301 1367 4343 non
1405 4286 1647 4355 desinat,
1685 4289 1777 4343 sed
1802 4288 1920 4344 sitis
1948 4291 2114 4345 medi-

544 4379 722 4433 cinam
755 4378 808 4431 in
838 4386 1101 4448 perpetuo
1132 4384 1258 4446 potu
1291 4375 1450 4432 sitam
1485 4391 1607 4432 esse
1643 4379 1960 4434 arbitretur.
1994 4379 2109 4434 Non

2282 2638 2366 2691 K'.
2396 2638 2485 2708 Μὴ
2499 2638 2685 2722 ,τοίνυν
2711 2640 2992 2712 πενθῶμεν
3013 2642 3331 2713 Καισάριον,
3354 2643 3472 2696 οἴων
3487 2643 3711 2716 ἀπηλλάγη

2212 2730 2398 2783 κακῶν
2424 2731 2649 2796 εἰδότες,
2691 2733 2805 2786 ἀλλ’
2839 2735 2988 2805 ἡμᾶς
3020 2735 3241 2803 αὐτοὺς,
3288 2737 3418 2800 οἵοις
3458 2737 3714 2806 ὑπελείφθη-

2216 2839 2345 2892 μεν,
2381 2824 2473 2876 καὶ
2504 2818 2593 2877 οἷα
2646 2824 3081 2898 θησαυρίσομεν,
3130 2830 3178 2882 εί
3237 2829 3333 2900 μὴ,
3387 2831 3595 2900 γνησίως
3629 2829 3715 2897 Θεῷ

2214 2913 2592 2983 προσθέμενοι,
2634 2917 2728 2969 καὶ
2766 2917 3218 2989 παραδραμόντες
3250 2919 3322 2973 τὰ
3356 2922 3714 2992 παρατρέχοντι,

2213 3005 2352 3076 πρὸς
2388 3006 2487 3075 τὴν
2518 3007 2630 3060 ἀνω
2663 3006 2806 3080 ζωὴν
2839 3011 3193 3082 ἐπειγοίμεθα
3213 3030 3228 3043 ·
3279 3012 3358 3066 ἔτι
3390 3015 3516 3084 ὑπὲρ
3550 3013 3633 3082 γῆς
3657 3014 3716 3064 δν-

2212 3113 2321 3159 τες,
2355 3098 2742 3163 καταλιπόντες
2767 3101 2863 3173 τὴν
2894 3102 3017 3173 γῆν,
3046 3104 3139 3157 καὶ
3162 3103 3245 3175 τῷ
3272 3104 3534 3175 Πνεύματι
3556 3105 3720 3175 ᾳέροντι

2216 3188 2352 3260 πρὸς
2381 3189 2449 3243 τὰ
2496 3193 2608 3245 ἅνω
2656 3194 2896 3265 γνησίως
2939 3196 3427 3267 ἀκολὺυθήσαντες.
3468 3197 3623 3250 Ταῦτα
3654 3194 3720 3246 καί

2214 3279 2436 3347 ἀλγεινά
2468 3284 2581 3345 τοῖς
2606 3282 2947 3355 ὀλιγοψύχοις
2970 3326 2984 3349 ,
3032 3288 3125 3341 καὶ
3154 3287 3339 3358 κοῦφα
3376 3291 3483 3351 τοῖς
3511 3288 3723 3358 ἀνδρικῶς

2213 3372 2312 3442 τὴν
2348 3372 2602 3428 διάνοιαν.
2641 3376 2939 3447 Σκοπῶμεν
2976 3379 3033 3432 δὲ
3064 3379 3242 3444 οὕτως
3264 3398 3277 3413 '
3309 3382 3420 3435 Οὐκ
3451 3380 3583 3450 ἄρξει
3626 3379 3722 3430 Καί·

2218 3464 2434 3534 σάριος;
2496 3465 2633 3517 Ἀλλ’
2663 3468 2784 3519 οὐδὲ
2821 3469 3150 3540 ἀρχθήσεται
3184 3472 3325 3543 πρὸς
3366 3472 3544 3527 ἄλλων.
3573 3472 3633 3524 Οὐ
3661 3488 3726 3537 σο-

2216 3552 2367 3623 ϐήσει
2392 3555 2574 3621 τινάς;
2618 3557 2757 3611 Ἀλλ’
2787 3560 2907 3613 οὐδὲ
2939 3561 3105 3614 δείσει
3139 3562 3317 3635 βαρὺν
3349 3564 3609 3633 δεσπότην,
3636 3562 3725 3614 πο).-

2214 3644 2371 3709 λάκις
2397 3645 2487 3699 τὸν
2510 3648 2631 3702 οὐδὲ
2663 3650 2924 3722 ἄρχεσθαι
2959 3653 3130 3720 ἄξιον.
3166 3658 3244 3709 Ut’;
3283 3657 3495 3723 συνάξει
3521 3655 3727 3711 πλοῦτον;

2230 3738 2365 3791 Ἀλλ’
2397 3742 2517 3794 οὐδὲ
2553 3744 2817 3814 ὑπόψεται
2861 3746 3086 3815 φθόνον,
3134 3749 3167 3819 ἦ
3222 3750 3401 3822 ψυχὴν
3450 3748 3729 3820 ζημιωθήσε-

2215 3848 2303 3883 ται
2335 3832 2447 3900 (76)
2476 3835 2662 3898 κακῶς
2694 3838 2969 3907 συνάγων·
3002 3844 3094 3894 καὶ
3120 3843 3378 3896 τοσοῦτον
3407 3844 3490 3897 ἀεὶ
3516 3842 3734 3913 προσλαμ-
3782 3828 3799 3841 ’

2216 3922 2398 3977 δάνειν
2443 3924 2654 3996 ζητῶν,
2690 3928 2814 3983 ὅσον
2851 3931 3138 4001 ἐκτήσατο.
3182 3936 3423 4007 Τοιαύτη
3463 3935 3562 4005 γὰρ
3604 3935 3629 4003 ἡ
3668 3931 3733 3983 τοῦ

2216 4015 2466 4070 πλουτεῖν
2499 4019 2651 4083 νόσος
2672 4061 2686 4083 ,
2735 4022 2859 4093 ὅρον
2892 4023 2985 4077 τοῦ
3024 4024 3235 4081 δεῖσθαι
3271 4029 3385 4097 (Ἱτ)
3425 4028 3641 4089 πλείονος
3667 4026 3738 4076 οὑχ

2215 4108 2433 4178 ἔχουσα,
2462 4111 2599 4165 ἀλλὰ
2624 4114 2685 4165 τὸ
2718 4117 2877 4168 ποτὸν
2912 4118 2999 4171 ἀεὶ
3030 4119 3217 4189 δίψους
3246 4122 3326 4175 ἔτι
3354 4121 3627 4191 ποιουμένη
3658 4118 3736 4183 (78)

2218 4202 2525 4274 φάρμακον.
2558 4208 2671 4260 Οὐκ
2700 4208 3019 4274 ἐπιδείξεται
3045 4212 3238 4281 λόγους
3264 4232 3278 4279 ;
3321 4215 3459 4267 Ἀλλ’
3489 4214 3583 4268 ὑπὸ
3608 4212 3742 4278 λόγων

2216 4313 2278 4365 γε
2315 4299 2425 4369 (79)
2469 4299 2935 4371 θαυμασθήσεται.
2985 4306 3058 4359 Οὐ
3105 4307 3463 4379 φιλοσοφήσει
3491 4308 3555 4360 τά
3598 4306 3741 4358 Ἰππο-

2217 4390 2448 4459 κράτους
2480 4392 2589 4461 (80)
2624 4394 2715 4448 καὶ
2739 4394 3009 4466 Γαληνοῦ,
3044 4398 3137 4452 καὶ
3168 4400 3280 4454 τῶν
3319 4399 3601 4454 ἀντιθέτων
3634 4393 3742 4449 ὲκεί-

540 4485 822 4527 sermones
849 4470 1187 4526 ostentabit?
1215 4472 1283 4524 At
1312 4484 1340 4522 a
1373 4470 1717 4525 sermonibus
1747 4471 2109 4526 admiratione

2224 4498 2356 4547 νοις;
2401 4484 2540 4536 Ἀλλ’
2570 4487 2691 4540 οὐδὲ
2719 4489 3092 4559 κακοπαθήσει
3133 4494 3335 4556 νόσοις,
3371 4493 3504 4554 ἰδίας
3530 4487 3743 4542 ἐπ’ἀλλοο

542 4560 825 4616 ameietur.
861 4559 974 4615 Non
1010 4560 1390 4630 Hippocratis,
1428 4570 1483 4616 et
1528 4561 1755 4626 Galeui,
1800 4572 1849 4617 et
1880 4578 2069 4617 eorum
2096 4604 2111 4627 ,

540 4651 634 4722 qui
672 4650 803 4720 ipsis
831 4652 1208 4717 adversantur,
1246 4652 1443 4722 placita
1480 4654 1878 4722 pertractabit?
1910 4655 1982 4708 At
2013 4670 2108 4709 ne-

616 4816 825 4871 "Psal.
856 4831 1079 4881 xxxviii,
1139 4814 1192 4869 6.
1268 4816 1313 4848 ⁹¹
1349 4815 1459 4873 Jer.
1513 4832 1602 4880 xv,
1646 4816 1733 4870 10.
1810 4816 1856 4851 ³⁸
1896 4817 2069 4874 Eccle.
2111 4833 2164 4885 ι,

618 4952 730 5023 (70)
768 4952 877 5024 Καὶ
919 4950 995 5024 τῇ
1031 4954 1224 5022 μητρί.
1267 4953 1340 5008 Ita
1377 4953 1543 5024 Regg.
1599 4956 1710 5020 bm,
1747 4956 1836 5022 bu,
1865 4955 2027 5011 Coisl.
2064 4959 2115 5023 1,

547 5024 644 5079 Or.
684 5034 741 5095 et
766 5022 875 5075 Jes.
907 5022 971 5095 _|n
1010 5025 1095 5076 ed.
1137 5033 1285 5095 deest
1314 5028 1401 5095 τῇ.

616 5094 727 5165 (71)
767 5093 1311 5165 Πτᾳίσμασιᾏϐοη).
1348 5093 1401 5160 3,
1428 5094 1702 5165 πτώμασι.

616 5161 729 5237 (72)
772 5163 883 5219 Τοῦ
908 5164 1075 5237 βίου.
1130 5161 1221 5217 Sic
1252 5163 1385 5232 lieg.
1426 5169 1532 5231 bin,
1552 5161 1729 5220 Coisl.
1752 5164 1807 5229 2,
1832 5176 1885 5221 et
1908 5164 2017 5221 Jes.
2057 5167 2114 5220 In

542 5234 634 5291 ed;
663 5238 813 5289 deest
841 5234 955 5288 τοῦ.
1966 5260 1969 5263 ν

616 5305 727 5377 (73)
771 5303 1447 5377 Τὰίτάνταᾲματαιότης.
1480 5304 1603 5377 Hac
1636 5306 1830 5359 desunt
1861 5306 1913 5359 in
1952 5306 2113 5377 [{egg.

544 5374 656 5433 bm,
689 5376 780 5437 Im,
812 5374 981 5428 tribus
1012 5375 1187 5433 0011)..
1212 5376 1378 5429 Coisl.
1412 5380 1464 5434 τι,
1492 5389 1543 5427 et
1571 5375 1679 5430 Jes.

616 5444 729 5512 (74)
768 5444 890 5498 Εἶτ’
923 5439 1055 5499 οὖν.
1087 5446 1251 5497 (Inisl.
1289 5446 1340 5509 1,
1371 5446 1454 5512 ἥτ’
1483 5442 1585 5500 οὖν.

617 5516 730 5583 (75)
787 5513 901 5581 Τῆς
926 5513 1213 5583 ταραχῆς,
1246 5526 1350 5569 etc.
1388 5513 1593 5578 Billius,
1626 5534 1645 5566 ‹
1678 5531 1770 5584 per
1793 5530 1980 5569 earum
2024 5531 2109 5569 re-

548 5598 667 5636 rum
701 5599 818 5653 qua:
845 5584 946 5638 sub
974 5588 1251 5639 oculorum
1275 5596 1550 5656 aspectum
1583 5588 1800 5650 cadunt,
1826 5597 2113 5656 perpetuo-

549 5668 652 5721 que
683 5664 828 5707 motu
860 5656 1149 5723 agitantur,
1191 5655 1582 5709 confusionem.
1620 5676 1638 5705 ι

625 5723 736 5792 (76)
775 5725 1236 5796 Ζημιωθὴσεται.
1278 5726 1440 5783 Coisl.
1472 5728 1521 5795 1,
1566 5728 1669 5783 duo
1704 5726 1877 5799 Colb.,
1911 5728 2005 5782 Or.
2061 5730 2111 5790 1,

2220 4570 2397 4640 τρίαις
2426 4579 2734 4646 συμφοραῖς
2758 4577 2934 4642 λύπας
2955 4582 3363 4652 καρπούμενος.
3396 4582 3507 4636 Οὐκ
3526 4576 3745 4641 ἀποδείξει

2218 4661 2285 4714 τὰ
2320 4663 2627 4729 Εὐκλείδου,
2664 4668 2757 4720 καὶ
2792 4669 3150 4740 Πτολεμαίου,
3199 4675 3297 4726 καὶ
3330 4673 3603 4743 ’⁹Ηρωνος;

2224 4821 2309 4873 11.
2384 4820 2431 4851 9‘
2473 4818 2599 4876 ibid.
2676 4822 2721 4854 "
2761 4824 2935 4881 Ercle.
2974 4841 3046 4879 xu
3074 4866 3089 4889 ,
3134 4827 3218 4880 15.

2223 4960 2332 5015 Jes.
2359 4965 2429 5034 ίζη
2439 4979 2715 5031 μιωσεται.

2296 5030 2623 5103 (77)’⁷Ὅ,οον
2665 5032 2771 5087 τοῦ
2802 5034 3053 5094 δεῖσθαι,
3096 5048 3201 5090 etc.
3237 5035 3455 5102 Billius,
3492 5055 3508 5085 ε
3548 5042 3598 5084 nt
3626 5030 3745 5103 linem

2226 5101 2507 5171 appetendi
2542 5104 2688 5171 plura
2720 5108 2943 5159 nesciat.
2985 5126 3006 5154 ι
3039 5107 3091 5159 lu
3129 5106 3260 5175 lirg.
3316 5101 3448 5167 bm,’
3472 5104 3622 5160 Coisl.
3646 5101 3684 5155 l.
3710 5104 3747 5147 vi

2222 5172 2329 5227 Jes.
2364 5173 2576 5231 legitur,
2606 5174 2728 5225 ὅσον
2757 5174 2848 5227 τοῦ
2883 5176 3125 5231 πλείονος
3157 5178 3256 5228 οὐκ
3290 5176 3472 5231 εἰδὼς.
3507 5171 3647 5231 ἀλλά.
3670 5182 3747 5224 elc-

2257 5189 2329 5225 es.
2364 5188 2576 5240 legitur,
2606 5188 2728 5225 οσον
2757 5193 2848 5227 του
2883 5188 3125 5238 πλείονος
3157 5188 3256 5228 ουκ
3290 5188 3472 5239 εἰδὼς,
3507 5188 3647 5231 αλια.
3670 5188 3747 5224 8":-
3776 5202 3782 5216 ι

2294 5242 2668 5317 (78)-Διψους
2712 5244 3177 5317 ἑτιᾲποιουμένη.
3228 5249 3551 5317 Addidimus
3588 5242 3748 5317 ἔτι,γί

2225 5312 2388 5381 Regg.
2421 5312 2529 5375 bm,
2562 5315 2655 5376 Im,
2692 5315 2899 5369 duobus
2922 5312 3076 5370 Colb.
3125 5329 3178 5371 et
3223 5316 3339 5371 Jes.
3384 5316 3545 5369 [idem
3580 5312 3750 5381 codices

2223 5380 2319 5458 pro
2348 5380 2669 5458 ποιουμένη
2708 5385 2907 5440 habent
2952 5386 3291 5458 ποιούμενος.
3337 5386 3504 5442 Coisl.
3542 5380 3752 5448 1,δίῷους

2222 5453 2412 5515 αἴτιον,
2452 5470 2470 5502 ι
2508 5455 2625 5507 sitis
2660 5453 2843 5509 eausa.
2884 5474 2903 5507 ι

2293 5523 2407 5597 (79)
2445 5524 2651 5597 Λόγων
2676 5542 2761 5594 γε.
2796 5526 2958 5597 Deest
2982 5545 3047 5597 γε
3082 5528 3135 5581 in
3165 5527 3444 5597 pluribus.

2438 5594 2515 5647 Τὰ
2540 5588 3013 5665 “⁹1πεὶοκράτουςξ
3045 5588 3249 5664 Billiits,
3283 5619 3301 5651 ι
3336 5592 3661 5668 H~ppocratis
3684 5588 3769 5641 (ιο-ι

2314 5681 2321 5691 ί
2373 5682 2422 5717 a.
2468 5684 2486 5715 ι

2222 5680 2422 5733 gmata.
2468 5684 2486 5715 ι
