  <div class='ocr_page' id='page_1' title='image "/cluster/home/n/w/nwhite01/storage/ocr_20150623/35/hvd.32044024473308/397.png"; bbox 0 0 3844 6390; ppageno 0'>
   <div class='ocr_carea' id='block_1_1' title="bbox 512 280 616 336">
    <p class='ocr_par' dir='ltr' id='par_1_1' title="bbox 512 280 616 336">
     <span class='ocr_line' id='line_1_1' title="bbox 512 280 616 336; baseline 0.029 -3"><span class='ocrx_word' id='word_1_1' title='bbox 512 280 616 336; x_wconf 79' lang='lat'><strong>785</strong></span> 
     </span>
    </p>
   </div>
   <div class='ocr_carea' id='block_1_2' title="bbox 1766 282 3680 367">
    <p class='ocr_par' dir='ltr' id='par_1_2' title="bbox 1766 282 3680 367">
     <span class='ocr_line' id='line_1_2' title="bbox 1766 282 3680 367; baseline -0.005 -28"><span class='ocrx_word' id='word_1_2' title='bbox 1766 284 1824 341; x_wconf 91' lang='lat' dir='ltr'><strong>S.</strong></span> <span class='ocrx_word' id='word_1_3' title='bbox 1869 282 2196 339; x_wconf 75' lang='lat' dir='ltr'><strong>GREGORII</strong></span> <span class='ocrx_word' id='word_1_4' title='bbox 2238 282 2587 341; x_wconf 37' lang='lat' dir='ltr'><strong>Tl‘lEOLOGl</strong></span> <span class='ocrx_word' id='word_1_5' title='bbox 3602 308 3680 367; x_wconf 53' lang='grc' dir='ltr'><strong>τω</strong></span> 
     </span>
    </p>
   </div>
   <div class='ocr_carea' id='block_1_3' title="bbox 511 394 2073 483">
    <p class='ocr_par' dir='ltr' id='par_1_3' title="bbox 511 394 2073 466">
     <span class='ocr_line' id='line_1_3' title="bbox 511 394 2073 466; baseline 0.003 -19"><span class='ocrx_word' id='word_1_6' title='bbox 511 410 615 463; x_wconf 87' lang='lat' dir='ltr'><strong>quo</strong></span> <span class='ocrx_word' id='word_1_7' title='bbox 643 394 799 447; x_wconf 87' lang='lat' dir='ltr'><strong>modo</strong></span> <span class='ocrx_word' id='word_1_8' title='bbox 829 394 938 454; x_wconf 77' lang='lat' dir='ltr'><strong>lict,</strong></span> <span class='ocrx_word' id='word_1_9' title='bbox 973 394 1111 449; x_wconf 81' lang='lat' dir='ltr'><strong>Deus</strong></span> <span class='ocrx_word' id='word_1_10' title='bbox 1140 396 1304 458; x_wconf 88' lang='lat' dir='ltr'><strong>novit,</strong></span> <span class='ocrx_word' id='word_1_11' title='bbox 1340 396 1429 466; x_wconf 85' lang='lat' dir='ltr'><strong>qui</strong></span> <span class='ocrx_word' id='word_1_12' title='bbox 1452 412 1514 449; x_wconf 90' lang='lat' dir='ltr'><strong>ea</strong></span> <span class='ocrx_word' id='word_1_13' title='bbox 1541 396 1683 451; x_wconf 85' lang='lat' dir='ltr'><strong>inter</strong></span> <span class='ocrx_word' id='word_1_14' title='bbox 1714 413 1769 451; x_wconf 91' lang='lat' dir='ltr'><strong>se</strong></span> <span class='ocrx_word' id='word_1_15' title='bbox 1796 399 2073 465; x_wconf 78' lang='lat' dir='ltr'><strong>conjunxit</strong></span> 
     </span>
    </p>
   </div>
   <div class='ocr_carea' id='block_1_4' title="bbox 2183 394 3685 483">
    <p class='ocr_par' dir='ltr' id='par_1_4' title="bbox 2183 396 3685 483">
     <span class='ocr_line' id='line_1_4' title="bbox 2183 396 3685 483; baseline 0.013 -35"><span class='ocrx_word' id='word_1_16' title='bbox 2183 396 2360 468; x_wconf 82' lang='grc' dir='ltr'>θείσης</span> <span class='ocrx_word' id='word_1_17' title='bbox 2392 399 2495 469; x_wconf 78' lang='grc' dir='ltr'>γῆς</span> <span class='ocrx_word' id='word_1_18' title='bbox 2516 440 2529 463; x_wconf 90' lang='grc'><strong>,</strong></span> <span class='ocrx_word' id='word_1_19' title='bbox 2563 400 2762 470; x_wconf 82' lang='grc' dir='ltr'>τρόπον</span> <span class='ocrx_word' id='word_1_20' title='bbox 2801 398 2860 453; x_wconf 79' lang='grc' dir='ltr'>ὃν</span> <span class='ocrx_word' id='word_1_21' title='bbox 2904 397 3046 455; x_wconf 74' lang='grc' dir='ltr'>οἶδεν</span> <span class='ocrx_word' id='word_1_22' title='bbox 3073 404 3101 457; x_wconf 87' lang='grc' dir='ltr'><strong>ό</strong></span> <span class='ocrx_word' id='word_1_23' title='bbox 3134 403 3307 459; x_wconf 76' lang='grc' dir='ltr'>ταῦτα</span> <span class='ocrx_word' id='word_1_24' title='bbox 3357 410 3586 483; x_wconf 76' lang='grc' dir='ltr'><strong>συνδήσας</strong></span> <span class='ocrx_word' id='word_1_25' title='bbox 3613 425 3685 477; x_wconf 68' lang='grc' dir='ltr'><strong>καὶ</strong></span> 
     </span>
    </p>
   </div>
   <div class='ocr_carea' id='block_1_5' title="bbox 509 483 2076 559">
    <p class='ocr_par' dir='ltr' id='par_1_5' title="bbox 509 483 2076 559">
     <span class='ocr_line' id='line_1_5' title="bbox 509 483 2076 559; baseline 0.003 -21"><span class='ocrx_word' id='word_1_26' title='bbox 509 495 672 552; x_wconf 88' lang='lat' dir='ltr'><strong>atque</strong></span> <span class='ocrx_word' id='word_1_27' title='bbox 695 483 937 538; x_wconf 71' lang='lat' dir='ltr'><strong>dissolvit</strong></span> <span class='ocrx_word' id='word_1_28' title='bbox 957 484 997 549; x_wconf 92' lang='lat'><strong>),</strong></span> <span class='ocrx_word' id='word_1_29' title='bbox 1026 491 1137 536; x_wconf 88' lang='lat' dir='ltr'><strong>tum</strong></span> <span class='ocrx_word' id='word_1_30' title='bbox 1165 486 1379 539; x_wconf 88' lang='lat' dir='ltr'><strong>demum</strong></span> <span class='ocrx_word' id='word_1_31' title='bbox 1404 499 1522 539; x_wconf 89' lang='lat' dir='ltr'><strong>eam</strong></span> <span class='ocrx_word' id='word_1_32' title='bbox 1548 503 1764 558; x_wconf 86' lang='lat' dir='ltr'><strong>quoque.</strong></span> <span class='ocrx_word' id='word_1_33' title='bbox 1797 490 1863 542; x_wconf 89' lang='lat' dir='ltr'><strong>ad</strong></span> <span class='ocrx_word' id='word_1_34' title='bbox 1888 488 2076 559; x_wconf 68' lang='lat' dir='ltr'><strong>gloria:</strong></span> 
     </span>
    </p>
   </div>
   <div class='ocr_carea' id='block_1_6' title="bbox 508 573 2078 649">
    <p class='ocr_par' dir='ltr' id='par_1_6' title="bbox 508 573 2078 649">
     <span class='ocr_line' id='line_1_6' title="bbox 508 573 2078 649; baseline 0.003 -21"><span class='ocrx_word' id='word_1_35' title='bbox 508 573 746 629; x_wconf 73' lang='lat' dir='ltr'><strong>caelestis</strong></span> <span class='ocrx_word' id='word_1_36' title='bbox 773 573 1142 627; x_wconf 73' lang='lat' dir='ltr'><strong>[nereditatem</strong></span> <span class='ocrx_word' id='word_1_37' title='bbox 1167 589 1349 629; x_wconf 86' lang='lat' dir='ltr'><strong>secum</strong></span> <span class='ocrx_word' id='word_1_38' title='bbox 1381 577 1777 643; x_wconf 91' lang='lat' dir='ltr'><strong>admissuram;</strong></span> <span class='ocrx_word' id='word_1_39' title='bbox 1802 588 1858 633; x_wconf 91' lang='lat' dir='ltr'><strong>et</strong></span> <span class='ocrx_word' id='word_1_40' title='bbox 1885 595 2078 649; x_wconf 86' lang='lat' dir='ltr'><strong>quem-</strong></span> 
     </span>
    </p>
   </div>
   <div class='ocr_carea' id='block_1_7' title="bbox 509 663 2072 734">
    <p class='ocr_par' dir='ltr' id='par_1_7' title="bbox 509 663 2072 734">
     <span class='ocr_line' id='line_1_7' title="bbox 509 663 2072 734; baseline 0.006 -17"><span class='ocrx_word' id='word_1_41' title='bbox 509 664 792 718; x_wconf 86' lang='lat' dir='ltr'><strong>admodum</strong></span> <span class='ocrx_word' id='word_1_42' title='bbox 840 663 909 717; x_wconf 89' lang='lat' dir='ltr'><strong>ob</strong></span> <span class='ocrx_word' id='word_1_43' title='bbox 959 674 1162 720; x_wconf 61' lang='lat' dir='ltr'><strong>natura:</strong></span> <span class='ocrx_word' id='word_1_44' title='bbox 1218 665 1647 734; x_wconf 78' lang='lat' dir='ltr'><strong>coniunctionem</strong></span> <span class='ocrx_word' id='word_1_45' title='bbox 1706 686 2072 726; x_wconf 68' lang='lat' dir='ltr'><strong>mrumnarum</strong></span> 
     </span>
    </p>
   </div>
   <div class='ocr_carea' id='block_1_8' title="bbox 510 754 2078 830">
    <p class='ocr_par' dir='ltr' id='par_1_8' title="bbox 510 754 2078 830">
     <span class='ocr_line' id='line_1_8' title="bbox 510 754 2078 830; baseline 0.006 -22"><span class='ocrx_word' id='word_1_46' title='bbox 510 754 678 825; x_wconf 88' lang='lat' dir='ltr'><strong>ipsius</strong></span> <span class='ocrx_word' id='word_1_47' title='bbox 712 755 983 825; x_wconf 74' lang='lat' dir='ltr'><strong>particeps</strong></span> <span class='ocrx_word' id='word_1_48' title='bbox 1014 755 1214 820; x_wconf 79' lang='lat' dir='ltr'><strong>fuerat,</strong></span> <span class='ocrx_word' id='word_1_49' title='bbox 1248 758 1326 812; x_wconf 89' lang='lat' dir='ltr'><strong>sic</strong></span> <span class='ocrx_word' id='word_1_50' title='bbox 1356 759 1519 812; x_wconf 89' lang='lat' dir='ltr'><strong>etiam</strong></span> <span class='ocrx_word' id='word_1_51' title='bbox 1546 759 1915 830; x_wconf 87' lang='lat' dir='ltr'><strong>jucunditates</strong></span> <span class='ocrx_word' id='word_1_52' title='bbox 1951 778 2078 818; x_wconf 89' lang='lat' dir='ltr'><strong>suas</strong></span> 
     </span>
    </p>
   </div>
   <div class='ocr_carea' id='block_1_9' title="bbox 507 848 2076 926">
    <p class='ocr_par' dir='ltr' id='par_1_9' title="bbox 507 848 2076 926">
     <span class='ocr_line' id='line_1_9' title="bbox 507 848 2076 926; baseline 0.006 -25"><span class='ocrx_word' id='word_1_53' title='bbox 507 863 631 901; x_wconf 88' lang='lat' dir='ltr'><strong>cum</strong></span> <span class='ocrx_word' id='word_1_54' title='bbox 664 848 779 915; x_wconf 86' lang='lat' dir='ltr'><strong>ipsa</strong></span> <span class='ocrx_word' id='word_1_55' title='bbox 810 849 1328 904; x_wconf 76' lang='lat' dir='ltr'><strong>communicaturum</strong></span> <span class='ocrx_word' id='word_1_56' title='bbox 1354 892 1369 918; x_wconf 87' lang='lat'><strong>,</strong></span> <span class='ocrx_word' id='word_1_57' title='bbox 1398 861 1566 906; x_wconf 85' lang='lat' dir='ltr'><strong>totum</strong></span> <span class='ocrx_word' id='word_1_58' title='bbox 1597 854 1846 908; x_wconf 83' lang='lat' dir='ltr'><strong>videlicet</strong></span> <span class='ocrx_word' id='word_1_59' title='bbox 1876 870 2076 926; x_wconf 91' lang='lat' dir='ltr'><strong>corpus</strong></span> 
     </span>
    </p>
   </div>
   <div class='ocr_carea' id='block_1_10' title="bbox 507 938 2075 1012">
    <p class='ocr_par' dir='ltr' id='par_1_10' title="bbox 507 938 2075 1012">
     <span class='ocr_line' id='line_1_10' title="bbox 507 938 2075 1012; baseline 0.004 -19"><span class='ocrx_word' id='word_1_60' title='bbox 507 939 563 993; x_wconf 88' lang='lat' dir='ltr'><strong>in</strong></span> <span class='ocrx_word' id='word_1_61' title='bbox 588 953 645 993; x_wconf 91' lang='lat' dir='ltr'><strong>se</strong></span> <span class='ocrx_word' id='word_1_62' title='bbox 672 938 843 1008; x_wconf 85' lang='lat' dir='ltr'><strong>ipsam</strong></span> <span class='ocrx_word' id='word_1_63' title='bbox 868 938 1261 1006; x_wconf 86' lang='lat' dir='ltr'><strong>absumentem,</strong></span> <span class='ocrx_word' id='word_1_64' title='bbox 1287 950 1341 995; x_wconf 90' lang='lat' dir='ltr'><strong>et</strong></span> <span class='ocrx_word' id='word_1_65' title='bbox 1366 956 1489 996; x_wconf 91' lang='lat' dir='ltr'><strong>cum</strong></span> <span class='ocrx_word' id='word_1_66' title='bbox 1512 958 1578 997; x_wconf 92' lang='lat' dir='ltr'><strong>eo</strong></span> <span class='ocrx_word' id='word_1_67' title='bbox 1603 959 1767 999; x_wconf 91' lang='lat' dir='ltr'><strong>unum</strong></span> <span class='ocrx_word' id='word_1_68' title='bbox 1798 945 2075 1012; x_wconf 80' lang='lat' dir='ltr'><strong>eﬂ&#39;ectam,</strong></span> 
     </span>
    </p>
   </div>
   <div class='ocr_carea' id='block_1_11' title="bbox 506 1032 2076 1109">
    <p class='ocr_par' dir='ltr' id='par_1_11' title="bbox 506 1032 2076 1109">
     <span class='ocr_line' id='line_1_11' title="bbox 506 1032 2076 1109; baseline 0.006 -20"><span class='ocrx_word' id='word_1_69' title='bbox 506 1042 564 1089; x_wconf 89' lang='lat' dir='ltr'><strong>et</strong></span> <span class='ocrx_word' id='word_1_70' title='bbox 590 1032 859 1103; x_wconf 85' lang='lat' dir='ltr'><strong>spiritum,</strong></span> <span class='ocrx_word' id='word_1_71' title='bbox 882 1043 937 1088; x_wconf 91' lang='lat' dir='ltr'><strong>et</strong></span> <span class='ocrx_word' id='word_1_72' title='bbox 964 1042 1217 1101; x_wconf 85' lang='lat' dir='ltr'><strong>mentem,</strong></span> <span class='ocrx_word' id='word_1_73' title='bbox 1244 1045 1299 1091; x_wconf 90' lang='lat' dir='ltr'><strong>et</strong></span> <span class='ocrx_word' id='word_1_74' title='bbox 1338 1037 1522 1103; x_wconf 89' lang='lat' dir='ltr'><strong>deum,</strong></span> <span class='ocrx_word' id='word_1_75' title='bbox 1550 1041 1801 1109; x_wconf 88' lang='lat' dir='ltr'><strong>absorpto</strong></span> <span class='ocrx_word' id='word_1_76' title='bbox 1822 1042 2076 1099; x_wconf 89' lang='lat' dir='ltr'><strong>nimirum</strong></span> 
     </span>
    </p>
   </div>
   <div class='ocr_carea' id='block_1_12' title="bbox 509 1127 2077 1200">
    <p class='ocr_par' dir='ltr' id='par_1_12' title="bbox 509 1127 2077 1200">
     <span class='ocr_line' id='line_1_12' title="bbox 509 1127 2077 1200; baseline 0.006 -22"><span class='ocrx_word' id='word_1_77' title='bbox 509 1141 537 1178; x_wconf 88' lang='lat' dir='ltr'><strong>a</strong></span> <span class='ocrx_word' id='word_1_78' title='bbox 567 1127 676 1180; x_wconf 87' lang='lat' dir='ltr'><strong>vita</strong></span> <span class='ocrx_word' id='word_1_79' title='bbox 702 1139 787 1190; x_wconf 90' lang='lat' dir='ltr'><strong>eo,</strong></span> <span class='ocrx_word' id='word_1_80' title='bbox 822 1127 963 1195; x_wconf 91' lang='lat' dir='ltr'><strong>quod</strong></span> <span class='ocrx_word' id='word_1_81' title='bbox 988 1128 1212 1184; x_wconf 85' lang='lat' dir='ltr'><strong>mortale</strong></span> <span class='ocrx_word' id='word_1_82' title='bbox 1247 1140 1300 1183; x_wconf 91' lang='lat' dir='ltr'><strong>et</strong></span> <span class='ocrx_word' id='word_1_83' title='bbox 1322 1130 1583 1184; x_wconf 88' lang='lat' dir='ltr'><strong>caducum</strong></span> <span class='ocrx_word' id='word_1_84' title='bbox 1621 1140 1757 1186; x_wconf 88' lang='lat' dir='ltr'><strong>erat.</strong></span> <span class='ocrx_word' id='word_1_85' title='bbox 1789 1133 1926 1189; x_wconf 83' lang='lat' dir='ltr'><strong>Audi</strong></span> <span class='ocrx_word' id='word_1_86' title='bbox 1951 1134 2077 1200; x_wconf 87' lang='lat' dir='ltr'><strong>quid</strong></span> 
     </span>
    </p>
   </div>
   <div class='ocr_carea' id='block_1_13' title="bbox 508 1219 2076 1303">
    <p class='ocr_par' dir='ltr' id='par_1_13' title="bbox 508 1219 2076 1303">
     <span class='ocr_line' id='line_1_13' title="bbox 508 1219 2076 1303; baseline 0.004 -30"><span class='ocrx_word' id='word_1_87' title='bbox 508 1220 573 1273; x_wconf 88' lang='lat' dir='ltr'><strong>de</strong></span> <span class='ocrx_word' id='word_1_88' title='bbox 605 1219 806 1273; x_wconf 92' lang='lat' dir='ltr'><strong>ossium</strong></span> <span class='ocrx_word' id='word_1_89' title='bbox 844 1228 898 1274; x_wconf 91' lang='lat' dir='ltr'><strong>et</strong></span> <span class='ocrx_word' id='word_1_90' title='bbox 947 1234 1238 1303; x_wconf 67' lang='lat' dir='ltr'><strong>nervorum</strong></span> <span class='ocrx_word' id='word_1_91' title='bbox 1274 1222 1648 1292; x_wconf 81' lang='lat' dir='ltr'><strong>compactione</strong></span> <span class='ocrx_word' id='word_1_92' title='bbox 1679 1224 1895 1280; x_wconf 89' lang='lat' dir='ltr'><strong>divinus</strong></span> <span class='ocrx_word' id='word_1_93' title='bbox 1939 1225 2076 1280; x_wconf 84' lang='lat' dir='ltr'><strong>Eze-</strong></span> 
     </span>
    </p>
   </div>
   <div class='ocr_carea' id='block_1_14' title="bbox 508 1312 2080 1386">
    <p class='ocr_par' dir='ltr' id='par_1_14' title="bbox 508 1312 2080 1386">
     <span class='ocr_line' id='line_1_14' title="bbox 508 1312 2080 1386; baseline 0.004 -20"><span class='ocrx_word' id='word_1_94' title='bbox 508 1312 647 1367; x_wconf 87' lang='lat' dir='ltr'><strong>chiel</strong></span> <span class='ocrx_word' id='word_1_95' title='bbox 683 1312 913 1365; x_wconf 88' lang='lat' dir='ltr'><strong>disserat</strong></span> <span class='ocrx_word' id='word_1_96' title='bbox 945 1312 1029 1378; x_wconf 67' lang='lat'><strong>9‘;</strong></span> <span class='ocrx_word' id='word_1_97' title='bbox 1073 1312 1199 1382; x_wconf 90' lang='lat' dir='ltr'><strong>quid</strong></span> <span class='ocrx_word' id='word_1_98' title='bbox 1235 1322 1354 1382; x_wconf 87' lang='lat' dir='ltr'><strong>post</strong></span> <span class='ocrx_word' id='word_1_99' title='bbox 1385 1314 1530 1369; x_wconf 92' lang='lat' dir='ltr'><strong>illum</strong></span> <span class='ocrx_word' id='word_1_100' title='bbox 1566 1317 1855 1386; x_wconf 87' lang='lat' dir='ltr'><strong>Apostolus</strong></span> <span class='ocrx_word' id='word_1_101' title='bbox 1885 1317 1950 1373; x_wconf 88' lang='lat' dir='ltr'><strong>de</strong></span> <span class='ocrx_word' id='word_1_102' title='bbox 1999 1328 2080 1373; x_wconf 89' lang='lat' dir='ltr'><strong>ta-</strong></span> 
     </span>
    </p>
   </div>
   <div class='ocr_carea' id='block_1_15' title="bbox 507 1403 2071 1477">
    <p class='ocr_par' dir='ltr' id='par_1_15' title="bbox 507 1403 2071 1477">
     <span class='ocr_line' id='line_1_15' title="bbox 507 1403 2071 1477; baseline 0.004 -19"><span class='ocrx_word' id='word_1_103' title='bbox 507 1403 798 1459; x_wconf 83' lang='lat' dir='ltr'><strong>bernaculo</strong></span> <span class='ocrx_word' id='word_1_104' title='bbox 830 1406 1071 1459; x_wconf 84' lang='lat' dir='ltr'><strong>terrestri</strong></span> <span class='ocrx_word' id='word_1_105' title='bbox 1098 1446 1113 1469; x_wconf 93' lang='lat'><strong>,</strong></span> <span class='ocrx_word' id='word_1_106' title='bbox 1156 1415 1209 1459; x_wconf 88' lang='lat' dir='ltr'><strong>et</strong></span> <span class='ocrx_word' id='word_1_107' title='bbox 1241 1407 1398 1461; x_wconf 92' lang='lat' dir='ltr'><strong>domo</strong></span> <span class='ocrx_word' id='word_1_108' title='bbox 1430 1422 1532 1462; x_wconf 90' lang='lat' dir='ltr'><strong>non</strong></span> <span class='ocrx_word' id='word_1_109' title='bbox 1570 1425 1730 1463; x_wconf 91' lang='lat' dir='ltr'><strong>manu</strong></span> <span class='ocrx_word' id='word_1_110' title='bbox 1760 1410 1922 1474; x_wconf 82' lang='lat' dir='ltr'><strong>facta,</strong></span> <span class='ocrx_word' id='word_1_111' title='bbox 1952 1410 2071 1477; x_wconf 89' lang='lat' dir='ltr'><strong>illo,</strong></span> 
     </span>
    </p>
   </div>
   <div class='ocr_carea' id='block_1_16' title="bbox 509 1496 2076 1565">
    <p class='ocr_par' dir='ltr' id='par_1_16' title="bbox 509 1496 2076 1565">
     <span class='ocr_line' id='line_1_16' title="bbox 509 1496 2076 1565; baseline 0.004 -15"><span class='ocrx_word' id='word_1_112' title='bbox 509 1496 759 1565; x_wconf 89' lang='lat' dir='ltr'><strong>inquam,</strong></span> <span class='ocrx_word' id='word_1_113' title='bbox 810 1496 952 1549; x_wconf 76' lang='lat' dir='ltr'><strong>fluxo</strong></span> <span class='ocrx_word' id='word_1_114' title='bbox 991 1512 1055 1552; x_wconf 89' lang='lat' dir='ltr'><strong>ac</strong></span> <span class='ocrx_word' id='word_1_115' title='bbox 1099 1498 1439 1554; x_wconf 88' lang='lat' dir='ltr'><strong>dissolvendo</strong></span> <span class='ocrx_word' id='word_1_116' title='bbox 1466 1540 1482 1565; x_wconf 95' lang='lat'><strong>,</strong></span> <span class='ocrx_word' id='word_1_117' title='bbox 1515 1502 1615 1556; x_wconf 88' lang='lat' dir='ltr'><strong>hac</strong></span> <span class='ocrx_word' id='word_1_118' title='bbox 1664 1517 1793 1556; x_wconf 90' lang='lat' dir='ltr'><strong>vero</strong></span> <span class='ocrx_word' id='word_1_119' title='bbox 1836 1503 1887 1555; x_wconf 92' lang='lat' dir='ltr'><strong>in</strong></span> <span class='ocrx_word' id='word_1_120' title='bbox 1923 1503 2076 1557; x_wconf 71' lang='lat' dir='ltr'><strong>ctelis</strong></span> 
     </span>
    </p>
   </div>
   <div class='ocr_carea' id='block_1_17' title="bbox 510 1587 2079 1663">
    <p class='ocr_par' dir='ltr' id='par_1_17' title="bbox 510 1587 2079 1663">
     <span class='ocr_line' id='line_1_17' title="bbox 510 1587 2079 1663; baseline 0.004 -22"><span class='ocrx_word' id='word_1_121' title='bbox 510 1587 813 1653; x_wconf 87' lang='lat' dir='ltr'><strong>recondita;</strong></span> <span class='ocrx_word' id='word_1_122' title='bbox 840 1589 926 1658; x_wconf 90' lang='lat' dir='ltr'><strong>qui</strong></span> <span class='ocrx_word' id='word_1_123' title='bbox 958 1590 1119 1643; x_wconf 87' lang='lat' dir='ltr'><strong>etiam</strong></span> <span class='ocrx_word' id='word_1_124' title='bbox 1186 1590 1481 1645; x_wconf 89' lang='lat' dir='ltr'><strong>discessum</strong></span> <span class='ocrx_word' id='word_1_125' title='bbox 1517 1608 1545 1644; x_wconf 92' lang='lat' dir='ltr'><strong>a</strong></span> <span class='ocrx_word' id='word_1_126' title='bbox 1577 1607 1801 1661; x_wconf 88' lang='lat' dir='ltr'><strong>corpore</strong></span> <span class='ocrx_word' id='word_1_127' title='bbox 1846 1608 2079 1663; x_wconf 68' lang='lat' dir='ltr'><strong>praasen-</strong></span> 
     </span>
    </p>
   </div>
   <div class='ocr_carea' id='block_1_18' title="bbox 512 1681 2077 1751">
    <p class='ocr_par' dir='ltr' id='par_1_18' title="bbox 512 1681 2077 1751">
     <span class='ocr_line' id='line_1_18' title="bbox 512 1681 2077 1751; baseline 0.004 -18"><span class='ocrx_word' id='word_1_128' title='bbox 512 1682 641 1734; x_wconf 88' lang='lat' dir='ltr'><strong>tiam</strong></span> <span class='ocrx_word' id='word_1_129' title='bbox 694 1682 834 1751; x_wconf 88' lang='lat' dir='ltr'><strong>apud</strong></span> <span class='ocrx_word' id='word_1_130' title='bbox 894 1683 1055 1735; x_wconf 90' lang='lat' dir='ltr'><strong>Deum</strong></span> <span class='ocrx_word' id='word_1_131' title='bbox 1104 1696 1226 1736; x_wconf 91' lang='lat' dir='ltr'><strong>esse</strong></span> <span class='ocrx_word' id='word_1_132' title='bbox 1277 1681 1526 1747; x_wconf 83' lang='lat' dir='ltr'><strong>allirmat,</strong></span> <span class='ocrx_word' id='word_1_133' title='bbox 1553 1685 1717 1737; x_wconf 86' lang='lat' dir='ltr'><strong>vitam</strong></span> <span class='ocrx_word' id='word_1_134' title='bbox 1745 1695 1922 1739; x_wconf 88' lang='lat' dir='ltr'><strong>autem</strong></span> <span class='ocrx_word' id='word_1_135' title='bbox 1957 1700 2077 1740; x_wconf 89' lang='lat' dir='ltr'><strong>cor-</strong></span> 
     </span>
    </p>
   </div>
   <div class='ocr_carea' id='block_1_19' title="bbox 510 1772 2076 1846">
    <p class='ocr_par' dir='ltr' id='par_1_19' title="bbox 510 1772 2076 1846">
     <span class='ocr_line' id='line_1_19' title="bbox 510 1772 2076 1846; baseline 0.006 -22"><span class='ocrx_word' id='word_1_136' title='bbox 510 1786 727 1842; x_wconf 90' lang='lat' dir='ltr'><strong>poream</strong></span> <span class='ocrx_word' id='word_1_137' title='bbox 797 1780 855 1827; x_wconf 92' lang='lat' dir='ltr'><strong>ut</strong></span> <span class='ocrx_word' id='word_1_138' title='bbox 918 1772 1405 1841; x_wconf 81' lang='lat' dir='ltr'><strong>peregrinationem</strong></span> <span class='ocrx_word' id='word_1_139' title='bbox 1492 1774 1733 1841; x_wconf 83' lang='lat' dir='ltr'><strong>deplorat</strong></span> <span class='ocrx_word' id='word_1_140' title='bbox 1779 1774 1847 1844; x_wconf 71' lang='grc'><strong>’⁷,</strong></span> <span class='ocrx_word' id='word_1_141' title='bbox 1915 1788 2076 1846; x_wconf 87' lang='lat' dir='ltr'><strong>atque</strong></span> 
     </span>
    </p>
   </div>
   <div class='ocr_carea' id='block_1_20' title="bbox 509 1864 2072 1935">
    <p class='ocr_par' dir='ltr' id='par_1_20' title="bbox 509 1864 2072 1935">
     <span class='ocr_line' id='line_1_20' title="bbox 509 1864 2072 1935; baseline 0.004 -18"><span class='ocrx_word' id='word_1_142' title='bbox 509 1866 645 1919; x_wconf 89' lang='lat' dir='ltr'><strong>adeo</strong></span> <span class='ocrx_word' id='word_1_143' title='bbox 677 1865 1072 1935; x_wconf 87' lang='lat' dir='ltr'><strong>quamprimum</strong></span> <span class='ocrx_word' id='word_1_144' title='bbox 1108 1864 1329 1918; x_wconf 85' lang='lat' dir='ltr'><strong>dissolvi</strong></span> <span class='ocrx_word' id='word_1_145' title='bbox 1357 1866 1506 1934; x_wconf 88' lang='lat' dir='ltr'><strong>cupit</strong></span> <span class='ocrx_word' id='word_1_146' title='bbox 1534 1867 1600 1919; x_wconf 70' lang='grc'>⁸³.</span> <span class='ocrx_word' id='word_1_147' title='bbox 1635 1867 1770 1935; x_wconf 86' lang='lat' dir='ltr'><strong>Quid</strong></span> <span class='ocrx_word' id='word_1_148' title='bbox 1806 1871 1871 1922; x_wconf 91' lang='lat' dir='ltr'><strong>ad</strong></span> <span class='ocrx_word' id='word_1_149' title='bbox 1904 1886 1989 1923; x_wconf 86' lang='lat' dir='ltr'><strong>res</strong></span> <span class='ocrx_word' id='word_1_150' title='bbox 2020 1871 2072 1925; x_wconf 91' lang='lat' dir='ltr'><strong>in</strong></span> 
     </span>
    </p>
   </div>
   <div class='ocr_carea' id='block_1_21' title="bbox 509 1954 2075 2028">
    <p class='ocr_par' dir='ltr' id='par_1_21' title="bbox 509 1954 2075 2028">
     <span class='ocr_line' id='line_1_21' title="bbox 509 1954 2075 2028; baseline 0.003 -19"><span class='ocrx_word' id='word_1_151' title='bbox 509 1970 603 2024; x_wconf 94' lang='lat' dir='ltr'><strong>spe</strong></span> <span class='ocrx_word' id='word_1_152' title='bbox 636 1956 838 2024; x_wconf 86' lang='lat' dir='ltr'><strong>positas</strong></span> <span class='ocrx_word' id='word_1_153' title='bbox 872 1954 1235 2025; x_wconf 80' lang='lat' dir='ltr'><strong>elanguesco?</strong></span> <span class='ocrx_word' id='word_1_154' title='bbox 1270 1956 1406 2022; x_wconf 89' lang='lat' dir='ltr'><strong>Quid</strong></span> <span class='ocrx_word' id='word_1_155' title='bbox 1453 1959 1811 2028; x_wconf 90' lang='lat' dir='ltr'><strong>temporarius</strong></span> <span class='ocrx_word' id='word_1_156' title='bbox 1840 1960 1945 2014; x_wconf 85' lang='lat' dir='ltr'><strong>lio?</strong></span> <span class='ocrx_word' id='word_1_157' title='bbox 1970 1959 2075 2014; x_wconf 81' lang='lat' dir='ltr'><strong>Ex-</strong></span> 
     </span>
    </p>
   </div>
   <div class='ocr_carea' id='block_1_22' title="bbox 509 2044 2071 2117">
    <p class='ocr_par' dir='ltr' id='par_1_22' title="bbox 509 2044 2071 2117">
     <span class='ocr_line' id='line_1_22' title="bbox 509 2044 2071 2117; baseline 0.003 -18"><span class='ocrx_word' id='word_1_158' title='bbox 509 2044 765 2114; x_wconf 84' lang='lat' dir='ltr'><strong>spectabo</strong></span> <span class='ocrx_word' id='word_1_159' title='bbox 819 2044 1123 2114; x_wconf 77' lang='lat' dir='ltr'><strong>archangeli</strong></span> <span class='ocrx_word' id='word_1_160' title='bbox 1176 2058 1357 2099; x_wconf 82' lang='lat' dir='ltr'><strong>vocem</strong></span> <span class='ocrx_word' id='word_1_161' title='bbox 1394 2047 1438 2078; x_wconf 82' lang='grc'><strong>⁹⁹</strong></span> <span class='ocrx_word' id='word_1_162' title='bbox 1467 2085 1482 2109; x_wconf 89' lang='grc'><strong>,</strong></span> <span class='ocrx_word' id='word_1_163' title='bbox 1514 2056 1810 2102; x_wconf 83' lang='lat' dir='ltr'><strong>extremam</strong></span> <span class='ocrx_word' id='word_1_164' title='bbox 1855 2051 2071 2117; x_wconf 86' lang='lat' dir='ltr'><strong>tubam,</strong></span> 
     </span>
    </p>
   </div>
   <div class='ocr_carea' id='block_1_23' title="bbox 509 2134 2076 2205">
    <p class='ocr_par' dir='ltr' id='par_1_23' title="bbox 509 2134 2076 2205">
     <span class='ocr_line' id='line_1_23' title="bbox 509 2134 2076 2205; baseline 0.002 -13"><span class='ocrx_word' id='word_1_165' title='bbox 509 2137 631 2192; x_wconf 62' lang='lat' dir='ltr'><strong>caeli</strong></span> <span class='ocrx_word' id='word_1_166' title='bbox 665 2134 1211 2201; x_wconf 81' lang='lat' dir='ltr'><strong>transformationem,</strong></span> <span class='ocrx_word' id='word_1_167' title='bbox 1246 2144 1404 2190; x_wconf 67' lang='lat' dir='ltr'><strong>terra:</strong></span> <span class='ocrx_word' id='word_1_168' title='bbox 1434 2137 1858 2194; x_wconf 84' lang='lat' dir='ltr'><strong>immutationem</strong></span> <span class='ocrx_word' id='word_1_169' title='bbox 1889 2142 1928 2205; x_wconf 71' lang='grc' dir='ltr'>ί,</span> <span class='ocrx_word' id='word_1_170' title='bbox 1968 2141 2076 2195; x_wconf 77' lang='lat' dir='ltr'><strong>ele~</strong></span> 
     </span>
    </p>
   </div>
   <div class='ocr_carea' id='block_1_24' title="bbox 510 2224 2070 2290">
    <p class='ocr_par' dir='ltr' id='par_1_24' title="bbox 510 2224 2070 2290">
     <span class='ocr_line' id='line_1_24' title="bbox 510 2224 2070 2290; baseline 0.003 -10"><span class='ocrx_word' id='word_1_171' title='bbox 510 2234 813 2281; x_wconf 87' lang='lat' dir='ltr'><strong>mentorum</strong></span> <span class='ocrx_word' id='word_1_172' title='bbox 849 2224 1172 2290; x_wconf 86' lang='lat' dir='ltr'><strong>libertatem,</strong></span> <span class='ocrx_word' id='word_1_173' title='bbox 1209 2226 1369 2281; x_wconf 90' lang='lat' dir='ltr'><strong>totius</strong></span> <span class='ocrx_word' id='word_1_174' title='bbox 1398 2228 1579 2282; x_wconf 88' lang='lat' dir='ltr'><strong>mundi</strong></span> <span class='ocrx_word' id='word_1_175' title='bbox 1606 2232 2006 2287; x_wconf 85' lang='lat' dir='ltr'><strong>renovationem</strong></span> <span class='ocrx_word' id='word_1_176' title='bbox 2030 2241 2070 2285; x_wconf 76' lang='grc'>’.</span> 
     </span>
    </p>
   </div>
   <div class='ocr_carea' id='block_1_25' title="bbox 509 2321 2072 2394">
    <p class='ocr_par' dir='ltr' id='par_1_25' title="bbox 509 2321 2072 2394">
     <span class='ocr_line' id='line_1_25' title="bbox 509 2321 2072 2394; baseline 0.001 -17"><span class='ocrx_word' id='word_1_177' title='bbox 509 2322 662 2377; x_wconf 87' lang='lat' dir='ltr'><strong>Tunc</strong></span> <span class='ocrx_word' id='word_1_178' title='bbox 697 2321 988 2377; x_wconf 64' lang='lat' dir='ltr'><strong>Caesarium</strong></span> <span class='ocrx_word' id='word_1_179' title='bbox 1028 2321 1251 2384; x_wconf 78' lang='lat' dir='ltr'><strong>videbo,</strong></span> <span class='ocrx_word' id='word_1_180' title='bbox 1301 2338 1405 2377; x_wconf 91' lang='lat' dir='ltr'><strong>non</strong></span> <span class='ocrx_word' id='word_1_181' title='bbox 1452 2321 1560 2390; x_wconf 83' lang='lat' dir='ltr'><strong>jam</strong></span> <span class='ocrx_word' id='word_1_182' title='bbox 1598 2324 2029 2393; x_wconf 82' lang='lat' dir='ltr'><strong>peregrinantem</strong></span> <span class='ocrx_word' id='word_1_183' title='bbox 2056 2368 2072 2394; x_wconf 88' lang='lat'><strong>,</strong></span> 
     </span>
    </p>
   </div>
   <div class='ocr_carea' id='block_1_26' title="bbox 511 2409 2077 2482">
    <p class='ocr_par' dir='ltr' id='par_1_26' title="bbox 511 2409 2077 2482">
     <span class='ocr_line' id='line_1_26' title="bbox 511 2409 2077 2482; baseline 0.003 -17"><span class='ocrx_word' id='word_1_184' title='bbox 511 2426 610 2466; x_wconf 92' lang='lat' dir='ltr'><strong>nec</strong></span> <span class='ocrx_word' id='word_1_185' title='bbox 653 2412 741 2481; x_wconf 92' lang='lat' dir='ltr'><strong>qui</strong></span> <span class='ocrx_word' id='word_1_186' title='bbox 771 2410 881 2479; x_wconf 89' lang='lat' dir='ltr'><strong>jam</strong></span> <span class='ocrx_word' id='word_1_187' title='bbox 918 2410 985 2464; x_wconf 85' lang='lat' dir='ltr'><strong>ab</strong></span> <span class='ocrx_word' id='word_1_188' title='bbox 1018 2409 1139 2463; x_wconf 83' lang='lat' dir='ltr'><strong>aliis</strong></span> <span class='ocrx_word' id='word_1_189' title='bbox 1187 2410 1416 2476; x_wconf 79' lang='lat' dir='ltr'><strong>feratur,</strong></span> <span class='ocrx_word' id='word_1_190' title='bbox 1451 2423 1504 2467; x_wconf 88' lang='lat' dir='ltr'><strong>et</strong></span> <span class='ocrx_word' id='word_1_191' title='bbox 1547 2413 1796 2482; x_wconf 83' lang='lat' dir='ltr'><strong>lugeatur</strong></span> <span class='ocrx_word' id='word_1_192' title='bbox 1822 2429 1885 2470; x_wconf 90' lang='lat' dir='ltr'><strong>ac</strong></span> <span class='ocrx_word' id='word_1_193' title='bbox 1914 2417 2077 2470; x_wconf 81' lang='lat' dir='ltr'><strong>mise-</strong></span> 
     </span>
    </p>
   </div>
   <div class='ocr_carea' id='block_1_27' title="bbox 508 2501 2076 2578">
    <p class='ocr_par' dir='ltr' id='par_1_27' title="bbox 508 2501 2076 2578">
     <span class='ocr_line' id='line_1_27' title="bbox 508 2501 2076 2578; baseline 0.006 -24"><span class='ocrx_word' id='word_1_194' title='bbox 508 2502 704 2554; x_wconf 81' lang='lat' dir='ltr'><strong>rationi</strong></span> <span class='ocrx_word' id='word_1_195' title='bbox 735 2502 827 2564; x_wconf 89' lang='lat' dir='ltr'><strong>sit,</strong></span> <span class='ocrx_word' id='word_1_196' title='bbox 851 2501 944 2556; x_wconf 87' lang='lat' dir='ltr'><strong>sed</strong></span> <span class='ocrx_word' id='word_1_197' title='bbox 972 2501 1177 2555; x_wconf 88' lang='lat' dir='ltr'><strong>clarum</strong></span> <span class='ocrx_word' id='word_1_198' title='bbox 1198 2540 1214 2565; x_wconf 95' lang='lat'><strong>,</strong></span> <span class='ocrx_word' id='word_1_199' title='bbox 1242 2501 1527 2569; x_wconf 89' lang='lat' dir='ltr'><strong>illustrem,</strong></span> <span class='ocrx_word' id='word_1_200' title='bbox 1556 2505 1829 2561; x_wconf 82' lang='lat' dir='ltr'><strong>excelsum</strong></span> <span class='ocrx_word' id='word_1_201' title='bbox 1856 2524 1871 2573; x_wconf 90' lang='lat'><strong>;</strong></span> <span class='ocrx_word' id='word_1_202' title='bbox 1901 2509 2076 2578; x_wconf 87' lang='lat' dir='ltr'><strong>qualis</strong></span> 
     </span>
    </p>
   </div>
   <div class='ocr_carea' id='block_1_28' title="bbox 508 2593 2078 2662">
    <p class='ocr_par' dir='ltr' id='par_1_28' title="bbox 508 2593 2078 2662">
     <span class='ocr_line' id='line_1_28' title="bbox 508 2593 2078 2662; baseline 0.008 -15"><span class='ocrx_word' id='word_1_203' title='bbox 508 2608 655 2662; x_wconf 70' lang='lat' dir='ltr'><strong>saepe</strong></span> <span class='ocrx_word' id='word_1_204' title='bbox 686 2593 812 2647; x_wconf 84' lang='lat' dir='ltr'><strong>mihi</strong></span> <span class='ocrx_word' id='word_1_205' title='bbox 837 2593 889 2647; x_wconf 90' lang='lat' dir='ltr'><strong>in</strong></span> <span class='ocrx_word' id='word_1_206' title='bbox 916 2593 1120 2647; x_wconf 90' lang='lat' dir='ltr'><strong>somnis</strong></span> <span class='ocrx_word' id='word_1_207' title='bbox 1142 2593 1287 2649; x_wconf 88' lang='lat' dir='ltr'><strong>visus</strong></span> <span class='ocrx_word' id='word_1_208' title='bbox 1306 2610 1384 2657; x_wconf 85' lang='lat' dir='ltr'><strong>es.</strong></span> <span class='ocrx_word' id='word_1_209' title='bbox 1442 2611 1475 2651; x_wconf 91' lang='grc' dir='ltr'><strong>ο</strong></span> <span class='ocrx_word' id='word_1_210' title='bbox 1502 2596 1727 2652; x_wconf 84' lang='lat' dir='ltr'><strong>fratrum</strong></span> <span class='ocrx_word' id='word_1_211' title='bbox 1758 2601 2078 2659; x_wconf 86' lang='lat' dir='ltr'><strong>charissime</strong></span> 
     </span>
    </p>
   </div>
   <div class='ocr_carea' id='block_1_29' title="bbox 508 2683 2077 2761">
    <p class='ocr_par' dir='ltr' id='par_1_29' title="bbox 508 2683 2077 2761">
     <span class='ocr_line' id='line_1_29' title="bbox 508 2683 2077 2761; baseline 0.006 -22"><span class='ocrx_word' id='word_1_212' title='bbox 508 2696 565 2739; x_wconf 92' lang='lat' dir='ltr'><strong>et</strong></span> <span class='ocrx_word' id='word_1_213' title='bbox 600 2683 825 2739; x_wconf 82' lang='lat' dir='ltr'><strong>fratrum</strong></span> <span class='ocrx_word' id='word_1_214' title='bbox 876 2684 1283 2750; x_wconf 82' lang='lat' dir='ltr'><strong>amantissime,</strong></span> <span class='ocrx_word' id='word_1_215' title='bbox 1318 2686 1432 2742; x_wconf 84' lang='lat' dir='ltr'><strong>sive</strong></span> <span class='ocrx_word' id='word_1_216' title='bbox 1475 2687 1749 2746; x_wconf 80' lang='lat' dir='ltr'><strong>voluntate</strong></span> <span class='ocrx_word' id='word_1_217' title='bbox 1780 2707 1896 2747; x_wconf 90' lang='lat' dir='ltr'><strong>mea</strong></span> <span class='ocrx_word' id='word_1_218' title='bbox 1919 2733 1934 2761; x_wconf 90' lang='lat'><strong>,</strong></span> <span class='ocrx_word' id='word_1_219' title='bbox 1963 2694 2077 2749; x_wconf 82' lang='lat' dir='ltr'><strong>sive</strong></span> 
     </span>
    </p>
   </div>
   <div class='ocr_carea' id='block_1_30' title="bbox 508 2774 1388 2847">
    <p class='ocr_par' dir='ltr' id='par_1_30' title="bbox 508 2774 1388 2847">
     <span class='ocr_line' id='line_1_30' title="bbox 508 2774 1388 2847; baseline 0.002 -16"><span class='ocrx_word' id='word_1_220' title='bbox 508 2775 625 2847; x_wconf 86' lang='lat' dir='ltr'><strong>ipsa</strong></span> <span class='ocrx_word' id='word_1_221' title='bbox 662 2774 889 2830; x_wconf 87' lang='lat' dir='ltr'><strong>veritate</strong></span> <span class='ocrx_word' id='word_1_222' title='bbox 916 2776 1018 2831; x_wconf 91' lang='lat' dir='ltr'><strong>hoc</strong></span> <span class='ocrx_word' id='word_1_223' title='bbox 1044 2776 1388 2833; x_wconf 82' lang='lat' dir='ltr'><strong>informante.</strong></span> 
     </span>
    </p>
   </div>
   <div class='ocr_carea' id='block_1_31' title="bbox 578 2864 2069 2944">
    <p class='ocr_par' dir='ltr' id='par_1_31' title="bbox 578 2864 2069 2944">
     <span class='ocr_line' id='line_1_31' title="bbox 578 2864 2069 2944; baseline 0.011 -25"><span class='ocrx_word' id='word_1_224' title='bbox 578 2865 742 2937; x_wconf 66' lang='grc'><strong>214</strong></span> <span class='ocrx_word' id='word_1_225' title='bbox 794 2864 949 2920; x_wconf 81' lang='lat' dir='ltr'><strong>XXII.</strong></span> <span class='ocrx_word' id='word_1_226' title='bbox 1010 2866 1163 2923; x_wconf 85' lang='lat' dir='ltr'><strong>Nunc</strong></span> <span class='ocrx_word' id='word_1_227' title='bbox 1188 2880 1389 2937; x_wconf 89' lang='lat' dir='ltr'><strong>autem,</strong></span> <span class='ocrx_word' id='word_1_228' title='bbox 1428 2873 1644 2929; x_wconf 91' lang='lat' dir='ltr'><strong>omissis</strong></span> <span class='ocrx_word' id='word_1_229' title='bbox 1677 2874 1931 2944; x_wconf 89' lang='lat' dir='ltr'><strong>luctibus,</strong></span> <span class='ocrx_word' id='word_1_230' title='bbox 1981 2894 2069 2935; x_wconf 89' lang='lat' dir='ltr'><strong>me</strong></span> 
     </span>
    </p>
   </div>
   <div class='ocr_carea' id='block_1_32' title="bbox 510 2957 2073 3036">
    <p class='ocr_par' dir='ltr' id='par_1_32' title="bbox 510 2957 2073 3036">
     <span class='ocr_line' id='line_1_32' title="bbox 510 2957 2073 3036; baseline 0.01 -25"><span class='ocrx_word' id='word_1_231' title='bbox 510 2957 684 3028; x_wconf 90' lang='lat' dir='ltr'><strong>ipsum</strong></span> <span class='ocrx_word' id='word_1_232' title='bbox 718 2957 1023 3026; x_wconf 88' lang='lat' dir='ltr'><strong>inspiciam,</strong></span> <span class='ocrx_word' id='word_1_233' title='bbox 1084 2975 1153 3015; x_wconf 90' lang='lat' dir='ltr'><strong>ne</strong></span> <span class='ocrx_word' id='word_1_234' title='bbox 1192 2963 1321 3031; x_wconf 91' lang='lat' dir='ltr'><strong>quid</strong></span> <span class='ocrx_word' id='word_1_235' title='bbox 1377 2964 1526 3019; x_wconf 90' lang='lat' dir='ltr'><strong>luctu</strong></span> <span class='ocrx_word' id='word_1_236' title='bbox 1585 2967 1803 3036; x_wconf 79' lang='lat' dir='ltr'><strong>dignum</strong></span> <span class='ocrx_word' id='word_1_237' title='bbox 1863 2986 2073 3027; x_wconf 79' lang='lat' dir='ltr'><strong>mecura</strong></span> 
     </span>
    </p>
   </div>
   <div class='ocr_carea' id='block_1_33' title="bbox 514 3050 2077 3128">
    <p class='ocr_par' dir='ltr' id='par_1_33' title="bbox 514 3050 2077 3128">
     <span class='ocr_line' id='line_1_33' title="bbox 514 3050 2077 3128; baseline 0.007 -24"><span class='ocrx_word' id='word_1_238' title='bbox 514 3050 745 3105; x_wconf 87' lang='lat' dir='ltr'><strong>insciens</strong></span> <span class='ocrx_word' id='word_1_239' title='bbox 779 3050 969 3115; x_wconf 80' lang='lat' dir='ltr'><strong>feram,</strong></span> <span class='ocrx_word' id='word_1_240' title='bbox 1012 3067 1076 3107; x_wconf 91' lang='lat' dir='ltr'><strong>ac</strong></span> <span class='ocrx_word' id='word_1_241' title='bbox 1117 3067 1263 3109; x_wconf 87' lang='lat' dir='ltr'><strong>meas</strong></span> <span class='ocrx_word' id='word_1_242' title='bbox 1310 3054 1424 3125; x_wconf 85' lang='lat' dir='ltr'><strong>ipse</strong></span> <span class='ocrx_word' id='word_1_243' title='bbox 1467 3071 1553 3111; x_wconf 91' lang='lat' dir='ltr'><strong>res</strong></span> <span class='ocrx_word' id='word_1_244' title='bbox 1586 3059 1899 3128; x_wconf 77' lang='lat' dir='ltr'><strong>explorabo.</strong></span> <span class='ocrx_word' id='word_1_245' title='bbox 1944 3059 2077 3116; x_wconf 82' lang='lat' dir='ltr'><strong>Filii</strong></span> 
     </span>
    </p>
   </div>
   <div class='ocr_carea' id='block_1_34' title="bbox 512 3142 2075 3223">
    <p class='ocr_par' dir='ltr' id='par_1_34' title="bbox 512 3142 2075 3223">
     <span class='ocr_line' id='line_1_34' title="bbox 512 3142 2075 3223; baseline 0.01 -31"><span class='ocrx_word' id='word_1_246' title='bbox 512 3142 796 3205; x_wconf 80' lang='lat' dir='ltr'><strong>hominum,</strong></span> <span class='ocrx_word' id='word_1_247' title='bbox 845 3143 912 3196; x_wconf 91' lang='lat' dir='ltr'><strong>ad</strong></span> <span class='ocrx_word' id='word_1_248' title='bbox 958 3157 1052 3197; x_wconf 89' lang='lat' dir='ltr'><strong>vos</strong></span> <span class='ocrx_word' id='word_1_249' title='bbox 1106 3145 1247 3199; x_wconf 92' lang='lat' dir='ltr'><strong>enim</strong></span> <span class='ocrx_word' id='word_1_250' title='bbox 1300 3148 1493 3201; x_wconf 84' lang='lat' dir='ltr'><strong>transit</strong></span> <span class='ocrx_word' id='word_1_251' title='bbox 1536 3152 1749 3214; x_wconf 88' lang='lat' dir='ltr'><strong>oratio,</strong></span> <span class='ocrx_word' id='word_1_252' title='bbox 1810 3169 2075 3223; x_wconf 78' lang='lat' dir='ltr'><strong>quousque</strong></span> 
     </span>
    </p>
   </div>
   <div class='ocr_carea' id='block_1_35' title="bbox 512 3233 2077 3315">
    <p class='ocr_par' dir='ltr' id='par_1_35' title="bbox 512 3233 2077 3315">
     <span class='ocr_line' id='line_1_35' title="bbox 512 3233 2077 3315; baseline 0.009 -31"><span class='ocrx_word' id='word_1_253' title='bbox 512 3233 652 3303; x_wconf 84' lang='lat' dir='ltr'><strong>gravi</strong></span> <span class='ocrx_word' id='word_1_254' title='bbox 677 3234 849 3297; x_wconf 85' lang='lat' dir='ltr'><strong>corde,</strong></span> <span class='ocrx_word' id='word_1_255' title='bbox 886 3244 933 3286; x_wconf 75' lang='lat' dir='ltr'><strong>et</strong></span> <span class='ocrx_word' id='word_1_256' title='bbox 962 3250 1140 3288; x_wconf 74' lang='lat' dir='ltr'><strong>crasso</strong></span> <span class='ocrx_word' id='word_1_257' title='bbox 1194 3236 1371 3290; x_wconf 83' lang='lat' dir='ltr'><strong>animo</strong></span> <span class='ocrx_word' id='word_1_258' title='bbox 1404 3239 1597 3293; x_wconf 82' lang='lat' dir='ltr'><strong>erilis?</strong></span> <span class='ocrx_word' id='word_1_259' title='bbox 1634 3243 1835 3313; x_wconf 63' lang='lat' dir='ltr'><strong>idquid)</strong></span> <span class='ocrx_word' id='word_1_260' title='bbox 1856 3245 2077 3315; x_wconf 75' lang='lat' dir='ltr'><strong>diligitis</strong></span> 
     </span>
    </p>
   </div>
   <div class='ocr_carea' id='block_1_36' title="bbox 511 3326 2077 3406">
    <p class='ocr_par' dir='ltr' id='par_1_36' title="bbox 511 3326 2077 3406">
     <span class='ocr_line' id='line_1_36' title="bbox 511 3326 2077 3406; baseline 0.008 -27"><span class='ocrx_word' id='word_1_261' title='bbox 511 3326 815 3390; x_wconf 76' lang='lat' dir='ltr'><strong>vanitatem,</strong></span> <span class='ocrx_word' id='word_1_262' title='bbox 834 3335 881 3379; x_wconf 80' lang='lat' dir='ltr'><strong>et</strong></span> <span class='ocrx_word' id='word_1_263' title='bbox 901 3327 1135 3396; x_wconf 75' lang='lat' dir='ltr'><strong>quwritis</strong></span> <span class='ocrx_word' id='word_1_264' title='bbox 1162 3331 1558 3385; x_wconf 70' lang='lat' dir='ltr'><strong>mendacium‘?</strong></span> <span class='ocrx_word' id='word_1_265' title='bbox 1582 3348 1831 3405; x_wconf 81' lang='lat' dir='ltr'><strong>magnum</strong></span> <span class='ocrx_word' id='word_1_266' title='bbox 1876 3337 2077 3406; x_wconf 88' lang='lat' dir='ltr'><strong>aliquid</strong></span> 
     </span>
    </p>
   </div>
   <div class='ocr_carea' id='block_1_37' title="bbox 511 3418 2075 3497">
    <p class='ocr_par' dir='ltr' id='par_1_37' title="bbox 511 3418 2075 3497">
     <span class='ocr_line' id='line_1_37' title="bbox 511 3418 2075 3497; baseline 0.007 -25"><span class='ocrx_word' id='word_1_267' title='bbox 511 3419 649 3473; x_wconf 87' lang='lat' dir='ltr'><strong>hanc</strong></span> <span class='ocrx_word' id='word_1_268' title='bbox 678 3418 860 3495; x_wconf 75' lang='lat' dir='ltr'><strong>vitam,</strong></span> <span class='ocrx_word' id='word_1_269' title='bbox 915 3429 969 3474; x_wconf 92' lang='lat' dir='ltr'><strong>et</strong></span> <span class='ocrx_word' id='word_1_270' title='bbox 1014 3435 1213 3488; x_wconf 88' lang='lat' dir='ltr'><strong>paucos</strong></span> <span class='ocrx_word' id='word_1_271' title='bbox 1238 3422 1336 3477; x_wconf 88' lang='lat' dir='ltr'><strong>hos</strong></span> <span class='ocrx_word' id='word_1_272' title='bbox 1365 3422 1478 3479; x_wconf 90' lang='lat' dir='ltr'><strong>dies</strong></span> <span class='ocrx_word' id='word_1_273' title='bbox 1510 3425 1707 3481; x_wconf 82' lang='lat' dir='ltr'><strong>multos</strong></span> <span class='ocrx_word' id='word_1_274' title='bbox 1763 3442 1881 3483; x_wconf 82' lang='lat' dir='ltr'><strong>esse</strong></span> <span class='ocrx_word' id='word_1_275' title='bbox 1927 3429 2075 3497; x_wconf 85' lang='lat' dir='ltr'><strong>judi-</strong></span> 
     </span>
    </p>
   </div>
   <div class='ocr_carea' id='block_1_38' title="bbox 510 3514 2075 3593">
    <p class='ocr_par' dir='ltr' id='par_1_38' title="bbox 510 3514 2075 3593">
     <span class='ocr_line' id='line_1_38' title="bbox 510 3514 2075 3593; baseline 0.01 -30"><span class='ocrx_word' id='word_1_276' title='bbox 510 3519 717 3575; x_wconf 88' lang='lat' dir='ltr'><strong>cantes,</strong></span> <span class='ocrx_word' id='word_1_277' title='bbox 758 3525 821 3564; x_wconf 90' lang='lat' dir='ltr'><strong>ac</strong></span> <span class='ocrx_word' id='word_1_278' title='bbox 853 3525 1071 3566; x_wconf 90' lang='lat' dir='ltr'><strong>suavem</strong></span> <span class='ocrx_word' id='word_1_279' title='bbox 1111 3514 1249 3568; x_wconf 85' lang='lat' dir='ltr'><strong>hanc</strong></span> <span class='ocrx_word' id='word_1_280' title='bbox 1283 3524 1338 3570; x_wconf 89' lang='lat' dir='ltr'><strong>et</strong></span> <span class='ocrx_word' id='word_1_281' title='bbox 1383 3517 1815 3586; x_wconf 89' lang='lat' dir='ltr'><strong>amplectendam</strong></span> <span class='ocrx_word' id='word_1_282' title='bbox 1851 3536 2075 3593; x_wconf 88' lang='lat' dir='ltr'><strong>separa-</strong></span> 
     </span>
    </p>
   </div>
   <div class='ocr_carea' id='block_1_39' title="bbox 511 3599 2077 3673">
    <p class='ocr_par' dir='ltr' id='par_1_39' title="bbox 511 3599 2077 3673">
     <span class='ocr_line' id='line_1_39' title="bbox 511 3599 2077 3673; baseline 0.012 -22"><span class='ocrx_word' id='word_1_283' title='bbox 511 3599 738 3663; x_wconf 90' lang='lat' dir='ltr'><strong>tionem,</strong></span> <span class='ocrx_word' id='word_1_284' title='bbox 770 3609 829 3654; x_wconf 90' lang='lat' dir='ltr'><strong>ut</strong></span> <span class='ocrx_word' id='word_1_285' title='bbox 858 3617 1019 3672; x_wconf 78' lang='lat' dir='ltr'><strong>grave</strong></span> <span class='ocrx_word' id='word_1_286' title='bbox 1052 3603 1322 3673; x_wconf 88' lang='lat' dir='ltr'><strong>quidpiam</strong></span> <span class='ocrx_word' id='word_1_287' title='bbox 1361 3615 1414 3660; x_wconf 92' lang='lat' dir='ltr'><strong>et</strong></span> <span class='ocrx_word' id='word_1_288' title='bbox 1457 3608 1788 3665; x_wconf 86' lang='lat' dir='ltr'><strong>horrendum</strong></span> <span class='ocrx_word' id='word_1_289' title='bbox 1817 3627 2077 3670; x_wconf 86' lang='lat' dir='ltr'><strong>aversan-</strong></span> 
     </span>
    </p>
   </div>
   <div class='ocr_carea' id='block_1_40' title="bbox 512 3690 2076 3772">
    <p class='ocr_par' dir='ltr' id='par_1_40' title="bbox 512 3690 2076 3772">
     <span class='ocr_line' id='line_1_40' title="bbox 512 3690 2076 3772; baseline 0.01 -27"><span class='ocrx_word' id='word_1_290' title='bbox 512 3691 634 3746; x_wconf 89' lang='lat' dir='ltr'><strong>tes?</strong></span> <span class='ocrx_word' id='word_1_291' title='bbox 658 3690 775 3747; x_wconf 87' lang='lat' dir='ltr'><strong>Non</strong></span> <span class='ocrx_word' id='word_1_292' title='bbox 805 3708 900 3748; x_wconf 87' lang='lat' dir='ltr'><strong>nos</strong></span> <span class='ocrx_word' id='word_1_293' title='bbox 930 3694 1073 3761; x_wconf 91' lang='lat' dir='ltr'><strong>ipsos</strong></span> <span class='ocrx_word' id='word_1_294' title='bbox 1097 3697 1418 3750; x_wconf 85' lang='lat' dir='ltr'><strong>noscemus?</strong></span> <span class='ocrx_word' id='word_1_295' title='bbox 1468 3697 1585 3753; x_wconf 83' lang='lat' dir='ltr'><strong>Non</strong></span> <span class='ocrx_word' id='word_1_296' title='bbox 1617 3715 1701 3765; x_wconf 91' lang='lat' dir='ltr'><strong>ea,</strong></span> <span class='ocrx_word' id='word_1_297' title='bbox 1746 3718 1864 3772; x_wconf 66' lang='lat' dir='ltr'><strong>qua?</strong></span> <span class='ocrx_word' id='word_1_298' title='bbox 1908 3705 2076 3761; x_wconf 90' lang='lat' dir='ltr'><strong>oculis</strong></span> 
     </span>
    </p>
   </div>
   <div class='ocr_carea' id='block_1_41' title="bbox 510 3784 2079 3862">
    <p class='ocr_par' dir='ltr' id='par_1_41' title="bbox 510 3784 2079 3862">
     <span class='ocr_line' id='line_1_41' title="bbox 510 3784 2079 3862; baseline 0.009 -27"><span class='ocrx_word' id='word_1_299' title='bbox 510 3794 831 3848; x_wconf 90' lang='lat' dir='ltr'><strong>cernuntur,</strong></span> <span class='ocrx_word' id='word_1_300' title='bbox 849 3784 1224 3852; x_wconf 70' lang='lat' dir='ltr'><strong>.alijiciemus?</strong></span> <span class='ocrx_word' id='word_1_301' title='bbox 1278 3785 1391 3842; x_wconf 89' lang='lat' dir='ltr'><strong>Non</strong></span> <span class='ocrx_word' id='word_1_302' title='bbox 1435 3790 1501 3843; x_wconf 91' lang='lat' dir='ltr'><strong>ad</strong></span> <span class='ocrx_word' id='word_1_303' title='bbox 1535 3806 1619 3856; x_wconf 89' lang='lat' dir='ltr'><strong>ea,</strong></span> <span class='ocrx_word' id='word_1_304' title='bbox 1664 3808 1784 3862; x_wconf 60' lang='lat' dir='ltr'><strong>quae</strong></span> <span class='ocrx_word' id='word_1_305' title='bbox 1814 3806 1993 3850; x_wconf 89' lang='lat' dir='ltr'><strong>mente</strong></span> <span class='ocrx_word' id='word_1_306' title='bbox 2021 3804 2079 3851; x_wconf 88' lang='lat' dir='ltr'><strong>et</strong></span> 
     </span>
    </p>
   </div>
   <div class='ocr_carea' id='block_1_42' title="bbox 514 3875 2077 3946">
    <p class='ocr_par' dir='ltr' id='par_1_42' title="bbox 514 3875 2077 3946">
     <span class='ocr_line' id='line_1_42' title="bbox 514 3875 2077 3946; baseline 0.009 -19"><span class='ocrx_word' id='word_1_307' title='bbox 514 3875 866 3944; x_wconf 82' lang='lat' dir='ltr'><strong>intelligentia</strong></span> <span class='ocrx_word' id='word_1_308' title='bbox 898 3876 1447 3946; x_wconf 85' lang='lat' dir='ltr'><strong>comprehenduntur,</strong></span> <span class='ocrx_word' id='word_1_309' title='bbox 1469 3882 1654 3937; x_wconf 89' lang='lat' dir='ltr'><strong>oculos</strong></span> <span class='ocrx_word' id='word_1_310' title='bbox 1677 3890 2077 3942; x_wconf 78' lang='lat' dir='ltr'><strong>convertemus?</strong></span> 
     </span>
    </p>
   </div>
   <div class='ocr_carea' id='block_1_43' title="bbox 514 3963 2077 4043">
    <p class='ocr_par' dir='ltr' id='par_1_43' title="bbox 514 3963 2077 4043">
     <span class='ocr_line' id='line_1_43' title="bbox 514 3963 2077 4043; baseline 0.011 -26"><span class='ocrx_word' id='word_1_311' title='bbox 514 3963 655 4029; x_wconf 84' lang='lat' dir='ltr'><strong>Non,</strong></span> <span class='ocrx_word' id='word_1_312' title='bbox 688 3966 732 4019; x_wconf 92' lang='lat' dir='ltr'><strong>si</strong></span> <span class='ocrx_word' id='word_1_313' title='bbox 768 3966 894 4035; x_wconf 86' lang='lat' dir='ltr'><strong>quid</strong></span> <span class='ocrx_word' id='word_1_314' title='bbox 924 3966 1086 4020; x_wconf 90' lang='lat' dir='ltr'><strong>etiam</strong></span> <span class='ocrx_word' id='word_1_315' title='bbox 1115 3970 1365 4026; x_wconf 70' lang='lat' dir='ltr'><strong>mmroris</strong></span> <span class='ocrx_word' id='word_1_316' title='bbox 1401 3974 1810 4043; x_wconf 88' lang='lat' dir='ltr'><strong>concipiendum</strong></span> <span class='ocrx_word' id='word_1_317' title='bbox 1855 3989 1959 4041; x_wconf 86' lang='lat' dir='ltr'><strong>est,</strong></span> <span class='ocrx_word' id='word_1_318' title='bbox 1996 3979 2077 4033; x_wconf 88' lang='lat' dir='ltr'><strong>id-</strong></span> 
     </span>
    </p>
   </div>
   <div class='ocr_carea' id='block_1_44' title="bbox 514 4057 2077 4136">
    <p class='ocr_par' dir='ltr' id='par_1_44' title="bbox 514 4057 2077 4136">
     <span class='ocr_line' id='line_1_44' title="bbox 514 4057 2077 4136; baseline 0.012 -23"><span class='ocrx_word' id='word_1_319' title='bbox 514 4057 663 4114; x_wconf 92' lang='lat' dir='ltr'><strong>circo</strong></span> <span class='ocrx_word' id='word_1_320' title='bbox 688 4059 865 4127; x_wconf 87' lang='lat' dir='ltr'><strong>potius</strong></span> <span class='ocrx_word' id='word_1_321' title='bbox 893 4072 1181 4114; x_wconf 69' lang='lat' dir='ltr'><strong>mcerorem</strong></span> <span class='ocrx_word' id='word_1_322' title='bbox 1212 4063 1568 4132; x_wconf 89' lang='lat' dir='ltr'><strong>suscipiemus</strong></span> <span class='ocrx_word' id='word_1_323' title='bbox 1588 4109 1604 4134; x_wconf 96' lang='lat'><strong>,</strong></span> <span class='ocrx_word' id='word_1_324' title='bbox 1637 4070 1779 4136; x_wconf 91' lang='lat' dir='ltr'><strong>quod</strong></span> <span class='ocrx_word' id='word_1_325' title='bbox 1810 4073 2077 4131; x_wconf 86' lang='lat' dir='ltr'><strong>incolatus</strong></span> 
     </span>
    </p>
   </div>
   <div class='ocr_carea' id='block_1_45' title="bbox 513 4147 2076 4231">
    <p class='ocr_par' dir='ltr' id='par_1_45' title="bbox 513 4147 2076 4231">
     <span class='ocr_line' id='line_1_45' title="bbox 513 4147 2076 4231; baseline 0.012 -30"><span class='ocrx_word' id='word_1_326' title='bbox 513 4158 696 4202; x_wconf 87' lang='lat' dir='ltr'><strong>noster</strong></span> <span class='ocrx_word' id='word_1_327' title='bbox 719 4147 1066 4217; x_wconf 78' lang='lat' dir='ltr'><strong>prolongetur</strong></span> <span class='ocrx_word' id='word_1_328' title='bbox 1095 4147 1117 4179; x_wconf 71' lang='grc'><strong>⁸</strong></span> <span class='ocrx_word' id='word_1_329' title='bbox 1165 4148 1415 4218; x_wconf 89' lang='lat' dir='ltr'><strong>(Davidis</strong></span> <span class='ocrx_word' id='word_1_330' title='bbox 1462 4154 1604 4211; x_wconf 92' lang='lat' dir='ltr'><strong>illius</strong></span> <span class='ocrx_word' id='word_1_331' title='bbox 1636 4160 1827 4223; x_wconf 85' lang='lat' dir='ltr'><strong>instar,</strong></span> <span class='ocrx_word' id='word_1_332' title='bbox 1866 4164 1955 4231; x_wconf 91' lang='lat' dir='ltr'><strong>qui</strong></span> <span class='ocrx_word' id='word_1_333' title='bbox 1988 4180 2076 4219; x_wconf 93' lang='lat' dir='ltr'><strong>res</strong></span> 
     </span>
    </p>
   </div>
   <div class='ocr_carea' id='block_1_46' title="bbox 512 4238 2076 4313">
    <p class='ocr_par' dir='ltr' id='par_1_46' title="bbox 512 4238 2076 4313">
     <span class='ocr_line' id='line_1_46' title="bbox 512 4238 2076 4313; baseline 0.012 -19"><span class='ocrx_word' id='word_1_334' title='bbox 512 4238 674 4307; x_wconf 79' lang='lat' dir='ltr'><strong>hujus</strong></span> <span class='ocrx_word' id='word_1_335' title='bbox 708 4239 848 4304; x_wconf 66' lang='lat' dir='ltr'><strong>vitae,</strong></span> <span class='ocrx_word' id='word_1_336' title='bbox 882 4240 1227 4295; x_wconf 89' lang='lat' dir='ltr'><strong>tenebrarum</strong></span> <span class='ocrx_word' id='word_1_337' title='bbox 1254 4244 1620 4313; x_wconf 88' lang='lat' dir='ltr'><strong>tabernacula,</strong></span> <span class='ocrx_word' id='word_1_338' title='bbox 1665 4260 1719 4306; x_wconf 84' lang='lat' dir='ltr'><strong>et</strong></span> <span class='ocrx_word' id='word_1_339' title='bbox 1768 4251 2076 4313; x_wconf 82' lang='lat' dir='ltr'><strong>alﬂictionis</strong></span> 
     </span>
    </p>
   </div>
   <div class='ocr_carea' id='block_1_47' title="bbox 508 4329 2076 4418">
    <p class='ocr_par' dir='ltr' id='par_1_47' title="bbox 508 4329 2076 4418">
     <span class='ocr_line' id='line_1_47' title="bbox 508 4329 2076 4418; baseline 0.01 -33"><span class='ocrx_word' id='word_1_340' title='bbox 508 4332 709 4394; x_wconf 88' lang='lat' dir='ltr'><strong>locum,</strong></span> <span class='ocrx_word' id='word_1_341' title='bbox 749 4342 802 4385; x_wconf 92' lang='lat' dir='ltr'><strong>et</strong></span> <span class='ocrx_word' id='word_1_342' title='bbox 836 4329 1084 4399; x_wconf 82' lang='lat' dir='ltr'><strong>profundi</strong></span> <span class='ocrx_word' id='word_1_343' title='bbox 1126 4331 1344 4402; x_wconf 80' lang='lat' dir='ltr'><strong>limum,</strong></span> <span class='ocrx_word' id='word_1_344' title='bbox 1375 4348 1429 4392; x_wconf 89' lang='lat' dir='ltr'><strong>et</strong></span> <span class='ocrx_word' id='word_1_345' title='bbox 1458 4341 1650 4394; x_wconf 90' lang='lat' dir='ltr'><strong>mortis</strong></span> <span class='ocrx_word' id='word_1_346' title='bbox 1681 4345 1948 4412; x_wconf 88' lang='lat' dir='ltr'><strong>umbram,</strong></span> <span class='ocrx_word' id='word_1_347' title='bbox 1981 4363 2076 4418; x_wconf 85' lang='lat' dir='ltr'><strong>ap-</strong></span> 
     </span>
    </p>
   </div>
   <div class='ocr_carea' id='block_1_48' title="bbox 2178 489 3684 569">
    <p class='ocr_par' dir='ltr' id='par_1_48' title="bbox 2178 489 3684 569">
     <span class='ocr_line' id='line_1_48' title="bbox 2178 489 3684 569; baseline 0.011 -28"><span class='ocrx_word' id='word_1_348' title='bbox 2178 489 2433 554; x_wconf 80' lang='grc' dir='ltr'>διαλύσας</span> <span class='ocrx_word' id='word_1_349' title='bbox 2459 491 2609 555; x_wconf 80' lang='grc' dir='ltr'>Θεὸς,</span> <span class='ocrx_word' id='word_1_350' title='bbox 2649 492 2823 564; x_wconf 85' lang='grc' dir='ltr'>τούτῳ</span> <span class='ocrx_word' id='word_1_351' title='bbox 2858 494 3288 567; x_wconf 85' lang='grc' dir='ltr'>συγκληρονομεῖ</span> <span class='ocrx_word' id='word_1_352' title='bbox 3313 499 3405 569; x_wconf 82' lang='grc' dir='ltr'>τῆς</span> <span class='ocrx_word' id='word_1_353' title='bbox 3432 504 3605 562; x_wconf 84' lang='grc' dir='ltr'>ἐκεῖθεν</span> <span class='ocrx_word' id='word_1_354' title='bbox 3622 512 3684 567; x_wconf 63' lang='grc' dir='ltr'>δά.</span> 
     </span>
    </p>
   </div>
   <div class='ocr_carea' id='block_1_49' title="bbox 2180 576 3686 671">
    <p class='ocr_par' dir='ltr' id='par_1_49' title="bbox 2180 576 3686 671">
     <span class='ocr_line' id='line_1_49' title="bbox 2180 576 3686 671; baseline 0.011 -40"><span class='ocrx_word' id='word_1_355' title='bbox 2180 576 2309 648; x_wconf 80' lang='grc' dir='ltr'>ξης’</span> <span class='ocrx_word' id='word_1_356' title='bbox 2363 580 2459 632; x_wconf 73' lang='grc' dir='ltr'><strong>καὶ</strong></span> <span class='ocrx_word' id='word_1_357' title='bbox 2505 581 2756 653; x_wconf 82' lang='grc' dir='ltr'>καθάπερ</span> <span class='ocrx_word' id='word_1_358' title='bbox 2802 583 2910 637; x_wconf 86' lang='grc' dir='ltr'><strong>τῶν</strong></span> <span class='ocrx_word' id='word_1_359' title='bbox 2965 586 3254 657; x_wconf 77' lang='grc' dir='ltr'>μοχθηρῶν</span> <span class='ocrx_word' id='word_1_360' title='bbox 3304 589 3457 643; x_wconf 78' lang='grc' dir='ltr'>αὐτοῦ</span> <span class='ocrx_word' id='word_1_361' title='bbox 3506 598 3686 671; x_wconf 78' lang='grc' dir='ltr'><strong>μετέσχε</strong></span> 
     </span>
    </p>
   </div>
   <div class='ocr_carea' id='block_1_50' title="bbox 2179 670 3687 763">
    <p class='ocr_par' dir='ltr' id='par_1_50' title="bbox 2179 670 3687 763">
     <span class='ocr_line' id='line_1_50' title="bbox 2179 670 3687 763; baseline 0.013 -40"><span class='ocrx_word' id='word_1_362' title='bbox 2179 670 2269 724; x_wconf 81' lang='grc' dir='ltr'>διὰ</span> <span class='ocrx_word' id='word_1_363' title='bbox 2310 672 2407 743; x_wconf 79' lang='grc' dir='ltr'>τὴν</span> <span class='ocrx_word' id='word_1_364' title='bbox 2456 676 2755 744; x_wconf 88' lang='grc' dir='ltr'>συμφυίαν,</span> <span class='ocrx_word' id='word_1_365' title='bbox 2787 675 2928 730; x_wconf 77' lang='grc' dir='ltr'>οὕτω</span> <span class='ocrx_word' id='word_1_366' title='bbox 2962 680 3056 731; x_wconf 76' lang='grc' dir='ltr'><strong>καὶ</strong></span> <span class='ocrx_word' id='word_1_367' title='bbox 3101 679 3209 731; x_wconf 85' lang='grc' dir='ltr'><strong>τῶν</strong></span> <span class='ocrx_word' id='word_1_368' title='bbox 3254 683 3486 752; x_wconf 80' lang='grc' dir='ltr'>τερπνῶν</span> <span class='ocrx_word' id='word_1_369' title='bbox 3535 670 3687 763; x_wconf 64' lang='grc' dir='ltr'>ἑαυτῆς</span> 
     </span>
    </p>
   </div>
   <div class='ocr_carea' id='block_1_51' title="bbox 2184 764 3692 847">
    <p class='ocr_par' dir='ltr' id='par_1_51' title="bbox 2184 764 3692 847">
     <span class='ocr_line' id='line_1_51' title="bbox 2184 764 3692 847; baseline 0.012 -33"><span class='ocrx_word' id='word_1_370' title='bbox 2184 764 2531 832; x_wconf 84' lang='grc' dir='ltr'>μεταδίδωσιν</span> <span class='ocrx_word' id='word_1_371' title='bbox 2554 806 2569 827; x_wconf 86' lang='grc'><strong>,</strong></span> <span class='ocrx_word' id='word_1_372' title='bbox 2611 766 2727 821; x_wconf 82' lang='grc' dir='ltr'>ὅλον</span> <span class='ocrx_word' id='word_1_373' title='bbox 2773 770 2851 831; x_wconf 81' lang='grc' dir='ltr'><strong>είς</strong></span> <span class='ocrx_word' id='word_1_374' title='bbox 2885 769 3083 842; x_wconf 79' lang='grc' dir='ltr'>ἐαυτὴν</span> <span class='ocrx_word' id='word_1_375' title='bbox 3132 772 3446 829; x_wconf 76' lang='grc' dir='ltr'>ἀναλώσασα</span> <span class='ocrx_word' id='word_1_376' title='bbox 3472 778 3595 847; x_wconf 77' lang='grc'><strong>(94),</strong></span> <span class='ocrx_word' id='word_1_377' title='bbox 3620 786 3692 838; x_wconf 75' lang='grc' dir='ltr'><strong>καὶ</strong></span> 
     </span>
    </p>
   </div>
   <div class='ocr_carea' id='block_1_52' title="bbox 2178 856 3689 938">
    <p class='ocr_par' dir='ltr' id='par_1_52' title="bbox 2178 856 3689 938">
     <span class='ocr_line' id='line_1_52' title="bbox 2178 856 3689 938; baseline 0.011 -31"><span class='ocrx_word' id='word_1_378' title='bbox 2178 856 2442 927; x_wconf 83' lang='grc' dir='ltr'><strong>γενομένη</strong></span> <span class='ocrx_word' id='word_1_379' title='bbox 2483 859 2577 911; x_wconf 67' lang='grc' dir='ltr'><strong>σὺν</strong></span> <span class='ocrx_word' id='word_1_380' title='bbox 2615 858 2789 930; x_wconf 84' lang='grc' dir='ltr'>τούτῳ</span> <span class='ocrx_word' id='word_1_381' title='bbox 2833 860 2889 913; x_wconf 85' lang='grc' dir='ltr'>ἒν</span> <span class='ocrx_word' id='word_1_382' title='bbox 2920 862 3013 913; x_wconf 71' lang='grc' dir='ltr'>καὶ</span> <span class='ocrx_word' id='word_1_383' title='bbox 3058 862 3295 934; x_wconf 82' lang='grc' dir='ltr'>πνεῦμα,</span> <span class='ocrx_word' id='word_1_384' title='bbox 3326 868 3413 920; x_wconf 64' lang='grc' dir='ltr'><strong>καλ⁸</strong></span> <span class='ocrx_word' id='word_1_385' title='bbox 3452 871 3587 938; x_wconf 82' lang='grc' dir='ltr'>νοῦς,</span> <span class='ocrx_word' id='word_1_386' title='bbox 3618 880 3689 931; x_wconf 65' lang='grc' dir='ltr'>καὶ</span> 
     </span>
    </p>
   </div>
   <div class='ocr_carea' id='block_1_53' title="bbox 2181 947 3692 1033">
    <p class='ocr_par' dir='ltr' id='par_1_53' title="bbox 2181 947 3692 1033">
     <span class='ocr_line' id='line_1_53' title="bbox 2181 947 3692 1033; baseline 0.015 -33"><span class='ocrx_word' id='word_1_387' title='bbox 2181 947 2319 1013; x_wconf 86' lang='grc' dir='ltr'>θεὸς,</span> <span class='ocrx_word' id='word_1_388' title='bbox 2365 950 2763 1016; x_wconf 87' lang='grc' dir='ltr'>καταποθέντος</span> <span class='ocrx_word' id='word_1_389' title='bbox 2790 954 2894 1006; x_wconf 80' lang='grc' dir='ltr'>ὑπὸ</span> <span class='ocrx_word' id='word_1_390' title='bbox 2932 956 3031 1025; x_wconf 79' lang='grc' dir='ltr'>τῆς</span> <span class='ocrx_word' id='word_1_391' title='bbox 3060 955 3203 1028; x_wconf 76' lang='grc' dir='ltr'>ζωῆς</span> <span class='ocrx_word' id='word_1_392' title='bbox 3223 958 3315 1011; x_wconf 77' lang='grc' dir='ltr'><strong>τοῦ</strong></span> <span class='ocrx_word' id='word_1_393' title='bbox 3347 960 3524 1033; x_wconf 83' lang='grc' dir='ltr'>θνητοῦ</span> <span class='ocrx_word' id='word_1_394' title='bbox 3547 984 3598 1020; x_wconf 84' lang='grc' dir='ltr'><strong>τε</strong></span> <span class='ocrx_word' id='word_1_395' title='bbox 3622 976 3692 1025; x_wconf 69' lang='grc' dir='ltr'><strong>καὶ</strong></span> 
     </span>
    </p>
   </div>
   <div class='ocr_carea' id='block_1_54' title="bbox 2181 1038 3693 1120">
    <p class='ocr_par' dir='ltr' id='par_1_54' title="bbox 2181 1038 3693 1120">
     <span class='ocr_line' id='line_1_54' title="bbox 2181 1038 3693 1120; baseline 0.015 -31"><span class='ocrx_word' id='word_1_396' title='bbox 2181 1038 2412 1107; x_wconf 78' lang='grc' dir='ltr'>ῥέοντος.</span> <span class='ocrx_word' id='word_1_397' title='bbox 2448 1042 2646 1094; x_wconf 77' lang='grc' dir='ltr'>’Λκουε</span> <span class='ocrx_word' id='word_1_398' title='bbox 2683 1042 2813 1111; x_wconf 78' lang='grc' dir='ltr'>γοῦν</span> <span class='ocrx_word' id='word_1_399' title='bbox 2851 1038 2939 1098; x_wconf 75' lang='grc' dir='ltr'>οἷα</span> <span class='ocrx_word' id='word_1_400' title='bbox 2972 1046 3099 1117; x_wconf 78' lang='grc' dir='ltr'>περὶ</span> <span class='ocrx_word' id='word_1_401' title='bbox 3132 1048 3451 1120; x_wconf 82' lang='grc' dir='ltr'>συμπήξεως</span> <span class='ocrx_word' id='word_1_402' title='bbox 3483 1055 3627 1110; x_wconf 80' lang='grc' dir='ltr'>ὀστῶν</span> <span class='ocrx_word' id='word_1_403' title='bbox 3649 1078 3693 1113; x_wconf 84' lang='grc' dir='ltr'><strong>τε</strong></span> 
     </span>
    </p>
   </div>
   <div class='ocr_carea' id='block_1_55' title="bbox 2180 1131 3695 1217">
    <p class='ocr_par' dir='ltr' id='par_1_55' title="bbox 2180 1131 3695 1217">
     <span class='ocr_line' id='line_1_55' title="bbox 2180 1131 3695 1217; baseline 0.014 -34"><span class='ocrx_word' id='word_1_404' title='bbox 2180 1132 2271 1184; x_wconf 78' lang='grc' dir='ltr'><strong>καὶ</strong></span> <span class='ocrx_word' id='word_1_405' title='bbox 2314 1131 2519 1203; x_wconf 81' lang='grc' dir='ltr'>νεύρων</span> <span class='ocrx_word' id='word_1_406' title='bbox 2569 1134 2939 1204; x_wconf 72' lang='grc' dir='ltr'><strong>φιλοσοφεῖται</strong></span> <span class='ocrx_word' id='word_1_407' title='bbox 2990 1137 3069 1209; x_wconf 81' lang='grc' dir='ltr'>τῷ</span> <span class='ocrx_word' id='word_1_408' title='bbox 3122 1139 3251 1211; x_wconf 76' lang='grc' dir='ltr'>θείῳ</span> <span class='ocrx_word' id='word_1_409' title='bbox 3313 1142 3575 1217; x_wconf 72' lang='grc' dir='ltr'>Ἰεζεκιήλο</span> <span class='ocrx_word' id='word_1_410' title='bbox 3620 1151 3695 1205; x_wconf 81' lang='grc' dir='ltr'>ὅσα</span> 
     </span>
    </p>
   </div>
   <div class='ocr_carea' id='block_1_56' title="bbox 2184 1224 3695 1304">
    <p class='ocr_par' dir='ltr' id='par_1_56' title="bbox 2184 1224 3695 1304">
     <span class='ocr_line' id='line_1_56' title="bbox 2184 1224 3695 1304; baseline 0.013 -30"><span class='ocrx_word' id='word_1_411' title='bbox 2184 1224 2298 1292; x_wconf 85' lang='grc' dir='ltr'>μετ’</span> <span class='ocrx_word' id='word_1_412' title='bbox 2332 1224 2534 1278; x_wconf 85' lang='grc' dir='ltr'>ἐκεῖνον</span> <span class='ocrx_word' id='word_1_413' title='bbox 2567 1225 2643 1296; x_wconf 82' lang='grc' dir='ltr'>τῷ</span> <span class='ocrx_word' id='word_1_414' title='bbox 2672 1226 2800 1298; x_wconf 87' lang='grc' dir='ltr'>θείῳ</span> <span class='ocrx_word' id='word_1_415' title='bbox 2844 1228 3039 1299; x_wconf 85' lang='grc' dir='ltr'>Παύλῳ</span> <span class='ocrx_word' id='word_1_416' title='bbox 3073 1232 3201 1303; x_wconf 82' lang='grc' dir='ltr'><strong>περὶ</strong></span> <span class='ocrx_word' id='word_1_417' title='bbox 3246 1232 3580 1304; x_wconf 83' lang='grc' dir='ltr'>σκηνώματος</span> <span class='ocrx_word' id='word_1_418' title='bbox 3606 1240 3695 1294; x_wconf 76' lang='grc' dir='ltr'><strong>ἐπι⁴</strong></span> 
     </span>
    </p>
   </div>
   <div class='ocr_carea' id='block_1_57' title="bbox 2180 1313 3697 1403">
    <p class='ocr_par' dir='ltr' id='par_1_57' title="bbox 2180 1313 3697 1403">
     <span class='ocr_line' id='line_1_57' title="bbox 2180 1313 3697 1403; baseline 0.011 -37"><span class='ocrx_word' id='word_1_419' title='bbox 2180 1313 2325 1381; x_wconf 86' lang='grc' dir='ltr'>γείου</span> <span class='ocrx_word' id='word_1_420' title='bbox 2347 1355 2360 1380; x_wconf 92' lang='grc'><strong>,</strong></span> <span class='ocrx_word' id='word_1_421' title='bbox 2385 1316 2479 1368; x_wconf 76' lang='grc' dir='ltr'>καὶ</span> <span class='ocrx_word' id='word_1_422' title='bbox 2507 1318 2683 1381; x_wconf 78' lang='grc' dir='ltr'>οἰκίας</span> <span class='ocrx_word' id='word_1_423' title='bbox 2711 1319 3147 1393; x_wconf 86' lang='grc' dir='ltr'>ἀχειροποιήτου,</span> <span class='ocrx_word' id='word_1_424' title='bbox 3180 1322 3274 1375; x_wconf 80' lang='grc' dir='ltr'>τοῦ</span> <span class='ocrx_word' id='word_1_425' title='bbox 3312 1323 3407 1394; x_wconf 88' lang='grc' dir='ltr'><strong>μὲν</strong></span> <span class='ocrx_word' id='word_1_426' title='bbox 3443 1330 3697 1403; x_wconf 78' lang='grc' dir='ltr'>καταλυθη-</span> 
     </span>
    </p>
   </div>
   <div class='ocr_carea' id='block_1_58' title="bbox 2181 1406 3696 1495">
    <p class='ocr_par' dir='ltr' id='par_1_58' title="bbox 2181 1406 3696 1495">
     <span class='ocr_line' id='line_1_58' title="bbox 2181 1406 3696 1495; baseline 0.011 -37"><span class='ocrx_word' id='word_1_427' title='bbox 2181 1406 2427 1477; x_wconf 89' lang='grc' dir='ltr'>σομένου,</span> <span class='ocrx_word' id='word_1_428' title='bbox 2463 1411 2561 1480; x_wconf 84' lang='grc' dir='ltr'><strong>τῆς</strong></span> <span class='ocrx_word' id='word_1_429' title='bbox 2599 1410 2656 1464; x_wconf 83' lang='grc' dir='ltr'><strong>δὲ</strong></span> <span class='ocrx_word' id='word_1_430' title='bbox 2699 1412 3068 1485; x_wconf 78' lang='grc' dir='ltr'><strong>ἀποκειμένης</strong></span> <span class='ocrx_word' id='word_1_431' title='bbox 3097 1418 3155 1467; x_wconf 87' lang='grc' dir='ltr'>ὲν</span> <span class='ocrx_word' id='word_1_432' title='bbox 3186 1416 3463 1486; x_wconf 80' lang='grc' dir='ltr'>οὐρανοῖς·</span> <span class='ocrx_word' id='word_1_433' title='bbox 3502 1421 3584 1473; x_wconf 74' lang='grc' dir='ltr'>καὶ</span> <span class='ocrx_word' id='word_1_434' title='bbox 3622 1424 3696 1495; x_wconf 72' lang='grc' dir='ltr'>τὴν</span> 
     </span>
    </p>
   </div>
   <div class='ocr_carea' id='block_1_59' title="bbox 2182 1498 3698 1585">
    <p class='ocr_par' dir='ltr' id='par_1_59' title="bbox 2182 1498 3698 1585">
     <span class='ocr_line' id='line_1_59' title="bbox 2182 1498 3698 1585; baseline 0.013 -36"><span class='ocrx_word' id='word_1_435' title='bbox 2182 1498 2278 1567; x_wconf 82' lang='grc' dir='ltr'><strong>μὲν</strong></span> <span class='ocrx_word' id='word_1_436' title='bbox 2309 1499 2416 1551; x_wconf 69' lang='grc' dir='ltr'><strong>ἀπὸ</strong></span> <span class='ocrx_word' id='word_1_437' title='bbox 2448 1500 2541 1553; x_wconf 82' lang='grc' dir='ltr'>τοῦ</span> <span class='ocrx_word' id='word_1_438' title='bbox 2575 1501 2826 1571; x_wconf 86' lang='grc' dir='ltr'>σώματος</span> <span class='ocrx_word' id='word_1_439' title='bbox 2868 1505 3131 1576; x_wconf 78' lang='grc' dir='ltr'>ἐκδημίαν</span> <span class='ocrx_word' id='word_1_440' title='bbox 3172 1507 3428 1578; x_wconf 83' lang='grc' dir='ltr'>ὲνδημίαν</span> <span class='ocrx_word' id='word_1_441' title='bbox 3460 1511 3559 1579; x_wconf 78' lang='grc'><strong>(95)</strong></span> <span class='ocrx_word' id='word_1_442' title='bbox 3596 1516 3698 1585; x_wconf 68' lang='grc' dir='ltr'>πρὸς</span> 
     </span>
    </p>
   </div>
   <div class='ocr_carea' id='block_1_60' title="bbox 2177 1588 3697 1677">
    <p class='ocr_par' dir='ltr' id='par_1_60' title="bbox 2177 1588 3697 1677">
     <span class='ocr_line' id='line_1_60' title="bbox 2177 1588 3697 1677; baseline 0.011 -37"><span class='ocrx_word' id='word_1_443' title='bbox 2177 1588 2268 1641; x_wconf 82' lang='grc' dir='ltr'><strong>τὸν</strong></span> <span class='ocrx_word' id='word_1_444' title='bbox 2298 1588 2499 1661; x_wconf 89' lang='grc' dir='ltr'>Κύριον</span> <span class='ocrx_word' id='word_1_445' title='bbox 2546 1588 2685 1645; x_wconf 83' lang='grc' dir='ltr'>εἶναι</span> <span class='ocrx_word' id='word_1_446' title='bbox 2713 1595 3032 1663; x_wconf 74' lang='grc' dir='ltr'>φάσκοντος,</span> <span class='ocrx_word' id='word_1_447' title='bbox 3073 1598 3171 1667; x_wconf 79' lang='grc' dir='ltr'><strong>τὴν</strong></span> <span class='ocrx_word' id='word_1_448' title='bbox 3198 1598 3254 1651; x_wconf 84' lang='grc' dir='ltr'><strong>δὲ</strong></span> <span class='ocrx_word' id='word_1_449' title='bbox 3280 1599 3377 1651; x_wconf 74' lang='grc' dir='ltr'><strong>σὺν</strong></span> <span class='ocrx_word' id='word_1_450' title='bbox 3408 1602 3564 1673; x_wconf 84' lang='grc' dir='ltr'>τούτῳ</span> <span class='ocrx_word' id='word_1_451' title='bbox 3586 1604 3697 1677; x_wconf 72' lang='grc' dir='ltr'>ζωὴν</span> 
     </span>
    </p>
   </div>
   <div class='ocr_carea' id='block_1_61' title="bbox 2178 1679 3699 1762">
    <p class='ocr_par' dir='ltr' id='par_1_61' title="bbox 2178 1679 3699 1762">
     <span class='ocr_line' id='line_1_61' title="bbox 2178 1679 3699 1762; baseline 0.012 -31"><span class='ocrx_word' id='word_1_452' title='bbox 2178 1679 2254 1743; x_wconf 87' lang='grc' dir='ltr'>ὡς</span> <span class='ocrx_word' id='word_1_453' title='bbox 2301 1680 2566 1752; x_wconf 82' lang='grc' dir='ltr'>ἐκδημίαν</span> <span class='ocrx_word' id='word_1_454' title='bbox 2614 1685 2935 1756; x_wconf 75' lang='grc' dir='ltr'>ὀδυρομένου</span> <span class='ocrx_word' id='word_1_455' title='bbox 2957 1729 2971 1753; x_wconf 96' lang='grc'><strong>,</strong></span> <span class='ocrx_word' id='word_1_456' title='bbox 3018 1688 3112 1741; x_wconf 82' lang='grc' dir='ltr'>καὶ</span> <span class='ocrx_word' id='word_1_457' title='bbox 3150 1688 3238 1742; x_wconf 83' lang='grc' dir='ltr'>διὰ</span> <span class='ocrx_word' id='word_1_458' title='bbox 3276 1691 3434 1745; x_wconf 81' lang='grc' dir='ltr'>τοῦτο</span> <span class='ocrx_word' id='word_1_459' title='bbox 3458 1695 3699 1762; x_wconf 75' lang='grc' dir='ltr'>ποθοῦντος</span> 
     </span>
    </p>
   </div>
   <div class='ocr_carea' id='block_1_62' title="bbox 2179 1769 3700 1861">
    <p class='ocr_par' dir='ltr' id='par_1_62' title="bbox 2179 1769 3700 1861">
     <span class='ocr_line' id='line_1_62' title="bbox 2179 1769 3700 1861; baseline 0.013 -39"><span class='ocrx_word' id='word_1_460' title='bbox 2179 1769 2274 1823; x_wconf 69' lang='grc' dir='ltr'><strong>καὶ</strong></span> <span class='ocrx_word' id='word_1_461' title='bbox 2316 1772 2637 1838; x_wconf 75' lang='grc' dir='ltr'>σπεύδοντος</span> <span class='ocrx_word' id='word_1_462' title='bbox 2680 1776 2777 1848; x_wconf 82' lang='grc' dir='ltr'>τὴν</span> <span class='ocrx_word' id='word_1_463' title='bbox 2823 1778 3101 1834; x_wconf 84' lang='grc' dir='ltr'>ἀνάλυσιν.</span> <span class='ocrx_word' id='word_1_464' title='bbox 3146 1781 3215 1833; x_wconf 85' lang='grc' dir='ltr'>Τί</span> <span class='ocrx_word' id='word_1_465' title='bbox 3258 1784 3566 1856; x_wconf 65' lang='grc' dir='ltr'>μικροψυχῶ</span> <span class='ocrx_word' id='word_1_466' title='bbox 3602 1792 3700 1861; x_wconf 72' lang='grc' dir='ltr'>περὶ</span> 
     </span>
    </p>
   </div>
   <div class='ocr_carea' id='block_1_63' title="bbox 2176 1863 3701 1955">
    <p class='ocr_par' dir='ltr' id='par_1_63' title="bbox 2176 1863 3701 1955">
     <span class='ocr_line' id='line_1_63' title="bbox 2176 1863 3701 1955; baseline 0.012 -40"><span class='ocrx_word' id='word_1_467' title='bbox 2176 1863 2275 1926; x_wconf 84' lang='grc' dir='ltr'>τὰς</span> <span class='ocrx_word' id='word_1_468' title='bbox 2311 1865 2563 1933; x_wconf 87' lang='grc' dir='ltr'>ἐλπίδας;</span> <span class='ocrx_word' id='word_1_469' title='bbox 2598 1870 2663 1921; x_wconf 91' lang='grc' dir='ltr'>Τί</span> <span class='ocrx_word' id='word_1_470' title='bbox 2693 1871 2911 1943; x_wconf 88' lang='grc' dir='ltr'>γίνομαι</span> <span class='ocrx_word' id='word_1_471' title='bbox 2942 1874 3309 1945; x_wconf 86' lang='grc' dir='ltr'>πρόσκαιρος;</span> <span class='ocrx_word' id='word_1_472' title='bbox 3352 1878 3605 1949; x_wconf 82' lang='grc' dir='ltr'>Ἀναμένω</span> <span class='ocrx_word' id='word_1_473' title='bbox 3624 1884 3701 1955; x_wconf 74' lang='grc' dir='ltr'>τὴν</span> 
     </span>
    </p>
   </div>
   <div class='ocr_carea' id='block_1_64' title="bbox 2174 1956 3701 2041">
    <p class='ocr_par' dir='ltr' id='par_1_64' title="bbox 2174 1956 3701 2041">
     <span class='ocr_line' id='line_1_64' title="bbox 2174 1956 3701 2041; baseline 0.012 -32"><span class='ocrx_word' id='word_1_474' title='bbox 2174 1956 2268 2009; x_wconf 80' lang='grc' dir='ltr'>τοῦ</span> <span class='ocrx_word' id='word_1_475' title='bbox 2312 1959 2653 2029; x_wconf 76' lang='grc' dir='ltr'>ἀρχαγγέλου</span> <span class='ocrx_word' id='word_1_476' title='bbox 2703 1965 2903 2034; x_wconf 82' lang='grc' dir='ltr'>φωνὴν,</span> <span class='ocrx_word' id='word_1_477' title='bbox 2934 1964 3035 2037; x_wconf 81' lang='grc' dir='ltr'>τὴν</span> <span class='ocrx_word' id='word_1_478' title='bbox 3064 1967 3299 2038; x_wconf 75' lang='grc' dir='ltr'>ἐσχάτην</span> <span class='ocrx_word' id='word_1_479' title='bbox 3334 1969 3607 2041; x_wconf 77' lang='grc' dir='ltr'>σάλπιγγα,</span> <span class='ocrx_word' id='word_1_480' title='bbox 3632 1976 3701 2028; x_wconf 68' lang='grc' dir='ltr'>τὸν</span> 
     </span>
    </p>
   </div>
   <div class='ocr_carea' id='block_1_65' title="bbox 2175 2051 3699 2137">
    <p class='ocr_par' dir='ltr' id='par_1_65' title="bbox 2175 2051 3699 2137">
     <span class='ocr_line' id='line_1_65' title="bbox 2175 2051 3699 2137; baseline 0.012 -34"><span class='ocrx_word' id='word_1_481' title='bbox 2175 2051 2406 2123; x_wconf 78' lang='grc' dir='ltr'>οὐρανοῦ</span> <span class='ocrx_word' id='word_1_482' title='bbox 2455 2058 3008 2129; x_wconf 75' lang='grc' dir='ltr'>μετασχηματισμὺν,</span> <span class='ocrx_word' id='word_1_483' title='bbox 3065 2059 3163 2131; x_wconf 85' lang='grc' dir='ltr'>τὴν</span> <span class='ocrx_word' id='word_1_484' title='bbox 3212 2063 3318 2133; x_wconf 86' lang='grc' dir='ltr'>γῆς</span> <span class='ocrx_word' id='word_1_485' title='bbox 3373 2067 3699 2137; x_wconf 79' lang='grc' dir='ltr'>μεταποίησιν,</span> 
     </span>
    </p>
   </div>
   <div class='ocr_carea' id='block_1_66' title="bbox 2175 2142 3702 2225">
    <p class='ocr_par' dir='ltr' id='par_1_66' title="bbox 2175 2142 3702 2225">
     <span class='ocr_line' id='line_1_66' title="bbox 2175 2142 3702 2225; baseline 0.011 -30"><span class='ocrx_word' id='word_1_486' title='bbox 2175 2142 2272 2214; x_wconf 83' lang='grc' dir='ltr'><strong>τὴν</strong></span> <span class='ocrx_word' id='word_1_487' title='bbox 2306 2142 2415 2197; x_wconf 87' lang='grc' dir='ltr'><strong>τῶν</strong></span> <span class='ocrx_word' id='word_1_488' title='bbox 2457 2147 2734 2217; x_wconf 78' lang='grc' dir='ltr'>στοιχείων</span> <span class='ocrx_word' id='word_1_489' title='bbox 2780 2148 3111 2221; x_wconf 83' lang='grc' dir='ltr'>ἐλευθερίαν,</span> <span class='ocrx_word' id='word_1_490' title='bbox 3151 2150 3249 2222; x_wconf 74' lang='grc' dir='ltr'>τὴν</span> <span class='ocrx_word' id='word_1_491' title='bbox 3294 2154 3495 2225; x_wconf 84' lang='grc' dir='ltr'>κόσμου</span> <span class='ocrx_word' id='word_1_492' title='bbox 3542 2161 3702 2224; x_wconf 81' lang='grc' dir='ltr'>παντὸς</span> 
     </span>
    </p>
   </div>
   <div class='ocr_carea' id='block_1_67' title="bbox 2176 2235 3701 2323">
    <p class='ocr_par' dir='ltr' id='par_1_67' title="bbox 2176 2235 3701 2323">
     <span class='ocr_line' id='line_1_67' title="bbox 2176 2235 3701 2323; baseline 0.01 -36"><span class='ocrx_word' id='word_1_493' title='bbox 2176 2235 2537 2293; x_wconf 87' lang='grc' dir='ltr'>ἀνακαίνισιν.</span> <span class='ocrx_word' id='word_1_494' title='bbox 2565 2238 2696 2291; x_wconf 85' lang='grc' dir='ltr'>Τότε</span> <span class='ocrx_word' id='word_1_495' title='bbox 2725 2239 2839 2310; x_wconf 78' lang='grc'><strong>(96)</strong></span> <span class='ocrx_word' id='word_1_496' title='bbox 2870 2241 3169 2313; x_wconf 73' lang='grc' dir='ltr'>Καισάριον</span> <span class='ocrx_word' id='word_1_497' title='bbox 3200 2244 3364 2300; x_wconf 76' lang='grc' dir='ltr'>αὑτὸν</span> <span class='ocrx_word' id='word_1_498' title='bbox 3390 2247 3589 2318; x_wconf 63' lang='grc' dir='ltr'>ὂψομαι,</span> <span class='ocrx_word' id='word_1_499' title='bbox 3622 2268 3701 2323; x_wconf 71' lang='grc' dir='ltr'>μηο</span> 
     </span>
    </p>
   </div>
   <div class='ocr_carea' id='block_1_68' title="bbox 2178 2324 3705 2412">
    <p class='ocr_par' dir='ltr' id='par_1_68' title="bbox 2178 2324 3705 2412">
     <span class='ocr_line' id='line_1_68' title="bbox 2178 2324 3705 2412; baseline 0.011 -35"><span class='ocrx_word' id='word_1_500' title='bbox 2178 2324 2293 2378; x_wconf 86' lang='grc' dir='ltr'>κέτι</span> <span class='ocrx_word' id='word_1_501' title='bbox 2347 2327 2722 2398; x_wconf 84' lang='grc' dir='ltr'>ἐκδημοῦντα,</span> <span class='ocrx_word' id='word_1_502' title='bbox 2780 2331 2976 2401; x_wconf 82' lang='grc' dir='ltr'>μηκέτι</span> <span class='ocrx_word' id='word_1_503' title='bbox 3030 2333 3332 2404; x_wconf 85' lang='grc' dir='ltr'>φερόμενον</span> <span class='ocrx_word' id='word_1_504' title='bbox 3370 2336 3499 2408; x_wconf 82' lang='grc' dir='ltr'>(9Ἱ),</span> <span class='ocrx_word' id='word_1_505' title='bbox 3547 2344 3705 2412; x_wconf 79' lang='grc' dir='ltr'>μηκέτι</span> 
     </span>
    </p>
   </div>
   <div class='ocr_carea' id='block_1_69' title="bbox 2177 2418 3701 2502">
    <p class='ocr_par' dir='ltr' id='par_1_69' title="bbox 2177 2418 3701 2502">
     <span class='ocr_line' id='line_1_69' title="bbox 2177 2418 3701 2502; baseline 0.01 -33"><span class='ocrx_word' id='word_1_506' title='bbox 2177 2418 2564 2489; x_wconf 87' lang='grc' dir='ltr'>πενθούμενον,</span> <span class='ocrx_word' id='word_1_507' title='bbox 2597 2422 2793 2493; x_wconf 86' lang='grc' dir='ltr'>μηκέτι</span> <span class='ocrx_word' id='word_1_508' title='bbox 2830 2423 3175 2496; x_wconf 87' lang='grc' dir='ltr'>ἐλεούμενον,</span> <span class='ocrx_word' id='word_1_509' title='bbox 3204 2429 3457 2502; x_wconf 78' lang='grc' dir='ltr'>λαμπρὸν</span> <span class='ocrx_word' id='word_1_510' title='bbox 3476 2474 3489 2497; x_wconf 84' lang='grc'><strong>,</strong></span> <span class='ocrx_word' id='word_1_511' title='bbox 3515 2432 3701 2498; x_wconf 79' lang='grc' dir='ltr'>ἔνδοξον,</span> 
     </span>
    </p>
   </div>
   <div class='ocr_carea' id='block_1_70' title="bbox 2179 2506 3707 2593">
    <p class='ocr_par' dir='ltr' id='par_1_70' title="bbox 2179 2506 3707 2593">
     <span class='ocr_line' id='line_1_70' title="bbox 2179 2506 3707 2593; baseline 0.012 -32"><span class='ocrx_word' id='word_1_512' title='bbox 2179 2510 2411 2581; x_wconf 69' lang='grc' dir='ltr'>ὑψηλόν·</span> <span class='ocrx_word' id='word_1_513' title='bbox 2448 2506 2559 2576; x_wconf 75' lang='grc' dir='ltr'>οἷός</span> <span class='ocrx_word' id='word_1_514' title='bbox 2592 2532 2679 2584; x_wconf 90' lang='grc' dir='ltr'><strong>μοι</strong></span> <span class='ocrx_word' id='word_1_515' title='bbox 2714 2518 2806 2570; x_wconf 82' lang='grc' dir='ltr'><strong>καὶ</strong></span> <span class='ocrx_word' id='word_1_516' title='bbox 2838 2518 2955 2570; x_wconf 84' lang='grc' dir='ltr'>κατ’</span> <span class='ocrx_word' id='word_1_517' title='bbox 2995 2519 3128 2591; x_wconf 76' lang='grc' dir='ltr'>ὄναρ</span> <span class='ocrx_word' id='word_1_518' title='bbox 3171 2521 3363 2593; x_wconf 76' lang='grc' dir='ltr'>ὤφθης</span> <span class='ocrx_word' id='word_1_519' title='bbox 3396 2523 3643 2589; x_wconf 81' lang='grc' dir='ltr'>πολλάκις,</span> <span class='ocrx_word' id='word_1_520' title='bbox 3670 2522 3707 2579; x_wconf 76' lang='grc' dir='ltr'><strong>ὦ</strong></span> 
     </span>
    </p>
   </div>
   <div class='ocr_carea' id='block_1_71' title="bbox 2179 2605 3704 2684">
    <p class='ocr_par' dir='ltr' id='par_1_71' title="bbox 2179 2605 3704 2684">
     <span class='ocr_line' id='line_1_71' title="bbox 2179 2605 3704 2684; baseline 0.01 -28"><span class='ocrx_word' id='word_1_521' title='bbox 2179 2605 2398 2673; x_wconf 78' lang='grc' dir='ltr'>φίλτατε</span> <span class='ocrx_word' id='word_1_522' title='bbox 2431 2607 2672 2676; x_wconf 84' lang='grc' dir='ltr'>ἀδελφῶν</span> <span class='ocrx_word' id='word_1_523' title='bbox 2715 2610 2858 2680; x_wconf 74' lang='grc' dir='ltr'>ἐμοὶ,</span> <span class='ocrx_word' id='word_1_524' title='bbox 2892 2610 2986 2664; x_wconf 68' lang='grc' dir='ltr'><strong>καὶ</strong></span> <span class='ocrx_word' id='word_1_525' title='bbox 3037 2612 3479 2684; x_wconf 87' lang='grc' dir='ltr'>φιλαδελφότατε,</span> <span class='ocrx_word' id='word_1_526' title='bbox 3510 2619 3605 2670; x_wconf 69' lang='grc' dir='ltr'>εἴτε</span> <span class='ocrx_word' id='word_1_527' title='bbox 3632 2618 3704 2670; x_wconf 73' lang='grc' dir='ltr'>τοῦ</span> 
     </span>
    </p>
   </div>
   <div class='ocr_carea' id='block_1_72' title="bbox 2180 2695 3664 2779">
    <p class='ocr_par' dir='ltr' id='par_1_72' title="bbox 2180 2695 3664 2779">
     <span class='ocr_line' id='line_1_72' title="bbox 2180 2695 3664 2779; baseline 0.009 -31"><span class='ocrx_word' id='word_1_528' title='bbox 2180 2695 2462 2766; x_wconf 88' lang='grc' dir='ltr'>βούλεσθαι</span> <span class='ocrx_word' id='word_1_529' title='bbox 2500 2698 2658 2752; x_wconf 82' lang='grc' dir='ltr'>τοῦτο</span> <span class='ocrx_word' id='word_1_530' title='bbox 2682 2699 3102 2769; x_wconf 81' lang='grc' dir='ltr'>ἀνατυποῦντος,</span> <span class='ocrx_word' id='word_1_531' title='bbox 3139 2705 3247 2759; x_wconf 81' lang='grc' dir='ltr'>εἴτε</span> <span class='ocrx_word' id='word_1_532' title='bbox 3282 2707 3386 2777; x_wconf 82' lang='grc' dir='ltr'>τῆς</span> <span class='ocrx_word' id='word_1_533' title='bbox 3422 2708 3664 2779; x_wconf 80' lang='grc' dir='ltr'>ἀληθείας.</span> 
     </span>
    </p>
   </div>
   <div class='ocr_carea' id='block_1_73' title="bbox 2248 2880 3709 2961">
    <p class='ocr_par' dir='ltr' id='par_1_73' title="bbox 2248 2880 3709 2961">
     <span class='ocr_line' id='line_1_73' title="bbox 2248 2880 3709 2961; baseline 0.009 -30"><span class='ocrx_word' id='word_1_534' title='bbox 2248 2880 2376 2933; x_wconf 84' lang='grc' dir='ltr'><strong>ΚΒ’.</strong></span> <span class='ocrx_word' id='word_1_535' title='bbox 2420 2880 2556 2935; x_wconf 74' lang='grc' dir='ltr'>Νυνὶ</span> <span class='ocrx_word' id='word_1_536' title='bbox 2605 2882 2682 2946; x_wconf 81' lang='grc' dir='ltr'><strong>δὲ,</strong></span> <span class='ocrx_word' id='word_1_537' title='bbox 2736 2883 2893 2954; x_wconf 73' lang='grc' dir='ltr'>ἀφεὶς</span> <span class='ocrx_word' id='word_1_538' title='bbox 2929 2887 3056 2951; x_wconf 81' lang='grc' dir='ltr'>τοὺς</span> <span class='ocrx_word' id='word_1_539' title='bbox 3100 2888 3354 2960; x_wconf 83' lang='grc' dir='ltr'>θρήνους,</span> <span class='ocrx_word' id='word_1_540' title='bbox 3407 2893 3482 2954; x_wconf 78' lang='grc' dir='ltr'>εἰς</span> <span class='ocrx_word' id='word_1_541' title='bbox 3512 2891 3709 2961; x_wconf 57' lang='grc' dir='ltr'>ἐμαυτὸν</span> 
     </span>
    </p>
   </div>
   <div class='ocr_carea' id='block_1_74' title="bbox 2181 2972 3708 3053">
    <p class='ocr_par' dir='ltr' id='par_1_74' title="bbox 2181 2972 3708 3053">
     <span class='ocr_line' id='line_1_74' title="bbox 2181 2972 3708 3053; baseline 0.008 -28"><span class='ocrx_word' id='word_1_542' title='bbox 2181 2972 2379 3042; x_wconf 61' lang='grc' dir='ltr'>βλέψω,</span> <span class='ocrx_word' id='word_1_543' title='bbox 2431 2976 2504 3045; x_wconf 86' lang='grc' dir='ltr'>μή</span> <span class='ocrx_word' id='word_1_544' title='bbox 2549 2992 2602 3027; x_wconf 87' lang='grc' dir='ltr'><strong>τι</strong></span> <span class='ocrx_word' id='word_1_545' title='bbox 2651 2975 2863 3047; x_wconf 85' lang='grc' dir='ltr'>θρήνων</span> <span class='ocrx_word' id='word_1_546' title='bbox 2904 2978 3051 3043; x_wconf 81' lang='grc' dir='ltr'>ἄξιον</span> <span class='ocrx_word' id='word_1_547' title='bbox 3106 2981 3253 3033; x_wconf 85' lang='grc' dir='ltr'>λάθω</span> <span class='ocrx_word' id='word_1_548' title='bbox 3298 2983 3497 3053; x_wconf 88' lang='grc' dir='ltr'>φέρων,</span> <span class='ocrx_word' id='word_1_549' title='bbox 3540 2985 3622 3037; x_wconf 70' lang='grc' dir='ltr'><strong>καὶ</strong></span> <span class='ocrx_word' id='word_1_550' title='bbox 3656 2989 3708 3037; x_wconf 65' lang='grc' dir='ltr'><strong>τὰ</strong></span> 
     </span>
    </p>
   </div>
   <div class='ocr_carea' id='block_1_75' title="bbox 2180 3063 3713 3145">
    <p class='ocr_par' dir='ltr' id='par_1_75' title="bbox 2180 3063 3713 3145">
     <span class='ocr_line' id='line_1_75' title="bbox 2180 3063 3713 3145; baseline 0.007 -29"><span class='ocrx_word' id='word_1_551' title='bbox 2180 3063 2418 3134; x_wconf 80' lang='grc' dir='ltr'>ἐμαυτοῦ</span> <span class='ocrx_word' id='word_1_552' title='bbox 2470 3066 2892 3138; x_wconf 74' lang='grc' dir='ltr'>περισκέψομαι.</span> <span class='ocrx_word' id='word_1_553' title='bbox 2958 3072 3077 3125; x_wconf 76' lang='grc' dir='ltr'><strong>Υἱοὶ</strong></span> <span class='ocrx_word' id='word_1_554' title='bbox 3134 3070 3498 3139; x_wconf 79' lang='grc' dir='ltr'>ἀνθρώπων,</span> <span class='ocrx_word' id='word_1_555' title='bbox 3542 3076 3713 3145; x_wconf 78' lang='grc' dir='ltr'>μέτεισι</span> 
     </span>
    </p>
   </div>
   <div class='ocr_carea' id='block_1_76' title="bbox 2179 3156 3712 3233">
    <p class='ocr_par' dir='ltr' id='par_1_76' title="bbox 2179 3156 3712 3233">
     <span class='ocr_line' id='line_1_76' title="bbox 2179 3156 3712 3233; baseline 0.006 -26"><span class='ocrx_word' id='word_1_556' title='bbox 2179 3157 2288 3227; x_wconf 81' lang='grc' dir='ltr'>γὰρ</span> <span class='ocrx_word' id='word_1_557' title='bbox 2315 3156 2450 3227; x_wconf 82' lang='grc' dir='ltr'>πρὸς</span> <span class='ocrx_word' id='word_1_558' title='bbox 2476 3157 2619 3227; x_wconf 81' lang='grc' dir='ltr'>ὑμᾶς</span> <span class='ocrx_word' id='word_1_559' title='bbox 2643 3161 2671 3211; x_wconf 85' lang='grc' dir='ltr'>ὁ</span> <span class='ocrx_word' id='word_1_560' title='bbox 2698 3158 2874 3228; x_wconf 80' lang='grc' dir='ltr'>λόγος,</span> <span class='ocrx_word' id='word_1_561' title='bbox 2905 3160 3015 3226; x_wconf 85' lang='grc' dir='ltr'>ἓως</span> <span class='ocrx_word' id='word_1_562' title='bbox 3038 3163 3181 3215; x_wconf 83' lang='grc' dir='ltr'>πότε</span> <span class='ocrx_word' id='word_1_563' title='bbox 3201 3163 3600 3233; x_wconf 81' lang='grc' dir='ltr'>βαρυκάρδιοι,</span> <span class='ocrx_word' id='word_1_564' title='bbox 3635 3164 3712 3217; x_wconf 79' lang='grc' dir='ltr'>και</span> 
     </span>
    </p>
   </div>
   <div class='ocr_carea' id='block_1_77' title="bbox 2180 3248 3713 3327">
    <p class='ocr_par' dir='ltr' id='par_1_77' title="bbox 2180 3248 3713 3327">
     <span class='ocr_line' id='line_1_77' title="bbox 2180 3248 3713 3327; baseline 0.006 -27"><span class='ocrx_word' id='word_1_565' title='bbox 2180 3248 2391 3318; x_wconf 82' lang='grc' dir='ltr'>παχεῖς</span> <span class='ocrx_word' id='word_1_566' title='bbox 2413 3248 2526 3318; x_wconf 76' lang='grc' dir='ltr'><strong>τὴν</strong></span> <span class='ocrx_word' id='word_1_567' title='bbox 2549 3250 2857 3316; x_wconf 75' lang='grc' dir='ltr'>διάνοιαν;</span> <span class='ocrx_word' id='word_1_568' title='bbox 2881 3254 2981 3310; x_wconf 79' lang='grc' dir='ltr'><strong>ἵνα</strong></span> <span class='ocrx_word' id='word_1_569' title='bbox 2997 3255 3056 3308; x_wconf 82' lang='grc' dir='ltr'><strong>τι</strong></span> <span class='ocrx_word' id='word_1_570' title='bbox 3081 3253 3357 3325; x_wconf 76' lang='grc' dir='ltr'>ἀγαπᾶτε</span> <span class='ocrx_word' id='word_1_571' title='bbox 3373 3258 3713 3327; x_wconf 78' lang='grc' dir='ltr'>ματαιότητα,</span> 
     </span>
    </p>
   </div>
   <div class='ocr_carea' id='block_1_78' title="bbox 2178 3339 3713 3420">
    <p class='ocr_par' dir='ltr' id='par_1_78' title="bbox 2178 3339 3713 3420">
     <span class='ocr_line' id='line_1_78' title="bbox 2178 3339 3713 3420; baseline 0.005 -27"><span class='ocrx_word' id='word_1_572' title='bbox 2178 3341 2276 3396; x_wconf 79' lang='grc' dir='ltr'>καὶ</span> <span class='ocrx_word' id='word_1_573' title='bbox 2308 3339 2527 3407; x_wconf 82' lang='grc' dir='ltr'>ζητεῖτε</span> <span class='ocrx_word' id='word_1_574' title='bbox 2556 3342 2819 3411; x_wconf 67' lang='grc' dir='ltr'>ψεῦδος;</span> <span class='ocrx_word' id='word_1_575' title='bbox 2854 3346 2995 3415; x_wconf 90' lang='grc' dir='ltr'>μέγα</span> <span class='ocrx_word' id='word_1_576' title='bbox 3024 3364 3074 3399; x_wconf 90' lang='grc' dir='ltr'><strong>τι</strong></span> <span class='ocrx_word' id='word_1_577' title='bbox 3104 3347 3195 3399; x_wconf 84' lang='grc' dir='ltr'><strong>τὸν</strong></span> <span class='ocrx_word' id='word_1_578' title='bbox 3225 3348 3463 3402; x_wconf 77' lang='grc' dir='ltr'>ἐνταῦθα</span> <span class='ocrx_word' id='word_1_579' title='bbox 3494 3350 3611 3420; x_wconf 72' lang='grc' dir='ltr'>βίον,</span> <span class='ocrx_word' id='word_1_580' title='bbox 3640 3350 3713 3401; x_wconf 77' lang='grc' dir='ltr'><strong>καὶ</strong></span> 
     </span>
    </p>
   </div>
   <div class='ocr_carea' id='block_1_79' title="bbox 2177 3433 3715 3511">
    <p class='ocr_par' dir='ltr' id='par_1_79' title="bbox 2177 3433 3715 3511">
     <span class='ocr_line' id='line_1_79' title="bbox 2177 3433 3715 3511; baseline 0.005 -26"><span class='ocrx_word' id='word_1_581' title='bbox 2177 3433 2274 3497; x_wconf 77' lang='grc' dir='ltr'>τὰς</span> <span class='ocrx_word' id='word_1_582' title='bbox 2311 3433 2497 3502; x_wconf 81' lang='grc' dir='ltr'>ὀλίγας</span> <span class='ocrx_word' id='word_1_583' title='bbox 2540 3436 2741 3500; x_wconf 85' lang='grc' dir='ltr'>ταύτας</span> <span class='ocrx_word' id='word_1_584' title='bbox 2782 3437 2995 3508; x_wconf 81' lang='grc' dir='ltr'>ἡμέρας</span> <span class='ocrx_word' id='word_1_585' title='bbox 3038 3438 3238 3502; x_wconf 74' lang='grc' dir='ltr'>πολλὰς</span> <span class='ocrx_word' id='word_1_586' title='bbox 3288 3440 3403 3511; x_wconf 86' lang='grc'><strong>(98)</strong></span> <span class='ocrx_word' id='word_1_587' title='bbox 3444 3440 3715 3511; x_wconf 69' lang='grc' dir='ltr'>ὑπολαμϐά-</span> 
     </span>
    </p>
   </div>
   <div class='ocr_carea' id='block_1_80' title="bbox 2177 3527 3714 3603">
    <p class='ocr_par' dir='ltr' id='par_1_80' title="bbox 2177 3527 3714 3603">
     <span class='ocr_line' id='line_1_80' title="bbox 2177 3527 3714 3603; baseline 0.002 -25"><span class='ocrx_word' id='word_1_588' title='bbox 2177 3541 2391 3588; x_wconf 82' lang='grc' dir='ltr'>νοντες,</span> <span class='ocrx_word' id='word_1_589' title='bbox 2445 3527 2539 3580; x_wconf 75' lang='grc' dir='ltr'><strong>καὶ</strong></span> <span class='ocrx_word' id='word_1_590' title='bbox 2583 3527 2682 3597; x_wconf 84' lang='grc' dir='ltr'><strong>τὴν</strong></span> <span class='ocrx_word' id='word_1_591' title='bbox 2724 3528 2992 3593; x_wconf 76' lang='grc' dir='ltr'>διάζευξιν</span> <span class='ocrx_word' id='word_1_592' title='bbox 3037 3529 3277 3601; x_wconf 88' lang='grc' dir='ltr'>ταύτην,</span> <span class='ocrx_word' id='word_1_593' title='bbox 3326 3531 3428 3603; x_wconf 82' lang='grc' dir='ltr'><strong>τὴν</strong></span> <span class='ocrx_word' id='word_1_594' title='bbox 3474 3532 3714 3600; x_wconf 73' lang='grc' dir='ltr'>ἀσπαστὴν</span> 
     </span>
    </p>
   </div>
   <div class='ocr_carea' id='block_1_81' title="bbox 2178 3618 3714 3696">
    <p class='ocr_par' dir='ltr' id='par_1_81' title="bbox 2178 3618 3714 3696">
     <span class='ocr_line' id='line_1_81' title="bbox 2178 3618 3714 3696; baseline 0.005 -26"><span class='ocrx_word' id='word_1_595' title='bbox 2178 3618 2273 3671; x_wconf 74' lang='grc' dir='ltr'><strong>καὶ</strong></span> <span class='ocrx_word' id='word_1_596' title='bbox 2304 3619 2508 3691; x_wconf 68' lang='grc' dir='ltr'>ἡδεῖαν,</span> <span class='ocrx_word' id='word_1_597' title='bbox 2543 3619 2618 3683; x_wconf 84' lang='grc' dir='ltr'>ὡς</span> <span class='ocrx_word' id='word_1_598' title='bbox 2647 3620 2709 3691; x_wconf 87' lang='grc' dir='ltr'>δή</span> <span class='ocrx_word' id='word_1_599' title='bbox 2740 3636 2789 3673; x_wconf 81' lang='grc' dir='ltr'><strong>τι</strong></span> <span class='ocrx_word' id='word_1_600' title='bbox 2826 3620 2962 3691; x_wconf 80' lang='grc' dir='ltr'>βαρὺ</span> <span class='ocrx_word' id='word_1_601' title='bbox 2991 3622 3083 3674; x_wconf 75' lang='grc' dir='ltr'><strong>καὶ</strong></span> <span class='ocrx_word' id='word_1_602' title='bbox 3111 3623 3387 3692; x_wconf 78' lang='grc' dir='ltr'>φρικῶδες</span> <span class='ocrx_word' id='word_1_603' title='bbox 3418 3623 3714 3696; x_wconf 64' lang='grc' dir='ltr'>ἀποστρεςό·</span> 
     </span>
    </p>
   </div>
   <div class='ocr_carea' id='block_1_82' title="bbox 2181 3711 3715 3784">
    <p class='ocr_par' dir='ltr' id='par_1_82' title="bbox 2181 3711 3715 3784">
     <span class='ocr_line' id='line_1_82' title="bbox 2181 3711 3715 3784; baseline 0.003 -21"><span class='ocrx_word' id='word_1_604' title='bbox 2181 3728 2368 3782; x_wconf 88' lang='grc' dir='ltr'>μενοι;</span> <span class='ocrx_word' id='word_1_605' title='bbox 2414 3712 2487 3765; x_wconf 77' lang='grc' dir='ltr'><strong>Οὐ</strong></span> <span class='ocrx_word' id='word_1_606' title='bbox 2547 3711 2886 3783; x_wconf 81' lang='grc' dir='ltr'>γνωσώμεθα</span> <span class='ocrx_word' id='word_1_607' title='bbox 2934 3714 3043 3783; x_wconf 80' lang='lat'><strong>(99)</strong></span> <span class='ocrx_word' id='word_1_608' title='bbox 3092 3715 3238 3784; x_wconf 78' lang='grc' dir='ltr'>ἡμᾶς</span> <span class='ocrx_word' id='word_1_609' title='bbox 3278 3716 3512 3781; x_wconf 78' lang='grc' dir='ltr'>αύτούςς</span> <span class='ocrx_word' id='word_1_610' title='bbox 3561 3717 3625 3768; x_wconf 68' lang='grc' dir='ltr'><strong>Οὐ</strong></span> <span class='ocrx_word' id='word_1_611' title='bbox 3665 3716 3715 3767; x_wconf 68' lang='grc' dir='ltr'>τὶ</span> 
     </span>
    </p>
   </div>
   <div class='ocr_carea' id='block_1_83' title="bbox 2179 3802 3719 3879">
    <p class='ocr_par' dir='ltr' id='par_1_83' title="bbox 2179 3802 3719 3879">
     <span class='ocr_line' id='line_1_83' title="bbox 2179 3802 3719 3879; baseline 0.003 -24"><span class='ocrx_word' id='word_1_612' title='bbox 2179 3802 2473 3873; x_wconf 76' lang='grc' dir='ltr'>φαινόμενα</span> <span class='ocrx_word' id='word_1_613' title='bbox 2502 3803 2745 3875; x_wconf 69' lang='grc' dir='ltr'>ῥίψωμεν</span> <span class='ocrx_word' id='word_1_614' title='bbox 2772 3805 2878 3869; x_wconf 75' lang='grc' dir='ltr'><strong>;Ού</strong></span> <span class='ocrx_word' id='word_1_615' title='bbox 2903 3806 3035 3876; x_wconf 80' lang='grc' dir='ltr'>πρὸς</span> <span class='ocrx_word' id='word_1_616' title='bbox 3062 3805 3127 3858; x_wconf 79' lang='grc' dir='ltr'>τὰ</span> <span class='ocrx_word' id='word_1_617' title='bbox 3151 3806 3423 3878; x_wconf 76' lang='grc' dir='ltr'>νοούμενα</span> <span class='ocrx_word' id='word_1_618' title='bbox 3446 3807 3719 3879; x_wconf 65' lang='grc' dir='ltr'>βλέψωμεν;</span> 
     </span>
    </p>
   </div>
   <div class='ocr_carea' id='block_1_84' title="bbox 2178 3894 3715 3969">
    <p class='ocr_par' dir='ltr' id='par_1_84' title="bbox 2178 3894 3715 3969">
     <span class='ocr_line' id='line_1_84' title="bbox 2178 3894 3715 3969; baseline 0.003 -22"><span class='ocrx_word' id='word_1_619' title='bbox 2178 3895 2312 3958; x_wconf 81' lang='grc' dir='ltr'>Οὐκ,</span> <span class='ocrx_word' id='word_1_620' title='bbox 2340 3895 2394 3947; x_wconf 80' lang='grc' dir='ltr'><strong>εἴ</strong></span> <span class='ocrx_word' id='word_1_621' title='bbox 2415 3913 2465 3949; x_wconf 88' lang='grc' dir='ltr'><strong>τι</strong></span> <span class='ocrx_word' id='word_1_622' title='bbox 2489 3896 2582 3949; x_wconf 76' lang='grc' dir='ltr'>καὶ</span> <span class='ocrx_word' id='word_1_623' title='bbox 2605 3894 2889 3950; x_wconf 81' lang='grc' dir='ltr'>λυπεῖσθαι</span> <span class='ocrx_word' id='word_1_624' title='bbox 2919 3896 3044 3968; x_wconf 85' lang='grc' dir='ltr'>χρὴ,</span> <span class='ocrx_word' id='word_1_625' title='bbox 3065 3899 3379 3953; x_wconf 81' lang='grc' dir='ltr'>τούναντίον</span> <span class='ocrx_word' id='word_1_626' title='bbox 3410 3898 3715 3969; x_wconf 80' lang='grc' dir='ltr'>ἁνιασὼμεθσ</span> 
     </span>
    </p>
   </div>
   <div class='ocr_carea' id='block_1_85' title="bbox 2175 3987 3719 4061">
    <p class='ocr_par' dir='ltr' id='par_1_85' title="bbox 2175 3987 3719 4061">
     <span class='ocr_line' id='line_1_85' title="bbox 2175 3987 3719 4061; baseline 0.002 -23"><span class='ocrx_word' id='word_1_627' title='bbox 2175 3989 2242 4057; x_wconf 85' lang='grc' dir='ltr'>τῇ</span> <span class='ocrx_word' id='word_1_628' title='bbox 2275 3987 2537 4059; x_wconf 80' lang='grc' dir='ltr'>παροικίᾳ</span> <span class='ocrx_word' id='word_1_629' title='bbox 2563 3988 2913 4060; x_wconf 70' lang='grc' dir='ltr'>μηκυνομένη</span> <span class='ocrx_word' id='word_1_630' title='bbox 2941 3990 3036 4061; x_wconf 87' lang='grc'>(1),</span> <span class='ocrx_word' id='word_1_631' title='bbox 3063 3990 3202 4043; x_wconf 83' lang='grc' dir='ltr'>κατὰ</span> <span class='ocrx_word' id='word_1_632' title='bbox 3234 3991 3332 4045; x_wconf 82' lang='grc' dir='ltr'><strong>τὸν</strong></span> <span class='ocrx_word' id='word_1_633' title='bbox 3375 3992 3515 4045; x_wconf 84' lang='grc' dir='ltr'>θεῖον</span> <span class='ocrx_word' id='word_1_634' title='bbox 3555 3989 3719 4055; x_wconf 65' lang='grc' dir='ltr'>Δαϐἱδ,</span> 
     </span>
    </p>
   </div>
   <div class='ocr_carea' id='block_1_86' title="bbox 2180 4077 3721 4150">
    <p class='ocr_par' dir='ltr' id='par_1_86' title="bbox 2180 4077 3721 4150">
     <span class='ocr_line' id='line_1_86' title="bbox 2180 4077 3721 4150; baseline 0.002 -20"><span class='ocrx_word' id='word_1_635' title='bbox 2180 4077 2510 4149; x_wconf 85' lang='grc' dir='ltr'>σκηνώματα</span> <span class='ocrx_word' id='word_1_636' title='bbox 2540 4078 2863 4150; x_wconf 73' lang='grc' dir='ltr'>σκοτασμοῦ,</span> <span class='ocrx_word' id='word_1_637' title='bbox 2888 4080 2979 4133; x_wconf 73' lang='grc' dir='ltr'><strong>καὶ</strong></span> <span class='ocrx_word' id='word_1_638' title='bbox 2999 4082 3159 4137; x_wconf 84' lang='grc' dir='ltr'>τόπον</span> <span class='ocrx_word' id='word_1_639' title='bbox 3180 4082 3502 4147; x_wconf 85' lang='grc' dir='ltr'>κακώσεως,</span> <span class='ocrx_word' id='word_1_640' title='bbox 3529 4085 3613 4137; x_wconf 71' lang='grc' dir='ltr'><strong>καὶ</strong></span> <span class='ocrx_word' id='word_1_641' title='bbox 3634 4083 3721 4136; x_wconf 70' lang='grc' dir='ltr'>ἰλὺν</span> 
     </span>
    </p>
   </div>
   <div class='ocr_carea' id='block_1_87' title="bbox 2179 4167 3718 4245">
    <p class='ocr_par' dir='ltr' id='par_1_87' title="bbox 2179 4167 3718 4245">
     <span class='ocr_line' id='line_1_87' title="bbox 2179 4167 3718 4245; baseline 0.005 -25"><span class='ocrx_word' id='word_1_642' title='bbox 2179 4167 2340 4239; x_wconf 86' lang='grc' dir='ltr'><strong>βυθοῦ</strong></span> <span class='ocrx_word' id='word_1_643' title='bbox 2365 4210 2380 4233; x_wconf 95' lang='grc'><strong>,</strong></span> <span class='ocrx_word' id='word_1_644' title='bbox 2414 4170 2507 4224; x_wconf 76' lang='grc' dir='ltr'><strong>καὶ</strong></span> <span class='ocrx_word' id='word_1_645' title='bbox 2537 4168 2691 4223; x_wconf 82' lang='grc' dir='ltr'>σκιὰν</span> <span class='ocrx_word' id='word_1_646' title='bbox 2720 4170 2948 4224; x_wconf 86' lang='grc' dir='ltr'>θανάτου</span> <span class='ocrx_word' id='word_1_647' title='bbox 2987 4172 3055 4225; x_wconf 83' lang='grc' dir='ltr'>τὰ</span> <span class='ocrx_word' id='word_1_648' title='bbox 3079 4173 3203 4245; x_wconf 78' lang='grc' dir='ltr'>τῇδε</span> <span class='ocrx_word' id='word_1_649' title='bbox 3233 4175 3607 4229; x_wconf 76' lang='grc' dir='ltr'>ἀποκαλοῦντα</span> <span class='ocrx_word' id='word_1_650' title='bbox 3634 4174 3718 4244; x_wconf 69' lang='lat'><strong>(2)“</strong></span> 
     </span>
    </p>
   </div>
   <div class='ocr_carea' id='block_1_88' title="bbox 2177 4260 3721 4340">
    <p class='ocr_par' dir='ltr' id='par_1_88' title="bbox 2177 4260 3721 4340">
     <span class='ocr_line' id='line_1_88' title="bbox 2177 4260 3721 4340; baseline 0.003 -26"><span class='ocrx_word' id='word_1_651' title='bbox 2177 4261 2257 4314; x_wconf 80' lang='grc' dir='ltr'>ὅτι</span> <span class='ocrx_word' id='word_1_652' title='bbox 2313 4260 2646 4332; x_wconf 85' lang='grc' dir='ltr'>βραδύνομεν</span> <span class='ocrx_word' id='word_1_653' title='bbox 2708 4266 2764 4317; x_wconf 80' lang='grc' dir='ltr'><strong>ἐν</strong></span> <span class='ocrx_word' id='word_1_654' title='bbox 2812 4267 2924 4328; x_wconf 85' lang='grc' dir='ltr'>τοῖς</span> <span class='ocrx_word' id='word_1_655' title='bbox 2978 4264 3167 4333; x_wconf 82' lang='grc' dir='ltr'>τάφοις</span> <span class='ocrx_word' id='word_1_656' title='bbox 3223 4262 3310 4331; x_wconf 75' lang='grc' dir='ltr'><strong>οἷς</strong></span> <span class='ocrx_word' id='word_1_657' title='bbox 3369 4268 3721 4340; x_wconf 70' lang='grc' dir='ltr'>περιφέρομεν,</span> 
     </span>
    </p>
   </div>
   <div class='ocr_carea' id='block_1_89' title="bbox 2177 4353 3722 4433">
    <p class='ocr_par' dir='ltr' id='par_1_89' title="bbox 2177 4353 3722 4433">
     <span class='ocr_line' id='line_1_89' title="bbox 2177 4353 3722 4433; baseline 0.006 -28"><span class='ocrx_word' id='word_1_658' title='bbox 2177 4353 2258 4406; x_wconf 86' lang='grc' dir='ltr'>ὃτι</span> <span class='ocrx_word' id='word_1_659' title='bbox 2301 4354 2376 4417; x_wconf 84' lang='grc' dir='ltr'>ὡς</span> <span class='ocrx_word' id='word_1_660' title='bbox 2424 4355 2699 4429; x_wconf 77' lang='grc' dir='ltr'>ἄνθρωποι</span> <span class='ocrx_word' id='word_1_661' title='bbox 2729 4358 3144 4431; x_wconf 79' lang='grc' dir='ltr'>ἀποθνήσκομεν</span> <span class='ocrx_word' id='word_1_662' title='bbox 3212 4361 3308 4414; x_wconf 82' lang='grc' dir='ltr'><strong>τὸν</strong></span> <span class='ocrx_word' id='word_1_663' title='bbox 3343 4362 3445 4432; x_wconf 83' lang='grc' dir='ltr'>τῆς</span> <span class='ocrx_word' id='word_1_664' title='bbox 3483 4360 3722 4433; x_wconf 73' lang='grc' dir='ltr'>ἁμαρτίας</span> 
     </span>
    </p>
   </div>
   <div class='ocr_carea' id='block_1_90' title="bbox 508 4420 2073 4522">
    <p class='ocr_par' dir='ltr' id='par_1_90' title="bbox 508 4420 2071 4499">
     <span class='ocr_line' id='line_1_90' title="bbox 508 4420 2071 4499; baseline 0.01 -23"><span class='ocrx_word' id='word_1_665' title='bbox 508 4421 674 4492; x_wconf 89' lang='lat' dir='ltr'><strong>pellat</strong></span> <span class='ocrx_word' id='word_1_666' title='bbox 699 4420 782 4492; x_wconf 83' lang='grc'><strong>⁵),</strong></span> <span class='ocrx_word' id='word_1_667' title='bbox 813 4423 953 4490; x_wconf 90' lang='lat' dir='ltr'><strong>quod</strong></span> <span class='ocrx_word' id='word_1_668' title='bbox 983 4424 1033 4476; x_wconf 90' lang='lat' dir='ltr'><strong>in</strong></span> <span class='ocrx_word' id='word_1_669' title='bbox 1061 4424 1320 4493; x_wconf 89' lang='lat' dir='ltr'><strong>sepulcris</strong></span> <span class='ocrx_word' id='word_1_670' title='bbox 1352 4427 1446 4492; x_wconf 92' lang='lat' dir='ltr'><strong>iis,</strong></span> <span class='ocrx_word' id='word_1_671' title='bbox 1476 4444 1595 4499; x_wconf 72' lang='lat' dir='ltr'><strong>quae</strong></span> <span class='ocrx_word' id='word_1_672' title='bbox 1623 4430 2071 4498; x_wconf 79' lang='lat' dir='ltr'><strong>circumlerimus.</strong></span> 
     </span>
    </p>
   </div>
   <div class='ocr_carea' id='block_1_91' title="bbox 2183 4420 3724 4522">
    <p class='ocr_par' dir='ltr' id='par_1_91' title="bbox 2183 4420 3724 4522">
     <span class='ocr_line' id='line_1_91' title="bbox 2183 4420 3724 4522; baseline 0.004 -27"><span class='ocrx_word' id='word_1_673' title='bbox 2183 4442 2428 4509; x_wconf 84' lang='grc' dir='ltr'>θάνατον,</span> <span class='ocrx_word' id='word_1_674' title='bbox 2488 4420 2598 4499; x_wconf 72' lang='grc' dir='ltr'>θεοὶ</span> <span class='ocrx_word' id='word_1_675' title='bbox 2670 4420 2987 4518; x_wconf 74' lang='grc' dir='ltr'>γεγονότες;</span> <span class='ocrx_word' id='word_1_676' title='bbox 3046 4420 3247 4504; x_wconf 62' lang='grc' dir='ltr'><strong>ΖΓοῦτόν</strong></span> <span class='ocrx_word' id='word_1_677' title='bbox 3304 4420 3440 4518; x_wconf 42' lang='grc' dir='ltr'>ἐγεύ-</span> <span class='ocrx_word' id='word_1_678' title='bbox 3490 4420 3724 4522; x_wconf 69' lang='grc' dir='ltr'>φοϐοῦμαι</span> 
     </span>
    </p>
   </div>
   <div class='ocr_carea' id='block_1_92' title="bbox 506 4515 2075 4600">
    <p class='ocr_par' dir='ltr' id='par_1_92' title="bbox 506 4515 2075 4600">
     <span class='ocr_line' id='line_1_92' title="bbox 506 4515 2075 4600; baseline 0.011 -30"><span class='ocrx_word' id='word_1_679' title='bbox 506 4515 708 4570; x_wconf 90' lang='lat' dir='ltr'><strong>diutius</strong></span> <span class='ocrx_word' id='word_1_680' title='bbox 768 4516 1100 4584; x_wconf 72' lang='lat' dir='ltr'><strong>lucreamus,</strong></span> <span class='ocrx_word' id='word_1_681' title='bbox 1160 4521 1343 4588; x_wconf 90' lang='lat' dir='ltr'><strong>quod,</strong></span> <span class='ocrx_word' id='word_1_682' title='bbox 1398 4532 1456 4576; x_wconf 90' lang='lat' dir='ltr'><strong>ut</strong></span> <span class='ocrx_word' id='word_1_683' title='bbox 1520 4525 1805 4593; x_wconf 83' lang='lat' dir='ltr'><strong>homines,</strong></span> <span class='ocrx_word' id='word_1_684' title='bbox 1867 4533 2075 4600; x_wconf 88' lang='lat' dir='ltr'><strong>peccati</strong></span> 
     </span>
    </p>
   </div>
   <div class='ocr_carea' id='block_1_93' title="bbox 2180 4534 3724 4615">
    <p class='ocr_par' dir='ltr' id='par_1_93' title="bbox 2180 4534 3724 4615">
     <span class='ocr_line' id='line_1_93' title="bbox 2180 4534 3724 4615; baseline 0.005 -29"><span class='ocrx_word' id='word_1_685' title='bbox 2180 4534 2271 4589; x_wconf 85' lang='grc' dir='ltr'><strong>τὸν</strong></span> <span class='ocrx_word' id='word_1_686' title='bbox 2305 4535 2489 4605; x_wconf 79' lang='grc' dir='ltr'>φόϐον,</span> <span class='ocrx_word' id='word_1_687' title='bbox 2532 4537 2707 4611; x_wconf 87' lang='grc' dir='ltr'>τούτῳ</span> <span class='ocrx_word' id='word_1_688' title='bbox 2743 4540 2835 4593; x_wconf 76' lang='grc' dir='ltr'><strong>καὶ</strong></span> <span class='ocrx_word' id='word_1_689' title='bbox 2862 4540 3079 4614; x_wconf 85' lang='grc' dir='ltr'>νύκτωρ</span> <span class='ocrx_word' id='word_1_690' title='bbox 3115 4543 3210 4596; x_wconf 76' lang='grc' dir='ltr'><strong>καὶ</strong></span> <span class='ocrx_word' id='word_1_691' title='bbox 3238 4539 3365 4613; x_wconf 82' lang='grc' dir='ltr'>μεθ’</span> <span class='ocrx_word' id='word_1_692' title='bbox 3397 4543 3602 4615; x_wconf 76' lang='grc' dir='ltr'>ἡμέραν</span> <span class='ocrx_word' id='word_1_693' title='bbox 3624 4538 3724 4595; x_wconf 58' lang='grc' dir='ltr'>οὖν·</span> 
     </span>
    </p>
   </div>
   <div class='ocr_carea' id='block_1_94' title="bbox 573 4702 2073 4792">
    <p class='ocr_par' dir='ltr' id='par_1_94' title="bbox 573 4702 2010 4792">
     <span class='ocr_line' id='line_1_94' title="bbox 573 4702 2010 4792; baseline 0.006 -39"><span class='ocrx_word' id='word_1_694' title='bbox 573 4703 619 4792; x_wconf 49' lang='grc' dir='ltr'><strong>ξς</strong></span> <span class='ocrx_word' id='word_1_695' title='bbox 650 4702 858 4792; x_wconf 60' lang='lat' dir='ltr'><strong>llizech.</strong></span> <span class='ocrx_word' id='word_1_696' title='bbox 897 4705 1210 4792; x_wconf 37' lang='grc' dir='ltr'>ικιξινηηξ.</span> <span class='ocrx_word' id='word_1_697' title='bbox 1237 4714 1292 4792; x_wconf 70' lang='lat' dir='ltr'><strong>et</strong></span> <span class='ocrx_word' id='word_1_698' title='bbox 1318 4718 1474 4791; x_wconf 71' lang='lat' dir='ltr'><strong>sqq._</strong></span> <span class='ocrx_word' id='word_1_699' title='bbox 1513 4702 1764 4792; x_wconf 52' lang='lat' dir='ltr'><strong>“llrgor.</strong></span> <span class='ocrx_word' id='word_1_700' title='bbox 1804 4721 1854 4768; x_wconf 91' lang='lat' dir='ltr'><strong>v,</strong></span> <span class='ocrx_word' id='word_1_701' title='bbox 1876 4707 1926 4769; x_wconf 94' lang='grc'><strong>1,</strong></span> <span class='ocrx_word' id='word_1_702' title='bbox 1958 4709 2010 4792; x_wconf 40' lang='grc' dir='ltr'>οξ</span> 
     </span>
    </p>
   </div>
   <div class='ocr_carea' id='block_1_95' title="bbox 2183 4702 3724 4792">
    <p class='ocr_par' dir='ltr' id='par_1_95' title="bbox 2183 4711 3724 4792">
     <span class='ocr_line' id='line_1_95' title="bbox 2183 4711 3724 4792; baseline 0.012 -28"><span class='ocrx_word' id='word_1_703' title='bbox 2183 4711 2393 4792; x_wconf 64' lang='lat' dir='ltr'><strong>’liilipp.</strong></span> <span class='ocrx_word' id='word_1_704' title='bbox 2424 4732 2462 4779; x_wconf 84' lang='grc' dir='ltr'><strong>ι,</strong></span> <span class='ocrx_word' id='word_1_705' title='bbox 2488 4716 2589 4792; x_wconf 49' lang='grc'>25.</span> <span class='ocrx_word' id='word_1_706' title='bbox 2654 4720 2699 4754; x_wconf 80' lang='grc'>⁹⁹</span> <span class='ocrx_word' id='word_1_707' title='bbox 2738 4720 2779 4773; x_wconf 94' lang='lat' dir='ltr'><strong>ll</strong></span> <span class='ocrx_word' id='word_1_708' title='bbox 2800 4722 2990 4779; x_wconf 80' lang='lat' dir='ltr'><strong>Thess.</strong></span> <span class='ocrx_word' id='word_1_709' title='bbox 3014 4741 3089 4790; x_wconf 85' lang='lat' dir='ltr'><strong>tv,</strong></span> <span class='ocrx_word' id='word_1_710' title='bbox 3122 4724 3210 4778; x_wconf 75' lang='grc'>15.</span> <span class='ocrx_word' id='word_1_711' title='bbox 3292 4729 3309 4758; x_wconf 88' lang='grc'>¹</span> <span class='ocrx_word' id='word_1_712' title='bbox 3340 4730 3360 4783; x_wconf 84' lang='grc' dir='ltr'><strong>ι</strong></span> <span class='ocrx_word' id='word_1_713' title='bbox 3386 4728 3513 4782; x_wconf 90' lang='lat' dir='ltr'><strong>Cor.</strong></span> <span class='ocrx_word' id='word_1_714' title='bbox 3545 4743 3625 4792; x_wconf 77' lang='lat' dir='ltr'><strong>xv,</strong></span> <span class='ocrx_word' id='word_1_715' title='bbox 3652 4726 3724 4781; x_wconf 66' lang='lat'><strong>53.</strong></span> 
     </span>
    </p>
   </div>
   <div class='ocr_carea' id='block_1_96' title="bbox 504 4772 1498 4838">
    <p class='ocr_par' dir='ltr' id='par_1_96' title="bbox 504 4772 1498 4838">
     <span class='ocr_line' id='line_1_96' title="bbox 504 4772 1498 4838; baseline 0.004 -13"><span class='ocrx_word' id='word_1_716' title='bbox 504 4772 526 4803; x_wconf 83' lang='grc'><strong><em>²</em></strong></span> <span class='ocrx_word' id='word_1_717' title='bbox 565 4772 609 4826; x_wconf 94' lang='lat' dir='ltr'><strong>Il</strong></span> <span class='ocrx_word' id='word_1_718' title='bbox 647 4772 790 4826; x_wconf 82' lang='lat' dir='ltr'><strong>Petr.</strong></span> <span class='ocrx_word' id='word_1_719' title='bbox 833 4788 916 4838; x_wconf 88' lang='lat' dir='ltr'><strong>Ill,</strong></span> <span class='ocrx_word' id='word_1_720' title='bbox 951 4772 1038 4827; x_wconf 88' lang='grc' dir='ltr'><strong>1θ.</strong></span> <span class='ocrx_word' id='word_1_721' title='bbox 1117 4773 1136 4805; x_wconf 89' lang='grc'>³</span> <span class='ocrx_word' id='word_1_722' title='bbox 1172 4775 1311 4829; x_wconf 83' lang='lat' dir='ltr'><strong>Psal.</strong></span> <span class='ocrx_word' id='word_1_723' title='bbox 1346 4792 1419 4836; x_wconf 81' lang='lat' dir='ltr'><strong>tv,</strong></span> <span class='ocrx_word' id='word_1_724' title='bbox 1444 4775 1498 4829; x_wconf 86' lang='lat'><strong>&#39;5.</strong></span> 
     </span>
    </p>
   </div>
   <div class='ocr_carea' id='block_1_97' title="bbox 575 4862 2073 4935">
    <p class='ocr_par' dir='ltr' id='par_1_97' title="bbox 575 4862 2073 4935">
     <span class='ocr_line' id='line_1_97' title="bbox 575 4862 2073 4935; baseline 0.005 -17"><span class='ocrx_word' id='word_1_725' title='bbox 575 4862 689 4933; x_wconf 71' lang='grc'><strong>(94)</strong></span> <span class='ocrx_word' id='word_1_726' title='bbox 732 4864 908 4935; x_wconf 80' lang='grc' dir='ltr'><em>Ὅλον</em></span> <span class='ocrx_word' id='word_1_727' title='bbox 965 4867 1050 4929; x_wconf 75' lang='grc' dir='ltr'>εἰς</span> <span class='ocrx_word' id='word_1_728' title='bbox 1096 4865 1319 4935; x_wconf 78' lang='grc' dir='ltr'>ἑαυτὴν</span> <span class='ocrx_word' id='word_1_729' title='bbox 1369 4868 1756 4923; x_wconf 74' lang='grc' dir='ltr'>ἀναλώσασα.</span> <span class='ocrx_word' id='word_1_730' title='bbox 1813 4870 1962 4924; x_wconf 88' lang='lat' dir='ltr'><strong>Colh.</strong></span> <span class='ocrx_word' id='word_1_731' title='bbox 2019 4881 2073 4926; x_wconf 86' lang='lat' dir='ltr'><strong>et</strong></span> 
     </span>
    </p>
   </div>
   <div class='ocr_carea' id='block_1_98' title="bbox 501 4934 2064 5009">
    <p class='ocr_par' dir='ltr' id='par_1_98' title="bbox 501 4934 2064 5009">
     <span class='ocr_line' id='line_1_98' title="bbox 501 4934 2064 5009; baseline 0.003 -20"><span class='ocrx_word' id='word_1_732' title='bbox 501 4935 673 5009; x_wconf 63' lang='lat' dir='ltr'><strong>scholt</strong></span> <span class='ocrx_word' id='word_1_733' title='bbox 717 4934 817 4986; x_wconf 78' lang='grc' dir='ltr'><strong>οὐκ</strong></span> <span class='ocrx_word' id='word_1_734' title='bbox 840 4935 1173 5009; x_wconf 68' lang='grc' dir='ltr'>ἀναιρεῖσθαι</span> <span class='ocrx_word' id='word_1_735' title='bbox 1270 4934 1582 5008; x_wconf 82' lang='grc' dir='ltr'>συγχεῖσθαι</span> <span class='ocrx_word' id='word_1_736' title='bbox 1610 4939 1672 4992; x_wconf 73' lang='grc' dir='ltr'><strong>τὸ</strong></span> <span class='ocrx_word' id='word_1_737' title='bbox 1699 4940 1857 5009; x_wconf 82' lang='grc' dir='ltr'>σῶμα</span> <span class='ocrx_word' id='word_1_738' title='bbox 1880 4940 2025 5009; x_wconf 82' lang='grc' dir='ltr'>λέγει</span> <span class='ocrx_word' id='word_1_739' title='bbox 2050 4957 2064 4971; x_wconf 74' lang='grc'><em>⁴</em></span> 
     </span>
    </p>
   </div>
   <div class='ocr_carea' id='block_1_99' title="bbox 505 5002 2067 5080">
    <p class='ocr_par' dir='ltr' id='par_1_99' title="bbox 505 5002 2067 5080">
     <span class='ocr_line' id='line_1_99' title="bbox 505 5002 2067 5080; baseline 0.007 -26"><span class='ocrx_word' id='word_1_740' title='bbox 505 5004 581 5080; x_wconf 78' lang='grc' dir='ltr'>μῂ</span> <span class='ocrx_word' id='word_1_741' title='bbox 612 5002 820 5071; x_wconf 88' lang='grc' dir='ltr'>γένοιτο</span> <span class='ocrx_word' id='word_1_742' title='bbox 841 5002 1145 5080; x_wconf 32' lang='grc' dir='ltr'>ίῃάλλά-διά</span> <span class='ocrx_word' id='word_1_743' title='bbox 1167 5002 1270 5080; x_wconf 20' lang='grc' dir='ltr'>λτῇν</span> <span class='ocrx_word' id='word_1_744' title='bbox 1314 5002 1570 5080; x_wconf 57' lang='grc' dir='ltr'>ἀτρεφίαν</span> <span class='ocrx_word' id='word_1_745' title='bbox 1601 5011 1694 5062; x_wconf 71' lang='grc' dir='ltr'><strong>καὶ</strong></span> <span class='ocrx_word' id='word_1_746' title='bbox 1727 5002 2067 5075; x_wconf 72' lang='grc' dir='ltr'>ἀπαθὲς’τοῦ</span> 
     </span>
    </p>
   </div>
   <div class='ocr_carea' id='block_1_100' title="bbox 504 5072 2061 5148">
    <p class='ocr_par' dir='ltr' id='par_1_100' title="bbox 504 5072 2061 5148">
     <span class='ocr_line' id='line_1_100' title="bbox 504 5072 2061 5148; baseline 0.004 -21"><span class='ocrx_word' id='word_1_747' title='bbox 504 5072 774 5148; x_wconf 77' lang='grc' dir='ltr'>σώματος.</span> <span class='ocrx_word' id='word_1_748' title='bbox 809 5093 827 5125; x_wconf 75' lang='grc' dir='ltr'><strong>ι</strong></span> <span class='ocrx_word' id='word_1_749' title='bbox 858 5072 975 5148; x_wconf 82' lang='lat' dir='ltr'><strong>Non</strong></span> <span class='ocrx_word' id='word_1_750' title='bbox 1007 5077 1082 5148; x_wconf 85' lang='lat' dir='ltr'><strong>ait</strong></span> <span class='ocrx_word' id='word_1_751' title='bbox 1109 5072 1305 5131; x_wconf 54' lang='lat' dir='ltr'><strong>tolli&#39;et</strong></span> <span class='ocrx_word' id='word_1_752' title='bbox 1330 5072 1578 5132; x_wconf 80' lang='lat' dir='ltr'><strong>confundi</strong></span> <span class='ocrx_word' id='word_1_753' title='bbox 1610 5096 1805 5148; x_wconf 89' lang='lat' dir='ltr'><strong>corpus</strong></span> <span class='ocrx_word' id='word_1_754' title='bbox 1833 5097 1848 5135; x_wconf 93' lang='lat'><strong>:</strong></span> <span class='ocrx_word' id='word_1_755' title='bbox 1885 5072 2061 5146; x_wconf 74' lang='lat' dir='ltr'><strong>absit;</strong></span> 
     </span>
    </p>
   </div>
   <div class='ocr_carea' id='block_1_101' title="bbox 503 5145 2057 5211">
    <p class='ocr_par' dir='ltr' id='par_1_101' title="bbox 503 5145 2057 5211">
     <span class='ocr_line' id='line_1_101' title="bbox 503 5145 2057 5211; baseline 0.005 -13"><span class='ocrx_word' id='word_1_756' title='bbox 503 5146 597 5199; x_wconf 85' lang='lat' dir='ltr'><strong>sed</strong></span> <span class='ocrx_word' id='word_1_757' title='bbox 624 5145 729 5211; x_wconf 78' lang='lat' dir='ltr'><strong>iam</strong></span> <span class='ocrx_word' id='word_1_758' title='bbox 763 5145 1043 5199; x_wconf 87' lang='lat' dir='ltr'><strong>mutationi</strong></span> <span class='ocrx_word' id='word_1_759' title='bbox 1069 5156 1123 5200; x_wconf 90' lang='lat' dir='ltr'><strong>et</strong></span> <span class='ocrx_word' id='word_1_760' title='bbox 1149 5150 1401 5202; x_wconf 68' lang='lat' dir='ltr'><strong>aerumnis</strong></span> <span class='ocrx_word' id='word_1_761' title='bbox 1434 5163 1536 5201; x_wconf 92' lang='lat' dir='ltr'><strong>non</strong></span> <span class='ocrx_word' id='word_1_762' title='bbox 1558 5164 1677 5203; x_wconf 85' lang='lat' dir='ltr'><strong>esse</strong></span> <span class='ocrx_word' id='word_1_763' title='bbox 1692 5145 2004 5205; x_wconf 76' lang='lat' dir='ltr'><strong>obnoxium.</strong></span> <span class='ocrx_word' id='word_1_764' title='bbox 2038 5145 2057 5206; x_wconf 65' lang='grc' dir='ltr'><strong>ι</strong></span> 
     </span>
    </p>
   </div>
   <div class='ocr_carea' id='block_1_102' title="bbox 502 5214 2053 5284">
    <p class='ocr_par' dir='ltr' id='par_1_102' title="bbox 502 5214 2053 5284">
     <span class='ocr_line' id='line_1_102' title="bbox 502 5214 2053 5284; baseline 0.004 -15"><span class='ocrx_word' id='word_1_765' title='bbox 502 5214 708 5283; x_wconf 86' lang='lat' dir='ltr'><strong>Corpus</strong></span> <span class='ocrx_word' id='word_1_766' title='bbox 746 5216 911 5279; x_wconf 87' lang='lat' dir='ltr'><strong>enim,</strong></span> <span class='ocrx_word' id='word_1_767' title='bbox 958 5230 1184 5271; x_wconf 82' lang='lat' dir='ltr'><strong>excussa</strong></span> <span class='ocrx_word' id='word_1_768' title='bbox 1235 5217 1441 5271; x_wconf 87' lang='lat' dir='ltr'><strong>mortali</strong></span> <span class='ocrx_word' id='word_1_769' title='bbox 1492 5220 1760 5284; x_wconf 88' lang='lat' dir='ltr'><strong>crassitie,</strong></span> <span class='ocrx_word' id='word_1_770' title='bbox 1815 5222 2053 5275; x_wconf 90' lang='lat' dir='ltr'><strong>incorru-</strong></span> 
     </span>
    </p>
   </div>
   <div class='ocr_carea' id='block_1_103' title="bbox 503 5286 2059 5358">
    <p class='ocr_par' dir='ltr' id='par_1_103' title="bbox 503 5286 2059 5358">
     <span class='ocr_line' id='line_1_103' title="bbox 503 5286 2059 5358; baseline 0.008 -23"><span class='ocrx_word' id='word_1_771' title='bbox 503 5293 651 5354; x_wconf 85' lang='lat' dir='ltr'><strong>ptum</strong></span> <span class='ocrx_word' id='word_1_772' title='bbox 678 5292 733 5339; x_wconf 88' lang='lat' dir='ltr'><strong>et</strong></span> <span class='ocrx_word' id='word_1_773' title='bbox 757 5286 1232 5358; x_wconf 85' lang='lat' dir='ltr'><strong>quasispirituale.</strong></span> <span class='ocrx_word' id='word_1_774' title='bbox 1261 5289 1559 5355; x_wconf 81' lang='lat' dir='ltr'><strong>animaeque</strong></span> <span class='ocrx_word' id='word_1_775' title='bbox 1588 5290 1745 5344; x_wconf 80' lang='lat' dir='ltr'><strong>aliine</strong></span> <span class='ocrx_word' id='word_1_776' title='bbox 1766 5292 1889 5358; x_wconf 87' lang='lat' dir='ltr'><strong>erit,</strong></span> <span class='ocrx_word' id='word_1_777' title='bbox 1912 5294 2059 5348; x_wconf 85' lang='lat' dir='ltr'><strong>salva</strong></span> 
     </span>
    </p>
   </div>
   <div class='ocr_carea' id='block_1_104' title="bbox 506 5357 1703 5425">
    <p class='ocr_par' dir='ltr' id='par_1_104' title="bbox 506 5357 1703 5425">
     <span class='ocr_line' id='line_1_104' title="bbox 506 5357 1703 5425; baseline 0.003 -17"><span class='ocrx_word' id='word_1_778' title='bbox 506 5365 683 5425; x_wconf 82' lang='lat' dir='ltr'><strong>tamen</strong></span> <span class='ocrx_word' id='word_1_779' title='bbox 716 5364 877 5421; x_wconf 81' lang='lat' dir='ltr'><strong>atque</strong></span> <span class='ocrx_word' id='word_1_780' title='bbox 913 5357 1117 5425; x_wconf 76' lang='lat' dir='ltr'><strong>integra</strong></span> <span class='ocrx_word' id='word_1_781' title='bbox 1152 5358 1318 5425; x_wconf 90' lang='lat' dir='ltr'><strong>ipsius</strong></span> <span class='ocrx_word' id='word_1_782' title='bbox 1358 5361 1703 5412; x_wconf 51' lang='lat' dir='ltr'><strong>substantia,</strong></span> 
     </span>
    </p>
   </div>
   <div class='ocr_carea' id='block_1_105' title="bbox 573 5424 2061 5499">
    <p class='ocr_par' dir='ltr' id='par_1_105' title="bbox 573 5424 2061 5499">
     <span class='ocr_line' id='line_1_105' title="bbox 573 5424 2061 5499; baseline 0.005 -20"><span class='ocrx_word' id='word_1_783' title='bbox 573 5424 683 5499; x_wconf 63' lang='lat'><strong>(95)</strong></span> <span class='ocrx_word' id='word_1_784' title='bbox 719 5424 1067 5499; x_wconf 51' lang='lat' dir='ltr'><strong>_‘Ea:6milar?.</strong></span> <span class='ocrx_word' id='word_1_785' title='bbox 1105 5424 1196 5499; x_wconf 74' lang='lat' dir='ltr'><strong>Sic</strong></span> <span class='ocrx_word' id='word_1_786' title='bbox 1237 5428 1403 5499; x_wconf 13' lang='lat' dir='ltr'><strong>lliegg.’</strong></span> <span class='ocrx_word' id='word_1_787' title='bbox 1438 5430 1560 5499; x_wconf 62' lang='lat' dir='ltr'><strong>bm,</strong></span> <span class='ocrx_word' id='word_1_788' title='bbox 1601 5429 1692 5490; x_wconf 87' lang='lat' dir='ltr'><strong>hu,</strong></span> <span class='ocrx_word' id='word_1_789' title='bbox 1747 5440 1853 5485; x_wconf 88' lang='lat' dir='ltr'><strong>tres</strong></span> <span class='ocrx_word' id='word_1_790' title='bbox 1883 5430 2061 5499; x_wconf 54' lang='lat' dir='ltr'><strong>Coll»,</strong></span> 
     </span>
    </p>
   </div>
   <div class='ocr_carea' id='block_1_106' title="bbox 504 5492 2063 5570">
    <p class='ocr_par' dir='ltr' id='par_1_106' title="bbox 504 5492 2063 5570">
     <span class='ocr_line' id='line_1_106' title="bbox 504 5492 2063 5570; baseline 0.005 -21"><span class='ocrx_word' id='word_1_791' title='bbox 504 5492 671 5565; x_wconf 65' lang='lat' dir='ltr'><strong>Co&#39;sl;</strong></span> <span class='ocrx_word' id='word_1_792' title='bbox 712 5494 764 5560; x_wconf 90' lang='grc'><strong>1,</strong></span> <span class='ocrx_word' id='word_1_793' title='bbox 797 5492 984 5560; x_wconf 51' lang='lat' dir='ltr'><strong>Orfl,</strong></span> <span class='ocrx_word' id='word_1_794' title='bbox 1023 5506 1077 5552; x_wconf 91' lang='lat' dir='ltr'><strong>et</strong></span> <span class='ocrx_word' id='word_1_795' title='bbox 1112 5496 1221 5552; x_wconf 80' lang='lat' dir='ltr'><strong>Jes.</strong></span> <span class='ocrx_word' id='word_1_796' title='bbox 1268 5492 1444 5561; x_wconf 73' lang='lat' dir='ltr'><strong>Editi,</strong></span> <span class='ocrx_word' id='word_1_797' title='bbox 1481 5497 1765 5570; x_wconf 78' lang='grc' dir='ltr'>ἐκδημίαν,</span> <span class='ocrx_word' id='word_1_798' title='bbox 1804 5519 1823 5552; x_wconf 74' lang='grc' dir='ltr'><strong>ι</strong></span> <span class='ocrx_word' id='word_1_799' title='bbox 1859 5492 2063 5557; x_wconf 57' lang='lat' dir='ltr'><strong>disces;</strong></span> 
     </span>
    </p>
   </div>
   <div class='ocr_carea' id='block_1_107' title="bbox 503 5577 703 5617">
    <p class='ocr_par' dir='ltr' id='par_1_107' title="bbox 503 5577 703 5617">
     <span class='ocr_line' id='line_1_107' title="bbox 503 5577 703 5617; baseline -0.015 0"><span class='ocrx_word' id='word_1_800' title='bbox 503 5577 644 5617; x_wconf 88' lang='lat' dir='ltr'><strong>sum.</strong></span> <span class='ocrx_word' id='word_1_801' title='bbox 685 5583 703 5614; x_wconf 74' lang='grc' dir='ltr'><strong>ι</strong></span> 
     </span>
    </p>
   </div>
   <div class='ocr_carea' id='block_1_108' title="bbox 578 5634 2061 5707">
    <p class='ocr_par' dir='ltr' id='par_1_108' title="bbox 578 5634 2061 5707">
     <span class='ocr_line' id='line_1_108' title="bbox 578 5634 2061 5707; baseline 0.008 -22"><span class='ocrx_word' id='word_1_802' title='bbox 578 5634 702 5707; x_wconf 67' lang='grc' dir='ltr'><strong>(96)Δ</strong></span> <span class='ocrx_word' id='word_1_803' title='bbox 742 5635 1164 5707; x_wconf 75' lang='grc' dir='ltr'>Ἀνακᾳίνισιν.</span> <span class='ocrx_word' id='word_1_804' title='bbox 1204 5639 1359 5691; x_wconf 84' lang='grc' dir='ltr'>Τότε.</span> <span class='ocrx_word' id='word_1_805' title='bbox 1392 5637 1556 5707; x_wconf 69' lang='lat' dir='ltr'><strong>chg.</strong></span> <span class='ocrx_word' id='word_1_806' title='bbox 1593 5638 1718 5703; x_wconf 46' lang='lat' dir='ltr'><strong>bm,’</strong></span> <span class='ocrx_word' id='word_1_807' title='bbox 1758 5640 1851 5707; x_wconf 85' lang='lat' dir='ltr'><strong>hu,</strong></span> <span class='ocrx_word' id='word_1_808' title='bbox 1875 5641 1972 5696; x_wconf 88' lang='lat' dir='ltr'><strong>Or.</strong></span> <span class='ocrx_word' id='word_1_809' title='bbox 2008 5643 2061 5707; x_wconf 84' lang='grc'><strong>1,</strong></span> 
     </span>
    </p>
   </div>
   <div class='ocr_carea' id='block_1_109' title="bbox 505 5703 1695 5777">
    <p class='ocr_par' dir='ltr' id='par_1_109' title="bbox 505 5703 1695 5777">
     <span class='ocr_line' id='line_1_109' title="bbox 505 5703 1695 5777; baseline 0.003 -20"><span class='ocrx_word' id='word_1_810' title='bbox 505 5703 883 5760; x_wconf 79' lang='grc' dir='ltr'>ἀνακαίνωσιν.</span> <span class='ocrx_word' id='word_1_811' title='bbox 916 5706 1047 5777; x_wconf 78' lang='lat' dir='ltr'><strong>Reg.</strong></span> <span class='ocrx_word' id='word_1_812' title='bbox 1080 5726 1128 5775; x_wconf 72' lang='grc' dir='ltr'><strong>ιι,</strong></span> <span class='ocrx_word' id='word_1_813' title='bbox 1160 5707 1321 5763; x_wconf 87' lang='lat' dir='ltr'><strong>Coisl.</strong></span> <span class='ocrx_word' id='word_1_814' title='bbox 1356 5708 1405 5773; x_wconf 92' lang='grc'><strong>1,</strong></span> <span class='ocrx_word' id='word_1_815' title='bbox 1436 5703 1553 5761; x_wconf 68' lang='grc' dir='ltr'>τότε</span> <span class='ocrx_word' id='word_1_816' title='bbox 1584 5709 1695 5762; x_wconf 82' lang='grc' dir='ltr'>καί.</span> 
     </span>
    </p>
   </div>
   <div class='ocr_carea' id='block_1_110' title="bbox 1577 4774 2027 4844">
    <p class='ocr_par' dir='ltr' id='par_1_110' title="bbox 1577 4774 2027 4844">
     <span class='ocr_line' id='line_1_110' title="bbox 1577 4774 2027 4844; baseline 0.011 -16"><span class='ocrx_word' id='word_1_817' title='bbox 1577 4774 1600 4805; x_wconf 82' lang='grc'><strong>’⁵</strong></span> <span class='ocrx_word' id='word_1_818' title='bbox 1620 4775 1763 4829; x_wconf 87' lang='lat' dir='ltr'><strong>Psal.</strong></span> <span class='ocrx_word' id='word_1_819' title='bbox 1799 4791 1948 4844; x_wconf 70' lang='lat' dir='ltr'><strong>cxxx,</strong></span> <span class='ocrx_word' id='word_1_820' title='bbox 1973 4779 2027 4833; x_wconf 83' lang='lat'><strong>5.</strong></span> 
     </span>
    </p>
   </div>
   <div class='ocr_carea' id='block_1_111' title="bbox 2104 4782 2951 4858">
    <p class='ocr_par' dir='ltr' id='par_1_111' title="bbox 2104 4782 2951 4858">
     <span class='ocr_line' id='line_1_111' title="bbox 2104 4782 2951 4858; baseline 0.018 -26"><span class='ocrx_word' id='word_1_821' title='bbox 2104 4782 2523 4848; x_wconf 48' lang='lat' dir='ltr'><strong>l‘l’sal.&#39;1.xvm,</strong></span> <span class='ocrx_word' id='word_1_822' title='bbox 2558 4788 2632 4853; x_wconf 75' lang='grc'><strong>5;</strong></span> <span class='ocrx_word' id='word_1_823' title='bbox 2678 4806 2831 4858; x_wconf 78' lang='lat' dir='ltr'><strong>mn,</strong></span> <span class='ocrx_word' id='word_1_824' title='bbox 2860 4794 2951 4848; x_wconf 74' lang='lat'><strong>9.0.</strong></span> 
     </span>
    </p>
   </div>
   <div class='ocr_carea' id='block_1_112' title="bbox 2168 4877 3725 5000">
    <p class='ocr_par' dir='ltr' id='par_1_112' title="bbox 2168 4877 3725 5000">
     <span class='ocr_line' id='line_1_112' title="bbox 2168 4877 3725 5000; baseline -0.018 -33"><span class='ocrx_word' id='word_1_825' title='bbox 2168 4877 2348 4999; x_wconf 47' lang='lat' dir='ltr'><strong>r3533)</strong></span> <span class='ocrx_word' id='word_1_826' title='bbox 2378 4881 2745 5000; x_wconf 37' lang='grc' dir='ltr'><strong>φερόμενον.</strong></span> <span class='ocrx_word' id='word_1_827' title='bbox 2783 4905 2801 4937; x_wconf 75' lang='grc' dir='ltr'><strong>ι</strong></span> <span class='ocrx_word' id='word_1_828' title='bbox 2833 4888 2999 4957; x_wconf 85' lang='lat' dir='ltr'><strong>Cujus</strong></span> <span class='ocrx_word' id='word_1_829' title='bbox 3041 4888 3203 4946; x_wconf 81' lang='lat' dir='ltr'><strong>funus</strong></span> <span class='ocrx_word' id='word_1_830' title='bbox 3251 4892 3576 4955; x_wconf 85' lang='lat' dir='ltr'><strong>deducatur,</strong></span> <span class='ocrx_word' id='word_1_831' title='bbox 3619 4888 3725 4943; x_wconf 76' lang='lat' dir='ltr'><strong>elle-</strong></span> 
     </span>
    </p>
   </div>
   <div class='ocr_carea' id='block_1_113' title="bbox 2236 5017 3727 5101">
    <p class='ocr_par' dir='ltr' id='par_1_113' title="bbox 2236 5017 3727 5101">
     <span class='ocr_line' id='line_1_113' title="bbox 2236 5017 3727 5101; baseline 0.004 -30"><span class='ocrx_word' id='word_1_832' title='bbox 2236 5017 2647 5101; x_wconf 55' lang='grc' dir='ltr'><strong>(θ8)ΛΠο.ζλάς.</strong></span> <span class='ocrx_word' id='word_1_833' title='bbox 2696 5022 2859 5080; x_wconf 89' lang='lat' dir='ltr'><strong>Deest</strong></span> <span class='ocrx_word' id='word_1_834' title='bbox 2908 5028 2961 5082; x_wconf 91' lang='lat' dir='ltr'><strong>in</strong></span> <span class='ocrx_word' id='word_1_835' title='bbox 3014 5028 3183 5101; x_wconf 77' lang='lat' dir='ltr'><strong>liegg.</strong></span> <span class='ocrx_word' id='word_1_836' title='bbox 3238 5030 3375 5098; x_wconf 85' lang='lat' dir='ltr'><strong>bm,</strong></span> <span class='ocrx_word' id='word_1_837' title='bbox 3439 5032 3533 5096; x_wconf 86' lang='lat' dir='ltr'><strong>hu,</strong></span> <span class='ocrx_word' id='word_1_838' title='bbox 3583 5029 3727 5084; x_wconf 86' lang='lat' dir='ltr'><strong>tribus</strong></span> 
     </span>
    </p>
   </div>
   <div class='ocr_carea' id='block_1_114' title="bbox 2163 5084 2680 5153">
    <p class='ocr_par' dir='ltr' id='par_1_114' title="bbox 2163 5084 2680 5153">
     <span class='ocr_line' id='line_1_114' title="bbox 2163 5084 2680 5153; baseline 0.012 -13"><span class='ocrx_word' id='word_1_839' title='bbox 2163 5084 2342 5152; x_wconf 76' lang='lat' dir='ltr'><strong>Colb.,</strong></span> <span class='ocrx_word' id='word_1_840' title='bbox 2364 5090 2456 5144; x_wconf 90' lang='lat' dir='ltr'><strong>Or.</strong></span> <span class='ocrx_word' id='word_1_841' title='bbox 2492 5092 2543 5153; x_wconf 87' lang='grc'><strong>1,</strong></span> <span class='ocrx_word' id='word_1_842' title='bbox 2575 5084 2680 5148; x_wconf 69' lang='lat' dir='ltr'><strong>etc.</strong></span> 
     </span>
    </p>
   </div>
   <div class='ocr_carea' id='block_1_115' title="bbox 2232 5158 3729 5241">
    <p class='ocr_par' dir='ltr' id='par_1_115' title="bbox 2232 5158 3729 5241">
     <span class='ocr_line' id='line_1_115' title="bbox 2232 5158 3729 5241; baseline 0.002 -26"><span class='ocrx_word' id='word_1_843' title='bbox 2232 5158 2355 5241; x_wconf 41' lang='lat' dir='ltr'><strong>_(99)A</strong></span> <span class='ocrx_word' id='word_1_844' title='bbox 2382 5162 2770 5241; x_wconf 51' lang='grc' dir='ltr'>Γζωσώμεθα.</span> <span class='ocrx_word' id='word_1_845' title='bbox 2780 5206 2793 5220; x_wconf 98' lang='grc'><strong>.</strong></span> <span class='ocrx_word' id='word_1_846' title='bbox 2805 5206 2832 5241; x_wconf 23' lang='grc' dir='ltr'><strong>,Α</strong></span> <span class='ocrx_word' id='word_1_847' title='bbox 2840 5169 3133 5238; x_wconf 69' lang='grc' dir='ltr'>ῥίψωμεν.</span> <span class='ocrx_word' id='word_1_848' title='bbox 3142 5212 3154 5224; x_wconf 94' lang='grc'><strong>.</strong></span> <span class='ocrx_word' id='word_1_849' title='bbox 3166 5172 3589 5241; x_wconf 56' lang='grc' dir='ltr'>βλέψωμεν...</span> <span class='ocrx_word' id='word_1_850' title='bbox 3600 5183 3729 5223; x_wconf 68' lang='lat' dir='ltr'><strong>aria-</strong></span> 
     </span>
    </p>
   </div>
   <div class='ocr_carea' id='block_1_116' title="bbox 2159 5226 3724 5314">
    <p class='ocr_par' dir='ltr' id='par_1_116' title="bbox 2159 5226 3724 5314">
     <span class='ocr_line' id='line_1_116' title="bbox 2159 5226 3724 5314; baseline -0.003 -23"><span class='ocrx_word' id='word_1_851' title='bbox 2159 5226 2416 5314; x_wconf 53' lang='grc' dir='ltr'>ςξζαᾙξεθα.</span> <span class='ocrx_word' id='word_1_852' title='bbox 2453 5226 3427 5314; x_wconf 43' lang='grc' dir='ltr'>ΒοςίιιιιηιιιβαἹίγνωσόμεθᾶλ</span> <span class='ocrx_word' id='word_1_853' title='bbox 3462 5243 3724 5314; x_wconf 69' lang='grc' dir='ltr'>ῥίψομεν...</span> 
     </span>
    </p>
   </div>
   <div class='ocr_carea' id='block_1_117' title="bbox 2160 5297 2890 5375">
    <p class='ocr_par' dir='ltr' id='par_1_117' title="bbox 2160 5297 2890 5375">
     <span class='ocr_line' id='line_1_117' title="bbox 2160 5297 2890 5375; baseline 0.018 -27"><span class='ocrx_word' id='word_1_854' title='bbox 2160 5297 2497 5375; x_wconf 57' lang='grc' dir='ltr'>βλέιζιομεν...</span> <span class='ocrx_word' id='word_1_855' title='bbox 2531 5297 2890 5375; x_wconf 80' lang='grc' dir='ltr'>ἀνιασόμεθα.</span> 
     </span>
    </p>
   </div>
   <div class='ocr_carea' id='block_1_118' title="bbox 2229 5370 3727 5453">
    <p class='ocr_par' dir='ltr' id='par_1_118' title="bbox 2229 5370 3727 5453">
     <span class='ocr_line' id='line_1_118' title="bbox 2229 5370 3727 5453; baseline 0.019 -32"><span class='ocrx_word' id='word_1_856' title='bbox 2229 5370 2307 5453; x_wconf 59' lang='grc'><strong>(1)</strong></span> <span class='ocrx_word' id='word_1_857' title='bbox 2352 5370 2430 5439; x_wconf 75' lang='grc' dir='ltr'><em>Τῇ</em></span> <span class='ocrx_word' id='word_1_858' title='bbox 2458 5370 3156 5453; x_wconf 61' lang='grc' dir='ltr'>παροικίᾴμηκυνομένῃ.</span> <span class='ocrx_word' id='word_1_859' title='bbox 3190 5380 3366 5437; x_wconf 88' lang='lat' dir='ltr'><strong>Coisl.</strong></span> <span class='ocrx_word' id='word_1_860' title='bbox 3404 5383 3460 5450; x_wconf 72' lang='grc' dir='ltr'>ί,</span> <span class='ocrx_word' id='word_1_861' title='bbox 3490 5382 3584 5452; x_wconf 81' lang='grc' dir='ltr'><strong>τῆς</strong></span> <span class='ocrx_word' id='word_1_862' title='bbox 3612 5394 3727 5449; x_wconf 65' lang='grc' dir='ltr'><strong>παρ’</strong></span> 
     </span>
    </p>
   </div>
   <div class='ocr_carea' id='block_1_119' title="bbox 2158 5440 2764 5514">
    <p class='ocr_par' dir='ltr' id='par_1_119' title="bbox 2158 5440 2764 5514">
     <span class='ocr_line' id='line_1_119' title="bbox 2158 5440 2764 5514; baseline 0.017 -25"><span class='ocrx_word' id='word_1_863' title='bbox 2158 5440 2336 5514; x_wconf 24' lang='grc' dir='ltr'>οικιίας</span> <span class='ocrx_word' id='word_1_864' title='bbox 2363 5440 2764 5514; x_wconf 65' lang='grc' dir='ltr'>μηκυνομένηςῖ</span> 
     </span>
    </p>
   </div>
   <div class='ocr_carea' id='block_1_120' title="bbox 2233 5510 3724 5591">
    <p class='ocr_par' dir='ltr' id='par_1_120' title="bbox 2233 5510 3724 5591">
     <span class='ocr_line' id='line_1_120' title="bbox 2233 5510 3724 5591; baseline 0.006 -31"><span class='ocrx_word' id='word_1_865' title='bbox 2233 5510 2308 5591; x_wconf 68' lang='grc'><strong>(2)</strong></span> <span class='ocrx_word' id='word_1_866' title='bbox 2361 5510 2823 5591; x_wconf 47' lang='grc' dir='ltr'>Ἄέτρκ-αρῑοῦίρςα.</span> <span class='ocrx_word' id='word_1_867' title='bbox 2858 5517 2948 5573; x_wconf 88' lang='lat' dir='ltr'><strong>Sic</strong></span> <span class='ocrx_word' id='word_1_868' title='bbox 2994 5522 3193 5591; x_wconf 83' lang='lat' dir='ltr'><strong>Optime</strong></span> <span class='ocrx_word' id='word_1_869' title='bbox 3224 5520 3371 5588; x_wconf 70' lang='lat' dir='ltr'><strong>Reg.</strong></span> <span class='ocrx_word' id='word_1_870' title='bbox 3402 5524 3462 5578; x_wconf 89' lang='lat' dir='ltr'><strong>h.</strong></span> <span class='ocrx_word' id='word_1_871' title='bbox 3502 5522 3659 5577; x_wconf 77' lang='lat' dir='ltr'><strong>Prave</strong></span> <span class='ocrx_word' id='word_1_872' title='bbox 3682 5533 3724 5591; x_wconf 67' lang='lat' dir='ltr'><strong>in</strong></span> 
     </span>
    </p>
   </div>
   <div class='ocr_carea' id='block_1_121' title="bbox 2160 5580 3723 5651">
    <p class='ocr_par' dir='ltr' id='par_1_121' title="bbox 2160 5580 3723 5651">
     <span class='ocr_line' id='line_1_121' title="bbox 2160 5580 3723 5651; baseline 0.009 -22"><span class='ocrx_word' id='word_1_873' title='bbox 2160 5580 2249 5651; x_wconf 68' lang='lat' dir='ltr'><strong>ed.</strong></span> <span class='ocrx_word' id='word_1_874' title='bbox 2275 5581 2691 5648; x_wconf 78' lang='grc' dir='ltr'>ἀποκαλοῦντος.</span> <span class='ocrx_word' id='word_1_875' title='bbox 2724 5588 2912 5643; x_wconf 86' lang='lat' dir='ltr'><strong>Billius</strong></span> <span class='ocrx_word' id='word_1_876' title='bbox 2938 5580 3116 5648; x_wconf 77' lang='lat' dir='ltr'><strong>tamen</strong></span> <span class='ocrx_word' id='word_1_877' title='bbox 3144 5580 3561 5651; x_wconf 66' lang='lat' dir='ltr'><strong>emendaverat.</strong></span> <span class='ocrx_word' id='word_1_878' title='bbox 3583 5589 3723 5646; x_wconf 80' lang='lat' dir='ltr'><strong>Coisl.</strong></span> 
     </span>
    </p>
   </div>
   <div class='ocr_carea' id='block_1_122' title="bbox 2159 5648 2963 5722">
    <p class='ocr_par' dir='ltr' id='par_1_122' title="bbox 2159 5648 2963 5722">
     <span class='ocr_line' id='line_1_122' title="bbox 2159 5648 2963 5722; baseline 0.015 -21"><span class='ocrx_word' id='word_1_879' title='bbox 2159 5648 2212 5707; x_wconf 64' lang='lat'><strong>9.</strong></span> <span class='ocrx_word' id='word_1_880' title='bbox 2237 5652 2421 5706; x_wconf 82' lang='lat' dir='ltr'><strong>et°0r.</strong></span> <span class='ocrx_word' id='word_1_881' title='bbox 2456 5655 2509 5716; x_wconf 86' lang='grc'><strong>1,</strong></span> <span class='ocrx_word' id='word_1_882' title='bbox 2542 5656 2963 5722; x_wconf 75' lang='grc' dir='ltr'>ἀποκαλοῦντες.</span> 
     </span>
    </p>
   </div>
  </div>
