3844 6390
142 415 223 471 785

898 410 1159 469 ORATIO
1199 415 1307 471 VII.
1348 449 1419 460 —
1454 418 1523 475 IN
1552 378 1849 477 'LAUDENI
1889 422 2189 480 CAESAR"
2232 426 2550 485 FRATRIS.

3221 436 3326 490 786

136 542 226 597 ειμι
244 538 255 551 ·
304 518 387 572 καὶ
413 515 509 570 οὐκ
535 517 600 589 ἐᾷ
633 535 699 589 με
730 521 986 577 ἀναπνεῖν
1013 526 1047 596 ἠ
1070 526 1275 581 ἐκεῖθεν
1301 529 1447 596 δόξα,
1475 533 1663 595 καὶτὰ

1781 545 1939 590 norle
1969 538 2286 604 moriamur,
2308 555 2429 595 eum
2455 540 2673 596 diifacti
2702 544 2910 598 simus?
2936 542 3034 599 Hic
3057 561 3141 600 me
3164 548 3328 604 timor

133 621 275 675 ἐκεῖσε
303 612 677 683 δικαιωτήρια·
724 607 798 668 ὧν
824 616 926 685 τῆς
962 618 1061 688 μὲν
1100 620 1323 693 ἐφίεμαι
1367 625 1526 697 μέχρι
1564 628 1659 681 καὶ

1781 633 2025 700 axagitat,
2056 632 2145 686 hic
2169 633 2285 687 dies
2321 644 2614 704 noctesque
2661 650 2868 691 meeum
2901 649 3182 705 versatur;
3230 657 3329 698 nec

132 714 206 769 τοῦ
230 710 291 779 (3)
313 706 555 759 δύνασθαι
582 706 757 776 λέγειν
782 726 795 740 ο
834 711 1129 766 Ἐκλείπει
1150 717 1237 780 είς
1264 715 1330 769 τὸ
1357 717 1658 787 σωτήριόν

1781 737 1851 775 ne
1903 722 2133 777 liberum
2185 725 2433 793 spiritum
2486 727 2681 782 ducere
2722 727 2925 793 sinunt,
2982 730 3107 785 hinc
3150 730 3327 787 futura

130 803 277 867 σουή
320 796 477 866 ψυχή
518 816 672 867 μου,
724 800 793 853 τὰ
833 802 889 854 δὲ
935 804 1141 872 φρίττω
1184 804 1279 859 καὶ
1317 806 1658 879 ἀποστρέφο-

133 914 226 970 μαι,
271 893 463 945 Ἐκεῖνο
492 890 548 944 δὲ
583 892 643 945 οὒ
676 893 910 958 δέδοικα,
949 897 1021 967 μή
1055 914 1145 967 μοι
1184 897 1246 950 τὸ
1282 899 1439 969 σῶμα
1479 900 1659 965 τοῦτο,

128 985 342 1058 διαρρυὲν
382 984 473 1036 καὶ
524 983 857 1055 διαφθαρὲν,
909 988 1188 1052 παντελῶς
1230 991 1514 1061 οίχήσηται
1547 992 1658 1063 (4)·

1764 816 1960 885 gloria,
2010 815 2138 871 hinc
2200 818 2440 874 futurum
2496 821 2871 876 tribunal:ex
2925 823 3119 891 quibus
3180 824 3328 879 illam

1763 909 1978 977 quidem
2009 910 2143 963 adeo
2171 920 2389 979 appeto,
2441 920 2501 965 ut
2547 912 2726 967 dicere
2755 913 2955 981 possim
2990 929 3003 967 :
3033 914 3223 983 Deﬁcit
3274 918 3332 970 in

1760 998 1995 1054 salutare
2021 1010 2173 1055 tuum
2198 1002 2375 1055 anima
2413 1018 2527 1057 mea
2566 1004 2607 1069 °,
2658 1004 2762 1059 hoc
2811 1016 2990 1061 autem
3037 1008 3231 1062 horreo
3273 1019 3328 1064 et

128 1080 234 1135 ἀλλὰ
278 1076 345 1149 μὴ
381 1076 440 1128 τὸ
480 1074 571 1129 τοῦ
616 1076 751 1130 Θεοῦ
792 1078 1019 1149 πλάσμα
1062 1079 1123 1133 τὸ
1160 1080 1366 1146 ἔνδοξον
1418 1081 1660 1154 (ἔνδοξον

1781 1106 1998 1147 ινθτεοτ.
2037 1091 2149 1148 Nec
2181 1108 2308 1148 vero
2338 1094 2466 1149 illud
2497 1096 2676 1163 timeo,
2712 1114 2779 1152 ne
2812 1099 2941 1153 mihi
2972 1115 3167 1169 corpus
3202 1101 3325 1164 hoc,

127 1173 212 1243 γὰρ
257 1168 570 1240 κατορθοῦν,
611 1169 800 1243 ὥσπερ
837 1172 1029 1241 ἄτιμον
1074 1173 1461 1247 ἁμαρτάνον),
1503 1176 1561 1229 ὲν
1613 1170 1657 1243 ᾧ

1781 1202 1877 1239 :um
1904 1184 2377 1241 semeldeﬂuxerit
2442 1204 2508 1243 ac
2542 1200 2855 1257 corruptum
2890 1168 3083 1253 fuerit.
3107 1206 3330 1262 prorsus

125 1264 267 1331 λόγος,
292 1261 461 1331 νόμος,
493 1262 677 1327 ἐλπὶς.
710 1265 808 1337 τὴν
838 1267 1006 1337 αὐτὴν
1035 1269 1147 1331 τοῖς
1186 1268 1400 1337 ἀλόγοις
1427 1271 1650 1342 ἀτιμίαν

1781 1276 2166 1345 :xstinguatur,
2223 1276 2315 1331 sed
2364 1290 2433 1331 ne
2475 1277 2652 1332 nobile
2695 1278 2825 1334 illud
2875 1281 2966 1335 Dei
3015 1261 3325 1349 figmentum

129 1352 407 1425 κατακριθῇ,
446 1353 539 1405 καὶ
566 1354 731 1425 μηδὲν
768 1356 927 1411 πλέον
1041 1360 1179 1430 μετὰ
1214 1362 1312 1433 τὴν
1345 1361 1613 1429 διάζευξιν
1633 1381 1646 1394 ·

126 1448 184 1509 ὡς
211 1444 379 1515 ὄφελόν
412 1460 473 1497 νε
513 1448 626 1509 τοῖς
660 1452 935 1521 πονηροῖς,
974 1454 1067 1505 καὶ
1107 1452 1202 1506 τοῦ
1241 1453 1448 1508 ἐκεῖθεν
1481 1456 1652 1529 πυρὸς

125 1537 281 1605 ἀξίοις.

1763 1366 1972 1435 (nobile
2008 1368 2153 1422 enim
2202 1379 2322 1432 est,
2375 1383 2497 1422 cum
2544 1368 2700 1423 olIicii
2739 1371 2823 1425 sui
2858 1386 3111 1427 numeros
3162 1372 3331 1439 probe

1762 1459 1963 1528 explet,
1993 1459 2444 1530 quemadmodum
2478 1470 2665 1515 contra
2702 1460 2923 1526 infame,
2956 1476 3076 1517 cum
3098 1462 3330 1532 peccat),

1762 1552 1815 1605 in
1856 1566 1961 1620 quo
1991 1562 2077 1605 est
2109 1551 2273 1616 ratio,
2313 1552 2419 1618 lex,
2452 1568 2597 1623 spes,
2630 1555 2841 1617 eadem,
2867 1568 2972 1622 qua
2998 1568 3059 1607 ea
3091 1554 3338 1607 animan-

127 1629 202 1691 tia,
234 1642 340 1695 quae
383 1628 605 1682 rationis
632 1632 875 1696 expertia
918 1643 1064 1701 sunt,
1136 1638 1431 1706 lgnominia
1500 1640 1809 1707 mulctetur,
1876 1642 2152 1712 nihiloque
2215 1642 2438 1697 meliore
2476 1652 2599 1713 post
2627 1653 2855 1699 mortem
2884 1643 3190 1698 conditione
3222 1642 3290 1697 sit
3315 1673 3329 1707 ε

128 1717 540 1790 quemadmodum
572 1719 831 1789 improbis
857 1722 1185 1789 hominibus,
1225 1735 1386 1797 atque
1412 1729 1532 1797 igne
1559 1730 1648 1783 illo
1686 1730 1881 1799 dignis,
1920 1732 2216 1799 aptandum
2248 1741 2417 1787 esset.

180 1808 287 1865 Kl".
316 1810 439 1862 Είθε
485 1811 825 1885 νεκρῶσαιμι
856 1815 924 1869 τὰ
972 1817 1106 1889 μέλη
1146 1818 1215 1872 τὰ
1248 1822 1341 1874 ἐπὶ
1384 1821 1483 1892 τῆς
1524 1822 1661 1891 γῆςε

1841 1822 2031 1880 XXIII.
2086 1824 2303 1879 Utinam
2329 1826 2592 1889 membra,
2623 1841 2742 1896 qua:
2767 1840 2931 1895 super
2960 1834 3158 1879 terram
3188 1835 3332 1889 sunt,

126 1901 226 1955 Εἴθε
258 1901 425 1955 πάντα
469 1903 549 1974 τῷ
582 1906 853 1977 πνεύματι
889 1907 1287 1983 δαπανήσαιμι,
1328 1913 1427 1983 τὴν
1472 1915 1663 1981 στενὴν

124 1994 197 2045 καὶ
218 1991 402 2060 ὀλίγοις
430 1992 597 2065 βατὴν
625 1994 871 2063 ὁδεύσας,
903 1999 977 2069 μὴ
1010 1999 1107 2069 τὴν
1141 2001 1401 2055 πλατεῖαν
1452 2004 1546 2057 καὶ
1574 2004 1666 2058 ἄν-

125 2086 249 2137 ετονί
283 2085 363 2148 Ὡς
378 2085 444 2138 τά
472 2102 538 2153 γε
575 2090 713 2155 μετὰ
736 2088 893 2143 τοῦτο
921 2091 1147 2166 λαμπρὰ
1180 2095 1274 2149 κα)⁹
1308 2096 1539 2166 μεγάλα,
1572 2097 1666 2149 καὶ

126 2177 293 2247 μείζων
316 2177 345 2247 ἤ
379 2178 521 2232 κατὰ
548 2179 622 2249 (5)
644 2180 743 2253 τὴν
770 2183 927 2249 ἀξίαν
956 2185 1127 2249 ἐλπίς.
1157 2188 1217 2241 Τί
1247 2188 1419 2244 ἐστιν
1441 2190 1667 2259 ἀνθρω-

124 2286 233 2334 ττος,
267 2270 348 2323 ὅτι
367 2272 681 2343 μιμνήσκῃ
719 2274 796 2345 (6)
826 2276 1044 2341 αὺτοῦ;
1079 2278 1142 2331 Τί
1180 2281 1240 2334 τὸ
1289 2282 1473 2337 καινὸν
1511 2281 1667 2336 τοῦτο

123 2362 227 2432 περὶ
261 2362 354 2431 ἐμὲ
410 2366 747 2435 μυστήριον;
782 2368 994 2440 Μικρός
1040 2372 1155 2441 είμι
1207 2375 1301 2427 καὶ
1341 2374 1533 2444 μέγας,
1568 2391 1669 2427 τα·

125 2456 274 2518 πεινὸς
304 2457 393 2509 καὶ
440 2457 665 2528 ὑψηλὸς,
708 2458 900 2531 θνητὸς
945 2465 1039 2517 καὶ
1081 2464 1382 2530 ἀθάνατος,
1429 2468 1669 2537 ἐπίγειος

124 2548 197 2601 καὶ
219 2548 476 2618 οὐράνιος.
526 2551 737 2605 Ἐκεῖνα
761 2553 899 2624 μετὰ
932 2555 1027 2608 τοῦ
1048 2556 1198 2610 κάτω
1230 2559 1463 2630 κόσμου,
1494 2561 1669 2617 ταῦτα

128 2640 239 2708 μετὰ
254 2641 341 2694 τοῦ
367 2641 505 2697 Θεοῦ
530 2659 545 2674 ο
574 2645 758 2700 ἐκεῖνα
787 2646 925 2716 μετὰ
950 2648 1050 2719 τῆς
1077 2651 1299 2721 σαρκὸς,
1331 2652 1502 2706 ταῦτα
1532 2654 1670 2725 μετὰ

123 2730 197 2783 τοῦ
227 2732 555 2803 πνεύματος.
590 2737 811 2809 Χριστῷ
851 2739 1183 2810 συνταφῆναί
1218 2759 1285 2811 με
1313 2742 1412 2806 δεῖ,
1448 2745 1669 2817 Χριστῷ

126 2827 515 2898 σνναναστῆναι,
569 2830 1079 2903 συγκληρονομῆσαι
1132 2834 1372 2905 Χριστῷ,
1419 2837 1533 2890 υἱὸν
1579 2854 1671 2905 γε·

124 2917 277 2971 νέσθαι
310 2918 467 2983 Θεοῦ,
517 2920 652 2975 Θεὸν
687 2924 846 2977 αὐτόν
878 2925 974 2995 (7).
1012 2927 1204 2998 Ὁρᾶτε
1238 2930 1330 2980 ποῖ
1364 2928 1569 3001 προῖὼν
1592 2930 1669 3001 (8)

124 3009 363 3079 ἀνήγαγεν
394 3012 549 3082 ἡμᾶς
578 3015 606 3066 ὁ
637 3013 812 3083 λόγος.
848 3017 1061 3090 Μικροῦ
1106 3018 1200 3071 καὶ
1242 3019 1399 3090 χάριν
1428 3021 1671 3093 ὁμολογῶ

94 3110 97 3115 ’
122 3102 185 3173 τῷ
213 3104 384 3170 πάθει,
421 3099 467 3174 ᾧ
496 3107 723 3161 τοιαῦτα
765 3111 1130 3181 ἐφιλοσόφησα
1151 3152 1165 3175 ,
1198 3112 1289 3165 καῖ
1306 3104 1436 3166 δῖ.γὸ
1471 3115 1671 3185 μᾶλλον

123 3196 327 3268 ἐραστὴς
362 3199 639 3271 ἐγενόμην
663 3201 762 3272 τῆς
788 3201 995 3256 ἐνθένδε
1023 3204 1467 3269 ἀπαναστάσεως.
1504 3206 1673 3260 Τοῦτο

123 3288 231 3357 ἡμῖν
276 3289 334 3342 τὸ
388 3291 542 3361 μέγα
591 3294 888 3365 μυστήριον
944 3295 1220 3365 βούλεται·
1264 3296 1423 3350 τοῦτο
1465 3299 1594 3368 ἡμῖν
1645 3300 1673 3351 ὁ

122 3380 526 3453 ἑνανθρωπήσας
570 3382 642 3435 δι’
679 3386 829 3455 ἡμᾶς
888 3386 982 3439 καὶ
1028 3386 1345 3456 πτωχεύσας
1390 3386 1543 3450 Θεὸς,
1583 3387 1672 3440 ἵνα

120 3470 368 3545 ἀναστήσῃ
392 3475 496 3545 τὴν
526 3476 727 3547 σάρκα,
754 3477 849 3530 καὶ
875 3476 1222 3549 ἀνασώσηται
1244 3477 1343 3549 τὴν
1366 3479 1549 3531 εἰκόνα
1571 3478 1669 3546 (9),

120 3564 195 3614 καὶ
221 3563 505 3638 ἀναπλάσῃ
546 3568 636 3621 τὸν
666 3568 983 3639 ἄνθρωπον,
1020 3570 1105 3622 ἵνα
1142 3568 1427 3641 γενώμεθα
1459 3571 1507 3623 οί
1540 3572 1673 3625 πάν-

121 3667 192 3715 τες
215 3653 267 3707 ἓν
297 3656 355 3709 ὲν
384 3658 616 3730 Χριστῷ
646 3661 922 3732 γενομένῳ
960 3661 1027 3715 τὰ
1061 3662 1239 3716 πάντα
1262 3664 1319 3714 ὲν
1348 3664 1511 3716 πᾶσιν
1542 3664 1673 3735 ἡμῖν

117 3744 332 3811 τελείως,
364 3750 469 3802 ὅσα
500 3750 610 3822 πέρ
637 3754 785 3806 ἐστιν
817 3753 978 3817 αὐτὸς
1011 3752 1145 3825 (10),
1179 3754 1266 3807 ἵνα
1299 3754 1497 3825 μηκέτι
1525 3748 1673 3825 ὦμεν

118 3834 257 3906 ἇρρεν
285 3841 379 3893 καὶ¹
416 3840 581 3911 θῆλυ,
625 3842 914 3915 βάρϐαρος,
958 3844 1189 3917 Σκύθης,
1219 3845 1421 3910 δοῦλος,
1460 3846 1674 3899 ἐλεύθε-

118 3941 210 3993 ρος,
233 3930 298 3980 τὰ
330 3930 434 4000 τῆς
466 3933 676 4003 σαρκὸς
704 3934 1089 4005 γνωρίσματα,
1139 3936 1296 4006 μόνον
1323 3936 1379 3989 δὲ
1423 3936 1676 4008 φέρωμεν

118 4016 164 4066 ὲν
189 4019 308 4089 ἡμῖν
352 4023 546 4087 αὐτοῖς
582 4024 671 4076 τὸν
713 4026 854 4079 θεῖον
888 4027 1000 4097 (11)
1041 4029 1383 4100 χαρακτῆρα,
1425 4030 1554 4101 παρ’
1612 4023 1673 4083 οὗ

116 4110 193 4160 καὶ
239 4114 317 4175 είς
355 4115 417 4167 ὃν
458 4116 792 4188 γεγόναμεν,
826 4119 1078 4173 τοσοῦτον
1115 4124 1207 4175 ἀπ’
1240 4122 1406 4178 αὑτοῦ
1459 4141 1677 4195 μορφω-

119 4198 273 4267 θέντες
304 4208 399 4260 καὶ
431 4210 804 4275 τυπωθέντες,
846 4212 987 4266 ὥστε
1019 4216 1114 4267 καὶ
1148 4216 1255 4268 ἀπὸ
1306 4216 1468 4287 μόνου
1516 4217 1678 4286 γινώ-

118 4295 336 4353 σκεσθαι.

170 4563 287 4621 KA'.
325 4569 441 4621 Kal
492 4571 582 4640 εἴη
625 4571 722 4641 μέν
766 4587 829 4639 γε
869 4572 1006 4645 ὅπερ
1050 4573 1374 4645 ἐλπίζομεν.
1408 4576 1547 4629 κατὰ
1581 4576 1679 4647 τὴν

116 4658 332 4731 μεγάλην
373 4662 521 4716 Θεοῦ
571 4664 664 4715 τοῦ
700 4665 1073 4738 μεγαλοδώρου
1109 4668 1546 4739 φιλανθρωπίαν·
1596 4669 1676 4733 ὃς,

118 4754 267 4823 μικρὰ
294 4756 469 4811 αἰτῶν
492 4799 508 4821 ,
551 4758 761 4829 μεγάλα
808 4758 1089 4830 χαρίζεται
1123 4758 1215 4814 νῦν
1250 4752 1307 4814 τε
1340 4752 1441 4815 Et
1479 4764 1558 4825 είς
1587 4762 1677 4817 τὸν

112 4837 278 4898 ἔπειτα
315 4849 518 4919 χρόνον
555 4852 666 4913 τοῖς
699 4852 937 4923 γνησίως
985 4838 1145 4905 αὑτὸν
1185 4853 1468 4921 ἀγαπῶσι·
1503 4853 1678 4907 πάντα

1770 1916 2157 1970 mortilicem"!
2190 1914 2405 1971 Utinam
2429 1918 2607 1971 omnia
2639 1930 2732 1986 per
2761 1917 3005 1985 spiritum
3033 1916 3331 1976 absumam,

1769 2017 1917 2060 arcta
1952 2007 2061 2072 via,
2095 2015 2149 2061 et
2181 2023 2286 2076 qua
2325 2009 2475 2077 pauci
2529 2008 2847 2076 gradiuntur
2892 2008 2936 2071 ⁸,
2993 2022 3097 2063 non
3154 2017 3336 2062 autem

1770 2098 1874 2152 lata
1904 2109 1960 2153 et
1993 2098 2137 2153 facili
2174 2098 2430 2155 incedens
2459 2100 2515 2153 ει
2570 2099 2759 2170 Magna
2808 2102 2949 2153 enim
2997 2099 3237 2169 profecto
3282 2107 3337 2151 et

1769 2189 2041 2245 luculenta
2068 2200 2197 2246 sunt
2234 2206 2321 2258 ea,
2367 2206 2485 2260 qua:
2529 2200 2717 2260 postea
2762 2198 3077 2257 sequuntur,
3112 2205 3175 2244 ac
3214 2202 3338 2258 spes

1769 2285 2020 2338 meritum
2053 2293 2298 2339 nostrum
2337 2297 2393 2339 et
2434 2285 2751 2351 dignitatem
2784 2283 3019 2337 excedit.
3080 2280 3217 2346 Quid
3260 2290 3337 2336 est

1769 2376 1944 2443 homo,
1987 2376 2127 2446 quod
2173 2391 2371 2429 memor
2419 2391 2473 2428 es
2505 2374 2618 2442 ejus
2655 2374 2738 2427 ’°?
2785 2372 3067 2438 Quodnam
3107 2374 3208 2426 hoc
3241 2386 3339 2426 no-

1770 2481 1893 2519 vum
1916 2466 2118 2519 circum
2145 2480 2229 2519 me
2254 2465 2606 2535 mysterium?
2630 2464 2838 2519 Parvus
2862 2478 2983 2517 sum
3016 2474 3069 2517 et
3092 2477 3336 2532 magnus,

1772 2559 1993 2613 humilis
2019 2568 2073 2612 et
2100 2557 2369 2621 excelsus,
2410 2556 2653 2611 mortalis
2690 2565 2745 2609 et
2789 2553 3131 2617 immortalis,
3163 2564 3341 2607 terre-

1771 2668 1873 2705 nus
1898 2661 1953 2706 et
1979 2650 2236 2707 caelestis.
2278 2649 2369 2705 Illa
2396 2664 2520 2705 cum
2550 2648 2795 2704 inferiori
2829 2648 2933 2702 hoc
2970 2647 3192 2711 mundo,
3225 2645 3341 2700 haec

1772 2760 1893 2798 cum
1919 2744 2063 2812 Deo;
2095 2744 2183 2799 illa
2208 2761 2331 2801 cum
2360 2757 2543 2807 carne,
2574 2743 2691 2797 haec
2713 2756 2835 2797 cum
2864 2739 3081 2806 spiritu.
3118 2738 3342 2805 Oportet

1772 2852 1858 2891 me
1888 2851 2010 2891 cum
2046 2837 2260 2893 Christo
2289 2835 2530 2905 sepeliri,
2566 2833 2727 2903 215
2753 2848 2876 2889 cum
2910 2830 3128 2886 Christo
3158 2843 3340 2884 resur-

1773 2940 1924 2995 gere,
1982 2924 2187 2980 Christi
2240 2925 2577 2980 cobaeredem
2629 2938 2783 2988 esse,
2826 2922 2996 2976 ﬁlium
3048 2920 3142 2974 Dei
3202 2920 3339 2986 lieri,

1773 3030 1935 3086 atque
1982 3017 2118 3072 adeo
2165 3018 2332 3073 Deum
2378 3018 2569 3085 ipsum.
2626 3014 2816 3070 Videte
2863 3029 2969 3084 quo
3027 3028 3124 3068 nos
3167 3011 3341 3067 oratio

1776 3109 2126 3179 progrediens
2161 3109 2377 3163 tandem
2421 3108 2682 3163 evexerit.
2736 3106 2932 3161 Parum
2968 3106 3152 3169 abest,
3207 3103 3339 3173 quin

1775 3201 2070 3255 calamitati
2105 3201 2310 3271 gratias
2335 3200 2495 3254 etiam
2529 3199 2776 3263 habeam,
2818 3199 2873 3253 iu
2919 3197 3072 3267 cujus
3098 3195 3332 3263 gratiam

1775 3295 1887 3348 hare
1919 3292 2187 3359 disserui,
2225 3302 2281 3347 et
2317 3307 2439 3361 qua:
2469 3291 2600 3345 mihi
2639 3290 2812 3358 majus
2852 3305 2917 3342 ex
2948 3290 3050 3342 hac
3094 3289 3203 3341 vita
3234 3287 3340 3340 mi-

1773 3385 1964 3455 grandi
1998 3384 2326 3440 desiderium
2354 3383 2555 3451 injecit.
2598 3381 2710 3437 Iloe
2746 3382 2900 3437 nobis
2930 3395 3180 3450 magnum
3209 3378 3339 3433 illud

1773 3477 2089 3547 mysterium
2144 3475 2391 3545 designat
2425 3492 2440 3530 :
2477 3474 2579 3528 hoc
2623 3474 2776 3528 nobis
2827 3472 3001 3539 Deus,
3036 3472 3124 3540 qui
3158 3481 3341 3525 nostra

1772 3585 1937 3626 causa
1965 3570 2353 3624 humanitatem
2383 3569 2621 3636 suscepit
2646 3607 2663 3632 ,
2704 3580 2768 3620 ac
2808 3580 3010 3635 pauper
3036 3564 3210 3618 factus
3234 3570 3340 3627 est,

1773 3672 1829 3718 ut
1848 3663 2116 3732 iacentem
2144 3675 2359 3715 carnem
2391 3660 2646 3729 erigeret,
2679 3668 2733 3712 et
2760 3656 3181 3712 incolumitatem
3209 3655 3343 3708 ima-

1775 3754 1885 3823 gini
1922 3752 2176 3819 afferret,
2229 3752 2612 3821 hominemque
2644 3752 3010 3817 instauraret,
3060 3759 3120 3802 ut
3153 3762 3343 3803 omnes

1776 3862 1941 3900 unum
1976 3844 2275 3900 efficiamur
2302 3846 2353 3899 iu
2388 3845 2632 3910 Christo,
2659 3844 2751 3914 qui
2788 3843 3027 3913 perfecte
3059 3841 3233 3896 factus
3260 3850 3345 3894 est

1776 3939 1833 3994 in
1881 3939 2132 3994 omnibus
2167 3938 2321 3992 nobis
2364 3938 2545 3991 omnia
2582 3949 2918 4007 quaecunque
2968 3935 3081 4003 ipse
3126 3941 3241 3995 est;
3287 3941 3346 3984 ut

1769 4033 1881 4102 jam
1913 4046 2019 4086 non
2071 4030 2241 4086 simus
2286 4028 2553 4083 masculus
2598 4036 2654 4084 et
2704 4026 2938 4093 femina,
2989 4024 3255 4080 barbarus
3286 4030 3341 4076 et

1778 4124 1999 4195 Scytha,
2030 4137 2219 4178 servus
2242 4130 2297 4176 et
2322 4120 2458 4175 liber
2489 4121 2552 4184 “,
2592 4135 2711 4189 qua:
2738 4126 2864 4174 sunt
2890 4117 3072 4172 carnis
3103 4115 3337 4187 insignia

1778 4227 1833 4272 et
1872 4216 2186 4271 discrimina
2209 4246 2237 4280 ,ν
2270 4214 2363 4267 sed
2396 4211 2566 4267 solam
2607 4212 2733 4276 Dei,
2785 4226 2814 4263 a
2849 4226 2955 4279 quo
2997 4219 3051 4263 et
3078 4210 3147 4264 ob
3184 4222 3344 4277 quem

1778 4309 1944 4364 creati
1970 4324 2177 4375 sumus,
2200 4315 2383 4361 notam
2412 4305 2463 4360 in
2494 4304 2647 4358 nobis
2663 4318 2937 4374 geramus,
2957 4310 3163 4355 tantum
3181 4300 3250 4353 ab
3281 4312 3348 4353 eo

1782 4400 2056 4456 informati
2094 4410 2147 4455 et
2185 4398 2454 4468 impressi,
2487 4405 2545 4450 ut
2570 4410 2635 4451 ex
2670 4397 2786 4465 ipso
2818 4393 2933 4449 solo
2961 4405 3341 4462 agnoscamur.

1858 4579 2048 4635 XXIV.
2096 4580 2274 4651 Atque
2304 4580 2506 4634 utinam
2538 4577 2751 4648 quidem
2787 4578 2956 4632 simus
2987 4574 3129 4645 quod
3159 4588 3347 4643 spera-

1787 4688 1930 4739 mus,
1949 4673 2245 4728 secundum
2267 4686 2514 4740 magnam
2538 4670 2777 4725 muniﬁci
2804 4668 2897 4723 Dei
2922 4666 3342 4737 benignitatem;

1783 4765 1875 4833 qui
1907 4780 2068 4835 parva
2099 4772 2308 4835 petens,
2366 4763 2598 4816 maxima
2650 4762 2738 4822 iis,
2770 4760 2861 4830 qui
2914 4760 3129 4813 sincero
3173 4754 3343 4812 animi

1785 4856 1976 4911 affectu
2002 4874 2123 4912 eum
2160 4866 2364 4919 amant,
2400 4865 2452 4910 et
2481 4869 2626 4908 nunc
2655 4862 2709 4907 et
2738 4854 2790 4908 in
2831 4852 3018 4906 futuro
3044 4865 3159 4904 arvo
3187 4848 3347 4918 largi-

169 5027 347 5090 ‘Psal.
389 5051 595 5103 cxvm,
643 5036 732 5092 81.
809 5041 830 5071 ⁷
871 5038 1076 5095 Coloss.
1130 5052 1210 5105 ιιι,
1244 5040 1298 5095 5.
1373 5040 1395 5071 ⁸
1432 5039 1620 5096 Matth.
1666 5056 1672 5068 ε

1813 5038 1897 5092 14.
1976 5039 1995 5070 ⁸
2031 5035 2160 5090 ibid.
2210 5034 2291 5087 15.
2372 5035 2416 5065 ¹⁰
2457 5032 2601 5087 Psal.
2634 5048 2750 5097 vni,
2779 5033 2832 5086 5.
2914 5030 2954 5061 ”
2985 5027 3105 5084 Cal.
3146 5024 3347 5093 m,28.

172 5146 222 5205 (ὅ
279 5151 479 5219 Μέχρι
518 5152 621 5206 καὶ
652 5152 779 5210 τοῦ.
801 5153 932 5223 Reg.
956 5154 1046 5219 hu,
1067 5153 1159 5209 0r.
1194 5155 1246 5218 1,
1272 5156 1354 5227 μέε
1381 5175 1432 5227 ρι
1457 5155 1549 5210 τοῦ
1569 5155 1682 5212 καί.

172 5148 242 5289 (4;
284 5222 653 5289 Οιχήσηται.
679 5225 810 5289 Reg.
846 5226 937 5289 hu,
970 5236 1082 5281 tres
1112 5225 1290 5289 Colb.,
1321 5175 1417 5280 (Ir.
1450 5230 1499 5289 1,
1531 5229 1682 5289 οἰκή-

172 5175 242 5289 ως
279 5175 479 5219 ωεχρι
518 5175 621 5206 και
652 5175 779 5210 του.
801 5175 932 5223 “eg.
957 5175 1046 5219 "II,
1067 5175 1159 5209 υΓο
1194 5175 1246 5218 1,
1457 5175 1549 5210 του
1569 5175 1682 5212 και.

113 5215 653 5341 σεξέι.01χήσηται.
679 5225 810 5296 Reg.
846 5226 937 5291 hu,
970 5236 1082 5281 tres
1112 5225 1290 5291 Colb.,
1375 5244 1417 5280 r.
1450 5230 1499 5291 1,
1531 5229 1686 5299 οἰκή-

278 5363 516 5423 Μείζων
559 5363 601 5432 ἣ
626 5363 793 5419 κατά.
835 5364 963 5436 Reg.
996 5365 1089 5429 hu,
1122 5375 1177 5421 et
1203 5365 1298 5421 Or.
1336 5367 1388 5434 1,
1419 5366 1619 5436 μείζων
1648 5366 1682 5437 ἢ

176 5462 255 5571 (ξῇ
284 5501 653 5576 ιρμνήσκῃ.
682 5506 771 5559 Sic
828 5505 991 5576 Regg.
1047 5508 1157 5571 bm,
1189 5507 1283 5571 bu,
1312 5515 1422 5561 tres
1449 5506 1602 5561 Colb.
1636 5515 1690 5560 et

113 5572 248 5647 υτ.)
266 5614 280 5627 .
315 5574 490 5638 Ειιίιί,
532 5572 852 5647 μιμνήσκει.

170 5644 245 5725 (7)
280 5646 440 5700 Θεὸν
495 5644 709 5703 αὑτόνζ
762 5648 925 5703 Coisl.
962 5649 987 5702 1
1038 5648 1185 5703 addit
1216 5647 1500 5714 κληθῆναι,
1537 5664 1555 5697 ι
1597 5663 1690 5699 νο-

111 5728 404 5928 ῗρὶξλᾟοῖ
447 5787 701 5859 προϊών.
757 5788 889 5859 Reg.
939 5788 1030 5857 1ιιι,
1071 5799 1180 5846 tres
1217 5789 1370 5845 Colb.
1410 5786 1501 5843 0r.
1550 5788 1597 5853 l,
1644 5780 1698 5840 οἷ

210 5874 321 5914 ιων.

228 5876 321 5914 ων.

1854 5153 1930 5223 (9)
1980 5150 2377 5217 Ἀνασώσηται
2428 5149 2540 5218 τὴν
2589 5151 2809 5203 εἰκόνα.
2860 5146 3195 5215 «Imaginem
3240 5146 3347 5198 sal-

1782 5234 1953 5278 varet.
1989 5243 2006 5273 ι

1856 5294 2157 5365 (10)]Όσα
2187 5292 2297 5358 πέρ
2342 5292 2519 5365 ἐστινΔ
2557 5292 2756 5365 αὑτός,
2793 5287 3187 5365 cQuae‘cunque
3234 5284 3350 5353 ipse

1784 5358 1887 5420 est.
1921 5358 2028 5417 i'ld
2054 5364 2312 5417 omissum
2345 5378 2375 5416 a
2410 5362 2582 5416 Billio.
2609 5362 2774 5415 Coisl.
2812 5361 2835 5413 1
2866 5378 2879 5411 :
2914 5358 3194 5427 πάρεστιν.

1857 5435 1967 5505 (11)
2014 5433 2124 5487 Τὸν
2169 5432 2347 5505 θεῖον,
2392 5443 2499 5505 etc.
2553 5431 2739 5487 C0mb.
2773 5448 2803 5505 _¢_
2824 5425 3056 5505 divinam
3098 5425 3346 5505 figuram,

1786 5499 1883 5576 per
1908 5499 2069 5576 quam
2094 5513 2148 5576 et
2178 5506 2228 5557 in
2258 5504 2409 5576 cujus
2453 5502 2614 5576 linem
2651 5499 3113 5576 conditi_sumus_;
3142 5504 3349 5549 tantum

1790 5568 1914 5629 inde
1939 5574 2153 5629 formati
2182 5568 2345 5642 atque
2372 5572 2644 5641 impressi,
2673 5579 2729 5624 ut
2758 5585 2825 5624 ex
2861 5570 2972 5642 ipsa
3004 5568 3123 5642 sola
3146 5580 3349 5635 cogno-

1790 5660 2022 5700 scamur.
2068 5663 2085 5695 ι
2128 5643 2194 5699 Ut
2220 5637 2334 5698 hate
2369 5637 2547 5698 omnia
2597 5643 2767 5711 ipsum
2810 5637 3045 5711 referant
3079 5637 3349 5691 characte-

1792 5732 1927 5779 rem,
1951 5717 2041 5784 qui
2070 5714 2141 5769 sit
2165 5714 2344 5768 divina
2387 5714 2442 5769 in
2493 5709 2649 5770 nobis
2693 5709 2976 5780 impressio
3013 5717 3069 5763 et
3111 5713 3257 5772 nota,
3284 5720 3352 5759 ex

1794 5800 1898 5856 qua
1923 5798 2326 5856 coguoscamur.
