3844 6390
564 317 660 375 ’191

1752 316 1813 373 s.
1855 316 2184 373 GREGORII
2224 320 2571 375 THEOLOGI
3636 341 3712 399 τρι,

564 431 810 487 veritatis
858 442 1029 488 metas
1078 433 1395 501 prosiliam,
1451 434 1545 489 sed
1607 434 1740 488 illud
1792 445 2007 497 contra.
2063 450 2130 489 ne

2236 438 2381 489 θειαν
2418 437 2886 509 ὑπερδράμωμεψ
2936 437 3095 509 ἀλλὰ]
3110 440 3424 507 τούναντίον,
3461 450 3523 518 μή
3564 469 3606 505 τι
3641 462 3714 529 τῆς

564 522 707 579 infra
739 524 1018 578 veritatem
1049 525 1364 586 subsistam.
1398 539 1463 579 ac
1494 526 1739 595 procula
1765 525 1843 580 rei
1868 525 2132 594 dignitate

565 626 824 679 remotus,
853 616 1169 672 laudatione
1187 632 1303 670 mea
1327 616 1552 686 gloriam
1581 618 1750 687 ipsius
1774 618 2088 671 imminuent
2113 633 2128 679 ;

562 708 992 779 quandoquidem
1025 707 1243 763 diﬂicile
1266 720 1371 774 est,
1404 719 1517 763 tttm
1548 711 1839 777 actionem,
1864 719 1975 763 tum
2012 726 2130 765 ser-

563 813 800 863 monem,
837 800 1007 868 ipsius
1040 810 1184 854 recte
1221 800 1377 855 factis
1422 801 1743 869 adzequare;
1789 816 1887 855 nec
1936 802 2125 871 igitur,

561 889 821 959 quidquid
851 890 1087 945 alienum
1126 900 1232 955 est,
1268 892 1532 955 laudetur,
1564 891 1710 961 quod
1755 892 2110 962 incongruum

566 980 708 1039 foret
739 999 754 1035 :
788 995 888 1035 nec
914 981 1177 1049 quidquid
1214 983 1492 1050 proprium
1520 993 1577 1036 et
1622 983 1978 1037 domesticum
2012 991 2154 1045 est,

563 1083 965 1137 contemnatur,
1002 1074 1046 1128 si
1085 1074 1368 1128 honestum
1395 1082 1450 1129 et
1480 1075 1769 1141 eximium;
1803 1090 1871 1129 ne
1895 1075 1972 1127 illi
2001 1074 2123 1145 qni-

560 1162 682 1217 dem
720 1164 871 1217 lucro
898 1165 988 1229 sit,
1014 1164 1248 1217 alienum
1278 1180 1423 1227 esse,
1456 1164 1582 1218 huic
1625 1178 1753 1218 vero
1797 1164 1961 1235 219
2001 1179 2127 1234 pro-

560 1250 839 1321 pinquitas
890 1250 1217 1306 detrimento
1264 1251 1439 1305 cedat.
1493 1249 1755 1319 Utrinque
1783 1252 1927 1306 enim
1962 1252 2128 1320 tequi-

561 1339 688 1393 tatis
728 1339 865 1394 ratio
900 1339 1205 1397 lmderetur,
1232 1339 1277 1393 si
1302 1348 1355 1392 et
1390 1339 1464 1391 illi
1499 1339 1655 1393 laude
1681 1337 2047 1407 afﬁcerentur,
2076 1350 2130 1393 et

560 1426 614 1481 hi
652 1427 867 1483 silentio
905 1437 1311 1497 premerentur;
1366 1429 1590 1484 veritate
1616 1440 1821 1497 autem,
1862 1440 2121 1500 tanquam

559 1518 740 1586 regula
768 1528 821 1573 et
845 1534 1071 1583 caunne,
1098 1531 1334 1583 utentes,
1368 1529 1528 1588 atque
1578 1521 1748 1589 ipsam
1794 1522 1966 1575 solam
1999 1538 2127 1592 spe-

559 1617 789 1671 ctantes,
831 1624 931 1663 nec
978 1610 1269 1677 quidquam
1312 1610 1455 1663 aliud
1486 1611 1893 1667 considerantes
1921 1628 1986 1667 ex
2019 1613 2113 1679 iis,

2233 526 2493 597 ἀληθείας
2523 526 2855 598 ἐλλείπωμεν
2887 528 3019 599 (28),
3056 533 3150 585 κα)⁸
3183 532 3327 605 παρὰ
3351 537 3471 590 πολὺ
3497 543 3581 611 τῆς
3598 526 3712 617 ἀξίάξ

2230 617 2495 681 ἐλθόντες,
2545 618 2933 690 ἐλαττὼσωμεν
2975 622 3074 694 τὴν
3122 622 3277 689 δόξαν
3304 630 3407 691 τοῖς
3450 631 3712 705 ἐγκωμίοις·

2230 707 2414 779 ἐπειδὴ
2458 709 2694 779 χαλεπὸν
2737 714 2831 766 καὶ
2863 714 3059 785 πρᾶξιν
3092 714 3341 782 ἐξισῶσαι
3370 720 3456 774 καὶ
3487 721 3617 792 λόγον
3637 734 3716 797 τοῖς

2230 798 2443 866 ἐκείνης
2465 801 2650 864 καλοῖς
2668 820 2680 832 ·
2709 804 2847 873 μήτε
2870 801 2961 858 οὖν
2979 823 3031 858 τι
3048 805 3156 875 (29)
3175 805 3436 879 ἀλλότριον
3462 811 3718 875 ἐπαινείσθω

2229 891 2357 953 πᾶν,
2401 890 2430 943 ὃ
2476 893 2550 963 μὴ
2598 892 2800 947 δίκαιον
2836 896 2975 966 (50)⁶
3036 897 3172 967 μήτε
3204 897 3311 968 (51)
3356 900 3716 970 ἀτιμαζέσθωτὺ

2228 983 2448 1048 οἰκεῖον,
2486 987 2535 1037 εί
2565 984 2742 1055 τίμιον
2761 1004 2774 1017 ·
2801 988 2887 1040 ﬁta.
2920 988 2992 1058 μὴ
3016 988 3095 1058 τῷ
3124 989 3219 1058 μὲν
3248 990 3476 1063 κέρδοςὴ
3506 995 3717 1070 ἀλλοτριό.

2229 1092 2330 1145 της
2351 1070 2406 1146 ἦν
2441 1075 2520 1145 τῷ
2544 1077 2599 1129 δὲ
2647 1079 2725 1142 εἰς
2756 1079 2957 1151 ζημίαν
2981 1084 3207 1151 περιστῇ
3235 1082 3294 1134 τὸ
3321 1084 3413 1153 τῆς
3436 1087 3715 1159 οἰκειότητος,

2245 1165 2591 1234 Ἀμςροτέρως
2615 1168 2723 1239 γὰρ
2767 1168 2832 1222 ἂν
2864 1172 2892 1223 ὁ
2918 1171 3010 1223 τοῦ
3051 1171 3258 1223 δικαίου
3299 1170 3561 1241 βλάπτοιτο
3586 1176 3718 1246 λόγος,

2233 1256 2498 1311 κάκείνων
2542 1260 2968 1327 ἐπαινουμένων,
3004 1263 3098 1315 καὶ
3138 1262 3339 1316 τούτων
3385 1270 3717 1338 σιωπωμένων·

2232 1346 2342 1416 ὅρῳ
2374 1346 2431 1400 δέ
2476 1351 2571 1402 καὶ
2602 1354 2786 1404 κανόνι
2825 1355 2889 1423 τῇ
2938 1353 3166 1424 ἀληθείᾳ
3203 1354 3482 1426 χρώμενοι,
3520 1361 3721 1431 3:117:95;

2229 1435 2433 1505 ταύτην
2463 1436 2749 1507 βλέποντες
2779 1443 2957 1511 μόνον,
3005 1443 3132 1503 ἄλλο
3167 1444 3224 1495 δὲ
3262 1444 3408 1496 οὐδὲν
3441 1448 3719 1515 σκοποῦντες,

2229 1518 2303 1577 ὦν
2341 1528 2390 1578 oi
2420 1527 2601 1581 πολλοί
2625 1530 2735 1599 (52)
2762 1549 2820 1583 τε
2852 1536 2946 1585 καὶ
2977 1533 3187 1595 εῦωνοι,
3216 1534 3355 1587 οὓτω
3381 1536 3469 1588 καὶ
3501 1538 3722 1595 ἐπαινεσό-

2234 1618 2373 1687 μεθα
2412 1621 2506 1681 καὶ
2556 1624 2942 1694 σιωπησόμεθα
2980 1624 3051 1681 τὰ
3081 1626 3374 1696 ἐπαίνωνῆ
3409 1631 3591 1699 σιωπῆς
3616 1633 3721 1698 ἄξια,

560 1717 679 1769 quae
710 1702 897 1771 vulgus
921 1702 1199 1759 hominum
1230 1712 1284 1757 et
1314 1703 1532 1758 venales
1558 1704 1752 1758 animm
1814 1705 2023 1771 solent,
2099 1707 2172 1761 ita
2211 1708 2424 1763 demum
2460 1726 2521 1766 ea
2553 1724 2605 1766 et
2646 1714 3005 1781 laudabimus,
3059 1728 3113 1771 et
3172 1718 3385 1773 silentio
3417 1725 3723 1790 praetermitte-

559 1808 700 1858 mus,
732 1809 851 1859 qua:
880 1794 1088 1853 laudem
1127 1804 1220 1851 aut
1247 1797 1517 1851 silentium
1552 1807 1949 1865 promereatur.

630 1883 691 1938 ll.
732 1883 863 1938 Illud
894 1895 1071 1945 autem
1099 1888 1337 1941 omnium
1365 1887 1807 1940 absurdissimum
1834 1886 2018 1951 fuerit,
2051 1889 2119 1955 si,

2296 1891 2369 1944 B’.
2404 1892 2630 1945 Πάντων
2657 1892 2701 1946 δ’
2732 1894 2841 1963 (55)
2874 1894 3239 1959 ἀτοπώτατον,
3268 1898 3318 1949 εί
3348 1897 3450 1966 (54)
3475 1899 3724 1971 ἀποστερεῖν

561 1989 686 2029 cum
738 1977 1064 2045 propinquos
1098 1978 1273 2047 aliqua
1326 1993 1383 2031 re
1420 1978 1691 2044 fraudare,
1746 1978 1833 2033 vel
1871 1979 2131 2035 conviciis

560 2067 851 2135 incessere,
882 2070 966 2123 vel
998 2086 1258 2126 accusare
1282 2110 1297 2133 ,
1347 2072 1433 2125 vel
1472 2086 1690 2141 quoquo
1733 2074 1892 2127 modo
1922 2075 2034 2127 sive
2077 2075 2132 2128 in

560 2160 791 2229 magnis,
819 2161 933 2216 sive
973 2163 1023 2215 in
1054 2163 1294 2217 minimis
1322 2163 1533 2230 hedera,
1573 2165 1794 2219 minime
1824 2165 1970 2233 pium
2011 2179 2133 2219 esse

558 2265 908 2306 censeamus:
941 2253 1069 2316 imo,
1101 2266 1155 2308 et
1190 2254 1242 2312 in
1268 2254 1509 2309 homines
1557 2271 1754 2324 genere
1794 2256 2121 2322 conjunctis-

559 2344 726 2406 simos
772 2344 1085 2413 delinquere
1111 2385 1126 2409 ,
1174 2348 1353 2401 scelus
1405 2349 1648 2401 omnium
1680 2348 1973 2403 maximum
2014 2361 2133 2401 esse

559 2434 893 2507 indicemus;
922 2452 1020 2491 nos
1049 2446 1228 2490 tamen
1253 2453 1347 2492 eos
1371 2438 1616 2492 oratione
1638 2437 1948 2492 fraudantes
1994 2437 2134 2507 (qua:

560 2525 717 2581 bonis
745 2528 875 2584 viris
907 2531 1142 2593 maxime
1192 2531 1440 2598 debetur,
1470 2542 1527 2585 et
1566 2547 1661 2601 per
1703 2547 1866 2601 quam
1913 2531 2134 2586 itntn0t'-.

562 2615 725 2670 talem
780 2632 963 2671 eorum
1025 2621 1338 2674 memoriam
1402 2623 1627 2677 reddere
1665 2625 1973 2691 queamus),
2020 2633 2131 2677 tum

563 2706 701 2773 aequi
728 2705 929 2775 aliquid
960 2708 1138 2763 facere
1165 2711 1517 2776 arbitremur,
1550 2712 1917 2782 maioremque
1942 2714 2136 2780 itnproo

2236 1983 2338 2054 μέν
2370 2002 2423 2038 τι
2448 1986 2574 2049 τοὺς
2605 1986 2789 2054 ἰδίους,
2833 1987 2865 2057 ἢ
2907 1987 3281 2060 λοιδορεῖσθαι,
3319 1990 3350 2061 ἢ
3379 1997 3675 2063 κατηγορεῖν,
3703 1998 3725 2065 ἢ

2232 2073 2359 2128 ἄλλο
2389 2092 2442 2127 τι
2469 2075 2675 2129 ἀδικεῖν
2713 2078 2746 2148 ἦ
2783 2078 2976 2149 μικρὸν
3010 2079 3042 2150 ἢ
3077 2079 3283 2150 μεῖζον,
3323 2081 3419 2132 οὐκ
3442 2083 3608 2149 εὐαγὲς
3628 2080 3725 2136 εἶναι

2234 2166 2493 2237 θήσομεν,
2536 2168 2673 2221 ἀλλά
2706 2170 2800 2222 καὶ
2840 2170 3057 2224 πάντων
3098 2171 3363 2225 κάκιστον
3398 2172 3490 2243 τὴν
3515 2173 3632 2227 κατὰ
3654 2175 3729 2225 τῶν

2231 2259 2576 2313 οἰκειοτάτων
2610 2262 2952 2331 παρανομίαν
2972 2278 2984 2293 ·
3010 2262 3169 2330 λόγου
3202 2262 3315 2331 (55)
3352 2263 3408 2315 δὲ
3436 2264 3729 2334 ἀποστεροῦν

2230 2367 2339 2414 τες,
2366 2349 2395 2402 ὃ
2428 2351 2642 2405 πάντων
2678 2351 2913 2423 μάλιστα
2942 2354 3054 2415 τοῖς
3090 2352 3321 2420 ἀγαθοῖς
3350 2354 3489 2405 ἐστιν
3510 2353 3731 2424 ὀφειλόμε-

2233 2458 2341 2504 νον,
2369 2441 2461 2495 καὶ
2491 2435 2535 2509 ᾧ
2553 2442 2653 2512 τὴν
2682 2443 2900 2514 μνήμην
2922 2442 2988 2496 ἂν
3024 2444 3208 2507 αὐτοῖς
3234 2442 3496 2498 ἀθάνατον
3519 2448 3729 2513 καταστή-

2235 2547 2448 2601 σαιμεν,
2468 2530 2659 2586 ἔπειτα
2682 2531 2888 2585 δίκαιόν
2916 2550 2969 2585 τι
2995 2534 3167 2585 ποιεῖν
3190 2532 3502 2602 οίησόμεθα,
3518 2532 3600 2587 καὶ
3613 2532 3734 2585 πλείω

2232 2621 2387 2691 λόγον
2414 2621 2607 2693 ἕξομεν
2640 2622 2748 2677 τῶν
2789 2624 3041 2694 πονηρῶν
3072 2624 3133 2677 τὸ
3167 2624 3308 2695 πρὸς
3353 2624 3503 2696 χάριν
3533 2624 3732 2691 αἰτιωμέ-

2232 2730 2338 2766 νων
2368 2713 2400 2784 ἢ
2431 2714 2539 2766 τῶν
2564 2715 2821 2769 ἐπιεικῶν
2844 2714 3218 2773 ἀπαιτούντων
3244 2716 3311 2767 τὸ
3341 2714 3469 2784 πρὸς
3494 2713 3639 2779 ἀξίαν.
3658 2714 3735 2765 Καὶ

563 2794 777 2861 borum,
806 2797 896 2866 qui
927 2813 1024 2853 nos
1052 2798 1119 2853 ad
1143 2801 1370 2868 gratiam
1396 2801 1536 2870 loqui
1565 2802 1943 2868 criminantur,
1972 2820 2131 2872 quam

566 2888 871 2957 bonorum,
900 2890 990 2957 qui
1025 2891 1244 2946 meritas
1282 2891 1464 2947 laudes
1488 2905 1783 2962 exposcunt
1810 2936 1825 2961 ,
1868 2896 2132 2949 rationem

567 2978 880 3036 habeamus.
900 2981 963 3036 Et
987 2993 1290 3048 certe,cum
1318 2999 1417 3039 nos
1439 2986 1504 3040 ah
1543 2999 1850 3041 exterarum
1880 2989 2128 3045 laudibus

2231 2806 2357 2869 τοὺς
2400 2805 2498 2875 μὲν
2542 2805 2739 2870 ἔξωθεν
2794 2808 3037 2859 ἐπαινεῖν
3075 2806 3135 2858 οὐ
3189 2805 3393 2858 κωλύει
3440 2804 3496 2856 τὺ
3524 2804 3735 2871 ἄγνωστον

2235 2898 2327 2950 καὶ
2372 2898 2690 2967 ἀμάρτυρον
2747 2898 2944 2966 (καίτοι
2992 2914 3058 2967 γε
3103 2897 3289 2967 πολλῷ
3331 2895 3629 2965 δικαιότερον
3654 2890 3736 2963 ἦν),

2231 2988 2358 3049 τοὺς
2398 2987 2832 3056 γινωσκομένους
2864 2987 2976 3056 (56)
3014 2986 3071 3039 δέ
3113 2988 3147 3056 ἡ
3172 2986 3328 3055 φιλία
3363 2984 3594 3047 κωλύσει,
3627 2984 3737 3034 καὶὸ

568 3071 928 3138 praedicandis
940 3089 1002 3127 ea
1020 3090 1179 3129 causa
1194 3091 1294 3129 non
1310 3078 1597 3141 deterreat,
1612 3081 1748 3146 quod
1767 3094 1947 3133 eorum
1965 3080 2134 3134 virtus

2236 3077 2386 3148 παρά
2416 3079 2524 3131 τῶν
2555 3078 2760 3132 πολλῶν
2806 3078 3020 3149 φθόνος,
3056 3079 3151 3133 καὶ
3186 3078 3395 3131 τούτων
3424 3076 3627 3148 μάλιστα
3648 3074 3737 3133 τοὺς

568 3162 721 3217 nobis
747 3164 1161 3235 haudquaquam
1193 3179 1471 3236 perspecta
1501 3180 1552 3222 et
1594 3179 1785 3224 testata
1818 3170 1883 3224 sit
1939 3171 2134 3241 (quan-

2236 3170 2444 3223 ἐνθένδε
2475 3170 2948 3242 ἀπηλλαγμένους,
2990 3170 3085 3223 καὶ
3114 3164 3195 3233 οἷς
3220 3170 3337 3241 (57)
3369 3168 3531 3239 ἄωρον
3555 3165 3741 3243 sexagi-

569 3270 727 3323 quam
770 3258 823 3312 id
858 3259 1026 3313 multo
1073 3261 1280 3329 aequius
1317 3260 1513 3332 foret),
1550 3264 1789 3317 amicitia
1840 3265 2000 3317 etiam
2028 3305 2043 3329 ,
2074 3279 2134 3317 ac

2242 3263 2449 3328 ζεσθαι,
2482 3262 2842 3317 καταλιποῦσι
2871 3262 3009 3332 μετὰ
3038 3262 3148 3315 τῶν
3184 3261 3363 3317 ἄλλων
3383 3261 3473 3314 καὶ
3502 3259 3611 3322 τοὺς
3630 3257 3741 3310 ἐπαι-

569 3348 859 3404 suheundte
896 3353 1182 3404 multorum
1230 3352 1444 3406 invidia:
1493 3364 1685 3417 metus,
1725 3370 1829 3408 non
1863 3355 2134 3423 impediet,

2242 3346 2463 3415 νοῦντας
2496 3353 2528 3423 ἢ
2560 3353 2846 3423 ψέγοντας,

570 3442 863 3506 quominus
896 3453 1053 3499 notos
1084 3443 1381 3510 laudemus,
1417 3460 1616 3516 eosque
1653 3448 2011 3516 potissimum,
2046 3448 2134 3516 qui
2176 3455 2478 3502 extremum
2545 3448 2667 3501 vita:
2736 3449 2875 3501 diem
2921 3447 3230 3502 clauserunt
3254 3485 3271 3511 ,
3303 3455 3359 3501 et
3387 3460 3416 3497 a
3461 3443 3631 3513 quibus
3657 3456 3742 3510 εα-

570 3531 702 3585 tiam
745 3532 883 3588 inire
933 3534 1151 3589 studere
1201 3533 1362 3588 nimis
1406 3535 1516 3605 jam
1565 3552 1745 3591 serum
1791 3538 1895 3603 sit;
1944 3539 2140 3608 quippe
2182 3539 2295 3609 qui,
2329 3549 2387 3593 ut
2421 3538 2527 3593 alia
2591 3540 2810 3605 omnia,
2859 3540 2931 3593 ita
2967 3538 3279 3593 laudatores
3313 3537 3473 3592 etiam
3504 3544 3554 3591 et
3590 3535 3746 3602 vitupe-

571 3634 778 3679 ratores
805 3622 1160 3689 reliquerunt.

637 3713 725 3768 lll.
768 3714 1031 3780 Quoniam
1061 3727 1239 3773 autem
1268 3718 1333 3773 de
1360 3718 1445 3773 his
1480 3719 1645 3773 rebus
1673 3719 1933 3789 purgandi
1974 3720 2134 3774 nostri

2310 3715 2383 3769 I".
2428 3716 2579 3770 Ἐπεὶ
2607 3714 2664 3771 δὲ
2708 3715 2907 3779 ἱκανῶς
2933 3715 3074 3787 ὑπὲρ
3101 3714 3312 3768 τούτων
3340 3709 3745 3782 ἀπολελογήμεθι.

573 3822 736 3866 causa
790 3808 921 3863 satis
975 3808 1141 3864 multa
1194 3811 1465 3878 diximus,
1529 3812 1789 3880 nobisque
1840 3814 2134 3867 orationem

2240 3811 2333 3864 καὶ
2365 3812 2661 3878 ἀναγκαῖον
2690 3810 2821 3879 ἡμῖν
2850 3808 3032 3870 αὐτοῖς
3074 3805 3436 3877 ἀπεδείξαμεν
3462 3807 3578 3858 ὄντα
3597 3802 3670 3855 τὸν
3685 3800 3746 3850 λόι

575 3899 713 3962 hanc
756 3902 1063 3955 necessario
1116 3903 1413 3958 institutam
1451 3918 1571 3957 esse
1625 3904 2134 3972 demonstravimus,

2238 3919 2357 3970 γον,
2391 3900 2545 3972 φέρε,
2574 3898 2901 3972 προσϐῶμεν
2946 3899 3047 3970 ἤδη
3088 3901 3201 3961 τοῖς
3249 3897 3560 3967 ἐγκωμίοις,
3601 3896 3650 3946 τὺ
3681 3890 3751 3961 μὲν

576 4005 693 4059 age,
726 3991 791 4042 ad
822 3991 1091 4061 ipsasjam
1134 3994 1317 4047 laudes
1360 3995 1706 4061 accedamus,
1747 3996 1997 4052 dictionis
2026 3999 2134 4066 qui-

2242 3996 2368 4067 περὶ
2412 3995 2512 4066 τὴν
2556 3993 2701 4060 λέξιν
2746 3992 3024 4064 γλαφυρὸν
3074 3992 3170 4046 καὶ
3226 3991 3439 4062 κομψὸν
3484 3986 3749 4043 διαπτύσαν-

576 4082 697 4134 dem
724 4092 1057 4139 venustatem
1089 4095 1146 4138 et
1184 4086 1505 4155 elegantiam
1554 4096 1956 4147 contemnentes
1996 4090 2134 4154 (nam

2238 4105 2329 4151 τες
2368 4087 2480 4157 (58)
2543 4085 2747 4159 (ἐπειδὴ
2779 4084 2875 4138 καὶ
2907 4082 3317 4147 ἀκαλλώπιστος
3348 4085 3381 4153 ή
3430 4076 3750 4147 ἐπαινουμένη,

579 4173 697 4230 haec
726 4188 960 4244 quoque,
1015 4192 1179 4248 quam
1230 4178 1539 4244 laudamus,
1576 4180 1797 4235 minime
1833 4190 2045 4249 compta
2091 4192 2134 4234 el

2241 4178 2334 4231 καὶ
2359 4175 2515 4228 τοῦτο
2547 4174 2740 4237 κάλλος
2765 4175 2900 4245 αὐτῇ
2924 4173 2983 4225 τὸ
3004 4172 3303 4242 ἄκοσμον),
3332 4170 3431 4243 τὴν
3454 4171 3509 4223 δὲ
3527 4166 3751 4236 ὀφειλομέ-

578 4266 813 4336 expolita
840 4278 979 4337 erat,
1026 4279 1187 4338 atque
1225 4280 1446 4325 ornatus
1497 4271 1796 4341 neglectum
1850 4272 2147 4341 pulchritu-

579 4359 758 4414 dinem
815 4375 936 4415 esse
989 4362 1323 4430 statuebat),
1370 4363 1605 4417 dehitnm
1663 4363 1875 4432 pietatis
1934 4378 2144 4425 munus,

580 4451 734 4518 quasi
775 4464 848 4504 tes
876 4451 1142 4520 quoddam
1188 4451 1420 4507 alienum
1470 4467 1727 4521 perquam
1780 4453 2146 4507 necessarium

582 4541 942 4606 exsolventes,
987 4543 1254 4613 simulque
1307 4543 1503 4598 multus
1547 4545 1612 4598 ad
1654 4543 1892 4612 ejusdem
1934 4544 2149 4598 virtutis

589 4634 767 4703 zelum
797 4642 853 4689 et
884 4635 1237 4697 imitationem
1270 4636 1597 4697 erudientes,
1621 4635 1869 4704 quoniam
1907 4637 2008 4691 hoc
2052 4652 2150 4691 no-

583 4727 669 4795 bis
700 4726 752 4781 in
782 4727 925 4781 omni
960 4742 1208 4781 sermone
1242 4736 1405 4796 atque
1436 4727 1646 4780 actione
1680 4727 2015 4796 propositum
2044 4737 2147 4793 est,

584 4828 643 4873 ut
669 4833 783 4883 eos,
820 4819 912 4889 qui
961 4819 1080 4874 fidei
1131 4829 1329 4875 nostra:
1358 4819 1634 4875 commissi
1682 4830 1842 4882 sunt,
1885 4819 2151 4888 perfectos

585 4911 899 4967 reddamus.
928 4911 1094 4981 lgitu‘r
1124 4912 1259 4967 alius
1289 4913 1504 4982 quidem
1541 4912 1804 4965 defuncte
1833 4911 2060 4980 patriam
2086 4925 2150 4965 ac

590 5014 761 5071 genus
782 4999 997 5068 laudet,
1031 5002 1399 5057 encomiorum
1430 4999 1681 5055 videlicet
1711 5000 1859 5067 leges
1903 4999 2152 5070 religiose

661 5157 775 5229 (28)
826 5157 1411 5229 Ἑλλείπωμενυ.ίῐὶιξς⁸
1438 5156 1534 5223 hu,
1563 5152 1657 5211 Or.
1688 5153 2079 5226 1,ἐλλίπωμεν.

660 5228 773 5290 (29)
817 5231 895 5281 Τι.
929 5228 1058 5290 Heg.
1091 5231 1186 5282 hu.
1212 5228 1294 5279 τό.

682 5298 772 5365 50)
817 5300 886 5349 Ὃ
907 5297 992 5365 μὴ
1022 5296 1273 5353 δίκαιον.
1301 5296 1506 5362 Billius,
1541 5314 1558 5343 ι
1580 5296 1622 5349 si
1656 5295 1895 5365 iniquum
1923 5296 2045 5351 sit.»

687 5304 751 5352 50
817 5304 886 5349 Ὃ
907 5304 992 5365 μὴ
1022 5304 1273 5353 δίκαιον.
1301 5304 1506 5362 Billitts,
1541 5314 1558 5343 ι
1580 5304 1622 5349 si
1656 5304 1774 5365 iniqt

687 5304 774 5436 51)
809 5366 991 5436 libita.
1023 5369 1111 5421 Sic
1138 5367 1266 5435 Reg.
1297 5370 1386 5420 hu.
1430 5366 1588 5436 Editi,
1622 5365 1774 5435 μηδὲ.

686 5432 775 5507 52)
812 5432 924 5490 Ὧν
962 5440 1015 5490 οὶ
1051 5432 1291 5505 πολλὸί,
1323 5449 1429 5490 etc.
1458 5432 1662 5499 Billius,
1685 5432 1718 5484 ἰ
1755 5450 1876 5503 qua:
1923 5435 2164 5506 plerique

594 5517 648 5569 et
676 5508 811 5561 viles
847 5508 1109 5569 homines,
1143 5525 1161 5558 ι
1198 5518 1306 5563 etc.

665 5576 775 5647 (55)
812 5575 1059 5647 Πάντων
1085 5576 1161 5630 δ’.
1188 5578 1320 5647 Reg.
1352 5577 1445 5640 ltu,
1473 5584 1527 5629 et
1553 5572 1647 5628 Ot'.
1676 5574 1724 5637 1,
1761 5574 1984 5630 Πάντων
2014 5574 2090 5631 δέ.

665 5646 779 5717 (σε)
817 5649 907 5700 Et.
934 5645 1099 5701 Coisl.
1136 5649 1189 5711 ι,
1214 5649 1269 5717 ἦ.

666 5715 778 5797 (55)
815 5718 1025 5797 Λόγου.
1058 5717 1191 5787 Reg.
1223 5712 1478 5784 btn.,du0
1502 5712 1680 5785 Colb.,
1705 5714 1877 5793 λόγον.

2242 4285 2339 4338 νην
2368 4266 2518 4320 ὁσίαν
2552 4267 2627 4331 ὡς
2658 4265 2787 4319 ἄλλο
2814 4282 2866 4318 τι
2898 4264 3057 4339 χρέος
3079 4262 3187 4317 τῶν
3219 4261 3641 4331 ἀναγκαιοτάτων
3661 4257 3757 4311 ἀπο-

2242 4358 2607 4430 πληροῦντες,
2647 4360 2741 4411 καὶ
2789 4356 2904 4427 ἅμα
2946 4358 3076 4419 τοὺς
3120 4354 3353 4417 πολλοὺς
3396 4355 3478 4416 είς
3516 4351 3656 4422 ζῆλον
3690 4346 3756 4397 καὶ

2251 4449 2478 4521 μίμησιν
2521 4450 2620 4520 τῆς
2663 4448 2832 4518 αὐτῆς
2883 4448 3083 4519 ἀρετῆς
3132 4446 3577 4506 ἐκπαιδεύοντες,
3617 4438 3757 4505 ἐπειδὴ

2179 4522 2228 4582 θ
2250 4541 2405 4597 τοῦτο
2428 4542 2559 4613 ἡμῖν
2591 4543 2650 4593 ἐν
2678 4541 2841 4600 παντὶ
2869 4539 2962 4592 καί
2994 4537 3137 4608 λόγῳ
3168 4538 3263 4589 καὶ
3289 4536 3439 4607 ἔργῳ
3467 4529 3757 4592 σπουδάζεται

2253 4631 2597 4704 καταρτίζειν
2635 4631 2728 4694 οὒς
2762 4628 3181 4701 ἐπισθεύθημεν.
3221 4628 3419 4691 Ἄλλος
3454 4626 3547 4697 μὲν
3578 4623 3657 4677 οὖν
3687 4636 3762 4671 πει·

2250 4724 2406 4796 τρίδα
2432 4725 2531 4796 τῆς
2563 4722 2902 4793 ἀπελθούσης
2944 4723 3231 4776 ἐπαινείτω
3281 4721 3380 4775 καὶ
3416 4720 3587 4788 γένος,
3615 4716 3764 4783 νόμους

2252 4818 2544 4887 ἐγκωμίων
2582 4815 2893 4887 αἰδούμενος
2928 4814 3036 4886 (59)
3057 4828 3075 4846 ⁶
3107 4814 3325 4877 πάντως
3348 4813 3408 4867 δὲ
3431 4812 3529 4865 οὐκ
3553 4808 3764 4877 ἀπορήσει

2253 4905 2462 4959 πολλῶν
2494 4906 2587 4960 καὶ
2631 4905 2812 4961 καλῶν
2858 4904 3030 4973 λόγων
3054 4945 3069 4971 ,
3118 4906 3167 4957 εί
3209 4903 3451 4975 βούλοιτο
3500 4900 3675 4965 ταύτην
3705 4908 3766 4942 κθ·

2255 4999 2413 5067 σμεῖν
2443 4996 2672 5060 καὶτοῖς
2705 4994 2924 5062 ἔξωθεν,
2958 4994 3146 5065 ῶσπερ
3178 4993 3391 5067 μορφὴν
3421 4990 3599 5062 τιμίαν
3629 5002 3679 5037 τε

2330 5152 2442 5224 (56)
2480 5150 2992 5225 Γινωσκομένους.
3046 5149 3148 5205 Hic
3182 5168 3223 5225 _t
3256 5146 3581 5225 domesticos
3602 5150 3765 5225 ﬁniti"

2266 5242 2285 5274 ι
2326 5206 2599 5304 parentes,
2636 5241 2655 5275 ι
2686 5206 2977 5291 (Ιθίιυὶιιυέ
3006 5221 3231 5293 quaestio
3257 5229 3365 5283 est,
3401 5215 3640 5285 intelligit
3674 5206 3767 5263 Gre-

2262 5310 2460 5365 genus.
2574 5360 2583 5365 _
2657 5356 2681 5365 _
2760 5361 2779 5365 _
2863 5359 2898 5365 _
3065 5362 3076 5365 _
3194 5361 3207 5365 Α
3459 5354 3565 5365 an
3645 5346 3729 5365 η’,

2329 5342 2460 5432 (ᾖ)-
2478 5360 2590 5415 Καὶ
2619 5356 2731 5429 οἷς.
2760 5359 3173 5432 ltaRegg.bm,
3194 5361 3284 5423 hu,
3306 5368 3425 5413 tres
3452 5354 3624 5419 Colb.,
3643 5342 3766 5402 Coisl.

2257 5435 2310 5497 5,
2340 5431 2451 5487 Or.
2481 5435 2532 5495 1,
2561 5441 2615 5485 et
2643 5432 2753 5485 Jes.
2785 5431 2946 5495 Editi,
2976 5431 3069 5483 καὶ
3096 5432 3196 5494 εἰς.

2328 5503 2441 5573 (58)
2480 5491 2943 5567 Διὰπτύσαντεςξ
2990 5500 3121 5571 Reg.
3158 5491 3253 5569 hu,
3293 5508 3354 5553 et
3391 5497 3489 5553 Or.
3523 5491 3753 5558 Low-’19

2257 5589 2440 5714 ον
2468 5643 2848 5714 Αὶδούμενος.
2889 5640 3092 5708 Billius,
3126 5659 3145 5693 ι
3178 5641 3384 5696 honore
3416 5641 3727 5710 prosequens.
3754 5641 3767 5681 ι
