3844 6390
155 330 236 390 793
763 326 1020 382 οηΑΤιο
1052 329 1190 391 Vill.
1220 362 1288 372 —
1320 330 1389 386 1N
1426 333 1712 396 LAUDEM
1749 335 2051 395 SORORIS
2092 336 2255 397 SUAE
2299 337 2696 397 GORGONLE.

3231 345 3337 403 794

152 443 289 513 καλὴν
334 435 520 509 χρυσῷ,
567 440 660 491 καὶ
703 439 889 509 λίθοις,
937 444 1030 498 καὶ
1080 448 1193 509 τοῖς
1241 447 1307 499 ὲκ
1338 448 1532 519 τέχνης
1572 452 1662 504 καὶ

1772 450 2097 519 observans;
2148 452 2332 508 multis
2383 462 2564 511 autem
2617 452 2967 526 pulchrisque
3002 457 3339 514 sermonibus

152 534 296 609 χειρὸς
328 529 689 602 ὡραῖσμασινο
725 531 760 586 ἃ.
804 535 903 605 τὴν
944 537 1041 605 μὲν
1086 539 1316 612 αἰσχρὰν
1356 540 1567 612 ἐλέγχει
1598 545 1665 616 τῇ

151 622 419 698 παραθέσει,
446 623 509 689 τῇ
537 621 676 694 καλῇ
727 623 782 685 δὲ
824 627 886 678 οὐ
920 628 1207 700 προσθήκη
1253 630 1485 696 κάλλους
1519 635 1666 694 ἐστὶν

150 714 405 788 ἡττώμενα.
450 709 589 779 Ἐγὼ
618 712 673 765 δὲ
714 714 968 768 τοσοῦτον
1016 717 1093 787 τῷ
1136 720 1263 789 περὶ
1295 720 1467 775 ταῦτα
1497 740 1667 794 προσ-

149 805 442 879 χρησάμενος
473 802 642 872 νόμῳ,
687 804 811 857 ὅσον
840 806 951 861 τῶν
988 809 1180 862 κοινῶν
1207 812 1408 879 γονέων
1432 814 1520 867 ἐπι
1530 832 1665 885 μνη-

149 896 303 965 σθῆναι
345 890 452 961 (καὶ
482 890 590 961 γὰρ
615 893 736 947 οὐδὲ
764 896 908 948 ὅσιον
936 898 1319 970 παραδραμεῖν
1346 902 1551 970 ἀγαθοῦ
1582 921 1670 958 το-

146 989 298 1042 σούτου
320 984 633 1056 γεννήτορας
654 1003 713 1043 τε
743 988 838 1040 καὶ
858 989 1258 1063 διδασκάλους),
1285 995 1373 1045 ἐπ’
1396 995 1566 1065 αὐτὴν
1593 996 1670 1059 ὡς

144 1080 327 1146 τάχιστα
364 1073 539 1144 τρέψω
585 1075 677 1130 τὸν
718 1076 896 1145 λόγον,
940 1080 1031 1132 καὶ
1062 1082 1124 1135 οὐ
1168 1080 1432 1153 ζημιώσω
1468 1085 1576 1139 τῶν
1598 1086 1669 1141 τὰ

143 1169 317 1237 ἐκείνης
339 1165 731 1236 ἐπιζητούντων
764 1169 853 1224 τὸν
885 1171 1071 1231 πόθον.

1774 545 1999 600 minime
2043 560 2269 616 prorsus
2316 547 2640 603 desutuetur
2669 564 2685 613 ;
2717 547 2763 601 si
2791 561 2910 605 eam
2941 562 3153 617 quoque
3182 551 3339 606 exiis

1773 632 2046 704 quae/sunt
2074 638 2315 693 exterius
2345 655 2612 694 exornare
2642 639 2892 707 voluerit,
2929 657 3034 696 non
3075 657 3233 698 secus
3259 653 3339 699 at-

1771 742 1875 797 que
1893 736 2237 798 praestantem
2259 730 2548 799 quamdam
2578 731 2741 802 220
2762 740 2815 787 et
2834 734 3088 789 eximiam
3110 735 3340 791 formam

1770 833 1904 873 auro
1949 828 2004 874 et
2033 820 2291 890 gemmis,
2325 830 2487 891 atque
2531 824 2600 877 ab
2635 835 2752 880 arte
2796 834 2851 879 et
2888 841 3051 880 manu
3083 826 3339 896 profectis

1768 912 2147 965 ornamentis:
2182 927 2302 980 quae
2350 914 2647 971 deformem
2696 917 2914 986 quidem
2965 919 3181 973 admotu
3226 919 3340 990 ipso

1766 1001 2022 1069 produnt,
2056 1001 2294 1071 pulchrae
2347 1014 2527 1058 autem
2564 1004 2768 1059 nullum
2812 1005 3226 1075 pulchritudinis
3257 1007 3340 1062 in-

1765 1101 2099 1146 crementum
2138 1092 2431 1159 all‘erendo,
2462 1097 2528 1149 ah
2572 1111 2634 1151 ea
2669 1097 2809 1151 vinci
2840 1097 3337 1167 deprehenduntur.

1763 1180 1877 1253 Ego
1900 1198 2049 1248 vero,
2078 1199 2203 1240 cum
2236 1187 2360 1241 huic
2386 1187 2511 1258 legi,
2539 1204 2660 1259 quae
2688 1188 2741 1243 iu
2776 1191 2843 1245 iis
2868 1193 3027 1246 rebus
3057 1193 3336 1248 observari

142 1260 268 1319 solet,
284 1256 529 1309 hactenus
573 1271 804 1324 paruero
827 1300 844 1326 ,
881 1270 937 1315 ut
971 1264 1339 1319 communium
1403 1279 1691 1336 parentum
1729 1273 2056 1328 mentionem
2120 1275 2315 1331 faciam
2345 1256 2723 1349 (nequeenim
2756 1281 2839 1336 fas
2910 1294 2992 1338 est
3038 1286 3171 1340 tanti
3210 1286 3338 1342 boni

140 1360 346 1426 parentes
380 1364 441 1405 ac
496 1351 782 1421 magistros
822 1357 1148 1428 praeterire),
1205 1361 1274 1414 ad
1319 1363 1488 1432 ipsam
1552 1366 1839 1423 confestim
1883 1370 2187 1425 orationem
2231 1384 2584 1441 convertam,
2644 1390 2744 1432 nec
2794 1392 3004 1443 eorum,
3033 1380 3125 1449 qui
3158 1394 3337 1435 rerum

141 1449 254 1504 illius
276 1443 625 1500 narrationem
659 1462 689 1502 a
720 1462 806 1502 me
849 1451 1149 1519 requirunt,
1188 1454 1514 1510 desiderium
1544 1458 1868 1516 frustrabor.

190 1546 250 1595 A'.
281 1540 366 1604 Τίς
379 1534 468 1593 οὖν
488 1541 589 1594 οὐκ
611 1537 720 1595 οἶδε
736 1543 829 1597 τὸν
851 1545 970 1599 νέον
986 1548 1142 1618 ἡμῶν
1169 1549 1441 1622 Ἀϐραὰμ,
1456 1553 1552 1606 καὶ
1567 1554 1665 1626 τὴν

1843 1557 1932 1617 IV.
1976 1559 2174 1631 Ecquis
2203 1571 2285 1618 est
2316 1563 2502 1633 igitur,
2546 1566 2636 1634 qui
2670 1580 2865 1621 novum
2896 1576 3141 1621 nostrum
3169 1568 3340 1624 Abra-

138 1635 201 1702 io‘
227 1631 366 1705 ἡμῶν
396 1631 647 1704 Σάῤῥαν;
673 1634 971 1708 Γρηγόριον
994 1639 1147 1727 λέγω
1177 1642 1272 1696 καὶ
1301 1643 1533 1710 Νόνναν,
1565 1646 1662 1718 τὴν

1773 1663 1921 1720 ham,
1949 1669 2013 1710 ac
2060 1666 2259 1711 nostra:
2294 1631 2471 1713 atatis
2505 1631 2693 1713 Saram
2742 1660 2990 1730 ignoret?
3021 1659 3339 1731 Gregorium

136 1725 256 1779 τοῦδε
274 1724 489 1794 σύζυγον
513 1725 698 1796 (καλὸν
715 1728 825 1799 γὰρ
848 1729 983 1801 μηδὲ
994 1726 1072 1784 τὰ
1092 1732 1331 1804 ὀνόματα
1352 1736 1662 1807 παρελθεῖν,

1772 1745 1929 1811 dico,
1960 1755 2016 1801 et
2060 1747 2221 1819 hujus
2252 1765 2473 1805 uxorem
2515 1750 2757 1806 Nonnam
2805 1751 2952 1823 (nam
2994 1767 3061 1807 ne
3122 1754 3339 1810 nomina

134 1819 190 1881 ὡς
208 1818 388 1889 ἀρετῆς
408 1819 802 1892 παράκλησιν),
840 1823 931 1877 τὸν
957 1824 1137 1879 πίστει
1166 1827 1541 1896 δικαιωθέντα,
1570 1834 1665 1887 καὶ

135 1911 210 1980 τὴν
226 1908 291 1980 τῷ
302 1910 465 1981 πιστῷ
486 1914 707 1984 συνοική
717 1932 905 1968 σασαν·
924 1917 1013 1970 τὸν
1031 1920 1244 1992 πατέρα
1262 1922 1471 1976 πολλῶν
1494 1924 1666 1980 ἐθνῶν

133 2002 438 2073 παρ’ἐλπίδα,
462 2004 560 2057 καὶ
584 2004 682 2075 τὴν
710 2009 1098 2077 πνευματικῶς
1109 2010 1402 2067 ὠδίνουσαν
1420 2027 1435 2042 ⁸
1456 2014 1548 2071 τὸν
1572 2034 1664 2087 φυ-

133 2096 265 2163 γόντα
282 2094 541 2166 πατρῴων
567 2097 705 2151 θεῶν
728 2099 999 2165 δουλείαν,
1031 2104 1124 2157 καὶ
1141 2105 1241 2176 τὴν
1264 2104 1541 2179 θυγατέρα
1570 2113 1665 2165 καὶ

135 2187 305 2259 μητέρα
324 2188 427 2241 τῶν
441 2187 767 2261 ἐλευθέρων·
790 2193 883 2246 τὸν
928 2194 1256 2259 ἐξελθόντα
1308 2204 1667 2271 συγγενείας

132 2274 466 2329 καίοϊιιουδιὰ
482 2277 585 2349 τὴν
608 2280 710 2352 γῆν
728 2281 828 2351 τῆς
850 2283 1326 2357 ὲπαγγελίας(40),
1354 2292 1445 2343 καὶ
1456 2291 1554 2364 τὴν
1581 2296 1667 2347 αἰ-

129 2367 221 2419 τίαν
247 2366 336 2436 τῆς
381 2367 650 2439 ἐκδημίας
689 2372 868 2439 (τοῦτο
889 2374 999 2446 γὰρ
1029 2377 1212 2450 ἐκείνῃ
1236 2380 1346 2449 (41)
1370 2381 1550 2451 μόνον,
1578 2384 1667 2441 ἵνα

129 2473 169 2509 τι
192 2456 436 2530 τολμήσω,
474 2462 572 2514 καὶ
618 2463 756 2535 ὑπὲρ
812 2466 910 2536 τὴν
955 2467 1235 2539 Σάρραν)’
1281 2472 1371 2524 τὸν
1398 2477 1659 2546 παροική-

130 2566 263 2604 cavea
284 2552 473 2615 καλῶς,
516 2554 611 2608 καὶ
640 2557 740 2626 τὴν
768 2559 1065 2631 προθύμως
1098 2568 1626 2637 συμπαροικήσασαν
1647 2587 1661 2601 ο

129 2640 198 2693 τὸν
219 2641 285 2712 τῷ
304 2644 485 2717 Κυρίῳ
511 2648 901 2719 προσθέμενον,
939 2652 1033 2705 καὶ
1061 2653 1158 2724 τὴν
1189 2655 1377 2727 κύριον
1409 2658 1502 2712 τὸν
1541 2662 1666 2714 ἐαυ-

126 2733 203 2803 τῆς
220 2734 368 2807 ἄνδρα
396 2738 491 2791 καὶ
525 2743 1036 2814 προσαγορεύουσαν
1069 2748 1164 2802 καὶ
1201 2750 1542 2820 νομίζουσαν,
1572 2756 1665 2808 καὶ

131 2825 261 2913 μέρος
289 2845 336 2881 τι
372 2829 458 2883 διά
498 2830 658 2885 τοῦτο
700 2832 1108 2895 δικαιωθεῖσαν·
1150 2833 1224 2893 ὧν
1268 2843 1299 2913 ὴ
1343 2843 1661 2913 ἐπαγγελία.

128 2916 197 2968 καὶ
218 2910 282 2969 ὧν
310 2920 337 2972 ὁ
370 2919 578 2986 Ἰσαὰκ,
618 2922 740 2976 ὅσον
780 2925 840 2978 τὸ
877 2928 963 2980 ἐπ’
996 2930 1201 2995 αὐτοῖς,
1236 2910 1331 2986 καὶ
1362 2927 1437 2988 ὧν
1549 2936 1659 3008 (42)

127 3006 333 3080 δώρημα·

1768 1838 1985 1907 quidem
2020 1840 2131 1909 ipsa
2168 1845 2544 1912 prmtercunda
2575 1854 2722 1909 sunt,
2757 1854 2815 1898 ut
2841 1861 2960 1915 qua:
2994 1847 3061 1901 ad
3084 1847 3339 1903 virtutem

1765 1933 2165 2003 exhorteutur),
2200 1935 2349 1988 illum
2379 1951 2476 2002 per
2508 1936 2664 1991 fidem
2687 1938 3043 2004 justilicatum
3067 1980 3083 2005 ,
3114 1949 3168 1994 et
3198 1939 3341 1994 hanc

1767 2025 2112 2081 matrimonio
2145 2042 2266 2082 cum
2315 2027 2456 2084 fideli
2482 2031 2602 2085 viro
2634 2031 2979 2100 copulatam;
3020 2031 3167 2087 illum
3203 2032 3341 2087 mul-

1766 2123 1943 2170 tarum
1991 2119 2232 2185 gentium
2285 2128 2495 2189 patrem
2545 2120 2819 2190 insperato
2864 2121 3152 2187 effectum,
3201 2122 3342 2177 hanc

1766 2207 2120 2275 spiritualiter
2167 2211 2553 2277 parturientem
2596 2229 2611 2266 :
2665 2212 2813 2267 illum
2857 2227 2924 2266 ex
2975 2222 3335 2283 paternorum

1766 2300 1988 2353 deorum
2026 2301 2290 2357 servitute
2317 2302 2438 2373 fuga
2469 2303 2733 2374 elapsum,
2789 2306 2931 2360 hanc
2976 2306 3336 2376 ingenuorum

1766 2391 1933 2447 filiam
1967 2403 2021 2448 et
2074 2405 2353 2463 parentem
2389 2414 2403 2450 :
2440 2396 2589 2451 illum
2643 2414 2708 2452 ex
2757 2402 3067 2469 cognatione
3104 2408 3154 2453 et
3182 2404 3342 2455 domo

1764 2499 1861 2536 sua
1928 2485 1997 2539 ob
2061 2486 2434 2553 promissionis
2504 2499 2707 2544 terram
2781 2508 3044 2562 egressum
3073 2494 3140 2557 ‘5,
3202 2494 3342 2549 hanc

1765 2576 2112 2632 discessionis
2170 2579 2331 2649 hujus
2358 2592 2633 2635 auctorem
2660 2584 2785 2652 (hoc
2805 2585 2946 2638 enim
2969 2600 3077 2639 uno
3104 2587 3342 2651 nomine,

1773 2669 1817 2722 si
1853 2669 1925 2722 ita
1956 2669 2099 2738 loqui
2122 2669 2207 2727 fas
2232 2682 2334 2733 est,
2368 2671 2557 2729 Saram
2580 2688 2791 2743 quoque
2815 2675 2985 2744 ipsam
3016 2676 3338 2744 superavit):

1765 2760 1943 2825 illum,
2001 2764 2091 2830 qui
2134 2763 2362 2831 pulchre
2414 2766 2791 2834 peregrinatus
2838 2776 2965 2833 est,
3003 2767 3179 2835 hanc,
3224 2782 3343 2837 qua:

1764 2864 2017 2922 prompto
2041 2856 2223 2909 animo
2253 2858 2707 2924 peregrinationis
2751 2860 2953 2914 sociam
2986 2876 3045 2915 se
3071 2861 3172 2930 ipsi
3206 2874 3343 2930 prm-

1766 2941 1881 2995 huit
1911 2961 1924 2996 :
1962 2945 2134 3010 illum,
2168 2947 2257 3013 qui
2296 2947 2524 3001 Domino
2559 2963 2677 3003 sese
2702 2950 2946 3019 adjunxit
2969 2992 2985 3016 ,
3012 2952 3150 3006 hanc
3175 2991 3191 3017 ,
3221 2968 3342 3022 quae.

1766 3032 1939 3087 virum
1997 3050 2153 3090 suum
2179 3036 2455 3091 dominum
2491 3049 2547 3092 et
2580 3040 2829 3109 appellat,
2863 3054 2918 3096 et
2945 3044 3244 3106 existimat,
3280 3060 3344 3097 ac

126 3114 361 3171 propterea
393 3107 625 3177 justitia’:
660 3110 871 3167 laudem
924 3117 1155 3182 quadam
1222 3133 1290 3173 ex
1348 3132 1504 3190 parte
1569 3138 1858 3183 consecuta
1902 3140 2025 3199 est;
2076 3146 2304 3202 quorum
2366 3107 2725 3204 pollicitatio,
2765 3147 2819 3192 et
2857 3153 3084 3206 quorum
3150 3137 3339 3206 Isaac,

127 3210 344 3265 quantmu
373 3206 593 3273 quidem
636 3207 689 3261 in
733 3208 865 3276 ipsis
910 3208 1045 3275 fuit,
1072 3222 1125 3267 et
1155 3229 1385 3283 quorum
1414 3218 1656 3275 donatio.

175 3292 238 3348 E'.
263 3289 361 3361 Ἦς
394 3297 422 3350 ὁ
460 3299 669 3371 ποιμὴν
700 3302 811 3371 (45)
856 3304 884 3356 ὁ
918 3305 1083 3371 καλὸς
1121 3308 1427 3383 εὐξαμένης
1464 3330 1522 3366 τε
1564 3314 1659 3367 καὶ

1832 3314 1898 3368 ν.
1942 3313 2121 3382 Atque
2142 3314 2328 3369 uxoris
2350 3314 2567 3382 quidem
2619 3317 2790 3371 bonus
2859 3316 2949 3372 ille
2981 3326 3166 3386 pastor
3197 3316 3339 3388 (cum

121 3383 437 3477 ὣηγησάσης,
471 3392 571 3448 καὶ
599 3396 728 3465 παρ’
758 3391 825 3468 ἧς
858 3398 886 3450 ὁ
915 3397 1086 3463 τύπος
1109 3401 1202 3454 τοῦ
1236 3403 1415 3468 καλῶς
1436 3408 1656 3477 ποιμαί-

122 3476 299 3533 νεσθαι·
338 3476 398 3536 οὗ
442 3483 505 3537 τὸ
540 3488 733 3553 φυγεῖν
778 3485 847 3539 τὰ
887 3487 1080 3548 εἴδωλα
1110 3492 1367 3563 γνησίως,
1410 3476 1541 3553 εἶτα)
1566 3497 1659 3550 καὶ

121 3572 395 3639 φυγαδεύειν
423 3576 689 3646 δαίμονας
711 3594 724 3607 ·
766 3578 859 3631 καὶ
894 3576 964 3652 ἦς
1008 3582 1070 3633 τὸ
1107 3582 1180 3654 μὴ
1215 3584 1359 3639 ἁλῶν
1384 3584 1496 3656 (44)
1529 3605 1659 3640 ποτε

120 3668 399 3737 κοινωνῆσαι
436 3670 553 3731 τοῖς
586 3668 643 3735 ἐξ
675 3668 942 3724 εἰδώλων·
966 3672 1064 3743 τὴν
1091 3675 1368 3746 ὁμότιμον,
1406 3678 1498 3732 καὶ
1530 3680 1661 3751 ὀμό-

120 3770 278 3822 φρονα,
314 3759 406 3812 καὶ
441 3760 741 3832 ὀμόψυχον,
771 3762 867 3816 καὶ
900 3763 998 3834 οὐχ
1025 3761 1187 3838 ἦττον
1213 3768 1415 3841 ἀρετῆς
1440 3772 1533 3824 καὶ
1558 3772 1659 3842 τῆς

119 3844 226 3912 πρὸς
251 3846 375 3901 Θεὸν
409 3849 740 3915 οἰκειώσεως
771 3851 803 3923 ἢ
843 3853 1045 3924 σαρκὸς
1089 3854 1347 3926 συζυγίαν
1368 3875 1383 3889 ο
1418 3860 1531 3913 ἴσον
1563 3861 1660 3929 μὲν

119 3934 251 4004 μήκει
282 3938 393 4008 βίου
436 3941 539 3994 καὶ
587 3942 801 4007 πολιαῖς
854 3944 983 4015 (45),
1026 3945 1138 4000 ἴσον
1170 3947 1226 4000 δὲ
1265 3951 1522 4021 φρονήσει
1566 3952 1660 4005 καὶ

117 4022 301 4096 λάμψει,
336 4035 457 4085 κατ’
490 4032 757 4104 ἀλλήλους
791 4035 902 4105 (46)
942 4037 1369 4111 ἁμιλλωμένους,
1412 4043 1507 4096 καὶ
1550 4042 1660 4097 τῶν

115 4116 280 4175 λοιπῶν
301 4125 697 4197 ὑπεραίροντας
715 4142 733 4165 ο
755 4130 919 4201 σαρκὶ
941 4132 1040 4203 μὲν
1059 4132 1215 4202 ὀλίγα
1237 4134 1658 4205 κατεχομένους,

116 4210 347 4283 πνεύματι
377 4216 433 4269 δὲ
468 4220 986 4291 μετενηνεγμένους,
1034 4221 1132 4275 καὶ
1176 4222 1282 4292 πρὸ
1322 4224 1421 4293 τῆς
1449 4222 1662 4287 διαζεύ-

114 4301 248 4369 ξεως⁶
271 4300 342 4362 ὧν
369 4311 469 4381 οὐχ
494 4313 526 4364 ὁ
548 4311 769 4383 κόσμος,
803 4314 895 4369 καὶ
914 4305 1031 4368 ῶνὸ
1060 4314 1282 4384 κόσμος
1310 4317 1339 4369 ὀ
1370 4315 1467 4386 μὲν
1495 4316 1662 4389 ὑπερ-

110 4392 380 4467 ορώμενος,
419 4404 449 4454 ὁ
498 4401 559 4454 δὲ
609 4401 1063 4474 προτιμώμενος·
1141 4397 1217 4457 ὧν
1268 4403 1330 4457 τὸ
1378 4405 1660 4460 ἀποπλου-

109 4490 199 4541 τεῖν
245 4491 373 4563 (47),
390 4495 487 4547 καὶ
510 4486 588 4549 ὦν
614 4494 675 4547 τὸ
701 4495 950 4548 πλουτεῖν
973 4495 1061 4549 διὰ
1088 4495 1186 4567 τὴν
1208 4496 1379 4568 καλὴν
1403 4514 1665 4568 πραγμα-

111 4579 263 4633 τείαν·
317 4584 387 4638 τὰ
449 4586 552 4657 μὲν
604 4586 730 4656 τῇδε
778 4586 1181 4652 διαπτυόντων,
1232 4586 1303 4640 τὰ
1348 4587 1406 4641 δὲ
1456 4588 1663 4648 ἐκεῖθεν

111 4670 535 4746 ἀντωνουμένωνο
569 4669 644 4730 ὧν
682 4677 855 4753 βραχὺ
898 4679 995 4749 μὲν
1036 4680 1096 4732 τὸ
1133 4680 1234 4751 τῆς
1278 4679 1428 4753 ζωῆς
1460 4681 1665 4755 ταύτης

169 4812 207 4842 ⁸⁵
231 4813 359 4869 Gen.
392 4832 496 4884 xu,
541 4816 592 4870 1.

1766 3407 1975 3463 scilicet
2002 3416 2125 3462 vota
2154 3407 2390 3472 fecisset,
2426 3421 2663 3478 eumque
2703 3410 3065 3477 deduxisset),
3101 3420 3158 3464 et
3186 3412 3254 3464 ab
3276 3425 3343 3465 ea

1767 3509 1913 3554 recte
1934 3498 2187 3567 pascendi
2210 3498 2549 3566 exemplum;
2584 3500 2683 3555 viri
2717 3511 2922 3567 autem,
2959 3501 3101 3555 idola
3128 3500 3343 3557 sincero

1766 3594 1947 3646 animo
1975 3589 2198 3661 fugisse,
2252 3607 2314 3645 ac
2347 3602 2533 3661 postea
2566 3593 2734 3647 etiam
2781 3593 3056 3648 daemones
3098 3594 3288 3664 fugare
3319 3610 3338 3651 :

1766 3686 1950 3740 uxoris
1977 3700 2231 3749 rursum,
2266 3686 2408 3753 quod
2449 3701 2520 3741 tte
2560 3686 2726 3741 salem
2758 3686 2975 3754 quidem
3013 3701 3134 3739 cmn
3172 3684 3342 3741 idolo-

1767 3792 1885 3831 rum
1920 3777 2218 3831 cultoribns
2240 3791 2528 3831 commune
2551 3777 2803 3832 habuerit
2833 3795 2847 3833 :
2880 3778 2984 3832 hoc
3015 3778 3221 3832 honore
3243 3791 3343 3846 par

1767 3876 1822 3920 et
1852 3881 2103 3935 concors,
2138 3878 2300 3937 atque
2329 3870 2604 3934 unanime,
2638 3883 2740 3923 nec
2770 3869 2947 3923 minus
2975 3868 3192 3923 virtutis
3215 3882 3342 3923 con-

1767 3957 2177 4026 iunctionisque
2226 3974 2348 4012 cum
2394 3959 2534 4025 Deo,
2585 3975 2747 4029 quam
2775 3959 2956 4015 carnis
2985 3957 3290 4029 coniugium
3320 3975 3337 4014 :

1768 4050 1867 4104 hos
1896 4050 2151 4119 quidem,
2179 4060 2291 4105 tum
2330 4050 2454 4107 vita:
2492 4052 2830 4122 longitudine
2874 4061 2930 4106 et
2974 4052 3194 4118 canitie,
3228 4060 3342 4105 tum

1767 4143 2049 4213 prudentia
2085 4153 2140 4199 et
2179 4144 2467 4214 splendore
2506 4158 2699 4215 pares,
2749 4145 2891 4199 inter
2929 4158 2989 4199 se
3029 4151 3338 4208 certantes,

1769 4248 1833 4287 ac
1861 4233 2100 4301 reliquos
2123 4250 2312 4290 omnes
2342 4245 2695 4305 superantes;
2717 4249 2884 4290 carne
2917 4220 3132 4303 quidem
3156 4232 3343 4305 paulu-

1768 4324 1876 4380 lum
1902 4325 2171 4394 detentos,
2207 4328 2398 4396 spiritu
2427 4336 2631 4391 autem,
2663 4327 2829 4383 etiam
2861 4338 2985 4381 ante
3019 4325 3344 4395 disjunctio-

1769 4433 1919 4487 nem,
1943 4419 2067 4473 inde
2095 4420 2431 4476 translatos:
2469 4435 2699 4488 quorum
2741 4434 2846 4474 non
2881 4427 2966 4474 est
3003 4416 3257 4485 mundus,
3283 4424 3343 4473 ει

1769 4522 2002 4577 quorum
2025 4517 2108 4566 est
2137 4511 2403 4579 mundus,
2446 4511 2535 4567 ille
2567 4512 2821 4566 nimirum
2848 4520 3206 4580 contemptus,
3249 4508 3340 4566 hic

1770 4603 2106 4669 antepositus
2140 4620 2154 4656 :
2202 4616 2434 4672 quorum
2480 4614 2564 4659 est
2602 4603 2795 4674 opibus
2839 4602 2982 4668 labi,
3018 4612 3074 4658 et
3110 4616 3342 4672 quorum

1770 4704 1870 4759 per
1910 4691 2194 4749 honestam
2244 4694 2403 4765 221
2466 4695 2775 4767 negotiandi
2831 4695 3097 4750 rationem
3148 4692 3341 4773 opibus

166 4950 260 5028 (ιο)
300 4953 421 5028 Tim
451 4952 589 5028 ff":
630 4952 1169 5028 ‘rﬁgéxarrsdlaq.
1220 4954 1552 5028 Schol._"01;t
1593 4957 1662 5028 γῆ

1842 4954 1955 5026 (45)
1993 4947 2108 5021 Ἷις
2141 4955 2176 5007 ὁ
2217 4952 2459 5028 ποιμήν,
2488 4959 2595 5028 etc.
2626 4952 2849 5028 (Atque
2891 4948 3078 5028 nitoris
3120 4949 3337 5028 quidem

116 5020 187 5096 τῇς
208 5020 535 5096 ἐπαγγελίας
564 5024 598 5093 ἡ
623 5020 702 5087 εἰς
730 5020 962 5096 Χριστὸν
989 5020 1188 5092 πίστις,
1227 5044 1247 5078 ι
1273 5026 1415 5096 quod
1447 5020 1669 5096 promis-'-

119 5091 256 5145 sinnis
288 5091 455 5158 terra,
492 5091 696 5147 Cltristi
732 5091 866 5148 fides
899 5107 1001 5149 est.
1044 5114 1062 5145 ›

164 5159 262 5236 (ξι)
314 5164 575 5236 Ἐκεζνῃ.
605 5163 887 5236 Nonnulli,
912 5166 1072 5236 αὐτῇ.

162 5224 410 5304 (θλΚαὶ
439 5224 646 5295 (Bird.
677 5233 768 5304 Sic
794 5224 927 5304 Reg.
959 5224 1069 5299 hni,
1102 5246 1210 5290 tres
1235 5235 1458 5293 Colb.et
1485 5235 1581 5291 0r.
1611 5236 1662 5293 l.

108 5296 340 5377 ρεεξίῷν
375 5306 431 5359 in
470 5303 835 5377 _editis.Mox,
862 5296 1260 5377 ῥὀειδώρημα,
1296 5308 1463 5375 liegg.
1488 5322 1539 5372 ε,
1568 5311 1660 5367 hu,

104 5368 243 5446 _Coisl.
279 5376 331 5440 I,
365 5385 419 5446 et
461 5375 576 5431 Jes.
619 5368 840 5440 addunt,
862 5368 1257 5446 ίΑὐτολογιΞὶὺν
1293 5368 1537 5446 σφᾶγιον,
1572 5379 1664 5432 κα)⁴

102 5438 127 5518 ς
152 5438 518 5518 ἀντεισαχθεὶς
565 5446 753 5517 ἀμνὸς,
790 5438 885 5518 καὶ
911 5447 940 5498 ὁ
986 5438 1153 5518 τύπος
1182 5446 1276 5500 τοῦ
1312 5438 1620 5518 κρείσσονος
1640 5466 1655 5480 ·

102 5503 225 5587 iis},
258 5503 404 5571 etcf:
444 5535 464 5568 ι
496 5503 559 5572 ει
588 5503 683 5587 per
704 5503 762 5570 se
784 5515 1065 5570 rationalis
1110 5503 1432 5583 v'ictima,'et
1458 5503 1653 5587 suppo—

103 5581 276 5657 sititjus
309 5602 512 5657 agnus,
562 5581 617 5641 et
660 5586 836 5656 figura
890 5588 1297 5654 praestantioris,
1337 5581 1498 5644 betc.
1526 5581 1659 5645 llaec

102 5650 156 5703 de
179 5650 435 5725 Gregorio
467 5650 660 5713 uostro
690 5650 814 5711 sunt
846 5650 1214 5727 intelligenda,
1242 5650 1354 5723 qui,
1385 5669 1442 5712 ut
1487 5660 1655 5723 lsaac,

106 5733 155 5774 ex
197 5726 558 5792 promissione
592 5732 905 5797 procreatus
949 5726 1054 5797 est,
1105 5737 1159 5781 et
1203 5746 1222 5779 ι
1256 5729 1363 5785 Deo
1409 5731 1659 5793 donatori

103 5804 447 5860 Consecratus.
478 5817 499 5852 ι
541 5795 703 5857 Guisl.
734 5798 782 5860 l,
827 5795 1186 5861 ἀντιδωρηθὲν
1213 5799 1458 5864 δώρημα.

1769 5036 1823 5080 ει
1852 5020 2061 5100 orantis
2092 5020 2165 5077 et
2217 5020 2550 5100 deducentis,
2584 5041 2604 5074 ›
2643 5024 2691 5076 id
2725 5032 2828 5085 est,
2869 5040 2889 5073 ‹
2921 5020 3340 5100 (νίειηυόειηοη-

1769 5097 2012 5164 strantis)
2039 5096 2210 5151 bonus
2240 5095 2324 5148 ille
2352 5094 2562 5164 Pastor,
2596 5102 2707 5147 tum
2731 5101 2878 5147 recte
2908 5092 3051 5160 pasci
3082 5092 3251 5143 forma
3279 5100 3338 5145 et

1768 5163 2092 5234 exemplum,
2125 5184 2144 5216 ι
2174 5165 2273 5229 vel,
2308 5183 2327 5216 ‹
2356 5163 2426 5217 ab
2448 5178 2615 5217 uxore
2635 5171 2957 5218 consecutus
2981 5169 3082 5226 est,
3111 5168 3170 5215 ut
3194 5169 3341 5217 recte

1767 5239 1919 5307 pasci
1946 5236 2114 5307 forma
2142 5236 2525 5307 etexemplutn
2555 5244 2771 5307 esset.)

1838 5306 1949 5376 (44)
1990 5304 2085 5373 Μὴ
2115 5304 2308 5378 uer,
2338 5301 2469 5375 Reg.
2497 5305 2588 5378 hu,
2624 5304 2758 5378 μηδὲ
2785 5301 2947 5357 ἀλῶν.

1838 5374 1951 5448 (45)
1988 5376 2253 5440 Πολιαῖς.
2281 5374 2391 5448 Jes.
2427 5374 2636 5448 πολιᾶςζ

1836 5444 1950 5519 (46)
1988 5449 2128 5519 Κᾳτξ
2150 5446 2481 5519 ἀλλήλους.
2512 5446 2677 5519 Regg.
2697 5446 2806 5519 bm,
2826 5445 2920 5519 hu,
2945 5454 3054 5519 tres
3080 5444 3335 5519 Col.,g0r.

1768 5520 1821 5585 1,
1847 5515 1946 5573 ’καὶ
1973 5517 2243 5589 ἀλλήλοις.
2272 5518 2328 5571 lu
2356 5515 2693 5587 quihusdam,
2722 5518 2817 5570 καὶ
2840 5515 3122 5587 ἀλλήλους,
3139 5517 3339 5573 omisso

1767 5607 1928 5645 κατα.

1839 5662 1954 5729 (47)
2005 5658 2457 5721 Ἀποπλουτεῑν.
2511 5677 2530 5710 ι
2560 5656 2784 5716 Divitias
2815 5657 3081 5733 abjicere,
3117 5656 3338 5732 proram

1768 5732 1914 5795 dere.
1947 5751 1964 5785 ι
