3844 6390
554 309 662 367 795

1745 319 1798 374 S.
1837 317 2165 376 GREGORII
2203 319 2547 377 THEOLOGI
3624 326 3697 386 796

554 431 797 499 afﬂuere;
829 446 1022 503 nempe
1052 431 1192 488 bona
1215 431 1373 504 hujus
1395 434 1520 490 vitm
1549 434 1987 506 despicientinm,
2017 452 2095 492 eo!

2217 438 2483 507 λείψανον,
2518 436 2612 489 καὶ
2643 437 2764 488 ὅσον
2804 432 3096 501 ὑπελείφθη
3130 435 3192 502 τῇ
3226 431 3477 504 εὐσεϐείᾳ,
3501 439 3638 512 πολλὴ
3658 446 3699 498 δὲ

554 540 786 596 rumque
830 525 949 580 loco
984 526 1225 580 celestia
1270 527 1561 582 ementium
1604 542 1878 596 :quorum
1925 527 2095 581 breve:

2215 526 2248 594 ή
2266 523 2378 595 ζωὴ
2399 524 2490 577 καὶ
2506 521 2788 594 μακραίων
2881 521 3347 591 προκεκμήκασιν.
3381 524 3468 576 ’Ἑν
3485 525 3552 578 ἔτι
3579 547 3700 600 προς.

551 617 768 686 quidem
797 615 1018 685 hujusce
1064 616 1188 671 vitae
1216 617 1494 686 reliquiae,
1533 627 1589 673 et
1617 617 1933 686 quantulum
1987 615 2095 670 illm

2214 614 2364 685 θήσω
2401 617 2514 677 τοῖς
2561 614 2690 683 περὶ
2717 611 2898 666 αὐτῶν
2920 610 3124 679 λόγοις·
3155 611 3204 663 οἳ
3236 611 3407 677 καλῶς
3431 617 3512 669 καὶ
3532 619 3700 688 δικαίως

554 718 664 773 est,
690 708 831 778 quod
856 708 1027 778 pietas
1054 709 1320 779 reliquum
1350 710 1512 772 fecit,
1553 710 1719 763 multa
1751 723 1879 762 vero
1911 717 1964 762 et
1996 707 2114 761 lon-

549 813 696 868 gaeva
737 799 824 854 illa
874 800 1004 866 vita,
1047 801 1115 854 ob
1163 816 1323 870 quam
1376 801 1648 855 laboribus
1687 799 1912 856 confecti
1969 808 2111 854 sunt.

550 887 724 945 Unum
764 889 938 945 adhuc
963 893 1030 946 ad
1065 906 1159 957 ea,
1207 907 1331 962 quae
1361 893 1428 947 de
1462 893 1591 962 ipsis
1621 893 1769 956 dixi,
1797 892 2110 961 adjnngam;

2211 703 2542 775 ἀμφοτέροις
2572 705 2683 768 τοῖς
2721 703 2934 770 γένεσιν
2957 702 3320 774 ἐμερίσθησαν
3340 719 3353 734 ο
3380 707 3406 758 ὁ
3433 707 3518 777 μὲν
3544 711 3700 781 ἀνδρῶν

2211 791 2352 848 εἶναι
2392 795 2614 864 κόσμος,
2644 796 2676 864 ὴ
2711 794 2768 846 δὲ
2807 792 3099 861 γυναικῶν,
3140 795 3231 847 καὶ
3268 798 3328 847 οὐ
3361 795 3540 867 κόσμος
3567 803 3700 871 μόνον(

2211 885 2349 938 ἀλλὰ
2378 885 2472 938 καὶ
2494 885 2692 955 ἀρετῆς
2717 883 3035 954 ὑπόδειγμα.

548 995 745 1050 nempe
777 981 920 1050 quod
953 982 1009 1036 hi
1048 983 1261 1052 utrique
1282 985 1430 1039 sexui
1455 984 1675 1052 pulchre
1695 999 1758 1039 ac
1779 982 1920 1051 juste
1977 980 2133 1036 divisi
2171 978 2314 1043 sint;
2350 978 2439 1032 ille
2469 975 2708 1044 quidem,
2741 989 2798 1030 ut
2826 977 3084 1040 virorum,
3114 976 3223 1030 haec
3272 991 3396 1031 vero
3445 977 3702 1038 feminarum

549 1085 928 1128 ornamentum
952 1085 1114 1140 esset,
1151 1091 1252 1131 nec
1287 1087 1664 1132 ornamentum
1698 1076 1892 1139 solum,
1922 1090 2106 1130 verum
2153 1071 2317 1126 etiam
2349 1069 2565 1123 virtutis
2590 1069 2887 1137 exemplar.

614 1165 702 1221 Vl.
740 1167 820 1220 Ab
847 1168 930 1223 his
960 1168 1222 1239 Gorgonia
1265 1178 1320 1225 et
1357 1170 1520 1224 vitam
1566 1176 1621 1226 et
1669 1170 1894 1241 gloriam
1946 1182 2100 1222 acce-

541 1257 658 1328 pit:
689 1260 757 1312 ab
781 1258 863 1313 his
886 1259 1100 1328 pietatis
1126 1261 1362 1326 semina;
1395 1261 1460 1316 ab
1493 1261 1596 1326 his,
1628 1272 1682 1314 et
1711 1261 1851 1328 quod
1878 1260 2100 1313 honeste

541 1348 698 1413 vixit,
723 1357 778 1404 et
808 1351 949 1419 quod
969 1350 1177 1411 hilaris,
1220 1367 1284 1408 ac
1310 1367 1434 1407 cum
1462 1353 1684 1407 meliore
1701 1366 1793 1420 spe
1819 1349 2099 1406 abscessit.

541 1437 812 1492 Praeclara
843 1440 1057 1508 quidem
1086 1441 1199 1495 haec
1230 1456 1443 1510 quoque
1466 1452 1610 1506 sunt,
1635 1450 1794 1509 atque
1821 1438 2099 1506 ejusmodi,

546 1539 608 1582 ut
633 1530 907 1600 plerisque
946 1548 1154 1600 eorum,
1185 1535 1275 1604 qui
1318 1533 1612 1589 nobilitatis
1637 1533 1854 1587 nomine
1883 1545 2103 1599 magno-

2271 1163 2342 1216 Σ’.
2383 1162 2541 1234 Παρὰ
2576 1161 2781 1215 τούτων
2820 1161 3084 1231 Γοργονίᾳ
3135 1161 3226 1214 καὶ
3265 1160 3327 1212 τὸ
3370 1155 3516 1224 εἶναι,
3551 1165 3628 1218 καὶ
3661 1170 3703 1224 τὸ

2200 1254 2484 1323 εὐδόκιμον
2535 1253 2682 1323 (48)·
2727 1251 2975 1305 ἐντεῦθεν
3030 1252 3167 1322 αὐτῇ
3225 1249 3296 1303 τὰ
3340 1251 3437 1321 τῆς
3485 1255 3704 1324 εὐσεϐείας

2203 1346 2495 1415 σπέρματα
2513 1361 2528 1376 ο
2562 1344 2712 1416 παρὰ
2737 1344 2940 1397 τούτων
2970 1345 3064 1397 καὶ
3095 1344 3155 1396 τὸ
3179 1343 3341 1412 ζῆσαι
3369 1344 3552 1410 καλῶς,
3577 1352 3706 1404 καὶτὸ

2201 1437 2451 1490 ἀπελθεῖν
2485 1436 2642 1499 ἵλεως
2671 1437 2779 1506 (49)
2809 1436 2945 1506 μετὰ
2978 1436 3084 1488 τῶν
3111 1436 3482 1507 χρηστοτέρων
3509 1438 3701 1495 ἐλπίδων.

2208 1529 2363 1581 Καλὰ
2395 1527 2490 1597 μὲν
2514 1528 2577 1598 δὴ
2611 1529 2703 1580 καὶ
2740 1526 2934 1584 ταῦτα,
2967 1529 3061 1580 καὶ
3089 1523 3176 1580 οἷα
3212 1527 3286 1598 μὴ
3323 1527 3524 1592 mihi;
3558 1532 3705 1602 ῥᾳδίως

541 1635 670 1690 pere
699 1623 1020 1694 gloriantur,
1049 1635 1211 1694 atque
1232 1625 1302 1680 ob
1353 1626 1615 1695 majorum
1648 1623 1980 1692 splendorem
2013 1632 2095 1674 tu-

2206 1620 2436 1691 ὐπὰρχει
2465 1621 2575 1691 (50)
2604 1619 2710 1672 τῶν
2749 1620 2834 1672 ἐπ’
2869 1619 3117 1690 εὐγενείᾳ
3151 1619 3292 1690 μέγα
3334 1619 3619 1688 κομώντων,
3643 1627 3707 1678 καὶ

543 1713 717 1768 midos
767 1715 976 1768 animos
1007 1725 1237 1784 gerunt,
1274 1732 1378 1768 non
1425 1716 1581 1770 facile
1619 1723 1926 1783 suppetant.
1959 1715 2028 1766 At
2057 1713 2099 1766 si

540 1804 610 1859 de
661 1805 775 1875 ipsa
825 1807 1116 1876 sapientius
1147 1815 1204 1862 et
1237 1808 1521 1862 sublimius
1569 1806 1942 1863 disserendum
1981 1816 2098 1870 est,

541 1895 826 1966 Gorgonia:
872 1897 1041 1966 patria
1078 1899 1293 1966 quidem
1339 1898 1441 1952 fuit
1471 1914 1700 1968 superna
1730 1896 2100 1963 Hierusalem,

539 1985 751 2051 civitas,
775 1987 1013 2057 inquam,
1055 1989 1167 2055 illa,
1218 2004 1337 2058 quae
1370 1989 1539 2044 oculis
1571 1989 1791 2043 minime
1838 1989 2097 2050 cernitur,

541 2088 727 2129 verum
757 2077 936 2132 animo
962 2087 1017 2132 et
1055 2089 1236 2135 mente
1267 2080 1582 2148 intelligitur
1612 2098 1626 2134 :
1665 2080 1716 2133 in
1752 2095 1912 2149 quam
1957 2079 2100 2132 cives

540 2165 762 2237 ascripti
827 2183 1032 2235 sumus,
1076 2179 1130 2225 et
1175 2171 1244 2226 ad
1295 2186 1454 2241 quam
1505 2185 1902 2241 properamus;
1949 2168 2101 2235 cujus

537 2257 674 2312 civis
707 2258 956 2317 Christus
995 2269 1096 2328 est,
1127 2271 1182 2316 et
1212 2262 1481 2327 concives,
1512 2260 1764 2330 frequens
1792 2261 1880 2315 ille
1908 2270 2098 2327 coetus,

539 2357 595 2404 et
645 2350 882 2408 Ecclesia
927 2354 1358 2423 primitivorum,
1399 2355 1493 2424 qui
1547 2356 1601 2408 in
1641 2353 1794 2408 caelis
1841 2353 2096 2421 descripti

538 2451 662 2496 sunt
695 2442 759 2509 “,
788 2451 844 2498 et
875 2444 1077 2498 circnm
1121 2460 1372 2515 magnum
1429 2445 1578 2498 urbis
1617 2444 1954 2500 conditorem
2006 2456 2100 2512 per

534 2532 719 2602 gloria:
766 2535 1267 2605 contemplationem
1301 2535 1469 2590 festos
1515 2535 1630 2591 dies
1684 2535 1988 2598 celebrant,
2034 2548 2100 2588 ac

536 2623 919 2693 sempiternam
971 2626 1224 2681 cboream
1276 2629 1522 2696 agitant:
1577 2625 1830 2680 nobilitas
1885 2633 2096 2689 autem,

537 2715 734 2770 divinas
775 2717 1024 2789 imaginis
1052 2719 1423 2786 conservatio,
1457 2727 1620 2788 atque
1665 2716 1942 2787 archetypi
1974 2715 2097 2771 imi-

539 2807 697 2872 tatio,
733 2823 893 2879 quam
919 2811 1056 2866 ratio
1075 2821 1128 2866 et
1151 2811 1321 2866 virtus
1344 2811 1600 2876 efﬁciunt,
1631 2823 1932 2878 purumque
1958 2807 2098 2863 desi-

536 2899 768 2966 derium,
801 2916 928 2968 eos,
963 2903 1053 2971 qui
1085 2917 1440 2973 supernarum
1492 2916 1679 2957 rerum
1704 2915 1834 2955 vere
1869 2897 2096 2955 studiosi

2205 1711 2536 1780 φυσωμένων
2560 1714 2672 1774 τοῖς
2703 1709 2906 1764 ἄνωθεν
2945 1710 3085 1779 (51)’
3129 1713 3176 1763 εί
3205 1711 3262 1763 δὲ
3294 1710 3379 1764 δεῖ
3409 1711 3708 1783 φιλοσοφιῖπεο

2205 1821 2296 1874 ρον
2331 1803 2441 1873 (52)
2468 1803 2560 1856 καὶ
2593 1802 2819 1873 ὐψηλότε
2830 1820 2916 1875 ρον
2948 1802 3074 1874 περὶ
3100 1803 3271 1872 αὐτῆς
3298 1801 3537 1866 διελθεῖν,
3558 1805 3710 1876 Γοργο·

2202 1894 2290 1965 νίᾳ
2316 1896 2512 1965 πατρὶς
2543 1895 2640 1964 μὲν
2670 1895 2703 1964 ἡ
2736 1894 2847 1947 ἄνω
2884 1893 3253 1965 Ἰερουσαλὴμ,
3285 1896 3318 1965 ἡ
3346 1893 3422 1964 μὴ
3442 1893 3710 1966 βλεπομένη,

2202 1984 2462 2054 νοουμένη
2497 1984 2555 2038 δὲ
2581 1985 2751 2050 πόλις,
2775 1987 2832 2038 ἐν
2920 1985 3310 2056 πολιτευόμεθα
3342 1985 3474 2056 (55).
3508 1986 3588 2038 καὶ
3613 1989 3713 2055 πρὸς

2201 2077 2266 2144 ἣν
2289 2075 2620 2146 ἐπειγόμεθα
2649 2093 2662 2106 ·
2684 2072 2752 2146 ἦς
2784 2076 3003 2147 πολίτης
3031 2075 3286 2148 Χριστὸς,
3309 2076 3406 2128 καὶ
3449 2078 3711 2146 cup-molita:

2202 2166 2503 2236 πανήγυρις
2533 2165 2627 2216 καὶ
2669 2165 2959 2236 Ἐκκλησία
3007 2168 3371 2237 πρωτοτόκων
3416 2166 3713 2237 ἀπογεγραμ-

2204 2258 2379 2328 μένων
2411 2260 2470 2312 ἐν
2513 2260 2778 2330 οὐρανοῖς,
2834 2260 2930 2313 καὶ
2979 2262 3105 2333 περὶ
3153 2261 3245 2314 τὸν
3298 2259 3474 2331 μέγαν
3509 2259 3715 2329 πολιστὴν

2201 2351 2564 2423 ἑορταζόντων
2596 2353 2662 2422 τῇ
2695 2351 2898 2423 θεωρίᾳ
2943 2353 3040 2422 τῆς
3082 2352 3257 2424 δόξης,
3303 2353 3404 2405 καὶ⁷
3441 2352 3716 2423 χορεώντωι

2200 2441 2420 2512 χορείαν
2459 2439 2556 2511 τὴν
2597 2439 2932 2494 ἁκατάλυτον
2955 2458 2968 2470 °
2997 2442 3242 2510 εὐγένεια
3277 2441 3336 2494 δέ
3372 2442 3405 2511 ἠ
3436 2441 3529 2510 τῆς
3556 2440 3716 2501 εἰκόνος

2198 2533 2446 2603 τήρησις,
2477 2533 2570 2586 καὶ
2611 2534 2644 2602 ή
2691 2532 2823 2602 πρὸς
2851 2532 2912 2584 τὸ
2947 2533 3250 2603 ἀρχέτυπον
3283 2532 3590 2604 ἐξομοίωσις
3617 2533 3717 2600 (5t),

2199 2627 2266 2695 ἣν
2294 2624 2580 2696 ἐργάζεται
2611 2623 2768 2692 λόγος
2811 2626 2904 2679 καὶ
2935 2627 3126 2696 ἀρετὴ,
3167 2625 3260 2678 καὶ
3303 2626 3540 2695 καθαρὸς
3574 2623 3716 2685 πόθος,

2199 2715 2285 2768 ἀεὶ
2307 2714 2401 2768 καὶ
2431 2715 2630 2783 μᾶλλον
2663 2715 2883 2787 μορφῶν
2909 2715 2977 2770 τὰ
3004 2717 3144 2769 κατὰ
3167 2716 3299 2769 Θεὸν
3325 2717 3466 2785 (55),
3490 2717 3603 2778 τοὺς
3619 2731 3720 2783 γνη-

2203 2803 2350 2866 σίους
2378 2803 2490 2874 (56)
2516 2803 2625 2856 τῶν
2650 2804 2760 2857 ἄνω
2796 2803 3025 2874 μύστας,
3055 2805 3150 2858 καὶ
3181 2805 3244 2858 τὸ
3271 2804 3585 2874 γιγνώσκειν
3610 2803 3717 2866 ὅθεν,

2200 2897 2293 2950 καὶ
2314 2897 2476 2959 τίνες,
2512 2897 2604 2951 καὶ
2628 2898 2707 2960 είς
2731 2897 2759 2949 ὃ
2781 2897 3103 2967 γεγόναμεν.

534 3000 681 3059 sunt,
709 2995 948 3064 quotidie
987 2997 1158 3067 magis
1196 3011 1260 3053 ac
1302 2997 1492 3067 magis,
1518 3005 1775 3065 quantum
1815 2994 1881 3050 ad
1910 2993 2077 3049 Deum
2116 2992 2327 3058 attinet,
2391 2990 2718 3054 informans,
2792 3007 2856 3046 ac
2923 2993 3151 3061 denique
3189 2993 3465 3062 cognitum
3495 2990 3676 3056 habere,
3701 3006 3721 3042 τι

533 3101 663 3158 quo,
694 3096 748 3142 et
785 3089 1028 3160 quinam,
1059 3100 1113 3144 et
1132 3105 1291 3160 quam
1317 3091 1385 3146 ob
1413 3105 1630 3146 causam
1661 3090 1785 3146 facti
1818 3104 2024 3145 sumus.

606 3179 713 3237 Vll.
731 3181 808 3236 Ac
831 3195 946 3237 mea
965 3183 1176 3253 quidem
1200 3184 1265 3240 de
1293 3184 1375 3238 his
1400 3184 1557 3239 rebus
1580 3187 1692 3241 haac
1707 3193 1792 3239 est
1809 3183 2093 3240 sententia.

2270 3181 2344 3233 Z’.
2382 3178 2568 3242 Οὕτως
2613 3176 2725 3246 ἐγὼ
2776 3177 2904 3248 περὶ
2962 3176 3167 3228 τούτων
3217 3176 3512 3243 γινώσκωο
3550 3176 3629 3227 καὶ
3661 3173 3726 3224 ini

533 3271 615 3328 Oh
670 3287 897 3343 eamque
938 3287 1160 3330 causam
1205 3273 1456 3330 omnibus
1483 3315 1499 3340 ,
1545 3290 1664 3345 qua:
1693 3275 1762 3329 ab
1806 3285 1928 3330 ortu
1967 3275 2097 3330 solis

536 3373 662 3419 sunt
686 3366 752 3429 ³⁷,
787 3363 1102 3420 nobiliorem
1127 3365 1272 3422 illius
1308 3366 1545 3420 animam
1579 3380 1731 3430 esse,
1767 3374 1823 3419 et
1863 3367 2007 3434 scio,
2043 3377 2097 3422 et

537 3454 791 3525 prmdico,
821 3454 1120 3510 sublimidri
1149 3456 1353 3525 utique,
1387 3470 1548 3526 quam
1595 3470 1694 3525 pro
1741 3455 1879 3526 vulgi
1912 3471 2094 3524 more,

535 3545 832 3602 nobilitatis
851 3555 906 3602 et
939 3546 1289 3618 ignobilitatis
1315 3562 1524 3604 canone
1556 3563 1621 3602 ac
1670 3549 1852 3615 regula
1894 3557 2052 3604 utens
2078 3590 2094 3612 ,

535 3653 636 3694 nec
668 3653 900 3708 genere,
933 3640 1026 3694 sed
1057 3639 1294 3694 moribus
1317 3648 1601 3711 utramque
1642 3640 1964 3711 designans,
1999 3655 2098 3695 nec

532 3743 632 3800 per
659 3729 829 3786 tribus
867 3744 934 3783 ac
981 3728 1212 3785 familias
1239 3745 1353 3796 eos,
1381 3732 1471 3799 qui
1516 3730 1800 3786 laudantur
1833 3741 1926 3786 aut
1951 3732 2097 3786 vitu-

530 3831 814 3889 perantur,
866 3823 1212 3891 expendens,
1245 3838 1432 3878 verum
1520 3823 1806 3893 seiunctim
1854 3832 1909 3879 et
1952 3824 2100 3894 sigil-

534 3913 706 3968 latim.
743 3913 810 3968 Et
861 3914 986 3983 quia
1017 3914 1144 3968 mihi
1190 3913 1332 3982 apud
1375 3929 1470 3970 eos
1514 3925 1602 3970 est
1663 3917 1858 3982 oratio,
1904 3916 2099 3985 quibus

533 4003 678 4058 illius
738 4004 964 4058 virtutes
1007 4003 1234 4074 cognitae
1289 4020 1354 4059 ac
1408 4016 1704 4076 perspecta:
1749 4017 1913 4073 sunt,
1961 4008 2097 4064 alius

533 4093 760 4165 proinde
801 4094 944 4150 aliud
977 4095 1254 4164 quidpiam
1291 4096 1554 4162 conferat,
1617 4112 1682 4152 ac
1720 4098 1953 4153 sermoni
1983 4099 2100 4168 opi-

536 4187 757 4243 tuletur.
793 4180 976 4256 Neque
1002 4186 1144 4241 enim
1169 4184 1284 4242 ﬁeri
1309 4195 1508 4256 potest,
1532 4197 1594 4242 ut
1621 4203 1779 4253 unus,
1811 4199 2099 4258 quantum-

531 4277 615 4330 vis
635 4275 798 4345 222
824 4277 1046 4331 auribus
1073 4285 1127 4330 et
1166 4284 1344 4331 mente
1383 4275 1621 4346 pollens,
1650 4278 1830 4334 omnia
1858 4278 2098 4348 complc-

531 4377 732 4423 ctatur.

604 4486 651 4520 “
675 4485 840 4543 Hebr.
878 4500 974 4552 xn,
1005 4486 1093 4553 22,
1120 4488 1210 4544 25.
1268 4491 1309 4521 "
1357 4488 1456 4547 Job
1489 4507 1529 4556 ι,
1558 4491 1611 4545 5.

747 4623 1102 4702 Εὐδόκιμρν.
1132 4627 1298 4702 cois].
1328 4629 1378 4702 ί,
1411 4630 1739 4702 εὐδοκιμεῖν.

529 4693 711 4818 ἢ
747 4693 978 4761 "Lisng
1005 4697 1167 4769 Itegg.
1200 4701 1307 4765 bm,
1341 4700 1432 4766 hu,
1471 4693 1647 4757 ἵλεων.
1679 4701 1772 4758 Or.
1804 4702 1854 4769 l,
1897 4713 1950 4758 et
1977 4703 2087 4760 Jes.

531 4903 556 4957 1
601 4832 714 4904 (50)
763 4834 1063 4907 ’Υπάρχει.
1097 4837 1256 4893 Deest
1280 4839 1334 4895 in
1363 4840 1532 4912 Regg.
1573 4842 1681 4910 bm,
1708 4843 1802 4910 bu,
1834 4854 1887 4898 ct
1938 4847 2090 4900 Orat.

535 4943 1020 5098 ῖὲξίληὲνριθεν.
1069 4975 1232 5049 Regg.
1283 4995 1337 5046 a,
1387 4981 1479 5045 bu,
1527 4983 1690 5039 Coisl.
1726 4985 1776 5049 l,
1826 4983 2088 5046 κάτωθεν,

599 5113 712 5191 (ﬁ)
747 5117 1251 5191 ᾖιλοσοφῴτερον.
1292 5138 1310 5171 ι
1340 5119 1684 5191 Reiigiosius.
1721 5143 1740 5176 ι

600 5183 713 5264 (55)
749 5183 1202 5264 Πολιτεὺόμεῡα.
1233 5191 1439 5259 Billius,
1462 5183 1500 5244 ἲ
1535 5196 1586 5248 in
1621 5211 1725 5264 qua
1755 5196 1947 5250 civium
1981 5211 2092 5251 mu-

529 5269 659 5310 nere
687 5256 978 5320 fungimur.
1009 5278 1027 5308 ι

600 5323 714 5464 (54;
763 5326 1158 5396 Ἐξομοίωσις.
1189 5349 1207 5382 ι
1235 5329 1367 5385 Cum
1397 5335 1694 5407 archetypo
1721 5337 2033 5415 similitudo.
2066 5357 2084 5390 ι

623 5394 690 5450 55
755 5395 832 5451 Τὰ
870 5398 1019 5452 κατὰ
1052 5401 1220 5464 Θεόν,
1263 5411 1368 5458 etc.
1413 5401 1654 5459 Combef.
1705 5424 1724 5457 ι
1757 5407 1954 5462 divinis
2002 5423 2084 5460 ra-

556 5464 568 5476 .
755 5395 832 5451 Τὰ
870 5394 1021 5477 σιατρ
1052 5394 1222 5477 easy,
1263 5411 1368 5458 etc.
1413 5394 1664 5477 CombEf.
1705 5424 1724 5457 ι
1757 5407 1954 5462 divinis
2002 5394 2093 5460 ra-

532 5466 768 5546 tionibus
796 5482 860 5522 ac
893 5469 1108 5527 dotibus
1137 5471 1457 5529 int'ormans.
1489 5491 1511 5526 ι
1547 5474 1604 5530 In
1640 5476 1776 5546 Reg.
1812 5477 1904 5545 bu,
1941 5478 2092 5532 deest

530 5535 718 5745 τάξειη
749 5607 1068 5685 Γτησίους.
1099 5609 1190 5666 Or.
1229 5613 1280 5677 1,
1315 5614 1566 5684 γνησίως.

605 5673 692 5743 (57
759 5679 881 5730 Των
918 5680 1019 5745 ἀφ’
1054 5682 1259 5745 ἡλίου,
1313 5695 1419 5739 etc.
1458 5704 1476 5736 ι
1515 5687 1566 5745 Ol

605 5673 718 5745 (57)
908 5673 1276 5751 -ἀεέίήλίου,
1313 5673 1419 5739 etc:
1458 5704 1476 5736 ι
1515 5673 1643 5751 Qua:
1685 5688 1752 5742 ab
1799 5696 1916 5741 ortu
1963 5698 2091 5742 soils

533 5754 678 5802 sunt.
716 5761 740 5800 ι
770 5747 973 5805 Alludit
1009 5747 1146 5808 forte
1180 5752 1468 5824 Gregorius
1507 5747 1572 5812 ad
1618 5758 1731 5815 haec
1785 5759 1945 5814 verba
1990 5755 2090 5813 Job

2198 3268 2356 3322 τοῦτο
2383 3267 2772 3338 εὐγενεστέραν
2801 3265 2910 3319 τῶν
2932 3267 3022 3334 ἀφ’
3046 3265 3196 3336 ἡλίου
3227 3265 3344 3335 (57)
3378 3263 3632 3318 ἀνατολῶν
3653 3262 3728 3330 τὴν

2199 3358 2413 3429 ἐκείνης
2427 3356 2604 3429 ψυχὴν
2624 3357 2718 3409 καὶ
2745 3351 2860 3408 οῖδα
2881 3356 2971 3408 καὶ
2989 3355 3258 3423 ὀνομάζω,
3283 3355 3554 3425 κρείττονι
3572 3353 3601 3423 ἦ
3620 3350 3729 3402 κατᾶ

2191 3450 2319 3511 τούς
2364 3447 2592 3510 πολλοὺς
2635 3446 2911 3515 εὐγενείας
2950 3447 3042 3499 καὶ
3087 3444 3412 3514 δυσγενείας
3457 3444 3624 3498 κανόνι
3659 3445 3730 3496 καὶ

2197 3541 2413 3614 στάθμῃ
2450 3539 2764 3610 χρώμενος·
2811 3538 2905 3592 καὶ
2948 3539 3046 3608 οὐχ
3093 3538 3358 3609 αἴμασιν,
3407 3537 3540 3591 ἀλλὰ
3582 3535 3731 3606 τρόπῳ

2193 3629 2302 3683 τινὶ
2331 3627 2505 3682 ταῦτα
2542 3627 2958 3699 χαρακτηρίξων
2978 3644 2993 3658 ο
3031 3627 3150 3680 οὐδέ
3179 3627 3326 3681 κατὰ
3354 3627 3613 3698 φρατρίας
3636 3624 3729 3694 κρί-

2197 3737 2302 3773 νων
2322 3720 2448 3782 τούς
2471 3717 2889 3790 ἐπαινουμένους
2909 3718 2942 3790 ἦ
2964 3718 3317 3790 ψεγομένους,
3337 3719 3479 3774 ἀλλὰ
3503 3719 3614 3773 καθ’
3636 3718 3736 3770 ἕκα-

2200 3827 2343 3867 στον.
2388 3811 2476 3863 Ἐν
2520 3809 2684 3863 εἰδόσι
2732 3810 2790 3863 δέ
2831 3811 2860 3863 ό
2897 3809 3054 3879 λόγος
3083 3810 3192 3882 (58)
3228 3812 3374 3883 ὐπέρ
3413 3811 3520 3864 τῶν
3557 3809 3733 3877 ἐκείνης

2199 3902 2400 3969 καλῶν,
2430 3904 2522 3956 καὶ
2548 3901 2703 3964 ἄλλος
2727 3902 2854 3956 ἄλλο
2874 3920 2924 3955 τι
2952 3903 3374 3974 συνεισφερέτω,
3397 3905 3493 3956 καὶ
3516 3902 3734 3972 βοηθείτω

2198 3994 2276 4066 τῷ
2303 3995 2468 4066 λόγῳ.
2505 3994 2720 4063 Ἐπειδὴ
2751 3994 2862 4064 (59)
2908 3993 2982 4066 μὴ
3019 3995 3194 4049 πάντα
3229 3995 3549 4066 περιλαϐεῖν
3579 3995 3648 4046 ἐνὶ
3665 3993 3733 4044 δυ-

2196 4085 2373 4152 νατὸν,
2416 4086 2548 4160 μηδέ
2573 4086 2651 4160 τῷ
2681 4085 2790 4157 (60)
2818 4086 2940 4141 λίαν
2964 4086 3171 4141 δυνατῶ
3209 4088 3304 4141 καὶ
3339 4087 3514 4158 ἀκοὴν
3540 4088 3626 4141 καὶ
3647 4084 3736 4136 6-i-

2195 4195 2360 4232 νοιαν.

2123 4639 2165 4694 D
2195 4651 2242 4688 c.
2281 4652 2321 4703 ι,
2350 4650 2403 4694 v.
2429 4635 2484 4700 5,
2520 4653 2540 4688 ι
2570 4643 2685 4691 erat
2717 4636 2798 4690 vir
2826 4635 2911 4692 ilie
2953 4635 3096 4705 (Job)
3149 4649 3379 4704 magnus
3415 4636 3558 4690 inter
3583 4632 3742 4690 Orico»

2197 4706 2350 4759 tales.
2388 4725 2406 4757 ι
3035 4749 3040 4754 .

2266 4776 2376 4846 (58)
2415 4779 2556 4832 Καθ’
2585 4776 2862 4846 ἕκαστον.
2909 4777 3002 4828 Ἐν
3025 4775 3214 4829 εἰδόσι
3259 4775 3328 4828 δὲ
3373 4779 3409 4828 ό
3435 4775 3651 4846 λόγοςἓ
3672 4773 3743 4846 Sir=

2196 4842 2366 4914 Regg.
2415 4849 2521 4910 lnn,
2594 4849 2685 4912 Im,
2741 4845 2928 4900 Comb.
2963 4859 3091 4900 vero
3143 4845 3264 4899 καθ’
3312 4842 3575 4898 ἕκαστον.
3620 4845 3673 4896 Ei
3709 4842 3743 4892 δ’

2193 4918 2251 4968 ἐν
2284 4917 2539 4986 είδόσινίό
2566 4915 2742 4986 λόγος.
2772 4915 2923 4986 Quod
2953 4916 3143 4986 eodem
3186 4915 3402 4986 recidit,
3434 4931 3500 4970 ac
3525 4915 3743 4986 eumdem

2193 5001 2408 5040 sensum
2447 4981 2651 5052 cfﬁciti
2696 4981 2810 5056 qui,
2839 4985 3052 5056 quidem
3105 4985 3297 5040 melior
3325 4986 3592 5056 (videtur,
3625 4981 3744 5050 quod

2193 5057 2551 5124 prmcedentia
2611 5054 2731 5110 cum
2791 5054 3139 5122 sequentibus
3197 5054 3370 5124 magis
3430 5055 3742 5124 cohaereant.

2193 5122 2482 5195 Postquam
2519 5127 2662 5179 enim
2713 5125 3001 5195 Gregorius
3037 5126 3194 5188 dixit,
3246 5143 3265 5177 ι
3294 5122 3366 5195 se
3416 5127 3490 5177 ad
3522 5122 3743 5195 eos,_qui

2193 5193 2476 5268 Gorgonius
2527 5196 2753 5268 virtutes
2786 5193 3025 5268 norunt,
3080 5197 3244 5248 verba
3295 5194 3511 5254 facere.
3552 5213 3571 5246 ›
3602 5193 3742 5268 addit.

2199 5285 2217 5316 ι
2256 5263 2527 5320 auditores
2557 5265 2720 5319 alium
2751 5265 2891 5318 aliud
2922 5263 3232 5328 collatnros,
3274 5275 3325 5318 et
3373 5264 3619 5317 sermoni
3648 5263 3744 5328 opi-

2194 5337 2473 5390 tulaturos.
2509 5353 2528 5388 ι
2565 5335 2659 5389 Or.
2697 5337 2748 5400 1,
2787 5345 2894 5386 tres
2923 5333 3102 5396 Colb.,
3127 5333 3291 5388 Coisl.
3318 5333 3376 5397 2,
3411 5335 3615 5387 habent
3644 5328 3731 5382 καθ

2192 5406 2416 5486 ξέκασςτον
2461 5405 2519 5459 ἒν
2545 5401 2729 5486 ..εἴδοςῖ
2758 5404 2821 5457 Εἰ
2857 5403 2920 5486 δὲ.
2944 5405 2972 5457 ὁ
3001 5403 3177 5486 λέγοςἶ
3239 5403 3310 5486 ita
3349 5403 3744 5486 (etiamnleg‘urgh

2191 5477 2355 5531 Coisl.
2394 5478 2416 5530 1
2463 5486 2517 5530 ct
2545 5477 2598 5536 5.
2633 5477 2730 5530 nisi
2783 5476 2920 5540 quod
2972 5474 3133 5527 εἰδόσι
3168 5475 3366 5528 habent
3401 5489 3509 5540 pro
3543 5471 3605 5524 Et
3637 5471 3729 5540 δὲὸ

2193 5546 2315 5599 Par.
2349 5550 2436 5601 eul.
2468 5546 2588 5599 καθ’
2617 5539 2843 5599 ἕκαστον
2881 5539 3019 5609 εἶδος
3046 5546 3074 5596 ὁ
3103 5542 3276 5611 λόγος,
3317 5539 3433 5598 etc.
3486 5542 3608 5598 Mox
3637 5539 3732 5610 βοη-

2191 5615 2368 5669 θείτω.
2400 5615 2520 5670 Par.
2549 5615 2886 5670 συνεισθέτω.

2261 5686 2373 5755 (59)
2411 5686 2661 5754 Ἐπειδὴ.
2700 5685 2865 5754 Regg.
2903 5701 2954 5747 ιι,
2987 5700 3096 5755 (ιη),
3133 5681 3222 5737 Or.
3254 5685 3301 5755 ί,
3334 5694 3398 5755 et
3433 5683 3550 5740 Jes.
3593 5676 3726 5736 Ἐπεί

2262 5753 2372 5811 (60⁷)
2411 5756 2572 5811 Μγιδὲ
2606 5753 2702 5822 τῷ.
2742 5753 2872 5827 Reg.
2907 5770 2936 5809 a
2965 5765 3016 5810 et
3041 5753 3149 5809 Jcs.
3182 5754 3274 5807 καὶ
3299 5753 3405 5824 τῷ.
