3844 6390
150 373 229 429 791
756 354 1014 411 ORATIO
1050 353 1187 411 Vill.
1221 386 1291 398 —
1326 354 1395 411 IN
1435 351 1720 410 LAUDEM
1760 349 2057 408 SORORIS
2095 345 2255 403 SUIE
2293 342 2687 402 GORGOleE.
3213 342 3315 399 793

205 487 271 540 Ην,
302 472 606 547 Σωφροσύνη
636 473 830 543 μένογε
857 472 1105 527 τοσοῦτον
1135 473 1404 544 διήνεγκε,
1440 474 1533 528 καὶ
1567 490 1654 527 το-

1836 467 1966 523 Vlll.
2017 465 2300 522 Pudicitia:
2374 460 2592 532 quidem
2645 455 2803 511 laude
2850 454 2983 510 adeo
3034 454 3326 525 excelluit,

150 576 299 634 σοῦτον
322 566 547 639 ὑπερῆρε
578 566 676 629 τὰς
707 567 830 619 κατ’
862 563 1167 637 αὐτὴν’(61)
1190 566 1426 631 ἁπάσας,
1464 566 1551 618 ἵνα
1582 564 1654 636 μὴ

1758 563 1998 633 adeoque
2021 572 2213 613 omnes
2241 556 2419 612 aetatis
2446 568 2556 610 suae
2591 549 2843 607 mulieres
2866 587 2881 614 ,
2913 562 2979 602 ne
3006 548 3181 602 dicam
3213 551 3325 618 pri-

145 670 258 736 λέγω
276 662 363 724 τὰς
382 657 628 722 παλαιὰς,
653 650 726 712 ὧν
756 660 784 712 ὁ
809 658 975 722 πολὺς
999 658 1092 711 ἐπὶ
1130 658 1451 730 σωφροσύνῃ
1481 657 1654 727 λόγος,

1756 670 1897 722 scas,
1930 665 2163 723 quarum
2210 649 2399 719 ingens
2427 647 2496 702 ob
2538 642 2853 714 pudicitiam
2902 640 3043 694 fama
3080 648 3196 706 est,
3233 655 3324 695 su-

142 731 251 815 ὢστε
278 756 347 817 είς
371 750 457 804 δύο
478 748 650 803 ταῦτα
667 749 996 821 διῃρημένου
1029 752 1162 804 πᾶσι
1184 748 1279 802 τοῦ
1314 748 1450 819 βίου,
1478 749 1654 818 γάμου

1756 744 1984 817 peravit,
2022 754 2078 797 ut
2110 755 2231 796 cum
2262 739 2315 794 in
2360 737 2476 794 haec
2503 736 2609 791 duo
2639 733 2850 790 cunctis
2878 732 2989 787 vita
3033 731 3201 785 divisa
3230 732 3320 793 sit,

142 844 350 919 λέγωκαὶ
368 840 624 911 ἁγαμίας,
645 840 736 894 καὶ
754 842 857 911 τῆξ
879 841 978 911 μὲν
1004 840 1171 910 οῦσης
1192 839 1522 912 ὑψηλοτέρας
1544 838 1654 910 (62)

1760 849 1953 903 nempe
1992 834 2047 888 in
2092 828 2494 885 matrimonium
2547 834 2604 880 et
2656 822 2992 887 caelibatum,
3027 832 3189 889 atque
3232 822 3322 877 hic

137 913 288 997 τεκαὶ
320 931 607 1003 θειοτέρας,
636 932 1051 1003 ἐπιπονωτέρας
1093 930 1151 985 δὲ
1191 931 1282 983 καὶ
1319 930 1654 1001 σφαλερωτέ-

1756 926 1973 997 quidem
2004 922 2290 978 sublimior
2319 929 2371 976 et
2403 918 2640 974 divinior
2673 916 2762 982 sit,
2788 929 2973 969 verum
3005 913 3324 968 laboriosior

142 1049 231 1106 ρας,
248 1025 328 1083 τοῦ
345 1026 399 1079 δὲ
417 1023 795 1094 ταπεινοτέρου
820 1041 881 1076 τε
905 1024 1000 1077 καὶ
1025 1021 1449 1092 ἀσφαλεστέρου,
1476 1022 1654 1090 ἀμφο-

1756 1026 1810 1074 et
1842 1015 2212 1087 periculosior,
2263 1012 2417 1069 illud
2447 1019 2626 1065 autem
2677 1006 2958 1072 humilius,
3008 1006 3100 1061 sed
3144 1014 3320 1059 tamen

137 1093 275 1196 τέρων
300 1115 535 1189 φυγοῦσα
564 1114 625 1168 τὸ
665 1093 827 1185 ἀήδὲς
862 1114 1004 1185 (65),
1036 1115 1159 1167 ὅσον
1201 1111 1484 1166 κάλλιστόν
1509 1113 1654 1164 ἐστιν

1758 1106 1947 1173 tutius,
1978 1102 2164 1158 vitatis
2184 1102 2468 1170 utriusque
2492 1098 2776 1162 molestiis,
2812 1095 3070 1166 quidquid
3093 1093 3145 1148 in
3173 1102 3325 1148 utro-

135 1186 497 1281 ἐν’ἀμφοσέροις
533 1204 872 1272 ἐκλέξασθαι,
928 1206 1023 1257 καὶ
1065 1204 1147 1267 εἰς
1182 1202 1240 1256 ἓν
1273 1203 1515 1271 ἀγαγεῖν,
1557 1202 1654 1271 τῆς

1756 1213 1861 1270 que
1897 1196 2321 1269 pulcherrimum
2367 1200 2524 1257 erat,
2564 1189 2809 1262 elegerit,
2854 1197 3016 1255 atque
3066 1186 3120 1240 in
3157 1200 3321 1239 unum

136 1307 214 1377 μὲν
242 1304 294 1356 τὸ
312 1300 452 1370 ὕψος,
489 1297 583 1351 τοῦ
618 1297 674 1351 δὲ
702 1298 798 1368 τὴν
822 1297 1138 1366 ἀσφάλειαν,
1162 1295 1256 1349 καὶ
1281 1294 1531 1363 γενέσθαι
1562 1290 1654 1345 σώ-

1756 1288 2042 1360 c0pularit,
2081 1285 2307 1341 alterius
2346 1284 2605 1338 nimirum
2644 1279 3067 1343 sublimitatem,
3100 1276 3323 1331 alterius

134 1367 253 1475 ἐρρων
278 1367 484 1467 ἄτυφος,
518 1394 595 1466 τῷ
638 1396 802 1467 γάμῳ
848 1395 909 1448 τὸ
937 1395 1037 1466 τῆς
1071 1394 1181 1464 (ea)
1212 1392 1457 1465 ἀγαμίας
1495 1390 1654 1445 καλὸν

1757 1381 2130 1445 securitatem,
2167 1376 2438 1445 fueritque
2470 1374 2588 1429 sine
2626 1372 2767 1427 fastu
2799 1368 2990 1440 pudica
3010 1409 3025 1434 ,
3048 1367 3326 1423 caelibatus

134 1457 394 1563 έεράσασα,
415 1457 506 1541 καὶ
551 1457 789 1554 δείξασα,
825 1488 907 1540 ὅτι
957 1457 1086 1558 μήθέ
1113 1457 1298 1557 ἕτερον
1321 1457 1431 1556 (65)
1453 1484 1654 1538 τούτων

1756 1473 1957 1528 bonum
1986 1468 2336 1526 matrimonio
2361 1466 2694 1529 admiscens,
2729 1461 2969 1529 illudque
3001 1457 3325 1523 ostendens»,

298 1548 526 1643 πάντως,
555 1576 589 1646 ἢ
620 1548 806 1647 κόσμιρ
839 1548 1032 1640 συνδεῖ,
1066 1576 1162 1630 καὶ
1192 1548 1425 1646 διίστήσι
1459 1574 1619 1628 πάλιν
1638 1589 1651 1603 ⁸

1756 1573 2007 1619 neutrum
2056 1561 2247 1615 borum
2274 1600 2289 1626 ,
2326 1567 2419 1613 aut
2454 1557 2564 1611 Deo
2606 1571 2704 1610 nos
2730 1554 2970 1624 penitus,
2995 1560 3087 1604 aut
3126 1548 3327 1603 mundo

129 1642 390 1724 dictaei“:
416 1665 477 1719 τὸ
502 1642 602 1736 μὲν
626 1642 789 1718 παντί
816 1665 928 1735 (66)
963 1666 1193 1735 φευκτὸν
1218 1642 1364 1719 κατὰ*
1388 1665 1486 1736 τὴν
1520 1664 1654 1719 ἰδίαν

1756 1656 2058 1726 astringere
2080 1692 2096 1719 ,
2131 1661 2224 1707 aut
2246 1652 2313 1706 ab
2346 1666 2409 1706 eo
2443 1650 2735 1712 dirimere;
2769 1647 2842 1701 ita
2871 1653 2930 1698 ut
2967 1642 3195 1696 alterum
3229 1656 3327 1694 na-

129 1764 269 1832 φὺσιν,
300 1760 357 1813 τὸ
382 1758 437 1812 δὲ
456 1734 656 1821 τελέως
681 1734 960 1812 ἐπαινετόν
976 1734 997 1789 θ’
1031 1758 1168 1812 ἀλλά
1189 1758 1312 1821 νοῦς
1335 1734 1481 1812 ἐστιν
1505 1759 1533 1811 ὁ
1556 1757 1651 1809 καὶ

1758 1761 1878 1805 tura
1913 1763 2009 1803 sua
2039 1762 2266 1817 prorsus
2298 1743 2612 1814 fugiendum
2666 1740 2765 1805 sit,
2796 1740 3023 1793 alterum
3071 1734 3217 1791 omni
3251 1749 3326 1789 ex

128 1856 258 1925 γάμῳ
294 1853 379 1906 καὶ
409 1849 679 1922 παρθενίᾳ
719 1850 899 1915 καλῶς
950 1851 1272 1916 ἐπιστατῶν,
1303 1851 1415 1915 καὶ,
1463 1849 1650 1921 ὥσπερ

1756 1850 1907 1914 parte
1935 1840 2265 1893 laudandum
2296 1847 2349 1892 et
2371 1834 2840 1904 amplectendam;
2872 1844 3060 1883 verum
3088 1835 3323 1882 mentem

126 1918 201 2016 ῦλή
222 1918 295 2007 τις
320 1942 448 2014 (67),
477 1918 753 2012 ταῦτατῷ
782 1942 1004 2012 τεχνίτῃ
1031 1943 1188 2011 Λόγῳ
1212 1940 1533 2010 ῥυθμίζεται
1556 1918 1654 1991 καὶ

1756 1948 1893 1999 esse,
1933 1946 2051 2001 qua:
2084 1939 2139 1984 et
2168 1928 2479 1998 coniugium
2508 1936 2557 1978 et
2586 1924 2955 1993 virginitatem
2986 1918 3210 1990 pulchre
3248 1932 3329 1972 re-

124 2009 481 2107 δημιουργεῖται
524 2034 658 2105 πρὸς
687 2009 904 2103 ἀρετήν.
1031 2009 1138 2103 γὰρ
1161 2009 1297 2085 terra).
1324 2009 1499 2102 σαρκὶ
1532 2047 1654 2084 συν-

1756 2034 1847 2096 gat
1885 2032 1938 2078 et
1960 2021 2293 2087 moderetur,
2321 2030 2488 2087 atque
2518 2019 2651 2082 bace,
2679 2016 2852 2070 instar
2875 2013 3114 2067 materiae
3144 2009 3328 2081 cujus-

123 2098 255 2197 ήφθη,
284 2098 384 2178 ’διὰ
423 2098 583 2178 τοῦτο
628 2098 899 2196 ἐχωρίσθη
927 2124 1021 2178 τοῦ
1044 2098 1374 2194 *πνεύματος
1397 2098 1423 2155 ί
1444 2123 1552 2177 οὐδ’
1575 2124 1654 2177 ὅτι

1757 2115 1905 2179 dam,
1938 2112 2005 2166 ab
2032 2109 2243 2164 artifice
2279 2107 2457 2162 Verbo
2480 2105 2674 2175 dirigi,
2696 2113 2749 2158 et
2770 2105 2835 2157 ad
2860 2102 3112 2155 virtutem
3143 2098 3337 2153 elabo-r

1762 2200 1895 2255 rari.
1927 2199 2044 2254 Non
2072 2197 2237 2262 enim,
2271 2196 2395 2265 quia
2426 2194 2576 2248 carni
2608 2190 2857 2260 copulata
2889 2197 3026 2253 erat,
3063 2186 3263 2241 idcirco
3294 2200 3326 2240 a

1754 2293 1948 2363 spiritu
1979 2290 2248 2359 disiuncta
2270 2296 2388 2352 est;
2420 2300 2520 2341 nec
2542 2284 2666 2355 quia
2696 2290 2857 2352 caput
2878 2281 3049 2335 virum
3074 2278 3326 2341 habebat,

1756 2385 1876 2440 ideo
1922 2384 2156 2454 primum
2186 2388 2347 2450 caput
2401 2376 2709 2447 ignoravit:
2748 2376 2842 2429 sed
2876 2385 2999 2427 cum
3034 2372 3235 2424 mundo
3271 2378 3329 2423 et

1753 2483 1958 2528 natura:
1990 2469 2263 2539 paululum
2303 2466 2687 2527 ministrasset,
2738 2470 2795 2516 et
2839 2469 3100 2531 quantum
3147 2457 3329 2512 carnis

1755 2565 1836 2619 lex
1887 2562 2122 2627 volebat,
2185 2558 2346 2613 velis
2396 2557 2596 2627 potius,
2628 2554 2721 2625 qui
2776 2554 2919 2608 hanc
2958 2551 3110 2606 carni
3153 2550 3328 2619 legem

1755 2654 1983 2722 indixit,
2031 2663 2195 2708 totam
2243 2665 2304 2706 se
2350 2649 2462 2703 Deo
2506 2646 2872 2703 consecravit.
2912 2642 3173 2712 Quodque
3211 2640 3330 2708 pul-

1756 2749 2085 2804 cherrimum
2135 2754 2189 2800 et
2218 2742 2663 2799 honestissimum
2699 2747 2803 2806 est,
2856 2736 3112 2792 maritum
3158 2733 3329 2788 etiam

1756 2842 1821 2895 ad
1846 2855 1904 2895 se
1933 2838 2236 2908 pertraxit,
2274 2849 2336 2889 ac
2364 2848 2470 2888 non
2504 2833 2869 2899 importunum
2896 2827 3197 2892 dominum,
3232 2824 3331 2879 sed

1755 2932 1954 2986 bonum
1978 2942 2297 2984 conservum
2330 2924 2541 2980 ascivit.
2580 2922 2689 2977 Nec
2736 2921 2790 2975 id
2816 2922 3108 2984 duntaxat,
3138 2930 3325 2971 verum

1757 3022 1998 3091 corporis
2024 3034 2241 3088 quoque
2276 3016 2535 3082 fructum,
2574 3016 2677 3069 hoc
2698 3022 2783 3068 est
2809 3012 2951 3068 ﬁlios
2984 3020 3039 3065 et
3080 3016 3329 3077 nepotes,

1757 3114 1979 3185 spiritus
2019 3114 2250 3166 fructum
2276 3107 2475 3175 eﬂ‘ecit,
2508 3114 2568 3160 ut
2593 3119 2712 3176 quae
2741 3117 2910 3174 genus
2931 3111 3123 3167 totum,
3151 3110 3206 3155 et
3238 3100 3329 3153 do-

1755 3221 1900 3262 mum
1926 3212 2093 3259 totam
2131 3201 2275 3257 baud
2312 3199 2471 3255 aliter
2504 3214 2565 3253 ac
2596 3197 2831 3251 animam
2864 3208 3024 3248 unam
3048 3192 3158 3247 Deo
3180 3188 3331 3259 puri-

1754 3296 2017 3359 ficaverit,
2056 3310 2119 3349 ac
2156 3290 2556 3347 matrimonium
2579 3289 2750 3359 ipsum
2768 3282 3124 3356 pervitamin
3150 3280 3329 3336 matri-

1709 3417 1718 3435 ι
1755 3390 1935 3444 monio
1976 3388 2084 3442 Deo
2109 3396 2319 3457 gratam
2347 3393 2403 3439 et
2449 3390 2727 3450 acceptam
2764 3377 3177 3449 pulchramque,
3208 3388 3329 3444 quae

1753 3480 1879 3535 inde
1925 3479 2149 3549 prodiit,
2180 3476 2418 3533 sobolem
2440 3516 2456 3541 ,
2484 3470 2752 3529 laudabile
2786 3468 3101 3531 reddiderit,
3165 3464 3331 3535 atque

1754 3573 1987 3641 seipsam
2016 3572 2257 3640 quidem,
2283 3569 2407 3622 dum
2431 3568 2591 3629 vixit,
2612 3562 2833 3619 virtutis
2850 3559 3028 3616 omnis
3050 3559 3329 3627 exemplar

1759 3663 1950 3718 liberis
1977 3662 2088 3717 suis
2135 3660 2515 3732 proposuerit;
2556 3667 2908 3727 posteaquam
2941 3659 3122 3706 autem
3154 3649 3329 3705 accita

1764 3763 1869 3819 est,
1896 3751 2229 3807 voluntatem
2270 3765 2421 3805 suam
2450 3746 2629 3803 domui
2671 3759 2781 3800 suae
2810 3742 2957 3797 velut
2993 3740 3212 3796 tacitam
3238 3752 3333 3793 co-

1766 3844 2127 3899 hortationem
2157 3850 2274 3911 post
2300 3856 2358 3895 se
2388 3836 2685 3907 reliquerit.

158 3924 222 3979 ϐ’.
263 3926 321 3980 '0
354 3927 455 3998 μὲν
484 3926 557 4000 δὴ
606 3925 748 3988 θεῖος
794 3922 1046 3995 Σολομὼν
1087 3923 1146 3977 ὲν
1175 3925 1241 3995 τῇ
1278 3923 1653 3996 παιδαγωγικῇ

1833 3936 1930 3993 lX.
1969 3935 2260 3991 Enimvero
2302 3932 2516 3988 divinus
2582 3928 2838 3983 Salomon
2884 3924 2938 3978 in
2985 3919 3331 3993 paedagogica

106 4017 252 4090 σοφίᾳ,
278 4022 397 4083 ταῖς
426 4017 764 4088 Παροιμίαις
792 4016 934 4085 λέγω
959 4015 1092 4088 (68),
1121 4016 1333 4069 ἐπαινεῖ
1368 4017 1460 4070 καὶ
1479 4019 1654 4070 οἰκου-

1761 4030 2047 4101 sapientia,
2072 4029 2176 4083 hoc
2216 4026 2377 4081 estin
2426 4020 2741 4080 Proverbiis
2773 4019 2843 4084 ιδ,
2872 4016 3131 4072 feminam
3176 4013 3323 4069 domi

2156 4117 2168 4123 -
2604 4122 2609 4123 ,
2739 4109 2751 4123 .
2842 4106 2857 4123 .
2902 4116 2915 4123 -
2973 4102 3192 4123 _-.-_,-
3239 4103 3298 4123 -.-

107 4108 204 4176 ρίαν
227 4109 485 4177 γυναικὸς
509 4110 609 4161 καὶ
638 4107 971 4179 φιλανδρίαν,
1003 4108 1096 4161 καὶ
1120 4106 1426 4179 ἀντιτίθησι
1458 4112 1520 4181 τῇ
1550 4109 1653 4173 ἔξω

1759 4128 2092 4184 manentem,
2119 4117 2403 4184 virumque
2436 4122 2708 4167 amantem
2736 4106 2939 4174 laudat,
2969 4119 3033 4161 ac
3061 4102 3195 4158 foris
3235 4103 3331 4156 ob-

103 4203 561 4276 περιπλανωμένῃ,
602 4202 695 4254 καὶ
728 4202 1040 4272 ἀκρατήτῳ,
1072 4199 1173 4254 καὶ
1198 4200 1377 4271 ἀτίμῳ
1402 4201 1534 4273 (69),
1562 4202 1654 4255 καὶ

1758 4211 1961 4267 erranti
1986 4218 2041 4265 et
2082 4206 2378 4278 petulanti,
2426 4213 2587 4275 atque
2616 4200 2848 4267 infami,
2897 4194 3332 4262 meretriciisque

104 4295 265 4364 τιμίων
292 4296 472 4367 ψυχὰς
516 4292 830 4367 ἁγρευούσῃ
874 4296 931 4347 ὲν
972 4296 1247 4365 πορνικοτς
1278 4293 1372 4346 καὶ
1412 4297 1653 4367 σχήμασι

1760 4301 2000 4374 gestibus
2050 4309 2107 4355 et
2157 4296 2464 4354 nominibus
2504 4294 2775 4365 pretiosas
2822 4288 3032 4343 animas
3071 4284 3331 4355 captanti,

102 4387 174 4439 καὶ
200 4387 441 4459 ὀνόμασι,
487 4384 594 4456 τὴν
637 4383 745 4439 ἔσω
791 4384 969 4449 καλῶς
1013 4385 1524 4456 ἀναστρεφομένην,
1560 4387 1653 4439 καὶ

1758 4408 1879 4448 eam
1910 4393 2154 4463 opponit,
2196 4404 2316 4459 quae
2347 4388 2576 4443 honeste
2620 4384 2770 4439 intus
2806 4387 3056 4436 versatur
3120 4391 3183 4431 ac
3212 4390 3332 4430 mu-

102 4476 461 4579 ἀνδριςομένην
500 4479 577 4533 τὰ
618 4478 896 4549 γυναικὸς,
935 4476 1073 4549 πρὸς
1108 4476 1377 4547 ἄτρακτον
1409 4475 1521 4547 (70)
1562 4478 1654 4547 μὲν

1760 4484 1951 4540 liebria
1980 4482 2154 4538 ofﬁcia
2181 4481 2323 4536 virili
2351 4479 2532 4533 animo
2550 4476 2887 4546 exsequitur,
2915 4468 3075 4541 223
3099 4480 3333 4536 semper-

101 4568 302 4669 (1:51.ng
353 4575 556 4641 χεῖρας
613 4572 943 4643 ὲρείδουσαν,
993 4567 1090 4620 καὶ
1142 4565 1330 4630 δισσὰς
1377 4565 1456 4636 τῷ
1509 4567 1654 4639 ἀνδρὶ

1756 4589 1861 4644 que
1884 4575 1947 4629 ad
1984 4576 2159 4628 fusum
2199 4587 2391 4627 manus
2435 4571 2724 4633 obtirmat,
2760 4575 2816 4622 et
2848 4564 3088 4635 duplices
3131 4558 3330 4613 marito

102 4658 291 4727 χλαίνας
317 4659 860 4733 παρασκευάζουσαν
904 4656 1014 4728 (71)
1038 4671 1051 4685 ·
1076 4653 1391 4724 ὠνουμένην
1434 4651 1490 4706 δὲ
1521 4652 1654 4706 κατᾶ

1758 4674 1934 4723 vestes
1972 4665 2192 4721 conficit
2226 4678 2243 4718 :
2279 4673 2443 4732 atque
2472 4658 2789 4730 tempestive
2825 4669 3014 4725 agrum
3064 4651 3225 4714 emit,
3275 4657 3333 4704 et

101 4750 261 4821 καιρὸν
288 4751 595 4825 γεώργιον,
626 4748 954 4822 σιτηγοῦσαν
974 4747 1031 4800 δὲ
1056 4745 1236 4808 καλῶς
1261 4747 1374 4808 τοῖς
1401 4744 1654 4809 οἰκέταις,

1765 4758 1981 4814 famulis
2028 4758 2181 4813 cibos
2225 4756 2411 4813 sedulo
2460 4750 2800 4824 suppeditat,
2845 4762 2911 4803 ac
2957 4744 3114 4815 plena
3144 4754 3331 4797 mensa

100 4840 267 4911 πλήρει
304 4846 365 4899 δὲ
410 4845 674 4919 τραπέζῃ
721 4843 849 4905 τοὺς
892 4838 1078 4909 φίλους
1131 4834 1513 4907 δεξιουμένην,
1566 4834 1654 4888 καὶ

1763 4849 1966 4904 amicos
1998 4848 2221 4919 excipit,
2255 4856 2561 4915 caateraque
2589 4842 2771 4897 omnia
2802 4843 3025 4912 praestat
3047 4875 3062 4901 ,
3092 4849 3212 4904 qua:
3241 4831 3332 4887 ille

98 4936 238 4990 τᾶλλα
258 4939 359 4994 ὅσα
379 4939 488 5013 τὴν
520 4937 779 5009 σώφρονα
798 4935 891 4988 καὶ
917 4929 1168 5004 φιλεργὸν
1198 4929 1403 4993 ἐκεῖνος
1425 4928 1654 5003 ἀνύμνη-

1763 4941 1831 4997 de
1868 4943 2095 4999 honesta
2128 4952 2178 4999 et
2233 4938 2501 4997 industria
2551 4944 2795 4992 matrona
2844 4928 3173 5004 prcedicavit.
3218 4924 3330 4994 Ego

124 2217 321 2288 κεφαλὴν
347 2217 469 2287 ἔσχε
495 2217 591 2271 τὸν
620 2218 808 2289 ἀνδρα,
844 2216 934 2271 διὰ
976 2215 1136 2271 τοῦτο
1174 2216 1274 2288 τὴν
1304 2215 1526 2289 πρώτην
1559 2234 1653 2270 κε-

122 2309 258 2379 φαλὴν
307 2308 568 2377 ⁴ήγνςςησεν
592 2325 606 2339 ·
637 2309 754 2362 ἀλλ’
799 2310 953 2378 ὀλίγα
990 2308 1422 2379 λειτουργήσασα
1464 2308 1655 2379 κόσμῳ

122 2402 192 2452 καὶ
222 2400 381 2468 φύσει,
424 2401 521 2454 κα)⁸
557 2402 681 2454 ὅσον
721 2404 749 2455 ὁ
786 2404 884 2472 τῆς
926 2400 1127 2475 σαρκὸς
1178 2399 1427 2452 ἐϐούλετο
1467 2399 1650 2468 νόμος,

124 2493 288 2563 μᾶλλον
321 2493 375 2547 δὲ
413 2496 442 2547 ὁ
480 2496 550 2565 τῇ
594 2495 757 2565 σαρκὶ
806 2493 979 2547 ταῦτα
1017 2492 1405 2563 νομοθετήσας,
1445 2491 1562 2563 Θεῷ
1594 2491 1655 2544 τὸ

122 2587 206 2638 πᾶν
225 2585 405 2656 ἑαυτὴν
432 2584 792 2658 καθιέρωσεν.
831 2588 896 2639 Ὃ
926 2585 981 2638 δὲ
1023 2584 1308 2638 κάλλιστον
1334 2584 1429 2637 καὶ
1459 2583 1654 2653 σεμνό-

118 2694 262 2743 τατον,
291 2678 367 2731 ὅτι
401 2680 496 2732 καὶ
522 2678 617 2730 τὸν
646 2678 814 2749 ἄνδρα
838 2677 974 2748 πρὸς
1003 2677 1203 2747 ἑαυτῆς
1224 2677 1533 2746 ἐποιήσατο,
1560 2676 1656 2729 καὶ

118 2770 164 2821 οὐ
186 2770 423 2840 δεσπότην
478 2770 699 2834 ἄτοπον,
748 2770 862 2823 ἀλλ’
904 2768 1191 2840 ὁμόδουλον
1238 2768 1438 2837 ἀγαθὸν
1484 2786 1656 2839 προσ-

117 2861 362 2931 εκτήσατο.
415 2861 489 2913 Οὐ
535 2861 695 2930 μόνον
718 2860 795 2926 δὲ,
833 2859 970 2913 ἀλλά
1005 2863 1100 2913 καὶ
1138 2860 1228 2913 τὸν
1261 2859 1356 2913 τοῦ
1406 2859 1655 2931 σώματος

118 2952 305 3021 καρπὸν,
335 2952 403 3005 τὰ
430 2952 601 3006 τέκνα
645 2951 807 3020 λέγω,
838 2951 933 3005 καὶ
975 2951 1140 3005 τέκνα
1179 2951 1404 3017 τέκνων,
1445 2953 1655 3024 καρπὸν

114 3042 185 3096 τοῦ
216 3043 515 3112 πνεύματος
556 3045 867 3115 ἐποιήσατο,
893 3044 1048 3113 γένος
1067 3044 1187 3097 ὅλον
1209 3045 1304 3097 καὶ
1330 3045 1507 3099 οἰκίαν
1528 3043 1655 3115 ὃλην

113 3135 207 3228 ἀντὶ
235 3137 353 3206 μιᾶς
396 3136 582 3228 ψυχῆς
632 3136 750 3228 Θεῷ
796 3135 1191 3228 καθαγνίσασα,
1238 3136 1332 3191 καὶ
1378 3138 1653 3209 ποιήσασα
1680 3172 1725 3228 C

113 3224 255 3295 γάμον
300 3226 584 3280 ἐπαινετὸν
637 3226 728 3279 διὰ
770 3226 869 3298 τῆς
920 3228 977 3280 ὲν
1016 3227 1179 3299 γάμῳ
1221 3228 1650 3309 εὐαρεστήσεως,

111 3317 293 3388 καὶτῆς
330 3318 505 3389 καλῆς
540 3317 793 3372 ἐντεῦθεν
844 3319 1221 3390 καρποφορίας
1245 3335 1259 3352 ’
1296 3318 1496 3391 ἑαυτὴν
1533 3320 1653 3391 μὲν,

111 3406 192 3470 ἕως
232 3407 341 3480 ἔζη,
393 3409 703 3480 ὑπόδειγμα
745 3408 913 3463 καλοῦ
962 3409 1161 3474 παντὸς
1198 3411 1310 3474 τοῖς
1356 3410 1417 3474 ἐξ
1457 3411 1657 3481 ἑαυτῆς

111 3499 459 3569 προστήσασα·
512 3499 640 3551 ἐπεὶ
685 3498 742 3550 δὲ
787 3498 1168 3569 προσεκλήθη,
1210 3498 1271 3551 τὸ
1321 3498 1535 3569 θέλημα
1581 3498 1658 3569 τῷ

110 3589 213 3661 οἴκῳ
254 3592 368 3662 μετ’
409 3592 589 3663 αὐτὴν
636 3590 1075 3660 ἐγκαταλιποῦσα
1121 3589 1413 3645 σιωπῶσαν
1454 3591 1657 3663 παραί-

108 3698 150 3733 νε
156 3699 227 3737 σιν

142 5076 179 5108 ⁸⁸
203 5076 359 5134 Prov.
399 5093 569 5144 χχχι,
595 5074 663 5132 10
694 5089 849 5145 seqq.

151 5213 252 5279 (6|)
290 5214 435 5269 Κατ’
473 5210 694 5280 αὑτήν.
726 5209 895 5280 Regg.
928 5209 1039 5273 bm,
1072 5208 1165 5271 bu,
1192 5204 1286 5259 Or.
1324 5203 1378 5269 1,
1398 5201 1507 5258 Jes.
1534 5202 1654 5257 καθ’

1769 5276 1783 5280 _
1837 5204 1949 5280 (66)
1970 5206 2168 5280 fgqts
2202 5200 2419 5280 εἶναιτ..
2461 5201 2661 5256 παντί.
2695 5199 2791 5257 Or.
2823 5200 2875 5266 1,
2904 5197 2980 5263 ὡς
3005 5194 3161 5253 εἶναι.
3193 5196 3325 5268 Reg.

149 5276 289 5345 ne.
624 5276 634 5280 τ
812 5276 863 5280 τί
1332 5341 1351 5345 _

1767 5276 1861 5339 hu,
1891 5276 2054 5330 Coisl.
2084 5277 2109 5331 1
2138 5286 2192 5330 et
2222 5277 2277 5339 5,
2305 5276 2500 5345 πάντῃ.

153 5285 722 5425 (δῖ’Ὑψηλοτέρας
745 5368 829 5407 τε.
858 5349 1027 5421 llegg.
1063 5348 1172 5413 bm,
1203 5346 1296 5410 bu,
1325 5341 1435 5399 Jes.
1464 5342 1654 5415 ὑψηλο-

1767 5285 1861 5339 hu,
1891 5285 2054 5330 L‘oisl.
2084 5285 2109 5331 1
2138 5286 2192 5330 et
2222 5285 2277 5339 5,
2305 5285 2500 5345 πάντη.

1838 5346 1949 5425 (eg)
1992 5350 2106 5425 Τις.
2148 5348 2321 5425 Defst.
2359 5347 2411 5425 iu
2446 5331 2607 5425 (ξρῑει.
2635 5342 2689 5407 1,
2721 5339 2906 5425 etJes.

321 5405 713 5425 —i'|""‘r")
753 5405 799 5407 "
941 5405 1005 5421 νυ
1159 5405 1171 5413 '
1281 5405 1292 5410 '
1511 5405 1523 5414 '
1560 5405 1571 5415 '

302 5425 385 5480 έν.

1836 5405 1949 5485 (68)
1988 5405 2171 5485 Λέγω.
2205 5417 2364 5471 Deest
2391 5417 2444 5470 in
2472 5414 2637 5483 Regg.
2674 5405 2725 5479 a,
2760 5411 2870 5485 bin,
2905 5409 3000 5475 hu,
3028 5416 3083 5463 et
3112 5405 3222 5464 Jes.

101 5423 543 5577 “έῗὲἕιμὲὴδέςο
578 5493 849 5577 seem.
881 5488 1075 5577 ἀειξές·
1121 5558 1133 5577 .
1427 5559 1443 5577 .
1500 5559 1541 5577 ..

1836 5423 1949 5485 (68)
1988 5423 2171 5485 Λέγω.
2205 5423 2364 5471 Deest
2391 5423 2444 5470 in
2472 5423 2637 5483 ttegg.
2674 5428 2725 5479 a,
2760 5423 2870 5472 mn,

1837 5486 1947 5577 $922
1975 5485 2425 5577 ᾎξξβφςὲοίξέε
2447 5487 2499 5577 ¹;
2530 5480 2872 5577 “reseis.-

150 5548 253 5635 (ει)
297 5548 548 5635 iam};
584 5548 871 5635 Sié’aegg'.
902 5577 955 5628 a,
984 5548 1094 5623 min,
1120 5558 1278 5624 lm,et
1300 5557 1394 5614 Or.
1421 5559 1473 5613 1.
1500 5559 1654 5616 Deest

1835 5548 1947 5635 ζ
1975 5548 2337 5635 ’έτρὶικτονη
2350 5556 2445 5635 9r.
2478 5557 2530 5617 1,
2554 5548 2786 5635 ages,
2800 5548 3075 5635 ἀτράκτῳ.

299 5617 358 5621 _-
406 5617 544 5635 --.γ
599 5617 846 5635 ---μνον
941 5617 953 5628 ,
1080 5617 1090 5623 .
1197 5617 1209 5624 .

92 5633 159 5697 τό,
195 5635 243 5688 in
272 5637 466 5691 editis.

1837 5617 1951 5697 (71)
1982 5617 2582 5695 Habac'xsvdé‘oro'ar.
2618 5623 2749 5692 νιος.
2775 5617 3331 5689 Ιιυ,ήκατασκευάζουο

92 5705 253 5841 ﬂigi)
292 5706 712 5780 Mrid‘é'tepor.
763 5705 901 5777 Reg.
946 5702 1067 5771 bm,
1117 5709 1170 5757 et
1201 5698 1291 5757 Or.
1347 5698 1407 5767 1,
1460 5701 1537 5771 μὴ
1594 5699 1653 5753 τὸ

1770 5714 1883 5751 σαν.
