3844 6390
471 292 580 356 ’199

1679 304 1738 353 δ.
1781 303 2111 356 (ιἰιδίιυιιιι
2152 304 2184 355 '1
2202 304 2495 364 HEOLOGI

3614 322 3701 373 800

470 424 625 479 vero,
652 411 699 469 si
724 413 793 467 ab
822 410 910 468 his
937 411 1100 469 rebus
1130 426 1374 467 sororem
1415 415 1630 471 laudem
1650 456 1666 482 ,
1702 418 1927 488 perinde
1963 418 2044 472 fa-

2181 437 2258 474 εν.
2298 421 2438 491 Ἐγὼ
2464 423 2521 476 δὲ
2545 425 2593 477 εί
2616 425 2723 478 ἀπο
2754 441 2957 478 τουτων
2987 426 3263 497 επαινοίην
3296 428 3409 497 (72)
3442 426 3540 499 τὴν
3568 430 3706 483 ἀδελ.

473 507 639 573 ciam,
665 513 725 561 ut
745 507 791 561 si
818 507 888 562 ab
914 508 1102 563 umbra
1131 515 1389 573 statuam,
1414 517 1509 562 aut
1537 509 1607 565 ab
1632 510 1901 581 unguibus
1929 510 2044 567 leo-

472 615 598 656 nem
634 599 882 667 laudem,
912 601 1121 659 relictis
1145 601 1442 672 majoribus
1474 601 1636 657 rebus
1665 612 1721 657 et
1750 602 2042 672 perfectio-

475 692 645 748 ribus.
664 690 922 758 Quaenam
948 709 1185 763 unquam
1214 693 1428 761 dignior
1449 691 1569 758 fuit,
1594 709 1714 763 quae
1736 694 2044 749 videretur?

475 783 733 850 Quaenam
761 793 941 839 tamen
972 785 1153 838 minus
1180 784 1290 838 visa
1320 795 1425 847 est,
1456 792 1640 852 utpote
1668 800 1789 853 qua:
1817 799 1874 838 se
1904 783 2045 836 viro-

474 887 596 929 rum
627 874 905 929 obtutibus
935 875 1272 929 inaccessam
1306 876 1589 930 servaret?
1621 874 1878 942 Quaenam
1912 890 2047 930 mm-

475 968 640 1025 stitize
686 978 852 1036 atque
884 968 1176 1023 hilaritatis
1207 967 1424 1022 modum
1454 968 1648 1023 melius
1675 969 1955 1037 cognovit,
1989 976 2048 1023 ut

475 1070 578 1112 nec
605 1057 868 1111 mmstitia
902 1058 1197 1112 inhumana
1218 1098 1234 1125 ,
1265 1074 1364 1113 nec
1390 1059 1637 1115 mollities
1667 1059 1861 1114 lasciva
1902 1058 2049 1112 vide-

476 1160 650 1217 retur,
684 1166 871 1205 verum
905 1152 1074 1207 altera
1104 1154 1436 1222 prudentiae,
1472 1154 1641 1208 altera
1669 1154 1902 1209 lenitatis
1930 1152 2049 1207 lau-

474 1240 599 1296 dem
643 1241 954 1310 obtineret,
1003 1253 1168 1312 atque
1206 1243 1310 1299 hoc
1342 1243 1620 1299 modestiae
1669 1244 1815 1299 velut
1857 1259 2048 1298 norma

474 1339 641 1399 esset,
669 1334 928 1389 nimirum
960 1334 1303 1391 humanitate
1329 1350 1451 1392 cum
1479 1335 1645 1390 animi
1678 1335 2051 1405 magnitudine

477 1424 766 1495 conjuncta
798 1434 855 1481 et
884 1425 1215 1494 temperata?
1243 1425 1461 1492 Audite,
1489 1424 1763 1488 mulieres,
1799 1439 2053 1492 quzecun-

478 1525 589 1579 que
623 1511 792 1566 nimio
818 1513 1199 1567 ostentationis
1231 1512 1410 1567 studio
1442 1522 1496 1566 et
1525 1511 1729 1567 desidia
1758 1511 2047 1578 laboratis,

480 1619 546 1660 ac
574 1604 801 1674 pudoris
829 1605 1008 1661 velum
1042 1605 1412 1664 contemnitis.
1466 1604 1721 1672 Quaenam
1763 1604 1949 1660 oculos
1976 1604 2052 1658 ita

478 1697 755 1754 lrenavit?
801 1698 1061 1767 Quaenam
1093 1699 1263 1754 risum
1307 1700 1379 1753 ita
1425 1699 1631 1762 irrisit,
1683 1698 1819 1752 adeo
1864 1704 1923 1752 ut
1967 1695 2052 1751 vel

480 1787 678 1843 leniter
730 1790 1061 1853 subrisisse,
1124 1790 1348 1844 nimium
1396 1805 1535 1859 pene
1594 1789 1695 1859 ipsi
1747 1769 2131 1843 videretur?B

486 1878 745 1947 Quanam
783 1882 1009 1936 auribus
1034 1880 1232 1950 januas
1260 1882 1431 1953 magis
1463 1882 1758 1953 imposuit?
1799 1880 2055 1947 Quaenam

484 1988 673 2028 rursus
715 1989 809 2029 eas
838 1974 1022 2029 divino
1066 1975 1304 2030 sermoni
1337 1977 1511 2045 magis
1540 1975 1823 2043 patefecit,
1853 1974 1936 2027 vel
1962 1989 2057 2043 po-

485 2066 616 2132 tius,
646 2082 890 2137 qutenam
926 2068 1151 2137 linguae,
1183 2069 1249 2123 ad
1284 2068 1619 2123 enarrandas
1665 2067 1756 2120 Dei
1794 2067 2059 2137 justitica-

485 2158 694 2223 tiones,
743 2168 980 2214 mentem
1023 2162 1218 2215 ducem
1265 2161 1437 2230 magis
1478 2159 1757 2228 praefecit?
1802 2159 2059 2227 Quaenam

484 2253 729 2307 ordinem
762 2252 923 2309 labiis
956 2268 1108 2321 aeque
1141 2254 1520 2323 praescripsit?

552 2339 622 2400 Χ.
666 2342 834 2400 Vultis
857 2360 923 2399 ex
973 2332 1400 2400 illius'laudibus
1447 2346 1549 2399 hoc
1593 2358 1808 2414 quoque
1841 2342 2054 2409 dicam;

484 2432 631 2503 quod
683 2432 771 2487 illa
811 2434 1028 2504 quidem
1056 2433 1189 2489 nihil
1228 2433 1567 2499 aestimabat,
1607 2433 2062 2504 quemadmodum

488 2542 590 2597 nec
630 2540 965 2597 quaecunque
996 2542 1125 2581 vere
1164 2527 1371 2596 pudicae
1425 2537 1587 2596 atque
1623 2527 1864 2582 honestis
1896 2528 2063 2581 mori-

490 2595 593 2676 bits
628 2595 1061 2687 praditze—sunt;
1117 2595 1312 2673 factum
1356 2627 1440 2672 est
1492 2595 1667 2672 tamen
1714 2633 1899 2673 earum
1934 2619 2065 2673 vitio

490 2723 613 2775 quae
658 2718 884 2764 ornatus
930 2719 984 2762 et
1031 2709 1309 2778 elegantia:
1350 2709 1514 2763 nimio
1555 2710 1732 2763 studio
1774 2712 2062 2774 ducuntur,

492 2814 593 2855 nec
622 2814 829 2864 eorum,
856 2799 949 2870 qui
975 2799 1044 2855 ab
1072 2799 1155 2854 bis
1186 2800 1348 2855 rebus
1377 2799 1651 2855 abstinere
1682 2799 1911 2865 docent,
1952 2814 2066 2854 ser—

493 2906 653 2948 nmne
689 2905 1005 2961 purgantur.
1034 2901 1092 2946 ut
1122 2892 1224 2947 hoc
1248 2908 1498 2963 magnum
1521 2901 1577 2947 et
1604 2892 1924 2961 praeclarum
1946 2907 2067 2948 esse

494 2985 761 3040 videatur.
809 2982 924 3039 Non
965 2983 1109 3037 illam
1150 2999 1341 3038 aurum
1391 2994 1509 3039 arte
1551 2984 1618 3038 ad
1656 2984 1910 3040 eximiam
1946 2985 2065 3055 pul-

2149 512 2275 585 φὴν,
2307 513 2416 566 ἀπὸ
2441 515 2538 586 τῆς
2565 518 2721 580 σκιᾶς
2750 517 2863 585 (7'5)
2890 516 2956 571 ἂν
2977 518 3257 589 ἐπαινοίην
3290 518 3382 572 τὸν
3412 518 3705 590 ἀνδριάντα,

2148 603 2182 674 ἢ
2211 605 2318 657 ἀπὸ
2349 604 2456 659 τῶν
2484 605 2689 677 ὀνύχων
2720 608 2811 663 τὸν
2848 608 3057 674 λέοντα,
3105 610 3301 680 παρεὶς
3330 610 3399 664 τὰ
3430 611 3602 681 μείζω
3630 616 3709 667 καὶ

2149 692 2472 765 τελεώτερα.
2504 696 2595 759 Τίς
2634 698 2731 767 μὲν
2762 693 2829 769 ἦν
2870 697 3155 767 φαίνεσθαι
3195 699 3396 768 μᾶλλον
3427 698 3591 766 ﬁla;
3630 701 3711 767 Τίς

2149 785 2207 839 δὲ
2239 783 2399 858 ἧττον
2436 789 2628 859 ἐφάνη,
2660 792 2755 843 καὶ
2782 791 3203 863 ἁπρόσιτον(74)
3232 793 3498 864 ἐτήρησεν
3531 794 3713 866 ἑαυτὴν

2151 879 2361 951 ἀνδρῶν
2390 880 2609 951 (lapsana;
2659 884 2756 947 Τίς
2798 884 2997 955 μᾶλλον
3038 883 3179 953 ἔγνω
3218 885 3391 955 μέτρα
3429 885 3713 957 κατηφείας

2151 986 2211 1022 τε
2240 971 2334 1023 καὶ
2368 972 2739 1045 φαιδρότητος,
2773 975 2848 1037 ὡς
2882 976 3020 1044 μήτε
3053 974 3114 1026 τὸ
3151 974 3261 1043 (75)
3291 975 3540 1043 κατηφὲς
3562 976 3715 1029 ἁπάν-

2154 1063 2371 1133 θρωπον
2397 1065 2592 1131 δοκεῖν,
2627 1068 2766 1137 μήτε
2793 1067 2851 1120 τὸ
2877 1066 2996 1120 καθ’
3030 1067 3239 1121 ἁπαλὸν
3270 1067 3382 1137 (76)
3410 1066 3710 1131 ἀκόλαστον,

2154 1156 2289 1211 ἀλλὰ
2321 1157 2382 1210 τὸ
2424 1158 2520 1229 μὲν
2553 1159 2788 1225 συνετὸν,
2826 1160 2886 1212 τὸ
2918 1159 2974 1213 δὲ
3008 1159 3236 1231 ἥμερον,
3276 1159 3371 1211 καὶ
3413 1160 3541 1229 ὅρον
3578 1160 3714 1213 τοῦτο

2155 1243 2292 1301 εἶναι
2341 1249 2714 1320 κοσμιότητος,
2758 1250 3049 1322 κραθέντος
3092 1249 3186 1303 τοῦ
3236 1248 3617 1320 φιλανθρώπου
3649 1251 3715 1321 τῷ

2157 1343 2529 1413 ἀναστήματις
2578 1342 2829 1395 Ἀκούετε
2865 1342 2975 1397 τῶν
3003 1343 3279 1412 γυναικῶν
3304 1332 3427 1398 ὅσαι
3461 1330 3582 1396 λίαν
3608 1346 3711 1397 ἐπι-

2156 1433 2422 1487 δεικτικαὶ
2448 1434 2542 1488 καὶ
2568 1434 2798 1506 ρᾁυμοι
2828 1435 2962 1504 (77),
2996 1436 3091 1489 κα)⁸
3131 1434 3193 1488 τὸ
3233 1435 3501 1507 κάλυμμα
3528 1439 3622 1507 τῆς
3643 1440 3714 1491 al-

2155 1525 2277 1589 δοῦς
2297 1526 2679 1597 ἀτιμάζουσαι.
2712 1528 2807 1590 Τίς
2851 1527 2949 1598 μὲν
2988 1526 3162 1592 οὕτως
3186 1527 3462 1598 ὀφθαλμὸν
3497 1529 3716 1600 ἐσωφρό-

2156 1636 2303 1674 νισεν
2326 1636 2340 1684 ;
2369 1619 2463 1683 Τίς
2486 1619 2542 1672 δὲ
2565 1619 2814 1674 τοσοῦτον
2838 1620 3071 1690 γέλωτος
3095 1621 3479 1689 κατεγέλασεν,
3497 1620 3572 1684 ὡς
3594 1622 3717 1691 μέγα

2159 1713 2337 1766 δοκεῖν
2366 1712 2551 1786 ἐκείνῃ
2583 1713 2677 1767 καὶ
2703 1712 2878 1784 ὁρμὴν
2910 1712 3019 1783 (78)
3058 1711 3443 1783 μειδιάματος;
3480 1712 3574 1775 Τίς
3604 1714 3719 1782 μᾶλ-

2159 1802 2249 1857 λον
2285 1804 2420 1875 ἀκοῇ
2456 1802 2625 1874 θύρας
2657 1802 2961 1874 ἐπέθηκεν;
3001 1802 3085 1865 τίς
3119 1801 3175 1854 δέ
3209 1804 3325 1865 τοῖς
3358 1802 3527 1865 θείοις
3564 1803 3718 1871 λόγοις

2158 1896 2381 1967 ἡνέῳξε,
2419 1896 2617 1967 μᾶλλον
2644 1896 2719 1958 δὲ,
2746 1896 2831 1960 τίς
2860 1896 2983 1949 νοῦν
3016 1895 3126 1967 (79)
3158 1895 3462 1966 ἐπέστησεν
3498 1897 3717 1966 ἡγεμόνα

2158 1989 2375 2059 γλώσσῃ
2416 1988 2598 2042 λαλεῖν
2628 1988 2739 2060 (80)
2792 1988 2861 2041 τὰ
2898 1987 2991 2041 τοῦ
3038 1988 3175 2043 Θεοῦ
3225 1987 3601 2058 δικαιώματας
3640 1988 3721 2049 Τίς

2158 2081 2312 2147 τάξιν
2338 2081 2509 2145 οὕτως
2540 2082 2819 2135 ἐστείλατο
2852 2080 3123 2153 χείλεσιν;

2232 2346 2286 2398 1'.
2307 2345 2459 2397 Εἴπω
2478 2341 2743 2396 καὶτοῦτο
2763 2340 3015 2409 βούλεσθε
3036 2340 3143 2395 τῶν
3164 2341 3379 2411 ἐκείνης
3402 2337 3581 2394 καλῶν
3597 2354 3609 2367 ·
3626 2338 3651 2390 a
3664 2340 3725 2409 τῇ

2166 2438 2263 2508 μὲν
2283 2436 2430 2500 ἄξιον
2460 2435 2669 2499 οὐδενὸς
2686 2434 2795 2505 (81)
2826 2434 3020 2498 ἐδόκει,
3043 2432 3148 2485 οὐδ’
3176 2434 3299 2486 ὅσαι
3325 2431 3597 2502 σώφρονες
3618 2430 3729 2499 άλη-

2164 2530 2271 2593 θῶς
2289 2528 2383 2582 καὶ
2410 2526 2633 2597 κόσμιαι
2660 2526 2751 2579 τὸν
2766 2526 2966 2597 τρόπον
2986 2542 2999 2553 ’
3024 2524 3163 2594 μέγα
3182 2524 3237 2577 δὲ
3253 2522 3429 2576 δοκεῖν
3454 2522 3729 2591 πεποιήκα-

2164 2637 2246 2673 σιν
2264 2620 2316 2672 αί
2332 2618 2450 2671 λίαν
2468 2616 2782 2687 φιλόκοσμοι
2805 2615 2894 2667 καὶ
2911 2613 3186 2683 φιλόκαλοι
3206 2612 3301 2665 καὶ
3321 2611 3443 2663 οὐδὲ
3461 2610 3597 2678 λόγῳ
3610 2611 3703 2662 καθ
3715 2638 3730 2648 ο

2162 2712 2448 2783 αιρόμεναι
2481 2708 2587 2761 τῶν
2652 2706 2723 2759 τὰ
2770 2704 2993 2760 τοιαῦτα
3031 2704 3465 2758 ἐκπαιδευόντων
3492 2702 3621 2771 (82).
3658 2702 3722 2753 Οὐ

2164 2803 2361 2875 χρυσὸς
2395 2802 2607 2870 ἐκείνην
2632 2800 2902 2871 ἐκόσμησε
2932 2798 3094 2870 τέχνῃ
3128 2797 3385 2868 πονηθεὶς
3416 2797 3496 2859 είς
3526 2794 3731 2855 κάλλους

2166 2893 2501 2965 περιουσίαν,
2533 2893 2594 2945 ού
2624 2890 2814 2957 ξανθαὶ
2842 2889 3173 2958 πλοκαμίδες
3209 2886 3614 2957 διαφαινόμεναί
3640 2884 3731 2949 (85)

2165 3005 2225 3042 τε
2254 2988 2349 3040 καὶ
2376 2984 2823 3055 ύποφαινόμεναι,
2852 2983 2943 3036 καὶ
2970 2981 3281 3053 βοστρύχων
3310 2979 3512 3043 ἕλικες,
3547 2977 3636 3031 καὶ
3667 2994 3734 3028 so-

496 3074 858 3129 cbritudinem
884 3073 1222 3128 elaboratum
1253 3075 1503 3136 ornavit,
1547 3088 1651 3127 non
1680 3072 1832 3131 ﬂavae
1858 3089 2026 3129 comae
2047 3115 2063 3139 ,

2180 3080 2415 3150 φίσματα
2463 3074 2925 3148 σκηνοποιούντων
2979 3074 3077 3145 τὴν
3104 3073 3293 3143 τιμίαν
3355 3071 3598 3141 κεφαλὴν
3636 3070 3733 3122 ἀτι-

497 3176 611 3221 tum
670 3166 1031 3236 pellucentes,
1080 3174 1193 3221 tum
1242 3166 1623 3231 sublucentes,
1679 3182 1784 3222 non
1839 3167 2067 3222 crinium

2180 3166 2404 3237 μότατα,
2462 3165 2563 3218 οὐκ
2602 3163 2826 3227 ἐσθῆτος
2888 3163 3290 3235 περιρῤεούσης
3336 3163 3434 3215 καὶ
3469 3158 3735 3229 διαφανοῦς

498 3257 662 3321 nodi,
705 3265 760 3313 et
806 3258 1150 3329 imposturaa,
1182 3258 1476 3327 pretiosum
1506 3268 1667 3326 caput
1700 3274 1909 3313 summa
1947 3275 2067 3314 cum

2180 3258 2514 3325 πολυτέλεια,
2564 3257 2624 3310 ού
2650 3256 2814 3311 λίθων
2853 3256 3020 3325 αὐγαὶ
3075 3257 3169 3310 καὶ
3200 3255 3423 3326 χάριτες
3452 3251 3736 3326 χρωννῦσαι

498 3344 722 3401 infamia
759 3361 975 3402 scenam
1001 3346 1343 3403 elIicientium
1365 3388 1383 3414 ,
1428 3363 1532 3402 non
1557 3347 1982 3404 circumﬂuentis
2019 3358 2067 3403 et

2180 3352 2267 3407 τὸν
2305 3350 2533 3421 πλησίον
2566 3349 2725 3421 ἀέρα,
2764 3350 2857 3404 καὶ
2882 3348 2980 3412 τὰς
3016 3347 3228 3420 μορφὰς
3246 3347 3359 3417 (84)
3391 3346 3737 3419 περιλάμπον-

500 3437 779 3509 pellucidae
800 3439 968 3494 vestis
993 3438 1415 3511 magniﬁcentia,
1431 3456 1537 3497 non
1562 3441 1800 3511 lapidum
1822 3440 2067 3509 splendo-

2180 3461 2268 3497 σαι
2288 3461 2302 3474 ο
2336 3443 2398 3497 οὑ
2434 3442 2738 3512 ζωγράφων
2778 3441 2961 3511 τέχναι
2992 3439 3104 3511 (85)
3147 3440 3241 3494 καὶ
3268 3438 3635 3511 γοητεύματα.
3663 3434 3739 3488 καὶ

501 3544 594 3585 res
625 3538 681 3586 et
709 3530 935 3600 gratiae,
977 3533 1339 3602 propinquum
1381 3549 1566 3589 aerem
1612 3535 1959 3598 colorantes,
2014 3549 2067 3589 ac

2180 3535 2239 3588 τὸ
2275 3533 2474 3588 εὔωνον
2495 3532 2708 3597 κάλλος,
2740 3532 2836 3587 καὶ
2864 3534 2892 3586 ὁ
2924 3531 3169 3585 κάτωθεν
3187 3530 3435 3600 πλάστης
3472 3528 3582 3598 (86)
3611 3527 3737 3579 ἂνπ-

504 3620 733 3677 formam
759 3622 961 3678 lumine
979 3623 1500 3694 circumfundentes;
1525 3642 1631 3682 non
1648 3628 1912 3698 pictorum
1935 3634 2067 3683 artes

2180 3622 2547 3697 δημιουργῶν,
2578 3624 2673 3677 καὶ
2704 3622 3105 3694 κατακρύπτων
3140 3622 3202 3675 τὸ
3243 3620 3345 3674 τοῦ
3379 3618 3518 3673 Θεοῦ
3544 3618 3741 3679 πλάσμα

506 3722 563 3768 et
590 3715 908 3787 praestigiae,
939 3714 1103 3787 224
1132 3732 1196 3771 ac
1224 3717 1346 3772 vilis
1377 3728 1434 3774 et
1477 3733 1643 3787 parvo
1673 3729 1929 3775 constans
1961 3717 2081 3788 pul-

509 3807 798 3873 chritudo,
847 3818 1204 3877 terrenusque
1249 3808 1422 3873 lictor,
1466 3810 1521 3864 in
1555 3814 1886 3864 contrarium
1912 3808 2081 3863 fabri-

511 3913 681 3968 cans,
713 3899 1099 3969 insidiosisque
1127 3901 1405 3956 coloribus
1432 3900 1525 3955 Dei
1566 3900 1879 3972 ﬁgmentum
1914 3902 2084 3955 obdu-

513 4003 666 4055 cens,
699 3997 754 4044 et
777 4004 871 4059 per
894 3990 1155 4046 honorem
1179 3989 1454 4045 infamiam
1482 3992 1729 4059 inurens,
1758 4007 1822 4045 ac
1845 3992 2082 4046 divinam

513 4080 745 4135 formam
771 4083 1138 4137 meretricium
1168 4084 1485 4152 procacibus
1513 4084 1682 4138 oculis
1721 4084 1920 4138 idolum
1958 4100 2084 4151 pro-

515 4189 748 4243 ponens,
775 4184 834 4229 ut
862 4175 1167 4229 adulterina
1193 4175 1538 4245 pulchritudo
1564 4176 1865 4230 naturalem
1898 4176 2087 4246 imagi-

517 4279 677 4330 nem,
716 4280 835 4335 quae
868 4265 979 4323 Deo
1011 4282 1077 4321 ac
1119 4267 1301 4323 futuro
1331 4282 1445 4321 αινο
1490 4274 1756 4331 servatur,
1802 4266 2086 4335 subripiat.

518 4356 719 4411 Verum
763 4371 888 4411 cum
935 4367 1191 4414 externos
1238 4358 1440 4413 multos
1484 4367 1540 4413 et
1586 4359 1767 4413 varios
1802 4356 2087 4410 mulierum

2182 3716 2487 3780 ἐπιϐούλοις
2511 3716 2783 3787 χρώμασι,
2818 3715 2913 3768 καὶ
2934 3714 3022 3767 διὰ
3040 3715 3136 3783 τῆς
3160 3712 3325 3783 τιμῆς
3358 3710 3647 3781 αἰσχύνων,
3666 3708 3741 3759 καὶ

2183 3808 2460 3881 προτιθεὶς
2496 3808 2604 3878 (87)
2651 3808 2749 3879 τὴν
2795 3806 2942 3859 θείαν
2989 3804 3200 3875 μορφὴν
3235 3802 3455 3856 εἴδωλον
3511 3799 3743 3870 πορνικὸν

2183 3902 2383 3972 λίχνοις
2415 3900 2679 3971 ὄμμασιν,
2712 3900 2798 3951 ἵνα
2830 3896 3003 3968 κλέψῃ
3033 3897 3095 3951 τὸ
3132 3896 3283 3948 νόθον
3322 3895 3519 3956 κάλλος
3549 3892 3639 3962 τὴν
3668 3908 3743 3957 ςυ-

2186 3990 2341 4062 σικὴν
2369 3991 2551 4046 εἰκόνα
2567 4007 2734 4061 τηρου
2744 3989 2908 4059 μένην
2933 3987 3050 4058 Θεῷ
3073 3986 3264 4057 καὶτῷ
3293 3985 3561 4057 μέλλοντι.
3607 3981 3744 4034 Ἀλλά

2187 4083 2413 4146 πολλοὺς
2449 4083 2546 4153 μὲν
2607 4082 2723 4153 ᾔδει
2761 4082 2856 4135 καὶ
2890 4081 3173 4143 παντοίους
3215 4078 3492 4149 γυναικῶν
3534 4077 3745 4144 κόσμους

2185 4178 2311 4240 τοὺς
2362 4174 2580 4242 ἔξωθεν,
2620 4173 2946 4246 τιμιώτερον
2990 4174 3046 4227 δέ
3080 4173 3191 4244 (88)
3230 4172 3421 4226 οὐδένα
3449 4171 3543 4223 τοῦ
3571 4167 3747 4235 ἑαυτῆς

2187 4270 2411 4342 τρόπου,
2457 4270 2551 4323 καὶ
2589 4268 2688 4339 τῆς
2727 4267 2871 4321 ἔνδον
2934 4267 3301 4338 ἀποκειμένης
3363 4261 3745 4334 λαμπρὰτητοςσ

2195 4364 2289 4416 Ἐν
2346 4362 2444 4432 μὲν
2489 4359 2709 4433 ἔρευθος
2739 4358 2923 4429 ἐκείνῃ
2960 4358 3132 4427 φίλον,
3188 4357 3251 4410 τὸ
3281 4357 3383 4425 τῆς
3415 4352 3595 4415 αἰδοῦς
3617 4370 3631 4381 ·
3667 4351 3747 4420 pia

518 4462 744 4508 ornatus
772 4451 1019 4522 cognitos
1064 4451 1327 4518 haberet,
1373 4452 1579 4507 nullum
1624 4458 1808 4505 tamen
1843 4447 2067 4504 moribu:

2188 4454 2245 4509 δὲ
2295 4451 2581 4522 λευκότης,
2614 4452 2648 4522 ἡ
2698 4449 2849 4521 παρὰ
2894 4450 2994 4520 τῆς
3032 4447 3376 4520 ἐγκρατείας.
3410 4446 3521 4510 Τὰς
3550 4444 3603 4496 δὲ
3634 4458 3749 4512 γρα-

591 4630 705 4703 (72)
729 4632 1106 4703 ζΕπαινοίην.
1127 4632 1204 4688 Ita
1246 4634 1416 4703 Ἆρες.
1441 4633 1551 4700 bu),
1587 4635 1679 4700 bu,
1711 4642 1823 4691 tres
1850 4634 2000 4691 Colb.
2040 4648 2067 4689 e

2199 4632 2311 4687 Jes.
2344 4631 2563 4703 addunt,
2586 4629 2681 4682 κα)⁸
2707 4627 2880 4703 κλεῖν,
2915 4645 2934 4678 ι
2964 4626 3332 4703 celebranda-As.
3360 4646 3378 4678 ι

520 4701 699 4776 Orsi“
726 4701 800 4756 Pa
808 4704 992 4776 r._ed.i
1005 4701 1348 4776 ἐπαινοίμηκρ

595 4773 708 4843 (75)
735 4772 935 4839 Σκιᾶς.
966 4775 1101 4843 Reg.
1141 4790 1193 4840 a,
1224 4772 1469 4829 tet-Coisl.
1500 4774 1553 4837 1.
1588 4775 1812 4837 addunt,
1842 4775 1987 4829 ἐπεί.

595 4844 708 4916 (74)
734 4843 842 4899 Kal
862 4845 1213 4916 ἀπρόσιτον,
1233 4853 1338 4916 etc.
1367 4845 1491 4898 Haec
1519 4845 1586 4899 ab
1606 4846 1901 4899 editoribus
1927 4846 2095 4901 omis-

524 4913 615 4978 sa.
650 4916 897 4986 quamvis
923 4930 952 4968 a
980 4913 1142 4986 Billio
1174 4915 1382 4986 reddita
1419 4916 1469 4968 in
1491 4916 1666 4986 prima
1694 4916 1948 4986 editione.

597 4982 710 5056 (75)
736 4982 898 5054 Μήτε
918 4985 1006 5043 τό.
1044 4985 1136 5041 Sic
1179 4985 1312 5056 Reg.
1342 4986 1411 5039 hu
1432 5023 1449 5049 ,
1478 4984 1572 5040 0r.
1604 4986 1657 5050 1,
1705 4996 1760 5040 et
1788 4985 1901 5041 les.
1934 4985 2099 5041 Deest

524 5055 589 5111 τό
612 5056 665 5111 in
694 5055 788 5110 ed.

530 5197 586 5255 in
615 5194 795 5251 tribus
825 5195 1005 5259 Colb.,
1036 5194 1133 5249 Or.
1166 5194 1293 5257 l,et
1320 5195 1432 5250 Jes.

603 5238 1076 5336 (ἳῆῗῷᾆόἰῖῤόιῖ
1089 5238 1455 5338 negitare.
1481 5264 1590 5323 Jes.
1622 5266 1911 5339 πρόθυμοι,
1948 5284 1967 5317 ι
2001 5265 2106 5320 ala-

533 5338 745 5394 critate.
774 5356 792 5387 ι

607 5407 719 5479 (78)
748 5406 989 5477 'Opmlr.
1036 5403 1129 5463 Sic
1171 5405 1306 5477 Reg.
1345 5405 1455 5473 hu,
1507 5414 1562 5462 et
1610 5405 1773 5465 Coisl.
1827 5407 1879 5461 l.
1928 5406 2106 5472 Editi,

762 5547 1047 5618 ’Hrétpfs,
1082 5546 1323 5618 μᾶλλον
1347 5545 1450 5618 δὲ.
1474 5547 1567 5613 τίς
1588 5547 1759 5618 νςοῦν.
1801 5547 1965 5618 Regg.
1996 5547 2106 5608 bm.

1062 5616 1221 5682 νοιξε.
1255 5618 1410 5673 Deest
1433 5616 1490 5670 δέ
1522 5620 1576 5672 in
1612 5616 1745 5687 Reg.
1787 5616 2031 5683 btn,'hu,
2059 5628 2115 5672 et

542 5619 636 5680 lin,
668 5617 764 5672 0r.
798 5620 850 5684 l,
876 5617 987 5673 Jes.

545 5686 723 5769 omni“.
756 5686 1327 5769 ᾼΙίἰεηνέῳὲεημᾶλλον
1347 5688 1478 5769 ;_1:l;
1502 5688 1559 5741 δὲ
1585 5686 1728 5769 νοῦν.

604 5126 725 5251 (Ἱθ)
740 5124 878 5212 Kal?"
910 5123 1168 5179 ἁπαλόν.
1196 5123 1354 5179 Deest
1376 5123 1498 5179 καθ’
1547 5125 1603 5180 in
1651 5125 1821 5198 Regg.
1863 5126 1975 5191 bm,
2005 5127 2097 5194 bu,

621 5208 687 5250 tri
730 5211 795 5250 us
825 5195 1005 5251 Lolb..
1036 5194 1133 5249 Or.
1166 5194 1293 5251 Let
1320 5195 1432 5250 Jes.
1882 5238 1883 5241 η

2268 4694 2621 4838 (8ἐέιξεὶξιον
2657 4698 2925 4763 οὐδενός.
2963 4698 3097 4767 Reg.
3121 4699 3215 4763 hu,
3257 4695 3353 4753 0r.
3396 4698 3448 4759 1.
3476 4695 3587 4750 Jes.
3614 4694 3748 4747 ούδε-

2194 4774 2941 4913 νὸίί8ἒῗι9ἶῖἒεπαιδευόντων.
2983 4858 3002 4891 ι
3042 4838 3143 4905 Qui
3177 4839 3289 4894 hate
3316 4854 3482 4911 parva
3520 4851 3639 4893 esse
3673 4835 3754 4888 do-

2193 4924 2377 5052 εεῗὲδ)
2405 4982 2880 5052 Magaw-operat.
2912 4978 3116 5052 Billiush
3141 4995 3161 5029 ‹
3192 4990 3531 5052 apparentes.
3558 4998 3577 5031 ι

2270 4985 2355 5051 (85
2405 4985 2880 5052 Magaw-operat.
2912 4985 3116 5038 Billius,
3141 4995 3161 5029 ‹
3192 4990 3531 5047 apparentes.
3558 4998 3577 5031 ι

2270 4985 2381 5123 (84)
2416 5052 2525 5119 Τὰς
2567 5052 2821 5122 μορφάς,
2862 5060 2972 5104 etc.
3014 5068 3035 5099 ι
3075 5048 3300 5103 Formas
3348 5049 3551 5104 lumine
3604 5049 3753 5105 collu-

2198 5133 2452 5179 slrantes.
2486 5141 2505 5173 ι

2275 5193 2387 5263 (85)
2428 5191 2657 5263 Τέχναι.
2690 5190 2833 5263 Reg._
2857 5189 2951 5251 hu,
2982 5199 3030 5242 et
3066 5185 3160 5263 0:.
3190 5190 3242 5263 ί,
3271 5188 3457 5260 τέχνη.

2275 5196 2366 5263 (85
2428 5196 2657 5262 Τέχναι.
2691 5196 2821 5261 Reg.
2858 5196 2951 5251 hu,
2982 5199 3030 5242 et
3066 5196 3160 5243 Ur.
3190 5196 3242 5255 1,
3271 5196 3457 5260 τέχνη.

2273 5196 2387 5336 (86)
2412 5261 2686 5318 Κάτωθεν
2713 5260 3012 5327 πλάστης.
3040 5279 3065 5336 _t
3104 5258 3203 5336 Qui
3238 5275 3434 5336 novos_
3448 5257 3656 5336 colores
3685 5258 3755 5310 in~

2204 5328 2400 5389 ducere
2439 5348 2543 5386 non
2581 5342 2852 5392 verentur,
2884 5341 2937 5384 et
2971 5332 3132 5383 veluti
3165 5328 3496 5400 θεομαχεῖν,
3526 5331 3649 5383 dum
3669 5344 3755 5400 su-

2207 5406 2356 5473 perni
2387 5404 2592 5458 lictoris
2616 5411 2795 5471 partes
2816 5411 3122 5464 assumunt,
3146 5398 3423 5470 novasque
3449 5398 3754 5456 faciesemn-

2207 5473 2688 5546 gere_i_iiolittntur._
2737 5490 2758 5524 ι
2920 5539 2933 5546 _
3007 5538 3038 5546 Δ
3135 5541 3150 5546 _
3559 5539 3625 5546 Η
3734 5538 3753 5546 ⁸
3821 5478 3823 5487 .

2280 5544 2393 5629 (87)
2420 5542 2746 5629 Προτιθείς,
2777 5550 2884 5596 etc.
2920 5539 2975 5594 In
2998 5538 3096 5594 0r.
3132 5541 3179 5604 Ι,
3230 5560 3321 5610 γρ.
3355 5539 3664 5612 προστιθεὶς
3703 5538 3758 5605 τῇ

2210 5614 2329 5669 θεία
2367 5615 2568 5684 μορφῇ.

2220 5752 2238 5765 _
2282 5671 2773 5765 (8ᾑῃμιώτερον
2804 5678 3008 5765 6é.§ic
3037 5682 3202 5752 Regg.
3240 5682 3353 5749 but,
3390 5681 3485 5748 hu,
3520 5678 3615 5736 0r.
3646 5678 3666 5730 l
3716 5686 3760 5729 et

624 5759 729 5824 ’20)
757 5751 1238 5815 AMsirfBillius:
1272 5776 1291 5810 ε
1330 5751 1395 5814 ad
1429 5759 1787 5827 exponendas.
1812 5777 1828 5808 ι
1854 5755 1949 5815 0r.
1982 5758 2030 5822 l,
2063 5776 2067 5805 ε

2213 5751 2326 5810 Jes.
2350 5751 2508 5819 Editi,
2545 5751 2871 5826 τιμιώτερον
2900 5751 2967 5807 δ’.
