3844 6390
116 362 187 420 θυι
525 322 545 342 ⁸
708 343 965 402 nemo
1002 345 1140 403 vut.
1179 379 1250 388 _
1283 345 1349 401 IN
1389 340 1676 403 LAUDEM
1716 344 2014 403 souonts
2054 343 2215 406 sum
2255 347 2657 407 concoumz.
3187 351 3295 413 sua

114 476 192 539 σὰς
213 469 291 525 καὶ
325 461 651 535 ύπογραφὰς,
696 462 788 514 καὶ
821 462 948 525 τοὺς
985 461 1194 526 ζῶντας
1239 462 1492 527 πίνακας,
1519 463 1613 517 καὶ

1776 464 1850 528 iis,
1888 469 2049 532 atque
2100 463 2245 518 intus
2277 463 2497 519 condito
2518 463 2828 535 splendore,
2863 466 3294 536 praestantiorem

111 542 185 641 ξῆν
224 563 421 636 ῥέουσαν
457 553 775 625 εὐμορφίαν,
817 557 935 618 ταῖς
983 553 1076 607 ἐπὶ
1111 554 1355 626 θεάτρων
1400 554 1619 626 παρῆκε

1780 555 2074 625 gnoscebat.
2119 554 2271 611 Unus
2294 554 2371 610 illi
2407 555 2577 611 rubor
2609 555 2891 626 placebat,
2932 572 3092 628 quem
3123 563 3298 632 pudor

111 663 183 721 καὶ
213 656 302 711 τῶν
332 648 562 723 τριόδων,
599 647 695 700 καὶ
733 647 886 711 ὅσαις
936 646 1167 718 αἰσχύνη
1218 647 1313 701 καὶ
1336 647 1536 710 ὄνειδος
1558 647 1621 700 τὸ

1780 645 1882 700 l‘ert
1912 662 1928 700 :
1972 659 2116 700 unus
2158 646 2385 712 candor,
2421 660 2581 716 quem
2616 647 2759 716 parit
2782 649 3133 706 continentia.
3159 650 3298 708 Nam

111 743 417 823 amgvsaom,
1722 736 1994 806 pigmenta
2016 774 2033 801 ,
2062 745 2116 789 et
2140 736 2294 792 fucos
2313 775 2329 802 ,
2357 751 2420 792 ac
2444 737 2598 792 vivas
2623 737 2858 801 tabulas,
2888 750 2946 795 et
2969 738 3167 798 ﬂuxam
3192 743 3302 800 for-

110 864 183 905 ιιιιε
212 844 511 897 venustatem
554 831 788 888 scenicis
810 841 863 888 et
899 831 1199 889 trivialibus
1235 831 1595 904 relinquebat,
1635 832 1947 902 quibusque
1972 828 2236 901 probrum
2264 844 2330 885 ac
2354 829 2591 886 dedecus
2615 840 2699 887 est
2723 831 3067 888 erubescere.

156 1028 237 1079 IA'.
271 1017 439 1073 Ταῦτα
476 1015 573 1084 μὲν
602 1013 663 1085 δὴ
696 1013 918 1069 τοιαῦτα
938 1030 952 1045 ·
982 1014 1080 1085 τῆς
1112 1012 1168 1067 δὲ
1197 1014 1509 1087 φρονήσεως
1533 1016 1627 1069 καὶ

1793 1011 1886 1068 XI.
1925 1012 2101 1083 Atque
2128 1012 2245 1067 haec
2272 1013 2491 1083 quidem
2527 1013 2676 1070 talia.
2725 1014 3074 1070 Prudentium
3119 1024 3296 1072 autem

107 1119 179 1187 τῆς
199 1109 557 1171 εύσεδείαςούκ
588 1106 854 1179 ἕστιν(89)
873 1108 1019 1171 ὅστις
1040 1107 1106 1161 ἂν
1134 1107 1560 1177 ὲφίκοιτολόγος,
1587 1108 1619 1180 ἢ

1783 1105 1894 1160 sius
1919 1118 1983 1158 ac
2010 1104 2265 1174 pietatem
2300 1118 2462 1160 nemo
2498 1114 2583 1159 est
2607 1105 2700 1175 qui
2724 1104 2907 1159 verbis
2936 1105 3058 1159 ullis
3077 1108 3298 1176 assequi

107 1208 237 1263 πολλὰ
256 1206 313 1258 ἂν
340 1198 582 1270 εὑρεθείη
610 1198 679 1252 τὰ
710 1198 1145 1271 παραδείγματα,
1172 1198 1311 1270 πλὴν
1346 1198 1452 1252 τῶν
1484 1200 1623 1252 ὲκεί-

1782 1197 1931 1265 ιεείι;
1962 1211 2066 1253 nec
2097 1197 2269 1252 multa
2298 1197 2546 1266 exempla
2589 1197 2814 1266 reperiri
2850 1207 3073 1266 queant,
3100 1209 3300 1268 praeter

106 1320 176 1372 νης
192 1298 269 1352 καὶ
293 1293 422 1349 κατὰ
447 1291 624 1364 σάρκα
650 1290 743 1344 καὶ
774 1289 916 1344 κατὰ
943 1290 1159 1363 πνεῦμα
1177 1291 1446 1363 πατέρων,
1482 1291 1618 1363 πρὸς

1779 1298 1891 1359 Lius,
1921 1302 2037 1349 tum
2065 1294 2368 1350 secundum
2396 1308 2617 1365 corpus,
2651 1302 2764 1348 tum
2802 1297 3097 1351 secundum
3136 1296 3297 1366 spiri-

104 1395 171 1456 οὓς
201 1390 366 1460 μόνους
410 1383 611 1455 ὁρῶσα,
644 1382 739 1436 καὶ
791 1375 866 1436 ὧν
904 1382 1054 1437 οὐδὲν
1110 1383 1473 1454 ὲλαττουμένη
1516 1384 1617 1455 τὴν

1787 1404 1873 1453 m,
1918 1396 2209 1457 parentes,
2261 1387 2313 1441 in
2362 1402 2502 1457 quos
2549 1387 2698 1443 solos
2734 1388 2991 1453 intuens,
3019 1397 3076 1443 et
3101 1388 3298 1459 quibus

105 1479 274 1551 ἀρετὴν,
301 1473 375 1528 ἐνὶ
426 1470 599 1542 τούτῳ
637 1470 728 1523 καὶ
759 1468 918 1539 μόνον
957 1472 1159 1541 ἡττᾶτο
1198 1470 1291 1524 καὶ
1317 1470 1457 1524 πάνυ
1492 1490 1623 1543 προ-

1782 1487 1921 1532 rtute
1944 1480 2260 1549 neutiquam
2287 1478 2518 1533 inferior
2539 1494 2661 1533 cum
2687 1489 2849 1543 esset,
2872 1481 2972 1534 hoc
2991 1495 3098 1535 uno
3121 1491 3300 1536 tamen

104 1572 262 1639 θύμως,
314 1568 389 1620 ὅτι
467 1564 599 1636 παρ’
657 1562 884 1615 ἐκείνων
937 1561 998 1614 τὸ
1055 1561 1278 1630 ἀγαθὸν,
1338 1562 1622 1626 κάκείνους

1784 1570 1945 1625 lmine
1985 1584 2245 1640 perquam
2270 1570 2508 1625 libenter
2533 1571 2780 1635 cedebat,
2813 1573 2955 1640 quod
2987 1572 3056 1627 ab
3082 1572 3168 1627 his
3199 1572 3302 1628 hoc

106 1661 220 1733 ῥίζαν
242 1656 327 1708 καὶ
354 1654 466 1724 ᾔδει
506 1652 600 1704 καὶ
633 1650 897 1722 ὡμολόγει
921 1651 1019 1721 τῆς
1040 1650 1245 1715 οἰκείας
1285 1651 1623 1722 ὲλλάμψεως.

1785 1676 1924 1715 mum
1954 1660 2291 1731 accepisset,
2321 1675 2526 1729 eosque
2564 1660 2980 1715 illuminatiouis
3015 1676 3129 1715 suae
3159 1662 3303 1715 radi-

101 1753 147 1803 Τί
169 1750 248 1821 μὲν
272 1747 363 1816 τῆς
380 1744 617 1807 διανοίας
644 1744 857 1813 ἐκείνης
883 1742 1158 1814 ὀξύτερον,
1186 1743 1253 1813 ἣν
1290 1760 1353 1813 γε
1381 1743 1475 1796 καὶ
1506 1760 1619 1796 κοί-

1785 1770 1841 1807 :m
1864 1761 1919 1807 et
1939 1760 2261 1824 agnosceret
2302 1760 2359 1808 et
2398 1751 2684 1807 fateretur.
2712 1750 2831 1807 1am
2856 1767 2982 1807 vero
3009 1752 3136 1823 quid
3159 1751 3303 1807 illius

100 1846 168 1913 «τὴν
193 1838 464 1909 σύμϐουλον
499 1837 597 1905 οὐχ
650 1836 700 1888 οἰ
746 1837 810 1888 ὲκ
843 1835 1031 1903 γένους
1078 1836 1257 1905 μόνον,
1297 1836 1406 1889 οὐδ’
1431 1838 1477 1889 oi
1510 1836 1618 1906 (90)

1785 1845 1938 1915 genio
1970 1844 2208 1909 acutius,
2247 1844 2447 1913 quippe
2473 1842 2632 1912 cujus
2672 1842 2903 1898 consilio
2943 1858 3053 1899 non
3103 1844 3140 1898 ii
3183 1852 3303 1897 tan-

100 1936 144 1986 ἐκ
169 1931 243 1984 τοῦ
263 1928 419 1983 αὐτοῦ
445 1926 601 1989 λαοῦ,
634 1926 846 1996 καὶτῆς
876 1928 1006 1996 μιᾶς
1044 1926 1152 1997 (91)
1200 1925 1459 1998 μάνδρας,
1486 1925 1618 1980 ἀλλὰ

1788 1953 1859 2002 ιη,
1886 1936 1980 2007 qui
2013 1951 2217 2008 genere
2248 1937 2421 2005 ipsam
2451 1936 2809 2008 attingebant,
2832 1944 2886 1991 et
2909 1936 2998 2005 qui
3020 1952 3088 1991 ex
3112 1935 3302 1992 eadem

100 2024 166 2077 καὶ
185 2023 225 2075 οἱ
246 2021 414 2091 κύκλῳ
440 2018 499 2073 δὲ
536 2018 734 2081 πάντες
763 2017 1076 2085 ἐγίνωσκον,
1110 2019 1205 2071 καὶ
1241 2017 1403 2088 νόμον
1431 2016 1618 2071 ἄλυτον

1782 2032 1881 2086 ebe
1929 2038 2096 2099 atque
2139 2031 2327 2086 eadem
2375 2029 2531 2086 caula
2564 2040 2755 2094 erant,
2788 2030 2883 2085 sed
2926 2029 3092 2085 vicini
3135 2030 3300 2086 etiam

100 2116 170 2179 τὰς
200 2115 391 2183 ἐκείνης
428 2109 708 2164 ἐποιοῦντο
750 2110 860 2179 (92)
899 2109 1183 2180 ὑποθήκας
1218 2110 1313 2163 καὶ
1357 2108 1618 2182 παραινέ-

1785 2136 1922 2176 nues
1950 2121 2313 2176 communiter
2344 2121 2661 2185 utebantur,
2693 2119 2921 2190 ejusque
2949 2130 3217 2190 pracepta
3248 2126 3303 2173 et

100 2225 204 2272 σεις;
231 2206 286 2260 Τί
319 2205 374 2258 δὲ
400 2204 513 2275 (95)
552 2202 662 2256 τῶν
704 2202 877 2272 λόγων
927 2204 1151 2257 ἐκείνων
1187 2203 1618 2274 εὐστοχώτερον;

1786 2217 2136 2274 .hortationes
2158 2232 2257 2288 pro
2282 2220 2439 2272 ﬁrma
2461 2224 2515 2273 et
2533 2216 2831 2272 inviolabili
2856 2216 2974 2287 lege
2997 2213 3304 2271 ducebant?

99 2301 134 2351 τί
157 2300 201 2351 δὲ
223 2298 311 2367 τῆς
344 2295 554 2365 σιωπῆς
589 2293 950 2365 συνετώτερον
976 2310 991 2357 ;
1030 2292 1167 2346 Ἀλλ’
1195 2294 1377 2366 ἐπειδή
1409 2310 1473 2363 γε
1498 2310 1617 2347 σιω⁴

1785 2310 1860 2364 ιῑιι
1925 2309 2074 2364 illius
2138 2309 2487 2365 sermonibus
2541 2308 2837 2364 solertius?
2895 2307 3034 2375 Quid
3086 2306 3303 2362 silentio

97 2391 174 2456 πῆς
189 2384 461 2458 ἐμνήσθην,
491 2384 789 2455 προσθήσω
816 2383 876 2436 τὸ
896 2382 1225 2437 οἰκειότατον
1249 2383 1359 2455 (94)
1382 2384 1615 2455 ἐκείνης,

1786 2404 2088 2459 'udentius?
2135 2403 2203 2458 Et
2235 2405 2496 2475 quoniam
2528 2405 2585 2459 in
2622 2404 2822 2460 silentii
2855 2402 3185 2457 mentionem
3218 2401 3304 2455 in-

98 2482 164 2532 καὶ
185 2476 371 2547 γυναιξὶ
408 2474 883 2546 πρεπωδέστατον,
943 2474 1037 2527 καὶ
1084 2473 1162 2545 τῷ
1189 2473 1416 2545 παρόντι
1446 2473 1616 2547 καιρῷ

1781 2495 1826 2550 di
1855 2539 1871 2564 ,
1915 2495 2106 2551 addam
2151 2497 2202 2550 id
2224 2473 2428 2566 ,7quod
2460 2497 2695 2552 maxime
2724 2495 3004 2566 proprium
3047 2495 3146 2564 ipsi
3178 2492 3299 2560 fuit,

96 2568 470 2642 [matutbwtom
509 2564 606 2629 Τίς
651 2565 748 2635 μὲν
783 2564 924 2635 ἔγνω
961 2565 1030 2619 τὰ
1076 2565 1205 2637 περ)⁹
1252 2564 1386 2618 Θεοῦ
1423 2565 1614 2636 μᾶλλον

1786 2588 1977 2658 totique
2008 2564 2331 2644 mulieribus
2356 2589 2648 2643 admodum
2681 2564 2953 2659 congruit,
2985 2598 3148 2657 atque
3176 2589 3304 2643 huic

97 2666 142 2715 ix
161 2680 207 2715 τε
230 2661 324 2714 τῶν
364 2660 524 2713 θείων
559 2658 753 2729 λογίων
806 2660 899 2712 καὶ
930 2658 1029 2729 τῆς
1073 2657 1281 2722 οἰκείας
1314 2658 1615 2723 συνέσεωςς

1784 2681 1957 2747 mpori
2005 2696 2355 2751 permagnam
2397 2682 2688 2736 utilitatem
2732 2682 2998 2736 attulerit.
3040 2682 3302 2748 Quaenam

95 2757 163 2818 Τίς
181 2756 227 2807 δὲ
245 2750 394 2827 ἦττον
421 2751 729 2823 ἐφθέγξατο
761 2752 819 2804 ὲν
841 2753 951 2812 τοῖς
970 2752 1298 2821 γυναικείοις
1332 2751 1443 2823 (95)
1478 2752 1613 2824 ὅροις

1785 2788 1820 2827 :s
1847 2772 2079 2838 divinas,
2108 2783 2223 2828 tum
2249 2790 2313 2829 ex
2338 2775 2535 2830 divinis
2556 2774 2818 2837 oraculis,
2850 2784 2962 2828 tum
2995 2788 3057 2827 ex
3087 2774 3303 2843 propria

96 2848 164 2918 τῆς
189 2847 441 2910 εὐσεϐείας
476 2846 746 2918 μείνασα;
792 2848 857 2898 Ὃ
912 2845 957 2898 δ’
1004 2840 1096 2898 οὖν
1159 2845 1419 2914 ὠφείλετο
1461 2847 1527 2916 τῇ
1558 2861 1614 2914 γε

1787 2865 2084 2936 telligentia
2107 2875 2159 2922 et
2181 2868 2495 2937 sagacitate,
2520 2867 2698 2933 magis
2730 2865 3020 2935 cognovit?
3045 2840 3300 2930 Quaanam

94 2938 258 3009 ἀληθῶς
292 2938 536 2991 εύσεόεἶν
598 2937 891 3009 ὲγνωκυίᾳ,
937 2938 1033 2991 καὶ
1078 2932 1139 2991 οὗ
1190 2937 1332 3009 καλὴ
1394 2937 1612 3009 μόνονὴ

1784 2932 1924 3012 Irsus
1940 2960 2121 3015 minus
2148 2932 2323 3013 locuta
2349 2967 2455 3024 est,
2480 2932 2841 3013 muliebribus
2862 2957 3081 3028 pietatis
3108 2957 3302 3012 finibus

96 3030 331 3101 ἀπληστία,
358 3031 441 3094 τίς
496 3031 598 3101 μὲν
620 3027 963 3100 ἀναθήμασιν
1002 3027 1144 3081 οὕτω
1184 3030 1348 3091 ναοὺς
1389 3027 1614 3081 κατεκό-

1784 3063 1850 3103 εεθ
1885 3050 2209 3104 continens?
2238 3049 2381 3114 Jam,
2410 3050 2551 3119 quod
2583 3050 2828 3105 mulieris
2860 3056 2998 3111 erat,
3027 3064 3149 3118 quae
3176 3063 3302 3102 vere

96 3141 277 3195 σμησεν,
303 3123 491 3187 ἄλλους
529 3141 589 3177 τε
618 3125 711 3177 καὶ
748 3123 838 3178 τὸν
865 3122 973 3191 (96)
1014 3123 1115 3176 οὐκ
1144 3116 1239 3174 οἶδ’
1271 3122 1319 3173 εί
1356 3120 1467 3191 (97)
1498 3122 1614 3192 μετ’

1787 3140 1914 3192 etati
1948 3139 2170 3193 studere
2214 3140 2460 3193 animum
2504 3140 2843 3202 induxisset,
2880 3149 2933 3194 et
2964 3140 3018 3193 in
3054 3153 3161 3206 quo
3186 3138 3305 3193 solo

95 3220 260 3289 ἐκείνην
288 3219 804 3290 κοσμηθησόμενον;
853 3215 1073 3272 Μᾶλλον
1115 3216 1193 3282 δὲ,
1221 3215 1305 3278 τίς
1332 3214 1472 3268 οὕτω
1496 3215 1613 3269 ναὸν

1784 3229 2032 3282 ιιίριηιειιι
2065 3228 2280 3282 nescire
2310 3228 2628 3296 praeclarum
2660 3238 2779 3291 est,
2815 3242 3060 3297 quaenam
3101 3234 3183 3281 tot
3207 3228 3302 3281 do-

93 3311 236 3363 ἐαυτὸν
260 3312 364 3381 (98)
412 3311 493 3382 τῷ
524 3311 643 3383 Θεῷ
673 3309 851 3375 ζῶντα
888 3310 1265 3382 παρέστησεν;
1311 3310 1405 3373 Τίς
1440 3308 1496 3361 δὲ
1536 3326 1611 3361 το-

1782 3320 1899 3373 triis
1921 3361 1935 3386 ,
1972 3336 2092 3374 cum
2133 3322 2237 3374 alia
2275 3320 2470 3391 templa
2493 3358 2507 3384 ,
2540 3330 2648 3373 tum
2684 3321 2782 3374 hoc
2817 3335 3031 3390 quoque
3063 3319 3300 3382 ornavit,

95 3401 236 3454 σοῦτον
256 3403 500 3470 ἐδόξασεν
533 3404 734 3475 ἱερέας,
770 3403 962 3466 ἄλλους
984 3420 1043 3455 τε
1076 3404 1170 3456 καὶ
1203 3403 1294 3455 τὸν
1331 3401 1443 3473 (99)
1475 3402 1613 3455 ἐκεί·

1784 3411 1876 3465 tud
1918 3412 2034 3467 scio
2064 3428 2129 3465 an
2160 3421 2282 3482 post
2305 3427 2424 3465 eam
2455 3412 2758 3466 ornandum
2786 3423 2840 3465 et
2868 3411 3302 3467 honestandum?

92 3510 138 3565 νῃ
170 3496 251 3567 τῆς
295 3497 577 3561 εύσεόείας
619 3494 1022 3566 συναγωνιστὴν
1060 3495 1155 3547 καὶ
1193 3494 1529 3558 διδάσκαλον,
1559 3488 1610 3547 οἶ

1782 3520 1845 3555 un
1874 3519 2006 3558 vero
2039 3519 2286 3571 quaenam
2323 3504 2548 3573 perinde
2583 3502 2745 3573 225
2773 3505 3005 3573 seipsam
3042 3502 3300 3574 templum

92 3585 141 3638 τὰ
161 3588 277 3641 καλὰ
323 3589 621 3661 σπέρματα
662 3589 754 3643 κα)⁵
810 3590 844 3658 ἡ
875 3586 1253 3659 καθιερωμένη
1283 3586 1393 3639 τῶν
1416 3585 1610 3639 τέκνωι

1786 3609 1907 3647 vum
1943 3593 2054 3651 Deo
2089 3595 2376 3650 exhibuit?
2414 3595 2672 3661 Quaenam
2720 3596 2838 3665 pari
2877 3596 3081 3650 honore
3116 3610 3301 3651 sacer-

92 3676 158 3746 τῷ·
168 3677 266 3749 Θεῷ
294 3678 527 3748 συζυγία
560 3680 636 3750 (Ι)
657 3696 673 3742 ;

1782 3697 1883 3740 )tes
1912 3686 2192 3755 complexa
2223 3697 2330 3748 est,
2367 3699 2600 3754 eumque
2630 3686 2929 3755 praesertim
2950 3726 2968 3753 ,
2999 3700 3158 3757 quem
3187 3684 3300 3754 pie—

94 3770 185 3823 tatis
219 3773 638 3825 commilitonem
688 3777 742 3824 et
780 3769 1096 3839 magistrum
1143 3768 1369 3835 habuit,
1418 3769 1606 3839 illum,
1676 3774 1931 3846 inquam,
2001 3778 2169 3848 cujus"
2226 3778 2449 3848 pulchra
2492 3780 2697 3835 semina
2763 3787 2920 3842 sunt,
2959 3788 3014 3832 et
3046 3792 3147 3849 par
3173 3777 3301 3835 lilio‘

94 3875 177 3915 rum
206 3862 303 3917 Deo
336 3870 721 3918 consecratum
744 3864 767 3916 ?

139 3952 218 4008 iB'.
246 3955 334 4020 Τίς
359 3955 415 4009 δὲ
451 3956 547 4009 τὸν
573 3952 718 4009 οἰκον
751 3955 952 4027 ἑαυτῆς
986 3955 1185 4027 μᾶλλον
1215 3954 1492 4028 προύθηκε
1514 3961 1629 4023 τοῖς

1792 3959 1909 4015 XII.
1952 3958 2207 4026 Quaenam
2239 3961 2456 4014 domum
2487 3975 2637 4016 suam
2662 3960 2765 4029 piis
2789 3959 3101 4016 hominibus
3124 3960 3301 4032 magis

91 4043 190 4109 ζῶσι
213 4049 342 4102 κατὰ
367 4049 501 4102 Θεὸν
550 4048 648 4119 (2),
680 4049 778 4119 τὴν
808 4048 978 4120 καλὴν
1010 4048 1255 4115 δεξίωσιν
1291 4050 1384 4103 καὶ
1406 4050 1609 4104 πλουτίη

1784 4054 2045 4125 Ὀβθδιιίῑ,
2096 4053 2412 4123 pulchram,
2462 4054 2721 4123 inquam,
2773 4052 3190 4122 exceptionem,
3234 4063 3302 4107 ac

91 4137 244 4199 ζουσαν
290 4141 402 4209 (5);
459 4141 575 4193 Καὶ
606 4140 635 4192 ὂ
666 4138 853 4193 τούτου
897 4138 1081 4212 μεῖζόν
1133 4141 1269 4203 ἐστι,
1326 4141 1408 4205 τίς
1454 4141 1609 4205 οὕτως

1785 4145 1941 4199 vitias
1975 4143 2397 4198 conciliantem?
2450 4144 2547 4205 Et,
2597 4144 2743 4213 quod
2785 4151 2869 4197 est
2911 4140 3298 4210 praestantius,

90 4228 306 4295 ἐδεξιοῦτο
331 4234 396 4302 τῇ
441 4231 589 4286 αἰδοῖ
615 4232 708 4284 καὶ
754 4234 867 4294 τοῖς
895 4231 1038 4285 κατὰ
1080 4231 1212 4284 Θεὸν
1257 4232 1608 4304 διαϐήμασιν

1781 4252 1968 4289 laeuam
2001 4236 2241 4304 pudore,
2286 4251 2351 4290 ac
2396 4235 2505 4290 Deo
2539 4235 2709 4305 gratis
2757 4234 3062 4290 incessibus
3107 4248 3299 4287 occur-

88 4320 170 4373 Καὶ
194 4323 252 4374 τὰ
278 4323 366 4375 ἐπὶ
390 4322 629 4386 τούτοις,
676 4322 759 4386 τίς
791 4321 889 4393 μὲν
926 4321 1048 4375 νοῦν
1081 4321 1279 4387 ἔδειξεν
1327 4323 1606 4377 ἀπαθέστει

1784 4327 1913 4393 udo,
1945 4342 2038 4383 eos
2068 4327 2140 4381 ita
2175 4327 2525 4397 excipiebat?
2552 4328 2809 4395 Quaenam
2840 4332 3102 4395 praeterea
3146 4332 3298 4379 tran-

90 4428 157 4477 ρον
181 4415 229 4467 ἐν
255 4418 362 4479 τοῖς
383 4415 588 4469 πάθεσι
621 4414 733 4486 (4);
766 4414 848 4477 τίς
883 4413 939 4467 δὲ
968 4413 1419 4486 συμπαθεστέραν
1446 4415 1608 4487 ψυχὴι

1780 4420 2035 4474 tilliorem
2064 4421 2116 4473 in
2145 4418 2540 4474 calamitatibus
2569 4429 2803 4473 mentem
2838 4416 3105 4488 praetulit?
3136 4414 3298 4481 Quae-

87 4508 168 4569 τοῖς
215 4509 513 4579 κάμνουσις
574 4507 656 4571 τίς
682 4510 837 4579 χεῖρα
878 4507 1265 4580 δαψιλεστέραν
1304 4511 1417 4573 τοῖς
1438 4508 1605 4581 δεομέ-

1779 4526 1856 4564 am
1906 4526 2097 4565 rursus
2144 4511 2383 4564 animum
2425 4510 2493 4565 ad
2544 4525 2770 4575 eorum,
2823 4510 2913 4579 qui
2958 4508 3297 4577 laborabant,

136 4694 229 4763 (89)
255 4696 588 4761 Εὑσεϐείας
618 4696 729 4750 οὐκ
776 4696 967 4751 ἐστιν.
1018 4694 1176 4748 Deest
1228 4695 1326 4747 οὐκ
1376 4693 1429 4746 in
1484 4691 1617 4762 Reg.

1779 4693 1904 4747 ibita
1951 4704 2056 4757 est,
2094 4708 2197 4747 non
2232 4704 2379 4748 certe
2406 4691 2804 4748 Nazianlenntn
2847 4691 3099 4763 templum
3125 4687 3297 4747 intel-

85 4764 154 4825 Ιιιι,
183 4765 228 4816 in
249 4766 453 4821 duobus
475 4767 655 4833 Colb.,
679 4782 758 4821 or.
793 4767 845 4830 1,
868 4773 922 4820 et
956 4763 1065 4820 Jes.
1093 4764 1422 4819 Scholiastes
1442 4763 1618 4825 Coll»,
1728 4764 1841 4833 ligit
1868 4764 2185 4829 Gregorius,
2220 4777 2277 4817 ut
2310 4764 2422 4817 vult
2451 4764 2610 4816 Elius.

83 4835 279 4905 detracto
305 4838 429 4900 οὐκ,
475 4828 661 4890 monet
685 4838 764 4892 sic
785 4828 1169 4905 interrogative
1193 4835 1474 4903 legendum
1499 4849 1601 4905 es»

1545 4850 1619 4888 sse
1771 4828 1909 4904 7(97)
1937 4833 2074 4887 016’.
2106 4828 2273 4905 Βόκκι
2306 4834 2415 4896 but,
2450 4841 2547 4905 hu,
2568 4833 2661 4887 0r.
2693 4834 2747 4895 1,
2788 4831 2898 4905 Jes.
2926 4828 3063 4886 οἶδα.

83 4902 397 4970 hunclocum,
433 4926 451 4958 ι
498 4908 841 4975 prudentiam
873 4900 1051 4959 autem
1080 4914 1136 4959 et
1178 4900 1426 4976 pietatem
1456 4904 1616 4966 illius,
1762 4974 1768 4976 Α
1796 4900 1908 4976 (98)
1947 4900 2553 4972 Ἑαυτόνζιθεειιιίιιιη
2586 4905 2816 4968 videtur,
2844 4901 3061 4976 ἑαυτήν.
3104 4900 3196 4958 Sic
3220 4901 3301 4959 le-

82 4984 199 5027 estne
225 4976 430 5042 aliquis,
463 4973 560 5044 qui
590 4978 769 5031 verbis
795 4977 916 5046 ullis
942 4976 1155 5046 assequi
1180 4973 1393 5046 possit?
1422 4994 1442 5027 ι
1722 4974 1795 5046 git
1819 4973 2022 5046 Billius.

133 5046 226 5115 (90)
246 5047 376 5101 Οὐδ’
408 5042 496 5101 οἰ.⁷
523 5046 656 5115 Reg.
687 5051 779 5108 hu,
812 5044 906 5101 Or.
940 5048 991 5111 1,
1019 5042 1128 5100 Jes.
1158 5042 1277 5099 οὐδὲ
1299 5048 1370 5098 οἰ.

1798 5044 1910 5115 (99)
1944 5044 2053 5100 Καὶ
2090 5043 2216 5108 τόν,
2265 5052 2371 5101 etc.
2414 5042 2465 5098 Is
2488 5043 2791 5115 spiritualis
2816 5044 2979 5099 Pater
3005 5060 3070 5115 ac
3106 5043 3294 5115 magia

133 5057 226 5115 (30)
246 5057 376 5101 οὐδ’
408 5057 487 5101 οὶ.
523 5057 656 5115 Heg.
687 5057 779 5108 hu,
812 5057 906 5101 Ur.
940 5057 991 5111 ‘I,
1019 5057 1128 5100 .Ies.
1158 5057 1277 5099 ουδὲ
1299 5057 1370 5098 οι.

128 5117 223 5189 (91)
262 5117 374 5186 Τῆς
405 5115 575 5188 μιᾶς.
604 5120 731 5187 lieg.
764 5117 857 5181 ltu,
889 5117 987 5189 τῆς
1009 5116 1180 5186 αὐτῆς
1211 5118 1360 5186 μιᾶς,
1384 5133 1403 5165 ι
1429 5130 1493 5170 ex
1516 5127 1619 5167 una

1798 5057 1910 5115 (99)
1944 5057 2053 5100 Kat
2090 5057 2216 5108 τον,
2265 5057 2371 5101 etc.
2416 5057 2465 5098 ts
2493 5057 2791 5112 spmtuaus
2816 5057 2979 5099 Pater
3005 5060 3070 5099 ac
3116 5057 3293 5167 magna

1779 5116 1965 5189 erluit
1994 5115 2300 5177 Faustinus,
2329 5124 2454 5169 tunc
2482 5114 2642 5169 Iconii
2686 5117 2993 5186 episcopus.
3022 5113 3154 5169 Vide
3234 5131 3293 5169 οι

80 5185 333 5239 eadem.t7
406 5185 421 5188 ⁷
686 5185 700 5187 ⁷
944 5185 954 5189 ⁷
1139 5185 1145 5186 7
1215 5185 1222 5186 7

944 5185 954 5189 ⁷
1139 5185 1145 5186 7
1215 5185 1222 5186 7
1728 5187 1825 5240 uit.
1852 5186 1904 5238 iu
1937 5186 2075 5239 hanc
2099 5195 2262 5249 orat.,
2294 5201 2347 5240 n.
2381 5200 2462 5240 ut.

133 5256 627 5326 (91)Ἐποιοῦνιτο.
660 5258 818 5314 Deest
845 5258 897 5312 in
927 5258 1061 5326 Reg.
1085 5258 1198 5321 bm,
1234 5254 1330 5311 0r.
1368 5255 1423 5320 1,
1466 5254 1616 5308 aliis-

1795 5255 1872 5327 (l)
1901 5256 2174 5324 Συζυγία.
2207 5272 2227 5305 ι
2267 5253 2381 5327 Par
2412 5270 2625 5327 sacrum
2654 5254 2905 5327 filiorum,
2936 5254 3043 5327 Lid
3068 5252 3300 5327 est,_duo

80 5322 160 5390 que
192 5322 421 5395 pluribus
453 5328 757 5382 codicibus.
1010 5322 1033 5326 ⁷
1477 5394 1486 5396 Α
1722 5322 2013 5396 Go'rgoniae
2039 5322 2158 5390 ﬁlii,
2189 5325 2280 5394 qui
2300 5326 2535 5396 episcOpi
2566 5325 2735 5389 luere,
2765 5324 2921 5393 quta
2947 5324 3141 5379 Eliam.
3163 5322 3299 5379 Vide

130 5394 223 5469 (95)
258 5400 317 5455 Τί
335 5398 423 5453 δέ.
452 5397 597 5469 Reg.
622 5400 718 5463 hu,
737 5396 903 5452 etOr.
932 5397 986 5461 I,
1008 5396 1073 5449 Τί
1097 5396 1202 5450 δαί.
1232 5396 1353 5451 Mox
1371 5394 1613 5448 ἐκείνων.

515 5414 597 5469 eg.
622 5400 718 5463 hu,
737 5396 903 5452 etOr.
932 5397 986 5461 I,
1008 5396 1073 5449 Τί
1097 5396 1202 5450 δαί.
1232 5396 1353 5451 Mox
1371 5394 1613 5448 ἐκείνοιν.
1722 5394 1867 5469 M097.
1894 5413 1945 5448 ιι.
1976 5411 2033 5469 ιι.

75 5462 215 5522 Forte
244 5470 488 5539 ἐκείνης.
545 5462 573 5469 ⁷
668 5537 695 5539 ξ
878 5538 887 5539 ί
1009 5537 1017 5539 Α
1135 5534 1158 5539 ,
1250 5538 1257 5539 ,
1342 5536 1416 5539 ,_

1794 5465 2030 5539 (2LTch
2057 5463 2195 5527 ζῶσι
2230 5462 2695 5539 κατὰλθεόνςτμὸἰο
2723 5463 2857 5534 Reg.
2888 5463 2989 5531 bu,
3014 5463 3108 5521 Or.
3152 5465 3203 5526 1.
3239 5471 3294 5520 ει

129 5538 225 5608 (94)
244 5534 647 5595 Οὶκειὸτατον.
667 5537 836 5608 Regg.
876 5538 986 5601 bm,
1008 5537 1100 5604 Ιιιι,
1125 5534 1219 5592 0r.
1240 5538 1291 5604 I,
1317 5536 1612 5591 ἰδιώτατον.

1178 5554 1219 5592 r.
1240 5538 1291 5604 I,
1317 5536 1612 5591 ἰδιώτατον.
1722 5534 1832 5593 Jes.
1852 5534 2022 5599 7Editi,
2061 5540 2173 5608 τοῖς
2206 5535 2348 5589 κατὰ
2378 5534 2511 5608 Θεὸν
2542 5534 2696 5598 ζῶσι.

130 5540 225 5675 (94)
244 5543 647 5595 Οὶκειότατον.
667 5540 836 5608 Regg.
876 5540 986 5601 bm,
1008 5540 1100 5604 htt,
1125 5540 1219 5592 0r.
1240 5540 1291 5604 I,
1317 5540 1612 5591 ἰδιώτατον.

130 5609 204 5673 (95
253 5612 658 5675 Γυναικείας.
696 5607 786 5663 Sic
826 5608 1067 5676 plerique
1114 5609 1359 5678 codices,
1399 5617 1453 5660 et
1505 5610 1617 5674 ipse

1773 5554 1832 5591 es.
1860 5540 2022 5599 Editi,
2061 5540 2173 5599 τοῖς
2206 5540 2348 5589 κατὰ
2378 5540 2511 5588 Θεὸν
2542 5540 2697 5598 ζῶσι.

1795 5608 1872 5678 (3)
1903 5607 2382 5678 HJovleova'ar.
2422 5604 2722 5678 Gregorius
2755 5604 2841 5678 hic
2888 5604 3019 5678 mihi
3059 5604 3291 5678 videtur,

77 5670 243 5736 Billins.
286 5683 432 5738 Editi
492 5670 675 5735 tamen
744 5670 943 5733 habent
983 5670 1235 5744 οἰκείοις,
1284 5697 1304 5729 ι
1361 5670 1618 5733 όοιηεὲιί-
1725 5670 1879 5733 non}
1929 5679 2210 5742 ditantent,
2241 5695 2259 5728 ι
2291 5676 2385 5731 sed
2421 5692 2441 5726 ι
2489 5670 2722 5745 largam;
2755 5675 3051 5741 liberalem,
3078 5670 3294 5732 muniti-

77 5749 150 5800 cis.
176 5767 193 5800 ι
1723 5764 1839 5804 cam
1866 5749 2236 5815 exceptionem
2273 5767 2293 5799 ι
2336 5746 2659 5816 signiﬁcare.

126 5818 222 5878 I96)
250 5822 359 5878 Καὶ
388 5824 525 5877 τόν.
565 5839 583 5872 ι
624 5820 684 5877 Et
712 5820 873 5877 istud.
902 5838 920 5871 ›
962 5816 1018 5875 Si
1052 5819 1166 5875 hac
1192 5820 1364 5875 oratio
1399 5816 1616 5873 Arianzi

1243 5820 1364 5875 'atio
1399 5816 1616 5873 Ariauzi
1797 5817 1873 5887 (4)
1897 5816 2138 5873 Πάθεσι.
2174 5816 2338 5874 Coisl.
2369 5815 2421 5883 I7,
2456 5815 2761 5882 παθήμασι.
