3844 6390
163 357 246 415 305
764 341 1017 399 ORATIO
1060 341 1189 397 Vlll.
1228 366 1299 380 —
1332 338 1401 394 IN
1441 338 1721 396 LAUDEM
1762 337 2058 395 SORORIS
2097 336 2259 394 SUAE
2299 337 2695 395 GORGONIZE.

3226 339 3330 399 806

164 473 249 527 τῶν
268 466 443 526 καλῶν,
476 460 562 513 τοῦ
587 460 642 512 δέ
676 454 740 529 ῆν
769 460 927 529 ζῆλος
949 478 963 490 ·
995 460 1088 513 καὶ
1133 459 1193 512 τὸ
1219 459 1317 529 μὲν
1348 452 1493 528 εὗρε,
1524 458 1584 511 τὸ
1613 457 1662 509 δὲ

1775 466 2029 525 vagante;
2064 455 2149 509 bis
2195 456 2411 524 inquam
2453 454 2705 511 omnibus
2757 452 2950 517 rebus,
3003 464 3098 508 aut
3142 471 3335 513 narunt

162 565 385 631 ἐνίκησεν.
414 553 515 607 Καὶ
546 553 594 604 εί
620 551 740 605 καθ’
770 552 828 604 ἓν
859 569 910 604 τι
948 551 1151 604 τούτων
1186 550 1311 621 ἔσχε
1339 550 1401 602 τὸ
1430 548 1669 618 ἁμιλλώ-

165 668 291 726 μενον
324 645 443 717 (20),
469 641 599 695 ἀλλὰ
619 641 697 712 τῷ
724 659 787 710 γε
815 642 912 712 μία
939 641 1051 712 (21)
1078 641 1145 693 τὰ
1166 640 1341 694 πάντα
1364 638 1667 701 συλλαϐεῖν,

161 746 336 799 πάντων
369 734 675 808 ἐκράτησεν.
709 734 863 786 Οὕτω
922 735 1020 804 μὲν
1048 733 1116 786 τὰ
1173 732 1351 785 πάντα
1398 729 1672 802 κατορθώ-

161 851 285 896 σασα,
318 830 385 892 ὡς
419 827 583 888 οὐδεὶς
611 826 720 894 (22)
751 825 907 889 ἄλλος
930 825 988 877 ἓν
1027 826 1121 878 καὶ
1148 824 1379 895 μετρίως
1402 839 1416 854 ·
1452 823 1591 875 οὕτω
1618 820 1664 872 δ’

160 928 219 988 εἰς
240 923 379 991 ἄκρον
396 918 633 981 ἕκαστον,
660 916 799 969 ὥστε
827 919 921 969 καὶ
949 918 1069 971 ἀντὶ
1100 917 1314 970 πάντων
1342 915 1400 969 ἓν
1419 914 1666 984 ἐξαρκεῖν

159 1017 230 1071 καὶ
247 1012 399 1084 μόνον.

1774 547 1977 617 aliqua,
2004 548 2256 617 quisnam
2285 548 2523 601 virorum
2550 557 2645 601 aut
2673 546 2951 600 mulierum
2973 557 3074 613 est,
3099 549 3189 619 qui
3211 564 3333 606 eam

1773 653 1801 692 a
1830 653 1889 694 se
1916 648 2226 708 superatam
2252 652 2373 693 esse
2398 637 2615 708 gloriari
2643 638 2841 707 queat?
2867 638 2947 692 Ac
2972 639 3039 692 de
3078 640 3193 709 ipsa
3226 656 3335 696 non

1776 727 1956 781 minus
1984 741 2113 782 vere
2135 743 2297 795 quam
2339 725 2629 798 magniﬁce
2663 727 2945 792 praedicari
2972 737 3166 797 potest,
3191 731 3336 799 quod

1771 818 2032 871 virtutum
2075 817 2209 872 alias
2242 818 2449 872 imitata
2482 818 2587 881 sit,
2622 816 2850 871 aliarum
2878 818 3185 888 exemplum
3219 820 3340 876 fue-

1773 910 1887 965 rit:
1930 918 2092 982 atque
2123 911 2261 966 alias
2287 910 2501 979 quidem
2526 910 2828 976 invenerit,
2862 911 2997 967 alias
3034 918 3212 967 autem
3242 929 3337 968 su—

1778 1005 2067 1072 peraverit.
2114 1001 2181 1056 Et
2224 1010 2283 1055 ut
2328 1001 2591 1071 quosdam
2637 1001 2803 1057 fuisse
2838 1001 3063 1067 demus,
3104 1003 3193 1073 qui
3231 1020 3338 1059 una

160 1112 299 1179 aliqua
333 1109 519 1160 virtute
546 1120 666 1159 cum
705 1105 815 1174 ipsa
847 1106 1259 1169 contenderent,
1292 1113 1347 1158 at
1383 1103 1484 1157 hoc
1513 1115 1660 1157 certe
1698 1101 1919 1187 nomine
1951 1114 2140 1153 omnes
2169 1099 2320 1164 vicit,
2382 1098 2521 1167 quod
2590 1113 2689 1157 tma
2717 1100 2946 1155 virtutes
2973 1115 3160 1155 omnes
3186 1115 3336 1154 com-

156 1202 277 1272 plexa
302 1197 382 1252 sit.
412 1194 497 1249 Sic
522 1195 662 1248 enim
691 1196 869 1251 omnia
901 1198 1169 1267 praestitit,
1243 1206 1301 1250 ut
1366 1210 1429 1249 ne
1495 1190 1843 1248 mediocriter
1880 1189 2096 1258 quidem
2135 1206 2302 1244 unum
2353 1190 2640 1259 quisquam
2690 1192 2828 1248 alius
2864 1212 2878 1247 :
2922 1192 3004 1248 sic
3045 1204 3223 1249 autem
3268 1195 3337 1248 ad

156 1301 378 1346 summum
412 1284 634 1353 singula,
677 1295 739 1339 ut
770 1286 856 1340 vel
894 1303 1055 1341 unum
1090 1276 1392 1354 solum‘pro
1416 1285 1668 1338 omnibus
1706 1279 1925 1336 aliunde
1954 1280 2238 1339 sulliceret.

205 1387 283 1437 Μ’.
315 1383 372 1434 Ὢ
423 1380 647 1452 πιναροῦ
698 1381 948 1453 σώματος
995 1384 1088 1437 καὶ
1132 1362 1449 1455 ἐνδύματος,
1498 1385 1665 1456 ἀρετῇ

155 1478 276 1549 μόνον
297 1472 597 1534 ἀνθοῦντοςί
633 1474 695 1525 Ὢ
719 1473 894 1546 ψυχῆς
948 1476 1342 1549 διακρατούσης
1376 1479 1439 1531 τὸ
1484 1480 1663 1550 σῶμα,

150 1568 221 1623 καὶ
248 1566 352 1636 δίχα
402 1566 604 1635 τροφῆς
644 1566 850 1637 σχεδὸν,
908 1566 1097 1639 ὥσπερ
1136 1568 1327 1622 ἄῦλονί
1369 1571 1565 1640 μᾶλλον
1611 1572 1666 1625 δὲ

152 1660 353 1728 σώματος
372 1656 693 1727 βιασαμένου
727 1656 1068 1729 νεκρωθῆναι
1086 1659 1179 1711 καὶ
1201 1659 1306 1729 πρὸ
1334 1659 1434 1731 τῆς
1457 1660 1669 1725 διαζεύ-

1852 1373 1988 1430 XIV.
2026 1376 2069 1430 Ο
2109 1375 2413 1446 squalidum
2446 1391 2678 1446 corpus,
2721 1386 2777 1431 et
2811 1378 3181 1433 indumentum
3228 1380 3338 1434 vir-

1777 1478 1888 1522 tute
1912 1468 2025 1523 sola
2057 1466 2280 1522 floreus!
2309 1467 2352 1523 0
2375 1473 2634 1535 animam,
2661 1483 2857 1537 corpus
2878 1484 3012 1537 pene
3036 1471 3196 1524 etiam
3218 1473 3339 1527 sine

1774 1560 1930 1625 cibo,
1976 1559 2123 1613 velut
2176 1560 2416 1614 materias
2457 1575 2684 1629 expers,
2736 1562 3086 1615 retinentem!
3128 1562 3245 1629 vel,
3278 1575 3337 1618 ut

1774 1655 1977 1706 rectius
2008 1652 2219 1721 loquar,
2246 1667 2279 1707 ο
2309 1667 2531 1720 corpus,
2552 1654 2713 1707 etiam
2745 1663 2871 1708 ante
2895 1654 3338 1724 disjunctionem,

149 1749 267 1812 ξεως,
294 1748 350 1799 ἵν’
382 1746 486 1816 (25)
519 1746 826 1819 ἐλευθερίαν
874 1747 1014 1822 λάϐῃ
1057 1748 1223 1821 ψυχὴ,
1252 1750 1346 1804 καὶ
1382 1749 1455 1822 μὴ
1488 1768 1662 1823 παρα‹

1776 1742 1916 1797 mori
1949 1751 2193 1797 coactum
2214 1782 2229 1809 ,
2262 1753 2320 1798 ut
2352 1746 2530 1799 anima
2568 1745 2870 1800 libertatem
2905 1748 3337 1810 nancisceretur,

149 1842 380 1911 ποδίζηται
410 1842 527 1901 ταῖς
554 1840 905 1911 αἰσθήσεσινί
952 1842 1017 1893 Ὢ
1047 1842 1255 1894 νυκτῶν
1284 1842 1523 1907 ἁΰπνων,
1576 1844 1671 1897 καὶ

146 1931 429 2002 ψαλμῳδίας,
462 1931 553 1983 καὶ
588 1931 825 1995 στάσεως
862 1932 919 1998 ἐξ
952 1933 1160 2004 ἡμέρας
1198 1937 1277 1997 εἰς
1302 1934 1509 2006 ἡμέραν
1538 1936 1671 1988 ἀπο-

146 2022 398 2092 ληγούσηςί
440 2022 501 2073 ’Ὡ
540 2021 722 2083 Δαϐὶδ,
762 2024 884 2085 ταῖς
916 2025 1134 2087 πισταῖς
1175 2025 1333 2094 μόνον
1372 2024 1569 2095 ψυχαῖς
1606 2026 1666 2078 οὐ

146 2115 294 2186 μακρὰ
338 2113 675 2185 μελῳδήσαςί
720 2115 785 2167 Ὦ
815 2114 992 2185 μελῶν
1043 2116 1381 2187 ἁπαλότητος
1426 2117 1518 2170 ἐπὶ
1567 2117 1669 2187 γῆς

145 2207 461 2279 ἐρριμμένων,
490 2207 583 2259 καὶ
601 2206 751 2277 παρά
770 2208 867 2278 τὴν
893 2208 1052 2277 φύσιν
1075 2208 1486 2280 τραχυνομένων
1516 2211 1626 2279 (24)
1651 2213 1663 2263 !

149 2298 195 2349 Ὤ
214 2298 361 2368 πηγαὶ
385 2296 634 2368 δακρύων
694 2299 1065 2369 σπειρομένων
1108 2301 1172 2353 ἐκ
1225 2299 1472 2369 θλίψεως,
1511 2299 1575 2353 ἵν’
1609 2301 1667 2352 ἐν

144 2389 406 2456 ἀγαλλιάσει
434 2389 706 2460 θερίσαιεν
740 2390 850 2458 (25)
880 2392 891 2443 ί
949 2392 1012 2444 *Ω
1043 2390 1171 2460 βοῆς
1229 2392 1543 2463 νυκτερινῆς
1589 2409 1668 2444 νε-

145 2481 275 2548 φέλας
313 2479 680 2551 διερχομένης,
717 2482 810 2534 καὶ
864 2482 1167 2553 φθανούσης
1213 2483 1347 2553 πρὸς
1379 2483 1470 2536 τὸν
1499 2484 1665 2555 οὐρά-

142 2572 371 2640 νιον(26)ί
402 2573 463 2623 Ὢ
484 2572 817 2643 θερμότητος
850 2573 960 2643 (27)
996 2574 1321 2644 πνεύματος,
1356 2575 1531 2629 κυνῶν
1566 2593 1668 2629 κα-

144 2662 445 2734 τατολμώσης
503 2664 834 2733 νυκτερινῶν
876 2664 944 2717 δι’
984 2665 1274 2735 ἐπιθυμίαν
1334 2665 1518 2735 εὐχῆς,
1572 2667 1666 2719 καὶ

143 2755 342 2826 κρυμῶν,
376 2754 468 2808 καὶ
499 2755 694 2817 ὑετῶν,
734 2755 828 2808 καὶ
859 2755 1113 2827 βροντῶν,
1152 2758 1244 2809 καὶ
1279 2756 1536 2828 χαλάζης.
1572 2757 1663 2810 καὶ

142 2847 334 2917 ἁωρίαςί
371 2848 432 2898 Ὤ
454 2847 743 2915 γυναικεία
770 2847 931 2915 φύσις
980 2847 1077 2917 τὴν
1119 2847 1368 2920 ἀνδρείαν
1397 2851 1664 2919 νικήσασα

139 2937 206 2990 διὰ
234 2938 313 2991 τὸν
362 2938 540 2992 κοινὸν
597 2938 783 3007 ἀγῶνα
814 2940 912 3009 τῆς
948 2939 1238 3008 σωτηρίας,
1294 2939 1388 2991 καὶ
1416 2938 1663 3009 σώματος

139 3030 351 3102 διαφορὰν
379 3032 436 3083 οὐ
466 3030 645 3101 ψυχῆς
676 3030 735 3083 τὸ
766 3031 895 3102 θῆλυ
924 3033 1017 3085 καὶ
1059 3032 1118 3084 τὸ
1147 3032 1312 3103 ἄρῤεν
1361 3030 1656 3100 ἐλέγξασαί

141 3121 187 3171 Ὠ
203 3122 285 3191 τῆς
312 3122 443 3191 μετά
466 3122 691 3194 λουτρὸν
723 3122 832 3194 (28)
889 3122 1127 3189 ἁγνείας,
1190 3122 1279 3176 καὶ
1320 3123 1419 3193 τῆς
1449 3123 1665 3195 νύμφης

137 3214 327 3285 Χριστοῦ
372 3215 546 3286 ψυχῆς
593 3217 650 3268 ἐν
688 3214 911 3286 καθαρῷ
937 3214 1285 3286 νυμφῶνιτῷ
1312 3215 1554 3286 σώματιί
1600 3218 1664 3269 Ὢ

134 3306 270 3375 πικρά
300 3308 501 3375 γεῦσις,
536 3308 633 3361 καὶ
659 3307 772 3361 Εὕα
807 3309 979 3380 μῆτερ
1018 3309 1110 3362 καὶ
1155 3309 1342 3378 γένους
1366 3312 1461 3364 καὶ
1485 3314 1664 3384 ἁμαρ·

134 3396 241 3461 τίας,
286 3400 372 3451 καὶ
397 3399 489 3469 ὅτι
525 3400 694 3453 πλάνε
724 3401 817 3453 καὶ
862 3400 1079 3465 θάνατε,
1123 3404 1188 3472 τῇ
1223 3402 1437 3474 ἐκείνης
1465 3403 1664 3475 ἐγκρα-

133 3488 226 3558 τείᾳ
246 3488 344 3560 (29)
376 3492 742 3562 νενικημέναι
771 3492 834 3543 Ὢ
869 3492 1104 3563 Χριστοῦ
1132 3493 1379 3559 κένωσις,
1413 3496 1505 3548 καὶ
1542 3496 1664 3550 δού-

133 3577 201 3630 λου
222 3582 404 3653 μορφὴ,
439 3584 534 3636 καὶ
561 3583 876 3655 παθήματα,
906 3586 971 3655 τῇ
994 3585 1208 3657 ἐκείνης
1229 3586 1492 3656 νεκρώσει
1522 3605 1663 3640 τετι-

134 3672 307 3741 μημένα
320 3675 333 3727 !

183 3819 265 3873 lE'.
291 3822 382 3874 ὨΙ
422 3823 541 3887 πῶς
575 3825 609 3897 ἢ
646 3825 1121 3898 καταριθμήσομαι
1175 3828 1283 3898 (30)
1334 3829 1403 3883 τὰ
1446 3828 1661 3898 ἐκείνης

131 3910 322 3978 ἅπαντα,
348 3915 380 3985 ἢ
415 3916 484 3969 τὰ
520 3916 693 3971 πλείω
725 3919 914 3988 παρεὶς
939 3918 1013 3989 μὴ
1050 3919 1312 3989 ζημιώσω
1340 3921 1466 3984 τοὺς
1498 3923 1661 3989 ἁγνο-

130 4000 313 4069 οὖντας;
366 4006 529 4060 Ἀλλά
587 4025 675 4078 μοι
713 4009 873 4062 καλὸν
914 4010 1013 4081 ἤδη
1054 4009 1365 4079 προσθεῖναι
1402 4013 1511 4083 (51)
1561 4014 1660 4083 τῆς

130 4093 368 4160 εὐσεϐείας
404 4099 499 4151 καὶ¹
522 4102 593 4151 τὰ
623 4100 872 4172 ἐπίχειρα
891 4117 905 4130 ·
934 4102 1030 4153 καὶ
1056 4101 1164 4173 γάρ
1190 4119 1279 4172 μοι
1328 4103 1510 4156 ποθεῖν
1551 4104 1659 4158 πά-

131 4183 196 4237 λαι
231 4188 421 4242 δοκεῖτε
462 4192 559 4245 καὶ
613 4191 791 4263 ζητεῖν
837 4196 893 4245 ἐν
926 4192 1204 4265 τῷλόγῳ,
1246 4197 1293 4247 oi
1345 4195 1414 4249 τὰ
1446 4196 1659 4263 ἐκείνης

126 4277 272 4342 καλῶς
314 4282 536 4346 εἰδότες,
590 4285 652 4337 οὐ
706 4284 775 4337 τὰ
822 4285 1064 4356 παρόντα
1099 4287 1277 4356 μόνον,
1306 4287 1425 4340 οὐδὲ
1452 4283 1536 4350 οἷς
1564 4287 1659 4341 νῦν

128 4368 297 4423 ἐκεῖθεν
326 4374 640 4441 ἀγάλλεται,
658 4374 693 4429 ἃ
710 4376 940 4447 κρείττω
969 4378 1063 4431 καὶ
1083 4377 1341 4443 διανοίας,
1372 4379 1466 4431 καὶ
1491 4380 1660 4450 ἀκοῆς

1774 1846 1873 1887 nec
1914 1848 1943 1886 a
1983 1833 2234 1889 sensibus
2284 1835 2654 1905 impedimenti
2697 1838 2989 1907 quidquam
3030 1840 3336 1909 acciperet!

1771 1922 1815 1978 0
1843 1933 2028 1979 noctes
2056 1925 2355 1989 insomnes.
2388 1934 2442 1981 et
2470 1928 2801 1995 psalmorum
2827 1938 3041 1995 cantus,
3069 1940 3123 1984 et
3150 1931 3339 1986 statio-

1772 2030 1890 2068 nem
1923 2028 1987 2067 ex
2027 2015 2114 2070 die
2149 2017 2199 2070 in
2232 2018 2373 2072 diem
2408 2022 2757 2088 productam!
2798 2022 2841 2076 Ο
2872 2022 3058 2086 David,
3088 2040 3248 2091 quam
3281 2033 3336 2076 tu

1770 2105 1873 2174 piis
1920 2105 2179 2160 duntaxat
2209 2108 2494 2163 animabus
2525 2110 2668 2164 haud
2699 2111 2907 2180 prolixe
2951 2113 3237 2167 cecinisti!
3290 2113 3337 2168 0

1770 2204 1956 2252 tenera
1981 2199 2223 2253 membra
2255 2199 2404 2253 humi
2434 2209 2732 2269 prostrata,
2776 2218 2837 2257 ac
2867 2210 3060 2271 pra-ter
3087 2213 3336 2259 naturam

1769 2301 1889 2342 sese
1918 2290 2334 2357 exasperantia!
2378 2290 2422 2345 0
2463 2291 2824 2364 lacrymarum
2872 2293 3085 2360 fontes,
3120 2310 3242 2365 quae
3270 2309 3336 2350 ex

1769 2377 2057 2434 afﬂictione
2099 2380 2525 2448 seminabantur,
2573 2393 2630 2437 ut
2674 2386 2728 2438 in
2770 2384 3133 2441 exsultatione
3169 2394 3334 2440 mete-

1767 2470 1948 2523 reut"
1971 2471 1983 2523 !
2011 2469 2055 2525 0
2078 2479 2403 2527 nocturnum
2428 2473 2721 2529 clamorem
2747 2477 2917 2532 nubes
2939 2487 3335 2546 penetrantem,

1768 2570 1928 2631 atque
1956 2562 2023 2615 ad
2054 2562 2218 2617 Deum
2245 2566 2626 2633 pervadentem
2653 2568 2666 2621 l
2700 2565 2743 2621 0
2774 2567 2995 2636 spiritus
3030 2566 3294 2621 fervorem
3316 2604 3337 2631 ,

1766 2655 1836 2708 ob
1868 2655 2135 2711 orationis
2161 2655 2486 2712 desiderium
2508 2700 2524 2725 ,
2560 2673 2660 2715 nec
2683 2673 2843 2715 canes
2871 2667 3196 2727 nocturnos,
3237 2672 3336 2714 nec

1767 2740 1993 2815 frigora,
2026 2760 2125 2800 nec
2160 2746 2360 2801 imbres
2384 2786 2401 2812 ,
2443 2763 2543 2802 nec
2574 2749 2810 2803 tonitrua
2832 2790 2848 2815 ,
2872 2766 2973 2805 nec
2996 2752 3339 2823 grandinem,

1768 2855 1865 2893 nec
1912 2839 2163 2893 tenebras
2212 2839 2630 2896 formidantem!
2670 2841 2713 2898 Ο
2766 2843 3057 2899 femineum
3112 2861 3337 2914 sexum,

1766 2930 1855 3000 qui
1887 2940 2106 3000 propter
2139 2945 2426 2987 commune
2454 2934 2617 3003 227
2662 2935 2853 2991 salutis
2887 2943 3162 2992 certamen
3199 2940 3335 2994 viri-

1766 3023 1868 3078 lem
1900 3037 2084 3077 sexum
2115 3024 2586 3095 superasti,atque
2616 3025 2748 3079 illud
2777 3029 3127 3098 conspicuum
3161 3029 3333 3087 fecisti

1693 3112 1734 3169 C
1769 3112 2063 3167 masculum
2095 3122 2149 3165 et
2181 3112 2471 3181 feminam,
2503 3119 2785 3185 corporis,
2815 3134 2921 3173 non
2954 3120 3081 3174 item
3116 3121 3331 3188 animae,

1771 3204 2057 3258 discrimen
2085 3207 2239 3261 esse!
2293 3205 2337 3261 0
2377 3217 2493 3277 post
2538 3208 2868 3278 baptismum
2899 3213 3241 3280 castitatem,
3280 3226 3333 3272 et

1770 3310 2023 3366 sponsam
2052 3295 2255 3351 Christi
2289 3297 2524 3352 animam
2558 3299 2611 3353 in
2638 3316 2775 3369 puro
2800 3304 3040 3373 Corporis
3062 3306 3331 3364 thalamo!

1769 3390 1813 3445 0
1851 3406 2092 3445 amarum
2136 3402 2382 3463 gustum,
2416 3404 2469 3447 et
2498 3394 2697 3456 Evam,
2735 3405 2846 3451 tum
2882 3402 3095 3468 generis
3124 3406 3334 3471 nostri,

1771 3493 1880 3538 tum
1927 3485 2135 3554 peccati
2177 3494 2405 3540 matrem
2426 3527 2441 3553 ,
2472 3496 2526 3541 et
2551 3488 2899 3553 impostorem
2930 3504 3257 3561 serpentem,
3280 3506 3334 3551 et

1768 3582 1995 3627 mortem
2018 3614 2033 3638 ,
2068 3572 2213 3629 illius
2246 3575 2574 3630 continentia
2604 3583 2891 3648 superata!
2925 3582 2968 3637 0
3001 3583 3201 3640 Christi
3235 3601 3332 3642 ex-

1768 3664 2147 3733 inanitionem,
2186 3674 2240 3721 et
2268 3666 2409 3721 servi
2440 3665 2702 3738 formam,
2739 3679 2793 3726 et
2821 3673 3132 3742 passiones,
3166 3677 3333 3746 ipsius

1766 3755 2185 3810 mortificatione
2215 3758 2546 3813 honoratas!

1838 3842 1954 3898 XV.
1987 3844 2063 3899 Ol
2097 3860 2330 3912 quonam
2361 3856 2537 3916 pacto,
2585 3847 2671 3902 vel
2702 3851 2880 3904 omnia
2927 3852 3069 3909 illius
3097 3869 3318 3911 enume-

1776 3936 1926 3997 ratio,
1953 3936 2036 3989 vel
2084 3936 2342 4005 majorem
2399 3952 2586 3991 eorum
2633 3951 2838 4007 partem
2894 3948 3331 4010 praetermittens.

1771 4038 1886 4087 eos,
1913 4025 2109 4093 quibus
2137 4040 2201 4079 ea
2228 4025 2408 4096 ignota
2426 4038 2569 4091 sunt,
2591 4031 2916 4087 detrimento
2943 4050 3048 4088 non
3068 4034 3333 4095 alliciam?

1769 4114 1875 4170 Sed
1925 4114 2027 4184 jam
2062 4116 2344 4185 pulchrum
2393 4121 2560 4174 fuerit
2591 4122 2808 4190 pietatis
2854 4139 3065 4195 quoque
3109 4132 3329 4199 praemia

1770 4221 1915 4261 nunc
1966 4206 2220 4275 adjicere.
2270 4208 2377 4264 Vos
2422 4211 2589 4277 enim,
2639 4213 2731 4281 qui
2783 4215 2945 4268 vitam
2995 4217 3139 4273 illius
3163 4222 3331 4289 probe

1772 4298 1961 4361 nostis,
1990 4299 2120 4352 mihi
2165 4299 2491 4370 jampridem
2544 4316 2768 4371 cupere,
2798 4316 2961 4375 atque
2996 4308 3051 4362 in
3086 4313 3332 4367 oratione

1773 4403 1888 4442 mea
1918 4392 2195 4459 requirere
2228 4392 2507 4458 videmini,
2562 4409 2667 4449 non
2700 4398 2998 4466 praesentia
3042 4400 3325 4467 duntaxat,

127 4459 451 4537 ἀνθρωπίνης,
490 4468 591 4521 καὶ
612 4467 806 4536 ὂψεως,
833 4468 969 4521 ἀλλὰ
1001 4468 1096 4521 καὶ
1114 4464 1197 4534 οἷς
1221 4469 1471 4523 ἐντεῦθεν
1498 4471 1662 4542 αὐτὴν

1775 4488 1828 4533 et
1853 4479 1922 4533 ob
1952 4494 2072 4548 qua:
2109 4496 2254 4537 nunc
2313 4483 2425 4538 illic
2477 4486 2735 4550 exsultat,
2766 4501 2888 4555 quae
2913 4497 2967 4541 et
3007 4491 3241 4559 aurium,
3275 4504 3328 4551 et
3398 4496 3423 4509 ““

126 4552 360 4622 ὀδίκαιος
397 4560 803 4631 μισθαποδότης
845 4561 1148 4632 ἠμείψατο·
1192 4563 1314 4615 ἐπεὶ
1357 4565 1451 4617 καὶ
1498 4563 1657 4617 τοῦτο

124 4650 238 4699 ποιεῖ
262 4651 520 4716 πολλάκις
555 4654 635 4715 εἰς
664 4653 948 4725 οἰκοδομὴν
990 4654 1098 4707 τῶν
1119 4655 1380 4721 ἀπίστων,
1416 4658 1527 4719 τοῖς
1567 4674 1658 4726 μι-

124 4742 245 4805 κροῖς
264 4743 327 4796 τὰ
354 4744 569 4814 μεγάλα
598 4744 975 4816 πιστούμενος,
1010 4746 1103 4800 καὶ
1131 4748 1245 4809 τοῖς
1274 4747 1567 4818 ὁρωμένοις
1592 4746 1660 4801 τὰ

178 4856 215 4886 ²¹
240 4855 375 4913 Psal.
407 4878 581 4928 cxxv,
607 4863 661 4917 5.

176 4996 271 5071 (20)
298 5002 365 5057 Τὸ
378 5005 831 5081 ρμᾳλῴιιεῖοκ.
875 5004 1181 5081 R_egg._bm,
1234 5007 1327 5073 hu,
1374 5008 1464 5061 τὸν
1492 5010 1653 5081 ἁμιλ-

370 5064 539 5146 Coisl.
555 5145 558 5146 ν
578 5064 640 5137 1,’
652 5075 761 5146 τῶν
785 5064 1188 5146 ἁμιλλῶμένωνξ

174 5140 272 5224 (21)
305 5144 441 5198 Μία.
503 5145 602 5200 Sic
650 5145 780 5215 Reg.
822 5140 923 5210 hu,
958 5140 1054 5200 σι’.
1093 5157 1147 5200 et
1184 5146 1423 5203 Combef.
1479 5150 1654 5215 Editi,

119 5223 271 5414 ἓξὲξ)
315 5283 410 5352 Ὠς
439 5284 667 5349 οὐδείς.
700 5285 791 5339 Sic
820 5284 954 5355 Reg.
1000 5285 1092 5351 hu,
1119 5296 1172 5340 et
1196 5286 1361 5343 Coisl.
1392 5290 1439 5343 l.
1472 5289 1567 5345 Ed.
1598 5289 1657 5354 ὃς

176 5420 271 5493 (ἓξ)
301 5424 432 5479 "Ir".
460 5425 597 5493 Reg.
626 5428 717 5488 htt,
747 5427 853 5482 ἵνα.

294 5489 778 5564 Τραχυνὸμένων.
817 5516 835 5547 ‹
872 5494 1174 5553 llorrentia.
1214 5517 1231 5549 ι

173 5558 274 5632 (25)
308 5558 641 5634 Θερἱσαιὲν.
672 5567 839 5621 Coisl.
872 5567 923 5630 1,
960 5566 1255 5638 θερισθεῖεν
1276 5608 1290 5632 ,
1329 5588 1347 5619 ι
1388 5580 1654 5625 ωειθτειιο

301 5706 411 5781 Τὸῖ
442 5709 746 5781 οὐράνιον·
775 5709 900 5779 Reg.
939 5712 1009 5767 hu
1056 5709 1218 5767 Coisl.
1263 5711 1312 5776 l,
1362 5708 1519 5763 αὐτὸν
1562 5709 1654 5760 ού-

114 5777 288 5841 ρᾱνιον,
316 5794 334 5828 t
369 5777 587 5834 C(elum
618 5781 810 5849 ipsum.
842 5777 872 5829 ι’
926 5783 933 5785 “

1769 4572 2018 4626 humanm
2070 4575 2288 4640 mentis,
2328 4585 2384 4630 et
2432 4576 2712 4632 oculorum
2770 4594 2987 4651 captum
3035 4584 3327 4650 excedunt,

1766 4663 1858 4716 sed
1886 4664 2047 4718 etiam
2073 4680 2160 4729 ea,
2190 4668 2510 4737 quazjustus
2540 4669 2633 4724 ille
2672 4673 2965 4727 retributor
2996 4674 3049 4728 in
3088 4676 3189 4731 hac
3217 4679 3326 4731 vita

1769 4752 1868 4819 ipsi
1926 4757 2236 4825 rependit;,.
2271 4774 2396 4813 nam
2449 4760 2555 4816 hoc
2597 4776 2810 4830 quoque
2857 4780 3225 4824 saepenumero
3259 4771 3325 4824 ad

1835 5013 1947 5081 (27)
1971 5016 2038 5068 Ὢ
2067 5014 2438 5083 θερμότητος.
2468 5014 2558 5070 Sic
2591 5016 2699 5070 Jes.
2731 5016 2873 5072 Euttt
2909 5032 3066 5084 vero,
3106 5016 3153 5073 ὣ
3201 5019 3323 5093 Osp-

1834 5101 1954 5222 (ἐξ)
1979 5155 2040 5206 ’Ὡ
2068 5151 2176 5221 τῆς
2200 5154 2351 5222 μετὰ
2384 5157 2672 5223 λουτρόν,
2723 5165 2827 5209 etc.
2881 5173 2899 5207 ι
2940 5154 2984 5211 0
3019 5157 3316 5213 castitatem

1763 5234 1884 5293 post
1915 5225 2255 5293 baptismum.
2286 5242 2305 5274 ι
2340 5224 2520 5281 Schol.
2547 5225 2679 5279 Cod.
2723 5226 2855 5287 Reg.
2909 5224 3097 5280 Medic.
3135 5228 3319 5282 Ἕοικε

1765 5291 2237 5414 μὶᾶπροσενλθοῦσα
2264 5293 2341 5364 τῷ
2364 5294 2459 5348 ἀνδ
2494 5294 2516 5345 ι
2549 5296 2683 5366 μετά
2710 5298 2771 5349 τὸ
2802 5296 3105 5377 βάπτισμα,
3125 5297 3187 5350 οὐ
3213 5298 3319 5369 πρὸ

1764 5380 1833 5416 πο
1864 5362 1958 5436 λου
1985 5381 2082 5436 της
2119 5365 2423 5434 κοιμήσεως
2454 5312 2828 5435 ἕαπτισθεῖσα.
2856 5384 2875 5415 ι
2910 5365 3129 5436 Videtur
3162 5366 3320 5436 (Got-

1754 5432 1935 5504 gonia)
1970 5432 2047 5486 ad
2069 5432 2321 5487 maritum
2370 5432 2475 5489 non
2524 5436 2818 5490 accessisse
2864 5444 2982 5504 post
3026 5432 3316 5503 baptisma,

1754 5503 2035 5575 quodnon
2070 5504 2225 5571 longo
2258 5513 2383 5559 ante
2411 5514 2636 5575 mortem
2667 5503 2902 5575 tempore
2942 5505 3196 5575 suscepit.
3223 5524 3245 5560 ι

1831 5570 1945 5641 (29)
1982 5570 2341 5641 Ἐγκρὰτείᾳ,
2373 5592 2391 5625 ι
2419 5574 2642 5642 jejunio,
2674 5570 3011 5628 abstinentia.
3043 5593 3062 5626 ι

1967 5642 2507 5718 ἕαταριρμήσρμιιι.
2536 5643 2639 5718 0r:
2654 5645 2711 5718 ρ,
2739 5644 3235 5718 καταριθμήσαιμι.

1824 5712 1935 5783 (51)
1957 5712 2323 5781 Προσθεῐναι.
2346 5713 2455 5769 Jcs.
2478 5713 2790 5784 προσθῆναι.
