3844 6390
478 247 588 308 80⁸1

1713 250 1770 306 S.
1810 250 2137 307 GREGOBII
2173 250 2517 309 THEOLOGI

3599 256 3689 312 808

482 375 667 419 eorum
698 360 791 432 qui
830 360 989 415 dubia
1016 360 1120 416 (ide
1162 368 1310 425 sunt,
1343 358 1751 416 aadilicationem
1776 360 1927 426 facit,
1945 375 2039 428 per

2155 361 2217 433 ah
2249 362 2500 434 ὁρώμενα
2553 360 2686 432 (52).
2730 361 2869 433 Ἑρῶ
2920 362 2977 415 δὲ
3029 362 3096 415 τὰ
3161 361 3256 433 μὲν
3304 360 3562 432 γνώριμα
3593 366 3690 426 τοῖς

488 455 683 525 exigua
711 452 919 508 scilicet
940 462 994 507 et
1040 454 1092 508 in
1132 461 1409 522 aspectum
1442 451 1714 518 cadentia,
1746 453 2045 523 majoribus

484 554 540 601 et
565 543 928 600 invisibilibus
961 543 1120 598 ﬁdem
1154 553 1424 598 astruens.
1453 542 1700 598 Narrabo
1722 552 1901 598 autem
1922 558 2046 613 pars

485 637 584 691 tim
655 635 906 690 omnibus
960 643 1105 696 nota.
1164 634 1358 704 partim
1416 633 1687 704 plerisque
1745 650 1941 689 arcana
1992 644 2047 689 et

486 727 701 796 ignota;
730 726 984 780 nimirum
1012 726 1115 780 hoc
1162 739 1375 795 quoque
1414 725 1531 794 ipsa
1568 725 1748 780 studio
1787 726 2044 792 habebat,

485 817 551 872 de
578 817 871 885 gratiarum
894 817 1050 871 donis
1078 816 1299 871 minime
1325 832 1383 871 se
1401 816 1610 885 jaCIare
1632 826 1791 884 atque
1806 817 2046 886 gloriari.

492 907 667 962 Mulas
696 906 813 960 illas
842 905 1025 960 furore
1056 905 1290 975 percitas
1319 905 1511 969 nostis,
1534 914 1589 959 et
1616 904 1848 959 vehiculi
1883 905 2044 959 abre-

484 998 746 1068 ptionem,
774 994 1175 1062 infaustamque
1200 993 1341 1048 illam
1369 995 1773 1049 subversionem
1792 1034 1808 1059 ,
1842 1004 1896 1048 et
1918 996 2047 1049 lmr-

484 1089 708 1145 rendam
730 1088 1115 1158 raptationem,
1138 1101 1203 1141 ac
1232 1086 1403 1142 malas
1424 1085 1851 1150 confractiones,
1887 1096 2049 1153 atque

484 1181 614 1237 hinc
660 1188 834 1236 ortam
878 1178 1186 1234 hominibus
1225 1193 1255 1232 a
1314 1178 1419 1232 lide
1451 1176 1642 1232 alienis
1676 1176 2045 1242 oﬂensionem,

486 1279 629 1348 quod
658 1284 851 1346 nempe
891 1276 1024 1344 justi
1084 1276 1152 1330 ad
1213 1276 1356 1330 hunc
1403 1277 1620 1330 modum
1650 1278 1958 1342 tradantur,
1986 1291 2049 1330 ac

488 1369 722 1425 celerem
782 1367 1117 1423 inﬁdelitatis
1178 1367 1610 1432 correctionem;
1658 1368 1913 1437 quoniam
1959 1368 2047 1422 illa

485 1461 697 1515 ossibus
727 1458 976 1514 omnibus
1012 1468 1065 1512 et
1094 1458 1371 1525 membris,
1399 1466 1506 1511 tam
1540 1458 1863 1526 conspicuis,
1883 1474 2046 1527 quam

489 1549 557 1604 ab
595 1557 816 1627 aspectu
850 1548 1098 1614 remotis,
1135 1549 1366 1603 contrita
1413 1557 1469 1604 et
1498 1547 1753 1613 'concisa,
1784 1564 1855 1602 ne
1881 1548 2051 1603 medi-

487 1656 610 1696 cum
650 1640 866 1709 quidem
890 1640 1051 1693 alium
1073 1650 1269 1709 praeter
1290 1640 1542 1709 eum,qui
1571 1654 1691 1694 eam
1726 1639 2043 1703 tradiderat,

2145 454 2297 515 πᾶσι,
2332 453 2401 505 τὰ
2431 453 2486 506 δὲ
2514 453 2799 524 ἀπόρρητα
2824 455 2936 517 τοῖς
2974 454 3212 518 πολλοῖς·
3256 455 3357 508 καὶ
3386 452 3550 507 τοῦτο
3575 454 3689 507 ὲκεί-

2144 562 2241 617 νης
2278 538 2718 615 φιλοσοφησάσης
2757 546 2891 616 (55),
2934 546 2994 599 τὸ
3034 547 3107 617 μὴ
3140 544 3578 609 καλλωπίζεσθαι
3606 548 3699 608 τοῖς

2145 637 2497 707 χαρίσμασιν.
2537 639 2679 689 Ἰστε
2710 638 2809 700 τὰς
2848 638 3112 707 μανείσας
3159 637 3441 707 ἡμιόνους,
3500 636 3595 689 καὶ
3619 636 3700 704 τὴν

2147 729 2496 800 συναρπαγὴν
2533 728 2627 781 τοῦ
2661 729 2953 799 ὀχήματος,
2994 729 3089 783 καὶ
3124 729 3220 800 τὴν
3262 727 3546 798 ἀπευκτὴν
3574 729 3702 781 ὲκεί-

2146 833 2242 888 νην
2286 818 2641 890 περιτροπήν,
2694 820 2787 873 xal.
2822 820 2923 891 τὴν
2961 821 3162 874 ἄτοπον
3187 820 3353 886 ἕλξιν,
3386 820 3485 873 καὶ
3525 818 3595 873 τὰ
3617 836 3701 872 m-

2145 905 2285 976 νηρὰ
2322 907 2723 979 συντρίμματα,
2752 908 2844 962 καὶ
2871 909 2931 961 τὸ
2954 909 3241 978 γενόμενον
3264 908 3514 963 ἐντεῦθεν
3554 910 3700 963 σκάν-

2144 995 2304 1049 δαλον
2360 997 2472 1060 τοῖς
2517 997 2783 1063 ἀπίστοις,
2814 1000 2861 1051 εἰ
2904 998 3046 1052 οὕτω
3076 1000 3274 1053 δίκαιοι
3312 1000 3698 1071 παραδίδονται,

2145 1090 2240 1142 καὶ
2276 1090 2375 1161 τὴν
2412 1093 2637 1161 ταχεῖαν
2668 1092 2765 1162 τῆς
2798 1091 3053 1155 ἀπιστίας
3084 1088 3367 1161 διόρθωσιν
3388 1108 3403 1123 ο
3431 1092 3516 1144 ὅτι
3543 1092 3700 1145 πάντα

2148 1181 2486 1253 συντριϐεῖσα
2518 1183 2612 1236 καὶ
2637 1187 2968 1250 συγκοπεῖσα
3000 1183 3094 1236 καὶ
3118 1183 3252 1236 ὀστᾶ
3289 1182 3384 1235 καὶ
3419 1182 3555 1253 μέλη
3586 1182 3699 1251 (54),

2147 1274 2238 1328 καὶ
2254 1274 2430 1343 ἀφανῆ
2458 1275 2551 1327 καὶ
2571 1274 2888 1344 φαινόμενα,
2921 1274 3016 1328 καὶ
3034 1273 3157 1327 οὔτε
3187 1274 3369 1344 ἰατρὸν
3397 1274 3555 1326 ἄλλον
3582 1274 3698 1344 πλὴν

2145 1363 2238 1416 τοῦ
2266 1364 2595 1435 παραδόντος
2622 1365 2879 1435 ἠνέσχετο
2899 1381 2913 1395 ⁸
2944 1364 3081 1436 ὁμοῦ
3114 1365 3211 1435 μὲν
3245 1364 3340 1417 καὶ
3361 1364 3485 1433 ὄψιν
3513 1365 3699 1436 ἀνδρῶν

2147 1455 2435 1526 αἰδουμένη
2476 1456 2569 1508 καὶ
2599 1459 2781 1527 χεῖρας
2834 1456 2916 1525 (τὸ
2948 1458 3058 1527 γὰρ
3084 1456 3306 1527 κόσμιον
3350 1458 3452 1509 κάν
3476 1460 3589 1519 τοῖς
3616 1459 3702 1511 πά·-

2148 1543 2264 1597 θεσι
2288 1543 2640 1615 διεσώσατο)’
2672 1545 2808 1616 ὁμοῦ
2839 1546 2896 1598 δὲ
2926 1546 3019 1600 καὶ
3040 1546 3138 1617 τὴν
3163 1545 3460 1613 ἀπολογίαν
3484 1545 3701 1617 ζητοῦσα

2149 1635 2300 1705 παρὰ
2345 1634 2438 1688 τοῦ
2494 1634 2667 1689 ταῦτα
2706 1636 2901 1690 παθεῖν
2925 1639 3394 1709 συγχωρήσαντος,
3429 1636 3555 1690 οὔτε
3592 1640 3701 1709 παρ’

490 1732 692 1787 habere
714 1731 1009 1792 sustinuit;
1039 1740 1151 1785 tum
1178 1731 1318 1799 quod
1348 1730 1591 1785 virorum
1628 1729 1813 1785 oculos
1847 1739 1902 1784 et
1930 1744 2045 1784 ma-

2155 1726 2306 1780 ἄλλου
2338 1725 2483 1789 τινὸς
2510 1725 2543 1796 ἢ
2586 1726 2793 1781 ἐκείνου
2827 1729 2929 1797 τῆς
2969 1731 3243 1800 σωτηρίας
3285 1729 3507 1801 ἔτυχεν·
3541 1731 3614 1794 ὡς
3638 1732 3702 1802 μὴ

486 1839 589 1879 nus
618 1824 960 1879 erubesceret
992 1823 1331 1894 (modestiam
1380 1824 1526 1878 enim
1574 1831 1631 1878 et
1662 1821 2045 1878 verecundiam

488 1912 542 1967 in
570 1912 700 1982 ipsis
726 1927 938 1982 quoque
979 1912 1253 1967 doloribus
1310 1911 1607 1983 retinuit),
1665 1922 1776 1966 tum
1816 1912 1955 1981 quod
1981 1911 2048 1965 ab

485 2019 552 2059 eo
587 2003 949 2060 defensionem
1008 2012 1294 2073 quaereret,
1347 2004 1500 2072 cujus
1528 2003 1795 2073 permissu
1827 2003 1879 2056 in
1911 2002 2051 2057 hanc

487 2094 846 2150 calamitatem
879 2094 1165 2159 inciderat,
1206 2111 1304 2151 nec
1348 2096 1416 2150 ab
1464 2096 1573 2150 ullo
1603 2096 1729 2159 alio,
1764 2111 1924 2165 quam
1980 2096 2048 2150 ab

487 2200 553 2240 eo
600 2185 827 2241 salutem
854 2193 938 2239 est
962 2194 1277 2240 consecuta.
1311 2185 1429 2252 Quo
1461 2184 1664 2240 factum
1699 2197 1806 2249 est,
1847 2194 1906 2238 ut
1928 2184 2051 2254 qui-

488 2276 608 2330 dam
645 2290 748 2330 non
780 2276 951 2345 magis
986 2276 1087 2331 hac
1142 2275 1448 2331 calamitate
1500 2280 1763 2346 percussi.
1795 2291 1957 2345 quam
1983 2291 2048 2330 ex

490 2367 763 2436 insperato
792 2367 1044 2421 sanitatis
1070 2369 1334 2422 restitutae
1382 2365 1642 2421 miraculo
1690 2376 1908 2435 stupore
1931 2382 2051 2436 per-

490 2459 621 2513 culsi
646 2457 866 2523 fuerint,
898 2469 1059 2528 atque
1092 2459 1162 2513 ob
1198 2473 1317 2513 eam
1368 2473 1584 2512 causam
1636 2460 1751 2512 haec
1793 2460 2051 2527 tragoedia

491 2547 782 2614 contigisse
843 2548 955 2602 visa
1009 2548 1102 2613 sit,
1158 2556 1216 2601 ut
1276 2547 1501 2617 gloriam
1537 2555 1591 2600 et
1618 2545 1960 2616 splendorem
1984 2562 2048 2599 ex

492 2637 661 2707 228
710 2637 1104 2692 calamitatibus
1137 2646 1609 2705 consequeretur;
1659 2636 1912 2689 nimirum
1964 2636 2050 2690 illa

491 2729 705 2796 quidem
743 2726 928 2783 dolore
957 2727 1146 2782 affecta
1176 2736 1233 2779 ut
1258 2712 1442 2786 homo,
1479 2729 1821 2793 praestantius
1845 2735 2047 2789 autem,

492 2833 650 2887 quam
714 2817 947 2873 humana
998 2818 1236 2871 conditio
1303 2817 1448 2869 ferre
1504 2816 1796 2880 videretur,
1862 2828 2049 2869 sanata

492 2908 830 2977 posterisque
865 2907 1232 2961 narrationem
1261 2905 1551 2974 praeberet,
1581 2904 1869 2957 maximam
1908 2903 2049 2956 illam

493 3000 706 3069 quidem
737 2998 806 3053 ad
852 2999 975 3053 iidei
1025 2998 1078 3051 in
1110 2995 1510 3060 aliiictionibus,
1551 3005 1603 3048 et
1648 2994 1968 3049 constantia:
1997 2995 2047 3048 in

2152 1814 2349 1885 μᾶλλον
2372 1816 2481 1886 (55)
2514 1818 2606 1870 ἐπὶ
2634 1817 2711 1888 τῷ
2742 1819 2900 1872 πάθει
2938 1818 3209 1889 πληγῆναί
3243 1837 3418 1884 τινας,
3456 1821 3492 1893 ἥ
3532 1822 3704 1893 ἐπὶτῴ

2148 1907 2433 1979 παραδόξῳ
2461 1908 2561 1979 τῆς
2590 1909 2801 1977 ὑγιείας
2846 1910 3280 1979 καταπλαγῆναι,
3310 1912 3406 1963 καὶ
3431 1911 3521 1964 διὰ
3566 1912 3706 1964 τοῦτο

2148 1994 2295 2061 δόξαι
2336 1996 2607 2067 συμϐῆναι
2643 1998 2743 2068 τὴν
2796 1998 3117 2068 τραγῳδίαν,
3155 1999 3220 2051 ἵν’
3268 1999 3563 2071 ἐνδοξασθῇ
3608 2003 3703 2063 τοῖς

2149 2085 2345 2139 πάθεσι
2376 2103 2389 2116 '
2433 2086 2682 2140 παθοῦσα
2715 2089 2813 2159 μὲν
2837 2090 2911 2152 ὡς
2937 2089 3239 2162 ἄνθρωπος,
3272 2090 3481 2143 ίαθεῖσα
3506 2091 3563 2143 δὲ
3584 2092 3701 2162 ὑπὲρ

2149 2175 2457 2249 ἄνθρωπον,
2484 2180 2833 2252 κα“ιδιήγημα
2860 2181 3024 2235 δοῦσα
3056 2185 3167 2245 τοῖς
3194 2181 3442 2253 ὕστερον,
3468 2183 3700 2252 μέγιστον

2154 2270 2251 2339 μὲν
2291 2271 2371 2334 είς
2402 2271 2674 2336 ἀπόδειξιν
2711 2273 2811 2343 τῆς
2862 2274 2921 2325 ὲν
2951 2275 3064 2336 τοῖς
3097 2272 3293 2326 πάθεσι
3350 2274 3587 2334 πίστεως
3622 2274 3700 2325 καὶ

2148 2360 2249 2430 τῆς
2278 2360 2414 2432 πρὸς
2440 2363 2508 2415 τὰ
2535 2362 2683 2416 δεινὰ
2712 2363 3022 2435 καρτερίας,
3054 2362 3236 2433 μεῖζον
3256 2364 3313 2416 δὲ
3334 2364 3437 2433 τῆς
3466 2363 3561 2416 τοῦ
3586 2364 3699 2416 Θεοῦ

2150 2453 2279 2522 περὶ
2299 2454 2425 2516 τοὺς
2455 2454 2725 2519 τοιούτους
2751 2455 3178 2526 φιλανθρωπίας.
3209 2456 3299 2526 Τῷ
3328 2456 3459 2527 γὰρ,
3487 2456 3595 2508 τοτ’
3638 2454 3696 2508 ἄν

2150 2542 2309 2610 πέσῃ
2353 2547 2425 2598 οὐ
2452 2528 3019 2615 ωταρῤαχθήσεται,
3048 2532 3177 2616 περὶ
3200 2545 3293 2598 τοῦ
3309 2546 3519 2598 δικαίου
3545 2545 3697 2607 καλῶς

2150 2634 2444 2706 εἰρημένῳ,
2474 2638 2775 2709 προσετέθη
2804 2637 3134 2708 καινότερον,
3155 2637 3216 2689 τὸ
3238 2636 3343 2691 κᾶν
3376 2640 3697 2707 καταρραγῇ,

2148 2726 2375 2793 τάχιστα
2404 2724 2771 2797 ὀρθωθήσεται
2797 2726 2930 2797 (56),
2970 2726 3066 2779 καὶ
3103 2725 3509 2797 δοξασθήσεται.
3528 2726 3587 2777 El
3609 2727 3696 2795 γὰρ

2150 2818 2301 2890 παρὰ
2344 2821 2403 2873 τὸ
2427 2821 2573 2885 εἰκὸς
2612 2822 2809 2877 ἔπαθεν
2842 2822 2977 2894 (57),
3008 2822 3143 2876 ἀλλὰ
3188 2823 3284 2875 καὶ
3313 2823 3455 2893 ὑπὲρ
3480 2822 3539 2874 τὸ
3575 2822 3698 2883 εἰκὸς

2152 2912 2420 2982 ἐπανῆλθε
2444 2914 2579 2985 πρὸς
2616 2915 2833 2986 ἑαυτὴν,
2879 2917 2955 2979 ὡς
2981 2914 3175 2986 μικροῦ
3206 2914 3319 2985 (58)
3351 2915 3614 2985 κλαπῆναι
3640 2917 3699 2983 τῇ

2151 2998 2332 3071 ὑγιεία
2358 3001 2420 3054 τὸ
2459 3003 2648 3069 πάθος,
2676 3005 2771 3058 καὶ
2822 3006 3287 3077 περιφανεστὲραν
3318 3004 3569 3073 γενέσθαι
3615 3004 3699 3074 τὴν

493 3092 746 3161 gravibus
799 3100 855 3146 et
882 3090 1199 3160 periculosis
1244 3091 1403 3145 rebus
1449 3099 1846 3159 argumentum,
1883 3088 2052 3157 majo-

2155 3086 2447 3157 θεραπείαν
2476 3090 2510 3161 ἢ
2536 3091 2635 3164 τὴν
2672 3093 2910 3166 πληγήν.

493 3198 607 3239 rem
636 3194 814 3239 autem
836 3186 902 3239 ad
933 3184 1126 3239 divina!
1170 3199 1295 3254 erga
1326 3183 1633 3252 hujusmodi
1681 3182 1926 3235 homines
1993 3180 2344 3251 benignitatis
2393 3184 2933 3242 demonstrationem.
2987 3186 3069 3241 Ad
3135 3186 3188 3242 id
3237 3185 3408 3251 enim,
3469 3186 3606 3256 quod
3642 3183 3700 3238 de

494 3276 635 3345 justo
681 3280 798 3334 viro
854 3287 999 3333 recte
1031 3278 1232 3331 dictum
1280 3285 1409 3330 est:
1480 3272 1613 3328 Cum
1668 3273 1932 3340 ceciderit,
1993 3290 2096 3327 non
2156 3274 2431 3329 collidetur
2461 3278 2529 3344 ”,
2560 3280 2730 3346 magis
2780 3294 2977 3333 novum
3003 3281 3203 3349 aliquid
3234 3282 3543 3352 adjunctum
3588 3289 3700 3333 est:

494 3371 717 3426 Etiamsi
770 3370 992 3425 collisus
1059 3368 1245 3431 fuerit,
1298 3366 1584 3423 celerrime
1630 3364 1928 3429 sanabitur,
1997 3366 2273 3436 gloriaque
2335 3366 2596 3424 aﬂicietur
2624 3372 2691 3421 “.
2735 3370 2869 3426 Nam
2930 3371 3025 3435 si,
3087 3384 3448 3442 praeterquam
3500 3386 3693 3440 acquum

502 3462 938 3526 essevidehatur,
966 3460 1267 3531 azgrotavit,
1291 3469 1346 3512 at
1372 3458 1535 3513 etiam
1602 3468 1960 3528 praeterquam
2019 3456 2137 3511 ﬁeri
2178 3474 2335 3527 posse
2383 3462 2688 3528 videbatur,
2743 3464 2810 3518 ad
2861 3480 2923 3519 se
2973 3464 3151 3530 rediit,
3198 3464 3335 3519 adeo
3368 3472 3427 3517 ut
3447 3464 3701 3518 morbus:

500 3554 730 3609 sanitate
765 3554 1148 3622 propemodum
1178 3551 1460 3619 subreptus
1485 3551 1578 3615 sit,
1625 3549 1931 3617 clariorque
1960 3550 2193 3617 curatio,
2230 3569 2391 3621 quam
2420 3554 2572 3624 plaga
2602 3554 2790 3610 fuerit.

570 3644 713 3701 XVI.
750 3642 793 3698 Ο
828 3642 1147 3698 laudabilem
1179 3651 1233 3694 et
1264 3641 1635 3695 admirandam
1665 3638 2057 3694 calamitatem!

502 3737 547 3793 0
599 3737 903 3808 passionem
945 3732 1312 3788 incolumitate
1361 3730 1770 3786 sublimioreml
1820 3727 1863 3784 0
1895 3744 2057 3797 quam

498 3831 613 3885 hac
648 3829 828 3892 verba,
862 3825 1130 3879 Percutiet
1165 3834 1211 3877 et
1241 3822 1524 3875 turundam
1580 3818 1858 3884 adhibebit,
1888 3827 1937 3872 et
1968 3835 2059 3872 sa-

499 3923 664 3985 nabit,
697 3930 744 3973 et
772 3919 924 3972 tertia
946 3918 1029 3971 die
1082 3916 1357 3970 suscitabit
1388 3914 1457 3976 ’⁸,
1484 3912 1609 3967 licet
1637 3912 1705 3966 ad
1729 3911 1888 3965 altius
1908 3910 2060 3979 quid-I

499 4016 623 4070 dam
661 4011 938 4081 magisque
965 4009 1247 4081 mysticum
1276 4006 1576 4068 tenderent,
1611 4013 1671 4056 ut
1723 4017 1855 4057 sane
1889 4010 2061 4055 teten-

499 4107 717 4169 derunt,
747 4100 1091 4158 nihilosecius
1134 4110 1309 4154 tamen
1344 4094 1500 4164 hujus
1527 4108 1740 4164 quoque
1768 4092 2057 4147 calamitati

502 4200 729 4271 pulchre
760 4196 1087 4253 conveniunt
1114 4194 1128 4248 ι
1170 4193 1276 4248 Sed
1302 4192 1404 4247 hoc
1426 4190 1694 4252 omnibus,
1724 4188 1887 4242 etiam
1932 4202 2059 4255 pro.

501 4288 589 4345 cui
615 4304 644 4341 a
675 4288 831 4342 nobis
866 4286 1087 4349 dissitis,
1118 4294 1338 4348 notum;
1387 4281 1453 4335 ad
1490 4293 1677 4333 niiines
1718 4278 1861 4332 enim
1893 4279 2055 4344 hujus

500 4379 745 4436 miraculi
771 4378 911 4433 fama
940 4376 1295 4447 permanavit,
1327 4382 1488 4443 atque
1532 4373 1646 4426 Isaac
1691 4371 1916 4425 historia
1952 4385 2054 4424 una

499 4488 624 4529 cum
664 4469 995 4526 admirandis
1022 4467 1142 4522 aliis
1174 4465 1268 4520 Dei
1322 4462 1595 4533 operibus,
1625 4469 1680 4515 et
1712 4462 2054 4530 p0tentiis,in

499 4563 742 4617 omnium
769 4560 968 4629 linguis
1018 4558 1346 4626 auribusque
1391 4564 1658 4609 versatur.
1698 4552 1849 4619 Quod
1877 4561 2057 4608 autem

501 4656 556 4710 in
580 4652 773 4723 vulgus
804 4652 980 4707 adhuc
1002 4651 1072 4706 ob
1101 4664 1246 4713 eam,
1277 4661 1439 4718 quam
1472 4644 1607 4709 dixi,
1633 4643 1973 4711 sapientiam,
2003 4650 2060 4698 et

500 4747 755 4816 pietatem
784 4759 812 4798 a
844 4744 982 4798 fastu
1010 4752 1172 4811 atque
1203 4738 1570 4796 ostentatione
1615 4736 1869 4801 alienam,
1906 4736 2057 4806 igno-

503 4845 616 4891 tum
641 4847 696 4891 et
726 4834 1014 4890 obscurum
1042 4842 1145 4897 est,
1176 4831 1330 4886 visne
1373 4830 1485 4899 jam
1519 4828 1574 4882 in
1614 4826 1848 4882 medium
1874 4826 2056 4894 profe-

2229 3644 2345 3710 Ιίῖθ.
2366 3645 2429 3696 Ὢ
2461 3646 2743 3716 συμφορᾶς
2765 3644 3157 3715 ἐπαινουμένης
3185 3643 3280 3697 καὶ
3295 3643 3630 3715 θαυμασίαςι
3651 3646 3706 3700 Ὦ

2155 3736 2361 3801 πάθους
2389 3737 2653 3803 ἀπαθείας
2681 3738 3045 3811 ὑψηλοτέρουι
3082 3739 3146 3791 Ὢ
3178 3738 3296 3805 τοῦ,
3326 3739 3584 3805 Πατὰξει
3614 3739 3701 3793 καί

2146 3829 2425 3897 μοτώσει,
2481 3830 2581 3884 καὶ
2631 3830 2889 3900 ὑγιάσει,
2947 3831 3047 3908 καὶ
3094 3831 3245 3900 μετὰ
3293 3832 3454 3900 τρεῖς
3498 3833 3703 3902 ἡμέρας

2152 3920 2504 3987 ἀναστήσει,
2544 3922 2802 3994 φέροντος
2824 3922 2922 3993 μὲν
2955 3922 3064 3992 (59)
3089 3924 3167 3986 είς
3198 3922 3383 3993 μεῖζον
3415 3923 3511 3977 καὶ
3532 3941 3700 3995 μυστι·

2155 4008 2414 4079 κώτερον,
2448 4010 2635 4081 ὥσπερ
2664 4007 2755 4065 οὖν
2783 4012 3035 4081 ἤνεγκεν,
3060 4012 3158 4082 οὐχ
3190 4008 3351 4084 ἦττον
3372 4012 3430 4065 δὲ
3453 4017 3564 4077 τοῖς
3590 4015 3693 4067 ταύν

2154 4117 2251 4170 της
2286 4100 2396 4171 (40)
2429 4101 2759 4173 ἁρμόζοντος
2783 4103 3015 4157 πάθεσιῑ
3048 4104 3220 4158 Τοῦτο
3255 4105 3354 4174 μὲν
3378 4100 3495 4168 οὖν,
3536 4106 3564 4159 ὃ
3588 4107 3700 4158 πᾶσι

2156 4191 2419 4263 πρόδηλον
2443 4195 2538 4247 καὶ
2579 4196 2693 4258 τοῖς
2724 4194 3028 4267 πόρρωθεν,
3054 4194 3178 4248 ἐπεὶ
3203 4195 3298 4247 καὶ
3330 4197 3413 4258 είς
3435 4195 3635 4257 πάντας
3655 4194 3698 4245 τί

2154 4282 2335 4354 θαῦμα
2367 4284 2570 4355 διῆλθε,
2602 4287 2694 4339 καὶ
2723 4287 2780 4339 ὲν
2802 4289 2921 4350 ταῖς
2948 4286 3162 4341 πάντων
3194 4289 3371 4338 κεῖται
3399 4285 3511 4355 (41)
3550 4283 3684 4352 γλώσ

2158 4392 2277 4439 σαις
2305 4378 2399 4429 καὶ
2415 4378 2603 4440 ἀκοαῖς
2617 4378 2679 4430 τὸ
2695 4378 2939 4449 διήγημα
2968 4376 3105 4448 μετὰ
3132 4377 3237 4429 τῶν
3262 4376 3439 4431 ἄλλων
3471 4376 3562 4429 τοῦ
3582 4372 3695 4428 Θεοῦ

2162 4469 2473 4539 θαυμασίων
2499 4486 2559 4521 τε
2584 4470 2679 4523 καὶ
2723 4470 3023 4539 δυνάμεων.
3056 4469 3130 4521 Τὸ
3150 4469 3208 4521 δὲ
3244 4468 3407 4538 μέχρι
3440 4466 3534 4520 νῦν
3556 4469 3676 4533 ἅγνο

2160 4561 2387 4633 σύμενον
2412 4566 2523 4627 τοῖς
2574 4562 2785 4626 πολλοῖς
2818 4563 2912 4615 καὶ
2945 4560 3315 4632 κρυπτόμενον
3356 4558 3425 4611 δι’
3457 4560 3522 4628 ἢν
3564 4552 3693 4609 εἴποι

2163 4653 2516 4723 φιλοσοφίαν,
2577 4654 2670 4705 καὶ
2722 4652 2784 4705 τὸ
2830 4653 2928 4724 τῆς
2979 4651 3257 4713 εὐσεϐείας
3298 4650 3497 4719 ἄτυφόν
3525 4666 3582 4700 τε
3620 4649 3690 4701 καὶ

2162 4741 2588 4804 ἀκαλλώπιστον,
2622 4743 2759 4794 εἴπω
2823 4740 3082 4805 κελεύεις,
3137 4734 3181 4792 ὦ
3218 4739 3486 4810 ποιμένων
3530 4738 3685 4808 ἄριστε

2164 4831 2259 4883 κα)¹
2293 4830 2613 4897 τελεώτατε,
2642 4834 2670 4884 ὁ
2694 4830 2789 4885 τοῦ
2846 4832 2992 4903 ἱεροῦ
3022 4831 3293 4903 προϐάτου
3342 4830 3541 4884 ἐκείνου
3590 4845 3666 4880 ποι

572 4952 621 4985 ³⁸
642 4951 787 5008 Psal.
810 4964 998 5015 um,
1024 4948 1117 5003 24.
1189 4947 1237 4981 ⁸⁵
1259 4946 1402 5002 Psal.
1436 4959 1590 5009 θην,
1623 4942 1680 4998 8.
1756 4943 1803 4975 ’⁵
1831 4940 1959 5000 Ose.
1984 4956 2059 5008 vi,
2100 4942 2156 5000 2.

574 5088 688 5159 (32)
737 5086 1045 5156 Ὅρὼμενα.
1073 5084 1236 5159 Qoisl.
1267 5085 1319 5148 1,
1349 5083 1672 5159 βλεπόμενα.

576 5150 689 5230 (55)
721 5150 1246 5226 Φιξῑοᾶοφησάσης.
1288 5173 1306 5207 ι
1346 5150 1479 5209 Cum
1520 5150 1624 5206 hoc
1672 5150 1918 5221 religiose
1962 5164 2057 5205 ca—

501 5239 820 5369 vezgll.)kal
841 5295 1019 5366 μέλη.
1046 5294 1177 5365 Reg.
1214 5295 1307 5358 hu,
1336 5292 1500 5349 Coisl.
1546 5296 1600 5358 1,
1641 5293 1736 5347 καὶ
1776 5290 2056 5362 ἁρμονίας,

510 5386 531 5421 ι
570 5382 869 5437 compages.
905 5384 925 5417 ι

577 5437 689 5509 (55)
735 5436 926 5505 Ὠςμή
955 5434 1214 5509 μᾶλλον,
1244 5442 1348 5489 etc.
1379 5451 1397 5484 ι
1430 5431 1514 5509 ι]ιὴ
1536 5430 1856 5509 non__magis
1899 5443 2057 5509 casus

512 5501 810 5560 acerbitate
833 5501 1269 5575 percellerentur,
1300 5519 1459 5573 quam
1502 5501 1742 5557 inaudito
1792 5502 2052 5556 restitutae

510 5575 696 5632 salutis
723 5576 975 5628 miraculo
1005 5582 1296 5643 stuperent.
1339 5593 1356 5624 ο

581 5644 691 5703 (56)
737 5643 1175 5710 Ὀρθωθήσεται.
1207 5662 1225 5696 ι
1260 5644 1521 5714 Erigetur.
1546 5662 1563 5694 ι

2228 5083 2341 5153 ('57)
2375 5084 2656 5139 Ἕπαθεν.
2686 5100 2705 5153 ι
2738 5081 2896 5136 Passa
2929 5088 3032 5153 est.
3060 5098 3080 5132 ι

2230 5140 2342 5223 (58)
2377 5154 2471 5218 Ὠς
2494 5152 2734 5223 μικροῦ,
2768 5164 2874 5205 etc.
2915 5170 2934 5204 ι
2976 5151 3041 5206 Ut
3078 5147 3200 5203 mali
3246 5148 3328 5202 vis
3366 5144 3531 5202 subita
3551 5140 3681 5213 iant.

2161 5232 2268 5277 tate
2303 5239 2466 5291 prope
2495 5224 2744 5290 subrepta
2771 5224 2858 5291 sit.
2897 5240 2916 5273 ι

2231 5278 2341 5362 (59)
2371 5278 2673 5360 ὦέροντοέ
2712 5290 2846 5360 μέν.
2892 5293 2983 5346 Sic
3042 5289 3205 5362 ngg.
3246 5286 3360 5353 bm,
3412 5286 3499 5344 hu.
3532 5292 3579 5337 et
3600 5278 3677 5333 0r.

2162 5361 2322 5415 Deest
2358 5364 2477 5432 μέν,
2506 5364 2557 5416 in
2586 5370 2671 5415 ett.
2857 5429 2878 5432 Α(
3080 5430 3104 5432 Δ)
3181 5429 3189 5432 Δ
3506 5423 3548 5432 Η

2193 5418 2519 5516 ,μωζτοῗς
2562 5433 2801 5500 ταύτης.
2849 5429 2939 5487 Sic
2990 5429 3224 5486 melioris
3250 5435 3392 5485 antae
3427 5423 3568 5480 codd.
3594 5418 3678 5472 at.

2159 5518 2257 5571 της
2292 5518 2521 5565 ταυτοις.

2235 5571 2344 5643 (il)
2371 5573 2585 5629 Κεῖται.
2627 5572 2784 5628 Deest
2814 5572 2864 5627 in
2892 5570 3128 5643 pluribus
3156 5561 3456 5626 codicibus.
