3844 6390
107 292 194 349 809

714 289 972 346 ORATIO
1011 291 1141 345 Vill.
1183 323 1248 332 -——
1291 289 1351 343 IN
1394 291 1674 346 LAUDEM
1717 291 2008 347 SOItORlS
2047 293 2204 347 SUAE
2245 291 2640 350 GORGONIIE.

3212 295 3315 350 8ῗο

111 408 194 479 μὴν
217 406 343 477 (42),
377 407 468 459 καὶ
497 406 655 460 τοῦτο
677 409 850 471 νεῦεις
883 407 1102 474 λοιπόν;
1133 408 1349 479 Ἐπειδὴ
1378 410 1471 464 κα)⁵
1496 407 1644 478 μόνοι

1768 425 1889 472 'am,
1927 426 1958 462 o
1987 420 2258 478 pastorum
2288 411 2488 478 optime
2513 420 2568 464 et
2613 408 3024 478 perfectissime,
3063 420 3116 465 et
3146 426 3316 466 sacrm

109 501 154 553 τὸ
188 499 471 570 μυστήριον
493 499 916 572 ἐπιστεύθημεν,
946 499 1041 553 καὶ
1082 499 1355 572 μάρτυρες
1402 499 1649 570 ἀλλήλοις

1755 501 1895 557 illius
1926 504 2042 557 ovis
2072 512 2277 571 pastor,
2299 504 2460 572 idque
2484 515 2627 558 nunc
2648 502 2863 557 demum
2892 503 3318 570 annuis?Quan~

109 591 247 661 ἐσμὲν
282 591 390 660 (45)
447 591 541 644 τοῦ
575 590 884 662 θαύματος·
933 593 966 664 ἢ
1001 591 1080 644 ἔτι
1113 594 1178 662 τῇ
1215 591 1522 662 ἀπελθούσῃ
1551 590 1649 662 τὴν

1768 592 2040 661 quuidem
2079 593 2232 648 nobis
2262 593 2393 648 solis
2421 594 2525 648 hoc
2551 607 2812 648 arcanum
2843 597 3188 650 commissum
3211 604 3314 658 est,

109 684 262 736 πίστιν
288 682 612 754 φυλάξωμεν
626 683 773 754 (44);
819 683 978 738 Ἀλλά
1005 701 1094 755 μοι
1115 683 1280 745 δοκεῖ,
1315 683 1501 751 ὥσπερ
1529 683 1648 736 τότε

108 775 270 846 καιρὸς
300 774 409 846 (45)
450 771 591 829 εἶναι
631 777 729 848 τῆς
773 776 1006 845 σιωπῆς,
1041 777 1181 830 οῦτω
1201 776 1295 829 νῦν
1327 777 1425 846 τῆς
1469 776 1654 844 ἐξαγο-

110 867 334 940 ρεύσεως,
378 866 442 919 οὐ
474 867 634 938 μόνον
663 869 744 932 είς
771 868 868 939 τὴν
903 867 996 921 τοῦ
1030 867 1164 922 Θεοῦ
1193 867 1370 933 δόξαν,
1397 866 1535 920 ἀλλὰ
1560 868 1650 921 καὶ

107 962 170 1022 είς
195 957 532 1030 παράκλησιν
558 958 666 1012 τῶν
695 962 753 1014 ὲν
784 959 1040 1029 θλίψεσιν.

159 1223 248 1278 IZ'.
288 1223 566 1292 Ἕκαμνεν
603 1222 738 1291 αὐτῇ
777 1220 836 1273 τὸ
871 1220 1049 1290 σῶμα,
1082 1220 1174 1272 καὶ
1223 1220 1454 1279 διέκειτο
1487 1222 1651 1291 πονή-

109 1333 212 1390 ρως,
235 1315 326 1368 καὶ
371 1316 404 1384 ἡ
429 1313 582 1378 νόσος
611 1308 678 1384 ἦν
704 1312 810 1365 τῶν
833 1311 1018 1383 ἀήθων
1057 1312 1150 1364 καὶ
1175 1311 1481 1366 ἀλλοκότων
1501 1329 1516 1342 ο
1551 1313 1623 1364 πύ
1641 1344 1655 1355 .

108 1425 242 1482 ρωσις
293 1408 395 1478 μὲν
443 1405 616 1477 ἀθρόα
664 1405 862 1469 παντὸς
907 1405 1000 1458 τοῦ
1055 1404 1334 1476 σώματος,
1393 1407 1490 1460 καὶ¹
1545 1402 1656 1461 οἷον

107 1502 317 1572 βρασμός
351 1518 456 1564 τις,
489 1501 583 1553 καὶ
612 1498 759 1562 ζέσις
790 1499 1039 1568 αἵματος,
1071 1493 1192 1552 εἷτα
1242 1498 1403 1569 πῆξις
1439 1498 1652 1563 τούτου,

105 1596 176 1647 καὶ
202 1595 399 1664 νάρκη,
430 1592 524 1645 καὶ
555 1591 813 1663 ὠχρίασις
836 1591 1080 1655 ἄπιστος,
1113 1591 1206 1643 καὶ
1234 1590 1326 1644 νοῦ
1354 1591 1446 1644 καὶ
1479 1591 1655 1662 μελῶν

106 1681 416 1754 παράλυσις·
450 1681 544 1734 καὶ¹
589 1680 747 1734 τοῦτο
802 1681 900 1733 οὐκ
932 1683 997 1734 ἐκ
1032 1681 1259 1755 μακρῶν
1287 1680 1396 1734 τῶν
1435 1680 1656 1750 διαστη-

107 1777 296 1849 μάτων,
331 1773 450 1828 ἀλλ’
483 1768 552 1844 ἦν
595 1772 683 1826 ὅτε
725 1775 820 1826 καὶ
857 1773 976 1827 λίαν
1020 1772 1258 1842 συνεχῶς
1289 1772 1400 1844 (46)
1425 1789 1436 1800 '
1476 1773 1570 1825 καὶ
1593 1773 1654 1826 τὸ

105 1867 241 1923 κακὸν
262 1867 363 1918 οὐκ
396 1863 734 1936 ἀνθρώπινον
794 1864 1090 1935 ἐνομίζετο,
1125 1864 1220 1916 καὶ
1269 1863 1392 1918 οὔτε
1451 1864 1650 1935 ἰατρῶν

103 1962 276 2030 ἤρκουν
303 1955 489 2025 τέχναι
521 1953 643 2007 λίαν
695 1953 967 2025 ἐπιμελῶς
1004 1953 1476 2026 διασκεπτομένων
1526 1954 1653 2026 περὶ

102 2048 172 2101 τοῦ
196 2047 418 2112 πάθους,
448 2045 540 2100 καὶ
577 2045 698 2099 καθ’
726 2045 916 2098 ἑαυτὸν
937 2045 1190 2109 ἑκάστου,
1222 2046 1317 2100 καὶ
1351 2047 1450 2100 σὺν
1484 2045 1652 2116 ἀλλή-

102 2136 208 2201 λοις,
229 2133 348 2188 οὗτε
369 2134 569 2202 γονέων
582 2135 812 2205 δάκρυα,
831 2134 1001 2189 πολλὰ
1030 2135 1287 2200 πολλάκις
1303 2136 1486 2206 δεδυνη
1495 2135 1653 2208 μένα,

102 2225 199 2278 οὗτε
248 2225 520 2296 πάνδημοι
552 2225 695 2278 λιταὶ
735 2226 829 2278 καὶ
863 2227 1094 2292 ίκεσίαι,
1133 2224 1220 2291 ἃς,
1272 2226 1348 2290 ὡς
1383 2227 1521 2299 ὑπὲρ
1555 2227 1654 2296 τῆς

103 2316 266 2371 ἑαυτοῦ
298 2316 572 2388 σωτηρίας
595 2317 844 2384 ἕκαστος,
879 2317 1161 2371 ἐποιοῦντο
1190 2319 1298 2382 πᾶς
1327 2320 1356 2371 ὁ
1381 2318 1528 2381 λαός
1562 2319 1655 2371 καὶ

102 2409 188 2479 γὰρ
231 2404 297 2479 ἦν
349 2408 523 2463 ἅπασι
580 2409 822 2478 σωτηρία
865 2410 926 2462 τὸ
955 2409 1170 2481 ἐκείνην
1206 2410 1493 2475 σώζεσθαι,
1549 2411 1655 2463 ὦσ-

104 2522 189 2574 περ
223 2505 549 2569 τούναντίον,
594 2504 763 2570 πάθος
799 2507 975 2561 κοινὸν
1014 2507 1075 2560 τὸ
1116 2509 1183 2578 τῇ
1228 2508 1510 2580 ὰῤῥωστίᾳ
1560 2526 1657 2561 κα-

102 2598 351 2652 νοπαθεῖν.

158 2889 252 2942 IH'.
282 2887 344 2940 Τί
385 2881 531 2957 οὖνὴ
563 2884 772 2957 μεγάλη
808 2885 903 2938 καὶ
939 2885 1048 2938 τῶν
1091 2884 1362 2955 μεγίστων
1387 2885 1499 2958 (47)
1527 2886 1654 2952 ἀξία

102 2982 242 3052 ψυχὴ,
275 2982 366 3034 καὶ
397 2981 540 3051 τίςή
591 2977 802 3051 ἰατρεία
837 2975 933 3030 τοῦ
963 2977 1198 3042 πάθους;
1241 2960 1507 3032 Ἐνταῦθᾶ
1547 2979 1654 3050 γὰρ

101 3075 184 3144 ἤδη
225 3075 317 3126 καὶ
367 3071 428 3125 τὸ
480 3071 813 3144 ἀπόρρητον.
876 3070 1104 3124 Πάντων
1164 3071 1480 3138 ἀπογνοῦσα
1544 3071 1653 3123 τῶν

1687 1822 1726 1879 Β

102 3168 270 3228 ἄλλων,
299 3168 392 3220 ἐπὶ
415 3166 503 3219 τὸν
527 3166 738 3219 πάντων
762 3163 941 3235 ἰατρὸν
973 3162 1327 3234 καταφεύγει,
1351 3164 1444 3217 καὶ
1464 3165 1655 3228 νυκτὸς
1683 3187 1726 3244 C

102 3262 282 3332 ἀωρίαν
309 3263 594 3332 τηρήσασα
612 3301 626 3325 ,
659 3259 855 3331 μικρὸν
891 3257 1146 3329 ἐνδούσης
1177 3257 1312 3333 αὐτῇ
1335 3257 1435 3327 τῆς
1464 3256 1619 3310 νόσου
1639 3298 1653 3320 ,

100 3353 163 3422 τῷ
187 3351 556 3424 θυσιαστηρίῳ
597 3350 930 3422 προσπίπτει
965 3348 1103 3421 μετὰ
1133 3349 1231 3419 τῆς
1267 3349 1656 3411 πίστεως,.καὶ

101 3444 272 3496 ’.ἲινέπ
293 3443 440 3514 αὐτῷ
459 3442 769 3514 τιμώμενον
790 3441 900 3514 (48)
930 3440 1342 3510 ἀνακαλουμένη
1365 3439 1574 3513 μεγάλῃ
1590 3443 1654 3510 τῇ

102 3535 201 3607 βοῇ,
226 3537 320 3589 καὶ
341 3536 546 3598 πάσαις
566 3536 687 3598 ταῖς
711 3533 958 3604 κλήσεσι,
997 3533 1090 3587 καὶ
1117 3533 1308 3585 πασῶν
1341 3532 1500 3585 αὐτὸν
1548 3532 1656 3585 τῶν

102 3622 426 3693 πώποτεμθ)
450 3621 730 3692 δυνάμεων
771 3621 1131 3692 ὑπομνήσασα
1161 3621 1320 3692 (σοφὴ
1345 3619 1452 3693 γὰρ
1477 3620 1656 3692 ἐκείνη

101 3715 178 3766 καὶ
201 3715 268 3768 τά
300 3713 509 3767 παλαιά
545 3713 640 3766 καὶ
675 3712 744 3766 τὰ
771 3711 911 3779 νέα),
942 3710 1094 3774 τέλος
1145 3711 1344 3781 εὐσεϐῆ
1392 3729 1512 3764 τινα
1565 3711 1659 3764 καὶ

102 3804 247 3877 καλὴν
277 3805 662 3876 ἀναισχυντίαν
692 3803 1072 3873 ἀναισχυντεῖ·
1111 3805 1358 3873 μιμεῖται
1404 3802 1502 3874 τὴν
1548 3807 1660 3864 τοῖς

103 3897 410 3968 κρασπέδοις
433 3896 672 3968 Χριστοῦ
695 3895 1006 3967 ξηράνασαν
1034 3895 1216 3967 πηγὴν
1267 3895 1520 3966 αἵματος.
1550 3897 1661 3949 Καὶ

100 3989 141 4039 τί
169 3991 336 4053 ποιεῖ;
366 3988 445 4060 τῷ
474 3987 846 4059 θυσιαστηρίῳ
873 3985 972 4058 τὴν
1005 3987 1248 4059 κεφαλὴν
1271 3987 1470 4058 ἑαυτῆς
1493 4003 1661 4059 προσ-

102 4079 236 4134 θεῖσα
267 4079 382 4151 (50)
426 4079 564 4150 μετὰ
606 4079 708 4150 τῆς
759 4079 882 4150 ἴσης
915 4078 1065 4149 βοῆς,
1101 4079 1195 4132 καὶ
1242 4079 1474 4150 δάκρυσι
1505 4078 1662 4132 τοῦτο

101 4173 376 4237 πλουσίοις,
411 4172 602 4243 ὥσπερ
625 4190 706 4236 τις
727 4171 894 4225 πάλαι
928 4171 1052 4235 τοὺς
1089 4171 1254 4234 πόδας
1283 4170 1522 4243 Χριστοῦ
1551 4171 1662 4242 (51)

101 4267 514 4338 καταϐρέχουσα,
533 4266 628 4318 καὶ
653 4265 728 4336 μὴ
751 4264 1015 4336 πρότερον
1036 4265 1256 4335 ἀνήσειν
1281 4265 1314 4335 ἢ
1342 4265 1438 4335 τῆς
1454 4265 1663 4334 ὑγιείας

100 4360 261 4427 πιχεῖν
290 4355 592 4410 ἀπειλοῦσα
613 4356 748 4427 (£52)-
771 4351 891 4409 εἶτα
916 4355 992 4428 τῷ
1017 4357 1144 4428 παρ’
1164 4357 1368 4427 ἑαυτῆς
1387 4357 1664 4428 φαρμάκῳ

100 4448 253 4520 τούτῳ
279 4449 339 4502 τὸ
366 4449 526 4519 σῶμα
563 4449 672 4501 πᾶν
703 4447 1093 4518 ὲπαλείφουσα,
1124 4450 1217 4503 καὶ
1249 4451 1302 4504 εἴ
1336 4449 1440 4503 πού
1476 4467 1528 4502 τι
1557 4450 1664 4503 τῶν

1753 694 1920 754 atque
1947 685 2106 754 hujus
2131 685 2376 741 miraculi
2407 693 2571 740 testes
2590 685 2881 757 nobisipsis
2900 694 3084 741 mutuo
3109 701 3316 748 smnus.

1752 792 1818 828 an
1847 777 2003 830 Iidem
2033 776 2297 832 defuncta:
2325 777 2504 830 datam
2549 776 2750 832 diutius
2791 778 3162 834 servabimus?
3189 777 3318 832 Mihi

1754 880 1901 929 vero,
1937 875 2126 920 uttum
2146 867 2360 922 silentio
2379 868 2708 936 premenda,
2754 869 2826 923 ita
2862 885 3004 924 nunc
3030 867 3319 924 eti‘erenda:

1754 972 1816 1010 ac
1849 958 2206 1027 praedicanda:
2229 958 2386 1028 hujus
2412 960 2487 1015 rei
2525 969 2737 1029 tempus
2770 975 2892 1016 esse
2934 961 3163 1028 videtur,
3214 976 3319 1016 non

1753 1049 1926 1104 solum
1953 1050 2020 1103 ad
2053 1050 2146 1105 Dei
2180 1050 2425 1119 gloriam,
2449 1051 2542 1106 sed
2570 1053 2636 1108 ad
2671 1067 2858 1107 eorum
2899 1052 3084 1121 etiam,
3116 1054 3209 1124 qui
3231 1069 3322 1109 ca-

1753 1140 2092 1196 lamitatibus
2119 1153 2454 1211 premuntur,
2489 1143 2932 1200 consolationem.

1823 1231 1984 1289 XVII.
2040 1234 2276 1288 Adversa
2331 1235 2576 1302 corporis
2629 1234 2934 1291 valetudine
3003 1235 3320 1297 tenebatur,

1754 1327 2100 1397 graviterque
2139 1327 2436 1390 laborabat,
2463 1337 2686 1397 eratque
2710 1328 2946 1385 insolens
2972 1329 3241 1400 quoddam
3266 1339 3325 1384 et

1754 1419 2126 1488 prodigiosum
2173 1418 2352 1474 morbi
2396 1434 2566 1488 genus
2596 1439 2609 1474 :
2639 1422 2817 1477 subita
2859 1423 3118 1477 nimirum
3160 1423 3323 1477 totius

1755 1509 1997 1576 corporis
2049 1508 2418 1572 inﬂammatio,
2468 1525 2532 1565 ac
2593 1511 2738 1566 velut
2784 1511 3030 1568 ebullitio
3056 1513 3324 1582 quaedam,

1755 1611 1809 1655 et
1847 1602 2028 1656 fervor
2057 1603 2358 1673 sanguinis,
2405 1621 2470 1659 ac
2501 1605 2698 1660 deinde
2737 1606 2977 1676 ejusdem
3026 1606 3322 1665 concretio.

1755 1701 1810 1746 et
1844 1701 2048 1762 torpor,
2077 1693 2360 1763 pallorque
2383 1695 2739 1761 incredibilis,
2772 1706 2828 1751 et
2848 1697 3043 1753 mentis
3068 1711 3134 1753 ac
3154 1713 3326 1752 ment-

1756 1781 1976 1836 brorum
2005 1783 2287 1839 dissolutio
2319 1802 2333 1838 :
2363 1787 2521 1854 idque
2553 1801 2659 1841 non
2705 1803 2800 1856 per
2831 1787 2990 1858 longa
3021 1789 3324 1852 intervalla,

1759 1873 1854 1928 sed
1889 1888 2270 1944 nonnunquam
2306 1861 2468 1932 etiam
2495 1881 2778 1934 admodum
2806 1881 2996 1936 crebra
3017 1864 3069 1938 et
3087 1883 3324 1950 assidua;

1758 1964 2067 2033 malumque
2084 1966 2248 2037 229
2277 1967 2418 2023 istud
2446 1969 2589 2026 haud
2616 1971 2909 2027 humanum
2962 1987 3084 2029 esse
3121 1971 3328 2043 judica-

1758 2062 1937 2124 batur.
1967 2078 2068 2119 nec
2093 2065 2448 2132 medicorum,
2483 2077 2594 2120 tum
2625 2068 2955 2137 separatim,
3007 2076 3120 2122 tum
3162 2068 3323 2122 etiam

1759 2154 1900 2208 inter
1927 2170 1985 2208 se
2009 2156 2074 2210 de
2105 2159 2294 2213 morbo
2344 2159 2531 2213 sedulo
2571 2157 3016 2225 consultantium,
3064 2169 3231 2227 artes,
3259 2161 3325 2213 a:l

1758 2247 2177 2313 propulsandum
2222 2248 2485 2314 dolorem,
2532 2265 2691 2319 pares
2720 2266 2862 2306 esse
2912 2263 3177 2320 poterant,
3229 2268 3330 2308 nec

1764 2347 2050 2404 parentum
2082 2337 2357 2408 lacrymar,
2391 2355 2512 2408 qua:
2557 2340 2780 2394 multum
2832 2356 2974 2410 saepe
3022 2341 3324 2406 valuerant,

1759 2443 1856 2483 nec
1885 2429 2108 2497 publicae
2135 2446 2324 2499 preces
2356 2441 2412 2486 et
2439 2433 2709 2501 supplices
2733 2436 3028 2500 orationes,
3079 2449 3243 2504 quas.
3271 2446 3328 2490 ut

1757 2535 1854 2588 pro
1882 2535 1976 2576 sua
2007 2523 2236 2590 quisque
2257 2522 2450 2587 salute,
2487 2525 2714 2594 populus
2764 2527 3051 2582 universus
3075 2527 3328 2588 faciebat.

1756 2609 1954 2667 Omnes
1981 2613 2123 2666 enim
2140 2627 2205 2668 eo
2231 2614 2412 2668 animo
2425 2616 2816 2682 erant,utitlius
2837 2617 3062 2672 salutem
3075 2633 3228 2673 suam
3245 2635 3334 2673 es-

1757 2715 1815 2755 se
1828 2701 2053 2757 salutem
2069 2704 2802 2774 ducerent,quemadmodum
2817 2719 3004 2762 contra
3019 2709 3160 2764 illius
3184 2726 3332 2764 mur-

1757 2793 1904 2856 bum,
1917 2809 2256 2852 communem
2269 2797 2510 2852 omnium
2527 2800 2772 2855 morbum
2787 2810 2841 2855 et
2859 2801 3240 2859 calamitatem.

1832 2884 2016 2940 XVIII.
2063 2886 2200 2952 Quid
2233 2889 2396 2958 igitur
2422 2905 2611 2960 magna
2645 2891 2758 2956 illa,
2781 2893 3137 2963 maximisque
3167 2896 3330 2950 rebus

1757 2977 1916 3048 digna
1943 2978 2120 3033 anima
2155 2979 2303 3048 facit,
2341 2991 2396 3037 et
2432 2996 2594 3051 quam
2637 2983 2808 3038 dolori
2863 2985 3184 3041 medicinam
3230 2988 3326 3041 ad-

1758 3069 1944 3124 hibet?
1971 3068 2070 3126 IIic
2093 3072 2239 3127 enim
2271 3073 2386 3142 jam
2414 3089 2671 3130 arcanum
2690 3076 2856 3131 situm
2888 3087 2990 3134 est.
3023 3079 3332 3151 Desperatis

1759 3161 2010 3217 omnibus
2035 3163 2158 3218 aliis
2181 3163 2423 3231 auxiliis,
2459 3165 2526 3220 ad
2552 3166 2862 3222 mortalium
2891 3170 3131 3226 omnium
3163 3174 3334 3228 medi-

1765 3269 1886 3308 cum
1913 3252 2176 3325 confugit,
2211 3266 2374 3326 atque
2410 3256 2730 3328 intempesta
2761 3257 2922 3315 nocte
2949 3272 3186 3333 captata,
3207 3280 3331 3320 cum

1762 3347 1983 3403 morbus
2040 3348 2292 3404 nonnihil
2377 3349 2702 3416 remisisset,
2754 3352 2820 3406 ad
2867 3352 3041 3409 altare
3067 3369 3190 3412 cum
3231 3354 3333 3410 fide

1761 3439 2088 3508 procumbit,
2121 3455 2352 3511 eumque
2386 3442 2479 3512 qui
2531 3456 2695 3512 super
2725 3444 2839 3513 ipso
2868 3444 3164 3500 honoratur
3206 3462 3329 3502 cum

1761 3532 1964 3601 ingenti
2005 3531 2243 3588 clamore
2283 3534 2578 3601 invocans,
2619 3537 2976 3606 omnibusque
3023 3539 3332 3595 nominibus

1762 3623 2055 3693 appellans,
2087 3635 2249 3695 atque
2276 3627 2458 3682 omnia
2506 3643 2590 3692 ea,
2651 3643 2770 3698 qua:
2810 3643 3044 3700 unquam
3101 3631 3332 3687 miriﬁce

1761 3728 2026 3787 gesserat,
2065 3719 2211 3774 velut
2246 3723 2298 3774 in
2329 3721 2645 3774 memoriam
2684 3723 2732 3776 ei
2787 3737 3046 3777 revocans
3082 3722 3253 3793 (nam,
3277 3733 3334 3778 ct

1766 3819 1994 3878 veteres,
2029 3822 2084 3867 et
2119 3827 2287 3866 novas
2329 3813 2582 3870 historias
2613 3815 2892 3882 callebat),
2923 3817 3136 3870 tandem
3167 3817 3251 3886 pia
3277 3828 3335 3872 et

1767 3903 2026 3970 praelata
2079 3906 2308 3974 quadam
2361 3905 2690 3975 impudentia
2732 3905 2975 3962 effertur.
3027 3907 3178 3972 Eam,
3215 3921 3334 3977 quae

1763 3995 1964 4049 Christi
2031 3996 2242 4051 Iimbria
2297 3998 2576 4068 sanguinis
2611 3999 2929 4067 proﬂuviqu
2986 4013 3334 4069 compresse-

1767 4096 1848 4140 rat
1882 4088 1949 4152 ",
1988 4088 2248 4144 imitatur.
2278 4090 2417 4157 Quid
2449 4091 2593 4146 enim
2625 4091 2773 4162 agit?
2801 4091 2933 4146 Cum
2977 4101 3143 4160 caput
3173 4108 3330 4146 suum

1766 4179 1882 4246 pari
1907 4193 2028 4233 cum
2056 4179 2317 4246 clamore,
2348 4181 2729 4253 lacrymisque,
2785 4183 2980 4251 quibus
3002 4182 3332 4249 abundabat,

1771 4271 2014 4336 mulieris
2049 4273 2194 4328 illius
2229 4275 2420 4337 instar,
2455 4290 2574 4344 quae
2626 4276 2754 4330 olim
2806 4277 3005 4331 Christi
3067 4277 3230 4346 pedes
3259 4279 3330 4331 ri—

1767 4365 1913 4433 gavit
1937 4367 2003 4431 '7,
2037 4366 2192 4421 altari
2227 4369 2597 4432 admovisset,
2657 4385 2756 4422 nec
2783 4384 2842 4422 se
2883 4370 3031 4436 prius
3061 4369 3202 4422 Istud
3249 4369 3336 4422 di-

1769 4457 2052 4512 missuram
2079 4475 2204 4516 esse
2233 4462 2628 4526 denuntiasset,
2678 4477 2838 4530 quam
2872 4463 3158 4517 sanitatem
3195 4463 3337 4514 obti-

100 4540 396 4594 ἀντιτύπων
421 4541 533 4611 (55)
564 4539 656 4593 τοῦ
692 4539 876 4610 τιμίου
907 4539 1158 4611 σώματος
1187 4542 1221 4612 ἢ
1249 4541 1344 4595 τοῦ
1372 4541 1602 4613 αἵματος
1631 4544 1656 4612 ἡ

1771 4551 2094 4620 uuisset;ac
2115 4554 2308 4610 deinde
2342 4555 2445 4609 hoc
2473 4569 2570 4609 suo
2609 4555 2901 4625 pharmace
2935 4569 3133 4624 corpus
3169 4565 3334 4607 totum

99 4636 202 4705 χεὶρ
229 4634 614 4706 ἐθησαύρισεν,
664 4632 821 4686 τοῦτο
856 4634 1241 4704 καταμιγνῦσα
1276 4635 1388 4706 (54)
1416 4638 1528 4699 τοῖς
1557 4634 1651 4688 δά-

159 4729 200 4758 ¹⁸
234 4727 428 4783 Matth.
465 4743 542 4790 Ix,
565 4725 658 4782 20.
735 4728 778 4759 ³⁷
812 4727 942 4782 Luc.
995 4743 1089 4793 νη,
1114 4729 1203 4785 58.

161 4819 266 4887 (42)
297 4819 569 4873 Ἑκείνου
601 4819 844 4889 ποιμήν.
880 4819 1012 4891 Reg.
1045 4823 1136 4888 ltu,
1173 4821 1266 4878 Or.
1300 4833 1354 4876 et
1396 4821 1506 4879 Jes.
1548 4840 1664 4876 ποι-

102 4890 196 4960 μὴν
222 4891 456 4943 ἐκείνου.

159 4959 266 5030 (45)
306 4959 543 5032 Ἐσμέν.
573 4960 730 5015 Deest
760 4961 812 5014 in
841 4961 1006 5032 Begg.
1043 4976 1096 5026 ιι,
1133 4963 1241 5014 lim.
1272 4965 1363 5028 hu,
1395 4963 1490 5019 Or.
1518 4964 1627 5020 Jcs.

158 5032 266 5104 (44)
298 5030 692 5104 Φυλάξωμεν.
737 5032 867 5104 Reg.
901 5030 997 5104 hu,
1021 5032 1349 5104 φυλάξομεν.

159 5103 269 5176 (45)
297 5103 539 5176 Καιρόςί
575 5104 706 5176 Iieg.
739 5103 830 5168 hu,
857 5103 1022 5176 Coisl.
1055 5103 1106 5168 1,
1139 5103 1352 5176 καιρόν.

159 5171 264 5244 (tu)
294 5171 597 5242 Συνεχῶς.
629 5173 794 5243 liegg.
825 5176 938 5240 btn,
967 5174 1056 5238 hu,
1086 5183 1196 5230 tres
1228 5171 1379 5231 Colb.
1417 5175 1509 5232 0r.
1554 5193 1673 5230 συν-

96 5261 218 5297 ενων
225 5286 238 5297 .

311 5311 438 5368 Τῶν
468 5313 783 5389 μεγίστων.
820 5312 945 5370 Ilaec
993 5313 1058 5370 de
1106 5317 1419 5384 parentibus
1468 5317 1677 5389 Gorgo-

98 5386 190 5439 niae
222 5394 456 5454 possunt
483 5384 727 5452 intelligi.

158 5451 266 5525 (48)
295 5455 411 5528 Καὶ
437 5454 546 5528 τῲ·
571 5451 846 5528 ἐπί-αὑτῷ
869 5453 1217 5528 τιμῷμεν-ον.
1244 5456 1526 5528 Chrysost.
1543 5473 1667 5526 pas-

96 5524 187 5577 sim
230 5524 408 5579 utitur
442 5524 525 5578 his
575 5526 817 5599 vocibus,
850 5524 1164 5599 gEIGOgt-pl
1204 5524 1475 5599 κείμενον.
1518 5524 1664 5599 Galli

97 5609 234 5663 vero,
269 5615 288 5648 ι
332 5609 556 5664 rcposer
586 5609 680 5646 sur
710 5594 911 5649 I’autel.
948 5615 966 5646 ι
997 5595 1204 5661 Quibus
1236 5594 1414 5653 verbis
1435 5639 1448 5663 ,
1499 5598 1663 5654 Chri-

98 5669 155 5719 sti
185 5670 236 5720 iu
281 5665 627 5719 Eueharistia
661 5678 822 5733 supra
856 5667 1029 5720 altare
1071 5666 1233 5723 realis
1266 5672 1550 5739 praesentia
1584 5674 1660 5726 si-

95 5739 397 5805 guilicatttr.

409 5829 682 5893 Ρλτιιοι.
729 5828 844 5892 Gn.
892 5831 1152 5894 XXXV.

1757 4640 2116 4710 perfudisset;
2147 4655 2201 4700 et
2226 4647 2268 4699 si
2305 4647 2433 4716 quid
2457 4646 2665 4716 uSpiatn
2694 4647 3058 4719 antityporum
3112 4647 3334 4717 pretiosi

1990 4824 2252 4879 Πώποτε.
2288 4823 2452 4893 Regg.
2481 4840 2533 4888 a,
2567 4825 2658 4890 hu,
2693 4825 2798 4879 Jes.
2832 4843 2982 4880 ποτε.

1988 4895 2344 4964 Προσθεῖσα.
2378 4895 2541 4949 Coisl.
2570 4896 2619 4956 i,
2646 4895 2925 4966 προθεῖσα.
2961 4917 2980 4948 ι
3012 4897 3144 4952 Cum
3175 4903 3331 4953 altari

1843 4826 1932 4894 (ιιι

1845 4826 1956 4967 ιιι

1775 4979 1934 5035 caput
1983 4968 2330 5038 admovisset,
2383 4973 2544 5038 alque
2581 4966 3104 5038 illudilacrymarunt
3157 4973 3332 5038 συνίῃ,

1773 5038 1918 5090 velut
1950 5037 2191 5106 quantam
2219 5037 2345 5090 olim
2379 5036 2571 5092 mulier
2603 5035 2802 5091 Christi
2841 5035 3005 5106 pedes
3031 5035 3237 5094 affatim
3265 5059 3337 5093 I'I-

1775 5122 1926 5176 guns,
1957 5105 2325 5176 perfudissetq

1848 5177 2267 5249 (51)’Χριστοῦ,
2303 5175 2459 5249 Reg._
2477 5177 2568 5244 hu,
2599 5177 2692 5231 τοῦ
2715 5178 2972 5249 Χριστοῦ.

1851 5246 1959 5318 (59.)
1987 5246 2586 5319 Ἀπειλοῦσαηϐοἱει
2640 5251 2692 5314 1,
2744 5246 3130 5307 ἔπαπειλοῦσα.
3174 5251 3336 5319 Quasi

1787 5339 1804 5372 ι
1836 5319 2227 5381 minitabunda,
2267 5337 2285 5371 ι
2324 5318 2403 5372 vel
2435 5337 2453 5369 ι
2483 5334 2707 5382 vovens,
2746 5339 2765 5371 ι
2804 5331 2860 5374 ut
2890 5320 3142 5382 intelligit
3171 5318 3336 5376 Elius.

1837 5337 2227 5381 mmuauuuaa,
2267 5337 2285 5371 ι
2324 5337 2403 5372 vel
2435 5337 2453 5369 ι
2483 5337 2707 5382 vovens,
2746 5339 2765 5371 ι
2804 5337 2860 5374 ιιι
2890 5337 3060 5375 tnteut
3104 5337 3142 5376 tt
3171 5337 3336 5376 unus.

1837 5387 2373 5461 (55L'Aynzdgwra
2404 5386 2814 5461 Ρειζνάντίτυπα
2838 5433 2854 5456 ,
2898 5402 3046 5446 recte
3067 5337 3220 5446 gilius
3261 5397 3340 5461 ip-

1766 5455 1887 5533 sam
1930 5455 2329 5533 Eucharistiam
2361 5455 2638 5531 intelligit,
2673 5471 2727 5516 et
2754 5455 2931 5532 ipsum
2969 5476 3093 5517 vere
3142 5455 3340 5533 corpits

1765 5529 1962 5586 Christi
1989 5531 2226 5592 exponit.

1836 5600 1945 5682 (54)
1974 5600 2152 5682 Ίξοῦτο
2174 5603 2590 5682 pratuli-irrito}:
2605 5601 3070 5682 Eoicﬂd‘darpvmr.
3103 5603 3227 5660 Huic
3247 5613 3336 5657 de-

1767 5680 1890 5726 sunt
1919 5671 1970 5725 in
2005 5672 2136 5741 lieg.
2173 5673 2282 5737 but,
2317 5671 2489 5728 tribus
2525 5671 2677 5728 Culb.
2719 5675 2811 5729 0r.
2845 5671 2955 5729 Jes.

2943 5834 3080 5892 26‘
