3844 6390
542 249 636 303 εει

1768 246 1824 299 S.
1865 241 2195 300 GREGORII
2235 240 2576 297 THEOLOGI

3666 239 3752 294 8|!

539 365 782 433 corporis
811 373 900 418 aut
936 363 1212 432 sanguinis
1248 378 1438 417 manus
1497 362 1896 427 recondiderat,
1947 363 1997 416 id
2029 365 2090 416 Ia'

2211 377 2423 430 κρυσιν,
2457 359 2522 426 (ὢ
2549 359 2640 412 τυῦ
2675 358 2948 429 θαύματος
2963 359 3004 429 ί)
3035 357 3274 430 ἀπῆλθεν
3297 357 3459 418 εὐθὺς
3489 355 3749 427 αὶσθομένη

538 457 737 527 rrymis
778 455 1175 518 atlmiscttisset,
1235 454 1292 522 (ο
1318 470 1429 508 rem
1457 453 1890 525 admirandam!)
1921 454 2101 509 statim

540 546 816 598 liberatam
859 559 921 599 se
959 544 1164 599 'morbo
1225 546 1415 609 sentit,
1472 553 1634 616 atque
1662 555 1716 600 et
1746 561 1998 615 corpore.
2053 557 2108 601 et

537 639 738 700 animo,
761 647 813 691 et
846 646 1022 691 mente
1048 636 1182 691 levis
1213 638 1457 704 discedit,
1489 653 1584 708 pro
1607 639 1718 708 Spei
1741 640 2011 701 mercede,
2033 639 2104 705 id,

536 731 676 800 quod
712 739 1044 800 speraverat,
1093 743 1407 794 consecuta,
1476 741 1531 785 et
1580 747 1676 801 per
1721 731 1915 786 animm
1946 732 2109 787 robur

533 822 776 890 corporis
809 822 1267 889 viresaccipiens.
1312 822 1499 894 Magna
1539 824 1756 892 quidem
1799 825 1914 878 haec
1947 834 2097 888 sunt,

533 934 639 972 non
674 930 852 971 tamen
884 916 1038 972 falsa.
1071 916 1162 972 His
1185 933 1397 983 omnes,
1435 927 1542 972 tam
1587 918 1726 981 sani,
1756 933 1915 987 quant
1950 919 2099 985 mgri,

535 1009 690 1062 Iidem
720 1005 971 1062 adhibete
999 1023 1013 1062 :
1041 1019 1100 1061 ut
1139 1007 1451 1074 sanitatem,
1475 1008 1563 1060 alii
1598 1007 1863 1068 habeatis,
1898 1007 1986 1062 alii
2016 1022 2103 1062 re-

531 1097 763 1167 cipiatis.
795 1095 1060 1168 Quodque
1087 1112 1189 1151 non
1217 1096 1489 1166 jactautize
1521 1097 1793 1166 Specimen
1833 1097 1946 1150 haec
1979 1112 2104 1150 nar-

529 1191 669 1245 ratio
723 1190 813 1252 sit,
864 1190 988 1244 hinc
1039 1189 1243 1261 liquido
1303 1197 1534 1251 constat.
1593 1191 1735 1260 quod
1786 1190 1926 1242 lmnc
1956 1205 2093 1252 rem,

530 1279 763 1349 quandiu
793 1280 905 1351 ipsa
932 1280 1088 1344 vixit,
1119 1290 1316 1336 tectam
1363 1289 1418 1336 et
1469 1280 1684 1334 silentio
1711 1295 2098 1348 compressam,

528 1389 672 1428 nunc
699 1375 912 1429 demum
951 1372 1201 1444 patefeci.
1243 1375 1319 1428 Ae
1382 1387 1449 1426 ne
1505 1387 1646 1426 nunc
1699 1372 1915 1441 quidem
1976 1387 2097 1426 eam

2208 451 2305 521 τῆς
2334 451 2623 521 σωτηρίας.
2660 449 2834 520 κούφη
2866 451 2959 502 καὶ
2993 449 3172 520 σῶμα,
3203 450 3298 501 καὶ
3311 447 3514 518 ψυχὴν,
3545 449 3632 500 καὶ
3651 449 3747 501 διά-

2204 560 2371 604 νοιαν,
2423 542 2614 614 μισθὸν
2653 543 2864 605 ἐλπίδος
2895 542 3135 596 λαϐοῦσα
3174 542 3235 594 τὸ
3280 541 3647 610 ἐλπιζόμενον,
3673 543 3746 593 καὶ

2204 637 2268 706 τῇ
2303 633 2399 703 τῆς
2426 634 2601 705 ψυχῆς
2635 633 2908 706 εὐρωστίᾳ
2944 634 3288 704 κομισαμένη
3319 633 3419 703 τὴν
3461 630 3552 683 τοῦ
3591 631 3746 703 σῶμα·

2205 744 2313 792 τος.
2347 726 2535 780 Ταῦτα
2585 726 2797 796 μεγάλα
2849 727 2966 797 μὲν,
3021 727 3080 779 ού
3130 725 3298 795 ψευδῆ
3325 725 3402 778 δέ.
3439 723 3653 787 Τούτοις
3679 741 3748 779 πι-

2207 819 2425 873 στεύετε
2459 819 2718 882 ἅπαντες,
2743 818 2837 871 καὶ
2862 819 3164 882 νοσοῦντες,
3193 819 3288 871 καὶ
3308 815 3644 885 ὑγιαίνοντες
3660 833 3672 846 ο
3698 817 3746 868 ἶν’

2203 913 2250 964 οἱ
2279 913 2375 982 μὲν
2413 912 2573 982 ἔχητε
2602 911 2698 982 τὴν
2726 910 2936 980 ὑγίειαν
2969 910 3104 975 (55),
3136 911 3185 962 οἱ
3208 910 3265 962 δὲ
3291 907 3602 977 ἀπολάϐητε
3639 909 3746 976 (56).

2205 1004 2314 1058 Καὶ
2366 1003 2446 1056 ὅτι
2483 1001 2557 1074 μὴ
2589 1001 2798 1072 κόμπος
2842 1001 2904 1053 τὸ
2932 1001 3197 1072 διήγημα,
3221 999 3377 1069 δῆλον
3413 999 3470 1065 ἐξ
3493 991 3568 1051 ὧν
3601 999 3748 1071 ζώσης

2204 1097 2607 1167 κατασιγήσας,
2644 1095 2737 1148 νῦν
2767 1093 3100 1163 ὲξεκάλυψα·
3153 1093 3247 1146 καὶ
3293 1092 3405 1146 οὐδ’
3442 1093 3509 1144 ἆν
3538 1089 3628 1143 νῦν
3655 1093 3737 1162 ἐδη-

2208 1190 2492 1261 μοσίευσα,
2525 1183 2582 1240 εὖ
2622 1187 2760 1247 ἴστε,
2805 1187 2855 1238 εἰ
2905 1185 2978 1255 μή
3007 1202 3092 1248 τις
3130 1201 3254 1255 εσχε
3293 1202 3360 1255 με
3396 1184 3557 1254 φόΰος
3595 1183 3747 1253 θαῦμα

2209 1279 2461 1332 τοσοῦτον
2502 1279 2611 1349 (57)
2643 1276 2990 1347 κατακρύψαι
3020 1277 3113 1330 καὶ
3139 1281 3348 1342 πιστοῖς
3382 1277 3479 1330 καὶ
3508 1277 3747 1340 ἀπίστοις,

2208 1373 2299 1424 καὶ
2328 1373 2438 1434 τοῖς
2458 1369 2552 1424 νῦν
2576 1369 2668 1422 καὶ
2695 1370 2806 1432 τοῖς
2835 1367 3077 1440 ὕστερον.

530 1465 889 1533 evulgassem,
932 1467 1034 1520 nisi
1063 1466 1224 1520 timor
1250 1465 1467 1535 quidam
1497 1465 1731 1518 animum
1760 1466 2088 1532 incessisset,
2131 1465 2174 1520 si
2213 1475 2419 1518 tantum
2491 1463 2829 1529 miraculum,
2890 1474 2945 1518 et
2979 1462 3244 1528 fidelibus,
3285 1471 3341 1517 et
3365 1460 3680 1526 infidelibus,
3704 1471 3748 1516 et

532 1561 598 1615 iis
620 1560 709 1628 qui
737 1575 877 1612 nunc
899 1569 1045 1626 sunt,
1080 1568 1132 1612 et
1164 1557 1392 1627 posteris
1422 1557 1801 1612 occultassem.

608 1652 772 1723 23o
796 1651 934 1705 XIX.
976 1653 1152 1720 Atque
1207 1647 1506 1718 huiusmodi
1541 1649 1754 1716 quidem
1788 1648 1958 1719 ipsius
1987 1649 2095 1703 vita
2129 1659 2171 1713 Β

532 1747 674 1801 fuit:
709 1744 1091 1814 cumpluraque
1120 1743 1304 1807 etiam,
1340 1757 1409 1796 ne
1460 1743 1674 1794 modum
1720 1742 1894 1796 oratio
1937 1757 2098 1798 exce-

533 1843 704 1902 deret,
736 1851 941 1906 nosque
977 1835 1283 1904 inexplebili
1316 1835 1547 1903 quadam
1595 1834 1764 1902 ipsius
1811 1833 2094 1889 laudanda:

530 1931 788 1984 aviditate
853 1928 1023 1983 teneri
1081 1929 1410 1993 videremur,
1462 1925 1926 1994 praetermisimus.
1989 1925 2100 1982 Pia:

529 2033 707 2076 autent
736 2030 789 2074 et
817 2019 1017 2075 celebri
1048 2019 1221 2085 ipsius
1249 2018 1407 2072 morti
1441 2017 1675 2072 fortasse
1728 2019 1982 2089 injuriam
2019 2018 2101 2074 fe-

526 2113 781 2178 cerimus,
813 2111 912 2165 nisi
972 2111 1138 2180 ipsius
1193 2125 1406 2180 quoque
1468 2109 1653 2164 laudes
1707 2123 2100 2165 comn'temore-

528 2221 675 2270 mus;
705 2221 825 2260 cum
850 2205 1148 2272 praesertim
1185 2219 1303 2257 eam
1334 2204 1404 2256 ita
1431 2211 1651 2271 cuperet
1675 2217 1739 2257 ac
1774 2205 2094 2272 requireret.

525 2297 976 2355 Cummemorabo
1033 2307 1230 2360 autem,
1296 2310 1458 2364 quam
1513 2294 1630 2348 ﬁeri
1661 2295 1860 2363 poterit
1889 2295 2098 2350 brevis-

524 2392 682 2446 sime.
737 2391 967 2444 Dissolvi
1017 2388 1270 2459 cupiebat
1318 2388 1364 2418 ’⁸
1403 2387 1650 2454 (multam
1709 2386 1907 2456 quippe
1956 2390 2095 2456 apud

523 2500 671 2549 eum,
699 2497 728 2535 a
749 2498 857 2551 quo
888 2481 1199 2542 vocabatur,
1237 2479 1484 2534 fiduciam
1527 2479 1850 2551 obtinebat),
1883 2495 1946 2535 ac
1971 2496 2092 2534 cum

521 2575 737 2629 Christo
767 2589 906 2636 esse,
943 2573 1193 2626 omnibus
1249 2582 1409 2627 terrae
1464 2573 1762 2627 commodis
1811 2587 2093 2643 praepone-

523 2668 648 2722 bat:
689 2683 790 2722 nee
820 2667 1106 2736 quisquam
1162 2681 1372 2730 eorum,
1435 2668 1524 2736 qui
1560 2668 1622 2719 ad
1670 2681 1905 2720 amorem
1938 2666 2094 2721 valde

527 2759 776 2828 propensi
801 2769 945 2823 sunt,
975 2770 1135 2826 atque
1161 2774 1302 2829 aegre
1335 2760 1554 2812 retineri
1589 2767 1830 2827 possunt,
1867 2758 1942 2811 ita
1967 2773 2091 2812 cor-

525 2865 626 2920 pus
659 2851 895 2913 adamat,
928 2858 987 2902 ut
1013 2849 1124 2914 illa,
1157 2851 1402 2903 excussis
1430 2849 1512 2902 his
1537 2849 1905 2918 compedibus,
1930 2857 2092 2918 atque

525 2946 624 2996 hac
654 2944 801 3007 faece,
838 2957 962 2996 etim
999 2956 1100 3009 qua
1131 2941 1384 3002 vivimus,
1409 2951 1683 3010 superata,
1714 2957 1835 2994 cum
1862 2940 2087 3010 pulchro

2277 1646 2378 1699 10'.
2411 1646 2492 1700 Τὰ
2519 1645 2618 1717 μὲν
2648 1644 2711 1717 δὴ
2734 1644 2826 1699 τοῦ
2854 1645 2970 1716 βίου
2999 1643 3240 1699 τοιαῦτα·
3280 1645 3374 1697 καὶ
3395 1643 3465 1697 τὰ
3489 1643 3649 1696 πλείω
3669 1661 3749 1695 πα-

2207 1738 2603 1812 ραλελοίπαμεν
2635 1737 2720 1791 διὰ
2751 1738 2848 1808 τὴν
2876 1738 3215 1808 συμμετρίαν
3240 1737 3332 1790 τοῦ
3360 1736 3544 1806 λόγου,
3578 1737 3748 1790 καὶτοῦ

2207 1830 2282 1902 μὴ
2312 1830 2488 1884 δοκεῖν
2510 1829 2804 1898 ἀπλήστως
2840 1829 2982 1900 ἔχειν
3006 1830 3134 1900 περὶ
3163 1828 3261 1900 τὴν
3293 1829 3571 1899 εὐφημίαν
3589 1846 3602 1860 '
3634 1831 3747 1901 τὼία

2201 1924 2245 1977 δ’
2277 1923 2341 1977 ἂν
2376 1922 2693 1992 ἀδικοίημεν
2738 1921 2994 1992 τελευτὴν
3025 1921 3178 1975 ὁσίαν
3207 1923 3298 1974 καὶ
3333 1920 3666 1992 περιϐόητον,
3710 1924 3746 1974 εί

2205 2015 2278 2088 μὴ
2326 2015 2420 2069 καὶ
2471 2015 2577 2068 τῶν
2632 2014 2834 2087 ταύτης
2885 2014 3067 2067 καλῶν
3115 2015 3618 2086 ὲπιμνησθείημεν’
3673 2015 3746 2066 καὶ

2200 2111 2371 2164 ταῦτα
2398 2109 2569 2173 οὕτως
2601 2111 2814 2181 ἐκείνης
2845 2108 3182 2180 ποθουμένης
3211 2126 3271 2162 τε
3293 2108 3387 2161 καὶ
3419 2109 3744 2178 ζητουμένης.

2201 2204 2597 2275 Μνησθήσομαι
2645 2203 2723 2270 δὲ,
2774 2203 2848 2265 ὡς
2893 2203 2956 2256 ἂν
3008 2196 3119 2255 οἷόν
3166 2219 3225 2255 τε
3365 2202 3744 2272 συντομώτατα.

2214 2296 2424 2350 Ἐπόθει
2457 2297 2552 2366 μὲν
2569 2298 2666 2367 τὴν
2688 2296 2942 2350 ἀνάλυσιν
2973 2298 3088 2367 (καὶ
3117 2297 3224 2368 γὰρ
3272 2293 3383 2366 εἶχε
3421 2295 3615 2366 πολλὴν
3637 2296 3748 2366 πρὸς

2199 2389 2288 2442 τὸν
2313 2388 2582 2442 καλοῦντα
2634 2390 2732 2460 τὴν
2774 2389 3134 2462 παρρησίαν),
3191 2389 3284 2443 καὶ
3337 2389 3395 2441 τὸ
3433 2390 3530 2441 σὺν
3557 2389 3747 2458 Χριστῷ

2199 2476 2336 2534 εἶναι
2371 2481 2585 2536 πάντων
2616 2481 2888 2554 προετίθει
2927 2481 3037 2551 (58)
3071 2481 3178 2534 τῶν
3218 2482 3357 2552 ὑπὲρ
3400 2483 3533 2551 γῆς’
3563 2483 3646 2534 καὶ
3670 2484 3745 2532 οἱ·

2198 2572 2306 2636 δε“ις
2339 2573 2510 2638 οὕτως
2534 2575 2634 2646 ἐρᾷ
2668 2574 2917 2645 σώματος
2962 2573 3071 2626 τῶν
3114 2574 3230 2626 λίαν
3263 2574 3543 2644 ἐρωτικῶν
3571 2591 3623 2625 τε
3668 2573 3746 2625 καὶ

2195 2665 2598 2725 δυσκαθέκτων,
2628 2666 2703 2728 ὼς
2729 2666 2912 2738 ἐκείνη
2946 2667 3044 2729 τὰς
3077 2667 3240 2730 πέδας
3265 2665 3615 2737 ἀπορρίψασα
3634 2666 3744 2718 ταύ-

2196 2775 2314 2821 τας,
2334 2759 2426 2811 καὶ
2446 2759 2544 2831 τὴν
2571 2758 2682 2811 ἰλὺν
2713 2759 3018 2831 ύπερϐἄσα,
3056 2758 3173 2829 μεθ’
3191 2755 3256 2830 ἧς
3281 2757 3611 2828 βιωτεύομεν
3629 2758 3742 2820 (593.

2199 2849 2336 2918 μετὰ
2361 2847 2453 2901 τοῦ
2486 2847 2653 2901 καλοῦ
2675 2848 2928 2920 καθαρῶς
2962 2848 3231 2917 γενέσθαι,
3265 2850 3359 2900 καὶ
3383 2848 3474 2900 τὸν
3499 2847 3742 2920 ἐρώμενον

2196 2941 2490 2995 ἀπολαϐεῖν
2519 2940 2660 3007 ὅλον,
2708 2941 3002 3012 προσθήσω
3065 2940 3108 2993 δ’
3156 2941 3236 2995 ὃτι
3264 2941 3359 2992 καὶ
3392 2941 3483 2993 τὸν
3511 2941 3742 3011 ἐραστὴν,

521 3035 612 3088 illo
639 3048 770 3102 pure
802 3032 1076 3102 conjungi,
1102 3044 1334 3100 eumque
1384 3041 1576 3095 totum,
1627 3045 1789 3099 quem
1851 3029 2087 3094 amabat,

2199 3027 2254 3086 οῦ
2282 3033 2375 3085 νῦν
2414 3035 2634 3106 μικραῖς
2658 3033 3044 3104 ἐλλαμπόμεθα
3097 3036 3213 3096 ταῖς
3253 3034 3469 3100 αὐγαῖς,
3516 3034 3604 3085 καὶ
3640 3033 3743 3084 ὅσον

519 3127 710 3180 addam
739 3124 900 3180 etiam
935 3140 965 3177 a
993 3138 1098 3194 quo
1135 3125 1440 3184 attrahatur,
1480 3121 1760 3191 complecti
1793 3119 2080 3190 gestiebat,

520 3221 672 3288 cujus
702 3233 845 3272 nunc
873 3217 1118 3270 videlicet
1143 3216 1354 3284 exiguis
1398 3215 1561 3268 radiis
1607 3213 2008 3278 coIIuStrautur,
2035 3221 2091 3266 et

524 3327 552 3363 a
582 3325 709 3380 quo,
742 3319 1010 3380 quatenus
1057 3307 1308 3378 cognosci
1349 3317 1547 3376 potest,
1611 3304 1840 3372 sejuncti
1881 3319 2087 3358 sumus.

520 3401 625 3455 Nec
650 3416 777 3455 vero
809 3411 916 3454 tam
943 3400 1159 3455 sublimi
1189 3416 1252 3454 ac
1275 3399 1455 3454 divino
1485 3399 1753 3452 desiderio
1775 3395 2086 3464 fraudetur;

518 3492 770 3561 quodque
798 3506 867 3545 eo
901 3491 1071 3560 majus
1097 3501 1203 3555 est,
1238 3505 1332 3559 per
1358 3490 1744 3558 praenotionem
1783 3501 1846 3542 ac
1876 3487 2087 3556 iungant

517 3582 753 3648 vigiliam
790 3581 987 3635 bonum
1018 3579 1146 3634 illud
1169 3579 1431 3650 praecipit.
1496 3577 1647 3633 lianc
1691 3578 1837 3632 enim
1869 3591 2091 3632 somnus

519 3691 656 3728 unus
683 3673 1288 3743 suavissimusexcipit,
1322 3673 1566 3741 visioque
1619 3687 1726 3724 una
1787 3671 2090 3740 praestituto

519 3778 761 3835 tempore
811 3767 1108 3821 discessum
1179 3779 1210 3820 e
1259 3764 1365 3817 vita
1396 3763 1780 3832 complectens,
1839 3762 2090 3828 diemque

516 3863 650 3915 adeo
705 3861 877 3928 ipsum
943 3859 1225 3925 indicans;
1282 3859 1390 3911 Deo
1451 3859 1705 3911 nimirum
1759 3859 1862 3910 hoc.
1887 3855 2089 3909 consti-

519 3963 724 4019 tuente,
752 3963 810 4006 ut
832 3962 1050 4022 parata,
1085 3963 1140 4006 et
1169 3969 1272 4004 non
1308 3951 1520 4003 turbata
1544 3958 1707 4004 esset.

585 4043 705 4099 XX.
746 4042 877 4098 Nam
907 4048 1048 4113 quod
1074 4047 1138 4097 ad
1167 4045 1500 4114 purgationis
1543 4054 1594 4098 et
1631 4044 1953 4098 initiationis
1985 4045 2081 4097 bo-

515 4151 643 4188 num
679 4135 892 4199 attinet,
926 4134 1067 4204 quod
1129 4149 1415 4187 commune
1469 4134 1690 4197 donum,
1726 4142 1780 4188 et
1835 4137 2083 4189 secundae

515 4227 642 4280 vitae
697 4225 1108 4280 fundamentum
1164 4245 1191 4278 a
1223 4225 1338 4278 Deo
1388 4240 1578 4279 outues
1613 4235 1892 4294 acceptum
1925 4226 2088 4280 hahe-

513 4330 654 4381 mus,
685 4330 880 4370 recens
913 4316 963 4371 id
999 4327 1302 4384 acceperat.
1340 4315 1448 4368 lmo
1490 4330 1618 4368 vero
1665 4325 1775 4368 tota
1809 4314 1914 4368 vita
1951 4315 2081 4368 nihil

511 4407 587 4460 illi
617 4407 762 4461 aliud
796 4416 935 4472 erat,
970 4423 1133 4476 quam
1167 4408 1432 4476 purgatio,
1474 4416 1528 4459 et
1568 4405 1860 4475 perfectio:
1911 4420 1974 4459 ac
1998 4421 2079 4459 rc-

2199 4409 2322 4482 αὐτῇ
2352 4411 2444 4464 καὶ
2489 4410 2764 4474 τελείωσις
2793 4427 2807 4442 ·

511 4500 914 4568 generationem
969 4501 1185 4572 quidem
1241 4516 1270 4551 a
1322 4499 1522 4566 Spiritu
1576 4507 1763 4552 sancto
1811 4497 2082 4560 habebat;

511 4596 680 4663 ipsius
711 4605 891 4648 autem
919 4594 1183 4647 securitas
1213 4609 1277 4646 ex
1312 4601 1556 4645 anteacta
1608 4591 1737 4644 vita.
1781 4592 1955 4658 Atque
1981 4591 2083 4643 soli

512 4688 561 4740 ei
596 4700 751 4754 pene,
785 4697 843 4740 ut
865 4686 1124 4740 audaetcr
1151 4686 1360 4754 loquar,
1393 4685 1712 4752 baptisxuus,
1746 4697 1853 4736 non
1888 4682 2081 4752 gratia,

564 4799 610 4831 ιε
629 4798 858 4868 Philipp.
886 4815 923 4864 l,
948 4798 1040 4854 αδ.

578 4893 691 4962 (55)
737 4893 1014 4962 Ὑγίειαν.
1059 4893 1189 4960 lieg.
1224 4893 1332 4953 but,
1365 4891 1571 4961 ὑγείαν.

579 4961 692 5038 (iiii)
730 4961 1116 5038 ’Arzoddé’nte.
1152 4963 1315 5038 Ctiisi.
1353 4965 1403 5038 ί,
1434 4961 1778 5038 ἀπολαϐοιτε.

576 5031 689 5102 l'57)
719 5031 1034 5088 Τοσοῦτον,
1069 5035 1198 5100 Reg.
1231 5034 1321 5093 hu,
1348 5033 1440 5086 0r.
1472 5031 1580 5102 δυσ.
1610 5032 1852 5088 τοσοῦτο.

575 5101 692 5173 (58)
726 5106 1041 5172 Προετιθει.
1072 5104 1232 5157 Cotsl.
1263 5105 1310 5168 1,
1351 5101 1629 5174 προετίθη.

577 5175 689 5248 (59)
716 5179 1097 5248 Βιωτξυομεν.
1138 5175 1300 5248 licag.
1335 5173 1504 5248 a,’ht_t,
1546 5173 1637 5227 0r.
1669 5173 2000 5248 βιοτεύομενᾲτ

580 5240 688 5316 ξθυ)
715 5245 823 5299 Καὶ
855 5240 1005 5299 ὅθ’οὶ⁴
1055 5240 1389 5316 γινώιτιὶειν,
1416 5240 1487 5298 οὗ
1511 5240 1938 5314 κεχωρίσμεθὶι.
1973 5245 2078 5297 Bil-

504 5315 631 5379 lius,
660 5315 678 5368 ι
714 5329 874 5384 atque
912 5318 1168 5371 hactenus
1192 5354 1207 5379 ,
1249 5326 1307 5367 ut
1331 5355 1346 5378 ,
1388 5329 1416 5367 a
1445 5330 1549 5382 quo
1581 5318 1836 5384 disiuncti
1866 5331 2074 5380 sumus,

505 5402 880 5454 agnoscamus.
919 5405 938 5438 ι

576 5457 686 5526 (61)
715 5458 1149 5523 Προαπολαύει.
1189 5475 1207 5507 t
1239 5454 1591 5524 Praecipithiu
1621 5465 1956 5510 antecessum
1979 5456 2076 5510 bo-

504 5542 575 5581 no
605 5527 820 5580 fruitur.
846 5547 865 5579 ι

577 5596 690 5665 (ϐτῖ)
736 5597 1075 5666 Ἐκδημιαν.
1109 5598 1238 5663 Quae
1267 5605 1587 5670 sequuntur,
1621 5612 1794 5670 usque
1825 5597 1888 5652 ad
1935 5596 2073 5669 αὐτῇ

508 5669 643 5738 μέν,
665 5672 854 5721 desunt
884 5675 934 5721 in
965 5670 1128 5735 ltegg.
1155 5671 1264 5732 bm,
1293 5669 1384 5738 hu,
1417 5667 1580 5719 Coisl.
1612 5667 1665 5728 ἓ,
1701 5668 1832 5728 .Irs.,
1871 5680 1977 5720 etc.

577 5737 688 5810 (65)
731 5739 1065 5809 ’Υπόγυιοικ
1103 5738 1281 5794 Schol.
1307 5737 1368 5791 τὸ
1405 5743 1594 5792 νεωστὶ
1620 5740 1714 5794 καὶ
1747 5739 2072 5810 προσφάτως

2195 3125 2505 3193 γινώσκειν,
2534 3119 2594 3177 οὗ
2618 3124 3003 3195 κεχωρίσμεθα
3028 3125 3162 3193 (60).
3182 3126 3548 3196 Διαμαρτάνει
3568 3125 3619 3175 δὲ
3641 3124 3744 3175 ούδὲ

2191 3218 2395 3287 ταύτης
2424 3218 2521 3288 τῆς
2555 3217 2865 3287 ἐπιθυμίας,
2895 3216 3066 3279 οὕτως
3103 3215 3268 3287 οῦσης
3294 3217 3478 3269 ἐνθέου
3507 3217 3598 3268 καὶ
3627 3217 3745 3284 fratr,-

2193 3307 2321 3377 λῆς,
2368 3307 2463 3359 καὶ
2508 3307 2537 3360 ὃ
2578 3307 2770 3360 τούτου
2814 3307 3000 3377 μεῖζόν
3031 3308 3167 3369 ἐστι,
3219 3307 3590 3378 προαπολαύει
3647 3308 3741 3378 (61)

2191 3399 2284 3452 τοῦ
2306 3399 2470 3453 καλοῦ
2496 3400 2580 3453 διὰ
2601 3400 2699 3469 τῆς
2723 3398 3080 3470 προγνώσεως
3111 3400 3203 3452 καὶ
3230 3400 3328 3470 τῆς
3355 3399 3555 3470 πολλῆς
3591 3400 3744 3469 ἀγρυ-

2196 3493 2376 3557 πνίας.
2416 3491 2630 3565 Ταύτην
2685 3487 2766 3556 εἷς
2820 3492 2986 3556 ῦπνος
3017 3492 3126 3546 τῶν
3172 3492 3406 3563 ἡδίστων
3443 3492 3741 3563 ἀμείϐεται,

2191 3586 2285 3639 καὶ
2340 3587 2462 3656 ὄψις
2525 3587 2621 3657 μία
2669 3585 2978 3657 προθεσμίᾳ
3029 3584 3400 3655 περιλαϐοῦσα
3465 3586 3562 3656 τὴν
3603 3584 3743 3652 ἐκδη-

2194 3679 2321 3750 μίαν
2341 3679 2473 3751 (6*2),
2501 3683 2596 3733 καὶ
2628 3679 2725 3750 τὴν
2756 3677 2968 3750 ἡμέραν
2993 3677 3199 3749 ταύτην
3222 3678 3559 3749 γνωρίσασα,
3592 3677 3662 3738 ὡς
3690 3678 3746 3729 ἂν

2189 3772 2249 3824 τὸ
2276 3771 2659 3843 ἑτοιμασθῆναι
2695 3770 2788 3823 καὶ
2829 3768 2905 3840 μὴ
2945 3768 3283 3840 ταραχθῆναι
3321 3767 3414 3820 τοῦ
3443 3766 3575 3820 Θεοῦ
3615 3783 3742 3838 πρυ-

2189 3862 2523 3927 τανεύοντος.

2262 4042 2350 4097 Κ’.
2375 4042 2521 4114 Λῦτῇ
2560 4058 2656 4113 μεν
2684 4059 2776 4096 ουν
2807 4059 3064 4111 υπογυιον
3085 4042 3196 4112 (65)
3224 4043 3282 4095 τὸ
3305 4041 3405 4112 τῆς
3443 4050 3748 4111 καθαρσεως

2189 4135 2283 4190 καὶ
2329 4134 2660 4200 τελειώσεως
2702 4132 2771 4208 ἦν
2803 4136 3025 4205 ἀγαθὸν,
3057 4136 3123 4208 ἣν
3171 4135 3356 4205 κοινὴν
3406 4133 3632 4204 δωρεὰν,
3663 4134 3744 4184 καὶ

2187 4227 2434 4300 δευτέρω
2473 4228 2588 4298 βίου
2642 4229 2881 4300 κρηπῖδα
2913 4229 3064 4298 παρὰ
3092 4225 3223 4279 Θεοῦ
3273 4226 3475 4288 πάντες
3509 4224 3615 4294 (64)
3664 4224 3747 4276 λαο

2190 4320 2373 4383 δόντες
2401 4320 2615 4390 ἔχομεν.
2666 4320 2879 4373 Μᾶλλον
2908 4321 2962 4373 δὲ
3017 4322 3123 4382 πᾶς
3153 4322 3180 4373 ὁ
3232 4319 3345 4390 βίος
3400 4318 3658 4390 κάθαρσις
3687 4313 3744 4383 ἦν

2850 4411 2941 4464 καὶ
2980 4411 3040 4464 τὸ
3082 4411 3180 4482 μὲν
3207 4410 3307 4480 τῆς
3353 4410 3745 4479 ἀναγεννήσεως

2183 4497 2328 4573 εἶχεν
2369 4503 2482 4573 (65)
2507 4503 2571 4556 ἐκ
2603 4503 2698 4557 τοῦ
2734 4503 3069 4574 Πνεύματος,
3119 4503 3178 4556 τὸ
3211 4503 3257 4556 δ’
3285 4503 3524 4572 ἀσφαλὲς
3556 4503 3745 4569 ταύτης

2184 4600 2249 4651 ὲκ
2293 4597 2402 4652 τῶν
2433 4598 2911 4668 προϐεϐιωμένων.
2940 4600 3049 4651 Kal
3085 4599 3224 4672 μόνῃ
3265 4599 3470 4669 σχεδὸν,
3517 4598 3581 4650 ἶν’
3617 4596 3746 4650 εἴπω

2181 4691 2478 4764 τολμήσας,
2504 4693 2758 4766 σφραγὶς,
2777 4692 2891 4746 ἀλλ’
2908 4693 2968 4746 οὐ
2987 4687 3330 4774 χέιρισμθηῆν
3348 4692 3410 4744 τὸ
3437 4693 3743 4764 μυστήριον.

2181 4893 2489 4964 γενόμενον·
2527 4912 2544 4944 t
2585 4891 2734 4959 Quod
2769 4907 2937 4964 nuper
2989 4907 3052 4946 ac
3109 4888 3355 4964 reCett_ter
3399 4890 3652 4964 contigit.
3701 4889 3744 4940 id

2182 4961 2584 5032 est,liorgonia
2638 4978 2826 5017 recens
2875 4963 3156 5030 baptisata.
3206 4983 3224 5015 ι
3265 4961 3458 5015 Mirum
3516 4963 3744 5028 profecto

2185 5034 2471 5099 videbitur,
2523 5033 2848 5103 Gorgoniatu
2903 5033 3159 5101 singulari
3219 5033 3418 5103 pietate
3471 5033 3738 5103 praeditam

2184 5105 2493 5174 sanctisque
2523 5101 2720 5158 editam
2757 5106 3101 5174 parentibus,
3141 5122 3158 5154 ‹
3195 5101 3533 5174 purgationis
3573 5110 3627 5154 et
3653 5102 3744 5154 iiii-

2187 5173 2427 5227 tiationis
2462 5175 2657 5228 bunum
2695 5193 2715 5225 ι
2743 5173 2943 5227 tamdiu
2979 5175 3268 5227 distulisse.
3300 5173 3526 5226 Constat
3552 5181 3742 5234 tamen,

2187 5245 2243 5300 ni
2271 5244 2454 5306 fallor,
2496 5259 2613 5298 eam
2661 5256 2808 5298 certe
2854 5246 3177 5312 baptismum
3210 5245 3545 5311 suscepisse,
3581 5259 3744 5308 prtia-.-

2176 5328 2338 5384 quam
2388 5317 2694 5379 sanitatem,
2745 5317 2809 5368 de
2851 5332 2955 5383 qua
2997 5317 3270 5383 superius,
3306 5331 3359 5367 u.
3393 5313 3480 5375 l8,
3517 5313 3736 5364 mirabili

2178 5385 2336 5438 modo
2367 5388 2676 5451 recepisset.
2699 5385 2852 5444 Unde
2881 5387 3022 5438 enim
3055 5386 3196 5439 domi
3231 5385 3506 5440 recondita
3535 5385 3733 5434 habui.»

2175 5468 2256 5507 set
2297 5474 2314 5504 ι
2356 5459 2599 5524 corporis
2640 5464 2691 5509 el.
2731 5456 3010 5525 sanguinis
3043 5457 3247 5509 Domini
3280 5456 3546 5525 antitypa,
3575 5472 3595 5505 ι
3630 5467 3738 5517 qua:

2175 5528 2578 5580 catechnmeuis
2609 5535 2901 5580 attrectare
2931 5542 3034 5578 non
3071 5525 3300 5580 licebat?

2248 5598 2359 5666 (64)
2392 5595 2638 5666 Πάντες.
2678 5598 2834 5650 Deest
2865 5598 2917 5652 in
2957 5597 3278 5662 quibusdam
3318 5595 3485 5666 Regg.
3520 5602 3572 5650 et
3600 5591 3706 5650 105-

2247 5664 2359 5736 (65)
2392 5664 2602 5738 Εἴχεν,
2628 5670 2782 5723 Deest
2821 5669 2870 5722 iu
2895 5668 3163 5740 plerisuue
3187 5664 3488 5723 codicibus.
