3844 6390
117 415 196 470 Θίδ

684 400 941 460 ORATIO
981 401 1115 459 Vill.
1147 433 1219 445 —
1251 401 1322 458 IN
1358 400 1640 458 LAUDEM
1679 400 1975 460 SORORIS
2016 405 2174 463 SUAE
2214 403 2612 463 GORGONIA'I.

3182 407 3291 465 8H

123 535 194 588 Ἐν
217 527 263 582 δὲ
290 524 389 586 τοῖς
414 519 540 572 πᾶσι
564 518 926 591 προστεθῆναι
950 519 1188 590 ζητοῦσα
1206 521 1302 593 τὴν
1324 521 1418 576 τοῦ
1437 522 1608 594 ἀνδρὸς

1732 522 1826 577 sed
1857 521 2088 590 sigillum
2120 529 2259 576 erat.
2290 522 2461 578 Porro
2493 538 2616 578 cum
2661 539 2826 579 uuutn
2853 541 2954 582 .toc
2993 528 3060 583 ad
3111 532 3291 584 omnia

115 621 343 682 τελείωσιν
400 609 681 681 (βούλεσθε
731 609 928 681 γράψω
977 609 1069 664 τὸν
1107 609 1274 682 ἄνδρα
1312 613 1624 684 συντόμως;

118 713 266 784 ἀνδρὸς
289 705 510 775 ἐκείνης,
552 704 648 756 καὶ
675 703 774 756 οὐκ
805 699 905 756 οἶδ’
942 703 971 755 δ
996 720 1048 755 τι
1073 702 1177 775 χρὴ
1207 703 1369 757 πλέον
1395 705 1626 770 εἰπεῖν),

115 806 268 876 ἶν’ὅλῳ
294 800 364 870 τῷ
396 796 602 868 σώματι
633 795 752 867 Θεῷ
801 794 1132 868 καθιερωοῇ,
1167 796 1261 850 καὶ
1291 797 1364 869 μὴ
1405 797 1464 863 ἐξ
1491 801 1624 870 ήμι-

118 902 231 962 σείας
256 891 450 964 ἀπέλθῃ
477 887 860 959 τετελεσμένη,
892 889 1013 960 μηδ’
1048 889 1406 962 ὑπολείπηται
1431 909 1484 944 τι
1517 889 1624 947 τῶν

110 989 268 1058 ἑαυτῆς
298 981 497 1046 ἀτελὲς.
525 979 646 1033 οὐδὲ
675 979 880 1050 ταύτης
895 979 1254 1054 διαμαρτάνει
1269 983 1368 1054 τῆς
1387 983 1624 1056 δεήσεως

113 1081 227 1153 παρὰ
249 1077 332 1130 τοῦ
354 1074 558 1144 θέλημα
581 1073 687 1126 τῶν
730 1074 1078 1146 φοϐουμένων
1125 1074 1285 1128 αὑτὸν
1319 1076 1619 1141 ποιοῦντος,

108 1177 178 1230 καὶ
201 1174 269 1237 είς
297 1169 463 1242 πέρας
493 1167 717 1236 ἄγοντος
747 1166 817 1220 τὰ
839 1168 1137 1240 αἰτήματα.

155 1435 261 1487 KA'.
304 1431 384 1493 Ὧς
419 1429 474 1482 δὲ
518 1428 732 1484 ἅπαντα
778 1424 924 1500 εῖχεν
969 1431 1105 1502 αὐτῇ
1154 1427 1296 1482 κατὰ
1342 1427 1488 1494 νοῦν,
1526 1427 1622 1482 καὶ

104 1527 221 1580 οὐδὲν
234 1521 380 1575 ἐνέδει
393 1518 498 1571 τῶν
517 1517 680 1572 ποθου
689 1518 884 1590 μένων,
905 1519 1042 1589 καὶὴ
1062 1517 1225 1590 κυρία
1244 1517 1356 1589 (66)
1373 1516 1619 1588 πλησίον,

101 1619 234 1680 οὕτως
252 1592 342 1684 ἤδη
374 1613 452 1682 τῷ
484 1611 698 1684 θανάτῳ
729 1610 1117 1676 συσκευάζεται
1145 1609 1238 1663 καὶ
1268 1612 1334 1682 τῇ
1367 1608 1617 1680 έκδημζίᾳ,

104 1711 171 1762 καὶ
198 1707 374 1777 πληροῖ
403 1704 495 1757 τὸν
528 1705 656 1776 περὶ
693 1703 866 1757 ταῦτα
894 1703 1056 1775 νόμον
1085 1702 1172 1755 διὰ
1220 1702 1319 1772 τῆς
1357 1699 1619 1754 κατακλί-

103 1798 332 1870 σεως(67).
371 1795 880 1866 Ἐπισκήψασαωὸ)
920 1795 976 1848 δὲ
1023 1796 1117 1848 καὶ
1149 1794 1323 1865 ἀνδρὶ,
1384 1792 1478 1845 καὶ
1527 1791 1618 1844 τέ-

1731 615 1991 668 accedere
2020 623 2262 683 cuperet,
2290 625 2348 668 ut
2374 615 2603 671 maritus
2651 630 2867 686 quoque
2942 618 3293 689 perﬁceretur

1729 703 1914 775 (vultis
1968 720 2073 758 uno
2127 706 2289 760 verbo
2334 705 2504 760 virum
2560 705 2903 764 describam?
2969 711 3055 766 vir
3108 712 3290 767 illius:

1726 811 1826 852 nec
1859 797 2001 851 enim
2034 797 2170 856 scio,
2203 798 2330 866 quid
2356 798 2590 868 amplius
2630 800 2812 856 dicere
2843 816 3065 858 necesse
3093 804 3208 874 sit),
3239 815 3297 860 ut

1725 886 1804 941 sic
1831 896 1944 940 toto
1967 901 2194 956 corpore
2229 888 2334 944 lteo
2357 900 2800 958 consecraretur,
2849 908 2912 947 ac
2943 909 3047 948 non
3069 894 3295 950 dimidia

1727 985 1938 1030 tantum
1980 992 2045 1031 ex
2080 987 2231 1047 parte
2266 980 2504 1049 perfecta
2535 981 2861 1050 discederet,
2890 983 3170 1055 ipsiusque
3191 987 3296 1042 ali-

1725 1068 1852 1136 quid
1891 1068 2266 1138 imperfectunt
2311 1073 2727 1145 relinqueretur,
2773 1078 2876 1132 hoc
2925 1093 3141 1148 quoque
3171 1095 3295 1148 pre-

1722 1157 1879 1215 cibus
1908 1160 1975 1214 ab
2002 1176 2087 1229 eo,
2113 1163 2203 1232 qui
2245 1164 2576 1222 voluntatem
2619 1168 2922 1223 timentium
2976 1186 3035 1226 se
3069 1171 3196 1226 facit
3227 1170 3294 1238 ⁸⁸,

1723 1266 1788 1307 ac
1836 1254 2125 1323 petitiones
2167 1271 2356 1312 eorum
2398 1261 2465 1315 ad
2519 1260 2682 1316 linem
2732 1263 2998 1332 perducit,
3039 1265 3298 1337 impetra-

1721 1343 1816 1398 vit.

1791 1436 2105 1508 231K)“.
2130 1438 2262 1494 Cum
2292 1451 2468 1497 autem
2496 1447 2676 1500 omnia
2693 1461 2756 1500 ex
2789 1448 2955 1516 ipsius
2975 1449 3139 1504 animi
3169 1466 3298 1505 sen-

1724 1534 1888 1586 teutia
1918 1548 2037 1588 sese
2059 1535 2344 1602 baberent,
2373 1553 2473 1592 nec
2502 1539 2795 1608 quidquam
2820 1557 3029 1608 eorum,
3050 1559 3170 1613 qua:
3198 1561 3299 1596 eu-

1720 1625 1922 1695 piebat,
1949 1628 2184 1693 abesset,
2208 1630 2426 1700 jamque
2454 1633 2790 1700 prmstitutus
2819 1637 2932 1688 dies
2963 1636 3296 1694 immineret.

1721 1717 1790 1770 ita
1813 1716 1924 1787 jam
1949 1719 2015 1773 ad
2059 1729 2287 1775 mortem
2317 1733 2370 1777 et
2397 1724 2601 1778 exitum
2624 1739 2683 1780 se
2708 1735 3004 1795 comparat,
3029 1737 3210 1797 atque,
3239 1739 3299 1779 ιιι

1722 1807 1918 1877 legem,
1933 1824 2048 1878 qua:
2069 1811 2124 1865 itt
2148 1812 2453 1883 ltujusmodi
2480 1817 2645 1872 rebus
2658 1818 2818 1887 viget,
2834 1819 3095 1887 expleret,
3129 1820 3181 1874 itt
3215 1819 3295 1873 lc-

99 1909 229 1954 κνοις,
259 1890 344 1942 καὶ
368 1888 566 1957 φίλοις,
593 1888 693 1942 ὅσα
724 1886 869 1950 εἰκὸς
899 1886 995 1958 τὴν
1017 1885 1321 1956 φίλανδρον,
1353 1885 1444 1938 καὶ
1471 1882 1608 1954 φιλό-

1720 1911 1862 1953 ctum
1877 1914 1934 1955 se
1948 1902 2184 1973 conjicit.
2199 1882 2442 1975 Cumque
2464 1909 2529 1962 ad
2545 1912 2739 1974 virum,
2755 1920 2806 1963 et
2822 1909 2980 1973 filios,
2999 1922 3052 1964 et
3067 1911 3294 1975 amicos,

96 2000 258 2043 τεκνον.
284 1982 373 2035 καὶ
398 1979 739 2050 φιλάδελφον,
771 1979 866 2033 κα)⁵
889 1978 1156 2052 λαμπρῶς
1181 1979 1311 2051 περὶ
1335 1976 1444 2031 τῶν
1475 1979 1617 2029 έκεῖ-

93 2074 164 2128 θεν
181 2073 588 2143 φιλοσοφήσασα,
629 2072 724 2127 καὶ
751 2071 1112 2143 πανηγύρεως
1143 2071 1357 2143 ἡμέραν
1387 2085 1616 2140 ποιησα-

95 2170 196 2239 μένη
224 2167 311 2237 τὴν
341 2164 676 2231 τελευταίαν,
711 2166 990 2235 κοιμᾶται,
1023 2163 1238 2235 πλήρης
1268 2161 1367 2234 μὲν
1407 2163 1470 2216 οὐ
1502 2160 1611 2214 τῶν

95 2257 200 2310 κατὰ
225 2255 496 2327 ἄνθρωπον
530 2253 771 2326 ἡμερῶν,
810 2254 839 2306 ὅ
871 2270 925 2306 τι
967 2252 1102 2324 μηδὲ
1139 2249 1438 2321 συνηύχετο
1480 2247 1613 2320 (69),

91 2349 248 2412 ταύτας
291 2348 452 2417 ἑαυτῇ
492 2344 738 2417 πονηρὰς
782 2344 974 2407 εἰδυῖα,
1017 2343 1112 2396 καὶ
1151 2341 1219 2396 τὰ
1263 2339 1437 2394 πολλὰ
1478 2339 1616 2411 μετὰ

91 2441 160 2493 τοῦ
180 2443 285 2512 χοὸς
311 2440 418 2511 (70)
447 2440 546 2494 καὶ
572 2441 669 2510 τῆς
702 2437 927 2509 πλάνης,
963 2436 1071 2489 τῶν
1102 2435 1160 2488 δὲ
1193 2434 1337 2489 κατὰ
1363 2433 1495 2488 Θεὸν
1521 2435 1616 2487 καὶ

91 2536 180 2589 λίαν
208 2536 427 2607 πλήρης,
449 2534 531 2598 ὡς
554 2535 653 2588 οὐκ
681 2529 776 2587 οἶδ’
809 2532 863 2585 εἴ
888 2550 968 2596 τις
999 2530 1196 2602 ῥαδίως
1221 2529 1329 2584 τῶν
1360 2531 1418 2583 ὲν
1450 2529 1615 2582 πλου-

92 2628 158 2698 σίᾳ
188 2630 240 2698 τῇ
281 2628 436 2697 πολιᾷ
470 2625 912 2689 καταλυσάντων,
957 2623 1051 2677 καὶ
1097 2621 1300 2686 πολλὰς
1332 2620 1468 2675 ὲτῶν
1514 2640 1614 2675 πε-

90 2719 254 2788 ριόδους
300 2718 748 2790 ἀριθμησάντων.
808 2714 996 2778 Οὕτως
1061 2715 1243 2786 ἐκείνη
1312 2713 1518 2779 λύεται,
1576 2715 1608 2786 ἢ

90 2811 542 2880 προσλαμϐάνεται,
587 2811 838 2881 κρεῖσσον
887 2807 1084 2870 εἰπεῖν,
1134 2805 1167 2877 ἢ
1219 2804 1537 2876 ἀφίπταται,
1569 2807 1611 2878 ’ἢ

90 2899 448 2970 μετοικίζεται,
506 2899 544 2970 ἢ
597 2899 790 2972 μικρὸν
842 2897 1224 2972 προαποδημεῖ
1280 2893 1372 2950 τοῦ
1425 2895 1612 2968 σώμα-

84 3007 152 3055 τος
171 2992 289 3064 (7i).

1717 2005 1993 2050 sermones
2030 1996 2330 2062 habuisset,
2363 2014 2500 2068 quos
2555 2000 2859 2064 mulierem,
2893 2003 3018 2070 viri,
3048 2012 3103 2058 et
3151 2003 3291 2058 lilio—

1718 2097 1860 2147 rum,
1893 2094 1947 2138 et
1974 2083 2205 2140 fratrum
2237 2104 2422 2144 amore
2460 2090 2737 2160 praeditam
2782 2094 2981 2150 habere
3028 2109 3124 2163 par
3153 2110 3292 2158 erat.
3357 2150 3362 2155 .

1717 2187 1780 2227 ac
1809 2173 1874 2229 de
1903 2175 2071 2231 altera
2100 2179 2206 2234 vita
2238 2181 2498 2250 praeclare
2523 2183 2891 2252 disseruisset,
2925 2189 3175 2260 diemque
3198 2205 3296 2243 ex-

1718 2273 1948 2320 trentum
1990 2269 2189 2324 festum
2237 2272 2378 2326 diem
2412 2272 2653 2340 fecisset,
2705 2277 2777 2330 ita
2835 2278 3047 2334 demum
3093 2282 3292 2337 obdor-

1716 2353 1913 2419 miscit,
1971 2357 2152 2426 plena,
2205 2376 2311 2415 non
2359 2363 2717 2420 humanorum
2783 2369 3015 2436 dierum,
3051 2386 3189 2441 quos
3227 2390 3294 2426 tte

1718 2443 1830 2512 ipsa
1863 2447 2079 2512 quidem
2125 2451 2436 2520 exoptabat,
2474 2464 2661 2523 utpote
2690 2471 2825 2526 quos
2882 2461 2982 2515 sibi
3016 2463 3203 2530 malos,
3235 2474 3291 2518 et

1719 2536 1778 2581 ut
1827 2529 2117 2599 plurimum
2172 2550 2292 2588 cum
2349 2537 2569 2607 pulvere
2622 2552 2678 2596 et
2732 2559 2920 2598 errore
2971 2529 3292 2617 conjunCtos

1714 2633 1836 2674 esse
1863 2636 1967 2675 non
1997 2622 2306 2692 ignoraret;
2367 2631 2462 2684 sed
2512 2631 2720 2687 dierum
2763 2636 3063 2691 secundum
3121 2640 3288 2694 Deum

1716 2711 1788 2766 ita
1819 2713 1997 2783 plena,
2028 2725 2080 2769 ut
2113 2717 2254 2772 baud
2311 2721 2428 2776 scio
2477 2737 2545 2777 an
2599 2726 2824 2794 perinde
2866 2729 3154 2798 quisquam
3200 2748 3294 2787 eo-
3350 2749 3354 2752 '

1715 2817 1856 2869 rum,
1886 2805 1976 2874 qui
2011 2805 2062 2860 in
2092 2807 2361 2864 ditissima
2389 2823 2671 2869 senectute
2720 2829 2949 2873 mortem
3007 2819 3281 2888 obierunt,

1713 2909 1779 2950 ac
1807 2897 2008 2953 multos
2056 2915 2319 2956 annorum
2355 2904 2522 2960 orbes
2566 2919 2946 2977 numerarunt,
2997 2914 3289 2971 exstiterit.

1719 2988 1811 3042 Sic
1842 2989 1930 3044 illa
1962 2991 2210 3058 solvitur,
2252 3003 2363 3059 aut,
2396 3005 2454 3050 ut
2482 2998 2674 3054 melius
2730 3000 2944 3070 loquar,
2973 3005 3287 3071 assumitur,

1721 3091 1813 3134 aut
1839 3083 2036 3144 avolat,
2073 3098 2165 3138 attt
2193 3091 2558 3160 trausmigrat,
2597 3101 2690 3146 aut
2721 3086 2998 3162 paululum
3025 3108 3150 3152 ante
3171 3112 3266 3153 cor

1716 3187 1815 3241 pus
1843 3175 2106 3231 abscedit.

130 3263 232 3320 KB'.
274 3264 407 3318 Ἀλλ’
437 3260 556 3319 οἷόν
587 3281 654 3336 με
697 3264 887 3338 μικρὸν
905 3263 1018 3335 ('79.)
1073 3263 1181 3318 τῶν
1213 3264 1426 3335 ἐκείνης
1471 3281 1608 3334 παρ-

1790 3266 1955 3326 XXII.
1997 3266 2195 3324 Verum
2252 3272 2530 3329 enimvero
2561 3277 2734 3346 qualis
2790 3279 2955 3348 ipsius
2998 3279 3111 3336 laus
3157 3285 3286 3339 milti

82 3354 303 3426 έδραμενί
337 3357 484 3428 τάχα
526 3358 572 3412 δ’
610 3356 674 3411 ἂν
704 3358 763 3410 οὐ
799 3355 1199 3428 συνεχώρησας,
1236 3351 1281 3409 ὦ
1324 3357 1388 3410 σὺ
1437 3356 1610 3428 πάτερ

82 3443 248 3514 ἐκείνης
269 3447 634 3517 πνευματικὲ,
660 3448 688 3500 ὁ
722 3446 818 3499 καὶ
844 3446 1092 3517 τηρήσας
1120 3445 1363 3516 ἀκριϐῶς
1394 3446 1455 3499 τὸ
1480 3445 1611 3500 θαῦ-

82 3538 258 3603 μκαὶ
286 3540 417 3609 ἡμῖν
459 3539 738 3610 γνωρίσας
765 3557 778 3570 ·
835 3539 979 3611 μέγα
1025 3540 1124 3610 μὲν
1169 3541 1250 3603 εἰς
1299 3539 1608 3610 φιλοτιμίαν

80 3628 237 3701 ἐκείνῃ,
283 3631 426 3702 μέγα
474 3631 536 3684 δὲ
581 3633 715 3702 ἡμῖν
769 3633 849 3694 είς
896 3632 1199 3702 ὑπόμνησιν
1242 3630 1462 3702 ἀρετῆς,
1514 3630 1608 3683 καὶ

78 3719 201 3772 πόθον
219 3721 311 3792 τῆς
342 3722 524 3792 αὐτῆς
562 3721 891 3786 ἀναλύσεως.
920 3722 1029 3775 Καί
1066 3740 1132 3794 με
1164 3722 1331 3794 φρίκη
1363 3739 1445 3785 τις
1471 3723 1607 3774 ὑπο-

77 3812 234 3880 τρέχει,
265 3815 352 3866 καὶ
401 3815 642 3885 δάκρυον
691 3812 849 3885 ὁμοῦ,
882 3813 1226 3885 μεμνημένον
1267 3812 1361 3867 τοῦ
1399 3811 1608 3883 θαύμα-

73 3916 154 3964 τος.
190 3904 394 3958 Ἐλύετο
427 3907 533 3977 μὲν
564 3906 663 3978 ήδη
694 3905 789 3960 καὶ
816 3905 1038 3960 ἀνέπνει
1075 3904 1146 3958 τὰ
1172 3903 1478 3966 τελευταῖα,
1513 3903 1608 3956 καὶ

75 3994 193 4064 χορὸς
218 3999 337 4070 περὶ
359 3997 538 4071 αὐτὴν
567 3999 780 4052 οἰκείων
812 4014 870 4050 τε
900 3998 996 4051 καὶ
1027 3995 1192 4060 ξένων
1226 3994 1604 4066 χαριζομένων

71 4086 118 4136 τὰ
134 4093 550 4163 προπεμπτήρια
565 4107 578 4118 ·
593 4091 687 4144 καὶ
709 4090 910 4161 μητρὸς
925 4106 995 4160 γη
1006 4089 1162 4160 ραιᾶς
1178 4086 1450 4150 ὲπίνευσις
1469 4086 1603 4157 (75),

72 4178 322 4250 καὶᾷυχῆς
357 4181 692 4253 σπαραγμὺς
735 4178 1136 4251 ζηλοτυπούσης
1175 4177 1273 4249 τὴν
1320 4176 1602 4248 ἐκδημίαν,

70 4267 134 4316 καὶ
167 4268 373 4341 φίλτρον
412 4271 679 4325 ἁπάντων
723 4271 932 4341 ἀγωνίᾳ
980 4269 1304 4339 σύγκρατον,
1350 4267 1456 4320 τῶν
1506 4268 1604 4338 μὲν

69 4356 149 4410 ὅτι
174 4361 438 4416 ἀκούσωσι
482 4362 603 4433 (74)
641 4361 968 4425 ποθούντων,
1002 4364 1220 4432 μνήμης
1251 4360 1600 4431 ἐμπύρευμα,

66 4448 200 4503 τῶνδὲ
217 4455 242 4507 ὅ
257 4471 307 4507 τι
338 4454 670 4524 φθέγξονται
693 4455 825 4525 (75),
843 4454 1146 4525 τολμῶντος
1164 4453 1221 4507 δὲ
1243 4453 1352 4524 (76)
1370 4452 1600 4516 οὐδενός.

66 4538 144 4590 Καὶ
169 4547 314 4614 κωφὰ
340 4546 411 4599 τὰ
437 4546 679 4618 δάκρυα,
710 4547 804 4598 καὶ
830 4549 864 4618 ἡ
896 4549 992 4617 τῆς
1024 4543 1200 4616 λύπης
1229 4545 1356 4598 ὠδὶν
1394 4544 1600 4640 ,ᾀθερῷ
1633 4585 1677 4640 D

64 4645 214 4698 πευτος
252 4637 393 4706 (οὐδὲ
442 4637 562 4710 γὰρ
607 4641 751 4693 ὅσιον
795 4638 968 4691 ἐδόκει
1017 4636 1234 4709 Θρήνοις
1286 4637 1452 4706 τιμᾷν
1498 4635 1597 4708 τὴν

60 4721 168 4777 ιιῦτω
188 4731 614 4802 χωριζομένην),
648 4729 772 4802 σιγὴ
808 4729 864 4782 δὲ
894 4728 1105 4800 βαθεῖα,
1139 4729 1236 4782 καὶ
1282 4727 1472 4799 τελετή
1513 4745 1599 4792 τις

95 4862 130 4892 "
163 4861 287 4921 Psal.
316 4883 510 4934 cxuv,
544 4867 630 4921 19.

107 5025 200 5102 (66)
233 5031 288 5085 Ἠ
320 5031 530 5099 κυρία.
590 5027 796 5093 SchoL,
828 5032 862 5101 ή
889 5029 1168 5102 ὁρισθεῖσα
1208 5031 1302 5086 τοῦ
1366 5031 1593 5102 θανάτου

55 5093 217 5168 ἡμέρα,
247 5121 263 5151 ι
295 5093 638 5156 con-stitutus
665 5093 1015 5159 ntortis'di'es.
1045 5123 1061 5153 ι

229 5172 340 5239 Τῆς
363 5175 807 5237 κατακλίσεως.
832 5173 997 5226 Coisl.
1033 5175 1082 5237 l,
1114 5173 1211 5244 τῆς
1235 5171 1466 5244 ἐσχάτης
1492 5189 1594 5224 κα-

50 5239 327 5311 τακλίσεως,
362 5261 383 5293 ι
407 5245 665 5295 ttltituutn
693 5258 750 5296 se
777 5244 968 5296 lectulo
993 5239 1328 5311 coutpottitfi

105 5309 194 5377 (68)
229 5312 693 5380 Ἐπισκήψασα.
719 5312 896 5365 Malim
946 5329 960 5364 :
1017 5332 1035 5364 ι
1061 5309 1179 5367 cum
1216 5311 1453 5380 pluribus
1482 5328 1597 5366 ser-

51 5381 258 5435 monibus
291 5387 582 5438 obtestata
637 5391 799 5446 esset,
847 5381 1183 5450 injunxisset,
1218 5385 1545 5451 mandasset,
1571 5401 1591 5435 ι

48 5455 126 5498 εις.

101 5517 193 5592 (ft?)
219 5524 424 5590 Συνηύ
433 5538 602 5591 κετο.
637 5519 765 5590 Reg.
799 5521 913 5583 bm,
928 5520 1249 5592 iO'UVE‘JXE‘CO.

98 5586 191 5652 (70)
217 5586 378 5646 Μετὰ
426 5586 543 5646 τ’οῦ
580 5586 739 5659 χούς,
771 5601 878 5645 etc.
923 5586 1162 5647 Billius"¢
1190 5607 1309 5646 cum
1339 5591 1589 5660 pulverea

47 5660 152 5730 male
177 5673 334 5726 atque
351 5666 693 5730 itupostura.
725 5683 743 5714 ι

96 5728 190 5803 (il)
219 5728 652 5801 Προαποδημεῖ
673 5733 782 5788 τοῦ
817 5733 1106 5803 σώματος.
1153 5752 1168 5784 ι
1192 5732 1427 5802 Corpore
1456 5732 1582 5788 abs~

45 5801 170 5855 redit.
198 5822 216 5854 ι

97 5871 189 5934 (72)
220 5876 474 5944 Μικρόν.
539 5873 671 5947 Reg.
721 5890 770 5942 a,
808 5875 971 5932 Coisl.
1002 5875 1049 5934 l.
1078 5871 1186 5930 Jes.
1219 5883 1273 5930 et
1316 5871 1579 5940 Contbef.,

1712 3359 2096 3426 propemodum
2126 3361 2357 3417 excidit!
2403 3361 2636 3420 fortasse
2665 3376 2844 3423 autem
2879 3386 2945 3425 ne
2981 3384 3035 3426 tu
3069 3374 3284 3441 quidem

1713 3448 1766 3503 id
1819 3464 2008 3520 passus
2063 3451 2281 3518 fuisses,
2345 3469 2380 3511 ο
2439 3457 2737 3526 spiritualis
2788 3460 2931 3516 illius
2981 3474 3155 3532 pater,
3194 3468 3287 3535 qui

1711 3543 1872 3597 etiam
1896 3545 2214 3600 miraculum
2242 3548 2384 3604 istud
2405 3562 2661 3608 accurate
2683 3555 3005 3624 observasti,
3025 3559 3288 3630 nobisque

1711 3633 2001 3691 indicasti:
2044 3652 2294 3708 magnum
2332 3655 2482 3707 sane,
2533 3653 2593 3698 ιιι
2644 3645 2744 3714 ipsi
2797 3647 2862 3700 ad
2908 3648 3158 3718 gloriam,
3211 3653 3283 3707 ita

1711 3727 1866 3782 nobis
1900 3727 1965 3782 ad
2001 3729 2219 3786 virtutis
2256 3733 2646 3790 monimentum
2692 3745 2855 3807 atque
2904 3740 3146 3810 ejusdem
3175 3743 3284 3799 dis-

1710 3817 1996 3875 solutionis
2026 3822 2377 3878 desiderium.
2409 3825 2491 3880 Ac
2521 3827 2652 3882 mihi
2681 3828 2873 3884 ltorror
2903 3831 3124 3900 quidam
3153 3835 3284 3890 sub-

1710 3909 1773 3972 it,
1824 3908 2184 3982 lacrymrcque
2233 3915 2418 3980 simul,
2455 3915 2558 3971 ltoc
2598 3917 2916 3974 miraculum
2951 3923 3281 3982 recordanti.

1707 3996 1833 4052 Jam
1861 4001 2198 4068 solvebatur,
2231 4017 2394 4076 atque
2415 4017 2686 4063 extremos
2713 4010 2936 4078 spiritus
2958 4012 3192 4080 clIlabat,
3217 4032 3284 4072 ac

1708 4090 1913 4147 circum
1941 4109 2058 4147 eam
2109 4106 2220 4151 tum
2279 4099 2726 4169 propinquOrnm,
2790 4112 2903 4156 tttm
2968 4115 3279 4163 exterarum

1707 4182 1906 4237 chorus
1937 4195 2076 4250 erat,
2106 4189 2503 4256 prosecutiouis
2526 4189 2697 4245 ollicia
2734 4191 2835 4261 ipsi
2868 4199 3279 4269 praestantium;

1707 4283 1764 4327 et
1800 4274 1990 4328 vetulae
2049 4279 2239 4332 matris
2296 4281 2625 4345 observatio,
2678 4283 2981 4354 animmque
3031 4289 3282 4346 distortio

1707 4363 1910 4418 exitum
1952 4366 2220 4438 zelotypia
2279 4375 2676 4440 prosequentis,
2715 4383 2771 4428 et
2831 4376 3001 4432 mirus
3039 4383 3280 4436 omnium

1705 4469 1861 4510 amor
1887 4459 2161 4513 anxietate
2193 4463 2506 4529 permistus,
2559 4456 2786 4533 quorum
2832 4467 2944 4532 alii,
2983 4471 3049 4524 ad
3089 4486 3281 4529 exsus-

1707 4548 1980 4602 citandam
2030 4551 2085 4604 in
2136 4566 2322 4605 eorum
2353 4554 2550 4608 animis
2596 4555 2762 4624 ipsius
2810 4561 3147 4630 memoriam,
3183 4564 3282 4619 ali-

1709 4638 1836 4708 quid
1871 4641 2058 4698 audire
2108 4644 2434 4713 gestiebant,
2470 4645 2559 4699 alii
2597 4661 2725 4702 vero
2769 4649 2914 4719 loqui
2968 4655 3279 4723 cupiebant,

1705 4745 1806 4786 nec
1827 4742 2008 4788 tamen
2055 4735 2342 4790 audebant.
2395 4737 2475 4792 Ac
2523 4750 2685 4794 muta:
2740 4751 3014 4812 tacrymae,
3049 4762 3281 4804 matrer-

1707 5030 1926 5104 μικροῦ.

1776 5102 1889 5179 (⁸75)
1934 5102 2287 5179 Ἐξτίνςευσιᾳ
2347 5122 2366 5156 ι
2395 5103 2734 5168 Observatio,
2788 5112 3093 5179 propensio.
3117 5131 3135 5164 ι
3171 5114 3279 5166 Ad-

1707 5172 1882 5252 stabat
1916 5174 2321 5252 ettitndongtcva
2355 5172 2848 5252 mater,_inelinato
2875 5172 3122 5250 corpore,
3148 5200 3275 5252 pro-

1708 5241 1791 5322 nis
1813 5242 2007 5322 oculis,
2035 5242 2352 5322 observans.
2381 5254 2436 5298 ιιι
2463 5248 2755 5322 lie_r_i__s_olet,
2780 5241 3054 5307 extremos
3079 5241 3278 5322 Gorgo-

1703 5312 1807 5365 uiae
1843 5313 2058 5390 halitus.
2096 5309 2262 5390 Elias,
2302 5329 2461 5384 quem
2512 5316 2698 5373 Billius
2739 5309 3001 5388 sequitur,
3040 5338 3137 5390 pro
3166 5309 3277 5375 εἴτε.

1701 5397 1916 5459 νευσις,
1956 5383 2115 5459 habet
2147 5383 2484 5459 έπίπνευσις,
2526 5383 2866 5457 ιερὶιτιιῑοξι
2933 5383 3054 5459 (μιώ
3093 5409 3276 5458 voees,

1694 5449 2278 5525 jttxtaHCAombeflsmnt.
2313 5456 2401 5510 hic
2438 5449 2624 5525 parum
2659 5449 2933 5515 dill'er'unt.

1740 5577 1744 5580 ,
1770 5521 1883 5592 (74)
1913 5522 1983 5575 Ὅ
2017 5540 2070 5576 τι
2099 5521 2727 5592 ἀκούσωσιξϐοιιιιιοίζ,
2752 5531 2780 5582 ὅ
2805 5548 2856 5584 τι
2889 5532 3200 5586 ἀκουσουσι.

1771 5591 1880 5662 (75)
1916 5591 1989 5644 Δὲ
2021 5591 2056 5645 ὅ
2105 5610 2160 5646 τι
2182 5594 2560 5665 φθέγξωνται.
2594 5591 2758 5655 CoiSl.
2785 5601 2812 5656 1
2856 5611 2909 5655 et
2937 5600 3050 5658 Jes.
3087 5603 3132 5655 δ’
3154 5606 3183 5657 ὅ
3218 5621 3282 5659 τι-

1739 5660 2052 5715 θέγεωνται.

1771 5663 2052 5715 έγξωνται.

1696 5677 2052 5732 φυεγςωνται.

1696 5803 1707 5813 _
1765 5733 1874 5802 (76)
1910 5733 2256 5813 Τοιᾷμῶντος
2304 5735 2391 5813 δέ,
2448 5747 2552 5792 etc.
2611 5737 2666 5793 Si
2695 5746 2964 5813 praecedat
3010 5755 3268 5813 punctum

1693 5803 1765 5880 ita
1797 5806 2108 5880 vertendum
2144 5822 2160 5860 :
2197 5823 2215 5856 ι
2236 5808 2452 5863 nemine
2487 5822 2614 5864 vero
2645 5803 2900 5880 audente,
2949 5803 3108 5871 mutae
3133 5815 3266 5872 ﬂue-

1691 5871 1822 5926 bant
1850 5872 2121 5944 lacrymae,
2146 5895 2165 5926 ι
2203 5885 2307 5932 etc.
