3844 6390
510 317 616 371 823
1751 302 1806 358 S.
1837 299 2163 357 GREGORH
2209 298 2558 354 TIIEOLOGI
3654 291 3740 344 $16

514 446 618 503 que
653 426 965 486 incurabilis
1039 422 1162 496 (nec
1203 423 1347 478 enim
1397 421 1544 490 pium
1594 418 1896 483 videbatur,
1949 434 2126 480 eam,

2254 416 2500 478 θάνατος.
2542 411 2604 465 'll
2631 413 2688 465 δὲ
2717 414 2915 474 ἄπνους
2940 427 2997 463 τε
3023 408 3117 464 καὶ
3148 405 3425 475 ἀκίνητος,
3452 402 3543 456 καὶ
3566 402 3737 470 ἄφθογ-

515 496 637 594 quae
666 521 738 578 ita
797 515 1118 580 discederet,
1159 511 1302 566 luctu
1343 509 1658 580 prosequi),
1693 508 1968 577 altumque
2013 509 2088 561 si—

2231 527 2308 574 ος,
2335 509 2396 562 τὸ
2428 508 2768 579 φαινόμενον,
2796 506 2891 558 καὶ
2917 506 2951 576 ἡ
2983 500 3162 573 σιωπὴ
3187 499 3282 554 τοῦ
3319 497 3569 568 σώματος
3595 496 3738 552 ἐδόκει

517 588 740 668 Ierttium
768 615 906 676 erat,
937 621 1002 661 ac
1028 619 1174 659 mors
1219 602 1361 656 illius
1395 614 1567 656 sacra:
1612 599 1893 667 cujusdam
1926 613 2094 653 caere-

2230 601 2519 673 ;αράλυσις,
2553 593 2663 652 οἷον
2695 598 2795 670 ήδη
2839 596 2947 649 τῶν
2981 592 3304 665 φωνητικῶν
3345 588 3590 662 ὀργάνων
3623 606 3739 642 νενε-

518 704 712 759 moniaa
749 701 980 772 speciem
1013 696 1265 755 habebat.
1297 693 1389 748 Illa
1448 701 1650 756 autem,
1693 700 1949 760 quantum
1982 692 2094 760 qui-

2236 694 2513 767 ρωμένων,
2555 691 2643 745 διὰ
2685 690 2783 759 τὴν
2828 686 2922 740 τοῦ
2973 684 3250 746 κινοῦντος
3301 679 3737 752 ἐγχῶρησινρῗ).

520 796 644 850 dent
672 810 738 848 ex
777 769 1007 860 aspectu
1057 786 1253 855 conjici
1296 792 1536 854 poterat,
1567 795 1665 836 nec
1704 781 1962 850 spirabat,
1998 795 2114 840 nec,

2230 786 2419 858 Ηρέμα
2461 785 2518 838 δὲ
2570 783 2676 836 τῶν
2721 779 2943 852 χειλέων
2990 775 3326 846 κινουμένων
3381 769 3740 838 αἱσθὸμενοςὸ

519 885 859 946 movebatur,
887 894 986 932 nec
1021 893 1210 932 sonum
1261 875 1426 930 ullum
1465 874 1677 938 edebat,
1714 871 2097 940 silentiumque

2230 882 2377 935 ςάντα
2401 877 2582 950 τηρῶν
2629 875 2695 928 τὰ
2730 872 2942 943 ἐκείνης
2987 867 3261 940 ἐπιμελῶς
3291 863 3498 935 ποιμὴν
3529 862 3741 932 (78),'3t'1

521 977 651 1031 illud
687 975 842 1028 fracti
871 979 923 1024 et
953 969 1202 1025 dissoluti
1231 968 1474 1037 corporis
1505 964 1814 1034 opinionem
1849 964 2098 1019 omnibus

2232 973 2258 1024 ὸ
2288 975 2342 1024 ὲν
2373 971 2504 1024 πᾶσι
2538 967 2740 1038 θαῦμα,
2773 965 2866 1018 καὶ
2897 961 3162 1035 παραθεὶς
3183 959 3254 1012 τά
3276 952 3390 1012 ὦτα
3416 959 3528 1020 τοῖς
3573 956 3742 1027 χείλεσι

523 1068 820 1132 alferebat;
863 1064 1086 1136 perinde
1103 1062 1356 1116 videlicet
1385 1069 1549 1128 atque
1584 1060 1734 1114 vocis
1766 1061 2098 1113 instrumen-

2230 1065 2283 1118 τὸ
2315 1063 2419 1134 γάρ
2451 1062 2672 1133 θαρρεῖν
2697 1055 2810 1128 εἶχε
2834 1057 2930 1110 καὶ
2958 1054 3112 1127 παρὰ
3139 1052 3233 1106 τοῦ
3268 1049 3473 1122 τρόπου
3503 1048 3595 1102 καὶ
3623 1051 3744 1118 παρὰ

522 1171 600 1228 ta,
634 1159 703 1213 ob
757 1157 980 1219 animae,
1033 1168 1139 1222 qua
1201 1151 1584 1214 movebantur,
1648 1163 1952 1212 excessum,
1990 1149 2098 1212 jam

2235 1156 2299 1226 ἧς
2359 1151 2744 1224 συμπαθείας),
2797 1147 2954 1211 αὐτὸς
3001 1145 3258 1216 διήγησαι
3305 1141 3364 1195 τὸ
3409 1141 3508 1211 τῆς
3547 1139 3745 1209 ἡσυχίας

523 1263 783 1321 Oppressa
811 1246 972 1317 232
1011 1257 1065 1300 et
1097 1244 1367 1298 exstincta
1406 1252 1607 1297 essent.
1643 1243 1712 1296 At
1745 1256 1865 1294 cum
1919 1249 2103 1308 pastor

2230 1247 2522 1316 ιυστήριον,
2555 1245 2582 1296 ὃ
2611 1243 2664 1295 τί
2695 1257 2826 1294 ποτε
2850 1234 2917 1310 ἦν
2945 1237 3039 1291 καὶ
3066 1230 3299 1304 οἷονί79)
3317 1231 3521 1292 ὀὐδεὶς
3545 1231 3742 1300 ἀπιστή-

525 1316 635 1404 nié,
670 1339 760 1410 qui
786 1316 1006 1410 propter
1056 1335 1401 1400 miraculum,
1451 1333 1592 1404 quod
1641 1330 1893 1386 omnibus
1945 1330 2103 1383 rebus

2230 1355 2286 1390 rst
2331 1335 2422 1389 σοῦ
2465 1335 2732 1401 λέγοντος.
2775 1328 3078 1400 Ψαλμῳδία
3114 1326 3175 1378 τὸ
3198 1383 3203 1388 _
3227 1321 3651 1390 ὑπολαλούμενον
3675 1316 3745 1390 ἦν,

525 1431 792 1492 elucebat,
821 1428 961 1482 facta
997 1428 1249 1496 dictaque
1273 1425 1415 1478 illius
1454 1422 1632 1477 omnia
1679 1421 1965 1489 diligenter
2010 1418 2103 1472 ub-

2230 1430 2300 1482 ια).
2346 1425 2665 1497 ψαλμῳδίας
2708 1422 2780 1476 τὰ
2825 1421 3002 1488 ὲξόδια
3025 1417 3136 1490 (80)
3174 1417 3430 1488 ῥήματα⁶
3478 1414 3528 1465 εἰ
3573 1412 3627 1465 δὲ
3665 1414 3749 1482 χρὴ

529 1521 803 1584 servabat,
836 1519 976 1573 labia
1010 1516 1179 1586 ipsius
1232 1515 1424 1570 leniter
1457 1512 1659 1566 moveri
1688 1511 1971 1573 sensisset,
2004 1525 2102 1563 au-

530 1633 752 1688 remque
785 1616 1005 1688 propius
1078 1614 1409 1669 admovisset
1442 1612 1721 1682 (ﬁdentem
1752 1611 1897 1665 enim
1958 1625 2103 1675 eum,

533 1727 653 1766 cum
682 1710 764 1766 sui
810 1724 1008 1774 mores,
1045 1716 1156 1762 tum
1211 1704 1612 1763 commiseratio
1665 1705 1777 1774 ipsa
1833 1703 2106 1772 faciebat,)

2206 1519 2434 1590 τάληθὲς
2467 1519 2660 1582 εἰπεῖν,
2698 1512 2973 1586 μαρτυρία
2997 1511 3096 1582 τῆς
3123 1507 3460 1581 παρρησίας,
3499 1504 3611 1575 μεθ’
3635 1499 3693 1576 ἦς
3725 1507 3751 1573 ἡ

2210 1612 2404 1679 ἔξοδος.
2441 1611 2551 1664 Καὶ
2589 1607 2856 1681 μακάριος
2902 1607 3050 1668 ὅστις
3098 1603 3213 1674 μετ’
3253 1600 3482 1653 ἐκείνων
3518 1595 3754 1651 ἀναπαύε-

2210 1723 2298 1758 ται
2323 1703 2434 1774 (8-1)
2480 1701 2586 1756 τῶν
2640 1700 2936 1773 ῥημάτωνσ
2992 1697 3094 1752 Ἐν
3127 1693 3336 1762 εἰρήνῃ
3381 1691 3480 1745 ἐπὶ
3527 1689 3590 1743 τὸ
3636 1688 3753 1742 αὐτὸ

534 1803 666 1873 quin
693 1812 748 1857 tu
780 1801 894 1870 ipse
929 1799 1088 1870 hujus
1131 1798 1332 1854 silentii
1366 1797 1680 1868 mysterium
1714 1795 1976 1866 exponis?
2006 1795 2107 1848 Ne-

2230 1795 2646 1866 ιοιμηθήσομαι
2678 1794 2775 1848 καὶ
2838 1790 3117 1847 ὐπνώσω.
3168 1786 3354 1840 Ταῦτα
3397 1784 3494 1838 καὶ
3533 1783 3756 1852 ἐφάλλετὸ

536 1909 626 1948 mo
652 1894 849 1964 quippe
880 1893 972 1946 tibi
1004 1891 1245 1946 narranti
1290 1892 1447 1945 lit'lem
1501 1889 1805 1957 abrogabit.
1865 1887 2107 1942 Psalmo-

537 1985 622 2036 dia
653 1993 790 2052 erat,
813 1983 864 2036 id
884 1983 1023 2052 quod
1051 1981 1496 2042 submussitabat,
1517 1980 1907 2047 acpsalmodia:
1944 1979 2106 2033 verba

537 2073 604 2127 ad
642 2074 842 2128 exitum
878 2073 1201 2143 pertinentia
1235 2088 1248 2125 :
1282 2082 1355 2138 et,
1395 2076 1438 2127 si
1471 2088 1596 2126 vere
1636 2070 1961 2140 loquendum
2003 2078 2106 2134 est,

2217 1906 2318 1953 σοι,
2348 1888 2605 1958 καλλίστη
2637 1884 2933 1956 γυναικῶν,
2963 1884 3055 1938 καὶ
3089 1881 3405 1935 συνέϐαινεν
3425 1894 3438 1906 ·
3471 1877 3566 1930 καὶ
3595 1874 3758 1946 ήψαλ-

2219 1982 2392 2054 μῳδία
2436 1981 2497 2036 τὸ
2541 1981 2821 2051 γινόμενον
2864 1973 2956 2049 ἦν,
2991 1975 3086 2030 καὶ
3131 1973 3267 2045 μετὰ
3315 1973 3418 2043 τῆς
3467 1969 3758 2039 ἐκδημίαςὸ

2216 2075 2498 2144 ἐπιτάφιος
2517 2090 2530 2104 ο
2560 2067 2606 2126 ὧ
2629 2071 2807 2135 καλῶς
2835 2069 2944 2126 ἀπὸ
2967 2069 3073 2122 τῶν
3099 2066 3286 2122 παθῶν
3316 2061 3673 2137 είρηνεῦσασα
3693 2061 3757 2124 σὺ,

537 2165 802 2220 libertatis
849 2165 992 2218 illius
1039 2179 1102 2218 ac
1145 2163 1374 2229 ﬁducire,
1405 2179 1527 2219 cum
1573 2179 1674 2232 qua
1719 2163 1846 2217 hinc
1886 2161 2114 2216 excede-

2230 2167 2309 2220 καὶ
2328 2166 2422 2220 τὸν
2445 2165 2790 2236 ὀφειλόμενον
2812 2165 2921 2226 τοῖς
2941 2162 3244 2231 ἀγαπητοῖς
3262 2159 3431 2212 ὕπνον
3449 2152 3760 2210 ἀπολαϐοῦσα

537 2257 649 2322 bat,
684 2257 1071 2312 testimonium.
1106 2255 1185 2311 Ac
1235 2260 1424 2311 beatus
1462 2257 1572 2318 ille,
1620 2255 1709 2324 qui
1763 2270 1885 2310 cum
1939 2253 2118 2309 verbis

2230 2261 2354 2333 πρὸς
2385 2259 2463 2329 τῷ
2508 2258 2674 2328 κοινῷ
2721 2259 2819 2328 τῆς
2866 2256 3192 2325 κοιμήσεως,
3242 2252 3318 2315 ὡς
3369 2248 3519 2312 εἰκὸς
3563 2248 3656 2318 τὴν
3692 2247 3762 2298 καὶ

538 2349 646 2406 illis
681 2357 980 2406 extremum
1027 2349 1151 2403 vita:
1193 2351 1442 2418 spiritum
1495 2349 1709 2403 claudet
1743 2366 1755 2400 :
1787 2346 1855 2402 In
1895 2363 2023 2415 pace
2064 2349 2118 2400 in

2230 2353 2461 2423 ζήσασαν
2507 2352 2602 2406 καὶ
2641 2347 2979 2403 ἀπελθοῦσαν
3009 2348 3066 2399 ὲν
3091 2347 3206 2408 τοῖς
3240 2343 3338 2414 τῆς
3388 2339 3662 2402 εὐσεϐείας
3688 2339 3761 2408 ρή-

538 2447 770 2517 ἕιιὶρειιηι
797 2447 1059 2500 dormiam
1106 2456 1153 2500 et
1199 2449 1520 2517 requiescam
1551 2444 1617 2497 3°.
1658 2443 1802 2508 Herc,
1830 2452 1934 2498 ela
1973 2452 2042 2509 te,
2087 2458 2118 2496 ο

2230 2463 2410 2516 μασιν.

543 2539 831 2592 mulierum
863 2539 1333 2608 praestantissima,
1371 2539 1722 2601 canebantur,
1754 2545 1811 2593 et
1843 2536 1938 2590 tibi
1972 2538 2389 2607 contingebant;
2427 2551 2492 2591 ac
2552 2533 2872 2604 psalmodia,
2939 2531 2994 2586 id
3056 2539 3193 2596 erat,
3256 2527 3404 2599 quod
3437 2525 3616 2587 ﬁebat,
3646 2537 3759 2578 con-

485 2683 488 2687 ,
538 2628 900 2700 junctumque
974 2645 1096 2686 cum
1139 2633 1378 2687 discessu
1456 2631 1789 2700 epitaphium
1835 2642 1955 2688 erat
1992 2651 2006 2686 :
2049 2633 2248 2702 quippe
2309 2647 2430 2701 quae
2473 2638 2707 2685 mentem
2745 2643 2776 2683 a
2823 2627 3032 2682 vitiosis
3069 2622 3501 2695 permotionibus
3556 2619 3650 2676 rite
3686 2635 3760 2688 pt-

545 2729 723 2772 catam
767 2720 1048 2786 habueris,
1086 2737 1151 2776 ac
1186 2731 1382 2791 praeter
1438 2737 1779 2777 communem
1843 2739 2116 2793 soporem,
2157 2724 2396 2779 debitum
2425 2737 2641 2794 quoque
2670 2723 2782 2777 Deo
2839 2720 3023 2776 charis
3083 2717 3394 2774 hominibus
3423 2728 3658 2769 somnum
3686 2726 3762 2764 ac-

545 2813 778 2880 ceperis,
807 2814 1258 2881 quemadmodum
1295 2828 1416 2866 eam
1457 2830 1554 2883 par
1585 2825 1725 2878 erat,
1753 2830 1872 2884 quas
1913 2816 1964 2870 in
2003 2817 2219 2885 pietatis
2263 2816 2464 2879 verbis,
2491 2825 2547 2868 et
2573 2815 2807 2876 vixerat,
2841 2822 2897 2866 et
2933 2812 3296 2866 abscesserat.

619 2899 807 2956 XXIII.
850 2900 1108 2971 Equidem
1140 2916 1246 2956 non
1279 2903 1485 2966 dubito,
1516 2904 1643 2972 quin
1677 2903 1764 2969 iis,
1789 2919 1908 2974 quae
1946 2905 2120 2961 oculis

2299 2907 2424 2959 ΚΡ.
2457 2905 2713 2976 Κρείσσω
2746 2903 2845 2974 μὲν
2877 2899 2968 2956 οῦν
3009 2898 3068 2954 εὖ
3097 2896 3214 2954 οἶδα
3263 2897 3357 2952 καὶ⁸
3390 2896 3584 2968 μακρῷ
3611 2896 3768 2965 τιμιώ-

544 3001 882 3057 cernuntur,
953 2993 1121 3048 multo
1183 2996 1560 3062 praestantiora
1622 2994 1733 3048 sint
1779 3009 1887 3062 ea,
1927 2997 2125 3067 quibus

2230 3016 2358 3070 τερα
2383 2998 2450 3050 τὰ
2485 2997 2730 3069 παρόντα
2760 3012 2840 3048 σοι
2870 2993 2963 3048 νῦν
2999 2993 3032 3064 ἢ
3079 2990 3221 3046 κατὰ
3256 2989 3327 3042 τὰ
3370 2988 3636 3060 ὁρώμενα,
3659 2984 3767 3058 ἦχος

549 3099 694 3140 nunc
733 3083 952 3147 frueris,
995 3098 1186 3155 nempe
1242 3099 1406 3139 sonus
1437 3084 1766 3154 epulantium
1795 3085 1864 3151 ²¹,
1911 3088 2126 3160 angelo-

2230 3090 2606 3162 ἑορταζόντων,
2641 3087 2886 3157 ἀγγέλων
2920 3085 3106 3158 χορεία
3127 3125 3142 3145 ,
3179 3083 3333 3151 τάξις
3360 3082 3606 3154 οὐρανία.
3639 3081 3770 3150 86511;

548 3191 671 3229 rum
705 3175 924 3239 chorea,
975 3173 1212 3229 caelestis
1243 3175 1416 3240 ordo,
1468 3171 1652 3242 gloria:
1704 3176 2122 3247 contemplatio,

2230 3184 2448 3256 θεωρία,
2480 3183 2580 3254 τῆς
2620 3199 2680 3235 τε
2721 3181 2885 3251 ἄλλης
2917 3180 3011 3233 καὶ⁵
3041 3179 3138 3250 τῆς
3165 3177 3430 3232 ἀνωτάτω
3457 3173 3674 3246 Τριάδος
3698 3174 3767 3225 ελ.

549 3281 674 3321 cum
731 3265 976 3331 alterius,
1028 3275 1140 3319 tmn
1199 3280 1465 3335 supremae
1509 3263 1795 3323 Trinitatis
1852 3269 2034 3338 purior
2073 3279 2126 3324 et

2230 3277 2430 3348 λαμψις
2464 3275 2823 3348 καθαρωτέρα
2864 3291 2924 3327 τε
2960 3273 3056 3327 καὶ
3089 3271 3416 3342 τελεωτέρα,
3453 3269 3642 3340 μηκέτι
3668 3269 3773 3321 ὑπο-

553 3357 841 3428 perl‘ectior
877 3357 1222 3424 illuminatio,
1275 3374 1383 3415 non
1434 3358 1546 3428 jam
1601 3361 1838 3415 vinctam
1889 3371 2124 3416 mentem

2231 3369 2534 3441 φευγούσης
2578 3368 2668 3422 τὸν
2710 3368 2930 3438 δέσμιον
2981 3363 3108 3419 νοῦν
3159 3365 3253 3418 καὶ
3294 3363 3636 3434 διαχεόμενον
3678 3361 3774 3420 ταῖς

551 3467 616 3505 ac
651 3465 745 3521 per
777 3465 968 3505 sensus
1010 3449 1260 3505 diﬁ‘usam
1293 3450 1652 3523 suﬂ‘ngientis,
1688 3454 1782 3508 sed
1809 3461 1976 3508 totam
2011 3467 2126 3509 sese

2232 3461 2569 3532 αἰσθήσεσιν,
2615 3458 2729 3512 ἀλλ’
2771 3458 2900 3529 ὅλης
2939 3457 3045 3528 ὅλῳ
3089 3455 3168 3510 νοτ
3213 3453 3595 3526 θεωρουμένης
3620 3469 3672 3504 τε
3699 3450 3775 3503 καὶ

553 3544 652 3596 toti
689 3542 851 3596 menti
887 3542 1364 3613 contemplandam
1401 3554 1455 3598 et
1501 3545 1786 3600 tenendam
1816 3546 2126 3616 prmbentis,

2233 3551 2630 3622 κρατουμένης,
2662 3549 2757 3602 καὶ
2781 3545 3342 3621 προσαστραπτούσης
3364 3547 3488 3607 ταῖς
3520 3542 3778 3614 ἡμετέρας

557 3643 776 3702 totoque
809 3634 1108 3690 divinitatis
1159 3635 1361 3691 lumine
1395 3636 1590 3694 animis
1640 3638 1846 3693 nostris
1883 3637 2126 3709 atfulgen-

2233 3644 2431 3714 ψυχαῖς
2481 3642 2586 3713 ὅλῳ
2633 3641 2709 3712 τῷ
2750 3641 2892 3710 φωτὶ
2928 3640 3027 3710 τῆς
3079 3637 3350 3708 θεότητος.
3410 3636 3629 3688 Πάντων
3673 3635 3781 3686 ἁπο-

556 3727 650 3807 tis.
707 3726 962 3790 Omnino,
997 3727 1242 3797 inquam,
1293 3729 1380 3784 bis
1420 3728 1618 3786 fruaris
1662 3747 1912 3801 quorum,
1972 3733 2126 3788 etiam

2235 3732 2420 3794 λαύοις
2443 3731 2576 3802 (82),
2618 3724 2692 3785 ὧν
2727 3731 2808 3784 ἔτι
2839 3729 2980 3800 ὑπὲρ
3027 3727 3133 3797 γῆς
3175 3721 3320 3796 εἶχες
3362 3723 3463 3787 τὰς
3513 3721 3780 3793 agema;

557 3818 684 3870 dum
723 3819 900 3874 adhuc
924 3819 976 3872 in
1009 3827 1150 3873 terra
1182 3833 1353 3885 esses,
1385 3821 1455 3875 ob
1479 3822 1752 3877 sinceram
1791 3823 1858 3877 ad
1887 3838 1950 3877 ea
1994 3839 2126 3879 men-

2236 3825 2325 3878 διά
2345 3825 2406 3878 τὸ
2431 3826 2653 3895 γνήσιον
2678 3823 2778 3894 τῆς
2809 3822 2946 3894 πρὸς
2970 3821 3108 3874 αὐτὰ
3134 3819 3368 3880 νεύσεως
3389 3817 3525 3886 (85).
3565 3815 3628 3868 Εἰ
3647 3813 3696 3866 δέ
3715 3815 3782 3872 τίς

559 3907 630 3961 tis
656 3909 1008 3973 erectionem,
1039 3910 1246 3966 rivulos
1287 3911 1546 3966 habebas.
1581 3913 1735 3979 Quod
1785 3914 1828 3969 si
1862 3914 1993 3983 quid
2041 3929 2126 3971 eat

2241 3932 2323 3969 σοι
2354 3915 2465 3984 (84)
2495 3915 2588 3969 καὶ
2617 3914 2724 3969 τῶν
2755 3913 3036 3985 ἡμετέρων
3061 3912 3177 3965 ἐστὶ
3191 3911 3303 3982 (85)
3320 3909 3510 3978 λόγος,
3537 3908 3629 3963 καὶ
3654 3906 3784 3960 τοῦτο

560 4015 798 4068 quoque,
831 4001 920 4069 qui
965 4000 1058 4057 tibi
1101 4017 1130 4055 a
1163 4002 1322 4059 nobis
1354 4003 1642 4072 habentur,
1681 4007 1916 4062 honores
1958 4023 2126 4074 curas1

2239 4009 2360 4071 ταῖς
2405 4006 2578 4070 ὁσίαις
2619 4006 2816 4078 ψυχαῖς
2862 4007 2926 4059 ὲκ
2971 4003 3106 4058 Θεοῦ
3159 4003 3364 4075 γέρας,
3408 4001 3520 4055 τῶν
3559 4000 3783 4054 τοιούτων

560 4101 723 4160 atque
752 4091 857 4145 hoc
877 4092 1083 4161 prmmii
1110 4093 1316 4147 sanctis
1343 4093 1541 4149 animis
1565 4095 1827 4152 divinitus
1850 4099 2126 4168 contingit,

2243 4098 2684 4161 ὲπαισθάνεσθαι,
2735 4098 2910 4169 δέχοιο
2961 4098 3056 4150 καὶ
3094 4096 3184 4151 τὸν
3217 4095 3488 4168 ἡμέτερον
3523 4094 3672 4162 λόγον
3693 4092 3782 4163 (85)

562 4189 623 4235 ut
674 4181 778 4235 ista
819 4184 1088 4247 sentiant,
1133 4193 1372 4236 nostram
1417 4198 1630 4255 quoque
1673 4189 1976 4244 orationem
2038 4206 2126 4261 pro

2244 4189 2365 4243 ἀντὶ
2398 4188 2605 4242 πολλῶν
2634 4187 2726 4242 καὶ
2755 4189 2862 4260 πρὸ
2895 4187 3106 4241 πολλῶν
3133 4187 3423 4256 ὲνταφίων,
3448 4185 3507 4239 ὃν
3532 4184 3785 4254 Καισαρίῳ

563 4273 772 4339 multis,
805 4289 868 4328 ac
897 4289 1006 4342 pra:
1041 4273 1224 4329 multis
1251 4273 1572 4334 funebribus
1595 4277 1750 4333 donis
1775 4281 2012 4351 accipias
2049 4297 2126 4339 ve-

2247 4282 2343 4353 μὲν
2370 4280 2480 4352 (87)
2520 4281 2625 4354 πρὸ
2656 4280 2772 4346 σοῦ,
2815 4282 2908 4334 καὶ
2937 4281 3018 4333 σοὶ
3060 4280 3175 4351 μετ’
3214 4281 3423 4332 ἐκεῖνον
3469 4277 3784 4332 ἀποδεδώκα-

562 4364 681 4431 lim,
717 4381 878 4435 quam
921 4365 1157 4420 Caesario
1189 4375 1316 4422 ante
1357 4377 1429 4432 te,
1469 4376 1523 4422 et
1552 4370 1647 4424 tibi
1684 4383 1804 4440 post
1834 4374 1980 4428 illum
2017 4391 2126 4445 per-

2252 4393 2387 4446 μεν,
2431 4375 2617 4446 ἐπειδή
2659 4392 2722 4444 γε
2758 4373 3003 4443 ἀδελφῶν
3047 4371 3354 4442 ἐπιταφίοις
3395 4371 3784 4443 ὲταμιεύθημεν.

563 4458 848 4523 solvimus,
904 4459 1332 4529 quandoquidem
1396 4459 1624 4516 fratrum
1667 4463 1951 4522 funeribus
2010 4484 2126 4524 ora-

2248 4468 2310 4520 Εἰ
2338 4467 2394 4521 δὲ
2422 4469 2517 4520 καὶ
2540 4469 2692 4538 ἡμᾶς
2719 4467 2968 4538 τιμήσειέ
2983 4465 3095 4534 (88)
3111 4483 3194 4529 τις
3216 4464 3333 4536 μεθ’
3355 4467 3501 4536 ὑμᾶς
3525 4467 3634 4528 τοῖς
3654 4466 3783 4523 ἴσως,

565 4551 713 4605 tione
757 4550 1144 4620 prosequendis
1177 4565 1366 4605 sumus
1398 4555 1681 4610 reservati.
1737 4559 1820 4612 An
1857 4573 1986 4614 vero
2038 4576 2126 4618 nos

2247 4560 2348 4612 οὐκ
2385 4558 2492 4628 ἔχω
2529 4557 2708 4627 λέγειν
2730 4575 2744 4589 ’
2784 4557 2924 4630 πλὴν
2965 4557 3327 4628 τιμηθείημέν
3355 4575 3418 4625 γε
3451 4557 3608 4628 μόνον
3632 4558 3720 4628 τὴν
3745 4557 3788 4606 ἐν

563 4656 781 4714 quoque
821 4652 944 4712 post
982 4657 1078 4698 vos
1130 4644 1242 4712 pari
1278 4644 1485 4700 honore
1519 4647 1787 4716 quispiam
1846 4651 2126 4708 alfecturu:

2247 4654 2366 4724 Θεῷ
2401 4653 2585 4724 τιμὴν,
2620 4653 2714 4706 καὶ
2743 4650 3132 4723 παροικοῦντες
3161 4649 3273 4720 (89)
3303 4651 3399 4703 καὶ
3439 4649 3791 4706 κατοικοῦντες

637 4758 682 4792 ³ο
704 4757 846 4813 Psal.
873 4773 940 4821 tv,
965 4758 1031 4813 10
1081 4758 1125 4790 ³⁸
1161 4757 1302 4813 Psal.
1329 4775 1441 4825 XLI,
1475 4760 1530 4814 5.

620 4920 752 5008 '(772
787 4918 1176 4990 Ἔτχώρησιν.
1208 4919 1520 4986 DuoCoisl.,
1545 4927 1654 4975 tres
1685 4918 1864 5002 Colb.,
1893 4919 2030 4988 Jes.,
2055 4922 2143 4975 εὑ-

603 5007 716 5044 ωοη
725 5007 826 5044 σιν.

569 5007 826 5115 χωρνὲζσιν.

641 5061 694 5131 (7
735 5057 1028 5133 )Ποιμῄν,
1055 5069 1164 5133 etc.
1200 5059 1268 5133 _I_s
1317 5059 1612 5133 spiritualis
1638 5058 1920 5131 Gorgoniae
1961 5070 2144 5133 pastor

567 5129 706 5196 erat,
735 5129 1361 5199 inon'AmphiIochins,’
1389 5143 1446 5184 ut
1496 5129 1790 5186 arbitratur
1822 5129 1990 5196 Elias',
2048 5132 2138 5187 sed

568 5201 860 5257 Faustinus
889 5209 1014 5255 tunc
1073 5200 1240 5256 lconii
1278 5200 1579 5270 episcopus.
1634 5201 1768 5256 Vide
1797 5206 2054 5258 monitum
2089 5204 2140 5257 in

573 5273 712 5327 hanc
766 5271 1086 5336 orationem,
1157 5269 1551 5326 n.3.’ldcirco
1608 5282 1792 5340 pastor
1837 5273 1925 5329 ille
1955 5288 2143 5330 omnes

570 5340 853 5412 morientis
907 5341 1193 5412 Gorgonia:
1260 5351 1438 5397 motus
1492 5344 1727 5405 studiose
1789 5346 2132 5408 observabat,

579 5430 598 5461 ι
627 5411 767 5480 quod
803 5411 934 5464 nihil
959 5411 1009 5464 in
1035 5411 1142 5466 illis
1166 5415 1270 5480 non
1301 5420 1448 5467 esset
1475 5413 1798 5466 mirandum.
1834 5433 1852 5465 ι

645 5478 759 5550 Π9)
825 5481 950 5534 Ὅτι
1005 5495 1150 5536 ποτε
1215 5478 1295 5552 ἦν
1343 5483 1440 5538 καὶ
1499 5479 1645 5536 οἷον.
1697 5483 1940 5539 Combef.
1997 5484 2145 5552 legit,

574 5553 748 5606 ποῖον.
806 5551 986 5618 αρυῙά
1019 5551 1252 5620 tandem,
1303 5562 1368 5608 ac
1421 5552 1718 5622 cujusmodi
1747 5553 1932 5622 fuerit,
1980 5551 2149 5622 expo-

576 5637 752 5695 neu.“
807 5692 840 5695 ἡ
884 5691 906 5695 L
936 5689 974 5695 VA
1097 5691 1112 5695 _
1232 5693 1272 5695 Η
1310 5692 1352 5695 η

2321 5622 2568 5695 (89)Καί
2591 5622 3063 5695 παροικοῦντες,
3089 5635 3192 5679 etc.
3252 5625 3306 5680 Id
3344 5622 3449 5691 est,
3475 5622 3498 5677 ἱ
3523 5639 3634 5679 tero
3669 5637 3788 5690 prs-

806 5689 1058 5766 ξΕξόδια.
1086 5691 1196 5746 .les.
1228 5692 1442 5760 ὲξώδια.
1599 5765 1608 5766 7
1869 5764 1885 5766 _

2253 5689 2392 5747 senti
2415 5689 2484 5749 ac
2505 5689 2707 5766 futuro.
2732 5716 2751 5748 ι
2803 5695 2900 5748 Hic
2937 5689 3086 5749 nobis
3132 5689 3441 5762 incolatus,‘
3470 5696 3554 5752 hic
3584 5689 3793 5766 peregw

647 5761 760 5833 (8|)
805 5762 1202 5819 Ἄνναν-παύεται.
1261 5767 1391 5836 Reg.
1429 5766 1542 5830 bm,
1582 5765 1744 5822 Cois].
1786 5768 1835 5834 Ι,
1859 5764 1997 5837 Jes.,
2027 5767 2126 5821 ἀνα

2254 5777 2466 5818 namur.
2504 5764 2774 5822 Ilabitatio
2797 5768 2849 5821 in
2879 5768 3053 5836 patria
3080 5778 3180 5821 est.

2244 4937 2529 4974 παυσεται.

2311 4991 2425 5057 (8‘2)
2471 4991 2831 5058 Ἀπολαύοις.
2861 4991 3022 5048 Cois].
3060 4991 3112 5058 Ι,
3146 4990 3494 5054 ἀπολαύσοις.

2315 5061 2425 5132 (85)
2447 5063 2742 5128 Νεύσεως.
2783 5081 2801 5113 ε
2827 5062 3252 5126 Inclinationem,
3284 5063 3632 5117 intentionem
3657 5082 3675 5115 ι

2317 5131 2428 5204 (84)
2458 5134 2526 5185 El
2572 5132 2640 5204 δέ
2687 5134 2779 5198 τίς
2802 5149 2920 5199 σοι,
2949 5143 3072 5204 εις.
3103 5151 3120 5185 ι
3153 5133 3209 5204 Si
3237 5147 3348 5204 qua
3383 5143 3686 5187 nostrorum
3715 5131 3788 5183 tibi

2245 5216 2374 5255 cura
2403 5203 2526 5269 est;
2575 5203 2621 5257 si
2667 5212 2973 5258 nostrorum
3027 5203 3226 5271 aliquid
3286 5203 3351 5256 ad
3410 5212 3460 5254 te
3505 5205 3786 5269 pertinet.»

2243 5271 2416 5344 Coisl.
2440 5273 2491 5337 I,
2519 5273 2666 5344 addit
2685 5273 2879 5344 τιμῶν.
2913 5273 3004 5344 Sic
3023 5275 3185 5328 etiam
3213 5271 3572 5344 legit_Billius.

2317 5341 2428 5414 (853°)
2465 5342 2651 5398 Ἐστι.
2691 5341 2848 5414 Deest
2872 5344 2923 5398 in
2949 5343 3080 5414 Reg.
3113 5344 3224 5414 bm,
3254 5341 3308 5397 et
3331 5341 3441 5397 Jes.

2317 5411 2429 5484 (86)
2454 5414 2666 5484 Λόγον.
2695 5413 2854 5468 Deest
2878 5415 2929 5468 in
2959 5411 3088 5484 Re'g.
3120 5413 3231 5467 bm.

2321 5483 2434 5554 (8])
2462 5483 2611 5554 Μέν.
2645 5484 2803 5539 Deest
2824 5485 2876 5538 in
2913 5483 3180 5554 Reg.bm,
3199 5492 3260 5554 Aet
3289 5483 3402 5539 Jes.

2461 5553 2748 5636 [φήσειε.
2792 5554 2923 5636 Reg.
2951 5551 3062 5619 bfn,
3095 5564 3153 5636 et
3185 5552 3325 5636 Je'sz.
3354 5555 3596 5627 τιμήσει.
