  <div class='ocr_page' id='page_1' title='image "/cluster/home/n/w/nwhite01/storage/ocr_20150623/35/hvd.32044024473308/414.png"; bbox 0 0 3844 6390; ppageno 0'>
   <div class='ocr_carea' id='block_1_1' title="bbox 130 374 3348 438">
    <p class='ocr_par' dir='ltr' id='par_1_1' title="bbox 130 374 3348 438">
     <span class='ocr_line' id='line_1_1' title="bbox 130 374 3348 438; baseline -0.002 -3"><span class='ocrx_word' id='word_1_1' title='bbox 130 376 220 435; x_wconf 69' lang='lat'><strong>817</strong></span> <span class='ocrx_word' id='word_1_2' title='bbox 963 380 1221 438; x_wconf 76' lang='lat' dir='ltr'><strong>ORATIO</strong></span> <span class='ocrx_word' id='word_1_3' title='bbox 1261 382 1350 435; x_wconf 76' lang='lat' dir='ltr'><strong>lx.</strong></span> <span class='ocrx_word' id='word_1_4' title='bbox 1392 379 2024 436; x_wconf 73' lang='lat' dir='ltr'><strong>—~Al‘OLOGETlCUS</strong></span> <span class='ocrx_word' id='word_1_5' title='bbox 2064 380 2150 435; x_wconf 82' lang='lat' dir='ltr'><strong>Al)</strong></span> <span class='ocrx_word' id='word_1_6' title='bbox 2187 379 2493 435; x_wconf 74' lang='lat' dir='ltr'><strong>PATREM.</strong></span> <span class='ocrx_word' id='word_1_7' title='bbox 3245 374 3348 429; x_wconf 87' lang='lat' dir='ltr'><strong>8l8</strong></span> 
     </span>
    </p>
   </div>
   <div class='ocr_carea' id='block_1_2' title="bbox 132 488 1650 567">
    <p class='ocr_par' dir='ltr' id='par_1_2' title="bbox 132 488 1650 567">
     <span class='ocr_line' id='line_1_2' title="bbox 132 488 1650 567; baseline 0.001 -22"><span class='ocrx_word' id='word_1_8' title='bbox 132 498 179 545; x_wconf 80' lang='grc' dir='ltr'><strong>ὲν</strong></span> <span class='ocrx_word' id='word_1_9' title='bbox 205 492 424 566; x_wconf 78' lang='grc' dir='ltr'><strong>Χριστῷ</strong></span> <span class='ocrx_word' id='word_1_10' title='bbox 462 493 633 566; x_wconf 81' lang='grc' dir='ltr'><strong>Ἰησοῦ</strong></span> <span class='ocrx_word' id='word_1_11' title='bbox 662 492 739 565; x_wconf 80' lang='grc' dir='ltr'><strong>τῷ</strong></span> <span class='ocrx_word' id='word_1_12' title='bbox 760 495 949 567; x_wconf 75' lang='grc' dir='ltr'>Κυρίῳ</span> <span class='ocrx_word' id='word_1_13' title='bbox 977 494 1153 567; x_wconf 78' lang='grc' dir='ltr'><strong>ἡμῶν,</strong></span> <span class='ocrx_word' id='word_1_14' title='bbox 1177 488 1221 563; x_wconf 84' lang='grc' dir='ltr'>ᾧ</span> <span class='ocrx_word' id='word_1_15' title='bbox 1247 498 1279 564; x_wconf 87' lang='grc' dir='ltr'>ἡ</span> <span class='ocrx_word' id='word_1_16' title='bbox 1310 494 1435 560; x_wconf 80' lang='grc' dir='ltr'><strong>δόξα</strong></span> <span class='ocrx_word' id='word_1_17' title='bbox 1472 495 1566 548; x_wconf 67' lang='grc' dir='ltr'>καὶ</span> <span class='ocrx_word' id='word_1_18' title='bbox 1606 498 1650 547; x_wconf 65' lang='grc' dir='ltr'><strong>τ(</strong></span> 
     </span>
    </p>
   </div>
   <div class='ocr_carea' id='block_1_3' title="bbox 1828 488 3346 567">
    <p class='ocr_par' dir='ltr' id='par_1_3' title="bbox 1836 490 3346 562">
     <span class='ocr_line' id='line_1_3' title="bbox 1836 490 3346 562; baseline -0.002 -15"><span class='ocrx_word' id='word_1_19' title='bbox 1836 507 1872 557; x_wconf 93' lang='lat' dir='ltr'><strong>t,</strong></span> <span class='ocrx_word' id='word_1_20' title='bbox 1902 494 2081 553; x_wconf 82' lang='lat' dir='ltr'><strong>dicere</strong></span> <span class='ocrx_word' id='word_1_21' title='bbox 2139 494 2279 547; x_wconf 80' lang='lat' dir='ltr'><strong>haud</strong></span> <span class='ocrx_word' id='word_1_22' title='bbox 2319 509 2498 562; x_wconf 91' lang='lat' dir='ltr'><strong>queo:</strong></span> <span class='ocrx_word' id='word_1_23' title='bbox 2539 500 2791 547; x_wconf 64' lang='lat' dir='ltr'><strong>caeterum</strong></span> <span class='ocrx_word' id='word_1_24' title='bbox 2824 506 2889 546; x_wconf 91' lang='lat' dir='ltr'><strong>eo</strong></span> <span class='ocrx_word' id='word_1_25' title='bbox 2935 490 3196 546; x_wconf 83' lang='lat' dir='ltr'><strong>duntaxat</strong></span> <span class='ocrx_word' id='word_1_26' title='bbox 3248 491 3346 545; x_wconf 84' lang='lat' dir='ltr'><strong>bo-</strong></span> 
     </span>
    </p>
   </div>
   <div class='ocr_carea' id='block_1_4' title="bbox 132 582 1650 659">
    <p class='ocr_par' dir='ltr' id='par_1_4' title="bbox 132 585 1650 659">
     <span class='ocr_line' id='line_1_4' title="bbox 132 585 1650 659; baseline 0.002 -21"><span class='ocrx_word' id='word_1_27' title='bbox 132 585 287 655; x_wconf 74' lang='grc' dir='ltr'>Πατρὶ</span> <span class='ocrx_word' id='word_1_28' title='bbox 332 586 430 639; x_wconf 76' lang='grc' dir='ltr'>σὺν</span> <span class='ocrx_word' id='word_1_29' title='bbox 486 586 625 657; x_wconf 79' lang='grc' dir='ltr'><strong>ἁγίῳ</strong></span> <span class='ocrx_word' id='word_1_30' title='bbox 685 586 959 657; x_wconf 76' lang='grc' dir='ltr'><strong>Πνεύματι</strong></span> <span class='ocrx_word' id='word_1_31' title='bbox 1016 587 1096 649; x_wconf 80' lang='grc' dir='ltr'><strong>εἰς</strong></span> <span class='ocrx_word' id='word_1_32' title='bbox 1127 587 1236 659; x_wconf 84' lang='grc'>(90)</span> <span class='ocrx_word' id='word_1_33' title='bbox 1279 588 1403 651; x_wconf 77' lang='grc' dir='ltr'><strong>τοὺς</strong></span> <span class='ocrx_word' id='word_1_34' title='bbox 1460 586 1650 651; x_wconf 82' lang='grc' dir='ltr'>αἰῶνας</span> 
     </span>
    </p>
   </div>
   <div class='ocr_carea' id='block_1_5' title="bbox 1830 582 3348 659">
    <p class='ocr_par' dir='ltr' id='par_1_5' title="bbox 1830 582 3348 653">
     <span class='ocr_line' id='line_1_5' title="bbox 1830 582 3348 653; baseline -0.001 -17"><span class='ocrx_word' id='word_1_35' title='bbox 1830 601 1943 653; x_wconf 85' lang='lat' dir='ltr'><strong>are,</strong></span> <span class='ocrx_word' id='word_1_36' title='bbox 1980 584 2070 653; x_wconf 87' lang='lat' dir='ltr'><strong>qui</strong></span> <span class='ocrx_word' id='word_1_37' title='bbox 2114 585 2223 639; x_wconf 88' lang='lat' dir='ltr'><strong>Deo</strong></span> <span class='ocrx_word' id='word_1_38' title='bbox 2255 596 2439 652; x_wconf 80' lang='lat' dir='ltr'><strong>gratus</strong></span> <span class='ocrx_word' id='word_1_39' title='bbox 2484 585 2574 648; x_wconf 91' lang='lat' dir='ltr'><strong>sit,</strong></span> <span class='ocrx_word' id='word_1_40' title='bbox 2609 584 2925 645; x_wconf 78' lang='lat' dir='ltr'><strong>alliciamur,</strong></span> <span class='ocrx_word' id='word_1_41' title='bbox 2953 590 3063 636; x_wconf 91' lang='lat' dir='ltr'><strong>tum</strong></span> <span class='ocrx_word' id='word_1_42' title='bbox 3113 582 3348 651; x_wconf 84' lang='lat' dir='ltr'><strong>peregri-</strong></span> 
     </span>
    </p>
   </div>
   <div class='ocr_carea' id='block_1_6' title="bbox 141 670 3350 748">
    <p class='ocr_par' dir='ltr' id='par_1_6' title="bbox 141 670 3350 748">
     <span class='ocr_line' id='line_1_6' title="bbox 141 670 3350 748; baseline -0.001 -20"><span class='ocrx_word' id='word_1_43' title='bbox 141 677 314 748; x_wconf 78' lang='grc' dir='ltr'><strong>Ἀμήν.</strong></span> <span class='ocrx_word' id='word_1_44' title='bbox 1792 687 2004 738; x_wconf 84' lang='lat' dir='ltr'><strong>nantes,</strong></span> <span class='ocrx_word' id='word_1_45' title='bbox 2040 685 2149 729; x_wconf 91' lang='lat' dir='ltr'><strong>tum</strong></span> <span class='ocrx_word' id='word_1_46' title='bbox 2205 675 2532 742; x_wconf 85' lang='lat' dir='ltr'><strong>habitantes,</strong></span> <span class='ocrx_word' id='word_1_47' title='bbox 2568 675 2621 728; x_wconf 93' lang='lat' dir='ltr'><strong>in</strong></span> <span class='ocrx_word' id='word_1_48' title='bbox 2679 674 2894 728; x_wconf 75' lang='lat' dir='ltr'><strong>Christo</strong></span> <span class='ocrx_word' id='word_1_49' title='bbox 2951 670 3076 727; x_wconf 83' lang='lat' dir='ltr'><strong>Jesu</strong></span> <span class='ocrx_word' id='word_1_50' title='bbox 3127 671 3350 727; x_wconf 76' lang='lat' dir='ltr'><strong>Domino</strong></span> 
     </span>
    </p>
   </div>
   <div class='ocr_carea' id='block_1_7' title="bbox 132 766 2477 841">
    <p class='ocr_par' dir='ltr' id='par_1_7' title="bbox 132 766 2477 841">
     <span class='ocr_line' id='line_1_7' title="bbox 132 766 2477 841; baseline 0 -22"><span class='ocrx_word' id='word_1_51' title='bbox 132 777 325 830; x_wconf 89' lang='lat' dir='ltr'><strong>nostro,</strong></span> <span class='ocrx_word' id='word_1_52' title='bbox 379 772 467 824; x_wconf 90' lang='lat' dir='ltr'><strong>cui</strong></span> <span class='ocrx_word' id='word_1_53' title='bbox 498 769 663 841; x_wconf 81' lang='lat' dir='ltr'><strong>gloria</strong></span> <span class='ocrx_word' id='word_1_54' title='bbox 692 780 746 825; x_wconf 89' lang='lat' dir='ltr'><strong>et</strong></span> <span class='ocrx_word' id='word_1_55' title='bbox 774 768 922 824; x_wconf 87' lang='lat' dir='ltr'><strong>Patri</strong></span> <span class='ocrx_word' id='word_1_56' title='bbox 969 783 1091 826; x_wconf 90' lang='lat' dir='ltr'><strong>cum</strong></span> <span class='ocrx_word' id='word_1_57' title='bbox 1143 767 1348 839; x_wconf 86' lang='lat' dir='ltr'><strong>Spiritu</strong></span> <span class='ocrx_word' id='word_1_58' title='bbox 1383 777 1573 824; x_wconf 88' lang='lat' dir='ltr'><strong>sancto</strong></span> <span class='ocrx_word' id='word_1_59' title='bbox 1609 769 1659 823; x_wconf 91' lang='lat' dir='ltr'><strong>in</strong></span> <span class='ocrx_word' id='word_1_60' title='bbox 1686 768 1878 822; x_wconf 65' lang='lat' dir='ltr'><strong>saecula</strong></span> <span class='ocrx_word' id='word_1_61' title='bbox 1911 768 2249 823; x_wconf 60' lang='lat' dir='ltr'><strong>saeculorum.</strong></span> <span class='ocrx_word' id='word_1_62' title='bbox 2286 766 2477 819; x_wconf 82' lang='lat' dir='ltr'><strong>Amen.</strong></span> 
     </span>
    </p>
   </div>
   <div class='ocr_carea' id='block_1_8' title="bbox 194 880 1917 954">
    <p class='ocr_par' dir='ltr' id='par_1_8' title="bbox 194 880 1917 954">
     <span class='ocr_line' id='line_1_8' title="bbox 194 880 1917 954; baseline -0.002 -18"><span class='ocrx_word' id='word_1_63' title='bbox 194 882 298 953; x_wconf 79' lang='lat'><strong>(90)</strong></span> <span class='ocrx_word' id='word_1_64' title='bbox 323 885 480 949; x_wconf 81' lang='grc' dir='ltr'><strong>Δόξα</strong></span> <span class='ocrx_word' id='word_1_65' title='bbox 599 888 703 951; x_wconf 74' lang='grc' dir='ltr'><strong>εἰς.</strong></span> <span class='ocrx_word' id='word_1_66' title='bbox 768 883 1045 954; x_wconf 85' lang='lat' dir='ltr'><strong>lnterjecta</strong></span> <span class='ocrx_word' id='word_1_67' title='bbox 1083 882 1273 938; x_wconf 87' lang='lat' dir='ltr'><strong>desunt</strong></span> <span class='ocrx_word' id='word_1_68' title='bbox 1302 883 1353 937; x_wconf 89' lang='lat' dir='ltr'><strong>in</strong></span> <span class='ocrx_word' id='word_1_69' title='bbox 1393 882 1525 947; x_wconf 77' lang='lat' dir='ltr'><strong>Reg.</strong></span> <span class='ocrx_word' id='word_1_70' title='bbox 1568 882 1678 941; x_wconf 88' lang='lat' dir='ltr'><strong>hm,</strong></span> <span class='ocrx_word' id='word_1_71' title='bbox 1727 890 1779 936; x_wconf 89' lang='lat' dir='ltr'><strong>et</strong></span> <span class='ocrx_word' id='word_1_72' title='bbox 1809 880 1917 935; x_wconf 82' lang='lat' dir='ltr'><strong>Jes.</strong></span> 
     </span>
    </p>
   </div>
   <div class='ocr_carea' id='block_1_9' title="bbox 429 1161 3030 1261">
    <p class='ocr_par' dir='ltr' id='par_1_9' title="bbox 429 1161 3030 1261">
     <span class='ocr_line' id='line_1_9' title="bbox 429 1161 3030 1261; baseline 0 -16"><span class='ocrx_word' id='word_1_73' title='bbox 429 1175 587 1247; x_wconf 80' lang='lat'><strong>233</strong></span> <span class='ocrx_word' id='word_1_74' title='bbox 625 1165 1197 1258; x_wconf 83' lang='lat' dir='ltr'><strong>MONITUM</strong></span> <span class='ocrx_word' id='word_1_75' title='bbox 1276 1168 1400 1255; x_wconf 85' lang='lat' dir='ltr'><strong>IN</strong></span> <span class='ocrx_word' id='word_1_76' title='bbox 1478 1161 2160 1255; x_wconf 78' lang='lat' dir='ltr'><strong>ORATIONES</strong></span> <span class='ocrx_word' id='word_1_77' title='bbox 2239 1164 2411 1261; x_wconf 84' lang='lat' dir='ltr'><strong>IX,</strong></span> <span class='ocrx_word' id='word_1_78' title='bbox 2481 1164 2563 1249; x_wconf 88' lang='grc' dir='ltr'>Χ</span> <span class='ocrx_word' id='word_1_79' title='bbox 2640 1161 2783 1247; x_wconf 79' lang='grc' dir='ltr'><strong>ΕΤ</strong></span> <span class='ocrx_word' id='word_1_80' title='bbox 2856 1161 3030 1247; x_wconf 82' lang='grc' dir='ltr'><strong>Χῐ.</strong></span> 
     </span>
    </p>
   </div>
   <div class='ocr_carea' id='block_1_10' title="bbox 215 1500 3345 1581">
    <p class='ocr_par' dir='ltr' id='par_1_10' title="bbox 215 1500 3345 1581">
     <span class='ocr_line' id='line_1_10' title="bbox 215 1500 3345 1581; baseline 0 -18"><span class='ocrx_word' id='word_1_81' title='bbox 215 1504 270 1566; x_wconf 88' lang='grc'><strong>1.</strong></span> <span class='ocrx_word' id='word_1_82' title='bbox 334 1503 409 1564; x_wconf 86' lang='lat' dir='ltr'><strong>In</strong></span> <span class='ocrx_word' id='word_1_83' title='bbox 470 1502 790 1581; x_wconf 80' lang='lat' dir='ltr'><strong>plerisque</strong></span> <span class='ocrx_word' id='word_1_84' title='bbox 839 1503 1127 1564; x_wconf 85' lang='lat' dir='ltr'><strong>melioris</strong></span> <span class='ocrx_word' id='word_1_85' title='bbox 1171 1512 1337 1566; x_wconf 61' lang='lat' dir='ltr'><strong>notae</strong></span> <span class='ocrx_word' id='word_1_86' title='bbox 1382 1502 1731 1573; x_wconf 89' lang='lat' dir='ltr'><strong>codicibus,</strong></span> <span class='ocrx_word' id='word_1_87' title='bbox 1776 1508 1837 1562; x_wconf 89' lang='lat' dir='ltr'><strong>et</strong></span> <span class='ocrx_word' id='word_1_88' title='bbox 1880 1501 1945 1563; x_wconf 88' lang='lat' dir='ltr'><strong>in</strong></span> <span class='ocrx_word' id='word_1_89' title='bbox 1974 1500 2145 1581; x_wconf 80' lang='lat' dir='ltr'><strong>ipsis</strong></span> <span class='ocrx_word' id='word_1_90' title='bbox 2200 1507 2385 1581; x_wconf 78' lang='lat' dir='ltr'><strong>etiam</strong></span> <span class='ocrx_word' id='word_1_91' title='bbox 2429 1503 2905 1581; x_wconf 71' lang='lat' dir='ltr'><strong>interpretibus,</strong></span> <span class='ocrx_word' id='word_1_92' title='bbox 2950 1502 3066 1563; x_wconf 85' lang='lat' dir='ltr'><strong>hoc</strong></span> <span class='ocrx_word' id='word_1_93' title='bbox 3122 1502 3345 1581; x_wconf 87' lang='lat' dir='ltr'><strong>ordine</strong></span> 
     </span>
    </p>
   </div>
   <div class='ocr_carea' id='block_1_11' title="bbox 141 1579 3349 1658">
    <p class='ocr_par' dir='ltr' id='par_1_11' title="bbox 141 1579 3349 1658">
     <span class='ocr_line' id='line_1_11' title="bbox 141 1579 3349 1658; baseline -0.002 -14"><span class='ocrx_word' id='word_1_94' title='bbox 141 1585 267 1645; x_wconf 58' lang='lat' dir='ltr'><strong>ista}</strong></span> <span class='ocrx_word' id='word_1_95' title='bbox 316 1579 885 1642; x_wconf 33' lang='lat' dir='ltr'><strong>tres-collocantur</strong></span> <span class='ocrx_word' id='word_1_96' title='bbox 943 1582 1289 1644; x_wconf 88' lang='lat' dir='ltr'><strong>orationes.</strong></span> <span class='ocrx_word' id='word_1_97' title='bbox 1346 1581 1586 1642; x_wconf 88' lang='lat' dir='ltr'><strong>Sasima</strong></span> <span class='ocrx_word' id='word_1_98' title='bbox 1616 1586 1925 1654; x_wconf 89' lang='lat' dir='ltr'><strong>spectant,</strong></span> <span class='ocrx_word' id='word_1_99' title='bbox 1968 1579 2027 1639; x_wconf 87' lang='lat' dir='ltr'><strong>id</strong></span> <span class='ocrx_word' id='word_1_100' title='bbox 2061 1584 2179 1658; x_wconf 86' lang='lat' dir='ltr'><strong>est,</strong></span> <span class='ocrx_word' id='word_1_101' title='bbox 2228 1579 2520 1655; x_wconf 88' lang='lat' dir='ltr'><strong>Gregorii</strong></span> <span class='ocrx_word' id='word_1_102' title='bbox 2555 1580 2628 1640; x_wconf 85' lang='lat' dir='ltr'><strong>ad</strong></span> <span class='ocrx_word' id='word_1_103' title='bbox 2678 1581 3067 1641; x_wconf 88' lang='lat' dir='ltr'><strong>Sasimorum</strong></span> <span class='ocrx_word' id='word_1_104' title='bbox 3106 1580 3349 1658; x_wconf 81' lang='lat' dir='ltr'><strong>episco-</strong></span> 
     </span>
    </p>
   </div>
   <div class='ocr_carea' id='block_1_12' title="bbox 142 1656 3349 1739">
    <p class='ocr_par' dir='ltr' id='par_1_12' title="bbox 142 1656 3349 1739">
     <span class='ocr_line' id='line_1_12' title="bbox 142 1656 3349 1739; baseline -0.002 -17"><span class='ocrx_word' id='word_1_105' title='bbox 142 1669 348 1738; x_wconf 85' lang='lat' dir='ltr'><strong>patum</strong></span> <span class='ocrx_word' id='word_1_106' title='bbox 406 1660 914 1733; x_wconf 82' lang='lat' dir='ltr'><strong>ordinationem;</strong></span> <span class='ocrx_word' id='word_1_107' title='bbox 964 1659 1237 1739; x_wconf 82' lang='lat' dir='ltr'><strong>ideoque</strong></span> <span class='ocrx_word' id='word_1_108' title='bbox 1282 1659 1504 1739; x_wconf 85' lang='lat' dir='ltr'><strong>eodem</strong></span> <span class='ocrx_word' id='word_1_109' title='bbox 1558 1674 1747 1731; x_wconf 91' lang='lat' dir='ltr'><strong>anno,</strong></span> <span class='ocrx_word' id='word_1_110' title='bbox 1790 1658 2000 1739; x_wconf 87' lang='lat' dir='ltr'><strong>m_edi_o</strong></span> <span class='ocrx_word' id='word_1_111' title='bbox 2034 1656 2277 1739; x_wconf 78' lang='lat' dir='ltr'><strong>scilicet</strong></span> <span class='ocrx_word' id='word_1_112' title='bbox 2307 1658 2447 1739; x_wconf 61' lang='lat'><strong>312,</strong></span> <span class='ocrx_word' id='word_1_113' title='bbox 2498 1658 2922 1739; x_wconf 65' lang='lat' dir='ltr'><strong>pronuntiata;</strong></span> <span class='ocrx_word' id='word_1_114' title='bbox 2957 1656 3349 1739; x_wconf 48' lang='lat' dir='ltr'><strong>sunt.&#39;Prior</strong></span> 
     </span>
    </p>
   </div>
   <div class='ocr_carea' id='block_1_13' title="bbox 138 1735 3347 1816">
    <p class='ocr_par' dir='ltr' id='par_1_13' title="bbox 138 1735 3347 1816">
     <span class='ocr_line' id='line_1_13' title="bbox 138 1735 3347 1816; baseline -0.001 -17"><span class='ocrx_word' id='word_1_115' title='bbox 138 1735 391 1816; x_wconf 79' lang='lat' dir='ltr'><strong>quidem</strong></span> <span class='ocrx_word' id='word_1_116' title='bbox 426 1739 635 1799; x_wconf 87' lang='lat' dir='ltr'><strong>habita</strong></span> <span class='ocrx_word' id='word_1_117' title='bbox 668 1744 782 1810; x_wconf 90' lang='lat' dir='ltr'><strong>est,</strong></span> <span class='ocrx_word' id='word_1_118' title='bbox 818 1756 961 1799; x_wconf 92' lang='lat' dir='ltr'><strong>cum</strong></span> <span class='ocrx_word' id='word_1_119' title='bbox 994 1735 1264 1814; x_wconf 66' lang='lat' dir='ltr'><strong>longaevi</strong></span> <span class='ocrx_word' id='word_1_120' title='bbox 1310 1736 1503 1816; x_wconf 89' lang='lat' dir='ltr'><strong>patris</strong></span> <span class='ocrx_word' id='word_1_121' title='bbox 1540 1735 1917 1816; x_wconf 82' lang='lat' dir='ltr'><strong>reverentia,</strong></span> <span class='ocrx_word' id='word_1_122' title='bbox 1946 1735 2165 1816; x_wconf 78' lang='lat' dir='ltr'><strong>Basilii</strong></span> <span class='ocrx_word' id='word_1_123' title='bbox 2200 1735 2505 1816; x_wconf 87' lang='lat' dir='ltr'><strong>amicitia,</strong></span> <span class='ocrx_word' id='word_1_124' title='bbox 2535 1737 2874 1816; x_wconf 77' lang='lat' dir='ltr'><strong>actimore</strong></span> <span class='ocrx_word' id='word_1_125' title='bbox 2916 1737 3144 1816; x_wconf 85' lang='lat' dir='ltr'><strong>victus,</strong></span> <span class='ocrx_word' id='word_1_126' title='bbox 3182 1753 3347 1797; x_wconf 86' lang='lat' dir='ltr'><strong>novo</strong></span> 
     </span>
    </p>
   </div>
   <div class='ocr_carea' id='block_1_14' title="bbox 139 1812 3349 1894">
    <p class='ocr_par' dir='ltr' id='par_1_14' title="bbox 139 1812 3349 1894">
     <span class='ocr_line' id='line_1_14' title="bbox 139 1812 3349 1894; baseline -0.001 -15"><span class='ocrx_word' id='word_1_127' title='bbox 139 1812 521 1894; x_wconf 82' lang='lat' dir='ltr'><strong>Sasimorum</strong></span> <span class='ocrx_word' id='word_1_128' title='bbox 565 1816 1029 1894; x_wconf 44' lang='lat' dir='ltr'><strong>episcopatui}:</strong></span> <span class='ocrx_word' id='word_1_129' title='bbox 1056 1812 1388 1883; x_wconf 79' lang='lat' dir='ltr'><strong>cervicem,</strong></span> <span class='ocrx_word' id='word_1_130' title='bbox 1418 1838 1445 1871; x_wconf 73' lang='lat'>»</span> <span class='ocrx_word' id='word_1_131' title='bbox 1481 1823 1547 1876; x_wconf 92' lang='lat' dir='ltr'><strong>ut</strong></span> <span class='ocrx_word' id='word_1_132' title='bbox 1588 1816 1723 1891; x_wconf 90' lang='lat' dir='ltr'><strong>ipse</strong></span> <span class='ocrx_word' id='word_1_133' title='bbox 1781 1813 2067 1894; x_wconf 85' lang='lat' dir='ltr'><strong>loquitur</strong></span> <span class='ocrx_word' id='word_1_134' title='bbox 2121 1814 2465 1891; x_wconf 83' lang='lat' dir='ltr'><strong>Gregorius</strong></span> <span class='ocrx_word' id='word_1_135' title='bbox 2525 1812 2675 1894; x_wconf 56' lang='grc' dir='ltr'><strong>(91)ἱ</strong></span> <span class='ocrx_word' id='word_1_136' title='bbox 2709 1837 2736 1869; x_wconf 75' lang='grc' dir='ltr'><strong><em>α</em></strong></span> <span class='ocrx_word' id='word_1_137' title='bbox 2768 1831 2891 1875; x_wconf 86' lang='lat' dir='ltr'><strong>non</strong></span> <span class='ocrx_word' id='word_1_138' title='bbox 2930 1815 3212 1894; x_wconf 81' lang='lat' dir='ltr'><strong>aniQO</strong></span> <span class='ocrx_word' id='word_1_139' title='bbox 3242 1816 3349 1875; x_wconf 89' lang='lat' dir='ltr'><strong>in-</strong></span> 
     </span>
    </p>
   </div>
   <div class='ocr_carea' id='block_1_15' title="bbox 142 1892 3346 1972">
    <p class='ocr_par' dir='ltr' id='par_1_15' title="bbox 142 1892 3346 1972">
     <span class='ocr_line' id='line_1_15' title="bbox 142 1892 3346 1972; baseline -0.001 -14"><span class='ocrx_word' id='word_1_140' title='bbox 142 1897 332 1958; x_wconf 81' lang='lat' dir='ltr'><strong>ﬂexit.</strong></span> <span class='ocrx_word' id='word_1_141' title='bbox 364 1918 395 1952; x_wconf 82' lang='grc'><strong>››</strong></span> <span class='ocrx_word' id='word_1_142' title='bbox 446 1893 681 1963; x_wconf 87' lang='lat' dir='ltr'><strong>Altera,</strong></span> <span class='ocrx_word' id='word_1_143' title='bbox 714 1911 854 1954; x_wconf 89' lang='lat' dir='ltr'><strong>cum</strong></span> <span class='ocrx_word' id='word_1_144' title='bbox 890 1913 923 1956; x_wconf 91' lang='lat' dir='ltr'><strong>e</strong></span> <span class='ocrx_word' id='word_1_145' title='bbox 954 1893 1125 1971; x_wconf 84' lang='lat' dir='ltr'><strong>fuga,</strong></span> <span class='ocrx_word' id='word_1_146' title='bbox 1159 1912 1348 1972; x_wconf 92' lang='lat' dir='ltr'><strong>quam</strong></span> <span class='ocrx_word' id='word_1_147' title='bbox 1380 1903 1519 1972; x_wconf 93' lang='lat' dir='ltr'><strong>post</strong></span> <span class='ocrx_word' id='word_1_148' title='bbox 1549 1893 2093 1972; x_wconf 78' lang='lat' dir='ltr'><strong>consecrationem</strong></span> <span class='ocrx_word' id='word_1_149' title='bbox 2148 1899 2529 1972; x_wconf 71' lang='lat' dir='ltr'><strong>capesseret,</strong></span> <span class='ocrx_word' id='word_1_150' title='bbox 2572 1892 2795 1964; x_wconf 85' lang='lat' dir='ltr'><strong>redux,</strong></span> <span class='ocrx_word' id='word_1_151' title='bbox 2831 1910 2899 1953; x_wconf 91' lang='lat' dir='ltr'><strong>se</strong></span> <span class='ocrx_word' id='word_1_152' title='bbox 2932 1914 2962 1949; x_wconf 79' lang='grc' dir='ltr'><strong><em>α</em></strong></span> <span class='ocrx_word' id='word_1_153' title='bbox 2996 1893 3057 1954; x_wconf 87' lang='lat' dir='ltr'><strong>in</strong></span> <span class='ocrx_word' id='word_1_154' title='bbox 3090 1892 3346 1954; x_wconf 82' lang='lat' dir='ltr'><strong>Christo</strong></span> 
     </span>
    </p>
   </div>
   <div class='ocr_carea' id='block_1_16' title="bbox 141 1970 3349 2049">
    <p class='ocr_par' dir='ltr' id='par_1_16' title="bbox 141 1970 3349 2049">
     <span class='ocr_line' id='line_1_16' title="bbox 141 1970 3349 2049; baseline -0.001 -15"><span class='ocrx_word' id='word_1_155' title='bbox 141 1976 440 2043; x_wconf 88' lang='lat' dir='ltr'><strong>vinctum,</strong></span> <span class='ocrx_word' id='word_1_156' title='bbox 494 1989 621 2033; x_wconf 93' lang='lat' dir='ltr'><strong>non</strong></span> <span class='ocrx_word' id='word_1_157' title='bbox 671 1972 906 2033; x_wconf 80' lang='lat' dir='ltr'><strong>catenis</strong></span> <span class='ocrx_word' id='word_1_158' title='bbox 963 1970 1205 2042; x_wconf 75' lang='lat' dir='ltr'><strong>ferreis,</strong></span> <span class='ocrx_word' id='word_1_159' title='bbox 1268 1970 1391 2035; x_wconf 86' lang='lat' dir='ltr'><strong>sed</strong></span> <span class='ocrx_word' id='word_1_160' title='bbox 1435 1970 1860 2034; x_wconf 83' lang='lat' dir='ltr'><strong>tenacissimis</strong></span> <span class='ocrx_word' id='word_1_161' title='bbox 1896 1970 2166 2049; x_wconf 85' lang='lat' dir='ltr'><strong>spiritus</strong></span> <span class='ocrx_word' id='word_1_162' title='bbox 2220 1970 2497 2049; x_wconf 87' lang='lat' dir='ltr'><strong>vinculis</strong></span> <span class='ocrx_word' id='word_1_163' title='bbox 2545 1971 2985 2041; x_wconf 85' lang='lat' dir='ltr'><strong>constrictum,</strong></span> <span class='ocrx_word' id='word_1_164' title='bbox 3020 1977 3349 2033; x_wconf 76' lang='lat' dir='ltr'><strong>senectute</strong></span> 
     </span>
    </p>
   </div>
   <div class='ocr_carea' id='block_1_17' title="bbox 140 2048 3351 2130">
    <p class='ocr_par' dir='ltr' id='par_1_17' title="bbox 140 2048 3351 2130">
     <span class='ocr_line' id='line_1_17' title="bbox 140 2048 3351 2130; baseline -0.002 -15"><span class='ocrx_word' id='word_1_165' title='bbox 140 2061 193 2115; x_wconf 83' lang='lat' dir='ltr'><strong>et</strong></span> <span class='ocrx_word' id='word_1_166' title='bbox 249 2051 530 2114; x_wconf 82' lang='lat' dir='ltr'><strong>amicitia</strong></span> <span class='ocrx_word' id='word_1_167' title='bbox 581 2050 721 2111; x_wconf 91' lang='lat' dir='ltr'><strong>duci</strong></span> <span class='ocrx_word' id='word_1_168' title='bbox 759 2072 788 2130; x_wconf 58' lang='grc' dir='ltr'><strong>ξ</strong></span> <span class='ocrx_word' id='word_1_169' title='bbox 827 2050 1151 2125; x_wconf 86' lang='lat' dir='ltr'><strong>profitetur</strong></span> <span class='ocrx_word' id='word_1_170' title='bbox 1182 2052 1329 2130; x_wconf 79' lang='lat'><strong>(92).</strong></span> <span class='ocrx_word' id='word_1_171' title='bbox 1371 2050 1691 2130; x_wconf 72' lang='lat' dir='ltr'><strong>Posterior</strong></span> <span class='ocrx_word' id='word_1_172' title='bbox 1750 2048 2028 2130; x_wconf 82' lang='lat' dir='ltr'><strong>denique</strong></span> <span class='ocrx_word' id='word_1_173' title='bbox 2066 2064 2191 2109; x_wconf 89' lang='lat' dir='ltr'><strong>non</strong></span> <span class='ocrx_word' id='word_1_174' title='bbox 2228 2048 2337 2130; x_wconf 82' lang='lat' dir='ltr'><strong>diu</strong></span> <span class='ocrx_word' id='word_1_175' title='bbox 2391 2056 2551 2130; x_wconf 88' lang='lat' dir='ltr'><strong>post,</strong></span> <span class='ocrx_word' id='word_1_176' title='bbox 2596 2065 2802 2130; x_wconf 74' lang='lat' dir='ltr'><strong>coram</strong></span> <span class='ocrx_word' id='word_1_177' title='bbox 2837 2050 3142 2130; x_wconf 79' lang='lat' dir='ltr'><strong>Gregorio</strong></span> <span class='ocrx_word' id='word_1_178' title='bbox 3180 2050 3351 2124; x_wconf 69' lang='lat' dir='ltr'><strong>Nys-</strong></span> 
     </span>
    </p>
   </div>
   <div class='ocr_carea' id='block_1_18' title="bbox 138 2126 3347 2209">
    <p class='ocr_par' dir='ltr' id='par_1_18' title="bbox 138 2126 3347 2209">
     <span class='ocr_line' id='line_1_18' title="bbox 138 2126 3347 2209; baseline -0 -18"><span class='ocrx_word' id='word_1_179' title='bbox 138 2147 311 2203; x_wconf 87' lang='lat' dir='ltr'><strong>seno,</strong></span> <span class='ocrx_word' id='word_1_180' title='bbox 362 2148 551 2209; x_wconf 83' lang='lat' dir='ltr'><strong>quem</strong></span> <span class='ocrx_word' id='word_1_181' title='bbox 612 2130 686 2189; x_wconf 91' lang='lat' dir='ltr'><strong>ad</strong></span> <span class='ocrx_word' id='word_1_182' title='bbox 745 2128 1118 2209; x_wconf 82' lang='lat' dir='ltr'><strong>Gregorium</strong></span> <span class='ocrx_word' id='word_1_183' title='bbox 1177 2126 1467 2209; x_wconf 77' lang='lat' dir='ltr'><strong>nostrum</strong></span> <span class='ocrx_word' id='word_1_184' title='bbox 1502 2127 1778 2191; x_wconf 89' lang='lat' dir='ltr'><strong>Basilius</strong></span> <span class='ocrx_word' id='word_1_185' title='bbox 1825 2127 2103 2199; x_wconf 85' lang='lat' dir='ltr'><strong>miserat,</strong></span> <span class='ocrx_word' id='word_1_186' title='bbox 2142 2134 2208 2189; x_wconf 91' lang='lat' dir='ltr'><strong>ut</strong></span> <span class='ocrx_word' id='word_1_187' title='bbox 2244 2149 2271 2183; x_wconf 72' lang='grc' dir='ltr'><strong><em>α</em></strong></span> <span class='ocrx_word' id='word_1_188' title='bbox 2310 2127 2512 2206; x_wconf 87' lang='lat' dir='ltr'><strong>ipsius</strong></span> <span class='ocrx_word' id='word_1_189' title='bbox 2552 2126 2852 2189; x_wconf 82' lang='lat' dir='ltr'><strong>amictum</strong></span> <span class='ocrx_word' id='word_1_190' title='bbox 2904 2128 2986 2189; x_wconf 91' lang='lat' dir='ltr'><strong>ob</strong></span> <span class='ocrx_word' id='word_1_191' title='bbox 3017 2144 3347 2190; x_wconf 87' lang='lat' dir='ltr'><strong>consecra-</strong></span> 
     </span>
    </p>
   </div>
   <div class='ocr_carea' id='block_1_19' title="bbox 140 2207 1454 2289">
    <p class='ocr_par' dir='ltr' id='par_1_19' title="bbox 140 2207 1454 2289">
     <span class='ocr_line' id='line_1_19' title="bbox 140 2207 1454 2289; baseline -0.003 -19"><span class='ocrx_word' id='word_1_192' title='bbox 140 2207 398 2289; x_wconf 72' lang='lat' dir='ltr'><strong>tionem</strong></span> <span class='ocrx_word' id='word_1_193' title='bbox 426 2207 703 2289; x_wconf 86' lang='lat' dir='ltr'><strong>animum</strong></span> <span class='ocrx_word' id='word_1_194' title='bbox 757 2207 1195 2289; x_wconf 81' lang='lat' dir='ltr'><strong>consolaretur</strong></span> <span class='ocrx_word' id='word_1_195' title='bbox 1229 2207 1385 2289; x_wconf 69' lang='lat'><strong>(93).</strong></span> <span class='ocrx_word' id='word_1_196' title='bbox 1424 2230 1454 2265; x_wconf 86' lang='grc'><strong>»</strong></span> 
     </span>
    </p>
   </div>
   <div class='ocr_carea' id='block_1_20' title="bbox 208 2283 3348 2364">
    <p class='ocr_par' dir='ltr' id='par_1_20' title="bbox 208 2283 3348 2364">
     <span class='ocr_line' id='line_1_20' title="bbox 208 2283 3348 2364; baseline -0 -18"><span class='ocrx_word' id='word_1_197' title='bbox 208 2288 292 2347; x_wconf 85' lang='lat' dir='ltr'><strong>ll.</strong></span> <span class='ocrx_word' id='word_1_198' title='bbox 322 2288 560 2347; x_wconf 86' lang='lat' dir='ltr'><strong>Harum</strong></span> <span class='ocrx_word' id='word_1_199' title='bbox 587 2286 771 2345; x_wconf 91' lang='lat' dir='ltr'><strong>trium</strong></span> <span class='ocrx_word' id='word_1_200' title='bbox 798 2286 1154 2348; x_wconf 89' lang='lat' dir='ltr'><strong>orationum</strong></span> <span class='ocrx_word' id='word_1_201' title='bbox 1180 2283 1348 2348; x_wconf 84' lang='lat' dir='ltr'><strong>idem</strong></span> <span class='ocrx_word' id='word_1_202' title='bbox 1378 2303 1610 2364; x_wconf 80' lang='lat' dir='ltr'><strong>SCOpUS</strong></span> <span class='ocrx_word' id='word_1_203' title='bbox 1635 2285 2406 2364; x_wconf 80' lang='lat' dir='ltr'><strong>idemqueargumentum</strong></span> <span class='ocrx_word' id='word_1_204' title='bbox 2438 2291 2552 2347; x_wconf 91' lang='lat' dir='ltr'><strong>est.</strong></span> <span class='ocrx_word' id='word_1_205' title='bbox 2584 2285 2887 2360; x_wconf 87' lang='lat' dir='ltr'><strong>Priorem,</strong></span> <span class='ocrx_word' id='word_1_206' title='bbox 2916 2286 2966 2346; x_wconf 91' lang='lat' dir='ltr'><strong>si</strong></span> <span class='ocrx_word' id='word_1_207' title='bbox 3005 2283 3348 2364; x_wconf 78' lang='lat' dir='ltr'><strong>Tillemort-</strong></span> 
     </span>
    </p>
   </div>
   <div class='ocr_carea' id='block_1_21' title="bbox 140 2361 3347 2442">
    <p class='ocr_par' dir='ltr' id='par_1_21' title="bbox 140 2361 3347 2442">
     <span class='ocr_line' id='line_1_21' title="bbox 140 2361 3347 2442; baseline 0 -17"><span class='ocrx_word' id='word_1_208' title='bbox 140 2367 219 2426; x_wconf 82' lang='lat' dir='ltr'><strong>tio</strong></span> <span class='ocrx_word' id='word_1_209' title='bbox 262 2366 444 2431; x_wconf 88' lang='lat' dir='ltr'><strong>tides,</strong></span> <span class='ocrx_word' id='word_1_210' title='bbox 480 2370 617 2441; x_wconf 90' lang='lat' dir='ltr'><strong>post</strong></span> <span class='ocrx_word' id='word_1_211' title='bbox 650 2370 1005 2439; x_wconf 85' lang='lat' dir='ltr'><strong>susceptam</strong></span> <span class='ocrx_word' id='word_1_212' title='bbox 1044 2380 1347 2427; x_wconf 89' lang='lat' dir='ltr'><strong>manuum</strong></span> <span class='ocrx_word' id='word_1_213' title='bbox 1380 2361 2145 2442; x_wconf 82' lang='lat' dir='ltr'><strong>impositionem,dictam</strong></span> <span class='ocrx_word' id='word_1_214' title='bbox 2189 2361 2391 2425; x_wconf 89' lang='lat' dir='ltr'><strong>fuisse</strong></span> <span class='ocrx_word' id='word_1_215' title='bbox 2425 2363 3347 2442; x_wconf 49' lang='lat' dir='ltr'><strong>existimabimumverumde</strong></span> 
     </span>
    </p>
   </div>
   <div class='ocr_carea' id='block_1_22' title="bbox 141 2440 3348 2521">
    <p class='ocr_par' dir='ltr' id='par_1_22' title="bbox 141 2440 3348 2521">
     <span class='ocr_line' id='line_1_22' title="bbox 141 2440 3348 2521; baseline -0.001 -17"><span class='ocrx_word' id='word_1_216' title='bbox 141 2447 248 2505; x_wconf 79' lang='lat' dir='ltr'><strong>hac</strong></span> <span class='ocrx_word' id='word_1_217' title='bbox 287 2462 353 2504; x_wconf 89' lang='lat' dir='ltr'><strong>re</strong></span> <span class='ocrx_word' id='word_1_218' title='bbox 413 2440 577 2503; x_wconf 81' lang='lat' dir='ltr'><strong>inter</strong></span> <span class='ocrx_word' id='word_1_219' title='bbox 627 2459 696 2503; x_wconf 90' lang='lat' dir='ltr'><strong>se</strong></span> <span class='ocrx_word' id='word_1_220' title='bbox 748 2442 1103 2521; x_wconf 85' lang='lat' dir='ltr'><strong>discrepant</strong></span> <span class='ocrx_word' id='word_1_221' title='bbox 1142 2440 1524 2521; x_wconf 82' lang='lat' dir='ltr'><strong>interpretes</strong></span> <span class='ocrx_word' id='word_1_222' title='bbox 1574 2459 1644 2504; x_wconf 90' lang='lat' dir='ltr'><strong>ac</strong></span> <span class='ocrx_word' id='word_1_223' title='bbox 1679 2441 1947 2521; x_wconf 67' lang='lat' dir='ltr'><strong>eruditi.</strong></span> <span class='ocrx_word' id='word_1_224' title='bbox 1993 2441 2150 2521; x_wconf 85' lang='lat' dir='ltr'><strong>Sunt</strong></span> <span class='ocrx_word' id='word_1_225' title='bbox 2188 2442 2358 2521; x_wconf 86' lang='lat' dir='ltr'><strong>enim</strong></span> <span class='ocrx_word' id='word_1_226' title='bbox 2405 2444 2510 2521; x_wconf 89' lang='lat' dir='ltr'><strong>qui</strong></span> <span class='ocrx_word' id='word_1_227' title='bbox 2567 2442 2749 2502; x_wconf 84' lang='lat' dir='ltr'><strong>aliter</strong></span> <span class='ocrx_word' id='word_1_228' title='bbox 2790 2460 2859 2503; x_wconf 89' lang='lat' dir='ltr'><strong>ac</strong></span> <span class='ocrx_word' id='word_1_229' title='bbox 2897 2440 3348 2521; x_wconf 79' lang='lat' dir='ltr'><strong>Tillemontius</strong></span> 
     </span>
    </p>
   </div>
   <div class='ocr_carea' id='block_1_23' title="bbox 142 2517 3349 2599">
    <p class='ocr_par' dir='ltr' id='par_1_23' title="bbox 142 2517 3349 2599">
     <span class='ocr_line' id='line_1_23' title="bbox 142 2517 3349 2599; baseline -0.001 -16"><span class='ocrx_word' id='word_1_230' title='bbox 142 2523 442 2583; x_wconf 87' lang='lat' dir='ltr'><strong>sentiant.</strong></span> <span class='ocrx_word' id='word_1_231' title='bbox 497 2517 973 2582; x_wconf 84' lang='lat' dir='ltr'><strong>Leuvenklaius</strong></span> <span class='ocrx_word' id='word_1_232' title='bbox 1010 2517 1331 2599; x_wconf 83' lang='lat' dir='ltr'><strong>siquidem</strong></span> <span class='ocrx_word' id='word_1_233' title='bbox 1394 2520 1568 2583; x_wconf 91' lang='lat' dir='ltr'><strong>hunc</strong></span> <span class='ocrx_word' id='word_1_234' title='bbox 1623 2537 1886 2582; x_wconf 87' lang='lat' dir='ltr'><strong>servans</strong></span> <span class='ocrx_word' id='word_1_235' title='bbox 1932 2519 2122 2579; x_wconf 78' lang='lat' dir='ltr'><strong>istius</strong></span> <span class='ocrx_word' id='word_1_236' title='bbox 2176 2517 2487 2582; x_wconf 84' lang='lat' dir='ltr'><strong>orationis</strong></span> <span class='ocrx_word' id='word_1_237' title='bbox 2536 2521 2816 2591; x_wconf 83' lang='lat' dir='ltr'><strong>titulum,</strong></span> <span class='ocrx_word' id='word_1_238' title='bbox 2870 2539 2904 2583; x_wconf 92' lang='lat' dir='ltr'><strong>e</strong></span> <span class='ocrx_word' id='word_1_239' title='bbox 2963 2517 3349 2599; x_wconf 81' lang='lat' dir='ltr'><strong>membranis</strong></span> 
     </span>
    </p>
   </div>
   <div class='ocr_carea' id='block_1_24' title="bbox 140 2598 3349 2679">
    <p class='ocr_par' dir='ltr' id='par_1_24' title="bbox 140 2598 3349 2679">
     <span class='ocr_line' id='line_1_24' title="bbox 140 2598 3349 2679; baseline -0.001 -19"><span class='ocrx_word' id='word_1_240' title='bbox 140 2602 347 2662; x_wconf 84' lang='lat' dir='ltr'><strong>forsan</strong></span> <span class='ocrx_word' id='word_1_241' title='bbox 405 2606 678 2679; x_wconf 75' lang='lat' dir='ltr'><strong>erutum,</strong></span> <span class='ocrx_word' id='word_1_242' title='bbox 728 2599 820 2661; x_wconf 92' lang='lat' dir='ltr'><strong>sic</strong></span> <span class='ocrx_word' id='word_1_243' title='bbox 878 2598 1114 2661; x_wconf 86' lang='lat' dir='ltr'><strong>vertit:</strong></span> <span class='ocrx_word' id='word_1_244' title='bbox 1152 2621 1181 2657; x_wconf 88' lang='grc'><strong>‹‹</strong></span> <span class='ocrx_word' id='word_1_245' title='bbox 1210 2599 1430 2664; x_wconf 87' lang='lat' dir='ltr'><strong>Oratio</strong></span> <span class='ocrx_word' id='word_1_246' title='bbox 1468 2602 1544 2661; x_wconf 91' lang='lat' dir='ltr'><strong>ad</strong></span> <span class='ocrx_word' id='word_1_247' title='bbox 1594 2607 1833 2676; x_wconf 87' lang='lat' dir='ltr'><strong>patrem</strong></span> <span class='ocrx_word' id='word_1_248' title='bbox 1878 2614 2067 2679; x_wconf 60' lang='lat' dir='ltr'><strong>suum</strong></span> <span class='ocrx_word' id='word_1_249' title='bbox 2108 2614 2537 2679; x_wconf 85' lang='lat' dir='ltr'><strong>magnumque</strong></span> <span class='ocrx_word' id='word_1_250' title='bbox 2565 2599 2866 2659; x_wconf 75' lang='lat' dir='ltr'><strong>Bas-ilium</strong></span> <span class='ocrx_word' id='word_1_251' title='bbox 2918 2598 3152 2679; x_wconf 81' lang='lat' dir='ltr'><strong>habita,</strong></span> <span class='ocrx_word' id='word_1_252' title='bbox 3206 2614 3349 2659; x_wconf 89' lang='lat' dir='ltr'><strong>cum</strong></span> 
     </span>
    </p>
   </div>
   <div class='ocr_carea' id='block_1_25' title="bbox 143 2675 3353 2754">
    <p class='ocr_par' dir='ltr' id='par_1_25' title="bbox 143 2675 3353 2754">
     <span class='ocr_line' id='line_1_25' title="bbox 143 2675 3353 2754; baseline -0.002 -14"><span class='ocrx_word' id='word_1_253' title='bbox 143 2679 236 2741; x_wconf 83' lang='lat' dir='ltr'><strong>hic</strong></span> <span class='ocrx_word' id='word_1_254' title='bbox 274 2693 423 2741; x_wconf 90' lang='lat' dir='ltr'><strong>eum</strong></span> <span class='ocrx_word' id='word_1_255' title='bbox 458 2677 847 2739; x_wconf 91' lang='lat' dir='ltr'><strong>Sasimorum</strong></span> <span class='ocrx_word' id='word_1_256' title='bbox 889 2679 1235 2740; x_wconf 88' lang='lat' dir='ltr'><strong>antistitem</strong></span> <span class='ocrx_word' id='word_1_257' title='bbox 1270 2685 1440 2741; x_wconf 85' lang='lat' dir='ltr'><strong>esset</strong></span> <span class='ocrx_word' id='word_1_258' title='bbox 1471 2675 1822 2740; x_wconf 83' lang='lat' dir='ltr'><strong>creaturus.</strong></span> <span class='ocrx_word' id='word_1_259' title='bbox 1850 2699 1878 2732; x_wconf 83' lang='grc'><strong>››</strong></span> <span class='ocrx_word' id='word_1_260' title='bbox 1901 2675 2071 2737; x_wconf 90' lang='lat' dir='ltr'><strong>Elias</strong></span> <span class='ocrx_word' id='word_1_261' title='bbox 2102 2692 2364 2754; x_wconf 92' lang='lat' dir='ltr'><strong>quoque</strong></span> <span class='ocrx_word' id='word_1_262' title='bbox 2402 2675 2466 2738; x_wconf 77' lang='lat' dir='ltr'><strong>in</strong></span> <span class='ocrx_word' id='word_1_263' title='bbox 2515 2686 2889 2753; x_wconf 88' lang='lat' dir='ltr'><strong>argumento</strong></span> <span class='ocrx_word' id='word_1_264' title='bbox 2924 2677 3017 2738; x_wconf 90' lang='lat' dir='ltr'><strong>sic</strong></span> <span class='ocrx_word' id='word_1_265' title='bbox 3046 2676 3353 2754; x_wconf 87' lang='lat' dir='ltr'><strong>interpre-</strong></span> 
     </span>
    </p>
   </div>
   <div class='ocr_carea' id='block_1_26' title="bbox 145 2753 3353 2833">
    <p class='ocr_par' dir='ltr' id='par_1_26' title="bbox 145 2753 3353 2833">
     <span class='ocr_line' id='line_1_26' title="bbox 145 2753 3353 2833; baseline -0.002 -14"><span class='ocrx_word' id='word_1_266' title='bbox 145 2765 308 2819; x_wconf 86' lang='lat' dir='ltr'><strong>tatur</strong></span> <span class='ocrx_word' id='word_1_267' title='bbox 342 2777 360 2816; x_wconf 90' lang='lat'><strong>:</strong></span> <span class='ocrx_word' id='word_1_268' title='bbox 400 2779 427 2811; x_wconf 77' lang='grc' dir='ltr'><strong><em>α</em></strong></span> <span class='ocrx_word' id='word_1_269' title='bbox 461 2755 602 2829; x_wconf 90' lang='lat' dir='ltr'><strong>Quo</strong></span> <span class='ocrx_word' id='word_1_270' title='bbox 664 2765 944 2833; x_wconf 89' lang='lat' dir='ltr'><strong>tempore</strong></span> <span class='ocrx_word' id='word_1_271' title='bbox 984 2756 1368 2819; x_wconf 90' lang='lat' dir='ltr'><strong>Sasimorum</strong></span> <span class='ocrx_word' id='word_1_272' title='bbox 1407 2757 1671 2818; x_wconf 86' lang='lat' dir='ltr'><strong>antistes</strong></span> <span class='ocrx_word' id='word_1_273' title='bbox 1706 2756 2017 2833; x_wconf 83' lang='lat' dir='ltr'><strong>creandos</strong></span> <span class='ocrx_word' id='word_1_274' title='bbox 2048 2753 2201 2816; x_wconf 89' lang='lat' dir='ltr'><strong>erat.</strong></span> <span class='ocrx_word' id='word_1_275' title='bbox 2239 2753 2268 2811; x_wconf 54' lang='grc' dir='ltr'><em>ἡ</em></span> <span class='ocrx_word' id='word_1_276' title='bbox 2307 2755 2655 2818; x_wconf 89' lang='lat' dir='ltr'><strong>Bilibaldus</strong></span> <span class='ocrx_word' id='word_1_277' title='bbox 2706 2757 2893 2817; x_wconf 90' lang='lat' dir='ltr'><strong>etiam</strong></span> <span class='ocrx_word' id='word_1_278' title='bbox 2934 2757 2997 2816; x_wconf 92' lang='lat' dir='ltr'><strong>in</strong></span> <span class='ocrx_word' id='word_1_279' title='bbox 3048 2753 3353 2814; x_wconf 87' lang='lat' dir='ltr'><strong>orationis</strong></span> 
     </span>
    </p>
   </div>
   <div class='ocr_carea' id='block_1_27' title="bbox 143 2832 3351 2915">
    <p class='ocr_par' dir='ltr' id='par_1_27' title="bbox 143 2832 3351 2915">
     <span class='ocr_line' id='line_1_27' title="bbox 143 2832 3351 2915; baseline -0.001 -19"><span class='ocrx_word' id='word_1_280' title='bbox 143 2834 485 2915; x_wconf 81' lang='lat' dir='ltr'><strong>epigraphe</strong></span> <span class='ocrx_word' id='word_1_281' title='bbox 534 2835 616 2897; x_wconf 86' lang='lat' dir='ltr'><strong>ait</strong></span> <span class='ocrx_word' id='word_1_282' title='bbox 650 2856 729 2915; x_wconf 24' lang='lat' dir='ltr'><strong>:‘q</strong></span> <span class='ocrx_word' id='word_1_283' title='bbox 752 2832 895 2895; x_wconf 89' lang='lat' dir='ltr'><strong>cum</strong></span> <span class='ocrx_word' id='word_1_284' title='bbox 920 2834 994 2915; x_wconf 91' lang='lat' dir='ltr'><strong>_i_n</strong></span> <span class='ocrx_word' id='word_1_285' title='bbox 1029 2834 1399 2914; x_wconf 90' lang='lat' dir='ltr'><strong>episcopum</strong></span> <span class='ocrx_word' id='word_1_286' title='bbox 1419 2835 1822 2915; x_wconf 78' lang='lat' dir='ltr'><strong>Sasimorum</strong></span> <span class='ocrx_word' id='word_1_287' title='bbox 1854 2832 2080 2893; x_wconf 80' lang='lat' dir='ltr'><strong>fuisset</strong></span> <span class='ocrx_word' id='word_1_288' title='bbox 2112 2843 2385 2915; x_wconf 84' lang='lat' dir='ltr'><strong>creatus,</strong></span> <span class='ocrx_word' id='word_1_289' title='bbox 2422 2850 2544 2915; x_wconf 85' lang='lat' dir='ltr'><strong>non</strong></span> <span class='ocrx_word' id='word_1_290' title='bbox 2597 2835 2803 2897; x_wconf 84' lang='lat' dir='ltr'><strong>adhuc</strong></span> <span class='ocrx_word' id='word_1_291' title='bbox 2830 2833 3282 2915; x_wconf 76' lang='lat' dir='ltr'><strong>inauguratus.</strong></span> <span class='ocrx_word' id='word_1_292' title='bbox 3324 2856 3351 2885; x_wconf 71' lang='grc' dir='ltr'>ι</span> 
     </span>
    </p>
   </div>
   <div class='ocr_carea' id='block_1_28' title="bbox 140 2909 3351 2992">
    <p class='ocr_par' dir='ltr' id='par_1_28' title="bbox 140 2909 3351 2992">
     <span class='ocr_line' id='line_1_28' title="bbox 140 2909 3351 2992; baseline -0.001 -17"><span class='ocrx_word' id='word_1_293' title='bbox 140 2915 221 2975; x_wconf 79' lang='lat' dir='ltr'><strong>Ex</strong></span> <span class='ocrx_word' id='word_1_294' title='bbox 244 2909 514 2992; x_wconf 58' lang='lat' dir='ltr'><strong>&#39;quibus</strong></span> <span class='ocrx_word' id='word_1_295' title='bbox 557 2912 871 2992; x_wconf 81' lang='lat' dir='ltr'><strong>conjicere</strong></span> <span class='ocrx_word' id='word_1_296' title='bbox 920 2909 1088 2992; x_wconf 65' lang='lat' dir='ltr'><strong>licet;</strong></span> <span class='ocrx_word' id='word_1_297' title='bbox 1136 2931 1207 2975; x_wconf 92' lang='lat' dir='ltr'><strong>ea</strong></span> <span class='ocrx_word' id='word_1_298' title='bbox 1246 2909 1387 2992; x_wconf 78' lang='lat' dir='ltr'><strong>quae</strong></span> <span class='ocrx_word' id='word_1_299' title='bbox 1418 2913 1524 2975; x_wconf 91' lang='lat' dir='ltr'><strong>hic</strong></span> <span class='ocrx_word' id='word_1_300' title='bbox 1554 2913 1886 2983; x_wconf 91' lang='lat' dir='ltr'><strong>dicuntur,</strong></span> <span class='ocrx_word' id='word_1_301' title='bbox 1933 2926 2060 2992; x_wconf 85' lang='lat' dir='ltr'><strong>non</strong></span> <span class='ocrx_word' id='word_1_302' title='bbox 2107 2912 2480 2992; x_wconf 18' lang='lat' dir='ltr'><strong>deiperacta</strong></span> <span class='ocrx_word' id='word_1_303' title='bbox 2514 2912 2680 2990; x_wconf 91' lang='lat' dir='ltr'><strong>jam,</strong></span> <span class='ocrx_word' id='word_1_304' title='bbox 2731 2914 2837 2974; x_wconf 74' lang='lat' dir='ltr'><strong>sed</strong></span> <span class='ocrx_word' id='word_1_305' title='bbox 2884 2913 2963 2974; x_wconf 87' lang='lat' dir='ltr'><strong>de</strong></span> <span class='ocrx_word' id='word_1_306' title='bbox 3020 2909 3351 2992; x_wconf 81' lang='lat' dir='ltr'><strong>designata</strong></span> 
     </span>
    </p>
   </div>
   <div class='ocr_carea' id='block_1_29' title="bbox 145 2987 3351 3071">
    <p class='ocr_par' dir='ltr' id='par_1_29' title="bbox 145 2987 3351 3071">
     <span class='ocr_line' id='line_1_29' title="bbox 145 2987 3351 3071; baseline -0 -21"><span class='ocrx_word' id='word_1_307' title='bbox 145 2987 421 3071; x_wconf 75' lang='lat' dir='ltr'><strong>moxque</strong></span> <span class='ocrx_word' id='word_1_308' title='bbox 470 2987 693 3071; x_wconf 80' lang='lat' dir='ltr'><strong>futura</strong></span> <span class='ocrx_word' id='word_1_309' title='bbox 729 2989 1129 3071; x_wconf 83' lang='lat' dir='ltr'><strong>ordinatione</strong></span> <span class='ocrx_word' id='word_1_310' title='bbox 1154 2987 1421 3069; x_wconf 84' lang='lat' dir='ltr'><strong>intelligi</strong></span> <span class='ocrx_word' id='word_1_311' title='bbox 1461 3008 1787 3071; x_wconf 89' lang='lat' dir='ltr'><strong>posse;_ac</strong></span> <span class='ocrx_word' id='word_1_312' title='bbox 1819 2988 2083 3071; x_wconf 82' lang='lat' dir='ltr'><strong>proinde</strong></span> <span class='ocrx_word' id='word_1_313' title='bbox 2120 2987 2277 3049; x_wconf 83' lang='lat' dir='ltr'><strong>nihil</strong></span> <span class='ocrx_word' id='word_1_314' title='bbox 2312 2987 2577 3071; x_wconf 80' lang='lat' dir='ltr'><strong>omnino</strong></span> <span class='ocrx_word' id='word_1_315' title='bbox 2609 2997 2773 3052; x_wconf 86' lang='lat' dir='ltr'><strong>vetat</strong></span> <span class='ocrx_word' id='word_1_316' title='bbox 2797 3007 3107 3071; x_wconf 64' lang='lat' dir='ltr'><strong>asserere,</strong></span> <span class='ocrx_word' id='word_1_317' title='bbox 3144 2987 3351 3071; x_wconf 85' lang='lat' dir='ltr'><strong>solum</strong></span> 
     </span>
    </p>
   </div>
   <div class='ocr_carea' id='block_1_30' title="bbox 140 3067 3351 3147">
    <p class='ocr_par' dir='ltr' id='par_1_30' title="bbox 140 3067 3351 3147">
     <span class='ocr_line' id='line_1_30' title="bbox 140 3067 3351 3147; baseline -0.002 -16"><span class='ocrx_word' id='word_1_318' title='bbox 140 3067 430 3147; x_wconf 86' lang='lat' dir='ltr'><strong>Gregorii</strong></span> <span class='ocrx_word' id='word_1_319' title='bbox 464 3069 527 3131; x_wconf 93' lang='lat' dir='ltr'><strong>in</strong></span> <span class='ocrx_word' id='word_1_320' title='bbox 570 3086 749 3130; x_wconf 89' lang='lat' dir='ltr'><strong>suam</strong></span> <span class='ocrx_word' id='word_1_321' title='bbox 785 3070 1254 3132; x_wconf 86' lang='lat' dir='ltr'><strong>ordinationem</strong></span> <span class='ocrx_word' id='word_1_322' title='bbox 1291 3067 1672 3133; x_wconf 80' lang='lat' dir='ltr'><strong>consensum</strong></span> <span class='ocrx_word' id='word_1_323' title='bbox 1708 3067 1832 3131; x_wconf 57' lang='lat' dir='ltr'><strong>hac&#39;</strong></span> <span class='ocrx_word' id='word_1_324' title='bbox 1860 3067 2148 3129; x_wconf 88' lang='lat' dir='ltr'><strong>oratione</strong></span> <span class='ocrx_word' id='word_1_325' title='bbox 2183 3068 2475 3147; x_wconf 82' lang='lat' dir='ltr'><strong>exprimi.</strong></span> <span class='ocrx_word' id='word_1_326' title='bbox 2532 3070 2605 3129; x_wconf 88' lang='lat' dir='ltr'><strong>Et</strong></span> <span class='ocrx_word' id='word_1_327' title='bbox 2646 3086 2818 3143; x_wconf 86' lang='lat' dir='ltr'><strong>vero,</strong></span> <span class='ocrx_word' id='word_1_328' title='bbox 2864 3069 2981 3130; x_wconf 83' lang='lat' dir='ltr'><strong>iste</strong></span> <span class='ocrx_word' id='word_1_329' title='bbox 3041 3067 3351 3147; x_wconf 69' lang='lat' dir='ltr'><strong>Tlieoiogi</strong></span> 
     </span>
    </p>
   </div>
   <div class='ocr_carea' id='block_1_31' title="bbox 140 3145 3357 3224">
    <p class='ocr_par' dir='ltr' id='par_1_31' title="bbox 140 3145 3357 3224">
     <span class='ocr_line' id='line_1_31' title="bbox 140 3145 3357 3224; baseline -0.002 -13"><span class='ocrx_word' id='word_1_330' title='bbox 140 3145 495 3211; x_wconf 71' lang='lat' dir='ltr'><strong>consensus</strong></span> <span class='ocrx_word' id='word_1_331' title='bbox 546 3163 675 3209; x_wconf 89' lang='lat' dir='ltr'><strong>non</strong></span> <span class='ocrx_word' id='word_1_332' title='bbox 724 3154 892 3209; x_wconf 84' lang='lat' dir='ltr'><strong>certe</strong></span> <span class='ocrx_word' id='word_1_333' title='bbox 930 3166 1113 3224; x_wconf 89' lang='lat' dir='ltr'><strong>parva</strong></span> <span class='ocrx_word' id='word_1_334' title='bbox 1151 3165 1248 3210; x_wconf 91' lang='lat' dir='ltr'><strong>res</strong></span> <span class='ocrx_word' id='word_1_335' title='bbox 1288 3155 1407 3219; x_wconf 92' lang='lat' dir='ltr'><strong>est,</strong></span> <span class='ocrx_word' id='word_1_336' title='bbox 1448 3166 1565 3209; x_wconf 90' lang='lat' dir='ltr'><strong>nec</strong></span> <span class='ocrx_word' id='word_1_337' title='bbox 1605 3148 1888 3224; x_wconf 89' lang='lat' dir='ltr'><strong>indigna,</strong></span> <span class='ocrx_word' id='word_1_338' title='bbox 1937 3161 2092 3224; x_wconf 49' lang='lat' dir='ltr'><strong>qua;</strong></span> <span class='ocrx_word' id='word_1_339' title='bbox 2115 3146 2377 3223; x_wconf 87' lang='lat' dir='ltr'><strong>speciali</strong></span> <span class='ocrx_word' id='word_1_340' title='bbox 2424 3147 2709 3210; x_wconf 89' lang='lat' dir='ltr'><strong>oratione</strong></span> <span class='ocrx_word' id='word_1_341' title='bbox 2759 3148 3138 3209; x_wconf 84' lang='lat' dir='ltr'><strong>celebretur.</strong></span> <span class='ocrx_word' id='word_1_342' title='bbox 3195 3145 3357 3205; x_wconf 86' lang='lat' dir='ltr'><strong>Hinc</strong></span> 
     </span>
    </p>
   </div>
   <div class='ocr_carea' id='block_1_32' title="bbox 141 3222 3356 3304">
    <p class='ocr_par' dir='ltr' id='par_1_32' title="bbox 141 3222 3356 3304">
     <span class='ocr_line' id='line_1_32' title="bbox 141 3222 3356 3304; baseline -0.002 -17"><span class='ocrx_word' id='word_1_343' title='bbox 141 3228 310 3287; x_wconf 90' lang='lat' dir='ltr'><strong>enim</strong></span> <span class='ocrx_word' id='word_1_344' title='bbox 352 3226 590 3304; x_wconf 90' lang='lat' dir='ltr'><strong>quietis</strong></span> <span class='ocrx_word' id='word_1_345' title='bbox 629 3243 699 3288; x_wconf 90' lang='lat' dir='ltr'><strong>ac</strong></span> <span class='ocrx_word' id='word_1_346' title='bbox 743 3222 1114 3289; x_wconf 81' lang='lat' dir='ltr'><strong>solitudinis</strong></span> <span class='ocrx_word' id='word_1_347' title='bbox 1145 3244 1321 3287; x_wconf 90' lang='lat' dir='ltr'><strong>amor</strong></span> <span class='ocrx_word' id='word_1_348' title='bbox 1353 3222 1794 3302; x_wconf 77' lang='lat' dir='ltr'><strong>superandus;</strong></span> <span class='ocrx_word' id='word_1_349' title='bbox 1827 3222 1973 3304; x_wconf 83' lang='lat' dir='ltr'><strong>hinc</strong></span> <span class='ocrx_word' id='word_1_350' title='bbox 2021 3222 2328 3304; x_wconf 83' lang='lat' dir='ltr'><strong>adversus</strong></span> <span class='ocrx_word' id='word_1_351' title='bbox 2360 3224 2659 3297; x_wconf 79' lang='lat' dir='ltr'><strong>honores,</strong></span> <span class='ocrx_word' id='word_1_352' title='bbox 2715 3226 2988 3287; x_wconf 79' lang='lat' dir='ltr'><strong>maxime</strong></span> <span class='ocrx_word' id='word_1_353' title='bbox 3038 3239 3250 3304; x_wconf 81' lang='lat' dir='ltr'><strong>sacros</strong></span> <span class='ocrx_word' id='word_1_354' title='bbox 3299 3234 3356 3283; x_wconf 86' lang='lat' dir='ltr'><strong>et</strong></span> 
     </span>
    </p>
   </div>
   <div class='ocr_carea' id='block_1_33' title="bbox 140 3302 3351 3381">
    <p class='ocr_par' dir='ltr' id='par_1_33' title="bbox 140 3302 3351 3381">
     <span class='ocr_line' id='line_1_33' title="bbox 140 3302 3351 3381; baseline -0.002 -15"><span class='ocrx_word' id='word_1_355' title='bbox 140 3302 633 3375; x_wconf 79' lang='lat' dir='ltr'><strong>ecclesiasticos,</strong></span> <span class='ocrx_word' id='word_1_356' title='bbox 678 3305 1013 3381; x_wconf 85' lang='lat' dir='ltr'><strong>trepidatio</strong></span> <span class='ocrx_word' id='word_1_357' title='bbox 1060 3312 1120 3366; x_wconf 87' lang='lat' dir='ltr'><strong>et</strong></span> <span class='ocrx_word' id='word_1_358' title='bbox 1175 3304 1566 3377; x_wconf 85' lang='lat' dir='ltr'><strong>reverentia;</strong></span> <span class='ocrx_word' id='word_1_359' title='bbox 1614 3304 1759 3365; x_wconf 89' lang='lat' dir='ltr'><strong>hinc</strong></span> <span class='ocrx_word' id='word_1_360' title='bbox 1818 3302 2097 3380; x_wconf 88' lang='lat' dir='ltr'><strong>denique</strong></span> <span class='ocrx_word' id='word_1_361' title='bbox 2140 3302 2256 3381; x_wconf 86' lang='lat' dir='ltr'><strong>loci</strong></span> <span class='ocrx_word' id='word_1_362' title='bbox 2291 3310 2350 3366; x_wconf 90' lang='lat' dir='ltr'><strong>et</strong></span> <span class='ocrx_word' id='word_1_363' title='bbox 2390 3304 3009 3367; x_wconf 87' lang='lat' dir='ltr'><strong>circumstantiarum</strong></span> <span class='ocrx_word' id='word_1_364' title='bbox 3052 3302 3351 3371; x_wconf 82' lang='lat' dir='ltr'><strong>rationes,</strong></span> 
     </span>
    </p>
   </div>
   <div class='ocr_carea' id='block_1_34' title="bbox 139 3380 3353 3461">
    <p class='ocr_par' dir='ltr' id='par_1_34' title="bbox 139 3380 3353 3461">
     <span class='ocr_line' id='line_1_34' title="bbox 139 3380 3353 3461; baseline -0 -19"><span class='ocrx_word' id='word_1_365' title='bbox 139 3400 280 3461; x_wconf 67' lang='lat' dir='ltr'><strong>qua)</strong></span> <span class='ocrx_word' id='word_1_366' title='bbox 311 3384 527 3445; x_wconf 90' lang='lat' dir='ltr'><strong>omnia</strong></span> <span class='ocrx_word' id='word_1_367' title='bbox 575 3383 856 3461; x_wconf 89' lang='lat' dir='ltr'><strong>Gregorii</strong></span> <span class='ocrx_word' id='word_1_368' title='bbox 908 3384 1193 3444; x_wconf 90' lang='lat' dir='ltr'><strong>animum</strong></span> <span class='ocrx_word' id='word_1_369' title='bbox 1228 3400 1610 3460; x_wconf 89' lang='lat' dir='ltr'><strong>magnopere</strong></span> <span class='ocrx_word' id='word_1_370' title='bbox 1642 3381 2068 3445; x_wconf 86' lang='lat' dir='ltr'><strong>deterrebant.</strong></span> <span class='ocrx_word' id='word_1_371' title='bbox 2104 3380 2270 3443; x_wconf 87' lang='lat' dir='ltr'><strong>Nihil</strong></span> <span class='ocrx_word' id='word_1_372' title='bbox 2314 3398 2463 3461; x_wconf 90' lang='lat' dir='ltr'><strong>ergo</strong></span> <span class='ocrx_word' id='word_1_373' title='bbox 2504 3382 2762 3455; x_wconf 87' lang='lat' dir='ltr'><strong>mirum,</strong></span> <span class='ocrx_word' id='word_1_374' title='bbox 2796 3383 2963 3461; x_wconf 89' lang='lat' dir='ltr'><strong>quod</strong></span> <span class='ocrx_word' id='word_1_375' title='bbox 2996 3387 3119 3442; x_wconf 87' lang='lat' dir='ltr'><strong>tam</strong></span> <span class='ocrx_word' id='word_1_376' title='bbox 3155 3383 3353 3454; x_wconf 84' lang='lat' dir='ltr'><strong>tarde,</strong></span> 
     </span>
    </p>
   </div>
   <div class='ocr_carea' id='block_1_35' title="bbox 140 3461 1638 3539">
    <p class='ocr_par' dir='ltr' id='par_1_35' title="bbox 140 3461 1638 3539">
     <span class='ocr_line' id='line_1_35' title="bbox 140 3461 1638 3539; baseline 0 -18"><span class='ocrx_word' id='word_1_377' title='bbox 140 3470 400 3539; x_wconf 85' lang='lat' dir='ltr'><strong>tamque</strong></span> <span class='ocrx_word' id='word_1_378' title='bbox 427 3478 591 3537; x_wconf 75' lang='lat' dir='ltr'><strong>tegre</strong></span> <span class='ocrx_word' id='word_1_379' title='bbox 640 3478 1019 3522; x_wconf 82' lang='lat' dir='ltr'><strong>consensum</strong></span> <span class='ocrx_word' id='word_1_380' title='bbox 1055 3461 1243 3523; x_wconf 91' lang='lat' dir='ltr'><strong>istum</strong></span> <span class='ocrx_word' id='word_1_381' title='bbox 1284 3462 1638 3537; x_wconf 67' lang='lat' dir='ltr'><strong>praebuerit.</strong></span> 
     </span>
    </p>
   </div>
   <div class='ocr_carea' id='block_1_36' title="bbox 212 3539 3354 3617">
    <p class='ocr_par' dir='ltr' id='par_1_36' title="bbox 212 3539 3354 3617">
     <span class='ocr_line' id='line_1_36' title="bbox 212 3539 3354 3617; baseline -0.001 -15"><span class='ocrx_word' id='word_1_382' title='bbox 212 3542 325 3607; x_wconf 88' lang='grc' dir='ltr'><strong>ΙΙΙ.</strong></span> <span class='ocrx_word' id='word_1_383' title='bbox 366 3540 685 3612; x_wconf 64' lang='lat' dir='ltr'><strong>Quaeritur</strong></span> <span class='ocrx_word' id='word_1_384' title='bbox 729 3548 941 3602; x_wconf 89' lang='lat' dir='ltr'><strong>autem</strong></span> <span class='ocrx_word' id='word_1_385' title='bbox 997 3546 1209 3601; x_wconf 90' lang='lat' dir='ltr'><strong>utrum</strong></span> <span class='ocrx_word' id='word_1_386' title='bbox 1246 3540 1535 3612; x_wconf 89' lang='lat' dir='ltr'><strong>Sasimis,</strong></span> <span class='ocrx_word' id='word_1_387' title='bbox 1591 3556 1669 3601; x_wconf 88' lang='lat' dir='ltr'><strong>an</strong></span> <span class='ocrx_word' id='word_1_388' title='bbox 1717 3539 2038 3613; x_wconf 63' lang='lat' dir='ltr'><strong>Caesareae,</strong></span> <span class='ocrx_word' id='word_1_389' title='bbox 2087 3556 2163 3601; x_wconf 90' lang='lat' dir='ltr'><strong>an</strong></span> <span class='ocrx_word' id='word_1_390' title='bbox 2200 3540 2493 3602; x_wconf 85' lang='lat' dir='ltr'><strong>Nazianzi</strong></span> <span class='ocrx_word' id='word_1_391' title='bbox 2549 3540 2896 3617; x_wconf 85' lang='lat' dir='ltr'><strong>Gregorius</strong></span> <span class='ocrx_word' id='word_1_392' title='bbox 2947 3549 3354 3601; x_wconf 88' lang='lat' dir='ltr'><strong>consecratus</strong></span> 
     </span>
    </p>
   </div>
   <div class='ocr_carea' id='block_1_37' title="bbox 138 3616 3354 3695">
    <p class='ocr_par' dir='ltr' id='par_1_37' title="bbox 138 3616 3354 3695">
     <span class='ocr_line' id='line_1_37' title="bbox 138 3616 3354 3695; baseline -0.001 -18"><span class='ocrx_word' id='word_1_393' title='bbox 138 3616 353 3680; x_wconf 86' lang='lat' dir='ltr'><strong>fuerit.</strong></span> <span class='ocrx_word' id='word_1_394' title='bbox 412 3618 584 3679; x_wconf 88' lang='lat' dir='ltr'><strong>Nihil</strong></span> <span class='ocrx_word' id='word_1_395' title='bbox 616 3619 733 3679; x_wconf 91' lang='lat' dir='ltr'><strong>erit</strong></span> <span class='ocrx_word' id='word_1_396' title='bbox 773 3618 1009 3694; x_wconf 87' lang='lat' dir='ltr'><strong>negotii</strong></span> <span class='ocrx_word' id='word_1_397' title='bbox 1059 3621 1137 3679; x_wconf 88' lang='lat' dir='ltr'><strong>de</strong></span> <span class='ocrx_word' id='word_1_398' title='bbox 1168 3619 1281 3681; x_wconf 91' lang='lat' dir='ltr'><strong>hac</strong></span> <span class='ocrx_word' id='word_1_399' title='bbox 1314 3635 1379 3681; x_wconf 89' lang='lat' dir='ltr'><strong>re</strong></span> <span class='ocrx_word' id='word_1_400' title='bbox 1410 3619 1846 3695; x_wconf 87' lang='lat' dir='ltr'><strong>pronuntiare.</strong></span> <span class='ocrx_word' id='word_1_401' title='bbox 1876 3618 2012 3678; x_wconf 81' lang='lat' dir='ltr'><strong>Non</strong></span> <span class='ocrx_word' id='word_1_402' title='bbox 2050 3627 2219 3681; x_wconf 89' lang='lat' dir='ltr'><strong>certe</strong></span> <span class='ocrx_word' id='word_1_403' title='bbox 2268 3619 2568 3694; x_wconf 85' lang='lat' dir='ltr'><strong>Sasimis;</strong></span> <span class='ocrx_word' id='word_1_404' title='bbox 2605 3616 2745 3695; x_wconf 82' lang='lat' dir='ltr'><strong>ipse</strong></span> <span class='ocrx_word' id='word_1_405' title='bbox 2774 3620 2946 3680; x_wconf 87' lang='lat' dir='ltr'><strong>enim</strong></span> <span class='ocrx_word' id='word_1_406' title='bbox 2988 3617 3354 3695; x_wconf 88' lang='lat' dir='ltr'><strong>Theologus</strong></span> 
     </span>
    </p>
   </div>
   <div class='ocr_carea' id='block_1_38' title="bbox 139 3696 3358 3775">
    <p class='ocr_par' dir='ltr' id='par_1_38' title="bbox 139 3696 3358 3775">
     <span class='ocr_line' id='line_1_38' title="bbox 139 3696 3358 3775; baseline -0 -18"><span class='ocrx_word' id='word_1_407' title='bbox 139 3705 347 3774; x_wconf 87' lang='lat' dir='ltr'><strong>aperte</strong></span> <span class='ocrx_word' id='word_1_408' title='bbox 381 3697 616 3759; x_wconf 82' lang='lat' dir='ltr'><strong>fatetur</strong></span> <span class='ocrx_word' id='word_1_409' title='bbox 664 3696 811 3773; x_wconf 67' lang='lat' dir='ltr'><strong>(9h),</strong></span> <span class='ocrx_word' id='word_1_410' title='bbox 852 3719 881 3753; x_wconf 84' lang='grc'><strong>‹‹</strong></span> <span class='ocrx_word' id='word_1_411' title='bbox 907 3713 974 3758; x_wconf 92' lang='lat' dir='ltr'><strong>se</strong></span> <span class='ocrx_word' id='word_1_412' title='bbox 1003 3714 1329 3775; x_wconf 89' lang='lat' dir='ltr'><strong>nunquam</strong></span> <span class='ocrx_word' id='word_1_413' title='bbox 1362 3697 1565 3758; x_wconf 87' lang='lat' dir='ltr'><strong>datam</strong></span> <span class='ocrx_word' id='word_1_414' title='bbox 1599 3697 1718 3758; x_wconf 91' lang='lat' dir='ltr'><strong>sibi</strong></span> <span class='ocrx_word' id='word_1_415' title='bbox 1756 3696 2181 3759; x_wconf 87' lang='lat' dir='ltr'><strong>Sasimensem</strong></span> <span class='ocrx_word' id='word_1_416' title='bbox 2217 3697 2550 3760; x_wconf 86' lang='lat' dir='ltr'><strong>ecclesiam</strong></span> <span class='ocrx_word' id='word_1_417' title='bbox 2595 3698 2906 3775; x_wconf 86' lang='lat' dir='ltr'><strong>attigisse,</strong></span> <span class='ocrx_word' id='word_1_418' title='bbox 2943 3713 3058 3757; x_wconf 88' lang='lat' dir='ltr'><strong>nec</strong></span> <span class='ocrx_word' id='word_1_419' title='bbox 3089 3696 3219 3759; x_wconf 85' lang='lat' dir='ltr'><strong>illic</strong></span> <span class='ocrx_word' id='word_1_420' title='bbox 3250 3714 3358 3757; x_wconf 89' lang='lat' dir='ltr'><strong>sa-</strong></span> 
     </span>
    </p>
   </div>
   <div class='ocr_carea' id='block_1_39' title="bbox 141 3775 3359 3855">
    <p class='ocr_par' dir='ltr' id='par_1_39' title="bbox 141 3775 3359 3855">
     <span class='ocr_line' id='line_1_39' title="bbox 141 3775 3359 3855; baseline -0 -19"><span class='ocrx_word' id='word_1_421' title='bbox 141 3794 310 3837; x_wconf 89' lang='lat' dir='ltr'><strong>crum</strong></span> <span class='ocrx_word' id='word_1_422' title='bbox 356 3776 618 3838; x_wconf 89' lang='lat' dir='ltr'><strong>unicum</strong></span> <span class='ocrx_word' id='word_1_423' title='bbox 649 3775 918 3855; x_wconf 79' lang='lat' dir='ltr'><strong>obiisse,</strong></span> <span class='ocrx_word' id='word_1_424' title='bbox 956 3792 1079 3855; x_wconf 17' lang='lat' dir='ltr'><strong>nec,</strong></span> <span class='ocrx_word' id='word_1_425' title='bbox 1100 3792 1242 3855; x_wconf 89' lang='lat' dir='ltr'><strong>cum</strong></span> <span class='ocrx_word' id='word_1_426' title='bbox 1277 3775 1462 3855; x_wconf 89' lang='lat' dir='ltr'><strong>plebe</strong></span> <span class='ocrx_word' id='word_1_427' title='bbox 1500 3776 1631 3855; x_wconf 86' lang='lat' dir='ltr'><strong>Deo</strong></span> <span class='ocrx_word' id='word_1_428' title='bbox 1665 3775 2307 3855; x_wconf 77' lang='lat' dir='ltr'><strong>precesadhibuisse,</strong></span> <span class='ocrx_word' id='word_1_429' title='bbox 2341 3794 2457 3837; x_wconf 91' lang='lat' dir='ltr'><strong>nec</strong></span> <span class='ocrx_word' id='word_1_430' title='bbox 2491 3776 2774 3853; x_wconf 90' lang='lat' dir='ltr'><strong>denique</strong></span> <span class='ocrx_word' id='word_1_431' title='bbox 2810 3777 3106 3854; x_wconf 87' lang='lat' dir='ltr'><strong>cuiquam</strong></span> <span class='ocrx_word' id='word_1_432' title='bbox 3135 3792 3359 3837; x_wconf 88' lang='lat' dir='ltr'><strong>manus</strong></span> 
     </span>
    </p>
   </div>
   <div class='ocr_carea' id='block_1_40' title="bbox 141 3853 3355 3932">
    <p class='ocr_par' dir='ltr' id='par_1_40' title="bbox 141 3853 3355 3932">
     <span class='ocr_line' id='line_1_40' title="bbox 141 3853 3355 3932; baseline 0 -19"><span class='ocrx_word' id='word_1_433' title='bbox 141 3854 555 3932; x_wconf 87' lang='lat' dir='ltr'><strong>imposuisse.</strong></span> <span class='ocrx_word' id='word_1_434' title='bbox 594 3876 622 3909; x_wconf 70' lang='grc' dir='ltr'><strong>υ</strong></span> <span class='ocrx_word' id='word_1_435' title='bbox 647 3853 712 3913; x_wconf 88' lang='lat' dir='ltr'><strong>Id</strong></span> <span class='ocrx_word' id='word_1_436' title='bbox 742 3854 1018 3932; x_wconf 90' lang='lat' dir='ltr'><strong>profecto</strong></span> <span class='ocrx_word' id='word_1_437' title='bbox 1049 3854 1264 3916; x_wconf 88' lang='lat' dir='ltr'><strong>dicere</strong></span> <span class='ocrx_word' id='word_1_438' title='bbox 1281 3853 1423 3914; x_wconf 43' lang='lat' dir='ltr'><strong>‘non</strong></span> <span class='ocrx_word' id='word_1_439' title='bbox 1450 3853 1785 3929; x_wconf 86' lang='lat' dir='ltr'><strong>potuisset,</strong></span> <span class='ocrx_word' id='word_1_440' title='bbox 1811 3853 1862 3914; x_wconf 91' lang='lat' dir='ltr'><strong>si</strong></span> <span class='ocrx_word' id='word_1_441' title='bbox 1894 3853 1954 3912; x_wconf 87' lang='lat' dir='ltr'><strong>in</strong></span> <span class='ocrx_word' id='word_1_442' title='bbox 1986 3854 2332 3916; x_wconf 89' lang='lat' dir='ltr'><strong>Sasimensi</strong></span> <span class='ocrx_word' id='word_1_443' title='bbox 2366 3855 2631 3916; x_wconf 82' lang='lat' dir='ltr'><strong>ecclesia</strong></span> <span class='ocrx_word' id='word_1_444' title='bbox 2666 3855 2893 3916; x_wconf 83' lang='lat' dir='ltr'><strong>fuisset</strong></span> <span class='ocrx_word' id='word_1_445' title='bbox 2925 3853 3355 3916; x_wconf 87' lang='lat' dir='ltr'><strong>consecratus.</strong></span> 
     </span>
    </p>
   </div>
   <div class='ocr_carea' id='block_1_41' title="bbox 137 3932 3360 4011">
    <p class='ocr_par' dir='ltr' id='par_1_41' title="bbox 137 3932 3360 4011">
     <span class='ocr_line' id='line_1_41' title="bbox 137 3932 3360 4011; baseline -0.001 -18"><span class='ocrx_word' id='word_1_446' title='bbox 137 3933 255 3994; x_wconf 85' lang='lat' dir='ltr'><strong>Res</strong></span> <span class='ocrx_word' id='word_1_447' title='bbox 301 3951 421 4011; x_wconf 90' lang='lat' dir='ltr'><strong>per</strong></span> <span class='ocrx_word' id='word_1_448' title='bbox 475 3950 543 3992; x_wconf 90' lang='lat' dir='ltr'><strong>se</strong></span> <span class='ocrx_word' id='word_1_449' title='bbox 585 3942 773 4009; x_wconf 88' lang='lat' dir='ltr'><strong>patet.</strong></span> <span class='ocrx_word' id='word_1_450' title='bbox 813 3933 946 3991; x_wconf 90' lang='lat' dir='ltr'><strong>Non</strong></span> <span class='ocrx_word' id='word_1_451' title='bbox 996 3933 1186 3993; x_wconf 89' lang='lat' dir='ltr'><strong>etiam</strong></span> <span class='ocrx_word' id='word_1_452' title='bbox 1230 3932 1565 4003; x_wconf 70' lang='lat' dir='ltr'><strong>Ctesarete;</strong></span> <span class='ocrx_word' id='word_1_453' title='bbox 1604 3950 1679 4011; x_wconf 86' lang='lat' dir='ltr'><strong>ac</strong></span> <span class='ocrx_word' id='word_1_454' title='bbox 1725 3933 1927 4011; x_wconf 90' lang='lat' dir='ltr'><strong>primo</strong></span> <span class='ocrx_word' id='word_1_455' title='bbox 1970 3932 2226 4011; x_wconf 88' lang='lat' dir='ltr'><strong>quidem</strong></span> <span class='ocrx_word' id='word_1_456' title='bbox 2284 3933 2428 3993; x_wconf 88' lang='lat' dir='ltr'><strong>huic</strong></span> <span class='ocrx_word' id='word_1_457' title='bbox 2456 3934 2919 3995; x_wconf 89' lang='lat' dir='ltr'><strong>consecrationi</strong></span> <span class='ocrx_word' id='word_1_458' title='bbox 2961 3933 3174 4011; x_wconf 89' lang='lat' dir='ltr'><strong>aderat</strong></span> <span class='ocrx_word' id='word_1_459' title='bbox 3205 3932 3360 4011; x_wconf 82' lang='lat' dir='ltr'><strong>Gre-</strong></span> 
     </span>
    </p>
   </div>
   <div class='ocr_carea' id='block_1_42' title="bbox 138 4009 3364 4087">
    <p class='ocr_par' dir='ltr' id='par_1_42' title="bbox 138 4009 3364 4087">
     <span class='ocr_line' id='line_1_42' title="bbox 138 4009 3364 4087; baseline 0 -16"><span class='ocrx_word' id='word_1_460' title='bbox 138 4009 361 4086; x_wconf 81' lang='lat' dir='ltr'><strong>gorius</strong></span> <span class='ocrx_word' id='word_1_461' title='bbox 400 4012 639 4083; x_wconf 89' lang='lat' dir='ltr'><strong>senior,</strong></span> <span class='ocrx_word' id='word_1_462' title='bbox 680 4012 862 4087; x_wconf 86' lang='lat' dir='ltr'><strong>cujus</strong></span> <span class='ocrx_word' id='word_1_463' title='bbox 896 4016 1172 4072; x_wconf 84' lang='lat' dir='ltr'><strong>extrema</strong></span> <span class='ocrx_word' id='word_1_464' title='bbox 1214 4021 1364 4072; x_wconf 68' lang='lat' dir='ltr'><strong>mtas</strong></span> <span class='ocrx_word' id='word_1_465' title='bbox 1405 4028 1527 4072; x_wconf 93' lang='lat' dir='ltr'><strong>non</strong></span> <span class='ocrx_word' id='word_1_466' title='bbox 1554 4009 1808 4074; x_wconf 83' lang='lat' dir='ltr'><strong>sinebat</strong></span> <span class='ocrx_word' id='word_1_467' title='bbox 1842 4018 1909 4072; x_wconf 94' lang='lat' dir='ltr'><strong>ut</strong></span> <span class='ocrx_word' id='word_1_468' title='bbox 1953 4009 2299 4073; x_wconf 60' lang='lat' dir='ltr'><strong>Caesaream</strong></span> <span class='ocrx_word' id='word_1_469' title='bbox 2341 4028 2409 4073; x_wconf 90' lang='lat' dir='ltr'><strong>se</strong></span> <span class='ocrx_word' id='word_1_470' title='bbox 2450 4012 2805 4083; x_wconf 83' lang='lat' dir='ltr'><strong>conferret;</strong></span> <span class='ocrx_word' id='word_1_471' title='bbox 2854 4012 3087 4073; x_wconf 90' lang='lat' dir='ltr'><strong>deinde</strong></span> <span class='ocrx_word' id='word_1_472' title='bbox 3123 4010 3175 4071; x_wconf 92' lang='lat' dir='ltr'><strong>si</strong></span> <span class='ocrx_word' id='word_1_473' title='bbox 3210 4009 3364 4072; x_wconf 91' lang='lat' dir='ltr'><strong>illuc</strong></span> 
     </span>
    </p>
   </div>
   <div class='ocr_carea' id='block_1_43' title="bbox 139 4088 3363 4167">
    <p class='ocr_par' dir='ltr' id='par_1_43' title="bbox 139 4088 3363 4167">
     <span class='ocr_line' id='line_1_43' title="bbox 139 4088 3363 4167; baseline -0.001 -18"><span class='ocrx_word' id='word_1_474' title='bbox 139 4105 202 4152; x_wconf 88' lang='lat' dir='ltr'><strong>se</strong></span> <span class='ocrx_word' id='word_1_475' title='bbox 246 4088 658 4159; x_wconf 88' lang='lat' dir='ltr'><strong>contulisset,</strong></span> <span class='ocrx_word' id='word_1_476' title='bbox 708 4088 771 4148; x_wconf 90' lang='lat' dir='ltr'><strong>id</strong></span> <span class='ocrx_word' id='word_1_477' title='bbox 817 4088 1029 4165; x_wconf 85' lang='lat' dir='ltr'><strong>procul</strong></span> <span class='ocrx_word' id='word_1_478' title='bbox 1082 4089 1280 4151; x_wconf 90' lang='lat' dir='ltr'><strong>dubio</strong></span> <span class='ocrx_word' id='word_1_479' title='bbox 1318 4089 1577 4151; x_wconf 88' lang='lat' dir='ltr'><strong>silentio</strong></span> <span class='ocrx_word' id='word_1_480' title='bbox 1622 4093 1785 4166; x_wconf 66' lang='lat'><strong>234</strong></span> <span class='ocrx_word' id='word_1_481' title='bbox 1833 4106 1959 4150; x_wconf 91' lang='lat' dir='ltr'><strong>non</strong></span> <span class='ocrx_word' id='word_1_482' title='bbox 2006 4090 2407 4167; x_wconf 74' lang='lat' dir='ltr'><strong>prteteriisset</strong></span> <span class='ocrx_word' id='word_1_483' title='bbox 2440 4092 2825 4167; x_wconf 88' lang='lat' dir='ltr'><strong>Theologus.</strong></span> <span class='ocrx_word' id='word_1_484' title='bbox 2882 4089 3089 4166; x_wconf 87' lang='lat' dir='ltr'><strong>Ipsius</strong></span> <span class='ocrx_word' id='word_1_485' title='bbox 3137 4090 3206 4150; x_wconf 89' lang='lat' dir='ltr'><strong>in</strong></span> <span class='ocrx_word' id='word_1_486' title='bbox 3249 4095 3363 4148; x_wconf 85' lang='lat' dir='ltr'><strong>hac</strong></span> 
     </span>
    </p>
   </div>
   <div class='ocr_carea' id='block_1_44' title="bbox 140 4167 3357 4245">
    <p class='ocr_par' dir='ltr' id='par_1_44' title="bbox 140 4167 3357 4245">
     <span class='ocr_line' id='line_1_44' title="bbox 140 4167 3357 4245; baseline -0 -19"><span class='ocrx_word' id='word_1_487' title='bbox 140 4186 201 4226; x_wconf 85' lang='lat' dir='ltr'><strong>re</strong></span> <span class='ocrx_word' id='word_1_488' title='bbox 240 4168 579 4229; x_wconf 89' lang='lat' dir='ltr'><strong>silentium</strong></span> <span class='ocrx_word' id='word_1_489' title='bbox 623 4167 965 4245; x_wconf 80' lang='lat' dir='ltr'><strong>maximum</strong></span> <span class='ocrx_word' id='word_1_490' title='bbox 1009 4175 1450 4245; x_wconf 76' lang='lat' dir='ltr'><strong>argumentum</strong></span> <span class='ocrx_word' id='word_1_491' title='bbox 1492 4174 1611 4239; x_wconf 90' lang='lat' dir='ltr'><strong>est,</strong></span> <span class='ocrx_word' id='word_1_492' title='bbox 1659 4184 1807 4229; x_wconf 85' lang='lat' dir='ltr'><strong>eum</strong></span> <span class='ocrx_word' id='word_1_493' title='bbox 1838 4168 2136 4230; x_wconf 67' lang='lat' dir='ltr'><strong>Catsareaa</strong></span> <span class='ocrx_word' id='word_1_494' title='bbox 2174 4185 2297 4229; x_wconf 92' lang='lat' dir='ltr'><strong>non</strong></span> <span class='ocrx_word' id='word_1_495' title='bbox 2332 4170 2532 4231; x_wconf 89' lang='lat' dir='ltr'><strong>fuisse</strong></span> <span class='ocrx_word' id='word_1_496' title='bbox 2563 4178 3025 4231; x_wconf 89' lang='lat' dir='ltr'><strong>consecratum.</strong></span> <span class='ocrx_word' id='word_1_497' title='bbox 3064 4168 3357 4229; x_wconf 87' lang='lat' dir='ltr'><strong>Nazianzi</strong></span> 
     </span>
    </p>
   </div>
   <div class='ocr_carea' id='block_1_45' title="bbox 138 4242 3358 4326">
    <p class='ocr_par' dir='ltr' id='par_1_45' title="bbox 138 4242 3358 4326">
     <span class='ocr_line' id='line_1_45' title="bbox 138 4242 3358 4326; baseline -0 -18"><span class='ocrx_word' id='word_1_498' title='bbox 138 4245 336 4326; x_wconf 83' lang='lat' dir='ltr'><strong>igitur</strong></span> <span class='ocrx_word' id='word_1_499' title='bbox 383 4245 766 4326; x_wconf 75' lang='lat' dir='ltr'><strong>Sasimensis</strong></span> <span class='ocrx_word' id='word_1_500' title='bbox 797 4242 1107 4326; x_wconf 65' lang='lat' dir='ltr'><strong>Ecclesiae</strong></span> <span class='ocrx_word' id='word_1_501' title='bbox 1129 4246 1395 4326; x_wconf 82' lang='lat' dir='ltr'><strong>antistes</strong></span> <span class='ocrx_word' id='word_1_502' title='bbox 1433 4246 1847 4326; x_wconf 81' lang='lat' dir='ltr'><strong>inauguratus</strong></span> <span class='ocrx_word' id='word_1_503' title='bbox 1892 4254 2013 4326; x_wconf 82' lang='lat' dir='ltr'><strong>est,</strong></span> <span class='ocrx_word' id='word_1_504' title='bbox 2046 4246 2301 4326; x_wconf 87' lang='lat' dir='ltr'><strong>ipsique</strong></span> <span class='ocrx_word' id='word_1_505' title='bbox 2338 4249 2614 4311; x_wconf 86' lang='lat' dir='ltr'><strong>Basilius</strong></span> <span class='ocrx_word' id='word_1_506' title='bbox 2644 4248 2730 4308; x_wconf 89' lang='lat' dir='ltr'><strong>ibi</strong></span> <span class='ocrx_word' id='word_1_507' title='bbox 2769 4264 2994 4309; x_wconf 88' lang='lat' dir='ltr'><strong>manus</strong></span> <span class='ocrx_word' id='word_1_508' title='bbox 3031 4247 3358 4326; x_wconf 73' lang='lat' dir='ltr'><strong>imposuit.</strong></span> 
     </span>
    </p>
   </div>
   <div class='ocr_carea' id='block_1_46' title="bbox 139 4322 3364 4406">
    <p class='ocr_par' dir='ltr' id='par_1_46' title="bbox 139 4322 3364 4406">
     <span class='ocr_line' id='line_1_46' title="bbox 139 4322 3364 4406; baseline 0 -23"><span class='ocrx_word' id='word_1_509' title='bbox 139 4324 202 4406; x_wconf 81' lang='lat' dir='ltr'><strong>l_d</strong></span> <span class='ocrx_word' id='word_1_510' title='bbox 244 4322 660 4406; x_wconf 78' lang='lat' dir='ltr'><strong>manifestum</strong></span> <span class='ocrx_word' id='word_1_511' title='bbox 698 4325 948 4406; x_wconf 76' lang='lat' dir='ltr'><strong>videtur</strong></span> <span class='ocrx_word' id='word_1_512' title='bbox 978 4341 1052 4406; x_wconf 81' lang='lat' dir='ltr'><strong>ex</strong></span> <span class='ocrx_word' id='word_1_513' title='bbox 1091 4323 1190 4406; x_wconf 85' lang='lat' dir='ltr'><strong>his</strong></span> <span class='ocrx_word' id='word_1_514' title='bbox 1230 4324 1519 4406; x_wconf 76' lang='lat' dir='ltr'><strong>Gregorii</strong></span> <span class='ocrx_word' id='word_1_515' title='bbox 1556 4324 1763 4386; x_wconf 84' lang='lat' dir='ltr'><strong>verbis</strong></span> <span class='ocrx_word' id='word_1_516' title='bbox 1788 4322 1952 4406; x_wconf 79' lang='lat'><strong>(95):</strong></span> <span class='ocrx_word' id='word_1_517' title='bbox 1999 4349 2026 4381; x_wconf 79' lang='grc' dir='ltr'><strong>α</strong></span> <span class='ocrx_word' id='word_1_518' title='bbox 2067 4322 2351 4389; x_wconf 68' lang='lat' dir='ltr'><strong>Accessit</strong></span> <span class='ocrx_word' id='word_1_519' title='bbox 2383 4328 2456 4389; x_wconf 91' lang='lat' dir='ltr'><strong>ad</strong></span> <span class='ocrx_word' id='word_1_520' title='bbox 2490 4344 2604 4388; x_wconf 84' lang='lat' dir='ltr'><strong>nos</strong></span> <span class='ocrx_word' id='word_1_521' title='bbox 2638 4327 2794 4388; x_wconf 89' lang='lat' dir='ltr'><strong>mihi</strong></span> <span class='ocrx_word' id='word_1_522' title='bbox 2830 4322 3364 4390; x_wconf 22' lang='lat' dir='ltr'><strong>maxime’charus</strong></span> 
     </span>
    </p>
   </div>
   <div class='ocr_carea' id='block_1_47' title="bbox 138 4402 1811 4480">
    <p class='ocr_par' dir='ltr' id='par_1_47' title="bbox 138 4402 1811 4480">
     <span class='ocr_line' id='line_1_47' title="bbox 138 4402 1811 4480; baseline 0.002 -19"><span class='ocrx_word' id='word_1_523' title='bbox 138 4402 444 4471; x_wconf 88' lang='lat' dir='ltr'><strong>Basilius,</strong></span> <span class='ocrx_word' id='word_1_524' title='bbox 492 4402 656 4465; x_wconf 89' lang='lat' dir='ltr'><strong>alius</strong></span> <span class='ocrx_word' id='word_1_525' title='bbox 700 4403 859 4462; x_wconf 90' lang='lat' dir='ltr'><strong>mihi</strong></span> <span class='ocrx_word' id='word_1_526' title='bbox 902 4404 1102 4463; x_wconf 89' lang='lat' dir='ltr'><strong>multo</strong></span> <span class='ocrx_word' id='word_1_527' title='bbox 1152 4403 1372 4464; x_wconf 90' lang='lat' dir='ltr'><strong>durior</strong></span> <span class='ocrx_word' id='word_1_528' title='bbox 1415 4412 1611 4480; x_wconf 91' lang='lat' dir='ltr'><strong>pater,</strong></span> <span class='ocrx_word' id='word_1_529' title='bbox 1644 4402 1811 4465; x_wconf 69' lang='lat' dir='ltr'><strong>nete.</strong></span> 
     </span>
    </p>
   </div>
   <div class='ocr_carea' id='block_1_48' title="bbox 213 4480 3366 4562">
    <p class='ocr_par' dir='ltr' id='par_1_48' title="bbox 213 4480 3366 4562">
     <span class='ocr_line' id='line_1_48' title="bbox 213 4480 3366 4562; baseline -0 -21"><span class='ocrx_word' id='word_1_530' title='bbox 213 4482 329 4542; x_wconf 77' lang='grc' dir='ltr'><strong>ιν.</strong></span> <span class='ocrx_word' id='word_1_531' title='bbox 382 4482 661 4562; x_wconf 24' lang='grc' dir='ltr'><strong>υιιοῐυωΑ</strong></span> <span class='ocrx_word' id='word_1_532' title='bbox 693 4481 893 4543; x_wconf 86' lang='lat' dir='ltr'><strong>fuisse</strong></span> <span class='ocrx_word' id='word_1_533' title='bbox 917 4499 972 4562; x_wconf 91' lang='lat' dir='ltr'><strong>_a</strong></span> <span class='ocrx_word' id='word_1_534' title='bbox 1022 4482 1257 4562; x_wconf 82' lang='lat' dir='ltr'><strong>Basilio</strong></span> <span class='ocrx_word' id='word_1_535' title='bbox 1290 4482 1822 4562; x_wconf 78' lang='lat' dir='ltr'><strong>Gregoriu_m,_v_el</strong></span> <span class='ocrx_word' id='word_1_536' title='bbox 1855 4482 1933 4544; x_wconf 93' lang='lat' dir='ltr'><strong>ab</strong></span> <span class='ocrx_word' id='word_1_537' title='bbox 1963 4482 2155 4547; x_wconf 86' lang='lat' dir='ltr'><strong>initio</strong></span> <span class='ocrx_word' id='word_1_538' title='bbox 2195 4484 2399 4562; x_wconf 89' lang='lat' dir='ltr'><strong>prodit</strong></span> <span class='ocrx_word' id='word_1_539' title='bbox 2429 4483 2631 4546; x_wconf 91' lang='lat' dir='ltr'><strong>oratio</strong></span> <span class='ocrx_word' id='word_1_540' title='bbox 2674 4484 2945 4547; x_wconf 88' lang='lat' dir='ltr'><strong>decima.</strong></span> <span class='ocrx_word' id='word_1_541' title='bbox 2993 4482 3117 4559; x_wconf 90' lang='lat' dir='ltr'><strong>lpsi</strong></span> <span class='ocrx_word' id='word_1_542' title='bbox 3167 4480 3366 4562; x_wconf 79' lang='lat' dir='ltr'><strong>adfuit</strong></span> 
     </span>
    </p>
   </div>
   <div class='ocr_carea' id='block_1_49' title="bbox 140 4558 3366 4638">
    <p class='ocr_par' dir='ltr' id='par_1_49' title="bbox 140 4558 3366 4638">
     <span class='ocr_line' id='line_1_49' title="bbox 140 4558 3366 4638; baseline -0.001 -18"><span class='ocrx_word' id='word_1_543' title='bbox 140 4558 495 4638; x_wconf 85' lang='lat' dir='ltr'><strong>Gregorius</strong></span> <span class='ocrx_word' id='word_1_544' title='bbox 525 4559 764 4620; x_wconf 88' lang='lat' dir='ltr'><strong>senior.</strong></span> <span class='ocrx_word' id='word_1_545' title='bbox 802 4559 1078 4621; x_wconf 82' lang='lat' dir='ltr'><strong>Adfuerc</strong></span> <span class='ocrx_word' id='word_1_546' title='bbox 1115 4560 1303 4621; x_wconf 89' lang='lat' dir='ltr'><strong>etiam</strong></span> <span class='ocrx_word' id='word_1_547' title='bbox 1334 4559 1627 4621; x_wconf 82' lang='lat' dir='ltr'><strong>nonnulli</strong></span> <span class='ocrx_word' id='word_1_548' title='bbox 1666 4559 1769 4619; x_wconf 89' lang='lat' dir='ltr'><strong>alii</strong></span> <span class='ocrx_word' id='word_1_549' title='bbox 1800 4558 2272 4622; x_wconf 61' lang='lat' dir='ltr'><strong>consecrator&#39;es</strong></span> <span class='ocrx_word' id='word_1_550' title='bbox 2307 4564 2630 4638; x_wconf 58' lang='lat' dir='ltr'><strong>praesules,</strong></span> <span class='ocrx_word' id='word_1_551' title='bbox 2678 4570 2747 4624; x_wconf 89' lang='lat' dir='ltr'><strong>ut</strong></span> <span class='ocrx_word' id='word_1_552' title='bbox 2791 4580 2868 4624; x_wconf 82' lang='lat' dir='ltr'><strong>ex</strong></span> <span class='ocrx_word' id='word_1_553' title='bbox 2903 4563 2999 4621; x_wconf 86' lang='lat' dir='ltr'><strong>his</strong></span> <span class='ocrx_word' id='word_1_554' title='bbox 3026 4558 3366 4621; x_wconf 86' lang='lat' dir='ltr'><strong>orationis</strong></span> 
     </span>
    </p>
   </div>
   <div class='ocr_carea' id='block_1_50' title="bbox 141 4638 3369 4721">
    <p class='ocr_par' dir='ltr' id='par_1_50' title="bbox 141 4638 3369 4721">
     <span class='ocr_line' id='line_1_50' title="bbox 141 4638 3369 4721; baseline -0 -23"><span class='ocrx_word' id='word_1_555' title='bbox 141 4654 327 4721; x_wconf 60' lang='lat' dir='ltr'><strong>pense</strong></span> <span class='ocrx_word' id='word_1_556' title='bbox 381 4638 472 4718; x_wconf 84' lang='grc' dir='ltr'><strong>(η.</strong></span> <span class='ocrx_word' id='word_1_557' title='bbox 516 4640 576 4714; x_wconf 82' lang='grc'>6)</span> <span class='ocrx_word' id='word_1_558' title='bbox 629 4639 884 4721; x_wconf 72' lang='lat' dir='ltr'><strong>verbis;</strong></span> <span class='ocrx_word' id='word_1_559' title='bbox 922 4661 950 4721; x_wconf 70' lang='grc' dir='ltr'><strong>ς(</strong></span> <span class='ocrx_word' id='word_1_560' title='bbox 982 4639 1125 4721; x_wconf 56' lang='lat' dir='ltr'><strong>hic,</strong></span> <span class='ocrx_word' id='word_1_561' title='bbox 1156 4648 1216 4700; x_wconf 90' lang='lat' dir='ltr'><strong>et</strong></span> <span class='ocrx_word' id='word_1_562' title='bbox 1258 4655 1506 4721; x_wconf 75' lang='lat' dir='ltr'><strong>mecum</strong></span> <span class='ocrx_word' id='word_1_563' title='bbox 1547 4654 1793 4721; x_wconf 84' lang='lat' dir='ltr'><strong>sacrum</strong></span> <span class='ocrx_word' id='word_1_564' title='bbox 1840 4640 2011 4721; x_wconf 77' lang='lat' dir='ltr'><strong>hupc</strong></span> <span class='ocrx_word' id='word_1_565' title='bbox 2037 4656 2309 4721; x_wconf 81' lang='lat' dir='ltr'><strong>gregem</strong></span> <span class='ocrx_word' id='word_1_566' title='bbox 2354 4641 2609 4721; x_wconf 65' lang='lat' dir='ltr'><strong>pascite,</strong></span> <span class='ocrx_word' id='word_1_567' title='bbox 2641 4662 2679 4721; x_wconf 21' lang='grc' dir='ltr'><strong>»Α</strong></span> <span class='ocrx_word' id='word_1_568' title='bbox 2706 4641 3047 4721; x_wconf 79' lang='lat' dir='ltr'><strong>colligitur.</strong></span> <span class='ocrx_word' id='word_1_569' title='bbox 3095 4639 3369 4721; x_wconf 79' lang='lat' dir='ltr'><strong>Imo,_ex</strong></span> 
     </span>
    </p>
   </div>
   <div class='ocr_carea' id='block_1_51' title="bbox 139 4715 3367 4806">
    <p class='ocr_par' dir='ltr' id='par_1_51' title="bbox 139 4715 3367 4806">
     <span class='ocr_line' id='line_1_51' title="bbox 139 4715 3367 4806; baseline 0.001 -30"><span class='ocrx_word' id='word_1_570' title='bbox 139 4715 260 4805; x_wconf 74' lang='lat' dir='ltr'><strong>isto</strong></span> <span class='ocrx_word' id='word_1_571' title='bbox 315 4715 626 4806; x_wconf 76' lang='lat' dir='ltr'><strong>contextu</strong></span> <span class='ocrx_word' id='word_1_572' title='bbox 707 4718 965 4806; x_wconf 62' lang='lat' dir='ltr'><strong>conjicit</strong></span> <span class='ocrx_word' id='word_1_573' title='bbox 1004 4717 1459 4806; x_wconf 44' lang='lat' dir='ltr'><strong>fljillemontius</strong></span> <span class='ocrx_word' id='word_1_574' title='bbox 1500 4717 1886 4806; x_wconf 70' lang='lat' dir='ltr'><strong>quosdame</strong></span> <span class='ocrx_word' id='word_1_575' title='bbox 1916 4715 2496 4806; x_wconf 72' lang='lat' dir='ltr'><strong>Sas_i_mensibus_ad</strong></span> <span class='ocrx_word' id='word_1_576' title='bbox 2524 4715 2602 4806; x_wconf 78' lang='lat' dir='ltr'><strong>id</strong></span> <span class='ocrx_word' id='word_1_577' title='bbox 2648 4719 2995 4806; x_wconf 80' lang='lat' dir='ltr'><strong>delegatos,</strong></span> <span class='ocrx_word' id='word_1_578' title='bbox 3042 4739 3071 4773; x_wconf 75' lang='grc' dir='ltr'><strong>α</strong></span> <span class='ocrx_word' id='word_1_579' title='bbox 3106 4718 3367 4806; x_wconf 71' lang='lat' dir='ltr'><strong>gregng</strong></span> 
     </span>
    </p>
   </div>
   <div class='ocr_carea' id='block_1_52' title="bbox 144 4794 3367 4873">
    <p class='ocr_par' dir='ltr' id='par_1_52' title="bbox 144 4794 3367 4873">
     <span class='ocr_line' id='line_1_52' title="bbox 144 4794 3367 4873; baseline 0.001 -21"><span class='ocrx_word' id='word_1_580' title='bbox 144 4796 349 4857; x_wconf 84' lang='lat' dir='ltr'><strong>vicem</strong></span> <span class='ocrx_word' id='word_1_581' title='bbox 390 4804 707 4871; x_wconf 86' lang='lat' dir='ltr'><strong>gerentes,</strong></span> <span class='ocrx_word' id='word_1_582' title='bbox 754 4795 1047 4873; x_wconf 87' lang='lat' dir='ltr'><strong>Gregorii</strong></span> <span class='ocrx_word' id='word_1_583' title='bbox 1086 4794 1544 4858; x_wconf 88' lang='lat' dir='ltr'><strong>consecrationi</strong></span> <span class='ocrx_word' id='word_1_584' title='bbox 1582 4794 1971 4857; x_wconf 89' lang='lat' dir='ltr'><strong>interfuisse.</strong></span> <span class='ocrx_word' id='word_1_585' title='bbox 2009 4797 2272 4867; x_wconf 87' lang='lat' dir='ltr'><strong>Verum,</strong></span> <span class='ocrx_word' id='word_1_586' title='bbox 2312 4799 2371 4858; x_wconf 90' lang='lat' dir='ltr'><strong>id</strong></span> <span class='ocrx_word' id='word_1_587' title='bbox 2407 4798 2659 4860; x_wconf 88' lang='lat' dir='ltr'><strong>interim</strong></span> <span class='ocrx_word' id='word_1_588' title='bbox 2707 4806 2772 4859; x_wconf 92' lang='lat' dir='ltr'><strong>ut</strong></span> <span class='ocrx_word' id='word_1_589' title='bbox 2806 4794 3057 4869; x_wconf 85' lang='lat' dir='ltr'><strong>demus,</strong></span> <span class='ocrx_word' id='word_1_590' title='bbox 3102 4799 3230 4858; x_wconf 91' lang='lat' dir='ltr'><strong>duo</strong></span> <span class='ocrx_word' id='word_1_591' title='bbox 3272 4797 3367 4856; x_wconf 75' lang='lat' dir='ltr'><strong>vel</strong></span> 
     </span>
    </p>
   </div>
   <div class='ocr_carea' id='block_1_53' title="bbox 141 4874 3373 4965">
    <p class='ocr_par' dir='ltr' id='par_1_53' title="bbox 141 4874 3373 4965">
     <span class='ocr_line' id='line_1_53' title="bbox 141 4874 3373 4965; baseline -0 -31"><span class='ocrx_word' id='word_1_592' title='bbox 141 4881 274 4965; x_wconf 70' lang='lat' dir='ltr'><strong>ires</strong></span> <span class='ocrx_word' id='word_1_593' title='bbox 326 4875 609 4964; x_wconf 81' lang='lat' dir='ltr'><strong>delegati</strong></span> <span class='ocrx_word' id='word_1_594' title='bbox 657 4875 923 4965; x_wconf 37' lang='lat' dir='ltr'><strong>{gregis</strong></span> <span class='ocrx_word' id='word_1_595' title='bbox 957 4896 1009 4965; x_wconf 50' lang='lat' dir='ltr'><strong>nn</strong></span> <span class='ocrx_word' id='word_1_596' title='bbox 1038 4876 1299 4963; x_wconf 78' lang='lat' dir='ltr'><strong>nomine</strong></span> <span class='ocrx_word' id='word_1_597' title='bbox 1350 4889 1674 4962; x_wconf 86' lang='lat' dir='ltr'><strong>nunquam</strong></span> <span class='ocrx_word' id='word_1_598' title='bbox 1724 4874 2061 4965; x_wconf 64' lang='lat' dir='ltr'><strong>signiﬁcari</strong></span> <span class='ocrx_word' id='word_1_599' title='bbox 2116 4887 2410 4965; x_wconf 70' lang='lat' dir='ltr'><strong>possupt,</strong></span> <span class='ocrx_word' id='word_1_600' title='bbox 2460 4877 2729 4965; x_wconf 76' lang='lat' dir='ltr'><strong>maxime</strong></span> <span class='ocrx_word' id='word_1_601' title='bbox 2779 4877 2842 4937; x_wconf 89' lang='lat' dir='ltr'><strong>in</strong></span> <span class='ocrx_word' id='word_1_602' title='bbox 2898 4875 3118 4965; x_wconf 64' lang='lat' dir='ltr'><strong>majori</strong></span> <span class='ocrx_word' id='word_1_603' title='bbox 3156 4874 3373 4965; x_wconf 77' lang='lat' dir='ltr'><strong>multi-</strong></span> 
     </span>
    </p>
   </div>
   <div class='ocr_carea' id='block_1_54' title="bbox 140 4952 3371 5032">
    <p class='ocr_par' dir='ltr' id='par_1_54' title="bbox 140 4952 3371 5032">
     <span class='ocr_line' id='line_1_54' title="bbox 140 4952 3371 5032; baseline -0.002 -21"><span class='ocrx_word' id='word_1_604' title='bbox 140 4953 376 5032; x_wconf 84' lang='lat' dir='ltr'><strong>tudine</strong></span> <span class='ocrx_word' id='word_1_605' title='bbox 416 4952 698 5030; x_wconf 83' lang='lat' dir='ltr'><strong>permisti</strong></span> <span class='ocrx_word' id='word_1_606' title='bbox 733 4959 808 5032; x_wconf 17' lang='lat' dir='ltr'><strong>iet</strong></span> <span class='ocrx_word' id='word_1_607' title='bbox 843 4952 1131 5032; x_wconf 82' lang='lat' dir='ltr'><strong>confusi,</strong></span> <span class='ocrx_word' id='word_1_608' title='bbox 1182 4952 1247 5012; x_wconf 90' lang='lat' dir='ltr'><strong>in</strong></span> <span class='ocrx_word' id='word_1_609' title='bbox 1298 4969 1420 5032; x_wconf 90' lang='lat' dir='ltr'><strong>qua</strong></span> <span class='ocrx_word' id='word_1_610' title='bbox 1473 4953 1574 5032; x_wconf 68' lang='lat' dir='ltr'><strong>vix</strong></span> <span class='ocrx_word' id='word_1_611' title='bbox 1624 4969 1960 5032; x_wconf 82' lang='lat' dir='ltr'><strong>numerum</strong></span> <span class='ocrx_word' id='word_1_612' title='bbox 2010 4952 2275 5015; x_wconf 86' lang='lat' dir='ltr'><strong>faciunt.</strong></span> <span class='ocrx_word' id='word_1_613' title='bbox 2316 4956 2593 5018; x_wconf 89' lang='lat' dir='ltr'><strong>Laudata</strong></span> <span class='ocrx_word' id='word_1_614' title='bbox 2634 4955 2831 5031; x_wconf 84' lang='lat' dir='ltr'><strong>igitur</strong></span> <span class='ocrx_word' id='word_1_615' title='bbox 2883 4973 2914 5015; x_wconf 91' lang='lat' dir='ltr'><strong>a</strong></span> <span class='ocrx_word' id='word_1_616' title='bbox 2958 4953 3371 5015; x_wconf 87' lang='lat' dir='ltr'><strong>Tillemontin</strong></span> 
     </span>
    </p>
   </div>
   <div class='ocr_carea' id='block_1_55' title="bbox 139 5029 3374 5108">
    <p class='ocr_par' dir='ltr' id='par_1_55' title="bbox 139 5029 3374 5108">
     <span class='ocr_line' id='line_1_55' title="bbox 139 5029 3374 5108; baseline -0 -19"><span class='ocrx_word' id='word_1_617' title='bbox 139 5031 367 5102; x_wconf 86' lang='lat' dir='ltr'><strong>verba,</strong></span> <span class='ocrx_word' id='word_1_618' title='bbox 419 5029 545 5091; x_wconf 87' lang='lat' dir='ltr'><strong>non</strong></span> <span class='ocrx_word' id='word_1_619' title='bbox 595 5032 673 5092; x_wconf 92' lang='lat' dir='ltr'><strong>de</strong></span> <span class='ocrx_word' id='word_1_620' title='bbox 721 5029 1194 5091; x_wconf 87' lang='lat' dir='ltr'><strong>Sasimensibus</strong></span> <span class='ocrx_word' id='word_1_621' title='bbox 1248 5029 1702 5108; x_wconf 50' lang='lat' dir='ltr'><strong>pr‘azsentibus,</strong></span> <span class='ocrx_word' id='word_1_622' title='bbox 1755 5030 1807 5090; x_wconf 91' lang='lat' dir='ltr'><strong>si</strong></span> <span class='ocrx_word' id='word_1_623' title='bbox 1860 5032 2109 5093; x_wconf 88' lang='lat' dir='ltr'><strong>tandem</strong></span> <span class='ocrx_word' id='word_1_624' title='bbox 2167 5035 2459 5095; x_wconf 82' lang='lat' dir='ltr'><strong>nonnulli</strong></span> <span class='ocrx_word' id='word_1_625' title='bbox 2510 5029 2943 5105; x_wconf 78' lang='lat' dir='ltr'><strong>interfuerint,</strong></span> <span class='ocrx_word' id='word_1_626' title='bbox 2991 5035 3101 5093; x_wconf 88' lang='lat' dir='ltr'><strong>sed</strong></span> <span class='ocrx_word' id='word_1_627' title='bbox 3156 5033 3234 5093; x_wconf 87' lang='lat' dir='ltr'><strong>de</strong></span> <span class='ocrx_word' id='word_1_628' title='bbox 3296 5032 3374 5089; x_wconf 85' lang='lat' dir='ltr'><strong>iis</strong></span> 
     </span>
    </p>
   </div>
   <div class='ocr_carea' id='block_1_56' title="bbox 140 5109 3373 5190">
    <p class='ocr_par' dir='ltr' id='par_1_56' title="bbox 140 5109 3373 5190">
     <span class='ocr_line' id='line_1_56' title="bbox 140 5109 3373 5190; baseline -0.002 -20"><span class='ocrx_word' id='word_1_629' title='bbox 140 5109 528 5184; x_wconf 79' lang='lat' dir='ltr'><strong>generatim,</strong></span> <span class='ocrx_word' id='word_1_630' title='bbox 572 5110 683 5190; x_wconf 87' lang='lat' dir='ltr'><strong>qui</strong></span> <span class='ocrx_word' id='word_1_631' title='bbox 729 5110 867 5187; x_wconf 83' lang='lat' dir='ltr'><strong>ejus</strong></span> <span class='ocrx_word' id='word_1_632' title='bbox 920 5110 1064 5170; x_wconf 83' lang='lat' dir='ltr'><strong>ﬁdei</strong></span> <span class='ocrx_word' id='word_1_633' title='bbox 1114 5109 1191 5190; x_wconf 84' lang='lat' dir='ltr'><strong>ab</strong></span> <span class='ocrx_word' id='word_1_634' title='bbox 1238 5109 1553 5190; x_wconf 79' lang='lat' dir='ltr'><strong>episCOpis</strong></span> <span class='ocrx_word' id='word_1_635' title='bbox 1597 5110 2176 5182; x_wconf 86' lang='lat' dir='ltr'><strong>committebantur,</strong></span> <span class='ocrx_word' id='word_1_636' title='bbox 2215 5122 2275 5171; x_wconf 91' lang='lat' dir='ltr'><strong>ut</strong></span> <span class='ocrx_word' id='word_1_637' title='bbox 2315 5114 2713 5173; x_wconf 87' lang='lat' dir='ltr'><strong>Sasimenses</strong></span> <span class='ocrx_word' id='word_1_638' title='bbox 2747 5114 3033 5190; x_wconf 89' lang='lat' dir='ltr'><strong>quidem,</strong></span> <span class='ocrx_word' id='word_1_639' title='bbox 3080 5110 3373 5189; x_wconf 75' lang='lat' dir='ltr'><strong>quamvis</strong></span> 
     </span>
    </p>
   </div>
   <div class='ocr_carea' id='block_1_57' title="bbox 141 5186 3375 5271">
    <p class='ocr_par' dir='ltr' id='par_1_57' title="bbox 141 5186 3375 5271">
     <span class='ocr_line' id='line_1_57' title="bbox 141 5186 3375 5271; baseline 0 -23"><span class='ocrx_word' id='word_1_640' title='bbox 141 5203 272 5271; x_wconf 85' lang='lat' dir='ltr'><strong>non</strong></span> <span class='ocrx_word' id='word_1_641' title='bbox 314 5186 690 5271; x_wconf 70' lang='lat' dir='ltr'><strong>necessario</strong></span> <span class='ocrx_word' id='word_1_642' title='bbox 746 5186 1110 5271; x_wconf 69' lang='lat' dir='ltr'><strong>praesentes,</strong></span> <span class='ocrx_word' id='word_1_643' title='bbox 1156 5186 1566 5271; x_wconf 69' lang='lat' dir='ltr'><strong>intelligenda</strong></span> <span class='ocrx_word' id='word_1_644' title='bbox 1616 5196 1788 5271; x_wconf 62' lang='lat' dir='ltr'><strong>sun}.</strong></span> <span class='ocrx_word' id='word_1_645' title='bbox 1835 5190 2006 5271; x_wconf 58' lang='lat' dir='ltr'><strong>ﬂint:</strong></span> <span class='ocrx_word' id='word_1_646' title='bbox 2083 5191 2492 5261; x_wconf 85' lang='lat' dir='ltr'><strong>scholiasles,</strong></span> <span class='ocrx_word' id='word_1_647' title='bbox 2531 5193 2639 5271; x_wconf 91' lang='lat' dir='ltr'><strong>qui</strong></span> <span class='ocrx_word' id='word_1_648' title='bbox 2694 5186 2861 5251; x_wconf 80' lang='lat' dir='ltr'><strong>hunc</strong></span> <span class='ocrx_word' id='word_1_649' title='bbox 2912 5186 3375 5271; x_wconf 68' lang='lat' dir='ltr'><strong>commentatur</strong></span> 
     </span>
    </p>
   </div>
   <div class='ocr_carea' id='block_1_58' title="bbox 140 5264 3374 5346">
    <p class='ocr_par' dir='ltr' id='par_1_58' title="bbox 140 5264 3374 5346">
     <span class='ocr_line' id='line_1_58' title="bbox 140 5264 3374 5346; baseline -0.001 -19"><span class='ocrx_word' id='word_1_650' title='bbox 140 5267 443 5346; x_wconf 76' lang='lat' dir='ltr'><strong>ejusdem</strong></span> <span class='ocrx_word' id='word_1_651' title='bbox 494 5267 800 5346; x_wconf 86' lang='lat' dir='ltr'><strong>orationis</strong></span> <span class='ocrx_word' id='word_1_652' title='bbox 854 5282 1040 5326; x_wconf 76' lang='lat' dir='ltr'><strong>nonae</strong></span> <span class='ocrx_word' id='word_1_653' title='bbox 1091 5264 1179 5344; x_wconf 93' lang='lat' dir='ltr'><strong>(n.</strong></span> <span class='ocrx_word' id='word_1_654' title='bbox 1228 5265 1289 5346; x_wconf 88' lang='lat'><strong>3)</strong></span> <span class='ocrx_word' id='word_1_655' title='bbox 1340 5267 1596 5325; x_wconf 87' lang='lat' dir='ltr'><strong>locum:</strong></span> <span class='ocrx_word' id='word_1_656' title='bbox 1654 5266 1785 5326; x_wconf 68' lang='lat' dir='ltr'><strong>«Ut</strong></span> <span class='ocrx_word' id='word_1_657' title='bbox 1828 5268 2105 5345; x_wconf 86' lang='lat' dir='ltr'><strong>Spiritus</strong></span> <span class='ocrx_word' id='word_1_658' title='bbox 2152 5286 2253 5330; x_wconf 89' lang='lat' dir='ltr'><strong>me</strong></span> <span class='ocrx_word' id='word_1_659' title='bbox 2320 5264 2615 5330; x_wconf 64' lang='lat' dir='ltr'><strong>ministro</strong></span> <span class='ocrx_word' id='word_1_660' title='bbox 2668 5276 2973 5343; x_wconf 86' lang='lat' dir='ltr'><strong>uteretur,</strong></span> <span class='ocrx_word' id='word_1_661' title='bbox 3028 5270 3103 5329; x_wconf 91' lang='lat' dir='ltr'><strong>ad</strong></span> <span class='ocrx_word' id='word_1_662' title='bbox 3160 5266 3374 5345; x_wconf 88' lang='lat' dir='ltr'><strong>p0puli</strong></span> 
     </span>
    </p>
   </div>
   <div class='ocr_carea' id='block_1_59' title="bbox 139 5342 3375 5426">
    <p class='ocr_par' dir='ltr' id='par_1_59' title="bbox 139 5342 3375 5426">
     <span class='ocr_line' id='line_1_59' title="bbox 139 5342 3375 5426; baseline 0.001 -23"><span class='ocrx_word' id='word_1_663' title='bbox 139 5342 345 5426; x_wconf 75' lang='lat' dir='ltr'><strong>hujus</strong></span> <span class='ocrx_word' id='word_1_664' title='bbox 392 5344 869 5426; x_wconf 80' lang='lat' dir='ltr'><strong>perfectionem,</strong></span> <span class='ocrx_word' id='word_1_665' title='bbox 908 5366 936 5400; x_wconf 68' lang='grc' dir='ltr'><strong><em>υ</em></strong></span> <span class='ocrx_word' id='word_1_666' title='bbox 987 5342 1131 5416; x_wconf 66' lang='grc' dir='ltr'><strong>θῐοζ,</strong></span> <span class='ocrx_word' id='word_1_667' title='bbox 1189 5342 1725 5426; x_wconf 70' lang='lat' dir='ltr'><strong>deinonstrantem</strong></span> <span class='ocrx_word' id='word_1_668' title='bbox 1786 5342 2150 5415; x_wconf 83' lang='lat' dir='ltr'><strong>articulum,</strong></span> <span class='ocrx_word' id='word_1_669' title='bbox 2204 5371 2232 5402; x_wconf 77' lang='grc' dir='ltr'><strong>α</strong></span> <span class='ocrx_word' id='word_1_670' title='bbox 2272 5348 2485 5426; x_wconf 90' lang='lat' dir='ltr'><strong>hujus,</strong></span> <span class='ocrx_word' id='word_1_671' title='bbox 2517 5372 2543 5403; x_wconf 70' lang='grc' dir='ltr'><strong>ιι</strong></span> <span class='ocrx_word' id='word_1_672' title='bbox 2603 5350 2930 5426; x_wconf 83' lang='lat' dir='ltr'><strong>expungit,</strong></span> <span class='ocrx_word' id='word_1_673' title='bbox 2985 5354 3075 5418; x_wconf 91' lang='lat' dir='ltr'><strong>ut,</strong></span> <span class='ocrx_word' id='word_1_674' title='bbox 3138 5342 3375 5426; x_wconf 69' lang='lat' dir='ltr'><strong>remota</strong></span> 
     </span>
    </p>
   </div>
   <div class='ocr_carea' id='block_1_60' title="bbox 137 5422 3375 5500">
    <p class='ocr_par' dir='ltr' id='par_1_60' title="bbox 137 5422 3375 5500">
     <span class='ocr_line' id='line_1_60' title="bbox 137 5422 3375 5500; baseline 0.001 -19"><span class='ocrx_word' id='word_1_675' title='bbox 137 5422 330 5485; x_wconf 79' lang='lat' dir='ltr'><strong>illius</strong></span> <span class='ocrx_word' id='word_1_676' title='bbox 358 5424 535 5487; x_wconf 88' lang='lat' dir='ltr'><strong>vocis</strong></span> <span class='ocrx_word' id='word_1_677' title='bbox 559 5422 995 5498; x_wconf 85' lang='lat' dir='ltr'><strong>ambiguitate,</strong></span> <span class='ocrx_word' id='word_1_678' title='bbox 1021 5422 1374 5500; x_wconf 89' lang='lat' dir='ltr'><strong>propositio</strong></span> <span class='ocrx_word' id='word_1_679' title='bbox 1395 5425 1745 5499; x_wconf 87' lang='lat' dir='ltr'><strong>generatim</strong></span> <span class='ocrx_word' id='word_1_680' title='bbox 1771 5432 2078 5484; x_wconf 90' lang='lat' dir='ltr'><strong>sumatur.</strong></span> <span class='ocrx_word' id='word_1_681' title='bbox 2106 5422 2405 5488; x_wconf 80' lang='lat' dir='ltr'><strong>Fatemur</strong></span> <span class='ocrx_word' id='word_1_682' title='bbox 2428 5434 2637 5487; x_wconf 84' lang='lat' dir='ltr'><strong>tamen</strong></span> <span class='ocrx_word' id='word_1_683' title='bbox 2665 5422 3012 5487; x_wconf 74' lang='lat' dir='ltr'><strong>orationem</strong></span> <span class='ocrx_word' id='word_1_684' title='bbox 3046 5425 3375 5493; x_wconf 86' lang='lat' dir='ltr'><strong>decimam,</strong></span> 
     </span>
    </p>
   </div>
   <div class='ocr_carea' id='block_1_61' title="bbox 137 5500 3379 5579">
    <p class='ocr_par' dir='ltr' id='par_1_61' title="bbox 137 5500 3379 5579">
     <span class='ocr_line' id='line_1_61' title="bbox 137 5500 3379 5579; baseline 0.002 -20"><span class='ocrx_word' id='word_1_685' title='bbox 137 5505 314 5564; x_wconf 86' lang='lat' dir='ltr'><strong>aoud</strong></span> <span class='ocrx_word' id='word_1_686' title='bbox 360 5500 927 5573; x_wconf 83' lang='lat' dir='ltr'><strong>Leuvenklaicum,</strong></span> <span class='ocrx_word' id='word_1_687' title='bbox 979 5518 1117 5565; x_wconf 87' lang='lat' dir='ltr'><strong>esse</strong></span> <span class='ocrx_word' id='word_1_688' title='bbox 1164 5500 1528 5579; x_wconf 87' lang='lat' dir='ltr'><strong>inscriptam</strong></span> <span class='ocrx_word' id='word_1_689' title='bbox 1583 5524 1595 5562; x_wconf 90' lang='lat'><strong>:</strong></span> <span class='ocrx_word' id='word_1_690' title='bbox 1633 5503 1779 5563; x_wconf 77' lang='lat' dir='ltr'><strong>«Ad</strong></span> <span class='ocrx_word' id='word_1_691' title='bbox 1817 5502 2286 5565; x_wconf 76' lang='lat' dir='ltr'><strong>Sasimenses.»</strong></span> <span class='ocrx_word' id='word_1_692' title='bbox 2348 5505 2467 5565; x_wconf 91' lang='lat' dir='ltr'><strong>Sed</strong></span> <span class='ocrx_word' id='word_1_693' title='bbox 2515 5503 2890 5567; x_wconf 87' lang='lat' dir='ltr'><strong>manifestus</strong></span> <span class='ocrx_word' id='word_1_694' title='bbox 2942 5523 3114 5568; x_wconf 87' lang='lat' dir='ltr'><strong>error</strong></span> <span class='ocrx_word' id='word_1_695' title='bbox 3148 5512 3271 5574; x_wconf 91' lang='lat' dir='ltr'><strong>est,</strong></span> <span class='ocrx_word' id='word_1_696' title='bbox 3304 5518 3379 5562; x_wconf 78' lang='lat' dir='ltr'><strong>ex</strong></span> 
     </span>
    </p>
   </div>
   <div class='ocr_carea' id='block_1_62' title="bbox 204 5669 2593 5739">
    <p class='ocr_par' dir='ltr' id='par_1_62' title="bbox 204 5669 2593 5739">
     <span class='ocr_line' id='line_1_62' title="bbox 204 5669 2593 5739; baseline 0 -13"><span class='ocrx_word' id='word_1_697' title='bbox 204 5669 328 5735; x_wconf 80' lang='lat'><strong>(9|)</strong></span> <span class='ocrx_word' id='word_1_698' title='bbox 368 5670 545 5739; x_wconf 80' lang='lat' dir='ltr'><strong>Carm.</strong></span> <span class='ocrx_word' id='word_1_699' title='bbox 576 5670 630 5736; x_wconf 77' lang='lat'><strong>‘2,</strong></span> <span class='ocrx_word' id='word_1_700' title='bbox 664 5685 801 5725; x_wconf 76' lang='lat' dir='ltr'><strong>vers.</strong></span> <span class='ocrx_word' id='word_1_701' title='bbox 824 5671 943 5726; x_wconf 62' lang='lat'><strong>487.</strong></span> <span class='ocrx_word' id='word_1_702' title='bbox 1892 5671 2000 5739; x_wconf 64' lang='grc'><strong>(94)</strong></span> <span class='ocrx_word' id='word_1_703' title='bbox 2020 5672 2199 5724; x_wconf 76' lang='lat' dir='ltr'><strong>Carm.</strong></span> <span class='ocrx_word' id='word_1_704' title='bbox 2224 5672 2277 5729; x_wconf 67' lang='grc' dir='ltr'><strong>Ξ.</strong></span> <span class='ocrx_word' id='word_1_705' title='bbox 2307 5688 2443 5726; x_wconf 84' lang='lat' dir='ltr'><strong>vers.</strong></span> <span class='ocrx_word' id='word_1_706' title='bbox 2472 5673 2593 5726; x_wconf 63' lang='lat'><strong>3:29.</strong></span> 
     </span>
    </p>
   </div>
   <div class='ocr_carea' id='block_1_63' title="bbox 204 5738 2302 5883">
    <p class='ocr_par' dir='ltr' id='par_1_63' title="bbox 204 5738 2302 5883">
     <span class='ocr_line' id='line_1_63' title="bbox 204 5738 2302 5883; baseline 0 -87"><span class='ocrx_word' id='word_1_707' title='bbox 204 5741 329 5883; x_wconf 35' lang='lat' dir='ltr'><strong>E92;</strong></span> <span class='ocrx_word' id='word_1_708' title='bbox 357 5738 445 5794; x_wconf 71' lang='grc' dir='ltr'><strong>ον.</strong></span> <span class='ocrx_word' id='word_1_709' title='bbox 482 5756 534 5805; x_wconf 68' lang='grc' dir='ltr'><strong>κ,</strong></span> <span class='ocrx_word' id='word_1_710' title='bbox 570 5758 619 5793; x_wconf 78' lang='grc' dir='ltr'><strong>ιι.</strong></span> <span class='ocrx_word' id='word_1_711' title='bbox 658 5743 709 5794; x_wconf 75' lang='grc' dir='ltr'><strong>ι.</strong></span> <span class='ocrx_word' id='word_1_712' title='bbox 1880 5738 1988 5811; x_wconf 66' lang='lat' dir='ltr'><strong>(es)</strong></span> <span class='ocrx_word' id='word_1_713' title='bbox 2016 5742 2143 5796; x_wconf 54' lang='lat' dir='ltr'><strong>tam.</strong></span> <span class='ocrx_word' id='word_1_714' title='bbox 2182 5744 2302 5797; x_wconf 74' lang='lat' dir='ltr'><strong>ssc.</strong></span> 
     </span>
     <span class='ocr_line' id='line_1_64' title="bbox 228 5810 721 5877; baseline -0.002 -10"><span class='ocrx_word' id='word_1_715' title='bbox 228 5812 304 5867; x_wconf 79' lang='lat'><strong>93</strong></span> <span class='ocrx_word' id='word_1_716' title='bbox 368 5810 457 5867; x_wconf 89' lang='lat' dir='ltr'><strong>Or.</strong></span> <span class='ocrx_word' id='word_1_717' title='bbox 489 5826 560 5877; x_wconf 75' lang='lat' dir='ltr'><strong>tu,</strong></span> <span class='ocrx_word' id='word_1_718' title='bbox 585 5828 637 5866; x_wconf 93' lang='lat' dir='ltr'><strong>n.</strong></span> <span class='ocrx_word' id='word_1_719' title='bbox 670 5812 721 5866; x_wconf 79' lang='lat'><strong>3.</strong></span> 
     </span>
    </p>
   </div>
  </div>
