3844 6390
125 353 210 411 εει
941 349 1202 406 ORATlO
1241 349 1334 405 IX.
1373 381 1442 393 ——-
1478 350 2006 410 APOLOGETICUS
2047 355 2138 410 AD
2176 355 2476 412 PATREM.

3225 355 3329 409 8‘19.

125 469 461 542 θρωπάτητος-
501 467 813 539 Ὀφθαλμοῦ
853 469 949 540 μὲν
979 470 1085 541 γὰρ
1117 470 1334 524 ἀτονίαν
1363 470 1530 541 ἥλιος,
1560 471 1664 541 ψυ-

1776 473 1851 538 ius
1867 474 2204 544 tristitiwque
2228 476 2445 531 nomine
2463 474 2591 530 mihi
2611 491 2931 532 succensere
2954 492 3179 548 nequeo.
3199 479 3328 533 Nam

123 565 210 635 fi};
235 562 286 616 δὲ
328 561 639 632 ἀρρωστίαν
659 560 732 627 (8)
777 560 985 631 ἐλέγχει
1030 561 1161 614 Θεὸς
1209 561 1513 632 ἐπιδημῶν·
1567 566 1660 616 καὶ

121 658 217 718 τοῖς
249 652 338 723 μέν
385 653 504 704 ἐστι
546 651 681 721 φῶς,
729 653 842 715 τοῖς
880 651 935 704 δὲ
970 652 1102 723 πῦρ,
1138 653 1350 722 ἑκάστῳ
1388 653 1526 706 κατὰ
1561 655 1660 724 τὴν

122 741 457 812 ὑποκειμένην
490 741 622 813 ὓλην
654 760 710 796 τε
755 743 846 796 καὶ
879 743 1154 812 ποιότητα.
1187 743 1251 796 Τί
1283 744 1660 814 ὑπολαμϐάνο-

125 854 206 908 μεν
227 835 344 905 περὶ
365 835 456 886 τοῦ
474 833 680 898 Σαούλ;
727 834 981 906 Ἐχρίσθη
1010 836 1110 907 μὲν
1137 837 1265 907 γὰρ,
1302 836 1396 889 καὶ
1432 836 1660 907 μετέσχε

120 927 197 982 τοῦ
233 924 554 996 Πνεύματος,
606 927 698 979 καὶ
744 922 810 997 ἦν
855 927 976 980 τότε
1024 927 1410 998 πνευματικὸς,
1456 927 1568 980 οὐδι
1595 927 1660 981 ἂν

120 1019 213 1089 ἐγὼ
238 1019 356 1090 περ).
383 1018 546 1071 αὐτοῦ
574 1018 736 1088 φαίην
769 1019 987 1089 ἑτέρως,
1028 1019 1165 1073 ἀλλά
1196 1022 1288 1074 καὶ
1326 1021 1661 1092 προεφήτευο

121 1129 168 1165 σε
185 1110 271 1180 (9),
294 1109 384 1161 καὶ
411 1107 554 1161 οὓτω
582 1110 710 1178 παρ’
736 1108 924 1163 ἐλπίδα
981 1109 1076 1162 καὶ
1105 1111 1164 1162 τὸ
1195 1111 1337 1172 εἰκὸς
1360 1109 1495 1179 (10),
1522 1111 1660 1164 ὥστε

119 1189 199 1254 καί
238 1200 527 1271 παροιμίαν
573 1202 820 1269 γενέσθαι
871 1201 931 1254 τὸ
972 1201 1156 1272 θαῦμα
1195 1205 1370 1256 ἐκεῖνο
1395 1220 1408 1234 ’
1454 1207 1522 1256 Εἰ
1557 1202 1656 1255 καὶ

120 1293 292 1349 Σαοὺλ
339 1293 409 1346 ἐν
455 1293 818 1362 προρήταιῃ
863 1295 942 1356 είς
983 1293 1060 1346 ἔτι
1107 1297 1201 1346 καὶ
1242 1293 1336 1348 νῦν
1373 1283 1661 1364 λεγόμενόν

119 1403 164 1437 τε
193 1386 276 1436 καὶ
322 1385 672 1452 ἀκουόμενον.
719 1385 870 1436 Ἐπεὶ
907 1384 961 1436 δὲ
1010 1385 1107 1455 οὐχ
1155 1386 1274 1439 ὅλον
1301 1386 1411 1455 (11)
1469 1385 1660 1438 ἑαυτὸν

119 1473 404 1542 ἐμπαρέσχε
439 1472 518 1542 τῷ
548 1473 843 1542 Πνεύματι,
877 1473 997 1526 οὐδὲ
1024 1473 1266 1544 ἐστράφη
1301 1472 1556 1544 καθαρῶς
1583 1473 1662 1533 εἰς

117 1565 259 1635 ἄνδρα
286 1564 468 1626 ἄλλον,
497 1563 570 1627 ὡς
603 1563 1028 1633 κεχρημάτιστο,
1055 1563 1170 1616 ἀλλ’
1200 1565 1442 1634 ἐνέμεινέ
1485 1582 1538 1617 τι
1569 1563 1661 1617 τοῦ

120 1654 321 1709 παλαιοῦ
374 1655 472 1725 τῆς
517 1654 712 1718 κακίας
762 1653 1076 1726 σπινθῆρος,
1133 1655 1228 1708 καὶ
1277 1657 1370 1708 τοῦ
1425 1656 1660 1728 πονηροῦ

118 1744 423 1815 σπέρματος,
465 1744 558 1796 καὶ
606 1738 673 1812 ἦν
725 1745 783 1795 ἐν
821 1743 966 1812 αὐτῷ
1023 1743 1168 1814 μάχη
1218 1743 1524 1815 πνεύματος
1569 1747 1662 1798 καὶ

1767 567 2218 635 quemadmodum
2251 568 2328 622 sol
2369 569 2644 624 oculorum
2682 570 3096 624 imbecillitatem
3134 573 3329 640 prodit,

1769 659 1956 711 eodem
1995 661 2153 711 modo
2212 658 2353 715 Deus
2397 663 2590 715 animm
2628 663 2992 716 inﬁrmitatem
3052 654 3330 730 praesentia

1763 761 1856 801 sua
1917 748 2195 816 coarguit;
2249 759 2411 819 alque
2455 750 2573 804 aliis
2621 751 2835 820 quidem
2876 750 2987 817 lux,
3037 749 3157 806 aliis
3197 752 3334 821 ignis

1763 849 1866 899 est,
1897 838 2190 908 unicuique
2224 840 2474 895 videlicet
2531 843 2738 896 ratione
2794 841 3048 909 subjectae
3093 844 3334 897 materiae

1765 939 1925 997 atque
1953 930 2249 998 qualitatis.
2301 930 2438 997 Quid
2470 933 2535 987 de
2566 931 2727 988 Saule
2759 933 3174 988 existimamus?
3199 934 3331 988 Nam

1765 1032 1815 1074 et
1852 1031 2046 1076 unctus
2072 1033 2177 1088 est,
2198 1033 2251 1077 et
2278 1023 2535 1092 Spiritum
2570 1027 2829 1094 percepit,
2851 1042 2912 1078 ac
2939 1036 3046 1080 tum
3074 1026 3331 1096 spiritua—

1765 1111 1828 1164 lis
1860 1121 1995 1176 erat,
2028 1128 2132 1165 non
2161 1115 2302 1168 enim
2346 1115 2411 1168 de
2441 1131 2505 1169 eo
2534 1131 2692 1170 secus
2716 1116 2964 1180 dixerim,
2989 1126 3146 1184 atque
3171 1118 3330 1172 etiam

1765 1203 2144 1272 prophetarit,
2193 1207 2353 1277 idque
2401 1207 2534 1262 adeo
2596 1218 2793 1277 praeter
2856 1208 3128 1262 hominum
3183 1225 3330 1277 spem

1765 1305 1926 1364 atque
1957 1295 2286 1364 opinionem,
2341 1306 2401 1352 ut
2451 1314 2515 1353 ex
2566 1297 2656 1352 illo
2696 1298 2954 1352 miraculo
2991 1299 3330 1368 proverbium

1764 1387 1865 1440 hoc
1891 1385 2126 1453 fluxerit,
2156 1389 2296 1456 quod
2332 1405 2475 1443 nunc
2505 1404 2721 1458 quoque
2757 1388 2946 1443 referri
2979 1400 3138 1460 atque
3160 1391 3332 1444 audiri

1765 1472 1943 1528 solet:
1978 1473 2122 1528 Num
2167 1485 2214 1530 el
2273 1475 2409 1530 Saul
2455 1479 2592 1531 inter
2635 1478 2909 1546 prophetas
2939 1479 3022 1533 ³⁷2
3074 1480 3331 1545 Quoniam

1766 1573 1942 1617 autem
1974 1579 2032 1619 se
2068 1574 2234 1618 totum
2280 1565 2508 1636 Spiritui
2546 1567 2798 1621 utendum
2832 1584 2934 1621 non
2957 1567 3200 1638 prmbuil,
3237 1584 3334 1621 nec

1767 1670 1896 1723 pure
1929 1665 2088 1724 atque
2126 1657 2353 1726 integre,
2405 1663 2462 1711 ut
2491 1657 2767 1710 oraculum
2805 1657 3030 1722 ferebat,
3081 1658 3132 1712 in
3170 1658 3332 1711 alium

1768 1751 1940 1800 virum
1972 1758 2208 1801 mutatus
2240 1761 2352 1814 est;
2397 1751 2488 1802 sed
2528 1749 2739 1816 pristini
2793 1749 3152 1817 improbitatis
3179 1749 3328 1803 fomi-

118 1837 290 1906 σαρκός
309 1852 323 1865 ο
357 1835 410 1887 τί
437 1835 541 1906 χρὴ
572 1836 747 1890 πάντα
778 1835 1142 1906 ἐκτραγῳδεῖν
1171 1835 1238 1888 τά
1265 1836 1472 1890 ἐκείνου
1496 1853 1511 1904 ;
1546 1837 1657 1890 ἴστε

1776 1836 1834 1888 Lis
1870 1836 2126 1904 pravique
2149 1837 2369 1890 seminis
2393 1836 2635 1892 nonnihil
2661 1848 2962 1903 supererat,
2988 1847 3149 1907 atque
3181 1839 3232 1892 in
3271 1854 3334 1892 eo

117 1928 163 1980 τὸ
189 1927 422 1980 ἐναντίον
465 1926 697 1997 πνεῦμα,
746 1928 840 1980 καὶ
879 1920 967 1980 τὸν
1015 1927 1244 1996 ψάλτην,
1284 1921 1328 1995 ᾧ
1359 1928 1658 1999 κατεπῄδε-

119 2020 310 2090 το(·19.).
361 2018 508 2089 Πλὴν
558 2023 732 2072 ἐκεῖνο
768 2019 1062 2072 κάντεῦθεν
1091 2019 1383 2090 γνώριμον,
1422 2022 1523 2086 ὅτι,
1557 2023 1662 2076 κᾶν

118 2112 178 2180 μή
206 2110 308 2162 τῶν
342 2109 576 2174 ἀναξίων
608 2109 716 2178 (15)
757 2112 789 2180 ἡ
843 2111 1002 2180 χάρις
1046 2109 1281 2179 ἅπτηται
1332 2110 1466 2177 (14),
1529 2111 1662 2181 μηδὲ

120 2201 329 2273 πονηροῦ
367 2202 462 2254 καὶ
485 2201 823 2272 ἀναρμόστου
855 2200 1128 2264 παντελῶς
1157 2201 1249 2254 τοῦ
1279 2201 1511 2272 ὀργάνου
1563 2202 1663 2271 (εἰς

119 2291 205 2362 γὰρ
247 2291 568 2360 κακότεχνον
597 2289 772 2360 ψυχὴν
813 2289 887 2360 μὴ
935 2289 1333 2343 εἰσελεύσεσθαι
1371 2290 1559 2358 σοφίαν
1589 2281 1661 2343 εί-

119 2401 254 2453 petat
292 2381 493 2444 καλῶς,
524 2379 677 2448 κάγὼ
708 2381 1009 2451 πείθομαι),
1042 2381 1176 2434 ἀλλά
1217 2382 1443 2451 φυλάξαι
1471 2400 1533 2452 γε
1568 2384 1664 2453 τὴν

118 2475 247 2538 ἀξίαν
294 2474 392 2528 καὶ
416 2475 515 2545 τὴν
541 2473 824 2544 ἁρμονίαν,
853 2473 928 2536 ὡς
960 2476 987 2527 ὁ
1019 2473 1150 2544 ἐμὸς
1175 2474 1350 2542 λόγος,
1383 2474 1540 2546 ἔργον
1565 2475 1665 2529 οὐκ

119 2568 332 2630 ἔλαττον,
369 2567 403 2635 ἢ
438 2565 692 2637 ἀπαρχῆς
726 2565 1062 2636 ἁρμοσθῆναι
1093 2565 1271 2630 καλῶς
1299 2568 1390 2619 καὶ
1428 2567 1665 2638 ἀξιωθῆ-

118 2679 206 2726 ναι,
241 2660 329 2712 διὰ
356 2659 416 2711 τὸ
443 2656 673 2729 τρεπτὸν
708 2656 801 2709 καὶ
850 2655 1136 2708 ἀλλοιωτὸν
1181 2657 1280 2726 τῆς
1323 2657 1668 2728 ἀνθρωπίνης

115 2750 256 2818 {ist-'1;
293 2767 353 2802 τε
385 2750 478 2802 καὶ
521 2747 765 2816 φύσεως·
811 2739 854 2813 ᾧ
886 2763 948 2816 γε
975 2747 1086 2816 (15)
1115 2748 1206 2801 καὶ
1248 2750 1280 2818 ἡ
1333 2747 1492 2818 χάρις
1531 2746 1668 2818 αὐτὴ

115 2844 376 2908 πολλάκις,
414 2842 480 2894 ἶν’
509 2839 645 2893 εἴπω
671 2839 778 2892 τῶν
801 2839 1080 2912 ἡμετέρων
1111 2837 1297 2892 κακῶν
1320 2838 1382 2891 τὸ
1412 2837 1666 2908 σχετλιὼ-

115 2935 252 2988 τατόν
278 2951 338 2986 τε
375 2932 470 2986 καὶ
505 2929 956 3003 παραδοξότατον,
987 2930 1154 2998 τύφον
1193 2930 1544 2999 ὲμποιήσασα
1575 2928 1669 2981 καὶ

116 3026 503 3097 μετεωρίσασα,
544 3023 878 3093 κατήνεγκεν
928 3021 1034 3074 ἀπὸ
1071 3019 1206 3073 Θεοῦ
1239 3022 1363 3083 τοὺς
1390 3021 1451 3072 οὐ
1487 3018 1669 3081 καλῶς

115 3117 580 3189 προσεγγίσαντας.
615 3113 708 3168 καὶ
731 3112 1139 3183 κατεϐλήθημεν
1163 3112 1274 3181 (16)
1307 3115 1364 3165 ὲν
1399 3111 1474 3182 τῷ
1502 3113 1670 3180 ἐπαρ-

113 3173 414 3282 θῆναι,υἴιλα
465 3173 689 3278 γένηται
740 3205 861 3259 καθ’
905 3173 1212 3276 ὑπερϐολήν
1257 3173 1589 3277 ’ἁμαρτωλὸς
1614 3173 1666 3273 “ἡ
1699 3173 1738 3226 c

114 3302 361 3373 ἁμαρτία,
401 3300 488 3354 διὰ
535 3299 632 3352 τοῦ
683 3296 888 3367 ἀγαθοῦ
934 3314 1022 3368 μοι
1069 3295 1518 3368 κατεργαζομένη
1573 3294 1667 3348 ϐἀ·

112 3412 272 3448 ναῖον.

1767 1939 1886 1977 cum
1918 1926 2108 1992 spiritu
2145 1941 2275 1979 caro
2300 1923 2656 1994 conﬂigebat;
2701 1925 2826 1994 quid
2859 1940 3047 1980 omnes
3079 1926 3220 1979 illius
3249 1941 3339 1979 ca-

1771 2017 2041 2072 lamitates
2077 2017 2275 2086 tragica
2298 2017 2542 2070 oratione
2569 2016 2822 2086 prosequi
2853 2032 3071 2071 necesse
3094 2018 3214 2073 est?
3243 2017 3338 2071 No.

1771 2107 1870 2159 stis
1899 2106 2267 2159 adversarium
2311 2105 2458 2159 illum
2499 2106 2771 2173 Spiritum,
2812 2115 2865 2160 et
2905 2105 3154 2170 Psaltem,
3187 2107 3336 2175 cujus

1770 2208 1930 2251 cantu
1988 2196 2395 2250 demulcebatur
2417 2196 2483 2248 ³⁸.
2543 2195 2732 2265 Itaque
2790 2197 2916 2251 hinc
2955 2212 3169 2267 quoque
3209 2198 3335 2252 illud

1771 2290 2057 2360 perspicue
2087 2289 2413 2350 ostenditur,
2455 2290 2668 2342 tametsi
2705 2289 2880 2343 divina
2902 2288 3072 2358 gratia
3117 2290 3168 2342 in
3198 2290 3338 2343 indi-

1770 2396 1902 2450 gnos
1928 2380 2148 2432 minime
2193 2379 2356 2450 236
2391 2379 2596 2446 influat,
2641 2395 2739 2434 nec
2768 2381 2819 2434 in
2858 2381 3059 2433 malum
3088 2381 3339 2449 omnique

1770 2486 1993 2541 prorsus
2046 2471 2328 2524 harmonia
2374 2472 2691 2526 destitutum
2740 2486 2999 2540 organum
3051 2471 3127 2541 (in
3185 2472 3339 2524 mali-

1771 2577 1930 2632 gnam
1966 2561 2108 2616 enim
2150 2561 2384 2614 animam
2439 2577 2545 2615 non
2607 2563 2973 2630 ingressurum
3021 2563 3337 2632 sapientiam

1774 2663 1917 2708 recte
1953 2653 2156 2707 dictmn
2215 2663 2298 2708 est
2328 2654 2393 2719 ³⁸,
2452 2666 2615 2724 atque
2651 2657 2722 2708 ita
2754 2670 3065 2724 persuasum
3111 2657 3336 2721 habeo),

1771 2753 1953 2801 tamen
1985 2745 2054 2800 ob
2087 2746 2339 2800 humanae
2378 2747 2709 2801 habitudinis
2748 2756 2802 2802 et
2839 2759 3044 2803 natura:
3069 2749 3340 2802 mutabili—

1775 2849 1933 2894 tatem
1972 2849 2026 2894 et
2089 2839 2531 2905 inconstantiam,
2576 2855 2681 2894 non
2745 2841 2992 2906 minoris,
3026 2853 3083 2895 ut
3126 2841 3340 2911 quidem

1775 2929 1886 2999 ipse
1918 2929 2186 2990 existimo,
2221 2929 2421 3000 negotii
2452 2939 2553 2994 est,
2581 2929 2895 2999 dignitatem
2927 2946 3076 2986 suam
3111 2947 3340 2985 concor-

1775 3022 2022 3090 diamque
2062 3020 2197 3075 tueri
2237 3033 2293 3076 et
2339 3037 2684 3086 conservare,
2714 3038 2870 3091 quam
2902 3041 2930 3077 a
2969 3023 3232 3093 principio
3275 3027 3338 3076 ad

1777 3115 2123 3168 concordiam
2154 3123 2300 3168 recte
2336 3115 2579 3184 perduci,
2612 3129 2675 3169 ac
2697 3116 3008 3184 dignitatem
3037 3116 3291 3185 consequi
3325 3133 3338 3169 :

1772 3206 1967 3274 quippe
2007 3220 2128 3261 cum
2195 3220 2334 3275 smpe
2377 3205 2546 3275 gratia
2581 3206 2692 3274 ipsa
2768 3207 2844 3276 (ut
2900 3209 3040 3275 quod
3097 3207 3337 3260 omnimn

1775 3297 2041 3352 malormn
2077 3307 2386 3354 nostrorum
2430 3298 2792 3353 miserrimum
2832 3288 2933 3352 est
3003 3299 3338 3369 maximeque

1772 3388 2099 3453 mirandum,
2132 3389 2354 3461 dicam),
2409 3389 2602 3449 fastum
2651 3389 2806 3444 nobis
2839 3400 2892 3444 et
2933 3390 3217 3446 elationem
3244 3407 3334 3460 pa-

114 3489 220 3548 riat,
254 3486 469 3555 sicque,
501 3499 528 3538 a
567 3484 692 3548 Deo,
723 3481 788 3534 ad
817 3496 974 3550 quem
1008 3495 1135 3545 non,
1161 3490 1217 3533 ιιι
1252 3479 1455 3545 decuit,
1492 3479 1841 3548 accessimus,
1908 3483 2160 3537 exturbet
2224 3497 2288 3536 ac
2321 3481 2562 3552 dejiciat,
2631 3490 2793 3551 atque
2843 3483 2916 3535 ita
2957 3489 3080 3537 dum
3125 3484 3338 3537 extolli-

115 3597 238 3646 mur,
260 3592 606 3641 corruamus,
635 3587 695 3632 ut
729 3575 820 3631 fiat
879 3591 1038 3645 supra
1111 3575 1323 3629 modum
1359 3591 1588 3645 peccans
1651 3585 1955 3646 peccatum,
2022 3577 2273 3632 nimirum
2309 3591 2404 3646 per
2451 3573 2505 3629 id
2549 3576 2688 3644 quod
2747 3575 2942 3630 bonmn
2999 3584 3100 3634 est.
3156 3590 3340 3630 necem

115 3673 226 3726 mihi
257 3673 493 3725 aﬂerens
519 3671 586 3722 “'.
841 3721 844 3724 .

170 3768 237 3820 I".
269 3765 462 3820 Ταῦτά
509 3767 678 3829 ἐστιν,
728 3763 762 3818 ἃ
815 3763 925 3833 ἐγὼ
960 3761 1242 3828 δεδοικὼς,
1306 3761 1530 3835 πικρίας
1587 3762 1673 3814 ὲν-

112 3859 375 3931 επλήσθην
404 3859 499 3911 καὶ
520 3855 840 3927 κατηφείας,
871 3854 962 3909 καί
986 3871 1037 3907 τι
1057 3853 1290 3908 τοιοῦτον
1315 3853 1532 3919 ἔπαθον,
1563 3847 1672 3906 οἷον

113 3952 231 4022 πρὸς
257 3952 362 4015 τὰς
390 3948 674 4019 ἀστραπὰς
718 3948 767 4001 οἱ
808 3948 1018 4013 παῖδες,
1048 3946 1241 4017 ἡδονὴν
1288 3944 1549 4017 ἐκπλήξει
1581 3962 1670 4016 μι-

110 4043 319 4112 γνύντες
372 4045 439 4096 ὲκ
484 4042 579 4095 τοῦ
636 4040 937 4110 θεάματος·
997 4039 1260 4110 ἠγάπησά
1310 4057 1372 4092 τε
1429 4037 1568 4107 ὁμοῦ
1611 4039 1673 4091 τὸ

112 4135 341 4205 Πνεῦμα,
382 4134 479 4187 καὶ
518 4133 828 4205 ἐφοϐήθηνο
869 4133 962 4186 καὶ
1011 4131 1204 4203 χρόνου
1248 4132 1394 4194 τινὸς
1422 4131 1666 4202 ἐδεήθην.

110 4228 177 4290 είς
203 4226 445 4298 ἐμαυτὸν
475 4227 822 4298 συστραφεὶς,
865 4224 1096 4293 ἐκνήψαι
1121 4221 1231 4293 (17)
1280 4224 1374 4276 κα).
1413 4223 1669 4292 γενέσθαι

110 4317 193 4383 τῆς
227 4315 644 4385 ἀσφαλεστέρας
687 4315 878 4386 μοίρας
925 4314 1018 4367 καὶ
1073 4313 1398 4384 κρείττονος,
1426 4314 1532 4377 ἵνα,
1575 4313 1670 4368 τοῦ

109 4405 394 4470 λυποῦντος
415 4405 816 4470 ὑπεξελθόντος,
843 4403 1031 4475 ῶσπερ
1055 4403 1305 4468 ζιζανίων
1334 4405 1391 4457 ὲν
1419 4405 1668 4477 σπέρμα-

107 4514 170 4558 τι,
208 4499 304 4553 καὶ
351 4497 462 4552 τῶν
496 4497 714 4564 φαύλων
753 4497 1031 4567 λογισμῶν
1071 4497 1329 4564 εἰξάντων
1370 4500 1483 4561 τοῖς
1515 4497 1673 4568 ἀμεί-

108 4607 232 4650 νοσι,
259 4591 465 4664 νικήσῃ
479 4589 732 4661 καθαρῶς
749 4589 806 4642 τὸ
818 4589 1061 4659 Πνεῦμα,
1082 4589 1172 4643 καί
1191 4607 1258 4660 με
1273 4589 1432 4643 λαϐὸν
1447 4590 1554 4658 (18)
1574 4590 1672 4662 ἔχῃ

107 4685 231 4753 πρὸς
253 4684 354 4755 τὴν
379 4681 571 4736 ἑαυτοῦ
597 4681 872 4734 διακονίαν
895 4683 989 4734 καὶ
1023 4681 1380 4752 λειτουργίαν,
1419 4683 1554 4754 πρὸς
1582 4685 1671 4736 τὸν

107 4773 470 4844 καταρτισμὸν
491 4772 600 4842 (19)
625 4771 716 4824 τοῦ
738 4769 868 4823 λαοῦ
890 4769 1100 4832 τούτου,
1126 4768 1260 4840 πρὸς
1276 4769 1461 4839 ψυχῶν
1478 4770 1671 4841 κυϐέρ-

167 4891 207 4920 ³⁷
242 4891 258 4944 1
307 4891 442 4958 Reg.
483 4903 538 4949 ι,
579 4886 664 4940 12.
743 4885 835 4937 ⁸⁸1
878 4887 1008 4955 Reg.
1043 4902 1152 4948 rm,
1198 4886 1282 4952 14,
1323 4900 1443 4956 εψι-

169 5023 241 5092 (8)
286 5019 667 5092 Ἀρῤωστίαν,
717 5028 821 5074 etc.
874 5017 1080 5083 Dillius,
1141 5017 1375 5070 «animae
1428 5019 1670 5072 morbum

105 5091 328 5146 adventu
363 5108 463 5143 suo
484 5091 701 5143 indicat.
733 5107 752 5140 ι

168 5161 712 5230 (1))Προεφήτευσε.
748 5155 843 5230 0r.
882 5158 935 5221 Ξ,
970 5157 1367 5229 ὲπροφήτευσε.

169 5226 278 5303 (10)
315 5226 444 5285 Καί
468 5231 533 5284 τὸ
559 5230 739 5296 εἰκός.
773 5247 792 5280 ι
814 5228 1014 5282 Praeter
1037 5226 1184 5298 Spem
1223 5243 1286 5281 ac
1324 5226 1670 5295 probabilita-

104 5311 224 5357 tem.
256 5322 274 5354 ι
1603 5329 1616 5350 ν

167 5374 276 5440 (11)
318 5375 446 5441 Οὐχ
474 5372 634 5425 ὅλον.
680 5375 770 5428 Sic
799 5383 907 5424 tres
939 5368 1117 5428 Coll).,
1149 5366 1310 5420 Cnisi.
1348 5367 1399 5428 1,
1428 5364 1520 5420 OI‘.
1544 5367 1589 5427 l,
1619 5376 1671 5419 et

102 5441 202 5497 les.
229 5443 374 5496 Editi
403 5457 549 5501 vero,
579 5443 676 5512 οὐχ
705 5445 842 5506 ὅλος.

170 5514 284 5582 (19.)
340 5505 741 5580 Κατεπῄδέὲο.
806 5505 922 5567 Bill.
985 5526 1003 5558 ι
1042 5506 1346 5576 fugabatur.
1382 5525 1400 5557 ι
1477 5505 1667 5560 Cumb.

104 5600 123 5634 ι
149 5586 560 5637 excanlabatnr.
585 5603 605 5636 ι

165 5651 277 5722 (1⁸5)
304 5653 438 5706 Κᾶν
468 5652 555 5721 μὴ
597 5653 717 5707 τῶν
748 5651 1044 5722 ἀναξίων,
1080 5657 1181 5702 etc.
1227 5646 1324 5722 llic
1359 5647 1424 5722 de
1459 5665 1478 5692 ι
1504 5644 1672 5714 gratia

104 5716 486 5791 sacrantentali
511 5716 796 5791 {loquitur
823 5719 1134 5791 Gregorius,
1160 5733 1218 5769 ea
1248 5716 1520 5791 nimirum,
1557 5731 1674 5782 qua:

103 5790 148 5844 ἱιι
179 5791 409 5850 Ordinis
465 5788 796 5848 sacramento
831 5790 1043 5846 nonnisi
1079 5792 1176 5843 rite
1240 5788 1510 5856 dispositis
1545 5804 1671 5840 con-

1518 4887 1560 4919 ³⁹
1593 4888 1719 4957 Sap.
1757 4905 1794 4956 1,
1829 4889 1885 4944 ιι.

1850 3755 1936 3810 Ill.
1971 3757 2095 3811 Haec
2152 3765 2298 3821 sunt,
2339 3771 2457 3825 qua:
2504 3770 2604 3826 ego
2643 3764 2908 3818 metuens,
2947 3755 3237 3810 acerbitate
3280 3773 3341 3812 ac

1782 3849 2043 3905 maestitia
2098 3847 2350 3917 impletus
2388 3862 2530 3912 sum,
2572 3848 2866 3917 eodemque
2901 3848 3057 3902 modo
3102 3840 3340 3913 affectus,

1777 3959 1884 4014 quo
1916 3942 2069 4012 pueri
2116 3941 2181 3996 ad
2226 3939 2477 4012 fulgetra,
2507 3957 2572 3996 ex
2605 3957 2833 4010 quorum
2879 3940 3182 4011 spectaculo
3223 3958 3346 3996 cou-

1767 4033 2011 4104 junctam
2049 4049 2169 4090 cum
2217 4034 2574 4088 admiratione
2635 4050 2700 4089 ac
2746 4044 2968 4103 stupore
3019 4034 3340 4103 voluptatem

1777 4126 2020 4196 capiunt.
2071 4124 2333 4194 Spiritum
2387 4125 2530 4180 enim
2585 4125 2742 4180 simul
2784 4135 2838 4181 et
2885 4127 3079 4192 amavi,
3118 4135 3173 4180 et
3209 4128 3344 4179 exti-

1775 4219 1882 4272 mui
1914 4237 1930 4274 :
1974 4217 2342 4288 nonnulloque
2384 4218 2644 4287 temporis
2679 4218 2853 4287 spatio
2885 4232 3019 4286 opus
3055 4217 3240 4280 habui,
3286 4227 3344 4268 ut

1779 4327 1862 4364 me
1888 4311 2000 4381 ipse
2042 4309 2348 4379 colligerem
2390 4321 2444 4364 et
2498 4312 2816 4371 excitarem.
2851 4325 2915 4364 ac
2952 4308 3156 4364 meliori
3189 4314 3351 4363 tutio-

1779 4401 1930 4470 rique
1965 4401 2106 4470 parti
2147 4400 2530 4471 adjungcrem;
2565 4410 2645 4466 ut,
2699 4402 3024 4456 subducente
3058 4417 3176 4456 sese
3217 4417 3347 4454 nite-

1777 4509 1919 4558 rore,
1979 4508 2086 4547 non
2115 4507 2272 4548 secus
2311 4507 2372 4547 ac
2427 4493 2650 4549 zizaniis
2676 4495 2728 4548 in
2789 4494 3029 4556 semine,
3084 4495 3343 4562 malisque

1778 4583 2198 4655 cogitationibus
2231 4585 2440 4639 meliori
2468 4585 2695 4639 consilio
2742 4586 3074 4647 cedentibus,
3111 4585 3344 4654 Spiritus

1773 4679 1885 4747 jam
1918 4677 2072 4747 plane
2118 4679 2382 4741 vinceret,
2423 4693 2614 4746 meque
2653 4679 2717 4730 ad
2753 4677 3063 4732 famulatum
3109 4693 3261 4731 suum
3290 4688 3346 4731 et

1780 4770 2137 4824 ministerium
2169 4779 2434 4833 uteretur,
2455 4770 2520 4823 ad
2546 4769 2725 4841 populi
2751 4769 2905 4835 huius
2932 4769 3340 4839 perfeCIionem,

1959 4890 2004 4921 ⁸ο
2033 4888 2188 4943 Rom.
2226 4904 2321 4954 vn,
2355 4888 2439 4942 15.

1782 5019 1969 5075 fertur.
2009 5017 2193 5072 Potest
2239 5017 2399 5071 etiam
2440 5016 2661 5082 intelligi
2699 5020 2844 5072 locus
2879 5018 2981 5074 iste
3016 5018 3080 5072 de
3129 5037 3149 5070 ι
3173 5022 3339 5086 gratia

1774 5088 2126 5158 justificante,
2156 5107 2175 5140 ι
2225 5102 2343 5156 qua:
2385 5087 2435 5140 in
2474 5087 2671 5143 adultis
2707 5089 2931 5158 praevias
2965 5089 3342 5158 dispositiones

1780 5159 2024 5224 requirit.

1849 5229 1958 5291 (14)
1985 5228 2281 5294 ᾌπτηται.
2321 5224 2428 5280 Jes.
2457 5225 2706 5281 ἅπτεται.

1848 5298 1960 5366 (15)
1996 5292 2070 5367 1Γῼ
2095 5292 2176 5366 γε.
2207 5297 2371 5350 Coisl.
2412 5296 2464 5351 1.
2490 5297 2564 5361 ὥς
2601 5314 2685 5364 γε.

1848 5369 1959 5437 (16)
1996 5367 2469 5435 Κατεϐ..ιήθημεν,
2504 5378 2608 5422 etc.
2671 5367 2891 5422 Videtur
2937 5367 3171 5422 alludere
3204 5370 3340 5424 Gre-

1775 5446 1957 5506 gorius
1987 5439 2052 5490 ad
2090 5439 2250 5491 verba
2289 5437 2376 5491 Ps.
2410 5453 2577 5503 Lxxn,
2604 5438 2692 5501 18,
2751 5456 2770 5488 ο
2795 5439 3033 5507 deiecisti
3077 5456 3168 5493 eos
3213 5441 3338 5493 dum

1777 5508 2153 5563 allevarentnr.
2181 5525 2198 5556 ι

1875 5578 1960 5640 17)
1994 5575 2303 5644 Ἐκνῆψαη
2343 5594 2362 5626 ι
2392 5576 2463 5632 Ut
2491 5577 2696 5630 animos
2728 5578 3040 5646 reciperem.
3066 5597 3086 5629 ι

1878 5646 1964 5716 ¹18)
1997 5646 2210 5700 Λαϐόν.
2235 5647 2344 5702 Jes.
2383 5649 2466 5699 ed.
2498 5647 2692 5716 aliique
2715 5647 2969 5709 nonnulli,
3003 5646 3200 5706 λαϐὼν.

1853 5714 1962 5787 (19)
1987 5718 2418 5784 Καταρτισμόν.
2469 5734 2490 5787 ι
2520 5714 2930 5787 Ιιιειὶιιει.ἰοιιθιιι.
2958 5737 2976 5768 ι
3034 5720 3135 5778 vel,
3179 5738 3194 5766 ι
3219 5733 3338 5784 per-

1783 5789 2090 5853 fectimtem,
2120 5805 2136 5838 ι
2187 5797 2243 5840 ιιι
2307 5789 2356 5840 in
2410 5786 2640 5855 vulgata.
2679 5786 2849 5840 Minus
2889 5791 3100 5858 propria
3134 5791 3340 5843 videtur
