  <div class='ocr_page' id='page_1' title='image "/cluster/home/n/w/nwhite01/storage/ocr_20150623/35/hvd.32044024473308/418.png"; bbox 0 0 3844 6390; ppageno 0'>
   <div class='ocr_carea' id='block_1_1' title="bbox 161 445 254 500">
    <p class='ocr_par' dir='ltr' id='par_1_1' title="bbox 161 445 254 500">
     <span class='ocr_line' id='line_1_1' title="bbox 161 445 254 500; baseline 0.032 -3"><span class='ocrx_word' id='word_1_1' title='bbox 161 445 254 500; x_wconf 71' lang='lat'><strong>825</strong></span> 
     </span>
    </p>
   </div>
   <div class='ocr_carea' id='block_1_2' title="bbox 989 440 2508 524">
    <p class='ocr_par' dir='ltr' id='par_1_2' title="bbox 989 440 2508 524">
     <span class='ocr_line' id='line_1_2' title="bbox 989 440 2508 524; baseline -0.001 -26"><span class='ocrx_word' id='word_1_2' title='bbox 989 445 1244 500; x_wconf 71' lang='lat' dir='ltr'><strong>omne</strong></span> <span class='ocrx_word' id='word_1_3' title='bbox 1285 444 1372 524; x_wconf 71' lang='grc' dir='ltr'>ιχ.</span> <span class='ocrx_word' id='word_1_4' title='bbox 1415 477 1482 488; x_wconf 81' lang='grc'><strong><em>-</em></strong></span> <span class='ocrx_word' id='word_1_5' title='bbox 1523 441 2044 500; x_wconf 78' lang='lat' dir='ltr'><strong>APOLOGETICUS</strong></span> <span class='ocrx_word' id='word_1_6' title='bbox 2083 442 2174 497; x_wconf 81' lang='lat' dir='ltr'><strong>AD</strong></span> <span class='ocrx_word' id='word_1_7' title='bbox 2208 440 2508 498; x_wconf 80' lang='lat' dir='ltr'><strong>PATREM.</strong></span> 
     </span>
    </p>
   </div>
   <div class='ocr_carea' id='block_1_3' title="bbox 3273 442 3377 495">
    <p class='ocr_par' dir='ltr' id='par_1_3' title="bbox 3273 442 3377 495">
     <span class='ocr_line' id='line_1_3' title="bbox 3273 442 3377 495; baseline 0 -1"><span class='ocrx_word' id='word_1_8' title='bbox 3273 442 3377 495; x_wconf 65' lang='lat'><strong>826</strong></span> 
     </span>
    </p>
   </div>
   <div class='ocr_carea' id='block_1_4' title="bbox 160 555 1738 631">
    <p class='ocr_par' dir='ltr' id='par_1_4' title="bbox 160 556 1714 631">
     <span class='ocr_line' id='line_1_4' title="bbox 160 556 1714 631; baseline 0.002 -21"><span class='ocrx_word' id='word_1_9' title='bbox 160 558 306 628; x_wconf 65' lang='lat' dir='ltr'><strong>ipth</strong></span> <span class='ocrx_word' id='word_1_10' title='bbox 346 557 628 610; x_wconf 79' lang='grc' dir='ltr'>ἀκουσθέν.</span> <span class='ocrx_word' id='word_1_11' title='bbox 672 556 784 611; x_wconf 85' lang='grc' dir='ltr'><strong>Οὑκ</strong></span> <span class='ocrx_word' id='word_1_12' title='bbox 827 557 1178 629; x_wconf 72' lang='grc' dir='ltr'>ἐπείσθημεν,</span> <span class='ocrx_word' id='word_1_13' title='bbox 1213 560 1326 613; x_wconf 79' lang='grc' dir='ltr'>ἀλλ’</span> <span class='ocrx_word' id='word_1_14' title='bbox 1365 559 1714 631; x_wconf 79' lang='grc' dir='ltr'>ὲϐιάσϐημεν.</span> 
     </span>
    </p>
   </div>
   <div class='ocr_carea' id='block_1_5' title="bbox 1831 555 3379 631">
    <p class='ocr_par' dir='ltr' id='par_1_5' title="bbox 1831 555 3379 630">
     <span class='ocr_line' id='line_1_5' title="bbox 1831 555 3379 630; baseline 0.001 -20"><span class='ocrx_word' id='word_1_15' title='bbox 1831 559 1925 614; x_wconf 74' lang='lat' dir='ltr'><strong>liile</strong></span> <span class='ocrx_word' id='word_1_16' title='bbox 1958 564 2264 630; x_wconf 82' lang='lat' dir='ltr'><strong>negotium,</strong></span> <span class='ocrx_word' id='word_1_17' title='bbox 2300 574 2398 612; x_wconf 90' lang='lat' dir='ltr'><strong>nec</strong></span> <span class='ocrx_word' id='word_1_18' title='bbox 2426 558 2654 611; x_wconf 89' lang='lat' dir='ltr'><strong>antehac</strong></span> <span class='ocrx_word' id='word_1_19' title='bbox 2684 557 2749 611; x_wconf 88' lang='lat' dir='ltr'><strong>de</strong></span> <span class='ocrx_word' id='word_1_20' title='bbox 2780 555 2932 611; x_wconf 91' lang='lat' dir='ltr'><strong>nobis</strong></span> <span class='ocrx_word' id='word_1_21' title='bbox 2959 571 3190 626; x_wconf 86' lang='lat' dir='ltr'><strong>unquam</strong></span> <span class='ocrx_word' id='word_1_22' title='bbox 3219 555 3379 612; x_wconf 81' lang='lat' dir='ltr'><strong>fando</strong></span> 
     </span>
    </p>
   </div>
   <div class='ocr_carea' id='block_1_6' title="bbox 163 646 1712 718">
    <p class='ocr_par' dir='ltr' id='par_1_6' title="bbox 163 646 1712 718">
     <span class='ocr_line' id='line_1_6' title="bbox 163 646 1712 718; baseline 0.001 -17"><span class='ocrx_word' id='word_1_23' title='bbox 163 650 218 701; x_wconf 83' lang='grc' dir='ltr'>Ὢ</span> <span class='ocrx_word' id='word_1_24' title='bbox 267 646 362 700; x_wconf 79' lang='grc' dir='ltr'>τοῦ</span> <span class='ocrx_word' id='word_1_25' title='bbox 405 646 707 717; x_wconf 71' lang='grc' dir='ltr'>Θαὺματοςῑ</span> <span class='ocrx_word' id='word_1_26' title='bbox 773 649 857 711; x_wconf 83' lang='grc' dir='ltr'>Ὠς</span> <span class='ocrx_word' id='word_1_27' title='bbox 901 647 1090 718; x_wconf 86' lang='grc' dir='ltr'>γέγονε</span> <span class='ocrx_word' id='word_1_28' title='bbox 1142 650 1317 703; x_wconf 82' lang='grc' dir='ltr'>πάντα</span> <span class='ocrx_word' id='word_1_29' title='bbox 1358 651 1552 704; x_wconf 74' lang='grc' dir='ltr'>καινὰῐ</span> <span class='ocrx_word' id='word_1_30' title='bbox 1605 651 1712 702; x_wconf 75' lang='grc' dir='ltr'><strong>Καὶ</strong></span> 
     </span>
    </p>
   </div>
   <div class='ocr_carea' id='block_1_7' title="bbox 161 741 1710 814">
    <p class='ocr_par' dir='ltr' id='par_1_7' title="bbox 161 741 1710 814">
     <span class='ocr_line' id='line_1_7' title="bbox 161 741 1710 814; baseline 0 -18"><span class='ocrx_word' id='word_1_31' title='bbox 161 745 272 796; x_wconf 78' lang='grc' dir='ltr'>ὅσον</span> <span class='ocrx_word' id='word_1_32' title='bbox 293 741 571 810; x_wconf 80' lang='grc' dir='ltr'><strong>διέστησεν</strong></span> <span class='ocrx_word' id='word_1_33' title='bbox 604 742 780 812; x_wconf 73' lang='grc' dir='ltr'><strong>ήμὶςῐ</strong></span> <span class='ocrx_word' id='word_1_34' title='bbox 807 742 860 794; x_wconf 83' lang='grc' dir='ltr'><strong>τί</strong></span> <span class='ocrx_word' id='word_1_35' title='bbox 885 742 1060 812; x_wconf 79' lang='grc' dir='ltr'><strong>βούλει</strong></span> <span class='ocrx_word' id='word_1_36' title='bbox 1080 744 1174 797; x_wconf 75' lang='grc' dir='ltr'>καὶ</span> <span class='ocrx_word' id='word_1_37' title='bbox 1201 744 1357 810; x_wconf 76' lang='grc' dir='ltr'>εἴπω,</span> <span class='ocrx_word' id='word_1_38' title='bbox 1391 745 1482 797; x_wconf 83' lang='grc' dir='ltr'>τὸν</span> <span class='ocrx_word' id='word_1_39' title='bbox 1507 743 1710 814; x_wconf 78' lang='grc' dir='ltr'><strong>θρόνον,</strong></span> 
     </span>
    </p>
   </div>
   <div class='ocr_carea' id='block_1_8' title="bbox 163 831 1716 906">
    <p class='ocr_par' dir='ltr' id='par_1_8' title="bbox 163 831 1716 906">
     <span class='ocr_line' id='line_1_8' title="bbox 163 831 1716 906; baseline 0.001 -21"><span class='ocrx_word' id='word_1_40' title='bbox 163 833 192 902; x_wconf 77' lang='grc' dir='ltr'>ἢ</span> <span class='ocrx_word' id='word_1_41' title='bbox 229 832 286 885; x_wconf 78' lang='grc' dir='ltr'>τὸ</span> <span class='ocrx_word' id='word_1_42' title='bbox 315 831 416 900; x_wconf 80' lang='grc' dir='ltr'>τῆς</span> <span class='ocrx_word' id='word_1_43' title='bbox 448 831 668 903; x_wconf 77' lang='grc' dir='ltr'>χάριτος</span> <span class='ocrx_word' id='word_1_44' title='bbox 700 831 956 902; x_wconf 81' lang='grc' dir='ltr'>μέγεθοςς</span> <span class='ocrx_word' id='word_1_45' title='bbox 1001 833 1146 904; x_wconf 86' lang='grc' dir='ltr'><strong>Πλὴν</strong></span> <span class='ocrx_word' id='word_1_46' title='bbox 1179 833 1337 906; x_wconf 81' lang='grc' dir='ltr'>ἡγοῦ,</span> <span class='ocrx_word' id='word_1_47' title='bbox 1386 835 1480 888; x_wconf 74' lang='grc' dir='ltr'>καὶ</span> <span class='ocrx_word' id='word_1_48' title='bbox 1524 851 1716 887; x_wconf 83' lang='grc' dir='ltr'>κατευ-</span> 
     </span>
    </p>
   </div>
   <div class='ocr_carea' id='block_1_9' title="bbox 161 920 1712 995">
    <p class='ocr_par' dir='ltr' id='par_1_9' title="bbox 161 920 1712 995">
     <span class='ocr_line' id='line_1_9' title="bbox 161 920 1712 995; baseline 0.001 -19"><span class='ocrx_word' id='word_1_49' title='bbox 161 921 292 985; x_wconf 81' lang='grc' dir='ltr'><strong>οδοῦ,</strong></span> <span class='ocrx_word' id='word_1_50' title='bbox 326 921 421 975; x_wconf 81' lang='grc' dir='ltr'>καὶ</span> <span class='ocrx_word' id='word_1_51' title='bbox 456 920 724 990; x_wconf 77' lang='grc' dir='ltr'><strong>βασίλευε,</strong></span> <span class='ocrx_word' id='word_1_52' title='bbox 758 922 848 975; x_wconf 76' lang='grc' dir='ltr'><strong>καὶ</strong></span> <span class='ocrx_word' id='word_1_53' title='bbox 873 923 1122 994; x_wconf 86' lang='grc' dir='ltr'>ποίμαινε</span> <span class='ocrx_word' id='word_1_54' title='bbox 1151 926 1295 995; x_wconf 79' lang='grc' dir='ltr'>ἡμᾶς</span> <span class='ocrx_word' id='word_1_55' title='bbox 1315 925 1712 994; x_wconf 85' lang='grc' dir='ltr'>ποιμαίνοντας.</span> 
     </span>
    </p>
   </div>
   <div class='ocr_carea' id='block_1_10' title="bbox 172 1013 1714 1087">
    <p class='ocr_par' dir='ltr' id='par_1_10' title="bbox 172 1013 1714 1087">
     <span class='ocr_line' id='line_1_10' title="bbox 172 1013 1714 1087; baseline 0.003 -22"><span class='ocrx_word' id='word_1_56' title='bbox 172 1014 254 1076; x_wconf 82' lang='grc' dir='ltr'>Ὠς</span> <span class='ocrx_word' id='word_1_57' title='bbox 279 1013 486 1084; x_wconf 73' lang='grc' dir='ltr'>ἕτοιμοί</span> <span class='ocrx_word' id='word_1_58' title='bbox 519 1029 581 1082; x_wconf 89' lang='grc' dir='ltr'><strong>γε</strong></span> <span class='ocrx_word' id='word_1_59' title='bbox 609 1015 770 1084; x_wconf 82' lang='grc' dir='ltr'><strong>ἡμεῖς</strong></span> <span class='ocrx_word' id='word_1_60' title='bbox 800 1013 1047 1079; x_wconf 72' lang='grc' dir='ltr'>ἕπεσθαι,</span> <span class='ocrx_word' id='word_1_61' title='bbox 1077 1017 1170 1068; x_wconf 77' lang='grc' dir='ltr'>καὶ</span> <span class='ocrx_word' id='word_1_62' title='bbox 1200 1016 1304 1069; x_wconf 84' lang='grc' dir='ltr'>ὑπὸ</span> <span class='ocrx_word' id='word_1_63' title='bbox 1329 1017 1428 1086; x_wconf 81' lang='grc' dir='ltr'>τῆς</span> <span class='ocrx_word' id='word_1_64' title='bbox 1456 1015 1557 1087; x_wconf 84' lang='grc' dir='ltr'>σῆς</span> <span class='ocrx_word' id='word_1_65' title='bbox 1595 1034 1714 1070; x_wconf 86' lang='grc' dir='ltr'>ποι-</span> 
     </span>
    </p>
   </div>
   <div class='ocr_carea' id='block_1_11' title="bbox 165 1105 1716 1178">
    <p class='ocr_par' dir='ltr' id='par_1_11' title="bbox 165 1105 1716 1178">
     <span class='ocr_line' id='line_1_11' title="bbox 165 1105 1716 1178; baseline 0.002 -20"><span class='ocrx_word' id='word_1_66' title='bbox 165 1106 423 1177; x_wconf 82' lang='grc' dir='ltr'>μαντικῆς</span> <span class='ocrx_word' id='word_1_67' title='bbox 477 1105 654 1175; x_wconf 79' lang='grc' dir='ltr'>ψυχῆς</span> <span class='ocrx_word' id='word_1_68' title='bbox 701 1105 810 1177; x_wconf 68' lang='grc'>(54)</span> <span class='ocrx_word' id='word_1_69' title='bbox 854 1106 1078 1174; x_wconf 82' lang='grc' dir='ltr'>ἄγεσθαι</span> <span class='ocrx_word' id='word_1_70' title='bbox 1127 1108 1226 1178; x_wconf 81' lang='grc' dir='ltr'>τῆς</span> <span class='ocrx_word' id='word_1_71' title='bbox 1268 1107 1476 1178; x_wconf 75' lang='grc' dir='ltr'>ὑψηλῆς</span> <span class='ocrx_word' id='word_1_72' title='bbox 1512 1109 1605 1161; x_wconf 70' lang='grc' dir='ltr'>καὶ</span> <span class='ocrx_word' id='word_1_73' title='bbox 1631 1111 1716 1161; x_wconf 81' lang='grc' dir='ltr'><strong>ὲν-</strong></span> 
     </span>
    </p>
   </div>
   <div class='ocr_carea' id='block_1_12' title="bbox 162 1195 1714 1270">
    <p class='ocr_par' dir='ltr' id='par_1_12' title="bbox 162 1195 1714 1270">
     <span class='ocr_line' id='line_1_12' title="bbox 162 1195 1714 1270; baseline 0.002 -21"><span class='ocrx_word' id='word_1_74' title='bbox 162 1196 279 1250; x_wconf 85' lang='grc' dir='ltr'>ϐέου</span> <span class='ocrx_word' id='word_1_75' title='bbox 297 1215 312 1228; x_wconf 75' lang='grc' dir='ltr'><strong>ο</strong></span> <span class='ocrx_word' id='word_1_76' title='bbox 349 1197 624 1268; x_wconf 69' lang='grc' dir='ltr'>εἰρήσεται</span> <span class='ocrx_word' id='word_1_77' title='bbox 661 1196 766 1267; x_wconf 81' lang='grc' dir='ltr'><strong>γὰρ</strong></span> <span class='ocrx_word' id='word_1_78' title='bbox 792 1195 1040 1267; x_wconf 78' lang='grc' dir='ltr'>τάληθὲς,</span> <span class='ocrx_word' id='word_1_79' title='bbox 1062 1197 1115 1250; x_wconf 78' lang='grc' dir='ltr'><strong>εί</strong></span> <span class='ocrx_word' id='word_1_80' title='bbox 1130 1216 1181 1251; x_wconf 91' lang='grc' dir='ltr'><strong>τι</strong></span> <span class='ocrx_word' id='word_1_81' title='bbox 1213 1199 1304 1252; x_wconf 80' lang='grc' dir='ltr'>καὶ</span> <span class='ocrx_word' id='word_1_82' title='bbox 1333 1198 1480 1270; x_wconf 74' lang='grc' dir='ltr'>παρὰ</span> <span class='ocrx_word' id='word_1_83' title='bbox 1515 1198 1606 1252; x_wconf 76' lang='grc' dir='ltr'>τὸν</span> <span class='ocrx_word' id='word_1_84' title='bbox 1629 1200 1714 1252; x_wconf 88' lang='grc' dir='ltr'>νό-</span> 
     </span>
    </p>
   </div>
   <div class='ocr_carea' id='block_1_13' title="bbox 165 1288 1716 1362">
    <p class='ocr_par' dir='ltr' id='par_1_13' title="bbox 165 1288 1716 1362">
     <span class='ocr_line' id='line_1_13' title="bbox 165 1288 1716 1362; baseline 0.001 -21"><span class='ocrx_word' id='word_1_85' title='bbox 165 1305 256 1358; x_wconf 84' lang='grc' dir='ltr'><strong>μον</strong></span> <span class='ocrx_word' id='word_1_86' title='bbox 291 1288 353 1353; x_wconf 76' lang='grc' dir='ltr'>ἐξ</span> <span class='ocrx_word' id='word_1_87' title='bbox 378 1288 597 1359; x_wconf 82' lang='grc' dir='ltr'><strong>ἀγάπης</strong></span> <span class='ocrx_word' id='word_1_88' title='bbox 625 1289 1028 1360; x_wconf 82' lang='grc' dir='ltr'><strong>τετολμήκαμεν</strong></span> <span class='ocrx_word' id='word_1_89' title='bbox 1055 1290 1186 1361; x_wconf 79' lang='grc'>(55).</span> <span class='ocrx_word' id='word_1_90' title='bbox 1218 1289 1432 1356; x_wconf 73' lang='grc' dir='ltr'>Δίδαξω</span> <span class='ocrx_word' id='word_1_91' title='bbox 1475 1289 1584 1361; x_wconf 77' lang='lat'><strong>(56)</strong></span> <span class='ocrx_word' id='word_1_92' title='bbox 1619 1291 1716 1362; x_wconf 86' lang='grc' dir='ltr'>τὴν</span> 
     </span>
    </p>
   </div>
   <div class='ocr_carea' id='block_1_14' title="bbox 163 1379 1715 1453">
    <p class='ocr_par' dir='ltr' id='par_1_14' title="bbox 163 1379 1715 1453">
     <span class='ocr_line' id='line_1_14' title="bbox 163 1379 1715 1453; baseline 0.003 -21"><span class='ocrx_word' id='word_1_93' title='bbox 163 1379 256 1450; x_wconf 78' lang='grc' dir='ltr'>σὴν</span> <span class='ocrx_word' id='word_1_94' title='bbox 273 1379 498 1450; x_wconf 79' lang='grc' dir='ltr'><strong>ἀγάπην</strong></span> <span class='ocrx_word' id='word_1_95' title='bbox 517 1380 642 1451; x_wconf 70' lang='grc' dir='ltr'>περ).</span> <span class='ocrx_word' id='word_1_96' title='bbox 669 1379 736 1433; x_wconf 74' lang='grc' dir='ltr'>τὰ</span> <span class='ocrx_word' id='word_1_97' title='bbox 757 1380 998 1452; x_wconf 82' lang='grc' dir='ltr'>ποίμνια,</span> <span class='ocrx_word' id='word_1_98' title='bbox 1021 1381 1081 1434; x_wconf 83' lang='grc' dir='ltr'>τὸ</span> <span class='ocrx_word' id='word_1_99' title='bbox 1103 1381 1193 1434; x_wconf 80' lang='grc' dir='ltr'><strong>σὺν</strong></span> <span class='ocrx_word' id='word_1_100' title='bbox 1216 1382 1469 1452; x_wconf 78' lang='grc' dir='ltr'>ἐπιμελές</span> <span class='ocrx_word' id='word_1_101' title='bbox 1489 1400 1547 1435; x_wconf 87' lang='grc' dir='ltr'><strong>τε</strong></span> <span class='ocrx_word' id='word_1_102' title='bbox 1582 1385 1715 1453; x_wconf 79' lang='grc' dir='ltr'>ὁμοῦ</span> 
     </span>
    </p>
   </div>
   <div class='ocr_carea' id='block_1_15' title="bbox 162 1471 1716 1546">
    <p class='ocr_par' dir='ltr' id='par_1_15' title="bbox 162 1471 1716 1546">
     <span class='ocr_line' id='line_1_15' title="bbox 162 1471 1716 1546; baseline 0.003 -23"><span class='ocrx_word' id='word_1_103' title='bbox 162 1471 249 1523; x_wconf 76' lang='grc' dir='ltr'>καὶ</span> <span class='ocrx_word' id='word_1_104' title='bbox 291 1471 600 1536; x_wconf 86' lang='grc' dir='ltr'>εὑσύνετον,</span> <span class='ocrx_word' id='word_1_105' title='bbox 639 1472 733 1542; x_wconf 84' lang='grc' dir='ltr'>τὴν</span> <span class='ocrx_word' id='word_1_106' title='bbox 765 1472 1100 1535; x_wconf 76' lang='grc' dir='ltr'>ἐπιστασίαν,</span> <span class='ocrx_word' id='word_1_107' title='bbox 1132 1472 1232 1536; x_wconf 80' lang='grc' dir='ltr'><strong>τὰς</strong></span> <span class='ocrx_word' id='word_1_108' title='bbox 1261 1474 1585 1544; x_wconf 85' lang='grc' dir='ltr'>ἀγρυπνίας,</span> <span class='ocrx_word' id='word_1_109' title='bbox 1619 1477 1716 1546; x_wconf 78' lang='grc' dir='ltr'>τὴν</span> 
     </span>
    </p>
   </div>
   <div class='ocr_carea' id='block_1_16' title="bbox 158 1562 1717 1636">
    <p class='ocr_par' dir='ltr' id='par_1_16' title="bbox 158 1562 1717 1636">
     <span class='ocr_line' id='line_1_16' title="bbox 158 1562 1717 1636; baseline 0.004 -22"><span class='ocrx_word' id='word_1_110' title='bbox 158 1562 260 1615; x_wconf 85' lang='grc' dir='ltr'><strong>τῶν</strong></span> <span class='ocrx_word' id='word_1_111' title='bbox 298 1563 411 1616; x_wconf 90' lang='grc' dir='ltr'><strong>σῶν</strong></span> <span class='ocrx_word' id='word_1_112' title='bbox 445 1563 658 1634; x_wconf 80' lang='grc' dir='ltr'><strong>σαρκῶν</strong></span> <span class='ocrx_word' id='word_1_113' title='bbox 697 1562 1060 1634; x_wconf 81' lang='grc' dir='ltr'>ὑποχώρησιν,</span> <span class='ocrx_word' id='word_1_114' title='bbox 1099 1565 1166 1636; x_wconf 78' lang='grc' dir='ltr'>ἢν</span> <span class='ocrx_word' id='word_1_115' title='bbox 1201 1563 1278 1634; x_wconf 84' lang='grc' dir='ltr'>τῷ</span> <span class='ocrx_word' id='word_1_116' title='bbox 1317 1565 1582 1635; x_wconf 80' lang='grc' dir='ltr'>πνεύματι</span> <span class='ocrx_word' id='word_1_117' title='bbox 1616 1568 1717 1621; x_wconf 86' lang='grc' dir='ltr'>ὑπ-</span> 
     </span>
    </p>
   </div>
   <div class='ocr_carea' id='block_1_17' title="bbox 158 1653 1716 1738">
    <p class='ocr_par' dir='ltr' id='par_1_17' title="bbox 158 1653 1716 1738">
     <span class='ocr_line' id='line_1_17' title="bbox 158 1653 1716 1738; baseline 0.004 -31"><span class='ocrx_word' id='word_1_118' title='bbox 158 1653 459 1738; x_wconf 76' lang='grc' dir='ltr'>εχῶρησαν,</span> <span class='ocrx_word' id='word_1_119' title='bbox 496 1655 559 1708; x_wconf 83' lang='grc' dir='ltr'>τὸ</span> <span class='ocrx_word' id='word_1_120' title='bbox 591 1656 683 1708; x_wconf 81' lang='grc' dir='ltr'>τοῦ</span> <span class='ocrx_word' id='word_1_121' title='bbox 737 1655 831 1708; x_wconf 81' lang='grc' dir='ltr'>σοῦ</span> <span class='ocrx_word' id='word_1_122' title='bbox 880 1656 1168 1728; x_wconf 85' lang='grc' dir='ltr'>χρώματος</span> <span class='ocrx_word' id='word_1_123' title='bbox 1209 1657 1368 1722; x_wconf 78' lang='grc' dir='ltr'>ἄνθος</span> <span class='ocrx_word' id='word_1_124' title='bbox 1410 1661 1474 1730; x_wconf 79' lang='grc' dir='ltr'>τῇ</span> <span class='ocrx_word' id='word_1_125' title='bbox 1517 1661 1716 1733; x_wconf 83' lang='grc' dir='ltr'>ποίμνῃ</span> 
     </span>
    </p>
   </div>
   <div class='ocr_carea' id='block_1_18' title="bbox 159 1746 1717 1822">
    <p class='ocr_par' dir='ltr' id='par_1_18' title="bbox 159 1746 1717 1822">
     <span class='ocr_line' id='line_1_18' title="bbox 159 1746 1717 1822; baseline 0.004 -24"><span class='ocrx_word' id='word_1_126' title='bbox 159 1746 472 1816; x_wconf 80' lang='grc' dir='ltr'>κάμνοντος,</span> <span class='ocrx_word' id='word_1_127' title='bbox 516 1747 576 1800; x_wconf 85' lang='grc' dir='ltr'>τὸ</span> <span class='ocrx_word' id='word_1_128' title='bbox 632 1749 690 1800; x_wconf 86' lang='grc' dir='ltr'>ὲν</span> <span class='ocrx_word' id='word_1_129' title='bbox 745 1749 1018 1819; x_wconf 83' lang='grc' dir='ltr'>πραΰτητι</span> <span class='ocrx_word' id='word_1_130' title='bbox 1083 1749 1356 1815; x_wconf 68' lang='grc' dir='ltr'>σύντονον,</span> <span class='ocrx_word' id='word_1_131' title='bbox 1406 1752 1467 1804; x_wconf 84' lang='grc' dir='ltr'><strong>τὺ</strong></span> <span class='ocrx_word' id='word_1_132' title='bbox 1529 1753 1588 1804; x_wconf 83' lang='grc' dir='ltr'>ἐν</span> <span class='ocrx_word' id='word_1_133' title='bbox 1640 1753 1717 1822; x_wconf 83' lang='grc' dir='ltr'>τῷ</span> 
     </span>
    </p>
   </div>
   <div class='ocr_carea' id='block_1_19' title="bbox 160 1837 1717 1914">
    <p class='ocr_par' dir='ltr' id='par_1_19' title="bbox 160 1837 1717 1914">
     <span class='ocr_line' id='line_1_19' title="bbox 160 1837 1717 1914; baseline 0.006 -25"><span class='ocrx_word' id='word_1_134' title='bbox 160 1837 445 1909; x_wconf 77' lang='grc' dir='ltr'>πρακτικῷ</span> <span class='ocrx_word' id='word_1_135' title='bbox 476 1838 704 1909; x_wconf 84' lang='grc' dir='ltr'>γαληνόν</span> <span class='ocrx_word' id='word_1_136' title='bbox 749 1857 808 1893; x_wconf 87' lang='grc' dir='ltr'><strong>τε</strong></span> <span class='ocrx_word' id='word_1_137' title='bbox 856 1841 948 1894; x_wconf 74' lang='grc' dir='ltr'>καὶ</span> <span class='ocrx_word' id='word_1_138' title='bbox 987 1843 1190 1912; x_wconf 79' lang='grc' dir='ltr'>ἥμερον</span> <span class='ocrx_word' id='word_1_139' title='bbox 1239 1844 1491 1914; x_wconf 83' lang='grc' dir='ltr'>(πρᾶγμα</span> <span class='ocrx_word' id='word_1_140' title='bbox 1526 1844 1626 1898; x_wconf 87' lang='grc' dir='ltr'><strong>οὑκ</strong></span> <span class='ocrx_word' id='word_1_141' title='bbox 1659 1848 1717 1898; x_wconf 78' lang='grc' dir='ltr'>ἐν</span> 
     </span>
    </p>
   </div>
   <div class='ocr_carea' id='block_1_20' title="bbox 1821 647 3376 713">
    <p class='ocr_par' dir='ltr' id='par_1_20' title="bbox 1821 647 3376 713">
     <span class='ocr_line' id='line_1_20' title="bbox 1821 647 3376 713; baseline 0 -11"><span class='ocrx_word' id='word_1_142' title='bbox 1821 651 2082 704; x_wconf 77' lang='lat' dir='ltr'><strong>auditum.</strong></span> <span class='ocrx_word' id='word_1_143' title='bbox 2113 649 2224 702; x_wconf 87' lang='lat' dir='ltr'><strong>Non</strong></span> <span class='ocrx_word' id='word_1_144' title='bbox 2265 650 2518 703; x_wconf 80' lang='lat' dir='ltr'><strong>suasione</strong></span> <span class='ocrx_word' id='word_1_145' title='bbox 2545 649 2785 713; x_wconf 91' lang='lat' dir='ltr'><strong>inducti,</strong></span> <span class='ocrx_word' id='word_1_146' title='bbox 2831 649 2924 703; x_wconf 89' lang='lat' dir='ltr'><strong>sed</strong></span> <span class='ocrx_word' id='word_1_147' title='bbox 2958 647 3128 703; x_wconf 91' lang='lat' dir='ltr'><strong>coacti</strong></span> <span class='ocrx_word' id='word_1_148' title='bbox 3169 663 3376 702; x_wconf 90' lang='lat' dir='ltr'><strong>sumus.</strong></span> 
     </span>
    </p>
   </div>
   <div class='ocr_carea' id='block_1_21' title="bbox 1821 735 3381 804">
    <p class='ocr_par' dir='ltr' id='par_1_21' title="bbox 1821 735 3381 804">
     <span class='ocr_line' id='line_1_21' title="bbox 1821 735 3381 804; baseline -0.003 -10"><span class='ocrx_word' id='word_1_149' title='bbox 1821 739 1864 794; x_wconf 93' lang='grc'>0</span> <span class='ocrx_word' id='word_1_150' title='bbox 1899 755 2007 793; x_wconf 90' lang='lat' dir='ltr'><strong>rem</strong></span> <span class='ocrx_word' id='word_1_151' title='bbox 2039 740 2262 792; x_wconf 81' lang='lat' dir='ltr'><strong>miratu!</strong></span> <span class='ocrx_word' id='word_1_152' title='bbox 2297 738 2466 804; x_wconf 87' lang='lat' dir='ltr'><strong>Quam</strong></span> <span class='ocrx_word' id='word_1_153' title='bbox 2497 753 2631 792; x_wconf 88' lang='lat' dir='ltr'><strong>nova</strong></span> <span class='ocrx_word' id='word_1_154' title='bbox 2666 739 2806 792; x_wconf 80' lang='lat' dir='ltr'><strong>facta</strong></span> <span class='ocrx_word' id='word_1_155' title='bbox 2855 745 2976 792; x_wconf 90' lang='lat' dir='ltr'><strong>sunt</strong></span> <span class='ocrx_word' id='word_1_156' title='bbox 3007 737 3184 791; x_wconf 91' lang='lat' dir='ltr'><strong>omnia</strong></span> <span class='ocrx_word' id='word_1_157' title='bbox 3204 735 3281 789; x_wconf 71' lang='lat' dir='ltr'><strong>“l</strong></span> <span class='ocrx_word' id='word_1_158' title='bbox 3316 737 3381 790; x_wconf 83' lang='lat' dir='ltr'><strong>Et</strong></span> 
     </span>
    </p>
   </div>
   <div class='ocr_carea' id='block_1_22' title="bbox 1819 826 3378 897">
    <p class='ocr_par' dir='ltr' id='par_1_22' title="bbox 1819 826 3378 897">
     <span class='ocr_line' id='line_1_22' title="bbox 1819 826 3378 897; baseline 0 -17"><span class='ocrx_word' id='word_1_159' title='bbox 1819 839 2076 896; x_wconf 86' lang='lat' dir='ltr'><strong>quantum</strong></span> <span class='ocrx_word' id='word_1_160' title='bbox 2107 843 2203 882; x_wconf 90' lang='lat' dir='ltr'><strong>nos</strong></span> <span class='ocrx_word' id='word_1_161' title='bbox 2228 829 2525 897; x_wconf 81' lang='lat' dir='ltr'><strong>disjunxit!</strong></span> <span class='ocrx_word' id='word_1_162' title='bbox 2558 828 2799 893; x_wconf 89' lang='lat' dir='ltr'><strong>thronus,</strong></span> <span class='ocrx_word' id='word_1_163' title='bbox 2823 827 3018 891; x_wconf 83' lang='lat' dir='ltr'><strong>dicam,</strong></span> <span class='ocrx_word' id='word_1_164' title='bbox 3042 842 3108 879; x_wconf 86' lang='lat' dir='ltr'><strong>an</strong></span> <span class='ocrx_word' id='word_1_165' title='bbox 3133 827 3316 894; x_wconf 69' lang='lat' dir='ltr'><strong>gratia:</strong></span> <span class='ocrx_word' id='word_1_166' title='bbox 3335 826 3378 857; x_wconf 75' lang='lat'><strong>“</strong></span> 
     </span>
    </p>
   </div>
   <div class='ocr_carea' id='block_1_23' title="bbox 1821 917 3382 990">
    <p class='ocr_par' dir='ltr' id='par_1_23' title="bbox 1821 917 3382 990">
     <span class='ocr_line' id='line_1_23' title="bbox 1821 917 3382 990; baseline -0.001 -16"><span class='ocrx_word' id='word_1_167' title='bbox 1821 919 2169 990; x_wconf 79' lang='lat' dir='ltr'><strong>magnitudo?</strong></span> <span class='ocrx_word' id='word_1_168' title='bbox 2202 919 2310 975; x_wconf 89' lang='lat' dir='ltr'><strong>Sed</strong></span> <span class='ocrx_word' id='word_1_169' title='bbox 2339 931 2515 975; x_wconf 88' lang='lat' dir='ltr'><strong>tamen</strong></span> <span class='ocrx_word' id='word_1_170' title='bbox 2545 919 2708 988; x_wconf 81' lang='lat' dir='ltr'><strong>praei,</strong></span> <span class='ocrx_word' id='word_1_171' title='bbox 2745 932 2998 988; x_wconf 84' lang='lat' dir='ltr'><strong>prospere</strong></span> <span class='ocrx_word' id='word_1_172' title='bbox 3025 917 3253 987; x_wconf 86' lang='lat' dir='ltr'><strong>procede</strong></span> <span class='ocrx_word' id='word_1_173' title='bbox 3274 958 3292 982; x_wconf 97' lang='lat'><strong>,</strong></span> <span class='ocrx_word' id='word_1_174' title='bbox 3326 928 3382 972; x_wconf 89' lang='lat' dir='ltr'><strong>et</strong></span> 
     </span>
    </p>
   </div>
   <div class='ocr_carea' id='block_1_24' title="bbox 1823 1007 3376 1079">
    <p class='ocr_par' dir='ltr' id='par_1_24' title="bbox 1823 1007 3376 1079">
     <span class='ocr_line' id='line_1_24' title="bbox 1823 1007 3376 1079; baseline -0.001 -16"><span class='ocrx_word' id='word_1_175' title='bbox 1823 1025 1984 1076; x_wconf 77' lang='lat' dir='ltr'><strong>regna</strong></span> <span class='ocrx_word' id='word_1_176' title='bbox 2002 1009 2068 1074; x_wconf 69' lang='lat'><strong>“,</strong></span> <span class='ocrx_word' id='word_1_177' title='bbox 2103 1024 2307 1079; x_wconf 89' lang='lat' dir='ltr'><strong>uosque</strong></span> <span class='ocrx_word' id='word_1_178' title='bbox 2331 1019 2573 1079; x_wconf 89' lang='lat' dir='ltr'><strong>pastores</strong></span> <span class='ocrx_word' id='word_1_179' title='bbox 2596 1025 2777 1079; x_wconf 83' lang='lat' dir='ltr'><strong>pasce.</strong></span> <span class='ocrx_word' id='word_1_180' title='bbox 2806 1008 2983 1062; x_wconf 80' lang='lat' dir='ltr'><strong>Parati</strong></span> <span class='ocrx_word' id='word_1_181' title='bbox 3011 1007 3227 1077; x_wconf 83' lang='lat' dir='ltr'><strong>quidem</strong></span> <span class='ocrx_word' id='word_1_182' title='bbox 3258 1022 3376 1074; x_wconf 87' lang='lat' dir='ltr'><strong>nos,</strong></span> 
     </span>
    </p>
   </div>
   <div class='ocr_carea' id='block_1_25' title="bbox 1825 1097 3379 1168">
    <p class='ocr_par' dir='ltr' id='par_1_25' title="bbox 1825 1097 3379 1168">
     <span class='ocr_line' id='line_1_25' title="bbox 1825 1097 3379 1168; baseline -0.001 -17"><span class='ocrx_word' id='word_1_183' title='bbox 1825 1110 1881 1151; x_wconf 89' lang='lat' dir='ltr'><strong>ut</strong></span> <span class='ocrx_word' id='word_1_184' title='bbox 1909 1108 1996 1152; x_wconf 91' lang='lat' dir='ltr'><strong>tua</strong></span> <span class='ocrx_word' id='word_1_185' title='bbox 2025 1113 2317 1168; x_wconf 85' lang='lat' dir='ltr'><strong>sequamur</strong></span> <span class='ocrx_word' id='word_1_186' title='bbox 2351 1097 2569 1167; x_wconf 87' lang='lat' dir='ltr'><strong>vestigia</strong></span> <span class='ocrx_word' id='word_1_187' title='bbox 2591 1139 2604 1162; x_wconf 93' lang='lat'><strong>,</strong></span> <span class='ocrx_word' id='word_1_188' title='bbox 2637 1109 2797 1165; x_wconf 89' lang='lat' dir='ltr'><strong>atque</strong></span> <span class='ocrx_word' id='word_1_189' title='bbox 2825 1097 3113 1167; x_wconf 82' lang='lat' dir='ltr'><strong>pastoralis</strong></span> <span class='ocrx_word' id='word_1_190' title='bbox 3174 1110 3379 1151; x_wconf 90' lang='lat' dir='ltr'><strong>necnon</strong></span> 
     </span>
    </p>
   </div>
   <div class='ocr_carea' id='block_1_26' title="bbox 1822 1188 3377 1245">
    <p class='ocr_par' dir='ltr' id='par_1_26' title="bbox 1822 1188 3377 1245">
     <span class='ocr_line' id='line_1_26' title="bbox 1822 1188 3377 1245; baseline -0.001 -3"><span class='ocrx_word' id='word_1_191' title='bbox 1822 1189 2066 1244; x_wconf 76' lang='lat' dir='ltr'><strong>sublimis</strong></span> <span class='ocrx_word' id='word_1_192' title='bbox 2118 1200 2174 1245; x_wconf 89' lang='lat' dir='ltr'><strong>et</strong></span> <span class='ocrx_word' id='word_1_193' title='bbox 2211 1191 2404 1245; x_wconf 77' lang='lat' dir='ltr'><strong>divime</strong></span> <span class='ocrx_word' id='word_1_194' title='bbox 2451 1191 2642 1243; x_wconf 71' lang='lat' dir='ltr'><strong>animae</strong></span> <span class='ocrx_word' id='word_1_195' title='bbox 2697 1200 2797 1243; x_wconf 63' lang='lat' dir='ltr'><strong>Ilia:</strong></span> <span class='ocrx_word' id='word_1_196' title='bbox 2835 1189 3052 1243; x_wconf 85' lang='lat' dir='ltr'><strong>nutibus</strong></span> <span class='ocrx_word' id='word_1_197' title='bbox 3098 1188 3377 1242; x_wconf 87' lang='lat' dir='ltr'><strong>ducamur.</strong></span> 
     </span>
    </p>
   </div>
   <div class='ocr_carea' id='block_1_27' title="bbox 1827 1281 3382 1352">
    <p class='ocr_par' dir='ltr' id='par_1_27' title="bbox 1827 1281 3382 1352">
     <span class='ocr_line' id='line_1_27' title="bbox 1827 1281 3382 1352; baseline -0.001 -16"><span class='ocrx_word' id='word_1_198' title='bbox 1827 1283 1962 1337; x_wconf 82' lang='lat' dir='ltr'><strong>Vera</strong></span> <span class='ocrx_word' id='word_1_199' title='bbox 2005 1282 2149 1337; x_wconf 90' lang='lat' dir='ltr'><strong>enim</strong></span> <span class='ocrx_word' id='word_1_200' title='bbox 2203 1282 2448 1352; x_wconf 88' lang='lat' dir='ltr'><strong>eloquar,</strong></span> <span class='ocrx_word' id='word_1_201' title='bbox 2491 1282 2703 1337; x_wconf 87' lang='lat' dir='ltr'><strong>etiamsi</strong></span> <span class='ocrx_word' id='word_1_202' title='bbox 2746 1295 2856 1350; x_wconf 70' lang='lat' dir='ltr'><strong>prae</strong></span> <span class='ocrx_word' id='word_1_203' title='bbox 2896 1295 3080 1336; x_wconf 88' lang='lat' dir='ltr'><strong>amore</strong></span> <span class='ocrx_word' id='word_1_204' title='bbox 3124 1281 3382 1336; x_wconf 88' lang='lat' dir='ltr'><strong>audacius</strong></span> 
     </span>
    </p>
   </div>
   <div class='ocr_carea' id='block_1_28' title="bbox 1822 1373 3379 1445">
    <p class='ocr_par' dir='ltr' id='par_1_28' title="bbox 1822 1373 3379 1445">
     <span class='ocr_line' id='line_1_28' title="bbox 1822 1373 3379 1445; baseline -0.001 -17"><span class='ocrx_word' id='word_1_205' title='bbox 1822 1375 2090 1445; x_wconf 72' lang='lat' dir='ltr'><strong>quidpiam</strong></span> <span class='ocrx_word' id='word_1_206' title='bbox 2114 1383 2307 1443; x_wconf 65' lang='lat' dir='ltr'><strong>praeter</strong></span> <span class='ocrx_word' id='word_1_207' title='bbox 2329 1374 2495 1442; x_wconf 81' lang='lat' dir='ltr'><strong>legem</strong></span> <span class='ocrx_word' id='word_1_208' title='bbox 2524 1374 2924 1441; x_wconf 81' lang='lat' dir='ltr'><strong>protttlcrimus.</strong></span> <span class='ocrx_word' id='word_1_209' title='bbox 2947 1373 3058 1428; x_wconf 82' lang='lat' dir='ltr'><strong>Nos</strong></span> <span class='ocrx_word' id='word_1_210' title='bbox 3081 1373 3212 1428; x_wconf 87' lang='lat' dir='ltr'><strong>doce</strong></span> <span class='ocrx_word' id='word_1_211' title='bbox 3237 1383 3379 1428; x_wconf 88' lang='lat' dir='ltr'><strong>tuam</strong></span> 
     </span>
    </p>
   </div>
   <div class='ocr_carea' id='block_1_29' title="bbox 1821 1466 3386 1538">
    <p class='ocr_par' dir='ltr' id='par_1_29' title="bbox 1821 1466 3386 1538">
     <span class='ocr_line' id='line_1_29' title="bbox 1821 1466 3386 1538; baseline -0.004 -14"><span class='ocrx_word' id='word_1_212' title='bbox 1821 1484 1946 1538; x_wconf 85' lang='lat' dir='ltr'><strong>erga</strong></span> <span class='ocrx_word' id='word_1_213' title='bbox 1977 1482 2191 1538; x_wconf 80' lang='lat' dir='ltr'><strong>gregem</strong></span> <span class='ocrx_word' id='word_1_214' title='bbox 2225 1467 2581 1530; x_wconf 87' lang='lat' dir='ltr'><strong>charitatem,</strong></span> <span class='ocrx_word' id='word_1_215' title='bbox 2631 1476 2774 1519; x_wconf 80' lang='lat' dir='ltr'><strong>luant</strong></span> <span class='ocrx_word' id='word_1_216' title='bbox 2814 1466 2972 1520; x_wconf 87' lang='lat' dir='ltr'><strong>simul</strong></span> <span class='ocrx_word' id='word_1_217' title='bbox 3017 1475 3072 1521; x_wconf 89' lang='lat' dir='ltr'><strong>et</strong></span> <span class='ocrx_word' id='word_1_218' title='bbox 3108 1481 3292 1519; x_wconf 87' lang='lat' dir='ltr'><strong>curam</strong></span> <span class='ocrx_word' id='word_1_219' title='bbox 3329 1475 3386 1520; x_wconf 86' lang='lat' dir='ltr'><strong>et</strong></span> 
     </span>
    </p>
   </div>
   <div class='ocr_carea' id='block_1_30' title="bbox 1814 1541 3382 1627">
    <p class='ocr_par' dir='ltr' id='par_1_30' title="bbox 1814 1541 3382 1627">
     <span class='ocr_line' id='line_1_30' title="bbox 1814 1541 3382 1627; baseline -0.004 -15"><span class='ocrx_word' id='word_1_220' title='bbox 1814 1541 2119 1625; x_wconf 74' lang='lat' dir='ltr'><strong>solertiam,</strong></span> <span class='ocrx_word' id='word_1_221' title='bbox 2156 1557 2597 1623; x_wconf 83' lang='lat' dir='ltr'><strong>sollicitudinem,</strong></span> <span class='ocrx_word' id='word_1_222' title='bbox 2636 1556 2868 1627; x_wconf 74' lang='lat' dir='ltr'><strong>vigilias,</strong></span> <span class='ocrx_word' id='word_1_223' title='bbox 2904 1555 3032 1624; x_wconf 80' lang='lat' dir='ltr'><strong>illud</strong></span> <span class='ocrx_word' id='word_1_224' title='bbox 3065 1555 3382 1624; x_wconf 82' lang='lat' dir='ltr'><strong>obsequium</strong></span> 
     </span>
    </p>
   </div>
   <div class='ocr_carea' id='block_1_31' title="bbox 1823 1647 3383 1718">
    <p class='ocr_par' dir='ltr' id='par_1_31' title="bbox 1823 1647 3383 1718">
     <span class='ocr_line' id='line_1_31' title="bbox 1823 1647 3383 1718; baseline -0.003 -15"><span class='ocrx_word' id='word_1_225' title='bbox 1823 1667 1851 1703; x_wconf 69' lang='grc' dir='ltr'>τι</span> <span class='ocrx_word' id='word_1_226' title='bbox 1882 1664 2046 1704; x_wconf 86' lang='lat' dir='ltr'><strong>carne</strong></span> <span class='ocrx_word' id='word_1_227' title='bbox 2095 1657 2179 1702; x_wconf 89' lang='lat' dir='ltr'><strong>tua</strong></span> <span class='ocrx_word' id='word_1_228' title='bbox 2230 1648 2441 1716; x_wconf 83' lang='lat' dir='ltr'><strong>spiritui</strong></span> <span class='ocrx_word' id='word_1_229' title='bbox 2490 1648 2824 1718; x_wconf 59' lang='lat' dir='ltr'><strong>prastitum,</strong></span> <span class='ocrx_word' id='word_1_230' title='bbox 2878 1647 3028 1702; x_wconf 89' lang='lat' dir='ltr'><strong>illum</strong></span> <span class='ocrx_word' id='word_1_231' title='bbox 3079 1647 3273 1702; x_wconf 89' lang='lat' dir='ltr'><strong>coloris</strong></span> <span class='ocrx_word' id='word_1_232' title='bbox 3307 1647 3383 1700; x_wconf 89' lang='lat' dir='ltr'><strong>tui</strong></span> 
     </span>
    </p>
   </div>
   <div class='ocr_carea' id='block_1_32' title="bbox 1824 1737 3384 1810">
    <p class='ocr_par' dir='ltr' id='par_1_32' title="bbox 1824 1737 3384 1810">
     <span class='ocr_line' id='line_1_32' title="bbox 1824 1737 3384 1810; baseline -0.002 -16"><span class='ocrx_word' id='word_1_233' title='bbox 1824 1740 2045 1806; x_wconf 81' lang='lat' dir='ltr'><strong>ﬂorem,</strong></span> <span class='ocrx_word' id='word_1_234' title='bbox 2110 1741 2200 1810; x_wconf 89' lang='lat' dir='ltr'><strong>qui</strong></span> <span class='ocrx_word' id='word_1_235' title='bbox 2255 1755 2354 1809; x_wconf 89' lang='lat' dir='ltr'><strong>pro</strong></span> <span class='ocrx_word' id='word_1_236' title='bbox 2380 1755 2538 1809; x_wconf 84' lang='lat' dir='ltr'><strong>grege</strong></span> <span class='ocrx_word' id='word_1_237' title='bbox 2587 1739 2949 1802; x_wconf 85' lang='lat' dir='ltr'><strong>contabescit,</strong></span> <span class='ocrx_word' id='word_1_238' title='bbox 3008 1737 3137 1792; x_wconf 91' lang='lat' dir='ltr'><strong>illud</strong></span> <span class='ocrx_word' id='word_1_239' title='bbox 3188 1737 3384 1807; x_wconf 89' lang='lat' dir='ltr'><strong>ingenii</strong></span> 
     </span>
    </p>
   </div>
   <div class='ocr_carea' id='block_1_33' title="bbox 1825 1828 3386 1906">
    <p class='ocr_par' dir='ltr' id='par_1_33' title="bbox 1825 1828 3386 1906">
     <span class='ocr_line' id='line_1_33' title="bbox 1825 1828 3386 1906; baseline -0.004 -20"><span class='ocrx_word' id='word_1_240' title='bbox 1825 1848 2050 1888; x_wconf 89' lang='lat' dir='ltr'><strong>acumen</strong></span> <span class='ocrx_word' id='word_1_241' title='bbox 2080 1832 2299 1886; x_wconf 88' lang='lat' dir='ltr'><strong>lenitate</strong></span> <span class='ocrx_word' id='word_1_242' title='bbox 2335 1840 2718 1899; x_wconf 82' lang='lat' dir='ltr'><strong>temperatum,</strong></span> <span class='ocrx_word' id='word_1_243' title='bbox 2753 1829 2894 1883; x_wconf 83' lang='lat' dir='ltr'><strong>illam</strong></span> <span class='ocrx_word' id='word_1_244' title='bbox 2926 1829 2978 1882; x_wconf 92' lang='lat' dir='ltr'><strong>in</strong></span> <span class='ocrx_word' id='word_1_245' title='bbox 3000 1828 3170 1906; x_wconf 53' lang='lat' dir='ltr'><strong>gebus</strong></span> <span class='ocrx_word' id='word_1_246' title='bbox 3198 1841 3386 1897; x_wconf 87' lang='lat' dir='ltr'><strong>geren-</strong></span> 
     </span>
    </p>
   </div>
   <div class='ocr_carea' id='block_1_34' title="bbox 157 1918 1738 2007">
    <p class='ocr_par' dir='ltr' id='par_1_34' title="bbox 157 1928 1716 2007">
     <span class='ocr_line' id='line_1_34' title="bbox 157 1928 1716 2007; baseline 0.006 -28"><span class='ocrx_word' id='word_1_247' title='bbox 157 1928 370 1992; x_wconf 86' lang='grc' dir='ltr'>πολλοῖς</span> <span class='ocrx_word' id='word_1_248' title='bbox 403 1929 805 2000; x_wconf 78' lang='grc' dir='ltr'>εὑρισκόμενον,</span> <span class='ocrx_word' id='word_1_249' title='bbox 839 1933 959 1985; x_wconf 83' lang='grc' dir='ltr'>οὑδὲ</span> <span class='ocrx_word' id='word_1_250' title='bbox 997 1933 1167 1986; x_wconf 80' lang='grc' dir='ltr'>πολλὰ</span> <span class='ocrx_word' id='word_1_251' title='bbox 1211 1933 1330 2004; x_wconf 79' lang='grc' dir='ltr'>ἔχον</span> <span class='ocrx_word' id='word_1_252' title='bbox 1368 1934 1435 1988; x_wconf 86' lang='grc' dir='ltr'><strong>τὰ</strong></span> <span class='ocrx_word' id='word_1_253' title='bbox 1462 1936 1716 2007; x_wconf 86' lang='grc' dir='ltr'>παραδεί-</span> 
     </span>
    </p>
   </div>
   <div class='ocr_carea' id='block_1_35' title="bbox 1831 1918 3384 2007">
    <p class='ocr_par' dir='ltr' id='par_1_35' title="bbox 1831 1918 3384 1991">
     <span class='ocr_line' id='line_1_35' title="bbox 1831 1918 3384 1991; baseline -0.005 -14"><span class='ocrx_word' id='word_1_254' title='bbox 1831 1923 1901 1978; x_wconf 83' lang='lat' dir='ltr'><strong>iis</strong></span> <span class='ocrx_word' id='word_1_255' title='bbox 1933 1925 2274 1978; x_wconf 87' lang='lat' dir='ltr'><strong>serenitatem</strong></span> <span class='ocrx_word' id='word_1_256' title='bbox 2309 1931 2364 1977; x_wconf 89' lang='lat' dir='ltr'><strong>et</strong></span> <span class='ocrx_word' id='word_1_257' title='bbox 2394 1920 2854 1975; x_wconf 87' lang='lat' dir='ltr'><strong>mansuetudinem</strong></span> <span class='ocrx_word' id='word_1_258' title='bbox 2889 1919 3042 1991; x_wconf 65' lang='lat' dir='ltr'><strong>(quae</strong></span> <span class='ocrx_word' id='word_1_259' title='bbox 3082 1933 3169 1973; x_wconf 91' lang='lat' dir='ltr'><strong>res</strong></span> <span class='ocrx_word' id='word_1_260' title='bbox 3212 1918 3384 1972; x_wconf 90' lang='lat' dir='ltr'><strong>haud-</strong></span> 
     </span>
    </p>
   </div>
   <div class='ocr_carea' id='block_1_36' title="bbox 155 2021 1718 2098">
    <p class='ocr_par' dir='ltr' id='par_1_36' title="bbox 155 2021 1718 2098">
     <span class='ocr_line' id='line_1_36' title="bbox 155 2021 1718 2098; baseline 0.007 -27"><span class='ocrx_word' id='word_1_261' title='bbox 155 2023 381 2088; x_wconf 83' lang='grc' dir='ltr'>γματα),</span> <span class='ocrx_word' id='word_1_262' title='bbox 403 2021 530 2085; x_wconf 83' lang='grc' dir='ltr'>τοὺς</span> <span class='ocrx_word' id='word_1_263' title='bbox 561 2022 697 2093; x_wconf 85' lang='grc' dir='ltr'>ὑπὲρ</span> <span class='ocrx_word' id='word_1_264' title='bbox 728 2024 826 2094; x_wconf 80' lang='grc' dir='ltr'>τῆς</span> <span class='ocrx_word' id='word_1_265' title='bbox 859 2024 1092 2095; x_wconf 84' lang='grc' dir='ltr'>ποίμνης</span> <span class='ocrx_word' id='word_1_266' title='bbox 1120 2026 1404 2098; x_wconf 83' lang='grc' dir='ltr'>πολέμους,</span> <span class='ocrx_word' id='word_1_267' title='bbox 1443 2028 1540 2091; x_wconf 84' lang='grc' dir='ltr'><strong>τὰς</strong></span> <span class='ocrx_word' id='word_1_268' title='bbox 1564 2026 1718 2090; x_wconf 84' lang='grc' dir='ltr'>νίκας</span> 
     </span>
    </p>
   </div>
   <div class='ocr_carea' id='block_1_37' title="bbox 154 2112 984 2187">
    <p class='ocr_par' dir='ltr' id='par_1_37' title="bbox 154 2112 984 2187">
     <span class='ocr_line' id='line_1_37' title="bbox 154 2112 984 2187; baseline 0.006 -23"><span class='ocrx_word' id='word_1_269' title='bbox 154 2112 215 2175; x_wconf 74' lang='grc' dir='ltr'>ἃς</span> <span class='ocrx_word' id='word_1_270' title='bbox 250 2114 308 2165; x_wconf 81' lang='grc' dir='ltr'>ὲν</span> <span class='ocrx_word' id='word_1_271' title='bbox 330 2113 549 2185; x_wconf 84' lang='grc' dir='ltr'><strong>Χριστῷ</strong></span> <span class='ocrx_word' id='word_1_272' title='bbox 579 2115 643 2168; x_wconf 83' lang='grc' dir='ltr'>σὺ</span> <span class='ocrx_word' id='word_1_273' title='bbox 677 2115 984 2187; x_wconf 77' lang='grc' dir='ltr'>νενίκηκας.</span> 
     </span>
    </p>
   </div>
   <div class='ocr_carea' id='block_1_38' title="bbox 221 2289 1718 2363">
    <p class='ocr_par' dir='ltr' id='par_1_38' title="bbox 221 2289 1718 2363">
     <span class='ocr_line' id='line_1_38' title="bbox 221 2289 1718 2363; baseline 0.005 -22"><span class='ocrx_word' id='word_1_274' title='bbox 221 2291 317 2356; x_wconf 73' lang='grc' dir='ltr'>ς’.</span> <span class='ocrx_word' id='word_1_275' title='bbox 362 2289 501 2342; x_wconf 82' lang='grc' dir='ltr'>Εἰπὲ</span> <span class='ocrx_word' id='word_1_276' title='bbox 527 2290 635 2344; x_wconf 84' lang='grc' dir='ltr'>τίσι</span> <span class='ocrx_word' id='word_1_277' title='bbox 676 2289 784 2344; x_wconf 86' lang='grc' dir='ltr'><strong>τῶν</strong></span> <span class='ocrx_word' id='word_1_278' title='bbox 808 2289 987 2363; x_wconf 89' lang='grc' dir='ltr'>νομῶν</span> <span class='ocrx_word' id='word_1_279' title='bbox 1031 2293 1386 2362; x_wconf 85' lang='grc' dir='ltr'>προσακτέον,</span> <span class='ocrx_word' id='word_1_280' title='bbox 1439 2294 1530 2347; x_wconf 76' lang='grc' dir='ltr'><strong>ἐπὶ</strong></span> <span class='ocrx_word' id='word_1_281' title='bbox 1562 2295 1718 2359; x_wconf 86' lang='grc' dir='ltr'>ποίας</span> 
     </span>
    </p>
   </div>
   <div class='ocr_carea' id='block_1_39' title="bbox 154 2381 1718 2455">
    <p class='ocr_par' dir='ltr' id='par_1_39' title="bbox 154 2381 1718 2455">
     <span class='ocr_line' id='line_1_39' title="bbox 154 2381 1718 2455; baseline 0.004 -23"><span class='ocrx_word' id='word_1_282' title='bbox 154 2381 335 2451; x_wconf 85' lang='grc' dir='ltr'>πηγὰς</span> <span class='ocrx_word' id='word_1_283' title='bbox 367 2381 524 2445; x_wconf 75' lang='grc' dir='ltr'>ἰτέον,</span> <span class='ocrx_word' id='word_1_284' title='bbox 555 2381 648 2435; x_wconf 78' lang='grc' dir='ltr'>καὶ</span> <span class='ocrx_word' id='word_1_285' title='bbox 685 2382 838 2445; x_wconf 85' lang='grc' dir='ltr'>τίνας</span> <span class='ocrx_word' id='word_1_286' title='bbox 865 2383 1146 2452; x_wconf 82' lang='grc' dir='ltr'>φευκτέον,</span> <span class='ocrx_word' id='word_1_287' title='bbox 1181 2384 1212 2454; x_wconf 86' lang='grc' dir='ltr'>ἢ</span> <span class='ocrx_word' id='word_1_288' title='bbox 1245 2383 1434 2454; x_wconf 84' lang='grc' dir='ltr'>νομὰς,</span> <span class='ocrx_word' id='word_1_289' title='bbox 1475 2383 1508 2455; x_wconf 85' lang='grc' dir='ltr'>ἢ</span> <span class='ocrx_word' id='word_1_290' title='bbox 1546 2385 1718 2455; x_wconf 73' lang='grc' dir='ltr'><strong>νάμοι⁸</strong></span> 
     </span>
    </p>
   </div>
   <div class='ocr_carea' id='block_1_40' title="bbox 154 2472 1719 2545">
    <p class='ocr_par' dir='ltr' id='par_1_40' title="bbox 154 2472 1719 2545">
     <span class='ocr_line' id='line_1_40' title="bbox 154 2472 1719 2545; baseline 0.003 -22"><span class='ocrx_word' id='word_1_291' title='bbox 154 2488 248 2524; x_wconf 78' lang='grc' dir='ltr'><strong>τα·</strong></span> <span class='ocrx_word' id='word_1_292' title='bbox 296 2472 450 2534; x_wconf 82' lang='grc' dir='ltr'>τίνας</span> <span class='ocrx_word' id='word_1_293' title='bbox 504 2473 829 2543; x_wconf 87' lang='grc' dir='ltr'>ποιμαντέον</span> <span class='ocrx_word' id='word_1_294' title='bbox 877 2475 942 2543; x_wconf 82' lang='grc' dir='ltr'>τῇ</span> <span class='ocrx_word' id='word_1_295' title='bbox 986 2473 1280 2545; x_wconf 74' lang='grc' dir='ltr'>βακτηρίᾳ,</span> <span class='ocrx_word' id='word_1_296' title='bbox 1325 2474 1478 2538; x_wconf 82' lang='grc' dir='ltr'>τινας</span> <span class='ocrx_word' id='word_1_297' title='bbox 1517 2477 1583 2545; x_wconf 82' lang='grc' dir='ltr'>τῇ</span> <span class='ocrx_word' id='word_1_298' title='bbox 1627 2475 1719 2528; x_wconf 69' lang='grc' dir='ltr'>σό-</span> 
     </span>
    </p>
   </div>
   <div class='ocr_carea' id='block_1_41' title="bbox 154 2565 1716 2637">
    <p class='ocr_par' dir='ltr' id='par_1_41' title="bbox 154 2565 1716 2637">
     <span class='ocr_line' id='line_1_41' title="bbox 154 2565 1716 2637; baseline 0.004 -23"><span class='ocrx_word' id='word_1_299' title='bbox 154 2579 332 2633; x_wconf 83' lang='grc' dir='ltr'>ριγγι·</span> <span class='ocrx_word' id='word_1_300' title='bbox 383 2565 511 2616; x_wconf 84' lang='grc' dir='ltr'>πότε</span> <span class='ocrx_word' id='word_1_301' title='bbox 567 2565 758 2618; x_wconf 85' lang='grc' dir='ltr'>ἀκτέον</span> <span class='ocrx_word' id='word_1_302' title='bbox 800 2565 891 2617; x_wconf 73' lang='grc' dir='ltr'><strong>ἐπὶ</strong></span> <span class='ocrx_word' id='word_1_303' title='bbox 938 2565 1126 2634; x_wconf 87' lang='grc' dir='ltr'>νομὰς,</span> <span class='ocrx_word' id='word_1_304' title='bbox 1183 2566 1276 2618; x_wconf 73' lang='grc' dir='ltr'>καὶ</span> <span class='ocrx_word' id='word_1_305' title='bbox 1319 2566 1446 2619; x_wconf 89' lang='grc' dir='ltr'>πότε</span> <span class='ocrx_word' id='word_1_306' title='bbox 1481 2567 1716 2637; x_wconf 81' lang='grc' dir='ltr'>ἀνακλη-</span> 
     </span>
    </p>
   </div>
   <div class='ocr_carea' id='block_1_42' title="bbox 157 2657 1714 2728">
    <p class='ocr_par' dir='ltr' id='par_1_42' title="bbox 157 2657 1714 2728">
     <span class='ocr_line' id='line_1_42' title="bbox 157 2657 1714 2728; baseline 0.003 -20"><span class='ocrx_word' id='word_1_307' title='bbox 157 2657 272 2709; x_wconf 80' lang='grc' dir='ltr'>τέον</span> <span class='ocrx_word' id='word_1_308' title='bbox 301 2657 416 2726; x_wconf 78' lang='grc'>(57)</span> <span class='ocrx_word' id='word_1_309' title='bbox 444 2657 552 2710; x_wconf 83' lang='grc' dir='ltr'><strong>ἀπὸ</strong></span> <span class='ocrx_word' id='word_1_310' title='bbox 592 2657 772 2728; x_wconf 89' lang='grc' dir='ltr'>νομῶν</span> <span class='ocrx_word' id='word_1_311' title='bbox 793 2674 805 2686; x_wconf 83' lang='lat'><strong><em>°</em></strong></span> <span class='ocrx_word' id='word_1_312' title='bbox 851 2658 967 2721; x_wconf 83' lang='grc' dir='ltr'><strong>πῶς</strong></span> <span class='ocrx_word' id='word_1_313' title='bbox 1001 2657 1330 2728; x_wconf 84' lang='grc' dir='ltr'>πολεμητέον</span> <span class='ocrx_word' id='word_1_314' title='bbox 1374 2662 1485 2721; x_wconf 84' lang='grc' dir='ltr'>τοῖς</span> <span class='ocrx_word' id='word_1_315' title='bbox 1513 2659 1714 2723; x_wconf 80' lang='grc' dir='ltr'>λύκοις,</span> 
     </span>
    </p>
   </div>
   <div class='ocr_carea' id='block_1_43' title="bbox 153 2747 1718 2819">
    <p class='ocr_par' dir='ltr' id='par_1_43' title="bbox 153 2747 1718 2819">
     <span class='ocr_line' id='line_1_43' title="bbox 153 2747 1718 2819; baseline 0.001 -17"><span class='ocrx_word' id='word_1_316' title='bbox 153 2748 243 2802; x_wconf 65' lang='grc' dir='ltr'>καὶ</span> <span class='ocrx_word' id='word_1_317' title='bbox 280 2747 400 2811; x_wconf 87' lang='grc' dir='ltr'><strong>πῶς</strong></span> <span class='ocrx_word' id='word_1_318' title='bbox 421 2751 534 2811; x_wconf 86' lang='grc' dir='ltr'>τοῖς</span> <span class='ocrx_word' id='word_1_319' title='bbox 567 2749 818 2819; x_wconf 84' lang='grc' dir='ltr'>ποιμέσιν</span> <span class='ocrx_word' id='word_1_320' title='bbox 854 2751 913 2802; x_wconf 86' lang='grc' dir='ltr'><strong>οὑ</strong></span> <span class='ocrx_word' id='word_1_321' title='bbox 948 2749 1280 2819; x_wconf 74' lang='grc' dir='ltr'>πολεμητέον</span> <span class='ocrx_word' id='word_1_322' title='bbox 1303 2765 1316 2777; x_wconf 80' lang='grc'><strong>’</strong></span> <span class='ocrx_word' id='word_1_323' title='bbox 1360 2750 1453 2802; x_wconf 74' lang='grc' dir='ltr'>καὶ</span> <span class='ocrx_word' id='word_1_324' title='bbox 1488 2750 1718 2819; x_wconf 81' lang='grc' dir='ltr'>μάλιστα</span> 
     </span>
    </p>
   </div>
   <div class='ocr_carea' id='block_1_44' title="bbox 151 2838 1720 2912">
    <p class='ocr_par' dir='ltr' id='par_1_44' title="bbox 151 2838 1720 2912">
     <span class='ocr_line' id='line_1_44' title="bbox 151 2838 1720 2912; baseline 0.002 -21"><span class='ocrx_word' id='word_1_325' title='bbox 151 2843 204 2893; x_wconf 81' lang='grc' dir='ltr'>ὲν</span> <span class='ocrx_word' id='word_1_326' title='bbox 236 2838 322 2907; x_wconf 82' lang='grc' dir='ltr'>τῷ</span> <span class='ocrx_word' id='word_1_327' title='bbox 342 2839 440 2893; x_wconf 80' lang='grc' dir='ltr'><strong>νῦν</strong></span> <span class='ocrx_word' id='word_1_328' title='bbox 463 2841 658 2911; x_wconf 83' lang='grc' dir='ltr'>καιρῷ,</span> <span class='ocrx_word' id='word_1_329' title='bbox 691 2842 778 2893; x_wconf 81' lang='grc' dir='ltr'>ὅτε</span> <span class='ocrx_word' id='word_1_330' title='bbox 809 2842 1063 2910; x_wconf 85' lang='grc' dir='ltr'>ποιμένες</span> <span class='ocrx_word' id='word_1_331' title='bbox 1088 2840 1502 2912; x_wconf 81' lang='grc' dir='ltr'>ἠφρονεὺσαντο,</span> <span class='ocrx_word' id='word_1_332' title='bbox 1531 2844 1624 2894; x_wconf 79' lang='grc' dir='ltr'><strong>καὶ</strong></span> <span class='ocrx_word' id='word_1_333' title='bbox 1645 2841 1720 2894; x_wconf 83' lang='grc' dir='ltr'>δι-</span> 
     </span>
    </p>
   </div>
   <div class='ocr_carea' id='block_1_45' title="bbox 151 2930 1721 3002">
    <p class='ocr_par' dir='ltr' id='par_1_45' title="bbox 151 2930 1721 3002">
     <span class='ocr_line' id='line_1_45' title="bbox 151 2930 1721 3002; baseline 0.003 -20"><span class='ocrx_word' id='word_1_334' title='bbox 151 2931 416 3002; x_wconf 82' lang='grc' dir='ltr'>έσπειραν</span> <span class='ocrx_word' id='word_1_335' title='bbox 450 2930 520 2984; x_wconf 80' lang='grc' dir='ltr'><strong>τὰ</strong></span> <span class='ocrx_word' id='word_1_336' title='bbox 564 2932 806 3002; x_wconf 86' lang='grc' dir='ltr'>πρόϐατα</span> <span class='ocrx_word' id='word_1_337' title='bbox 849 2931 948 3001; x_wconf 84' lang='grc' dir='ltr'>τῆς</span> <span class='ocrx_word' id='word_1_338' title='bbox 985 2933 1172 3002; x_wconf 84' lang='grc' dir='ltr'>νομῆς,</span> <span class='ocrx_word' id='word_1_339' title='bbox 1213 2932 1299 2985; x_wconf 79' lang='grc' dir='ltr'>ἵνα</span> <span class='ocrx_word' id='word_1_340' title='bbox 1341 2935 1452 2996; x_wconf 86' lang='grc' dir='ltr'>τοῖς</span> <span class='ocrx_word' id='word_1_341' title='bbox 1489 2933 1721 3000; x_wconf 80' lang='grc' dir='ltr'>ἁγιωτά-</span> 
     </span>
    </p>
   </div>
   <div class='ocr_carea' id='block_1_46' title="bbox 153 3024 1720 3095">
    <p class='ocr_par' dir='ltr' id='par_1_46' title="bbox 153 3024 1720 3095">
     <span class='ocr_line' id='line_1_46' title="bbox 153 3024 1720 3095; baseline 0.002 -21"><span class='ocrx_word' id='word_1_342' title='bbox 153 3040 260 3087; x_wconf 83' lang='grc' dir='ltr'>τοις</span> <span class='ocrx_word' id='word_1_343' title='bbox 290 3025 598 3094; x_wconf 75' lang='grc' dir='ltr'>προφήταις</span> <span class='ocrx_word' id='word_1_344' title='bbox 631 3025 698 3078; x_wconf 81' lang='grc' dir='ltr'><strong>τὰ</strong></span> <span class='ocrx_word' id='word_1_345' title='bbox 725 3024 864 3077; x_wconf 77' lang='grc' dir='ltr'>αὑτὰ</span> <span class='ocrx_word' id='word_1_346' title='bbox 895 3024 1288 3095; x_wconf 83' lang='grc' dir='ltr'>συνοδὺρωμαι.</span> <span class='ocrx_word' id='word_1_347' title='bbox 1323 3025 1447 3088; x_wconf 88' lang='grc' dir='ltr'>Πῶς</span> <span class='ocrx_word' id='word_1_348' title='bbox 1472 3025 1531 3078; x_wconf 84' lang='grc' dir='ltr'>τὸ</span> <span class='ocrx_word' id='word_1_349' title='bbox 1562 3025 1720 3079; x_wconf 83' lang='grc' dir='ltr'>ἀσθε-</span> 
     </span>
    </p>
   </div>
   <div class='ocr_carea' id='block_1_47' title="bbox 149 3115 1720 3188">
    <p class='ocr_par' dir='ltr' id='par_1_47' title="bbox 149 3115 1720 3188">
     <span class='ocr_line' id='line_1_47' title="bbox 149 3115 1720 3188; baseline 0.001 -20"><span class='ocrx_word' id='word_1_350' title='bbox 149 3119 232 3180; x_wconf 83' lang='grc' dir='ltr'>νὲς</span> <span class='ocrx_word' id='word_1_351' title='bbox 289 3117 574 3188; x_wconf 83' lang='grc' dir='ltr'>ὲνισχύσω,</span> <span class='ocrx_word' id='word_1_352' title='bbox 615 3118 707 3171; x_wconf 72' lang='grc' dir='ltr'>καὶ</span> <span class='ocrx_word' id='word_1_353' title='bbox 746 3118 807 3170; x_wconf 85' lang='grc' dir='ltr'><strong>τὺ</strong></span> <span class='ocrx_word' id='word_1_354' title='bbox 847 3117 1132 3178; x_wconf 85' lang='grc' dir='ltr'>πεπτωκὸς</span> <span class='ocrx_word' id='word_1_355' title='bbox 1177 3116 1484 3187; x_wconf 84' lang='grc' dir='ltr'>ἀναστήσω,</span> <span class='ocrx_word' id='word_1_356' title='bbox 1531 3115 1624 3169; x_wconf 78' lang='grc' dir='ltr'>καὶ</span> <span class='ocrx_word' id='word_1_357' title='bbox 1661 3117 1720 3169; x_wconf 83' lang='grc' dir='ltr'>τὸ</span> 
     </span>
    </p>
   </div>
   <div class='ocr_carea' id='block_1_48' title="bbox 149 3207 1716 3281">
    <p class='ocr_par' dir='ltr' id='par_1_48' title="bbox 149 3207 1716 3281">
     <span class='ocr_line' id='line_1_48' title="bbox 149 3207 1716 3281; baseline -0.001 -19"><span class='ocrx_word' id='word_1_358' title='bbox 149 3209 504 3281; x_wconf 81' lang='grc' dir='ltr'>πλανώμενον</span> <span class='ocrx_word' id='word_1_359' title='bbox 531 3210 856 3281; x_wconf 55' lang='grc' dir='ltr'>ἐπιστρέψω,</span> <span class='ocrx_word' id='word_1_360' title='bbox 893 3210 986 3262; x_wconf 71' lang='grc' dir='ltr'>καὶ</span> <span class='ocrx_word' id='word_1_361' title='bbox 1026 3208 1084 3262; x_wconf 75' lang='grc' dir='ltr'>τὸ</span> <span class='ocrx_word' id='word_1_362' title='bbox 1113 3208 1383 3272; x_wconf 82' lang='grc' dir='ltr'>ἀπολωλὸς</span> <span class='ocrx_word' id='word_1_363' title='bbox 1414 3207 1716 3280; x_wconf 76' lang='grc' dir='ltr'>ὲκζητήσω,</span> 
     </span>
    </p>
   </div>
   <div class='ocr_carea' id='block_1_49' title="bbox 1817 2009 3385 2084">
    <p class='ocr_par' dir='ltr' id='par_1_49' title="bbox 1817 2009 3385 2084">
     <span class='ocr_line' id='line_1_49' title="bbox 1817 2009 3385 2084; baseline -0.004 -18"><span class='ocrx_word' id='word_1_364' title='bbox 1817 2027 2086 2084; x_wconf 89' lang='lat' dir='ltr'><strong>quaquam</strong></span> <span class='ocrx_word' id='word_1_365' title='bbox 2139 2011 2306 2083; x_wconf 72' lang='lat'><strong>238</strong></span> <span class='ocrx_word' id='word_1_366' title='bbox 2352 2013 2405 2066; x_wconf 88' lang='lat' dir='ltr'><strong>in</strong></span> <span class='ocrx_word' id='word_1_367' title='bbox 2466 2012 2653 2066; x_wconf 89' lang='lat' dir='ltr'><strong>multis</strong></span> <span class='ocrx_word' id='word_1_368' title='bbox 2704 2014 2990 2080; x_wconf 89' lang='lat' dir='ltr'><strong>reperitur,</strong></span> <span class='ocrx_word' id='word_1_369' title='bbox 3041 2009 3258 2078; x_wconf 86' lang='lat' dir='ltr'><strong>rarique</strong></span> <span class='ocrx_word' id='word_1_370' title='bbox 3302 2017 3385 2062; x_wconf 88' lang='lat' dir='ltr'><strong>est</strong></span> 
     </span>
    </p>
   </div>
   <div class='ocr_carea' id='block_1_50' title="bbox 1816 2102 3384 2175">
    <p class='ocr_par' dir='ltr' id='par_1_50' title="bbox 1816 2102 3384 2175">
     <span class='ocr_line' id='line_1_50' title="bbox 1816 2102 3384 2175; baseline -0.004 -16"><span class='ocrx_word' id='word_1_371' title='bbox 1816 2105 2110 2175; x_wconf 83' lang='lat' dir='ltr'><strong>exempli),</strong></span> <span class='ocrx_word' id='word_1_372' title='bbox 2165 2105 2302 2160; x_wconf 85' lang='lat' dir='ltr'><strong>bella</strong></span> <span class='ocrx_word' id='word_1_373' title='bbox 2361 2104 2447 2157; x_wconf 92' lang='lat' dir='ltr'><strong>illa</strong></span> <span class='ocrx_word' id='word_1_374' title='bbox 2505 2118 2602 2172; x_wconf 91' lang='lat' dir='ltr'><strong>pro</strong></span> <span class='ocrx_word' id='word_1_375' title='bbox 2651 2103 2828 2173; x_wconf 83' lang='lat' dir='ltr'><strong>gregis</strong></span> <span class='ocrx_word' id='word_1_376' title='bbox 2871 2102 3043 2157; x_wconf 86' lang='lat' dir='ltr'><strong>salute</strong></span> <span class='ocrx_word' id='word_1_377' title='bbox 3097 2111 3384 2170; x_wconf 86' lang='lat' dir='ltr'><strong>suscepta,</strong></span> 
     </span>
    </p>
   </div>
   <div class='ocr_carea' id='block_1_51' title="bbox 1819 2193 3003 2264">
    <p class='ocr_par' dir='ltr' id='par_1_51' title="bbox 1819 2193 3003 2264">
     <span class='ocr_line' id='line_1_51' title="bbox 1819 2193 3003 2264; baseline -0.003 -15"><span class='ocrx_word' id='word_1_378' title='bbox 1819 2198 2070 2252; x_wconf 86' lang='lat' dir='ltr'><strong>victorias</strong></span> <span class='ocrx_word' id='word_1_379' title='bbox 2101 2196 2220 2251; x_wconf 88' lang='lat' dir='ltr'><strong>illas</strong></span> <span class='ocrx_word' id='word_1_380' title='bbox 2252 2210 2388 2264; x_wconf 87' lang='lat' dir='ltr'><strong>quas</strong></span> <span class='ocrx_word' id='word_1_381' title='bbox 2421 2196 2475 2249; x_wconf 89' lang='lat' dir='ltr'><strong>in</strong></span> <span class='ocrx_word' id='word_1_382' title='bbox 2505 2194 2722 2250; x_wconf 87' lang='lat' dir='ltr'><strong>Christo</strong></span> <span class='ocrx_word' id='word_1_383' title='bbox 2754 2193 3003 2248; x_wconf 90' lang='lat' dir='ltr'><strong>retulisti.</strong></span> 
     </span>
    </p>
   </div>
   <div class='ocr_carea' id='block_1_52' title="bbox 1887 2285 3381 2359">
    <p class='ocr_par' dir='ltr' id='par_1_52' title="bbox 1887 2285 3381 2359">
     <span class='ocr_line' id='line_1_52' title="bbox 1887 2285 3381 2359; baseline -0.005 -15"><span class='ocrx_word' id='word_1_384' title='bbox 1887 2289 1978 2344; x_wconf 86' lang='lat' dir='ltr'><strong>Vl.</strong></span> <span class='ocrx_word' id='word_1_385' title='bbox 2017 2291 2133 2354; x_wconf 89' lang='lat' dir='ltr'><strong>Dic,</strong></span> <span class='ocrx_word' id='word_1_386' title='bbox 2171 2305 2289 2359; x_wconf 86' lang='lat' dir='ltr'><strong>quae</strong></span> <span class='ocrx_word' id='word_1_387' title='bbox 2319 2303 2515 2357; x_wconf 85' lang='lat' dir='ltr'><strong>pascua</strong></span> <span class='ocrx_word' id='word_1_388' title='bbox 2545 2288 2796 2356; x_wconf 83' lang='lat' dir='ltr'><strong>petenda,</strong></span> <span class='ocrx_word' id='word_1_389' title='bbox 2817 2287 2907 2357; x_wconf 89' lang='lat' dir='ltr'><strong>qui</strong></span> <span class='ocrx_word' id='word_1_390' title='bbox 2934 2287 3106 2342; x_wconf 80' lang='lat' dir='ltr'><strong>fontes</strong></span> <span class='ocrx_word' id='word_1_391' title='bbox 3128 2285 3381 2359; x_wconf 84' lang='lat' dir='ltr'><strong>adeundi,</strong></span> 
     </span>
    </p>
   </div>
   <div class='ocr_carea' id='block_1_53' title="bbox 1818 2358 3383 2450">
    <p class='ocr_par' dir='ltr' id='par_1_53' title="bbox 1818 2358 3383 2450">
     <span class='ocr_line' id='line_1_53' title="bbox 1818 2358 3383 2450; baseline -0.004 -15"><span class='ocrx_word' id='word_1_392' title='bbox 1818 2397 1880 2436; x_wconf 90' lang='lat' dir='ltr'><strong>ac</strong></span> <span class='ocrx_word' id='word_1_393' title='bbox 1931 2397 2140 2435; x_wconf 89' lang='lat' dir='ltr'><strong>rursum</strong></span> <span class='ocrx_word' id='word_1_394' title='bbox 2173 2358 2291 2450; x_wconf 68' lang='lat' dir='ltr'><strong>quae</strong></span> <span class='ocrx_word' id='word_1_395' title='bbox 2337 2396 2532 2449; x_wconf 89' lang='lat' dir='ltr'><strong>pascua</strong></span> <span class='ocrx_word' id='word_1_396' title='bbox 2577 2379 2831 2444; x_wconf 81' lang='lat' dir='ltr'><strong>vitanda,</strong></span> <span class='ocrx_word' id='word_1_397' title='bbox 2878 2378 2967 2446; x_wconf 91' lang='lat' dir='ltr'><strong>qui</strong></span> <span class='ocrx_word' id='word_1_398' title='bbox 3018 2358 3247 2431; x_wconf 80' lang='lat' dir='ltr'><strong>latices:</strong></span> <span class='ocrx_word' id='word_1_399' title='bbox 3294 2377 3383 2444; x_wconf 90' lang='lat' dir='ltr'><strong>qui</strong></span> 
     </span>
    </p>
   </div>
   <div class='ocr_carea' id='block_1_54' title="bbox 1825 2467 3382 2541">
    <p class='ocr_par' dir='ltr' id='par_1_54' title="bbox 1825 2467 3382 2541">
     <span class='ocr_line' id='line_1_54' title="bbox 1825 2467 3382 2541; baseline -0.006 -14"><span class='ocrx_word' id='word_1_400' title='bbox 1825 2473 2020 2527; x_wconf 89' lang='lat' dir='ltr'><strong>baculo</strong></span> <span class='ocrx_word' id='word_1_401' title='bbox 2052 2472 2295 2541; x_wconf 88' lang='lat' dir='ltr'><strong>regendi,</strong></span> <span class='ocrx_word' id='word_1_402' title='bbox 2327 2471 2416 2540; x_wconf 89' lang='lat' dir='ltr'><strong>qui</strong></span> <span class='ocrx_word' id='word_1_403' title='bbox 2447 2470 2618 2524; x_wconf 86' lang='lat' dir='ltr'><strong>listula</strong></span> <span class='ocrx_word' id='word_1_404' title='bbox 2648 2489 2660 2524; x_wconf 91' lang='lat'>:</span> <span class='ocrx_word' id='word_1_405' title='bbox 2691 2485 2798 2538; x_wconf 92' lang='lat' dir='ltr'><strong>quo</strong></span> <span class='ocrx_word' id='word_1_406' title='bbox 2831 2477 3068 2537; x_wconf 88' lang='lat' dir='ltr'><strong>tempore</strong></span> <span class='ocrx_word' id='word_1_407' title='bbox 3093 2467 3161 2522; x_wconf 88' lang='lat' dir='ltr'><strong>ad</strong></span> <span class='ocrx_word' id='word_1_408' title='bbox 3185 2481 3382 2535; x_wconf 87' lang='lat' dir='ltr'><strong>pascua</strong></span> 
     </span>
    </p>
   </div>
   <div class='ocr_carea' id='block_1_55' title="bbox 1819 2560 3388 2634">
    <p class='ocr_par' dir='ltr' id='par_1_55' title="bbox 1819 2560 3388 2634">
     <span class='ocr_line' id='line_1_55' title="bbox 1819 2560 3388 2634; baseline -0.006 -14"><span class='ocrx_word' id='word_1_409' title='bbox 1819 2564 2091 2620; x_wconf 85' lang='lat' dir='ltr'><strong>ducendus</strong></span> <span class='ocrx_word' id='word_1_410' title='bbox 2125 2579 2289 2634; x_wconf 83' lang='lat' dir='ltr'><strong>grex,</strong></span> <span class='ocrx_word' id='word_1_411' title='bbox 2322 2574 2374 2618; x_wconf 87' lang='lat' dir='ltr'><strong>et</strong></span> <span class='ocrx_word' id='word_1_412' title='bbox 2405 2579 2512 2632; x_wconf 88' lang='lat' dir='ltr'><strong>quo</strong></span> <span class='ocrx_word' id='word_1_413' title='bbox 2555 2577 2764 2616; x_wconf 91' lang='lat' dir='ltr'><strong>rursum</strong></span> <span class='ocrx_word' id='word_1_414' title='bbox 2808 2577 2836 2614; x_wconf 91' lang='lat' dir='ltr'><strong>a</strong></span> <span class='ocrx_word' id='word_1_415' title='bbox 2878 2560 3090 2630; x_wconf 89' lang='lat' dir='ltr'><strong>pascuis</strong></span> <span class='ocrx_word' id='word_1_416' title='bbox 3130 2573 3388 2615; x_wconf 87' lang='lat' dir='ltr'><strong>revocan-</strong></span> 
     </span>
    </p>
   </div>
   <div class='ocr_carea' id='block_1_56' title="bbox 1817 2651 3387 2724">
    <p class='ocr_par' dir='ltr' id='par_1_56' title="bbox 1817 2651 3387 2724">
     <span class='ocr_line' id='line_1_56' title="bbox 1817 2651 3387 2724; baseline -0.003 -14"><span class='ocrx_word' id='word_1_417' title='bbox 1817 2656 1916 2710; x_wconf 91' lang='lat' dir='ltr'><strong>dus</strong></span> <span class='ocrx_word' id='word_1_418' title='bbox 1944 2673 1957 2710; x_wconf 90' lang='lat'><strong>:</strong></span> <span class='ocrx_word' id='word_1_419' title='bbox 1993 2671 2098 2724; x_wconf 90' lang='lat' dir='ltr'><strong>quo</strong></span> <span class='ocrx_word' id='word_1_420' title='bbox 2122 2657 2278 2708; x_wconf 90' lang='lat' dir='ltr'><strong>modo</strong></span> <span class='ocrx_word' id='word_1_421' title='bbox 2307 2655 2500 2708; x_wconf 87' lang='lat' dir='ltr'><strong>bellum</strong></span> <span class='ocrx_word' id='word_1_422' title='bbox 2542 2654 2678 2721; x_wconf 87' lang='lat' dir='ltr'><strong>lupis</strong></span> <span class='ocrx_word' id='word_1_423' title='bbox 2714 2651 3067 2716; x_wconf 76' lang='lat' dir='ltr'><strong>inferendum,</strong></span> <span class='ocrx_word' id='word_1_424' title='bbox 3097 2666 3202 2720; x_wconf 90' lang='lat' dir='ltr'><strong>quo</strong></span> <span class='ocrx_word' id='word_1_425' title='bbox 3231 2653 3387 2706; x_wconf 88' lang='lat' dir='ltr'><strong>modo</strong></span> 
     </span>
    </p>
   </div>
   <div class='ocr_carea' id='block_1_57' title="bbox 1820 2745 3385 2815">
    <p class='ocr_par' dir='ltr' id='par_1_57' title="bbox 1820 2745 3385 2815">
     <span class='ocr_line' id='line_1_57' title="bbox 1820 2745 3385 2815; baseline -0.002 -13"><span class='ocrx_word' id='word_1_426' title='bbox 1820 2763 1924 2803; x_wconf 94' lang='lat' dir='ltr'><strong>non</strong></span> <span class='ocrx_word' id='word_1_427' title='bbox 1958 2748 2255 2803; x_wconf 85' lang='lat' dir='ltr'><strong>lacessendi</strong></span> <span class='ocrx_word' id='word_1_428' title='bbox 2287 2756 2561 2815; x_wconf 85' lang='lat' dir='ltr'><strong>pastores;</strong></span> <span class='ocrx_word' id='word_1_429' title='bbox 2592 2745 2694 2800; x_wconf 84' lang='lat' dir='ltr'><strong>hac</strong></span> <span class='ocrx_word' id='word_1_430' title='bbox 2722 2745 3016 2814; x_wconf 83' lang='lat' dir='ltr'><strong>praesertim</strong></span> <span class='ocrx_word' id='word_1_431' title='bbox 3047 2753 3385 2815; x_wconf 87' lang='lat' dir='ltr'><strong>tempestate,</strong></span> 
     </span>
    </p>
   </div>
   <div class='ocr_carea' id='block_1_58' title="bbox 1820 2838 3388 2910">
    <p class='ocr_par' dir='ltr' id='par_1_58' title="bbox 1820 2838 3388 2910">
     <span class='ocr_line' id='line_1_58' title="bbox 1820 2838 3388 2910; baseline -0.003 -16"><span class='ocrx_word' id='word_1_432' title='bbox 1820 2855 1924 2910; x_wconf 89' lang='lat' dir='ltr'><strong>qua</strong></span> <span class='ocrx_word' id='word_1_433' title='bbox 1992 2848 2238 2909; x_wconf 87' lang='lat' dir='ltr'><strong>pastores</strong></span> <span class='ocrx_word' id='word_1_434' title='bbox 2293 2838 2456 2892; x_wconf 88' lang='lat' dir='ltr'><strong>stulte</strong></span> <span class='ocrx_word' id='word_1_435' title='bbox 2504 2853 2624 2892; x_wconf 89' lang='lat' dir='ltr'><strong>sese</strong></span> <span class='ocrx_word' id='word_1_436' title='bbox 2673 2846 2988 2907; x_wconf 86' lang='lat' dir='ltr'><strong>gesserunt,</strong></span> <span class='ocrx_word' id='word_1_437' title='bbox 3045 2847 3204 2906; x_wconf 87' lang='lat' dir='ltr'><strong>atque</strong></span> <span class='ocrx_word' id='word_1_438' title='bbox 3258 2851 3388 2892; x_wconf 89' lang='lat' dir='ltr'><strong>oves</strong></span> 
     </span>
    </p>
   </div>
   <div class='ocr_carea' id='block_1_59' title="bbox 1818 2926 3384 3000">
    <p class='ocr_par' dir='ltr' id='par_1_59' title="bbox 1818 2926 3384 3000">
     <span class='ocr_line' id='line_1_59' title="bbox 1818 2926 3384 3000; baseline -0.002 -16"><span class='ocrx_word' id='word_1_439' title='bbox 1818 2945 2028 3000; x_wconf 67' lang='lat' dir='ltr'><strong>pascua:</strong></span> <span class='ocrx_word' id='word_1_440' title='bbox 2061 2930 2431 2998; x_wconf 73' lang='lat' dir='ltr'><strong>diaperseruut</strong></span> <span class='ocrx_word' id='word_1_441' title='bbox 2453 2927 2518 2990; x_wconf 75' lang='grc'><strong>⁸⁸,</strong></span> <span class='ocrx_word' id='word_1_442' title='bbox 2551 2938 2609 2981; x_wconf 85' lang='grc' dir='ltr'><strong>ιιι</strong></span> <span class='ocrx_word' id='word_1_443' title='bbox 2637 2928 2822 2983; x_wconf 87' lang='lat' dir='ltr'><strong>eadem</strong></span> <span class='ocrx_word' id='word_1_444' title='bbox 2843 2967 2859 2992; x_wconf 91' lang='lat'><strong>,</strong></span> <span class='ocrx_word' id='word_1_445' title='bbox 2903 2942 3022 2997; x_wconf 60' lang='lat' dir='ltr'><strong>qua}</strong></span> <span class='ocrx_word' id='word_1_446' title='bbox 3059 2926 3384 2984; x_wconf 84' lang='lat' dir='ltr'><strong>sanctissimi</strong></span> 
     </span>
    </p>
   </div>
   <div class='ocr_carea' id='block_1_60' title="bbox 1821 3018 3387 3092">
    <p class='ocr_par' dir='ltr' id='par_1_60' title="bbox 1821 3018 3387 3092">
     <span class='ocr_line' id='line_1_60' title="bbox 1821 3018 3387 3092; baseline -0.001 -18"><span class='ocrx_word' id='word_1_447' title='bbox 1821 3022 2118 3092; x_wconf 64' lang='lat' dir='ltr'><strong>prophetae,</strong></span> <span class='ocrx_word' id='word_1_448' title='bbox 2147 3020 2335 3075; x_wconf 90' lang='lat' dir='ltr'><strong>iisdem</strong></span> <span class='ocrx_word' id='word_1_449' title='bbox 2369 3018 2549 3074; x_wconf 87' lang='lat' dir='ltr'><strong>verbis</strong></span> <span class='ocrx_word' id='word_1_450' title='bbox 2580 3019 2876 3090; x_wconf 80' lang='lat' dir='ltr'><strong>deplorem.</strong></span> <span class='ocrx_word' id='word_1_451' title='bbox 2902 3019 3018 3086; x_wconf 82' lang='lat' dir='ltr'><strong>Quo</strong></span> <span class='ocrx_word' id='word_1_452' title='bbox 3043 3018 3220 3084; x_wconf 91' lang='lat' dir='ltr'><strong>modo,</strong></span> <span class='ocrx_word' id='word_1_453' title='bbox 3244 3021 3387 3088; x_wconf 88' lang='lat' dir='ltr'><strong>quod</strong></span> 
     </span>
    </p>
   </div>
   <div class='ocr_carea' id='block_1_61' title="bbox 1821 3109 3387 3180">
    <p class='ocr_par' dir='ltr' id='par_1_61' title="bbox 1821 3109 3387 3180">
     <span class='ocr_line' id='line_1_61' title="bbox 1821 3109 3387 3180; baseline -0.003 -13"><span class='ocrx_word' id='word_1_454' title='bbox 1821 3112 2090 3168; x_wconf 78' lang='lat' dir='ltr'><strong>inﬁrmum</strong></span> <span class='ocrx_word' id='word_1_455' title='bbox 2121 3123 2240 3175; x_wconf 83' lang='lat' dir='ltr'><strong>est,</strong></span> <span class='ocrx_word' id='word_1_456' title='bbox 2273 3111 2541 3166; x_wconf 87' lang='lat' dir='ltr'><strong>roborabo</strong></span> <span class='ocrx_word' id='word_1_457' title='bbox 2561 3153 2577 3176; x_wconf 92' lang='lat'><strong>,</strong></span> <span class='ocrx_word' id='word_1_458' title='bbox 2615 3111 2758 3179; x_wconf 87' lang='lat' dir='ltr'><strong>quod</strong></span> <span class='ocrx_word' id='word_1_459' title='bbox 2793 3109 2997 3180; x_wconf 84' lang='lat' dir='ltr'><strong>lapsum</strong></span> <span class='ocrx_word' id='word_1_460' title='bbox 3032 3120 3118 3165; x_wconf 87' lang='lat' dir='ltr'><strong>est</strong></span> <span class='ocrx_word' id='word_1_461' title='bbox 3148 3110 3350 3180; x_wconf 87' lang='lat' dir='ltr'><strong>erigam</strong></span> <span class='ocrx_word' id='word_1_462' title='bbox 3372 3152 3387 3176; x_wconf 86' lang='lat'><strong>,</strong></span> 
     </span>
    </p>
   </div>
   <div class='ocr_carea' id='block_1_62' title="bbox 1822 3198 3386 3276">
    <p class='ocr_par' dir='ltr' id='par_1_62' title="bbox 1822 3198 3386 3276">
     <span class='ocr_line' id='line_1_62' title="bbox 1822 3198 3386 3276; baseline -0.004 -18"><span class='ocrx_word' id='word_1_463' title='bbox 1822 3204 1962 3276; x_wconf 90' lang='lat' dir='ltr'><strong>quod</strong></span> <span class='ocrx_word' id='word_1_464' title='bbox 1997 3202 2218 3258; x_wconf 89' lang='lat' dir='ltr'><strong>oberrat</strong></span> <span class='ocrx_word' id='word_1_465' title='bbox 2247 3203 2300 3256; x_wconf 91' lang='lat' dir='ltr'><strong>in</strong></span> <span class='ocrx_word' id='word_1_466' title='bbox 2345 3203 2482 3256; x_wconf 89' lang='lat' dir='ltr'><strong>viam</strong></span> <span class='ocrx_word' id='word_1_467' title='bbox 2518 3203 2791 3267; x_wconf 88' lang='lat' dir='ltr'><strong>reducam,</strong></span> <span class='ocrx_word' id='word_1_468' title='bbox 2821 3200 2959 3269; x_wconf 90' lang='lat' dir='ltr'><strong>quod</strong></span> <span class='ocrx_word' id='word_1_469' title='bbox 2982 3198 3140 3266; x_wconf 90' lang='lat' dir='ltr'><strong>periit</strong></span> <span class='ocrx_word' id='word_1_470' title='bbox 3160 3201 3386 3267; x_wconf 63' lang='lat' dir='ltr'><strong>conqui-</strong></span> 
     </span>
    </p>
   </div>
   <div class='ocr_carea' id='block_1_63' title="bbox 149 3268 1738 3372">
    <p class='ocr_par' dir='ltr' id='par_1_63' title="bbox 149 3268 1721 3372">
     <span class='ocr_line' id='line_1_63' title="bbox 149 3268 1721 3372; baseline -0.001 -18"><span class='ocrx_word' id='word_1_471' title='bbox 149 3302 240 3356; x_wconf 70' lang='grc' dir='ltr'>καὶ</span> <span class='ocrx_word' id='word_1_472' title='bbox 288 3268 508 3371; x_wconf 70' lang='grc' dir='ltr'>φυλάξω</span> <span class='ocrx_word' id='word_1_473' title='bbox 546 3303 602 3355; x_wconf 76' lang='grc' dir='ltr'>τὸ</span> <span class='ocrx_word' id='word_1_474' title='bbox 632 3268 885 3372; x_wconf 49' lang='grc' dir='ltr'><strong>ξσᾷευρόνέ</strong></span> <span class='ocrx_word' id='word_1_475' title='bbox 921 3302 1044 3363; x_wconf 84' lang='grc' dir='ltr'>Πῶς</span> <span class='ocrx_word' id='word_1_476' title='bbox 1074 3299 1243 3352; x_wconf 74' lang='grc' dir='ltr'>ταῦτα</span> <span class='ocrx_word' id='word_1_477' title='bbox 1273 3268 1376 3352; x_wconf 25' lang='grc' dir='ltr'>καὶ*</span> <span class='ocrx_word' id='word_1_478' title='bbox 1405 3268 1582 3370; x_wconf 69' lang='grc' dir='ltr'>μάίὶω,</span> <span class='ocrx_word' id='word_1_479' title='bbox 1601 3268 1721 3353; x_wconf 50' lang='grc' dir='ltr'>’και</span> 
     </span>
    </p>
   </div>
   <div class='ocr_carea' id='block_1_64' title="bbox 1831 3268 3387 3372">
    <p class='ocr_par' dir='ltr' id='par_1_64' title="bbox 1831 3268 3387 3364">
     <span class='ocr_line' id='line_1_64' title="bbox 1831 3268 3387 3364; baseline -0.004 -15"><span class='ocrx_word' id='word_1_480' title='bbox 1831 3268 1976 3360; x_wconf 70' lang='lat' dir='ltr'><strong>ram,</strong></span> <span class='ocrx_word' id='word_1_481' title='bbox 2023 3294 2169 3364; x_wconf 87' lang='lat' dir='ltr'><strong>quod</strong></span> <span class='ocrx_word' id='word_1_482' title='bbox 2214 3295 2440 3363; x_wconf 85' lang='lat' dir='ltr'><strong>integris</strong></span> <span class='ocrx_word' id='word_1_483' title='bbox 2482 3293 2687 3346; x_wconf 88' lang='lat' dir='ltr'><strong>viribus</strong></span> <span class='ocrx_word' id='word_1_484' title='bbox 2727 3299 2811 3346; x_wconf 83' lang='lat' dir='ltr'><strong>est</strong></span> <span class='ocrx_word' id='word_1_485' title='bbox 2845 3268 3217 3346; x_wconf 81' lang='lat' dir='ltr'><strong>conservabo?</strong></span> <span class='ocrx_word' id='word_1_486' title='bbox 3250 3290 3387 3357; x_wconf 84' lang='lat' dir='ltr'><strong>Quo,</strong></span> 
     </span>
    </p>
   </div>
   <div class='ocr_carea' id='block_1_65' title="bbox 146 3390 1720 3463">
    <p class='ocr_par' dir='ltr' id='par_1_65' title="bbox 146 3390 1720 3463">
     <span class='ocr_line' id='line_1_65' title="bbox 146 3390 1720 3463; baseline -0.003 -16"><span class='ocrx_word' id='word_1_487' title='bbox 146 3391 380 3462; x_wconf 75' lang='grc' dir='ltr'>φυλάξω</span> <span class='ocrx_word' id='word_1_488' title='bbox 408 3392 551 3446; x_wconf 74' lang='grc' dir='ltr'>κατὰ</span> <span class='ocrx_word' id='word_1_489' title='bbox 581 3394 671 3445; x_wconf 85' lang='grc' dir='ltr'>τὸν</span> <span class='ocrx_word' id='word_1_490' title='bbox 709 3391 868 3463; x_wconf 77' lang='grc' dir='ltr'>ὀρθὸν</span> <span class='ocrx_word' id='word_1_491' title='bbox 899 3392 996 3461; x_wconf 87' lang='grc' dir='ltr'>τῆς</span> <span class='ocrx_word' id='word_1_492' title='bbox 1029 3390 1390 3460; x_wconf 76' lang='grc' dir='ltr'>ποιμαντικῆς</span> <span class='ocrx_word' id='word_1_493' title='bbox 1417 3390 1592 3458; x_wconf 84' lang='grc' dir='ltr'>λόγον,</span> <span class='ocrx_word' id='word_1_494' title='bbox 1629 3391 1720 3443; x_wconf 74' lang='grc' dir='ltr'>καὶ</span> 
     </span>
    </p>
   </div>
   <div class='ocr_carea' id='block_1_66' title="bbox 149 3480 1720 3554">
    <p class='ocr_par' dir='ltr' id='par_1_66' title="bbox 149 3480 1720 3554">
     <span class='ocr_line' id='line_1_66' title="bbox 149 3480 1720 3554; baseline -0.003 -17"><span class='ocrx_word' id='word_1_495' title='bbox 149 3485 236 3537; x_wconf 76' lang='grc' dir='ltr'>τὸν</span> <span class='ocrx_word' id='word_1_496' title='bbox 263 3483 540 3554; x_wconf 79' lang='grc' dir='ltr'>ὑμέτερον</span> <span class='ocrx_word' id='word_1_497' title='bbox 569 3483 675 3552; x_wconf 68' lang='grc'><strong>(38,</strong></span> <span class='ocrx_word' id='word_1_498' title='bbox 697 3499 709 3512; x_wconf 73' lang='grc'><strong>⁸</strong></span> <span class='ocrx_word' id='word_1_499' title='bbox 747 3480 880 3535; x_wconf 76' lang='grc' dir='ltr'>ἀλλὰ</span> <span class='ocrx_word' id='word_1_500' title='bbox 914 3480 988 3551; x_wconf 83' lang='grc' dir='ltr'>μὴ</span> <span class='ocrx_word' id='word_1_501' title='bbox 1015 3480 1258 3550; x_wconf 86' lang='grc' dir='ltr'>γένωμαι</span> <span class='ocrx_word' id='word_1_502' title='bbox 1301 3480 1468 3543; x_wconf 79' lang='grc' dir='ltr'>κακὸς</span> <span class='ocrx_word' id='word_1_503' title='bbox 1497 3481 1720 3550; x_wconf 84' lang='grc' dir='ltr'>ποιμὴν,</span> 
     </span>
    </p>
   </div>
   <div class='ocr_carea' id='block_1_67' title="bbox 149 3573 1724 3644">
    <p class='ocr_par' dir='ltr' id='par_1_67' title="bbox 149 3573 1724 3644">
     <span class='ocr_line' id='line_1_67' title="bbox 149 3573 1724 3644; baseline -0.002 -15"><span class='ocrx_word' id='word_1_504' title='bbox 149 3576 205 3629; x_wconf 87' lang='grc' dir='ltr'>τὸ</span> <span class='ocrx_word' id='word_1_505' title='bbox 228 3576 380 3644; x_wconf 80' lang='grc' dir='ltr'>γάλα</span> <span class='ocrx_word' id='word_1_506' title='bbox 407 3574 722 3636; x_wconf 74' lang='grc' dir='ltr'>κατεσθίων,</span> <span class='ocrx_word' id='word_1_507' title='bbox 755 3574 848 3627; x_wconf 69' lang='grc' dir='ltr'>κα).</span> <span class='ocrx_word' id='word_1_508' title='bbox 867 3574 936 3626; x_wconf 77' lang='grc' dir='ltr'><strong>τὰ</strong></span> <span class='ocrx_word' id='word_1_509' title='bbox 968 3573 1090 3644; x_wconf 77' lang='grc' dir='ltr'>ἔρια</span> <span class='ocrx_word' id='word_1_510' title='bbox 1123 3573 1601 3644; x_wconf 84' lang='grc' dir='ltr'>περιϐαλλόμενος,</span> <span class='ocrx_word' id='word_1_511' title='bbox 1633 3575 1724 3626; x_wconf 75' lang='grc' dir='ltr'>καὶ</span> 
     </span>
    </p>
   </div>
   <div class='ocr_carea' id='block_1_68' title="bbox 147 3665 1725 3737">
    <p class='ocr_par' dir='ltr' id='par_1_68' title="bbox 147 3665 1725 3737">
     <span class='ocr_line' id='line_1_68' title="bbox 147 3665 1725 3737; baseline -0.001 -18"><span class='ocrx_word' id='word_1_512' title='bbox 147 3668 214 3720; x_wconf 67' lang='grc' dir='ltr'><strong>τὰ</strong></span> <span class='ocrx_word' id='word_1_513' title='bbox 237 3666 530 3737; x_wconf 82' lang='grc' dir='ltr'>παχύ-τερα</span> <span class='ocrx_word' id='word_1_514' title='bbox 561 3666 919 3736; x_wconf 74' lang='grc' dir='ltr'>κατασφάξων</span> <span class='ocrx_word' id='word_1_515' title='bbox 945 3665 1056 3734; x_wconf 78' lang='grc'>(59)</span> <span class='ocrx_word' id='word_1_516' title='bbox 1105 3665 1136 3734; x_wconf 83' lang='grc' dir='ltr'><strong>ἢ</strong></span> <span class='ocrx_word' id='word_1_517' title='bbox 1165 3665 1518 3735; x_wconf 87' lang='grc' dir='ltr'>ἀπεμπολῶν,</span> <span class='ocrx_word' id='word_1_518' title='bbox 1543 3666 1633 3718; x_wconf 79' lang='grc' dir='ltr'>καὶ</span> <span class='ocrx_word' id='word_1_519' title='bbox 1657 3665 1725 3718; x_wconf 69' lang='grc' dir='ltr'>τὰ</span> 
     </span>
    </p>
   </div>
   <div class='ocr_carea' id='block_1_69' title="bbox 142 3757 1724 3830">
    <p class='ocr_par' dir='ltr' id='par_1_69' title="bbox 142 3757 1724 3830">
     <span class='ocr_line' id='line_1_69' title="bbox 142 3757 1724 3830; baseline -0.002 -17"><span class='ocrx_word' id='word_1_520' title='bbox 142 3758 285 3813; x_wconf 71' lang='grc' dir='ltr'>ἄλλα</span> <span class='ocrx_word' id='word_1_521' title='bbox 316 3759 516 3830; x_wconf 74' lang='grc' dir='ltr'>παρεὶς</span> <span class='ocrx_word' id='word_1_522' title='bbox 550 3760 660 3822; x_wconf 88' lang='grc' dir='ltr'>τοῖς</span> <span class='ocrx_word' id='word_1_523' title='bbox 682 3757 889 3830; x_wconf 78' lang='grc' dir='ltr'>θηρίοις</span> <span class='ocrx_word' id='word_1_524' title='bbox 922 3759 1014 3812; x_wconf 81' lang='grc' dir='ltr'>καὶ</span> <span class='ocrx_word' id='word_1_525' title='bbox 1040 3761 1149 3822; x_wconf 88' lang='grc' dir='ltr'>τοῖς</span> <span class='ocrx_word' id='word_1_526' title='bbox 1179 3759 1462 3828; x_wconf 83' lang='grc' dir='ltr'>κρημνοῖς,</span> <span class='ocrx_word' id='word_1_527' title='bbox 1504 3757 1724 3826; x_wconf 82' lang='grc' dir='ltr'>ποιμαί-</span> 
     </span>
    </p>
   </div>
   <div class='ocr_carea' id='block_1_70' title="bbox 147 3845 1728 3921">
    <p class='ocr_par' dir='ltr' id='par_1_70' title="bbox 147 3845 1728 3921">
     <span class='ocr_line' id='line_1_70' title="bbox 147 3845 1728 3921; baseline -0.001 -17"><span class='ocrx_word' id='word_1_528' title='bbox 147 3868 254 3904; x_wconf 82' lang='grc' dir='ltr'><strong>νων</strong></span> <span class='ocrx_word' id='word_1_529' title='bbox 280 3845 547 3921; x_wconf 71' lang='grc' dir='ltr'>ἐμαυτὸν,</span> <span class='ocrx_word' id='word_1_530' title='bbox 575 3850 636 3902; x_wconf 82' lang='grc' dir='ltr'><strong>οὑ</strong></span> <span class='ocrx_word' id='word_1_531' title='bbox 666 3849 732 3902; x_wconf 73' lang='grc' dir='ltr'><strong>τὰ</strong></span> <span class='ocrx_word' id='word_1_532' title='bbox 760 3850 1024 3920; x_wconf 89' lang='grc' dir='ltr'>πρόϐατα,</span> <span class='ocrx_word' id='word_1_533' title='bbox 1049 3851 1186 3920; x_wconf 82' lang='grc' dir='ltr'>ὅπερ</span> <span class='ocrx_word' id='word_1_534' title='bbox 1211 3849 1541 3911; x_wconf 76' lang='grc' dir='ltr'>ὠνειδίζοντο</span> <span class='ocrx_word' id='word_1_535' title='bbox 1560 3851 1608 3902; x_wconf 76' lang='grc' dir='ltr'>οἱ</span> <span class='ocrx_word' id='word_1_536' title='bbox 1633 3852 1728 3904; x_wconf 81' lang='grc' dir='ltr'><strong>πά-</strong></span> 
     </span>
    </p>
   </div>
   <div class='ocr_carea' id='block_1_71' title="bbox 147 3940 1724 4014">
    <p class='ocr_par' dir='ltr' id='par_1_71' title="bbox 147 3940 1724 4014">
     <span class='ocr_line' id='line_1_71' title="bbox 147 3940 1724 4014; baseline -0.001 -18"><span class='ocrx_word' id='word_1_537' title='bbox 147 3944 237 3996; x_wconf 83' lang='grc' dir='ltr'><strong>λαι</strong></span> <span class='ocrx_word' id='word_1_538' title='bbox 283 3940 634 4014; x_wconf 84' lang='grc' dir='ltr'>προεστῶτες</span> <span class='ocrx_word' id='word_1_539' title='bbox 665 3941 758 3996; x_wconf 82' lang='grc' dir='ltr'><strong>τοῦ</strong></span> <span class='ocrx_word' id='word_1_540' title='bbox 807 3943 1042 4013; x_wconf 80' lang='grc' dir='ltr'>Ἰσραήλ.</span> <span class='ocrx_word' id='word_1_541' title='bbox 1079 3941 1264 3995; x_wconf 78' lang='grc' dir='ltr'>Ταῦτα</span> <span class='ocrx_word' id='word_1_542' title='bbox 1296 3941 1595 3994; x_wconf 79' lang='grc' dir='ltr'>διδάσκοιτέ</span> <span class='ocrx_word' id='word_1_543' title='bbox 1637 3959 1724 4011; x_wconf 90' lang='grc' dir='ltr'><strong>με,</strong></span> 
     </span>
    </p>
   </div>
   <div class='ocr_carea' id='block_1_72' title="bbox 146 4033 1729 4104">
    <p class='ocr_par' dir='ltr' id='par_1_72' title="bbox 146 4033 1729 4104">
     <span class='ocr_line' id='line_1_72' title="bbox 146 4033 1729 4104; baseline -0.001 -15"><span class='ocrx_word' id='word_1_544' title='bbox 146 4036 243 4088; x_wconf 77' lang='grc' dir='ltr'>καὶ</span> <span class='ocrx_word' id='word_1_545' title='bbox 270 4034 489 4097; x_wconf 79' lang='grc' dir='ltr'>τούτοις</span> <span class='ocrx_word' id='word_1_546' title='bbox 517 4035 819 4104; x_wconf 78' lang='grc' dir='ltr'>στηρίζοιτε</span> <span class='ocrx_word' id='word_1_547' title='bbox 861 4037 974 4096; x_wconf 83' lang='grc' dir='ltr'>τοῖς</span> <span class='ocrx_word' id='word_1_548' title='bbox 1003 4033 1202 4102; x_wconf 84' lang='grc' dir='ltr'>λόγοις.</span> <span class='ocrx_word' id='word_1_549' title='bbox 1237 4034 1330 4087; x_wconf 78' lang='grc' dir='ltr'>καὶ</span> <span class='ocrx_word' id='word_1_550' title='bbox 1362 4033 1497 4104; x_wconf 85' lang='grc' dir='ltr'>μετὰ</span> <span class='ocrx_word' id='word_1_551' title='bbox 1527 4033 1729 4088; x_wconf 89' lang='grc' dir='ltr'>τούτων</span> 
     </span>
    </p>
   </div>
   <div class='ocr_carea' id='block_1_73' title="bbox 146 4125 1731 4196">
    <p class='ocr_par' dir='ltr' id='par_1_73' title="bbox 146 4125 1731 4196">
     <span class='ocr_line' id='line_1_73' title="bbox 146 4125 1731 4196; baseline -0.003 -14"><span class='ocrx_word' id='word_1_552' title='bbox 146 4128 502 4194; x_wconf 81' lang='grc' dir='ltr'>ποιμαίνοιτε</span> <span class='ocrx_word' id='word_1_553' title='bbox 531 4129 626 4181; x_wconf 70' lang='grc' dir='ltr'>καὶ</span> <span class='ocrx_word' id='word_1_554' title='bbox 655 4127 1100 4196; x_wconf 85' lang='grc' dir='ltr'>συμποιμαίνοιτε</span> <span class='ocrx_word' id='word_1_555' title='bbox 1142 4125 1250 4196; x_wconf 68' lang='grc'>(40)</span> <span class='ocrx_word' id='word_1_556' title='bbox 1285 4125 1390 4179; x_wconf 88' lang='grc' dir='ltr'><strong>τῶν</strong></span> <span class='ocrx_word' id='word_1_557' title='bbox 1422 4126 1731 4196; x_wconf 81' lang='grc' dir='ltr'>παραγγελ-</span> 
     </span>
    </p>
   </div>
   <div class='ocr_carea' id='block_1_74' title="bbox 151 4215 1731 4289">
    <p class='ocr_par' dir='ltr' id='par_1_74' title="bbox 151 4215 1731 4289">
     <span class='ocr_line' id='line_1_74' title="bbox 151 4215 1731 4289; baseline -0.003 -17"><span class='ocrx_word' id='word_1_558' title='bbox 151 4221 370 4289; x_wconf 72' lang='grc' dir='ltr'>μάτων,</span> <span class='ocrx_word' id='word_1_559' title='bbox 399 4219 494 4272; x_wconf 76' lang='grc' dir='ltr'>καὶ</span> <span class='ocrx_word' id='word_1_560' title='bbox 521 4219 762 4282; x_wconf 80' lang='grc' dir='ltr'>σώζοιτε,</span> <span class='ocrx_word' id='word_1_561' title='bbox 800 4216 985 4288; x_wconf 86' lang='grc' dir='ltr'>ῶσπερ</span> <span class='ocrx_word' id='word_1_562' title='bbox 1011 4220 1076 4288; x_wconf 82' lang='grc' dir='ltr'><strong>τῇ</strong></span> <span class='ocrx_word' id='word_1_563' title='bbox 1099 4215 1435 4286; x_wconf 72' lang='grc' dir='ltr'>διδασκαλίᾳ,</span> <span class='ocrx_word' id='word_1_564' title='bbox 1461 4215 1602 4270; x_wconf 77' lang='grc' dir='ltr'>οὕτω</span> <span class='ocrx_word' id='word_1_565' title='bbox 1637 4215 1731 4269; x_wconf 81' lang='grc' dir='ltr'>καὶ</span> 
     </span>
    </p>
   </div>
   <div class='ocr_carea' id='block_1_75' title="bbox 144 4307 1728 4380">
    <p class='ocr_par' dir='ltr' id='par_1_75' title="bbox 144 4307 1728 4380">
     <span class='ocr_line' id='line_1_75' title="bbox 144 4307 1728 4380; baseline -0.003 -16"><span class='ocrx_word' id='word_1_566' title='bbox 144 4315 269 4375; x_wconf 84' lang='grc' dir='ltr'>ταῖς</span> <span class='ocrx_word' id='word_1_567' title='bbox 322 4311 536 4380; x_wconf 84' lang='grc' dir='ltr'>εὐχαῖς,</span> <span class='ocrx_word' id='word_1_568' title='bbox 565 4309 665 4380; x_wconf 86' lang='grc' dir='ltr'>ὲμέ</span> <span class='ocrx_word' id='word_1_569' title='bbox 697 4327 754 4362; x_wconf 88' lang='grc' dir='ltr'><strong>τε</strong></span> <span class='ocrx_word' id='word_1_570' title='bbox 788 4309 879 4362; x_wconf 75' lang='grc' dir='ltr'>καὶ</span> <span class='ocrx_word' id='word_1_571' title='bbox 919 4309 979 4362; x_wconf 83' lang='grc' dir='ltr'>τὸ</span> <span class='ocrx_word' id='word_1_572' title='bbox 1004 4309 1144 4380; x_wconf 83' lang='grc' dir='ltr'>ἱερὸν</span> <span class='ocrx_word' id='word_1_573' title='bbox 1179 4308 1338 4362; x_wconf 82' lang='grc' dir='ltr'>τοῦτο</span> <span class='ocrx_word' id='word_1_574' title='bbox 1363 4307 1628 4378; x_wconf 86' lang='grc' dir='ltr'>ποίμνιον,</span> <span class='ocrx_word' id='word_1_575' title='bbox 1649 4311 1728 4370; x_wconf 78' lang='grc' dir='ltr'><strong>εἰς</strong></span> 
     </span>
    </p>
   </div>
   <div class='ocr_carea' id='block_1_76' title="bbox 145 4395 1729 4468">
    <p class='ocr_par' dir='ltr' id='par_1_76' title="bbox 145 4395 1729 4468">
     <span class='ocr_line' id='line_1_76' title="bbox 145 4395 1729 4468; baseline 0.001 -20"><span class='ocrx_word' id='word_1_576' title='bbox 145 4396 464 4465; x_wconf 70' lang='grc' dir='ltr'>ἀσφάλειαν</span> <span class='ocrx_word' id='word_1_577' title='bbox 492 4397 638 4466; x_wconf 74' lang='grc' dir='ltr'>ἐμοὶ,</span> <span class='ocrx_word' id='word_1_578' title='bbox 667 4398 746 4458; x_wconf 90' lang='grc' dir='ltr'><strong>εἰς</strong></span> <span class='ocrx_word' id='word_1_579' title='bbox 775 4395 1034 4466; x_wconf 81' lang='grc' dir='ltr'>καύχημα</span> <span class='ocrx_word' id='word_1_580' title='bbox 1069 4397 1194 4466; x_wconf 85' lang='grc' dir='ltr'>ὑμῖν</span> <span class='ocrx_word' id='word_1_581' title='bbox 1229 4397 1286 4448; x_wconf 82' lang='grc' dir='ltr'>ὲν</span> <span class='ocrx_word' id='word_1_582' title='bbox 1322 4395 1503 4468; x_wconf 66' lang='grc' dir='ltr'>ἡμέρα</span> <span class='ocrx_word' id='word_1_583' title='bbox 1534 4398 1729 4465; x_wconf 74' lang='grc' dir='ltr'>ἐπιφοι-</span> 
     </span>
    </p>
   </div>
   <div class='ocr_carea' id='block_1_77' title="bbox 143 4486 1731 4562">
    <p class='ocr_par' dir='ltr' id='par_1_77' title="bbox 143 4486 1731 4562">
     <span class='ocr_line' id='line_1_77' title="bbox 143 4486 1731 4562; baseline 0 -22"><span class='ocrx_word' id='word_1_584' title='bbox 143 4487 304 4551; x_wconf 83' lang='grc' dir='ltr'>νείας</span> <span class='ocrx_word' id='word_1_585' title='bbox 334 4488 433 4541; x_wconf 69' lang='grc' dir='ltr'>καὶ</span> <span class='ocrx_word' id='word_1_586' title='bbox 470 4487 860 4562; x_wconf 77' lang='grc' dir='ltr'>ἀποκαλύψεως</span> <span class='ocrx_word' id='word_1_587' title='bbox 881 4486 976 4540; x_wconf 76' lang='grc' dir='ltr'><strong>τοῦ</strong></span> <span class='ocrx_word' id='word_1_588' title='bbox 1009 4487 1246 4558; x_wconf 84' lang='grc' dir='ltr'>μεγάλου</span> <span class='ocrx_word' id='word_1_589' title='bbox 1275 4486 1430 4551; x_wconf 80' lang='grc' dir='ltr'>Θεοῦ,</span> <span class='ocrx_word' id='word_1_590' title='bbox 1459 4488 1552 4541; x_wconf 75' lang='grc' dir='ltr'>καὶ</span> <span class='ocrx_word' id='word_1_591' title='bbox 1579 4487 1731 4557; x_wconf 72' lang='grc' dir='ltr'>ἀρχι-</span> 
     </span>
    </p>
   </div>
   <div class='ocr_carea' id='block_1_78' title="bbox 1825 3383 3387 3458">
    <p class='ocr_par' dir='ltr' id='par_1_78' title="bbox 1825 3383 3387 3458">
     <span class='ocr_line' id='line_1_78' title="bbox 1825 3383 3387 3458; baseline -0.004 -17"><span class='ocrx_word' id='word_1_592' title='bbox 1825 3390 2066 3458; x_wconf 89' lang='lat' dir='ltr'><strong>inquam,</strong></span> <span class='ocrx_word' id='word_1_593' title='bbox 2097 3387 2258 3442; x_wconf 92' lang='lat' dir='ltr'><strong>modo</strong></span> <span class='ocrx_word' id='word_1_594' title='bbox 2282 3386 2396 3441; x_wconf 67' lang='lat' dir='ltr'><strong>haec</strong></span> <span class='ocrx_word' id='word_1_595' title='bbox 2423 3384 2700 3440; x_wconf 88' lang='lat' dir='ltr'><strong>addiscam</strong></span> <span class='ocrx_word' id='word_1_596' title='bbox 2723 3423 2736 3448; x_wconf 91' lang='lat'><strong>,</strong></span> <span class='ocrx_word' id='word_1_597' title='bbox 2782 3392 2943 3452; x_wconf 91' lang='lat' dir='ltr'><strong>atque</strong></span> <span class='ocrx_word' id='word_1_598' title='bbox 2977 3383 3080 3446; x_wconf 90' lang='lat' dir='ltr'><strong>ita,</strong></span> <span class='ocrx_word' id='word_1_599' title='bbox 3133 3391 3191 3436; x_wconf 94' lang='lat' dir='ltr'><strong>ut</strong></span> <span class='ocrx_word' id='word_1_600' title='bbox 3241 3394 3387 3436; x_wconf 82' lang='lat' dir='ltr'><strong>recta</strong></span> 
     </span>
    </p>
   </div>
   <div class='ocr_carea' id='block_1_79' title="bbox 1824 3473 3384 3546">
    <p class='ocr_par' dir='ltr' id='par_1_79' title="bbox 1824 3473 3384 3546">
     <span class='ocr_line' id='line_1_79' title="bbox 1824 3473 3384 3546; baseline -0.006 -14"><span class='ocrx_word' id='word_1_601' title='bbox 1824 3477 2108 3546; x_wconf 85' lang='lat' dir='ltr'><strong>pastoralis</strong></span> <span class='ocrx_word' id='word_1_602' title='bbox 2141 3477 2272 3531; x_wconf 89' lang='lat' dir='ltr'><strong>artis</strong></span> <span class='ocrx_word' id='word_1_603' title='bbox 2303 3485 2586 3544; x_wconf 88' lang='lat' dir='ltr'><strong>vestraque</strong></span> <span class='ocrx_word' id='word_1_604' title='bbox 2612 3475 2748 3528; x_wconf 90' lang='lat' dir='ltr'><strong>ratio</strong></span> <span class='ocrx_word' id='word_1_605' title='bbox 2770 3473 3024 3542; x_wconf 89' lang='lat' dir='ltr'><strong>postulat,</strong></span> <span class='ocrx_word' id='word_1_606' title='bbox 3053 3473 3384 3532; x_wconf 89' lang='lat' dir='ltr'><strong>custodiam;</strong></span> 
     </span>
    </p>
   </div>
   <div class='ocr_carea' id='block_1_80' title="bbox 1827 3563 3390 3635">
    <p class='ocr_par' dir='ltr' id='par_1_80' title="bbox 1827 3563 3390 3635">
     <span class='ocr_line' id='line_1_80' title="bbox 1827 3563 3390 3635; baseline -0.004 -14"><span class='ocrx_word' id='word_1_607' title='bbox 1827 3583 1893 3621; x_wconf 82' lang='lat' dir='ltr'><strong>ac</strong></span> <span class='ocrx_word' id='word_1_608' title='bbox 1925 3582 2052 3629; x_wconf 77' lang='lat' dir='ltr'><strong>non,</strong></span> <span class='ocrx_word' id='word_1_609' title='bbox 2082 3565 2222 3635; x_wconf 88' lang='lat' dir='ltr'><strong>quod</strong></span> <span class='ocrx_word' id='word_1_610' title='bbox 2250 3564 2494 3624; x_wconf 86' lang='lat' dir='ltr'><strong>scelerati</strong></span> <span class='ocrx_word' id='word_1_611' title='bbox 2519 3564 2750 3633; x_wconf 85' lang='lat' dir='ltr'><strong>pastoris</strong></span> <span class='ocrx_word' id='word_1_612' title='bbox 2775 3573 2877 3627; x_wconf 87' lang='lat' dir='ltr'><strong>est,</strong></span> <span class='ocrx_word' id='word_1_613' title='bbox 2912 3563 2992 3618; x_wconf 88' lang='lat' dir='ltr'><strong>lac</strong></span> <span class='ocrx_word' id='word_1_614' title='bbox 3019 3563 3315 3626; x_wconf 89' lang='lat' dir='ltr'><strong>comedam,</strong></span> <span class='ocrx_word' id='word_1_615' title='bbox 3336 3572 3390 3614; x_wconf 88' lang='lat' dir='ltr'><strong>et</strong></span> 
     </span>
    </p>
   </div>
   <div class='ocr_carea' id='block_1_81' title="bbox 1827 3651 3389 3725">
    <p class='ocr_par' dir='ltr' id='par_1_81' title="bbox 1827 3651 3389 3725">
     <span class='ocr_line' id='line_1_81' title="bbox 1827 3651 3389 3725; baseline -0.005 -14"><span class='ocrx_word' id='word_1_616' title='bbox 1827 3658 1944 3712; x_wconf 89' lang='lat' dir='ltr'><strong>lana</strong></span> <span class='ocrx_word' id='word_1_617' title='bbox 1981 3658 2171 3710; x_wconf 89' lang='lat' dir='ltr'><strong>induar</strong></span> <span class='ocrx_word' id='word_1_618' title='bbox 2189 3655 2255 3718; x_wconf 74' lang='grc'><strong>⁸⁸⁷,</strong></span> <span class='ocrx_word' id='word_1_619' title='bbox 2283 3664 2338 3710; x_wconf 81' lang='lat' dir='ltr'><strong>et</strong></span> <span class='ocrx_word' id='word_1_620' title='bbox 2375 3655 2722 3725; x_wconf 85' lang='lat' dir='ltr'><strong>pinguissima</strong></span> <span class='ocrx_word' id='word_1_621' title='bbox 2753 3669 2979 3723; x_wconf 57' lang='lat' dir='ltr'><strong>quisque</strong></span> <span class='ocrx_word' id='word_1_622' title='bbox 3011 3651 3246 3720; x_wconf 73' lang='lat' dir='ltr'><strong>iugulem</strong></span> <span class='ocrx_word' id='word_1_623' title='bbox 3295 3663 3389 3705; x_wconf 90' lang='lat' dir='ltr'><strong>aut</strong></span> 
     </span>
    </p>
   </div>
   <div class='ocr_carea' id='block_1_82' title="bbox 1827 3742 3390 3817">
    <p class='ocr_par' dir='ltr' id='par_1_82' title="bbox 1827 3742 3390 3817">
     <span class='ocr_line' id='line_1_82' title="bbox 1827 3742 3390 3817; baseline -0.006 -15"><span class='ocrx_word' id='word_1_624' title='bbox 1827 3749 2050 3804; x_wconf 82' lang='lat' dir='ltr'><strong>vendam</strong></span> <span class='ocrx_word' id='word_1_625' title='bbox 2074 3788 2089 3812; x_wconf 93' lang='lat'><strong>,</strong></span> <span class='ocrx_word' id='word_1_626' title='bbox 2127 3747 2328 3817; x_wconf 89' lang='lat' dir='ltr'><strong>reliqua</strong></span> <span class='ocrx_word' id='word_1_627' title='bbox 2359 3756 2538 3800; x_wconf 88' lang='lat' dir='ltr'><strong>autem</strong></span> <span class='ocrx_word' id='word_1_628' title='bbox 2579 3745 2764 3799; x_wconf 80' lang='lat' dir='ltr'><strong>bestiis</strong></span> <span class='ocrx_word' id='word_1_629' title='bbox 2803 3753 2854 3799; x_wconf 89' lang='lat' dir='ltr'><strong>et</strong></span> <span class='ocrx_word' id='word_1_630' title='bbox 2889 3743 3197 3812; x_wconf 72' lang='lat' dir='ltr'><strong>prmcipitiis</strong></span> <span class='ocrx_word' id='word_1_631' title='bbox 3229 3742 3390 3796; x_wconf 86' lang='lat' dir='ltr'><strong>relin-</strong></span> 
     </span>
    </p>
   </div>
   <div class='ocr_carea' id='block_1_83' title="bbox 1827 3834 3388 3911">
    <p class='ocr_par' dir='ltr' id='par_1_83' title="bbox 1827 3834 3388 3911">
     <span class='ocr_line' id='line_1_83' title="bbox 1827 3834 3388 3911; baseline -0.006 -16"><span class='ocrx_word' id='word_1_632' title='bbox 1827 3856 2008 3911; x_wconf 88' lang='lat' dir='ltr'><strong>quam,</strong></span> <span class='ocrx_word' id='word_1_633' title='bbox 2034 3854 2118 3894; x_wconf 87' lang='lat' dir='ltr'><strong>me</strong></span> <span class='ocrx_word' id='word_1_634' title='bbox 2142 3839 2315 3906; x_wconf 89' lang='lat' dir='ltr'><strong>ipsum</strong></span> <span class='ocrx_word' id='word_1_635' title='bbox 2342 3853 2587 3906; x_wconf 75' lang='lat' dir='ltr'><strong>pascens,</strong></span> <span class='ocrx_word' id='word_1_636' title='bbox 2619 3851 2723 3890; x_wconf 90' lang='lat' dir='ltr'><strong>non</strong></span> <span class='ocrx_word' id='word_1_637' title='bbox 2762 3850 3002 3905; x_wconf 84' lang='lat' dir='ltr'><strong>gregem,</strong></span> <span class='ocrx_word' id='word_1_638' title='bbox 3034 3834 3388 3903; x_wconf 89' lang='lat' dir='ltr'><strong>quemadmo-</strong></span> 
     </span>
    </p>
   </div>
   <div class='ocr_carea' id='block_1_84' title="bbox 1829 3925 3391 4010">
    <p class='ocr_par' dir='ltr' id='par_1_84' title="bbox 1829 3925 3391 4010">
     <span class='ocr_line' id='line_1_84' title="bbox 1829 3925 3391 4010; baseline -0.006 -22"><span class='ocrx_word' id='word_1_639' title='bbox 1829 3935 1954 4010; x_wconf 82' lang='lat' dir='ltr'><strong>dum</strong></span> <span class='ocrx_word' id='word_1_640' title='bbox 1985 3932 2113 3987; x_wconf 91' lang='lat' dir='ltr'><strong>olim</strong></span> <span class='ocrx_word' id='word_1_641' title='bbox 2148 3930 2513 3986; x_wconf 88' lang='lat' dir='ltr'><strong>lsraelitarum</strong></span> <span class='ocrx_word' id='word_1_642' title='bbox 2547 3927 2812 3998; x_wconf 66' lang='lat' dir='ltr'><strong>prarfcctis</strong></span> <span class='ocrx_word' id='word_1_643' title='bbox 2855 3926 3230 3995; x_wconf 88' lang='lat' dir='ltr'><strong>objiciebatur.</strong></span> <span class='ocrx_word' id='word_1_644' title='bbox 3268 3925 3391 3980; x_wconf 73' lang='lat' dir='ltr'><strong>ilzec</strong></span> 
     </span>
    </p>
   </div>
   <div class='ocr_carea' id='block_1_85' title="bbox 1830 4016 3394 4092">
    <p class='ocr_par' dir='ltr' id='par_1_85' title="bbox 1830 4016 3394 4092">
     <span class='ocr_line' id='line_1_85' title="bbox 1830 4016 3394 4092; baseline -0.005 -14"><span class='ocrx_word' id='word_1_645' title='bbox 1830 4041 1950 4088; x_wconf 86' lang='lat' dir='ltr'><strong>me,</strong></span> <span class='ocrx_word' id='word_1_646' title='bbox 1988 4038 2204 4092; x_wconf 64' lang='lat' dir='ltr'><strong>quaeso,</strong></span> <span class='ocrx_word' id='word_1_647' title='bbox 2239 4025 2462 4084; x_wconf 87' lang='lat' dir='ltr'><strong>docete,</strong></span> <span class='ocrx_word' id='word_1_648' title='bbox 2511 4021 2596 4075; x_wconf 92' lang='lat' dir='ltr'><strong>his</strong></span> <span class='ocrx_word' id='word_1_649' title='bbox 2651 4018 2992 4074; x_wconf 89' lang='lat' dir='ltr'><strong>sermonibus</strong></span> <span class='ocrx_word' id='word_1_650' title='bbox 3038 4016 3256 4082; x_wconf 80' lang='lat' dir='ltr'><strong>fulcite,</strong></span> <span class='ocrx_word' id='word_1_651' title='bbox 3307 4017 3394 4071; x_wconf 86' lang='lat' dir='ltr'><strong>bis</strong></span> 
     </span>
    </p>
   </div>
   <div class='ocr_carea' id='block_1_86' title="bbox 1831 4109 3392 4185">
    <p class='ocr_par' dir='ltr' id='par_1_86' title="bbox 1831 4109 3392 4185">
     <span class='ocr_line' id='line_1_86' title="bbox 1831 4109 3392 4185; baseline -0.007 -16"><span class='ocrx_word' id='word_1_652' title='bbox 1831 4114 2113 4185; x_wconf 73' lang='lat' dir='ltr'><strong>przeceptis</strong></span> <span class='ocrx_word' id='word_1_653' title='bbox 2136 4153 2152 4178; x_wconf 84' lang='lat'><strong>,</strong></span> <span class='ocrx_word' id='word_1_654' title='bbox 2185 4123 2349 4168; x_wconf 88' lang='lat' dir='ltr'><strong>etme</strong></span> <span class='ocrx_word' id='word_1_655' title='bbox 2370 4153 2384 4175; x_wconf 88' lang='lat'><strong>.</strong></span> <span class='ocrx_word' id='word_1_656' title='bbox 2420 4124 2474 4167; x_wconf 79' lang='lat' dir='ltr'><strong>et</strong></span> <span class='ocrx_word' id='word_1_657' title='bbox 2506 4127 2713 4166; x_wconf 88' lang='lat' dir='ltr'><strong>mecum</strong></span> <span class='ocrx_word' id='word_1_658' title='bbox 2747 4124 2962 4165; x_wconf 91' lang='lat' dir='ltr'><strong>sacrum</strong></span> <span class='ocrx_word' id='word_1_659' title='bbox 3002 4109 3142 4162; x_wconf 90' lang='lat' dir='ltr'><strong>hunc</strong></span> <span class='ocrx_word' id='word_1_660' title='bbox 3179 4121 3392 4176; x_wconf 76' lang='lat' dir='ltr'><strong>gregem</strong></span> 
     </span>
    </p>
   </div>
   <div class='ocr_carea' id='block_1_87' title="bbox 1833 4196 3394 4273">
    <p class='ocr_par' dir='ltr' id='par_1_87' title="bbox 1833 4196 3394 4273">
     <span class='ocr_line' id='line_1_87' title="bbox 1833 4196 3394 4273; baseline -0.004 -16"><span class='ocrx_word' id='word_1_661' title='bbox 1833 4204 2061 4270; x_wconf 87' lang='lat' dir='ltr'><strong>pascite,</strong></span> <span class='ocrx_word' id='word_1_662' title='bbox 2088 4211 2270 4273; x_wconf 87' lang='lat' dir='ltr'><strong>atque,</strong></span> <span class='ocrx_word' id='word_1_663' title='bbox 2306 4211 2365 4256; x_wconf 90' lang='lat' dir='ltr'><strong>ut</strong></span> <span class='ocrx_word' id='word_1_664' title='bbox 2398 4202 2666 4266; x_wconf 87' lang='lat' dir='ltr'><strong>doctrina,</strong></span> <span class='ocrx_word' id='word_1_665' title='bbox 2705 4201 2779 4254; x_wconf 86' lang='lat' dir='ltr'><strong>ita</strong></span> <span class='ocrx_word' id='word_1_666' title='bbox 2812 4198 3062 4268; x_wconf 89' lang='lat' dir='ltr'><strong>precibus</strong></span> <span class='ocrx_word' id='word_1_667' title='bbox 3087 4196 3248 4252; x_wconf 89' lang='lat' dir='ltr'><strong>etiam</strong></span> <span class='ocrx_word' id='word_1_668' title='bbox 3280 4211 3394 4250; x_wconf 84' lang='lat' dir='ltr'><strong>ser-</strong></span> 
     </span>
    </p>
   </div>
   <div class='ocr_carea' id='block_1_88' title="bbox 1831 4286 3391 4364">
    <p class='ocr_par' dir='ltr' id='par_1_88' title="bbox 1831 4286 3391 4364">
     <span class='ocr_line' id='line_1_88' title="bbox 1831 4286 3391 4364; baseline -0.007 -16"><span class='ocrx_word' id='word_1_669' title='bbox 1831 4305 1977 4358; x_wconf 87' lang='lat' dir='ltr'><strong>vate,</strong></span> <span class='ocrx_word' id='word_1_670' title='bbox 2012 4295 2140 4349; x_wconf 89' lang='lat' dir='ltr'><strong>mibi</strong></span> <span class='ocrx_word' id='word_1_671' title='bbox 2176 4295 2392 4364; x_wconf 89' lang='lat' dir='ltr'><strong>quidem</strong></span> <span class='ocrx_word' id='word_1_672' title='bbox 2421 4295 2487 4348; x_wconf 90' lang='lat' dir='ltr'><strong>ad</strong></span> <span class='ocrx_word' id='word_1_673' title='bbox 2517 4292 2897 4356; x_wconf 86' lang='lat' dir='ltr'><strong>securitatem,</strong></span> <span class='ocrx_word' id='word_1_674' title='bbox 2937 4288 3091 4344; x_wconf 85' lang='lat' dir='ltr'><strong>vobis</strong></span> <span class='ocrx_word' id='word_1_675' title='bbox 3119 4296 3298 4343; x_wconf 89' lang='lat' dir='ltr'><strong>autem</strong></span> <span class='ocrx_word' id='word_1_676' title='bbox 3327 4286 3391 4340; x_wconf 88' lang='lat' dir='ltr'><strong>ad</strong></span> 
     </span>
    </p>
   </div>
   <div class='ocr_carea' id='block_1_89' title="bbox 1834 4378 3390 4454">
    <p class='ocr_par' dir='ltr' id='par_1_89' title="bbox 1834 4378 3390 4454">
     <span class='ocr_line' id='line_1_89' title="bbox 1834 4378 3390 4454; baseline -0.006 -16"><span class='ocrx_word' id='word_1_677' title='bbox 1834 4387 2209 4454; x_wconf 83' lang='lat' dir='ltr'><strong>gloriationem</strong></span> <span class='ocrx_word' id='word_1_678' title='bbox 2241 4385 2294 4438; x_wconf 90' lang='lat' dir='ltr'><strong>in</strong></span> <span class='ocrx_word' id='word_1_679' title='bbox 2328 4385 2414 4437; x_wconf 86' lang='lat' dir='ltr'><strong>die</strong></span> <span class='ocrx_word' id='word_1_680' title='bbox 2440 4385 2706 4438; x_wconf 85' lang='lat' dir='ltr'><strong>adventus</strong></span> <span class='ocrx_word' id='word_1_681' title='bbox 2737 4397 2801 4436; x_wconf 89' lang='lat' dir='ltr'><strong>ac</strong></span> <span class='ocrx_word' id='word_1_682' title='bbox 2829 4379 3174 4434; x_wconf 86' lang='lat' dir='ltr'><strong>revelationis</strong></span> <span class='ocrx_word' id='word_1_683' title='bbox 3215 4378 3390 4447; x_wconf 87' lang='lat' dir='ltr'><strong>magni</strong></span> 
     </span>
    </p>
   </div>
   <div class='ocr_carea' id='block_1_90' title="bbox 1835 4470 3395 4546">
    <p class='ocr_par' dir='ltr' id='par_1_90' title="bbox 1835 4470 3395 4546">
     <span class='ocr_line' id='line_1_90' title="bbox 1835 4470 3395 4546; baseline -0.005 -16"><span class='ocrx_word' id='word_1_684' title='bbox 1835 4477 1928 4532; x_wconf 91' lang='lat' dir='ltr'><strong>Dei</strong></span> <span class='ocrx_word' id='word_1_685' title='bbox 1963 4486 2016 4532; x_wconf 88' lang='lat' dir='ltr'><strong>et</strong></span> <span class='ocrx_word' id='word_1_686' title='bbox 2041 4477 2298 4546; x_wconf 87' lang='lat' dir='ltr'><strong>principis</strong></span> <span class='ocrx_word' id='word_1_687' title='bbox 2345 4475 2579 4544; x_wconf 85' lang='lat' dir='ltr'><strong>pastoris</strong></span> <span class='ocrx_word' id='word_1_688' title='bbox 2605 4473 2775 4528; x_wconf 86' lang='lat' dir='ltr'><strong>nostri</strong></span> <span class='ocrx_word' id='word_1_689' title='bbox 2819 4472 2942 4526; x_wconf 81' lang='lat' dir='ltr'><strong>Jesu</strong></span> <span class='ocrx_word' id='word_1_690' title='bbox 2981 4470 3177 4526; x_wconf 83' lang='lat' dir='ltr'><strong>Christi</strong></span> <span class='ocrx_word' id='word_1_691' title='bbox 3197 4470 3261 4536; x_wconf 68' lang='grc'><strong>⁸⁸,</strong></span> <span class='ocrx_word' id='word_1_692' title='bbox 3299 4485 3395 4540; x_wconf 90' lang='lat' dir='ltr'><strong>per</strong></span> 
     </span>
    </p>
   </div>
   <div class='ocr_carea' id='block_1_91' title="bbox 143 4560 1738 4656">
    <p class='ocr_par' dir='ltr' id='par_1_91' title="bbox 143 4560 1732 4650">
     <span class='ocr_line' id='line_1_91' title="bbox 143 4560 1732 4650; baseline 0.001 -21"><span class='ocrx_word' id='word_1_693' title='bbox 143 4579 422 4649; x_wconf 81' lang='grc' dir='ltr'>ποιμένος</span> <span class='ocrx_word' id='word_1_694' title='bbox 448 4577 605 4648; x_wconf 82' lang='grc' dir='ltr'>ἡμῶν</span> <span class='ocrx_word' id='word_1_695' title='bbox 647 4560 824 4650; x_wconf 77' lang='grc' dir='ltr'>Ἰησοῦ</span> <span class='ocrx_word' id='word_1_696' title='bbox 847 4576 1106 4650; x_wconf 73' lang='grc' dir='ltr'>Χριστοῦ,</span> <span class='ocrx_word' id='word_1_697' title='bbox 1142 4580 1210 4632; x_wconf 85' lang='grc' dir='ltr'>δι’</span> <span class='ocrx_word' id='word_1_698' title='bbox 1239 4571 1300 4632; x_wconf 77' lang='grc' dir='ltr'>οὗ</span> <span class='ocrx_word' id='word_1_699' title='bbox 1328 4579 1422 4631; x_wconf 75' lang='grc' dir='ltr'>καὶ</span> <span class='ocrx_word' id='word_1_700' title='bbox 1453 4577 1571 4648; x_wconf 81' lang='grc' dir='ltr'>μεθ’</span> <span class='ocrx_word' id='word_1_701' title='bbox 1605 4572 1664 4630; x_wconf 73' lang='grc' dir='ltr'><strong>οὗ</strong></span> <span class='ocrx_word' id='word_1_702' title='bbox 1699 4579 1732 4649; x_wconf 83' lang='grc' dir='ltr'><strong>ἡ</strong></span> 
     </span>
    </p>
   </div>
   <div class='ocr_carea' id='block_1_92' title="bbox 1831 4560 3393 4656">
    <p class='ocr_par' dir='ltr' id='par_1_92' title="bbox 1838 4560 3393 4640">
     <span class='ocr_line' id='line_1_92' title="bbox 1838 4560 3393 4640; baseline -0.006 -18"><span class='ocrx_word' id='word_1_703' title='bbox 1838 4583 1997 4640; x_wconf 87' lang='lat' dir='ltr'><strong>quem</strong></span> <span class='ocrx_word' id='word_1_704' title='bbox 2029 4577 2226 4621; x_wconf 88' lang='lat' dir='ltr'><strong>etcum</strong></span> <span class='ocrx_word' id='word_1_705' title='bbox 2260 4581 2366 4636; x_wconf 89' lang='lat' dir='ltr'><strong>quo</strong></span> <span class='ocrx_word' id='word_1_706' title='bbox 2411 4567 2578 4634; x_wconf 82' lang='lat' dir='ltr'><strong>gloria</strong></span> <span class='ocrx_word' id='word_1_707' title='bbox 2633 4563 2783 4618; x_wconf 89' lang='lat' dir='ltr'><strong>Patri</strong></span> <span class='ocrx_word' id='word_1_708' title='bbox 2831 4560 3220 4632; x_wconf 82' lang='lat' dir='ltr'><strong>omnipotenti,</strong></span> <span class='ocrx_word' id='word_1_709' title='bbox 3272 4574 3393 4615; x_wconf 88' lang='lat' dir='ltr'><strong>cum</strong></span> 
     </span>
    </p>
   </div>
   <div class='ocr_carea' id='block_1_93' title="bbox 139 4669 1730 4742">
    <p class='ocr_par' dir='ltr' id='par_1_93' title="bbox 139 4669 1730 4742">
     <span class='ocr_line' id='line_1_93' title="bbox 139 4669 1730 4742; baseline 0.001 -20"><span class='ocrx_word' id='word_1_710' title='bbox 139 4669 276 4735; x_wconf 72' lang='grc' dir='ltr'>δόξα</span> <span class='ocrx_word' id='word_1_711' title='bbox 289 4670 477 4741; x_wconf 81' lang='grc' dir='ltr'>Πατρὶ</span> <span class='ocrx_word' id='word_1_712' title='bbox 491 4671 885 4741; x_wconf 84' lang='grc' dir='ltr'>παντοκράτορι</span> <span class='ocrx_word' id='word_1_713' title='bbox 900 4672 993 4724; x_wconf 81' lang='grc' dir='ltr'>σὺν</span> <span class='ocrx_word' id='word_1_714' title='bbox 1010 4671 1086 4742; x_wconf 83' lang='grc' dir='ltr'>τῷ</span> <span class='ocrx_word' id='word_1_715' title='bbox 1098 4670 1234 4742; x_wconf 84' lang='grc' dir='ltr'>ἁγίῳ</span> <span class='ocrx_word' id='word_1_716' title='bbox 1255 4672 1348 4725; x_wconf 75' lang='grc' dir='ltr'>καὶ</span> <span class='ocrx_word' id='word_1_717' title='bbox 1360 4669 1604 4740; x_wconf 78' lang='grc' dir='ltr'>ζωοποιῷ</span> <span class='ocrx_word' id='word_1_718' title='bbox 1621 4669 1730 4741; x_wconf 72' lang='grc'>(4-1)</span> 
     </span>
    </p>
   </div>
   <div class='ocr_carea' id='block_1_94' title="bbox 142 4760 1727 4831">
    <p class='ocr_par' dir='ltr' id='par_1_94' title="bbox 142 4760 1727 4831">
     <span class='ocr_line' id='line_1_94' title="bbox 142 4760 1727 4831; baseline 0.003 -19"><span class='ocrx_word' id='word_1_719' title='bbox 142 4760 443 4831; x_wconf 80' lang='grc' dir='ltr'>Πνεύματι</span> <span class='ocrx_word' id='word_1_720' title='bbox 494 4761 590 4815; x_wconf 76' lang='grc' dir='ltr'>καὶ</span> <span class='ocrx_word' id='word_1_721' title='bbox 615 4761 708 4814; x_wconf 82' lang='grc' dir='ltr'>νῦν</span> <span class='ocrx_word' id='word_1_722' title='bbox 742 4763 835 4814; x_wconf 76' lang='grc' dir='ltr'>καὶ</span> <span class='ocrx_word' id='word_1_723' title='bbox 872 4763 950 4826; x_wconf 75' lang='grc' dir='ltr'><strong>εἰς</strong></span> <span class='ocrx_word' id='word_1_724' title='bbox 975 4764 1099 4826; x_wconf 80' lang='grc' dir='ltr'>τοὺς</span> <span class='ocrx_word' id='word_1_725' title='bbox 1127 4763 1328 4826; x_wconf 81' lang='grc' dir='ltr'>αἰῶνας</span> <span class='ocrx_word' id='word_1_726' title='bbox 1360 4760 1468 4814; x_wconf 89' lang='grc' dir='ltr'><strong>τῶν</strong></span> <span class='ocrx_word' id='word_1_727' title='bbox 1501 4760 1727 4817; x_wconf 83' lang='grc' dir='ltr'>αἰώνων.</span> 
     </span>
    </p>
   </div>
   <div class='ocr_carea' id='block_1_95' title="bbox 166 4852 371 4920">
    <p class='ocr_par' dir='ltr' id='par_1_95' title="bbox 166 4852 371 4920">
     <span class='ocr_line' id='line_1_95' title="bbox 166 4852 371 4920; baseline 0.005 -18"><span class='ocrx_word' id='word_1_728' title='bbox 166 4852 371 4920; x_wconf 76' lang='grc' dir='ltr'>Αμήν.</span> 
     </span>
    </p>
   </div>
   <div class='ocr_carea' id='block_1_96' title="bbox 215 5048 1738 5120">
    <p class='ocr_par' dir='ltr' id='par_1_96' title="bbox 215 5048 1736 5120">
     <span class='ocr_line' id='line_1_96' title="bbox 215 5048 1736 5120; baseline 0.006 -21"><span class='ocrx_word' id='word_1_729' title='bbox 215 5049 266 5120; x_wconf 53' lang='grc' dir='ltr'><strong>δῗ</strong></span> <span class='ocrx_word' id='word_1_730' title='bbox 301 5048 418 5120; x_wconf 67' lang='grc' dir='ltr'>ιειι.</span> <span class='ocrx_word' id='word_1_731' title='bbox 452 5063 602 5120; x_wconf 56' lang='lat' dir='ltr'><strong>anu,</strong></span> <span class='ocrx_word' id='word_1_732' title='bbox 641 5049 722 5120; x_wconf 66' lang='lat'><strong>19.</strong></span> <span class='ocrx_word' id='word_1_733' title='bbox 763 5050 841 5120; x_wconf 68' lang='lat'><strong>_‘_‘</strong></span> <span class='ocrx_word' id='word_1_734' title='bbox 871 5048 1030 5103; x_wconf 85' lang='lat' dir='ltr'><strong>llebr.</strong></span> <span class='ocrx_word' id='word_1_735' title='bbox 1065 5065 1136 5112; x_wconf 88' lang='lat' dir='ltr'><strong>tv,</strong></span> <span class='ocrx_word' id='word_1_736' title='bbox 1168 5051 1250 5106; x_wconf 80' lang='grc'>16.</span> <span class='ocrx_word' id='word_1_737' title='bbox 1329 5055 1372 5086; x_wconf 76' lang='grc'><strong>⁸⁵</strong></span> <span class='ocrx_word' id='word_1_738' title='bbox 1396 5054 1536 5110; x_wconf 81' lang='lat' dir='ltr'><strong>Psal.</strong></span> <span class='ocrx_word' id='word_1_739' title='bbox 1594 5071 1736 5120; x_wconf 66' lang='grc' dir='ltr'>κων,</span> 
     </span>
    </p>
   </div>
   <div class='ocr_carea' id='block_1_97' title="bbox 1831 5048 2312 5120">
    <p class='ocr_par' dir='ltr' id='par_1_97' title="bbox 1899 5055 2312 5120">
     <span class='ocr_line' id='line_1_97' title="bbox 1899 5055 2312 5120; baseline -0.005 -9"><span class='ocrx_word' id='word_1_740' title='bbox 1899 5058 1942 5087; x_wconf 64' lang='grc'><strong>⁸⁸</strong></span> <span class='ocrx_word' id='word_1_741' title='bbox 1970 5055 2078 5111; x_wconf 76' lang='lat' dir='ltr'><strong>Jcr.</strong></span> <span class='ocrx_word' id='word_1_742' title='bbox 2131 5073 2158 5109; x_wconf 70' lang='grc' dir='ltr'><strong>ιι</strong></span> <span class='ocrx_word' id='word_1_743' title='bbox 2180 5097 2194 5120; x_wconf 93' lang='grc'><strong>,</strong></span> <span class='ocrx_word' id='word_1_744' title='bbox 2225 5057 2312 5110; x_wconf 70' lang='lat'><strong>2|.</strong></span> 
     </span>
    </p>
   </div>
   <div class='ocr_carea' id='block_1_98' title="bbox 141 5117 1122 5185">
    <p class='ocr_par' dir='ltr' id='par_1_98' title="bbox 141 5117 1122 5185">
     <span class='ocr_line' id='line_1_98' title="bbox 141 5117 1122 5185; baseline -0.002 -10"><span class='ocrx_word' id='word_1_745' title='bbox 141 5133 210 5185; x_wconf 90' lang='grc' dir='ltr'><strong>ιι,</strong></span> <span class='ocrx_word' id='word_1_746' title='bbox 243 5119 362 5182; x_wconf 79' lang='grc'><strong>16;</strong></span> <span class='ocrx_word' id='word_1_747' title='bbox 396 5117 568 5172; x_wconf 84' lang='lat' dir='ltr'><strong>lCor.</strong></span> <span class='ocrx_word' id='word_1_748' title='bbox 600 5134 636 5184; x_wconf 90' lang='lat' dir='ltr'><strong>I,</strong></span> <span class='ocrx_word' id='word_1_749' title='bbox 665 5117 726 5182; x_wconf 91' lang='lat'><strong>8;</strong></span> <span class='ocrx_word' id='word_1_750' title='bbox 761 5117 776 5171; x_wconf 95' lang='grc' dir='ltr'><strong>Ι</strong></span> <span class='ocrx_word' id='word_1_751' title='bbox 808 5118 950 5173; x_wconf 83' lang='lat' dir='ltr'><strong>Pctr.</strong></span> <span class='ocrx_word' id='word_1_752' title='bbox 986 5134 1037 5183; x_wconf 90' lang='lat' dir='ltr'><strong>v,</strong></span> <span class='ocrx_word' id='word_1_753' title='bbox 1070 5121 1122 5173; x_wconf 72' lang='lat'><strong>4.</strong></span> 
     </span>
    </p>
   </div>
   <div class='ocr_carea' id='block_1_99' title="bbox 210 5300 348 5370">
    <p class='ocr_par' dir='ltr' id='par_1_99' title="bbox 210 5300 348 5370">
     <span class='ocr_line' id='line_1_99' title="bbox 210 5300 348 5370; baseline 0.022 -3"><span class='ocrx_word' id='word_1_754' title='bbox 210 5300 348 5370; x_wconf 67' lang='grc'>(54)</span> 
     </span>
    </p>
   </div>
   <div class='ocr_carea' id='block_1_100' title="bbox 131 5371 644 5429">
    <p class='ocr_par' dir='ltr' id='par_1_100' title="bbox 131 5371 644 5429">
     <span class='ocr_line' id='line_1_100' title="bbox 131 5371 644 5429; baseline -0.01 -3"><span class='ocrx_word' id='word_1_755' title='bbox 131 5371 324 5426; x_wconf 75' lang='lat' dir='ltr'><strong>Cois].</strong></span> <span class='ocrx_word' id='word_1_756' title='bbox 372 5371 424 5429; x_wconf 77' lang='grc'>1,</span> <span class='ocrx_word' id='word_1_757' title='bbox 453 5381 508 5423; x_wconf 89' lang='lat' dir='ltr'><strong>et</strong></span> <span class='ocrx_word' id='word_1_758' title='bbox 533 5371 644 5422; x_wconf 83' lang='lat' dir='ltr'><strong>.Ies.</strong></span> 
     </span>
    </p>
   </div>
   <div class='ocr_carea' id='block_1_101' title="bbox 209 5438 1737 5510">
    <p class='ocr_par' dir='ltr' id='par_1_101' title="bbox 209 5438 1737 5510">
     <span class='ocr_line' id='line_1_101' title="bbox 209 5438 1737 5510; baseline -0.001 -18"><span class='ocrx_word' id='word_1_759' title='bbox 209 5441 346 5510; x_wconf 82' lang='grc'>(55)</span> <span class='ocrx_word' id='word_1_760' title='bbox 368 5508 378 5510; x_wconf 27' lang='grc' dir='ltr'><strong>Α</strong></span> <span class='ocrx_word' id='word_1_761' title='bbox 399 5438 870 5510; x_wconf 72' lang='grc' dir='ltr'>Τετυλμήκᾳμεν.</span> <span class='ocrx_word' id='word_1_762' title='bbox 915 5438 1048 5510; x_wconf 81' lang='lat' dir='ltr'><strong>Tres</strong></span> <span class='ocrx_word' id='word_1_763' title='bbox 1091 5438 1284 5509; x_wconf 83' lang='lat' dir='ltr'><strong>Regg.,</strong></span> <span class='ocrx_word' id='word_1_764' title='bbox 1315 5438 1408 5493; x_wconf 88' lang='lat' dir='ltr'><strong>Or.</strong></span> <span class='ocrx_word' id='word_1_765' title='bbox 1435 5439 1470 5492; x_wconf 74' lang='grc'>2</span> <span class='ocrx_word' id='word_1_766' title='bbox 1490 5479 1504 5503; x_wconf 95' lang='grc'><strong>,</strong></span> <span class='ocrx_word' id='word_1_767' title='bbox 1545 5449 1599 5492; x_wconf 89' lang='lat' dir='ltr'><strong>et</strong></span> <span class='ocrx_word' id='word_1_768' title='bbox 1629 5438 1737 5493; x_wconf 83' lang='lat' dir='ltr'><strong>Jes.</strong></span> 
     </span>
    </p>
   </div>
   <div class='ocr_carea' id='block_1_102' title="bbox 126 5508 1740 5579">
    <p class='ocr_par' dir='ltr' id='par_1_102' title="bbox 126 5508 1740 5579">
     <span class='ocr_line' id='line_1_102' title="bbox 126 5508 1740 5579; baseline -0.002 -14"><span class='ocrx_word' id='word_1_769' title='bbox 126 5508 674 5579; x_wconf 76' lang='grc' dir='ltr'>κατετολμήσαμεν.</span> <span class='ocrx_word' id='word_1_770' title='bbox 706 5508 849 5564; x_wconf 76' lang='lat' dir='ltr'><strong>Elias</strong></span> <span class='ocrx_word' id='word_1_771' title='bbox 873 5549 888 5575; x_wconf 91' lang='lat'><strong>,</strong></span> <span class='ocrx_word' id='word_1_772' title='bbox 924 5525 943 5559; x_wconf 84' lang='grc' dir='ltr'><strong>ι</strong></span> <span class='ocrx_word' id='word_1_773' title='bbox 980 5508 1026 5562; x_wconf 86' lang='lat' dir='ltr'><strong>si</strong></span> <span class='ocrx_word' id='word_1_774' title='bbox 1069 5509 1197 5578; x_wconf 84' lang='lat' dir='ltr'><strong>quid</strong></span> <span class='ocrx_word' id='word_1_775' title='bbox 1217 5508 1317 5578; x_wconf 84' lang='lat' dir='ltr'><strong>per</strong></span> <span class='ocrx_word' id='word_1_776' title='bbox 1348 5510 1519 5579; x_wconf 79' lang='lat' dir='ltr'><strong>legem</strong></span> <span class='ocrx_word' id='word_1_777' title='bbox 1551 5511 1740 5562; x_wconf 80' lang='lat' dir='ltr'><strong>antici-</strong></span> 
     </span>
    </p>
   </div>
   <div class='ocr_carea' id='block_1_103' title="bbox 131 5588 1310 5718">
    <p class='ocr_par' dir='ltr' id='par_1_103' title="bbox 131 5588 1310 5718">
     <span class='ocr_line' id='line_1_103' title="bbox 131 5588 471 5645; baseline -0.015 -10"><span class='ocrx_word' id='word_1_778' title='bbox 131 5588 255 5645; x_wconf 62' lang='lat' dir='ltr'><strong>tia’,</strong></span> <span class='ocrx_word' id='word_1_779' title='bbox 294 5598 318 5632; x_wconf 66' lang='grc' dir='ltr'><strong>ι</strong></span> <span class='ocrx_word' id='word_1_780' title='bbox 364 5588 471 5633; x_wconf 86' lang='lat' dir='ltr'><strong>etr.</strong></span> 
     </span>
     <span class='ocr_line' id='line_1_104' title="bbox 207 5646 1310 5718; baseline -0.003 -14"><span class='ocrx_word' id='word_1_781' title='bbox 207 5650 344 5718; x_wconf 79' lang='grc'>(56)</span> <span class='ocrx_word' id='word_1_782' title='bbox 394 5646 665 5710; x_wconf 78' lang='grc' dir='ltr'>Δίὸαξον.</span> <span class='ocrx_word' id='word_1_783' title='bbox 698 5646 829 5718; x_wconf 73' lang='lat' dir='ltr'><strong>Reg.</strong></span> <span class='ocrx_word' id='word_1_784' title='bbox 863 5661 916 5718; x_wconf 66' lang='grc' dir='ltr'><strong>ιι,</strong></span> <span class='ocrx_word' id='word_1_785' title='bbox 945 5647 1124 5718; x_wconf 83' lang='lat' dir='ltr'><strong>addit,</strong></span> <span class='ocrx_word' id='word_1_786' title='bbox 1145 5649 1310 5718; x_wconf 74' lang='grc' dir='ltr'>ήμᾶςι</span> 
     </span>
    </p>
   </div>
   <div class='ocr_carea' id='block_1_104' title="bbox 205 5717 1385 5789">
    <p class='ocr_par' dir='ltr' id='par_1_104' title="bbox 205 5717 1385 5789">
     <span class='ocr_line' id='line_1_105' title="bbox 205 5717 1385 5789; baseline -0.002 -14"><span class='ocrx_word' id='word_1_787' title='bbox 205 5717 342 5789; x_wconf 77' lang='grc'>(57)</span> <span class='ocrx_word' id='word_1_788' title='bbox 408 5717 824 5789; x_wconf 56' lang='grc' dir='ltr'>ΪΑνᾳκλητέοις.</span> <span class='ocrx_word' id='word_1_789' title='bbox 859 5717 1003 5789; x_wconf 81' lang='lat' dir='ltr'><strong>Reg.</strong></span> <span class='ocrx_word' id='word_1_790' title='bbox 1023 5733 1074 5789; x_wconf 70' lang='grc' dir='ltr'><strong>ει.</strong></span> <span class='ocrx_word' id='word_1_791' title='bbox 1103 5717 1385 5773; x_wconf 85' lang='grc' dir='ltr'>ἀνακτέον.</span> 
     </span>
    </p>
   </div>
   <div class='ocr_carea' id='block_1_105' title="bbox 202 5787 1730 5868">
    <p class='ocr_par' dir='ltr' id='par_1_105' title="bbox 202 5787 1730 5868">
     <span class='ocr_line' id='line_1_106' title="bbox 202 5787 1730 5868; baseline 0.001 -28"><span class='ocrx_word' id='word_1_792' title='bbox 202 5787 346 5868; x_wconf 61' lang='grc' dir='ltr'>(πε)</span> <span class='ocrx_word' id='word_1_793' title='bbox 407 5787 737 5868; x_wconf 67' lang='grc' dir='ltr'>’Υμὲτεροίν.</span> <span class='ocrx_word' id='word_1_794' title='bbox 773 5787 1124 5868; x_wconf 70' lang='lat' dir='ltr'><strong>Combelisius</strong></span> <span class='ocrx_word' id='word_1_795' title='bbox 1169 5788 1730 5868; x_wconf 38' lang='grc' dir='ltr'>Ιθςὶι,·ήμὲτερον,-οι</span> 
     </span>
    </p>
   </div>
   <div class='ocr_carea' id='block_1_106' title="bbox 125 5857 1728 5930">
    <p class='ocr_par' dir='ltr' id='par_1_106' title="bbox 125 5857 1728 5930">
     <span class='ocr_line' id='line_1_107' title="bbox 125 5857 1728 5930; baseline -0.002 -12"><span class='ocrx_word' id='word_1_796' title='bbox 125 5864 321 5918; x_wconf 85' lang='lat' dir='ltr'><strong>vertit</strong></span> <span class='ocrx_word' id='word_1_797' title='bbox 363 5881 374 5911; x_wconf 90' lang='lat'>:</span> <span class='ocrx_word' id='word_1_798' title='bbox 420 5875 436 5908; x_wconf 89' lang='grc' dir='ltr'><strong>ι</strong></span> <span class='ocrx_word' id='word_1_799' title='bbox 488 5867 777 5927; x_wconf 77' lang='lat' dir='ltr'><strong>nostraque</strong></span> <span class='ocrx_word' id='word_1_800' title='bbox 815 5859 971 5914; x_wconf 87' lang='lat' dir='ltr'><strong>ratio.</strong></span> <span class='ocrx_word' id='word_1_801' title='bbox 1010 5877 1026 5910; x_wconf 79' lang='grc' dir='ltr'><strong>ι</strong></span> <span class='ocrx_word' id='word_1_802' title='bbox 1077 5857 1209 5913; x_wconf 81' lang='lat' dir='ltr'><strong>Cum</strong></span> <span class='ocrx_word' id='word_1_803' title='bbox 1251 5857 1405 5913; x_wconf 86' lang='lat' dir='ltr'><strong>enim</strong></span> <span class='ocrx_word' id='word_1_804' title='bbox 1441 5857 1728 5930; x_wconf 78' lang='lat' dir='ltr'><strong>Gregorius</strong></span> 
     </span>
    </p>
   </div>
   <div class='ocr_carea' id='block_1_107' title="bbox 397 5297 1736 5370">
    <p class='ocr_par' dir='ltr' id='par_1_107' title="bbox 397 5297 1736 5370">
     <span class='ocr_line' id='line_1_108' title="bbox 397 5297 1736 5370; baseline 0.001 -19"><span class='ocrx_word' id='word_1_805' title='bbox 397 5297 628 5366; x_wconf 83' lang='grc' dir='ltr'><strong>Ψυχῆς.</strong></span> <span class='ocrx_word' id='word_1_806' title='bbox 647 5301 804 5354; x_wconf 87' lang='lat' dir='ltr'><strong>Deest</strong></span> <span class='ocrx_word' id='word_1_807' title='bbox 831 5299 881 5353; x_wconf 88' lang='lat' dir='ltr'><strong>in</strong></span> <span class='ocrx_word' id='word_1_808' title='bbox 913 5298 1118 5354; x_wconf 88' lang='lat' dir='ltr'><strong>duobus</strong></span> <span class='ocrx_word' id='word_1_809' title='bbox 1138 5298 1332 5370; x_wconf 81' lang='lat' dir='ltr'><strong>Regg.,</strong></span> <span class='ocrx_word' id='word_1_810' title='bbox 1360 5299 1530 5353; x_wconf 84' lang='lat' dir='ltr'><strong>tribus</strong></span> <span class='ocrx_word' id='word_1_811' title='bbox 1557 5299 1736 5364; x_wconf 86' lang='lat' dir='ltr'><strong>Colb.,</strong></span> 
     </span>
    </p>
   </div>
   <div class='ocr_carea' id='block_1_108' title="bbox 1839 4649 3393 4724">
    <p class='ocr_par' dir='ltr' id='par_1_108' title="bbox 1839 4649 3393 4724">
     <span class='ocr_line' id='line_1_109' title="bbox 1839 4649 3393 4724; baseline -0.006 -13"><span class='ocrx_word' id='word_1_812' title='bbox 1839 4665 2024 4712; x_wconf 83' lang='lat' dir='ltr'><strong>sancto</strong></span> <span class='ocrx_word' id='word_1_813' title='bbox 2062 4665 2116 4710; x_wconf 90' lang='lat' dir='ltr'><strong>et</strong></span> <span class='ocrx_word' id='word_1_814' title='bbox 2148 4656 2356 4710; x_wconf 83' lang='lat' dir='ltr'><strong>viviﬁco</strong></span> <span class='ocrx_word' id='word_1_815' title='bbox 2401 4653 2600 4724; x_wconf 79' lang='lat' dir='ltr'><strong>Spiritu</strong></span> <span class='ocrx_word' id='word_1_816' title='bbox 2687 4661 2741 4707; x_wconf 87' lang='lat' dir='ltr'><strong>et</strong></span> <span class='ocrx_word' id='word_1_817' title='bbox 2792 4657 2963 4716; x_wconf 76' lang='lat' dir='ltr'><strong>nI-nc,</strong></span> <span class='ocrx_word' id='word_1_818' title='bbox 3001 4659 3055 4706; x_wconf 89' lang='lat' dir='ltr'><strong>et</strong></span> <span class='ocrx_word' id='word_1_819' title='bbox 3097 4651 3150 4704; x_wconf 95' lang='lat' dir='ltr'><strong>in</strong></span> <span class='ocrx_word' id='word_1_820' title='bbox 3201 4649 3393 4705; x_wconf 67' lang='lat' dir='ltr'><strong>saecula</strong></span> 
     </span>
    </p>
   </div>
   <div class='ocr_carea' id='block_1_109' title="bbox 1838 4748 2476 4830">
    <p class='ocr_par' dir='ltr' id='par_1_109' title="bbox 1838 4748 2476 4830">
     <span class='ocr_line' id='line_1_110' title="bbox 1838 4748 2476 4830; baseline -0.008 -26"><span class='ocrx_word' id='word_1_821' title='bbox 1838 4748 2172 4805; x_wconf 61' lang='lat' dir='ltr'><strong>saeculorum.</strong></span> <span class='ocrx_word' id='word_1_822' title='bbox 2207 4748 2416 4830; x_wconf 29' lang='lat' dir='ltr'><strong>Amen.’</strong></span> <span class='ocrx_word' id='word_1_823' title='bbox 2473 4809 2476 4811; x_wconf 93' lang='lat'>_</span> 
     </span>
    </p>
   </div>
   <div class='ocr_carea' id='block_1_110' title="bbox 2393 5048 3389 5121">
    <p class='ocr_par' dir='ltr' id='par_1_110' title="bbox 2393 5048 3389 5121">
     <span class='ocr_line' id='line_1_111' title="bbox 2393 5048 3389 5121; baseline -0.001 -14"><span class='ocrx_word' id='word_1_824' title='bbox 2393 5054 2433 5084; x_wconf 62' lang='lat'><strong>‘7</strong></span> <span class='ocrx_word' id='word_1_825' title='bbox 2468 5052 2661 5107; x_wconf 85' lang='lat' dir='ltr'><strong>Ezech.</strong></span> <span class='ocrx_word' id='word_1_826' title='bbox 2716 5063 2898 5114; x_wconf 72' lang='lat' dir='ltr'><strong>xulv,</strong></span> <span class='ocrx_word' id='word_1_827' title='bbox 2949 5048 3004 5102; x_wconf 71' lang='grc'>4.</span> <span class='ocrx_word' id='word_1_828' title='bbox 3080 5049 3125 5081; x_wconf 74' lang='grc'><strong>’⁵⁸</strong></span> <span class='ocrx_word' id='word_1_829' title='bbox 3157 5049 3389 5121; x_wconf 83' lang='lat' dir='ltr'><strong>Philipp.</strong></span> 
     </span>
    </p>
   </div>
   <div class='ocr_carea' id='block_1_111' title="bbox 1839 5299 3396 5370">
    <p class='ocr_par' dir='ltr' id='par_1_111' title="bbox 1839 5299 3396 5370">
     <span class='ocr_line' id='line_1_112' title="bbox 1839 5299 3396 5370; baseline 0.001 -21"><span class='ocrx_word' id='word_1_830' title='bbox 1839 5299 1950 5368; x_wconf 81' lang='lat' dir='ltr'><strong>jam</strong></span> <span class='ocrx_word' id='word_1_831' title='bbox 1983 5299 2095 5368; x_wconf 88' lang='lat' dir='ltr'><strong>ipse</strong></span> <span class='ocrx_word' id='word_1_832' title='bbox 2116 5311 2301 5370; x_wconf 81' lang='lat' dir='ltr'><strong>pastor</strong></span> <span class='ocrx_word' id='word_1_833' title='bbox 2330 5309 2493 5364; x_wconf 84' lang='lat' dir='ltr'><strong>esset,</strong></span> <span class='ocrx_word' id='word_1_834' title='bbox 2527 5302 2665 5354; x_wconf 88' lang='lat' dir='ltr'><strong>ratio</strong></span> <span class='ocrx_word' id='word_1_835' title='bbox 2685 5299 2863 5370; x_wconf 84' lang='lat' dir='ltr'><strong>gregis</strong></span> <span class='ocrx_word' id='word_1_836' title='bbox 2898 5300 3114 5369; x_wconf 85' lang='lat' dir='ltr'><strong>regendi</strong></span> <span class='ocrx_word' id='word_1_837' title='bbox 3149 5299 3248 5369; x_wconf 86' lang='lat' dir='ltr'><strong>ipsi</strong></span> <span class='ocrx_word' id='word_1_838' title='bbox 3274 5313 3396 5354; x_wconf 79' lang='lat' dir='ltr'><strong>cum</strong></span> 
     </span>
    </p>
   </div>
   <div class='ocr_carea' id='block_1_112' title="bbox 1844 5369 2786 5437">
    <p class='ocr_par' dir='ltr' id='par_1_112' title="bbox 1844 5369 2786 5437">
     <span class='ocr_line' id='line_1_113' title="bbox 1844 5369 2786 5437; baseline 0.005 -17"><span class='ocrx_word' id='word_1_839' title='bbox 1844 5369 1966 5422; x_wconf 85' lang='lat' dir='ltr'><strong>aliis</strong></span> <span class='ocrx_word' id='word_1_840' title='bbox 1993 5369 2298 5437; x_wconf 87' lang='lat' dir='ltr'><strong>pastoribus</strong></span> <span class='ocrx_word' id='word_1_841' title='bbox 2323 5370 2628 5437; x_wconf 89' lang='lat' dir='ltr'><strong>communis</strong></span> <span class='ocrx_word' id='word_1_842' title='bbox 2650 5379 2786 5425; x_wconf 87' lang='lat' dir='ltr'><strong>erat.</strong></span> 
     </span>
    </p>
   </div>
   <div class='ocr_carea' id='block_1_113' title="bbox 1935 5436 3391 5508">
    <p class='ocr_par' dir='ltr' id='par_1_113' title="bbox 1935 5436 3391 5508">
     <span class='ocr_line' id='line_1_114' title="bbox 1935 5436 3391 5508; baseline 0 -16"><span class='ocrx_word' id='word_1_843' title='bbox 1935 5436 2024 5508; x_wconf 76' lang='lat'><strong>39)</strong></span> <span class='ocrx_word' id='word_1_844' title='bbox 2053 5436 2471 5508; x_wconf 75' lang='grc' dir='ltr'><strong>Κατασεράζων.</strong></span> <span class='ocrx_word' id='word_1_845' title='bbox 2499 5438 2632 5508; x_wconf 81' lang='lat' dir='ltr'><strong>Reg.</strong></span> <span class='ocrx_word' id='word_1_846' title='bbox 2661 5441 2754 5501; x_wconf 88' lang='lat' dir='ltr'><strong>bu,</strong></span> <span class='ocrx_word' id='word_1_847' title='bbox 2777 5449 2830 5492; x_wconf 90' lang='lat' dir='ltr'><strong>et</strong></span> <span class='ocrx_word' id='word_1_848' title='bbox 2853 5437 2964 5493; x_wconf 81' lang='lat' dir='ltr'><strong>Jes.</strong></span> <span class='ocrx_word' id='word_1_849' title='bbox 2989 5437 3391 5508; x_wconf 83' lang='grc' dir='ltr'>κατασφάγιων.</span> 
     </span>
    </p>
   </div>
   <div class='ocr_carea' id='block_1_114' title="bbox 1913 5445 3398 5579">
    <p class='ocr_par' dir='ltr' id='par_1_114' title="bbox 1913 5445 3398 5579">
     <span class='ocr_line' id='line_1_115' title="bbox 1935 5445 3391 5508; baseline 0 -16"><span class='ocrx_word' id='word_1_850' title='bbox 1935 5445 2024 5508; x_wconf 75' lang='grc'>59)</span> <span class='ocrx_word' id='word_1_851' title='bbox 2053 5445 2471 5508; x_wconf 75' lang='grc' dir='ltr'><strong>Κατασεράζων.</strong></span> <span class='ocrx_word' id='word_1_852' title='bbox 2499 5445 2632 5508; x_wconf 73' lang='lat' dir='ltr'><strong>Reg.</strong></span> <span class='ocrx_word' id='word_1_853' title='bbox 2661 5445 2754 5501; x_wconf 88' lang='lat' dir='ltr'><strong>hu,</strong></span> <span class='ocrx_word' id='word_1_854' title='bbox 2777 5449 2830 5492; x_wconf 90' lang='lat' dir='ltr'><strong>et</strong></span> <span class='ocrx_word' id='word_1_855' title='bbox 2853 5445 2964 5493; x_wconf 83' lang='lat' dir='ltr'><strong>Jes.</strong></span> <span class='ocrx_word' id='word_1_856' title='bbox 2989 5445 3391 5506; x_wconf 83' lang='grc' dir='ltr'>κατασφάγιων.</span> 
     </span>
     <span class='ocr_line' id='line_1_116' title="bbox 1913 5445 3398 5579; baseline 0.001 -18"><span class='ocrx_word' id='word_1_857' title='bbox 1913 5445 2026 5578; x_wconf 56' lang='lat' dir='ltr'><strong>iw)</strong></span> <span class='ocrx_word' id='word_1_858' title='bbox 2081 5508 2192 5562; x_wconf 77' lang='grc' dir='ltr'><strong>Καὶ</strong></span> <span class='ocrx_word' id='word_1_859' title='bbox 2229 5510 2741 5579; x_wconf 76' lang='grc' dir='ltr'>συμποιμαίνοιτε.</span> <span class='ocrx_word' id='word_1_860' title='bbox 2780 5509 2940 5564; x_wconf 86' lang='lat' dir='ltr'><strong>Deest</strong></span> <span class='ocrx_word' id='word_1_861' title='bbox 2983 5511 3034 5560; x_wconf 91' lang='lat' dir='ltr'><strong>in</strong></span> <span class='ocrx_word' id='word_1_862' title='bbox 3077 5507 3187 5561; x_wconf 80' lang='lat' dir='ltr'><strong>Jes.</strong></span> <span class='ocrx_word' id='word_1_863' title='bbox 3232 5527 3250 5559; x_wconf 81' lang='grc' dir='ltr'><strong>ι</strong></span> <span class='ocrx_word' id='word_1_864' title='bbox 3303 5508 3398 5562; x_wconf 53' lang='lat' dir='ltr'><strong>His</strong></span> 
     </span>
    </p>
   </div>
   <div class='ocr_carea' id='block_1_115' title="bbox 1845 5578 3396 5648">
    <p class='ocr_par' dir='ltr' id='par_1_115' title="bbox 1845 5578 3396 5648">
     <span class='ocr_line' id='line_1_117' title="bbox 1845 5578 3396 5648; baseline 0.001 -19"><span class='ocrx_word' id='word_1_865' title='bbox 1845 5582 2132 5646; x_wconf 72' lang='lat' dir='ltr'><strong>praeceptis</strong></span> <span class='ocrx_word' id='word_1_866' title='bbox 2181 5595 2246 5634; x_wconf 85' lang='lat' dir='ltr'><strong>ac</strong></span> <span class='ocrx_word' id='word_1_867' title='bbox 2286 5578 2621 5633; x_wconf 87' lang='lat' dir='ltr'><strong>documentis</strong></span> <span class='ocrx_word' id='word_1_868' title='bbox 2648 5581 2850 5648; x_wconf 83' lang='lat' dir='ltr'><strong>pascite</strong></span> <span class='ocrx_word' id='word_1_869' title='bbox 2873 5617 2888 5641; x_wconf 94' lang='lat'><strong>,</strong></span> <span class='ocrx_word' id='word_1_870' title='bbox 2916 5578 3276 5646; x_wconf 86' lang='lat' dir='ltr'><strong>pascendique</strong></span> <span class='ocrx_word' id='word_1_871' title='bbox 3307 5593 3396 5630; x_wconf 88' lang='lat' dir='ltr'><strong>so-</strong></span> 
     </span>
    </p>
   </div>
   <div class='ocr_carea' id='block_1_116' title="bbox 1836 5648 3397 5718">
    <p class='ocr_par' dir='ltr' id='par_1_116' title="bbox 1836 5648 3397 5718">
     <span class='ocr_line' id='line_1_118' title="bbox 1836 5648 3397 5718; baseline 0 -17"><span class='ocrx_word' id='word_1_872' title='bbox 1836 5649 1983 5701; x_wconf 86' lang='lat' dir='ltr'><strong>ciam</strong></span> <span class='ocrx_word' id='word_1_873' title='bbox 2029 5664 2246 5718; x_wconf 86' lang='lat' dir='ltr'><strong>operam</strong></span> <span class='ocrx_word' id='word_1_874' title='bbox 2280 5658 2472 5704; x_wconf 88' lang='lat' dir='ltr'><strong>navate</strong></span> <span class='ocrx_word' id='word_1_875' title='bbox 2500 5689 2516 5712; x_wconf 97' lang='lat'><strong>,</strong></span> <span class='ocrx_word' id='word_1_876' title='bbox 2547 5659 2726 5717; x_wconf 88' lang='lat' dir='ltr'><strong>atque,</strong></span> <span class='ocrx_word' id='word_1_877' title='bbox 2761 5659 2818 5701; x_wconf 90' lang='lat' dir='ltr'><strong>ut</strong></span> <span class='ocrx_word' id='word_1_878' title='bbox 2849 5648 3128 5713; x_wconf 89' lang='lat' dir='ltr'><strong>doctrina,</strong></span> <span class='ocrx_word' id='word_1_879' title='bbox 3164 5648 3234 5701; x_wconf 89' lang='lat' dir='ltr'><strong>ita</strong></span> <span class='ocrx_word' id='word_1_880' title='bbox 3274 5663 3397 5716; x_wconf 84' lang='lat' dir='ltr'><strong>prc-</strong></span> 
     </span>
    </p>
   </div>
   <div class='ocr_carea' id='block_1_117' title="bbox 1843 5718 3393 5788">
    <p class='ocr_par' dir='ltr' id='par_1_117' title="bbox 1843 5718 3393 5788">
     <span class='ocr_line' id='line_1_119' title="bbox 1843 5718 3393 5788; baseline -0.002 -16"><span class='ocrx_word' id='word_1_881' title='bbox 1843 5718 2005 5788; x_wconf 13' lang='lat' dir='ltr'><strong>cibus,</strong></span> <span class='ocrx_word' id='word_1_882' title='bbox 2022 5733 2107 5772; x_wconf 90' lang='lat' dir='ltr'><strong>me</strong></span> <span class='ocrx_word' id='word_1_883' title='bbox 2131 5720 2351 5787; x_wconf 87' lang='lat' dir='ltr'><strong>pariter,</strong></span> <span class='ocrx_word' id='word_1_884' title='bbox 2371 5731 2651 5773; x_wconf 85' lang='lat' dir='ltr'><strong>etsacrnm</strong></span> <span class='ocrx_word' id='word_1_885' title='bbox 2690 5720 2832 5773; x_wconf 88' lang='lat' dir='ltr'><strong>hunc</strong></span> <span class='ocrx_word' id='word_1_886' title='bbox 2860 5733 3073 5788; x_wconf 81' lang='lat' dir='ltr'><strong>gregem</strong></span> <span class='ocrx_word' id='word_1_887' title='bbox 3116 5729 3344 5788; x_wconf 69' lang='lat' dir='ltr'><strong>servate.</strong></span> <span class='ocrx_word' id='word_1_888' title='bbox 3372 5737 3393 5769; x_wconf 72' lang='grc' dir='ltr'><strong>ι</strong></span> 
     </span>
    </p>
   </div>
   <div class='ocr_carea' id='block_1_118' title="bbox 1847 5787 3396 5910">
    <p class='ocr_par' dir='ltr' id='par_1_118' title="bbox 1847 5787 3396 5910">
     <span class='ocr_line' id='line_1_120' title="bbox 1847 5787 3396 5910; baseline -0.011 -66"><span class='ocrx_word' id='word_1_889' title='bbox 1847 5787 2023 5910; x_wconf 49' lang='grc' dir='ltr'><strong>ἱγὲὦίᾶ</strong></span> <span class='ocrx_word' id='word_1_890' title='bbox 2052 5788 2342 5853; x_wconf 84' lang='grc' dir='ltr'>Ζωοποιῷ.</span> <span class='ocrx_word' id='word_1_891' title='bbox 2401 5789 2563 5858; x_wconf 83' lang='lat' dir='ltr'><strong>chg.</strong></span> <span class='ocrx_word' id='word_1_892' title='bbox 2602 5805 2651 5856; x_wconf 68' lang='grc' dir='ltr'>τι,</span> <span class='ocrx_word' id='word_1_893' title='bbox 2689 5789 2778 5854; x_wconf 91' lang='lat' dir='ltr'><strong>hu,</strong></span> <span class='ocrx_word' id='word_1_894' title='bbox 2822 5787 2985 5844; x_wconf 65' lang='grc' dir='ltr'>(ἰδίει.</span> <span class='ocrx_word' id='word_1_895' title='bbox 3033 5789 3082 5858; x_wconf 63' lang='grc'><strong>1,</strong></span> <span class='ocrx_word' id='word_1_896' title='bbox 3128 5797 3181 5845; x_wconf 75' lang='grc' dir='ltr'>ει</span> <span class='ocrx_word' id='word_1_897' title='bbox 3210 5787 3302 5844; x_wconf 68' lang='grc' dir='ltr'><strong>ον,</strong></span> <span class='ocrx_word' id='word_1_898' title='bbox 3343 5789 3396 5852; x_wconf 60' lang='grc' dir='ltr'>ι,</span> 
     </span>
    </p>
   </div>
   <div class='ocr_carea' id='block_1_119' title="bbox 1836 5873 2041 5929">
    <p class='ocr_par' dir='ltr' id='par_1_119' title="bbox 1836 5873 2041 5929">
     <span class='ocr_line' id='line_1_121' title="bbox 1836 5873 2041 5929; baseline -0.005 -19"><span class='ocrx_word' id='word_1_899' title='bbox 1836 5873 2041 5929; x_wconf 81' lang='grc' dir='ltr'>αγαυῳ.</span> 
     </span>
    </p>
   </div>
  </div>
