3844 6390
459 435 564 493 8‘27

1659 421 1718 478 S.
1759 415 2089 478 GREGORII
2125 409 2469 471 THEOLOGI

3591 385 3682 444 838

467 547 3686 608 ______.___________________________—————.

945 742 1327 820 ORATIO
1367 737 1449 821 X
1480 733 1537 818 ⁸.

2670 712 3034 803 ΛΟΓΟΣ
3069 700 3150 793 Ι’.

459 923 624 997 239
655 921 719 978 In
751 920 997 990 seipsum,
1020 921 1106 988 ‘nd
1138 929 1335 997 patrem
1365 915 1701 997 et_anilium
1743 929 1986 984 magnum
2007 953 2023 979 ,

2148 908 2235 974 Εἷς
2273 903 2489 958 ἑαυτὸν
2531 897 2668 972 (42),
2712 894 2808 950 καί
2851 885 2939 960 sic
2975 891 3081 946 τὸν
3120 887 3345 971 πατέρα
3383 884 3686 968 καλΒασί-

2409 973 2513 997 ιι--
2571 969 2751 997 ..ι-ω.
2818 963 2955 997 μου).
2994 961 3108 997 ,ιω
3139 956 3439 997 human...
3481 971 3549 997 η
3591 973 3686 997 ,_.,,_

939 999 1054 1062 post
1090 991 1316 1044 reditum
1345 1005 1371 1041 e
1398 989 1545 1057 fuga.

533 1169 574 1225 l.
611 1167 752 1224 Nihil
789 1174 1066 1223 senectute
1101 1165 1322 1229 fortius,
1367 1163 1497 1218 nihil
1531 1161 1765 1217 amicitia
1808 1173 2028 1213 venera-

464 1262 642 1317 bilius.
673 1259 755 1313 Ab
788 1257 871 1312 his
911 1271 1013 1326 ego
1059 1255 1124 1308 ad
1171 1270 1267 1308 vos
1317 1255 1512 1308 ductus
1544 1267 1696 1316 sum,
1732 1250 1942 1304 vinctus
1976 1248 2028 1302 in

463 1352 677 1409 Christo
695 1350 763 1414 δ’,
791 1365 896 1402 non
921 1348 1130 1402 catenis
1161 1347 1372 1409 ferreis,
1397 1345 1489 1397 sed
1517 1341 1874 1397 tenacissimis
1904 1340 2030 1408 Spi—

462 1445 601 1501 ritus
631 1443 860 1498 vinculis
885 1441 1232 1496 CODSll’ltfllls.
1270 1438 1525 1506 Equidem
1573 1436 1685 1504 ipse
1716 1433 1841 1487 mihi
1873 1443 2030 1486 antea

465 1535 665 1589 invicto
689 1534 920 1602 quodam
946 1530 1108 1583 animi
1137 1529 1324 1582 robore
1350 1526 1550 1593 pollere
1584 1523 1824 1588 videbar,
1849 1532 2030 1590 atque,

464 1645 498 1678 o
523 1627 872 1681 stoliditatem
897 1625 910 1677 !
952 1638 1018 1678 ne
1041 1622 1126 1676 his
1151 1621 1366 1691 quidem
1401 1618 1532 1672 meis
1560 1615 1949 1671 amantissimis
1971 1628 2034 1666 ac

468 1717 726 1771 fratribus
777 1728 1056 1769 sermones
1109 1710 1386 1779 impertire
1434 1706 1798 1768 sustinebam,
1853 1714 2034 1774 utpote

467 1807 557 1874 qni
594 1805 898 1860 volentibus
928 1803 1106 1858 omnia
1138 1800 1506 1870 reliquissem,
1551 1807 1607 1851 ut
1648 1797 1715 1851 ab
1756 1795 1899 1849 omni
1943 1812 2036 1849 ne-

467 1897 611 1967 gotio
638 1896 893 1958 feriatus,
927 1893 1214 1963 tranquille
1261 1893 1688 1961 phil050pharer,
1721 1905 2036 1959 mecumque

475 1992 588 2059 ipse
611 1999 663 2044 et
693 2003 813 2044 cum
851 1987 1055 2058 Spiritu
1088 1983 1411 2054 colloquium
1448 1983 1721 2036 haberem.
1761 1981 1884 2034 filiae
1908 1980 2038 2036 Car—

472 2081 666 2137 melntn
709 2079 889 2133 animo
929 2076 1198 2146 agitabam
1224 2115 1239 2136 .
1291 2083 1346 2128 et
1387 2071 1608 2125 Joannis
1637 2073 1906 2126 dosi-rtnm
1933 2111 1947 2133 ,
1984 2080 2038 2125 et

467 2170 740 2228 caelestem
771 2183 957 2221 eorum
985 2205 999 2229 ,
1027 2166 1117 2234 qui
1153 2167 1254 2220 hoc
1289 2163 1639 2232 philosophizr
1670 2179 1838 2230 genus
1871 2164 2036 2232 protl~

471 2273 669 2326 tentur,
719 2258 930 2313 vivendi
988 2258 1314 2321 rationem_:

470 2352 805 2422 tempestatis
829 2351 1020 2410 instar,
1046 2350 1448 2408 existimabam,
1475 2363 1536 2400 ac
1563 2363 1744 2417 rupem
1779 2348 2038 2416 aliquam,

471 2454 563 2498 aut
589 2453 914 2514 prmruptum
946 2443 1234 2511 quemdam
1271 2440 1444 2494 locum
1466 2480 1479 2502 ,
1513 2451 1605 2492 aut
1636 2441 1885 2508 exiguum
1925 2458 2041 2492 tnu-

479 2551 598 2589 rum
629 2533 1036 2604 conquirebam,
1069 2531 1264 2600 quibus
1294 2530 1470 2599 obtegi
1503 2546 1732 2599 possem.
1764 2532 2039 2597 Aliorum,

471 2628 799 2697 inquiebam,
839 2626 948 2680 sint
978 2625 1188 2680 labores
1218 2634 1273 2679 et
1303 2625 1556 2687 honores,
1580 2623 1802 2676 aliorum
1829 2624 1964 2678 bella
1988 2636 2043 2679 et

470 2721 700 2788 palmae:
744 2719 872 2773 mihi
907 2728 1084 2772 autem
1120 2717 1221 2771 hoc
1253 2714 1517 2780 suﬂiciat,
1547 2727 1604 2770 ut
1639 2716 1772 2770 bella
1804 2717 2034 2786 fugiens.

474 2825 636 2886 atque
667 2811 848 2868 oculos
879 2813 928 2865 iu
958 2811 1217 2880 meipsum
1252 2808 1580 2876 conjiciens,
1621 2810 1702 2864 sic
1746 2811 1947 2875 vitam,
1981 2821 2038 2865 ut

475 2915 699 2974 potero,
745 2903 1052 2968 instituam,
1083 2900 1227 2956 velut
1275 2900 1418 2954 tenui
1460 2910 1574 2955 rate
1613 2916 1835 2970 parvum
1867 2903 2038 2970 quod-

473 2997 594 3050 dam
622 2995 842 3063 pelagus
868 2993 1143 3062 trajicieus
1165 3033 1180 3056 ,
1211 3007 1272 3046 ac
1307 3007 1402 3062 per
1442 2991 1654 3061 inopem
1697 3001 1751 3046 et
1788 2993 2033 3062 exiguam

471 3087 594 3140 vitae
633 3084 984 3146 functionem,
1015 3097 1233 3151 parvam
1268 3083 1318 3135 in
1353 3081 1524 3136 altero
1551 3096 1668 3137 :evo
1701 3083 2033 3138 mansionem

2391 955 2513 1027 τὸν
2535 955 2772 1042 “μέγ·αν,
2806 955 2957 1036 μετᾶ
2994 961 3108 1029 τὴν
3137 956 3439 1012 ἐπάνοδον
3481 955 3549 1008 ἐκ
3590 973 3686 1023 ρυ-

2200 1047 2333 1117 γῆς-

2199 1161 2276 1213 A’.
2306 1156 2474 1212 Οὐδὲν
2510 1149 2850 1224 ἰσχυρότερον
2881 1147 3087 1217 γήρως,
3115 1144 3209 1198 καί
3230 1142 3381 1196 οὐδὲν
3413 1139 3590 1210 φιλίας
3615 1140 3687 1191 al-

2127 1249 2512 1321 δεσιμώτερον.
2559 1242 2696 1296 Ὑπὸ
2723 1239 2930 1294 τούτων
2973 1236 3145 1308 ἧχΘην
3172 1236 3300 1306 ὑμῖν
3338 1232 3449 1302 ἐγὼ
3488 1231 3688 1300 δέσμιος

2131 1344 2186 1395 ἐν
2225 1339 2462 1411 Χριστῷ,
2491 1335 2663 1398 δεθεὶς
2716 1334 2817 1386 οὐκ
2857 1330 3078 1385 ἁλύσεσι
3119 1327 3384 1398 σιδηραῖς,
3431 1323 3563 1378 ἀλλὰ
3593 1326 3687 1385 τοῖς

2132 1433 2348 1495 ἀλύτοις
2373 1430 2590 1500 δεσμοῖς
2622 1425 2717 1480 τοῦ
2757 1423 3091 1492 Πνεύματος.
3117 1420 3265 1482 Τέως
3301 1419 3357 1470 δὲ
3382 1416 3538 1487 ᾤμην
3562 1417 3688 1484 laxu-

2137 1531 2227 1602 ρος
2265 1527 2404 1582 εἷναί
2429 1543 2513 1589 τις
2545 1525 2639 1578 καὶ
2667 1523 2955 1592 ἀήττητος,
2984 1519 3098 1576 καὶ.
3127 1510 3173 1569 ὦ
3196 1517 3295 1586 τῆς
3321 1514 3576 1581 ἁλογίαςῑ
3603 1515 3688 1566 ούκ

2135 1622 2335 1674 ἐδίδουν
2361 1620 2486 1681 τοὺς
2521 1617 2708 1684 λόγους
2731 1613 2851 1667 οὐδὲ
2887 1614 3001 1674 τοῖς
3033 1611 3186 1679 ἐμοῖς
3218 1611 3477 1680 ἐρασταῖς
3504 1605 3690 1668 τούτοις

2135 1713 2228 1766 καὶ
2259 1711 2529 1780 ἀδελφοῖς,
2559 1708 2624 1760 ἵν’
2650 1706 2758 1777 ἔχω
2798 1704 2897 1775 τὴν
2923 1701 3372 1772 ἀπραγμοσύνην,
3410 1699 3506 1753 καὶ
3533 1699 3590 1750 τὸ
3614 1716 3690 1767 φι-

2136 1805 2383 1874 λοσοφεῖν
2411 1805 2468 1855 ὲν
2498 1800 2720 1872 ἡσυχία,
2752 1797 2929 1850 πάντα
2971 1795 3168 1866 παρεὶς
3200 1797 3314 1856 τοῖς
3346 1791 3692 1862 βουλομένοις,

2138 1895 2359 1968 ἐμαυτῷ
2387 1895 2443 1948 δὲ
2473 1893 2580 1965 (45)
2606 1889 2922 1962 προσλαλῶν
2971 1888 3066 1941 καὶ
3097 1886 3174 1957 τῷ
3201 1884 3500 1954 Πνεύματι.
3534 1883 3696 1935 Ἡλίου

2138 1988 2450 2060 περιενόουν
2475 1987 2566 2039 τὸν
2591 1983 2912 2054 Κάρμηλον,
2933 1981 3026 2034 καὶ
3069 1979 3315 2032 Ἰωάννου
3356 1976 3456 2047 τὴν
3488 1975 3698 2046 ἔρημον.

2139 2081 2231 2133 καὶ
2254 2079 2383 2132 ,τῶν
2429 2078 2570 2132 οὕτω
2601 2073 3033 2146 φιλοσοφούντων
3083 2071 3142 2124 τὸ
3183 2069 3587 2142 ὑπερκόσμιον·
3620 2067 3704 2117 7.1".

2141 2171 2307 2242 ζάλην
2337 2171 2404 2224 τὰ
2440 2169 2682 2240 παρόντα
2713 2165 2979 2236 ἐνόμιζον,
3033 2164 3128 2216 καὶ
3177 2161 3383 2230 πέτραν
3428 2158 3548 2211 τινα
3593 2157 3704 2226 ἐξῆν

1363 2266 1525 2324 ³¹¹1¹¹ε
1581 2271 1666 2309 res
1720 2267 2035 2323 Ρηεδθηῑοὸ,
2071 2271 2108 2324 Β
2137 2282 2282 2326 τουν,
2307 2264 2340 2334 ἢ
2368 2261 2632 2334 κρημνὸν,
2666 2261 2698 2330 ἢ
2739 2258 2960 2328 τειχίον,
2997 2257 3088 2325 ὑφ’
3120 2249 3200 2317 οἷς
3240 2251 3700 2320 σκεπασϐήσομαι.

2149 2353 2377 2417 ’Λλλων,
2408 2351 2612 2419 ἔλεγον,
2652 2349 2892 2402 ἔστωσαν
2925 2347 2982 2399 αἱ
3011 2345 3167 2415 τιμαὶ
3208 2343 3303 2396 καὶ
3333 2344 3383 2395 ot
3418 2340 3589 2400 πόνοι,
3621 2339 3706 2392 ἆλ-

2139 2447 2246 2501 λων
2288 2449 2336 2500 oi
2374 2446 2602 2516 πόλεμοι
2649 2443 2742 2498 καὶ
2782 2443 2850 2496 τὰ
2876 2441 3198 2511 νικητήρια·
3239 2437 3361 2506 ἐμοὶ
3393 2435 3449 2488 δὲ
3481 2435 3705 2505 ἀρκείτω

2141 2538 2392 2608 φεύγοντι
2434 2539 2560 2600 τοὺς
2599 2535 2886 2605 πολέμους,
2922 2535 3002 2595 εἰς
3045 2529 3281 2601 ἐμαυτὸν
3331 2529 3580 2599 βλέποντι
3619 2527 3704 2594 ζῇν

2138 2629 2330 2692 οὓτως,
2353 2630 2502 2691 ὅπως
2535 2627 2600 2682 ἂν
2627 2626 2890 2696 δύνωμαι,
2943 2622 3197 2690 καθάπερ
3233 2621 3324 2673 ἐπὶ
3361 2619 3565 2689 λεπτῆς
3602 2635 3705 2687 σχε-

2141 2721 2256 2785 δίας
2283 2719 2752 2791 διαπεραιουμένῳ
2777 2715 2970 2787 μικρόν
2995 2732 3047 2767 τι
3073 2713 3338 2781 πέλαγος·
3391 2712 3487 2764 καὶ
3518 2710 3702 2780 μικρὰν

2138 2813 2236 2884 τὴν
2266 2813 2474 2865 ὲκεῖῦεν
2501 2811 2687 2882 μονὴν,
2710 2808 2788 2880 τῷ
2814 2805 3056 2878 πενιχρῴ
3085 2805 3194 2874 (44)
3226 2805 3326 2875 τῆς
3352 2801 3600 2857 ἐντεῦθεν
3627 2817 3704 2852 πο-

2139 2904 2342 2967 λιτείας
2402 2901 2830 2972 κατακτωμένῳ.
2880 2898 3290 2968 Ταπεινοτὲρων
3349 2896 3463 2964 (45)
3509 2897 3537 2948 ό
3583 2894 3702 2960 λογι-

2142 2994 2276 3066 σμὸς
2320 2995 2468 3057 ἴσως.
2515 2993 2628 3046 ἀλλ’
2671 2988 2764 3046 οὖν
2814 2990 3268 3060 ἀσφαλεστέρων·
3307 2989 3421 3041 ἴσον
3469 2985 3582 3056 (46)
3616 2985 3706 3038 ἀπ-

2141 3087 2286 3158 έχειν
2317 3087 2412 3141 καὶ
2443 3086 2608 3156 ὕψους
2626 3085 2720 3139 καὶ
2749 3083 3060 3154 πτώματος.

472 3177 600 3231 mihi
634 3189 972 3245 comparans.
1005 3172 1367 3240 Ahjeetiorum
1398 3174 1612 3242 quidem
1658 3175 1886 3230 fortasse
1934 3176 2034 3230 hoc
2075 3179 2382 3244 consilium,
2451 3195 2636 3232 verum
2708 3179 2870 3230 tutius
2902 3176 3004 3230 sibi
3039 3173 3482 3244 prospicientium
3516 3197 3526 3227 ;
3557 3171 3709 3226 nimi—

471 3283 587 3321 rum
635 3279 788 3332 :equo
839 3265 1156 3329 intervallo,
1201 3274 1255 3318 et
1301 3279 1330 3318 a
1373 3279 1584 3319 suuuno
1631 3264 1877 3334 fastigio,
1918 3277 1974 3322 et
2007 3283 2035 3321 a
2075 3285 2202 3325 ea~u
2233 3273 2452 3326 distare.

536 3357 601 3410 ll.
644 3356 766 3410 llaec
799 3356 912 3424 ipse
941 3371 1184 3422 mecum,
1232 3357 1468 3427 quandiu
1508 3359 1730 3414 umbras
1769 3361 1942 3416 adhuc
1984 3373 2036 3415 et

2212 3365 2288 3420 B'.
2315 3364 2501 3418 Ταῦτα
2545 3365 2650 3428 ἕως
2679 3363 2804 3434 ἐξῆν
2833 3362 3065 3433 γράφειν
3098 3361 3176 3414 ἔτι
3203 3358 3363 3423 σκιὰς
3395 3359 3489 3412 καὶ
3512 3355 3710 3427 ὀνείρα-

469 3451 734 3507 insomnia
765 3455 1005 3526 pingere,
1037 3463 1197 3523 atque
1222 3455 1473 3509 inanibus
1504 3456 1773 3524 figmentis
1794 3456 2032 3510 animum

468 3557 692 3611 pascere
737 3543 951 3598 licebat.
1005 3543 1142 3611 Quid
1193 3553 1370 3598 autem
1415 3544 1598 3598 nunc?
1644 3545 1896 3600 Amicitia
1927 3561 2036 3605 .me

467 3635 716 3706 subegit,
763 3637 932 3706 patris
975 3636 1204 3691 canities
1254 3650 1340 3691 me
1391 3636 1627 3691 subdidit
1664 3654 1678 3691 :
1714 3638 2033 3707 prudentim,

470 3729 719 3799 inquam,
749 3735 1036 3793 senectus,
1069 3728 1192 3782 vita:
1222 3727 1413 3792 limes,
1443 3736 1628 3796 portus
1657 3728 1842 3792 tutior,
1875 3739 2037 3798 atque

471 3821 614 3874 illius
639 3820 897 3885 amicitia,
927 3819 1020 3888 qui
1049 3827 1104 3872 et
1133 3819 1270 3887 apud
1314 3817 1478 3872 Deum
1515 3818 1664 3873 dives
1693 3827 1796 3883 est,
1821 3827 1874 3874 et
1901 3821 2037 3874 alios

469 3913 626 3966 ditat.
654 3909 771 3966 lam
803 3913 945 3966 enim
993 3913 1125 3964 iram
1157 3911 1352 3977 ahjieio
1388 3909 1644 3978 (audiant
1685 3912 1946 3965 mansueti
1987 3921 2035 3966 et

470 4004 712 4058 (celentur
731 4005 798 4073 '°)
823 4021 836 4057 :
865 4019 1190 4072 manumque
1215 4004 1374 4064 hanc,
1399 4019 1520 4071 quae
1545 4003 1674 4056 mihi
1707 4003 1809 4055 vim
1837 4002 2033 4067 attulit,

471 4093 683 4162 placido
716 4095 862 4147 vultu
890 4094 1186 4161 conspicio,
1212 4109 1273 4146 ac
1301 4092 1501 4161 Spiritu
1532 4093 1766 4156 arrideo,
1794 4094 2038 4164 mihique

473 4193 802 4241 commotum
836 4190 1026 4253 pectus
1077 4184 1318 4244 sedatur,
1371 4183 1614 4252 reditque
1657 4184 1829 4250 ratio;
1876 4193 2038 4255 atque

471 4278 734 4344 amicitia,
755 4277 900 4332 velut
921 4274 1133 4329 flamma
1162 4276 1432 4344 quaedam,
1456 4275 1733 4345 consopita
1760 4284 1812 4330 et
1835 4276 2039 4330 crstin-

471 4380 580 4439 cta,
610 4384 798 4425 rursus
819 4384 882 4425 ex
909 4381 1074 4436 parvo
1102 4365 1337 4438 igniculo
1382 4366 1730 4422 reviviscitet
1749 4367 2035 4422 excitatur.

471 4463 746 4519 Renuerat
771 4459 1038 4516 consolari
1067 4461 1241 4514 anima
1271 4473 1388 4513 mea
1409 4499 1424 4522 ,
1451 4467 1506 4512 et
1541 4459 1815 4514 anxietate
1839 4459 2038 4513 allicie-

470 4555 628 4609 batur
653 4554 706 4608 in
734 4568 820 4608 me
845 4553 1069 4622 spiritus
1099 4552 1334 4606 meus“.
1371 4550 1519 4614 Dixi,
1555 4549 1834 4620 Nunquam
1861 4550 1914 4604 in
1947 4564 2041 4620 po-

469 4656 672 4700 sterum
715 4644 966 4700 amicitia:
1016 4643 1174 4699 fidem
1210 4645 1440 4698 habebo.
1482 4642 1550 4697 Et
1593 4657 1692 4698 cur
1726 4644 1937 4698 tandem
1984 4643 2037 4698 in

2137 3475 2226 3518 τα,
2264 3459 2358 3511 καὶ
2394 3460 2507 3520 τοῖς
2553 3447 2800 3528 ματαῖίοις
2833 3456 3210 3524 ἁναπλασμοῖς
3249 3453 3436 3522 ἑστιᾷν
3475 3449 3572 3520 τὴν
3599 3448 3709 3501 διὰ-

2139 3566 2319 3602 νοιαν·
2365 3548 2461 3602 νῦν
2498 3547 2554 3602 δὲ
2591 3547 2678 3611 τίς
2725 3546 2880 3599 Φιλία
2919 3543 3306 3617 παρεστήσατό
3349 3542 3462 3610 (47)
3499 3557 3583 3612 με,
3622 3539 3711 3590 καὶ

2141 3641 2300 3696 πο).ιᾶ
2342 3641 2548 3713 πατρὸς
2590 3637 2952 3710 ἐχειρώσατο·
2987 3639 3161 3708 γῆρας
3198 3636 3536 3706 φρονήσεως,
3587 3649 3714 3702 προ-

2142 3733 2340 3804 Θεσμία
2375 3733 2512 3803 βίου,
2550 3732 2714 3802 λιμὴν
2755 3731 3180 3800 ἀσφαλέστερος,
3230 3728 3326 3781 καὶ
3367 3725 3520 3794 φιλία
3561 3723 3718 3776 πλου-

2141 3822 2357 3887 τοῦντος
2381 3823 2518 3893 Θεῷ,
2545 3823 2638 3876 καὶ
2669 3821 3063 3884 πλουτίζοντος.
3096 3819 3233 3889 Ἤδη
3261 3819 3372 3889 γὰρ
3398 3819 3718 3886 ἀποπέμπο-

2145 3930 2242 3985 μαι
2295 3915 2391 3984 τὴν
2458 3913 2628 3984 ὀργήν
2679 3910 3137 3982 (ἀκουσάτωσαν
3195 3909 3426 3978 πραεῖς,
3479 3910 3574 3962 καί
3621 3908 3721 3959 εὑ·

2142 4004 2614 4074 φρανθιὶτωσαν)
2637 4020 2650 4034 ·
2681 4002 2776 4056 καὶ
2819 4003 2957 4073 πρὸς
2989 4000 3087 4072 τὴν
3116 4005 3271 4074 χεῖρα
3302 4001 3510 4072 ἥμερον
3541 4000 3724 4069 βλέπω

2142 4098 2239 4169 τὴν
2269 4099 2699 4168 τυραννήσασαν,
2739 4097 2833 4150 καὶ
2875 4095 3161 4168 προσγελῶ
3191 4095 3271 4166 τῷ
3296 4095 3588 4165 Πνεύματι,
3628 4094 3728 4145 καὶ

2144 4193 2177 4264 ἡ
2206 4192 2402 4263 καρδία
2432 4191 2756 4245 καθίσταται
2784 4208 2897 4260 μοι,
2937 4190 3030 4243 καὶ
3061 4193 3089 4244 ό
3121 4189 3381 4260 λογισμός
3421 4190 3727 4258 ἐπανέρχε-

2143 4301 2252 4348 ται,
2281 4284 2375 4338 καὶ
2406 4287 2438 4354 ή
2476 4284 2649 4354 φιλία,
2693 4283 2944 4356 καθάπερ
2983 4301 3068 4348 τις
3104 4282 3257 4352 φλὸξ,
3288 4280 3731 4335 κατασῦεσθεῖσα

2144 4375 2237 4430 καὶ
2271 4375 2744 4448 ἀπομαρανθεῖσα,
2774 4375 2934 4430 πάλιν
2962 4377 3028 4429 ἐκ
3054 4375 3252 4448 μικροῦ
3277 4374 3570 4444 σπινθῆρος
3604 4375 3736 4425 ἀνα-

2144 4464 2211 4538 ζῇ
2240 4466 2334 4519 κο.)⁵
2366 4465 2687 4519 ἁνάπτεται.
2736 4466 3076 4536 Ἀπηνήνατο
3105 4465 3513 4538 παρακληθῆναι
3554 4467 3592 4534 ἡ
3624 4465 3734 4533 ψ’).

2143 4559 2212 4629 χὴ
2253 4575 2377 4628 μου,
2414 4559 2508 4612 καὶ
2533 4557 2826 4629 ὴκηδίασεν
2853 4561 2940 4611 ἐπ’
2964 4559 3062 4629 ἐμὲ
3090 4558 3151 4611 τὸ
3183 4557 3402 4629 πνεῦμά
3447 4558 3560 4625 (48)
3605 4574 3733 4626 μου.

2144 4646 2324 4704 Εἷπα·
2353 4651 2426 4702 υὺ
2465 4651 2538 4721 μὴ
2570 4650 2792 4722 προσθῶ
2825 4651 2903 4703 ἔτι
2938 4650 3228 4704 πιστεῦσαι
3265 4650 3437 4720 φιλίᾳ.
3486 4650 3606 4702 Καὶ
3649 4650 3738 4702 ἵνα

472 4737 636 4810 2ω
677 4738 893 4792 homine
932 4751 1080 4805 spem
1131 4751 1304 4790 meam
1357 4733 1652 4789 collocem?
1700 4749 1821 4788 cum
1866 4733 2036 4788 omnis

2148 4741 2198 4795 τί
2228 4760 2314 4814 μοι
2341 4743 2581 4807 ἐλπίζειν
2613 4744 2698 4795 ἐπ’
2730 4743 3048 4815 ἄνθρωπον;
3077 4744 3158 4796 ὅτι
3199 4745 3305 4806 πᾶς
3335 4742 3634 4813 ἄνθρωπος
3657 4743 3743 4793 ὁο-

472 4829 635 4884 homo
672 4828 1042 4883 fraudulenter
1080 4827 1324 4888 incedat,
1359 4842 1422 4881 ac
1453 4826 1619 4880 frater
1654 4827 1830 4880 omnis
1854 4826 2038 4896 proxi-

471 4937 618 4976 mum
648 4936 804 4977 suum
828 4920 974 4974 omni
1007 4928 1122 4974 arte
1150 4919 1538 4989 supplantet”,
1567 4926 1728 4984 atque
1755 4932 1945 4972 omnes
1971 4933 2036 4972 ex

540 5104 588 5137 δ’
617 5103 815 5174 Ephes.
842 5118 916 5167 tv,
944 5102 1000 5160 5.
1075 5101 1122 5134 ⁸⁸
1152 5100 1293 5155 Psal.
1321 5113 1515 5162 sum,
1545 5100 1599 5154 5.

543 5277 571 5305 ι
612 5262 760 5319 Alias
803 5263 859 5327 Pi,
905 5277 1025 5332 qttze
1062 5273 1238 5316 autem
1274 5262 1341 5315 10
1377 5271 1530 5326 erat,
1571 5278 1712 5317 nunc
1742 5263 1794 5316 7.
1839 5293 1908 5303 ——
1938 5261 2045 5316 lia-

475 5335 585 5390 bita
617 5333 795 5384 medio
823 5336 1039 5386 circiter
1067 5349 1207 5387 anno
1230 5333 1354 5386 57'2.

545 5403 658 5471 (Il?)
688 5405 790 5467 Εις
821 5403 1056 5457 ἑαυτόν.
1091 5405 1144 5457 lu
1178 5403 1283 5458 Jes.
1325 5403 1441 5456 eod.
1471 5403 1549 5455 sic
1575 5403 1760 5454 titulus
1787 5422 1800 5456 ι
1830 5404 1925 5466 Εἰς
1953 5404 2043 5456 τὸν

476 5472 686 5542 πατέρα
713 5474 926 5533 ἑαυτοῦ,
961 5475 1054 5527 καὶ
1089 5477 1168 5536 εἰς
1199 5473 1292 5526 τὸ)
1322 5473 1598 5525 Βασίλειον
1635 5474 1825 5543 μέγαν,
1881 5475 2044 5543 ἡνίκα

475 5543 695 5614 ἔμελλον
723 5547 1049 5615 χειροτονεῖν
1089 5543 1250 5597 αὐτὸν
1289 5543 1605 5596 ἐπίσκοπον·
1651 5563 1669 5615 ι
1707 5544 1785 5597 Ad
1837 5556 2042 5613 patrem

476 5612 652 5672 suum,
675 5626 727 5667 et
753 5612 823 5668 ad
852 5615 1105 5668 Basilinm
1130 5629 1404 5682 magnum.
1430 5629 1554 5668 cum
1581 5612 1890 5682 episcopum
1917 5629 2041 5667 eum

475 5693 659 5739 essent
689 5686 1080 5738 consecraturi.
1131 5704 1148 5736 ι

551 5753 662 5821 (45)
717 5753 984 5822 Ἐμαυτῷ
1030 5754 1116 5808 δέ.
1160 5755 1250 5810 Sic
1285 5755 1452 5822 liegg.
1489 5755 1598 5819 but,
1625 5757 1691 5807 htt
1717 5793 1732 5817 ,
1765 5764 1820 5806 et
1847 5753 1942 5807 Or.
1969 5754 2003 5805 2
2027 5792 2042 5816 ,

482 5824 636 5877 lim-st
663 5823 718 5876 δέ
759 5827 807 5876 in
847 5825 967 5876 νην.
999 5828 1085 5878 ed.

547 5894 659 5966 (44)
699 5893 782 5960 Τῷ
814 5893 1106 5964 πενιχρῷ,
1154 5905 1258 5950 etc.
1294 5893 1534 5949 Combef.
1590 5913 1606 5946 ι
1649 5894 1768 5948 vita:
1803 5894 1889 5947 hic
1918 5909 2048 5962 pau-

1676 5101 1718 5131 ⁸¹
1752 5098 1891 5154 Psal.
1924 5115 2107 5164 Lxxvt,
2129 5099 2184 5153 5.

2143 4833 2272 4898 λίως
2320 4837 2634 4904 πορεύεται,
2679 4837 2773 4888 καὶ
2823 4838 2931 4899 πᾶς
2974 4834 3199 4902 ἀδελφὸς
3232 4834 3439 4907 πτέρνῃ
3482 4836 3742 4902 πτερνιεί

2145 4925 2236 4978 τὸν
2276 4925 2500 4997 πλησίον
2531 4926 2718 4996 αὐτοῦ,
2753 4929 2848 4981 καὶ
2878 4928 3076 4991 πάντες
3114 4923 3256 4998 ἦμεν
3291 4927 3402 4996 (49)
3433 4926 3526 4979 τοῦ
3564 4925 3740 4980 αὐτοῦ

2262 5098 2308 5129 ⁵⁸
2338 5095 2448 5150 Jer.
2481 5112 2554 5163 ιιι,
2579 5096 2632 5150 4.

2152 5273 2280 5328 pere
2311 5257 2454 5312 cultu
2496 5273 2558 5310 ac
2593 5255 2906 5328 disciplinae.
2951 5274 2970 5306 ι

2221 5329 2334 5396 (45)
2381 5322 2834 5394 Ταπεινοτέρων.
2873 5325 2982 5396 lino
3014 5323 3180 5394 Regg.
3215 5322 3644 5396 ταπεινότερον.

2219 5398 2330 5468 (46)
2366 5399 2548 5451 Ἴσον.
2586 5399 2714 5468 lteg.
2755 5398 2853 5457 hu,
2877 5395 3020 5468 ξσονΪ

2220 5463 2332 5538 (47)
2374 5463 2823 5534 Παρεστήσατο.
2866 5464 3042 5538 Basil.
3074 5463 3417 5538 τοῦτἈέστιν.
3456 5464 3740 5535 ᾐχμαλὼ-

2147 5535 2326 5600 τεύσε,
2360 5542 2408 5588 id
2444 5549 2544 5596 est,
2593 5556 2610 5586 ι
2653 5555 2702 5589 ιιι
2738 5535 3102 5601 captivitatem
3139 5535 3382 5587 abduxit.
3414 5551 3432 5584 ι

2214 5609 2323 5679 (48)
2364 5607 2431 5662 Τὸ
2465 5607 2720 5676 πνεῦμα
2776 5605 2868 5658 Sic
2904 5605 3008 5658 duo
3037 5605 3207 5676 Regg.
3237 5616 3290 5658 et
3323 5603 3434 5659 Jes.
3475 5603 3657 5660 Deest
3685 5603 3746 5658 τό

2144 5679 2198 5734 in
2236 5681 2320 5732 Pii.

2214 5749 2325 5814 (49)
2360 5743 2575 5816 Ἶιμεν,
2613 5755 2716 5801 etc.
2747 5743 2909 5801 Coisl.
2950 5744 3001 5807 ‘I,
3036 5745 3198 5812 ἐσμὲν
3231 5742 3323 5796 τοῦ
3358 5744 3533 5797 αύτοῦ
3564 5745 3744 5815 πηλοῦ

2143 5820 2238 5872 καὶ
2268 5818 2584 5890 κράματος,
2644 5835 2660 5868 ι
2697 5831 2882 5871 sumus
2935 5830 2997 5869 ex
3044 5817 3231 5870 eodem
3281 5819 3391 5870 ιι.ιο
3438 5830 3505 5868 et
3557 5835 3743 5873 suam

2143 5903 2402 5945 εοιιοιοιι.
2445 5909 2463 5943 Ι
