3878 6508
138 434 248 489 8ῐό

1132 425 1384 481 ORATIO
1423 426 1516 480 XI.
1559 457 1626 466 —-—
1664 424 1754 478 AD
1792 425 2090 482 GREGOR.
2136 426 2427 483 NYSSEN.

3260 436 3363 491 854

206 551 281 602 B'.
320 543 447 620 Ἆρ’
474 541 567 600 οὖν
606 545 765 600 ἱκανὰ
806 543 999 611 ταῦτα,
1042 544 1134 598 καὶ
1172 543 1406 617 μετρίως
1429 544 1541 613 (75)
1575 545 1702 614 ὑμῖν

1874 543 1937 600 ll.
1974 545 2056 600 Att
2089 560 2215 601 vero
2253 546 2365 600 haec
2393 543 2683 610 sulIicinnt,
2739 552 2903 615 atque
2951 546 3164 604 abunde
3203 550 3358 604 vobis

134 645 227 696 τὸν
256 641 420 711 ἄνδρα
464 643 493 694 ὁ
538 639 697 707 λόγος
733 636 1002 707 ἔγραψεν;
1048 637 1116 688 Ἢ
1157 635 1257 699 δεῖ,
1297 636 1546 706 καθάπερ
1574 636 1699 697 τοὺς

138 734 411 803 ἐπιμελεῖς
462 730 571 784 τῶν
615 729 937 801 ζωγράφων,
991 727 1247 790 πολλάκις
1291 726 1597 801 ἐπιβάλλειν
1637 726 1704 779 τὰ

138 822 421 893 χρώματα,
475 821 559 873 ἵνα
599 820 926 888 τελεωτέραν
956 819 1085 888 ὑμῖν
1119 818 1231 887 (76)
1275 817 1375 886 τὴν
1414 816 1506 870 τοῦ
1546 816 1702 884 λόγου

137 914 348 983 γραφὴν
383 912 860 982 παραστήσωμενς
907 909 1012 962 Καὶ
1043 908 1107 980 δὴ
1136 908 1414 982 γράψομεν
1445 908 1555 977 (77)
1578 909 1704 978 ὑμῖν

136 1000 465 1071 τελεώτερον
496 1016 558 1052 τε
589 999 681 1052 καὶ
724 998 1069 1067 σαφέστερον.
1120 996 1214 1060 Τίς
1255 996 1555 1067 νομοθετῶν
1590 999 1705 1050 ἐπι-

139 1091 506 1160 φανέστατοςς
552 1088 809 1158 Μωῦσῆς.
846 1087 939 1149 Τίς
986 1086 1173 1158 ἱερέων
1205 1086 1537 1154 ἁγιώτατοςς
1585 1089 1705 1140 Ἀα-

143 1182 274 1254 ρὼνο
306 1182 407 1251 οὐχ
439 1176 602 1251 ἦττον
628 1180 843 1249 ἀδελφοὶ
865 1181 962 1250 τὴν
985 1179 1313 1251 εὐσέϐειανῆ
1346 1179 1416 1232 τὰ
1445 1178 1668 1249 σώματα
1688 1197 1701 1208 ·

143 1275 339 1343 μᾶλλον
367 1273 427 1326 δὲ
464 1274 490 1325 6
524 1272 623 1343 μὲν
656 1272 785 1335 Θεὸς
828 1271 1044 1342 Φαραὼ,
1078 1273 1171 1325 καὶ
1198 1271 1291 1324 τοῦ
1338 1271 1550 1343 Ἰσραὴλ
1572 1289 1706 1343 προ-

142 1365 337 1434 στάτης
369 1363 487 1433 (78)
517 1364 612 1417 καὶ
661 1361 972 1433 νομοθέτης,
1026 1363 1117 1414 καὶ
1166 1364 1263 1433 τῆς
1312 1362 1536 1433 νεφέλης
1580 1364 1707 1415 εἴσω

139 1454 349 1523 χωρῶν,
383 1455 485 1505 καὶ
535 1452 694 1505 θείων
749 1452 1059 1524 μυστηρίων
1110 1453 1350 1523 ἐπόπτης
1386 1470 1443 1505 τε
1480 1451 1574 1504 καὶ
1612 1469 1708 1522 μυ-

139 1548 419 1615 σταγωγὸς
438 1546 572 1618 (79),
596 1548 691 1599 καὶ
708 1532 805 1616 τῆς
826 1546 1025 1615 σκηνῆς
1040 1544 1139 1615 τῆς
1160 1544 1417 1615 ἀληθινῆς
1438 1545 1705 1614 τεχνίτης,

138 1640 198 1707 ἦν
232 1638 437 1709 ἔπηξεν
483 1637 512 1688 6
551 1634 767 1708 Κύριος,
804 1636 897 1688 καὶ
947 1637 1049 1688 οὐκ
1089 1635 1407 1706 ἄνθρωπος’
1456 1636 1618 1707 ἱερεῖς
1651 1634 1707 1687 δέ

138 1732 334 1800 ὁμοίως
370 1729 693 1800 ἀμφότεροι.
741 1727 944 1797 Μωσῆς
982 1726 1111 1798 γὰρ,
1164 1726 1317 1799 φησὶ,
1362 1728 1453 1780 καλ¹
1499 1725 1708 1799 Ἀαρὼν

140 1825 191 1873 ἐν
218 1824 333 1883 τοῖς
358 1822 476 1891 (80)
516 1819 752 1892 ἱερεῦσιν
782 1819 944 1872 αὑτοῦ
963 1835 975 1848 ·
1018 1821 1046 1872 6
1074 1819 1171 1888 μὲν
1203 1820 1383 1890 ἄρχων
1412 1817 1705 1889 ἀρχόντων,

140 1912 227 1962 καὶ
278 1909 469 1980 ἱερεὺς
516 1890 724 1979 ἱερέων,
759 1906 1036 1978 χρώμενος
1075 1908 1172 1977 μὲν
1217 1908 1317 1961 ὅσα
1370 1906 1590 1980 γλώσσῃ
1632 1905 1709 1978 τῷ
1739 1890 1780 1944 Β

149 2001 378 2073 Ἀαρὼν,
418 2000 584 2062 αὐτὸς
610 1999 665 2051 δέ
696 2000 761 2052 τὰ
794 2000 930 2069 πρὸς
962 1998 1092 2052 Θεὸν
1119 1998 1312 2070 ἐκείνῳ
1336 1998 1645 2069 γινόμενος⁶
1682 2000 1709 2051 6

138 2092 188 2144 δὲ
216 2092 337 2162 μετ’
367 2093 577 2143 ἐκεῖνον
624 2090 720 2159 μὲν
760 2088 939 2153 εὐθὺς,
979 2088 1111 2142 πολὺ
1162 2088 1219 2141 δὲ
1263 2090 1367 2162 πρὸ
1398 2088 1503 2141 τῶν
1538 2088 1710 2142 ἄλλων

138 2183 260 2252 ἀξία
288 2199 351 2233 τε
383 2181 480 2234 καὶ
506 2184 572 2251 τῇ
600 2181 732 2251 πρὸς
745 2178 874 2232 Θεὸν
894 2179 1168 2249 ἐγγύτητι.
1199 2179 1515 2251 Ἀμφότεροι
1542 2179 1710 2251 βασα-

140 2276 374 2338 νίζοντες
402 2274 698 2342 Αῖγυπτον,
740 2272 1009 2325 θάλασσαν
1034 2272 1338 2342 τέμνοντες,
1365 2272 1456 2324 τὸν
1496 2273 1711 2345 Ἰσραὴλ

138 2365 503 2433 διεξάγοντες,
526 2364 649 2426 τοὺς
676 2362 900 2433 ἐχθροὺς
924 2360 1292 2430 βαπτίζοντες,
1318 2360 1481 2431 ἄρτον
1506 2361 1711 2415 ἄνωθεν

140 2460 411 2519 ἕλκοντες,
437 2454 581 2526 ὕδωρ
610 2454 832 2507 ἄπιστον
860 2455 914 2506 ἐν
942 2454 1154 2524 ἐρήμῳ,
1177 2452 1237 2505 τὸ
1266 2452 1363 2523 μὲν
1392 2452 1707 2520 ἐκδιδόντες,

142 2551 197 2602 τὸ
218 2550 277 2601 δὲ
310 2547 693 2616 γλυκαίνοντες
712 2562 723 2575 ο
766 2544 1062 2615 ἀμφότεροι
1089 2543 1586 2614 καταπολεμοῦντες
1606 2544 1709 2616 81)

142 2642 225 2693 τὸν
262 2638 520 2708 Ἀμαλὴκ
547 2636 762 2691 ἐκτάσει
792 2636 987 2707 χειρῶν
1014 2636 1165 2707 ἁγία,
1206 2637 1300 2689 καὶ
1325 2635 1480 2707 τύπῳ
1513 2655 1714 2707 μυστη-

146 2734 255 2802 ρίου
294 2730 542 2802 μείζονος
562 2747 575 2759 ·
601 2729 899 2800 ἀμφότεροι
936 2730 1069 2798 πρὸς
1098 2729 1193 2801 τὴν
1220 2730 1321 2799 γῆν
1352 2729 1447 2799 τῆς
1482 2732 1713 2798 ἐπαγγε-

144 2825 277 2888 "stag,
310 2824 407 2877 καὶ
438 2821 754 2892 ὁδηγοῦντες
789 2821 882 2874 καὶ
910 2820 1249 2883 σπεύδοντες.
1292 2821 1382 2889 Μή
1416 2836 1466 2871 τι
1512 2837 1711 2892 γνωρι-

150 2917 391 2987 μώτερον
416 2914 526 2985 (82)
557 2912 657 2983 τῆς
701 2912 935 2977 είκόνος;
969 2912 1043 2965 Οὐ
1077 2912 1257 2981 σαφῶς
1290 2912 1419 2981 ὑμῖν
1448 2911 1540 2965 τὸν
1566 2911 1713 2983 ὁμώ-

146 3027 311 3079 νυμον
340 3008 457 3076 (8'5)
488 3005 612 3075 ἐμοὶ
638 3005 732 3057 καὶ
759 3004 1028 3075 ὁμόψυχον
1056 3002 1165 3074 (84)
1194 3005 1222 3057 6
1251 3003 1537 3075 ζωγράφος
1560 3004 1713 3071 λόγος

147 3096 536 3151 ἁνετυπώσατο
551 3112 562 3124 ·

210 3363 292 3415 Ρ.
317 3361 539 3415 Τούτων
566 3363 594 3413 6
626 3359 723 3430 μὲν
756 3359 969 3431 ἔχρισεν
998 3360 1164 3432 ἡμᾶς,
1184 3361 1278 3415 καὶ
1308 3361 1716 3432 κρυπτομένους

152 3460 222 3520 είς
251 3457 422 3528 μέσον
449 3457 652 3526 ῆγαγεν
673 3470 686 3485 ο
722 3454 820 3507 οὐκ
846 3450 939 3506 οἷδ’
967 3454 995 3507 ὃ
1024 3471 1074 3506 τι
1104 3453 1310 3519 παθὼν,
1341 3454 1375 3525 ἢ
1418 3453 1533 3517 πῶς
1560 3472 1716 3524 κινη-

152 3550 260 3615 θεὶς
304 3547 541 3614 ἀναξίως
583 3546 675 3600 τοῦ
716 3547 771 3599 ἐν
818 3546 966 3617 αὐτῷ
1013 3546 1347 3616 πνεύματοςο
1394 3547 1626 3619 καὶγὰρ
1670 3548 1717 3600 εί

150 3641 484 3712 τραχύτερος
527 3642 555 3693 6
596 3639 772 3707 λόγος,
820 3639 967 3709 ὅμως
1007 3638 1116 3709 (85)
1172 3639 1481 3709 εἰρήσεταιο
1542 3640 1719 3693 πάντα

152 3731 457 3801 οἴσειοφιλία
487 3730 580 3783 καὶ
609 3729 890 3800 πάσχουσα
920 3731 1011 3782 καὶ
1034 3729 1323 3782 ἀκούουσα.
1366 3730 1421 3783 Ὀ
1453 3729 1509 3781 δὲ
1540 3746 1719 3799 παρα-

152 3825 397 3877 καλέσων
453 3824 599 3893 ἥκει,
654 3823 748 3874 καὶ
798 3820 1167 3891 συμϐιϐάσων,
1220 3822 1312 3873 καὶ
1359 3822 1720 3893 προσημερώ-

158 3936 257 3971 των
294 3917 407 3988 (86)
438 3915 516 3987 τῷ
544 3914 841 3984 Πνεύματι.
868 3914 1027 3982 Μέγα
1055 3914 1172 3984 μὲν,
1204 3915 1285 3967 ὅτι
1319 3914 1411 3967 καὶ
1436 3914 1550 3975 νῦν,
1597 3916 1719 3986 ἐμοί

156 4010 292 4078 (πῶς
318 4010 377 4064 δὲ
418 4010 481 4062 οὐ
529 4009 816 4078 μέγιστον;
855 4006 915 4070 ὃς
944 4023 1009 4075 γε
1054 4006 1257 4071 παντὸς
1294 4008 1437 4078 ὑμᾶς
1486 4008 1578 4061 τοῦ
1603 4008 1717 4077 βίου

156 4098 601 4173 προεστησάμην)
628 4114 643 4130 ο
683 4098 962 4169 μέμφομαι
993 4098 1068 4155 δέ,
1104 4099 1190 4151 ὅτι
1217 4098 1316 4167 τῆς
1352 4099 1538 4170 χρείας
1567 4099 1721 4154 ὓστε-

158 4211 242 4263 ρος
270 4192 409 4263 (87).
463 4190 588 4252 Πῶς
624 4187 760 4259 μετὰ
801 4188 897 4259 τὴν
937 4183 1105 4258 ἧτταν
1163 4189 1255 4240 καὶ
1306 4188 1650 4261 καταδρομὴν
1685 4191 1718 4260 ή

158 4284 464 4356 συμμαχία,
498 4277 542 4335 ὦ
572 4281 738 4353 φίλων
766 4280 952 4351 ἄριστε
980 4280 1073 4333 καὶ
1102 4278 1433 4349 συμμάχων;
1462 4282 1556 4333 καὶ
1584 4284 1719 4353 μετὰ

156 4379 246 4449 τὴν
275 4378 443 4448 ζάλην
473 4378 501 4429 6
528 4375 886 4446 κυϐερνήτης,
915 4373 1008 4425 καὶ
1033 4370 1168 4443 μετὰ
1190 4373 1288 4443 τὴν
1310 4372 1470 4444 οὐλὴν
1494 4374 1554 4426 τὸ
1582 4375 1721 4447 φάρ-

161 4486 363 4539 μακονς
404 4468 637 4537 Πότερον
669 4465 743 4529 ὡς
770 4464 1085 4535 φιλάδελφος
1109 4464 1381 4536 ᾐσχύνθης
1407 4464 1505 4536 τὴν
1531 4484 1722 4537 τυραν-

1808 639 1946 691 hunc
1977 638 2148 691 virum
2184 637 2358 691 oratio
2391 637 2669 705 depinxit?
2701 635 2782 691 An
2811 638 2963 691 nobis
3001 639 3179 706 potius
3204 642 3365 694 sedu-

1806 728 1884 781 los
1910 742 1972 782 ac
2001 728 2281 798 diligentes
2310 728 2544 797 pictores
2589 730 2785 783 imitari
2822 732 3070 785 contenit
3091 774 3106 797 ,
3136 735 3360 803 Smpius-

1805 834 1906 886 que
1941 818 2148 874 colores
2180 820 2455 886 inducere,
2483 834 2590 887 quo
2622 818 2999 889 perfectioretn
3042 824 3193 878 vobis
3242 839 3362 880 ser-

1809 913 1983 964 monis
2026 911 2289 977 picturam
2318 909 2384 963 ob
2416 910 2599 963 oculos
2628 911 2927 979 ponamus?
2978 912 3042 965 Et
3086 928 3216 969 vero
3249 915 3364 969 cla-

1808 999 1918 1050 rius
1952 999 2304 1066 exactiusque
2332 998 2485 1051 vobis
2515 998 2787 1054 hominem
2816 1000 3206 1057 describemus.
3232 1002 3364 1070 Quis

1806 1087 2171 1154 legislatorum
2212 1086 2641 1142 illustrissimus?
2690 1088 2918 1160 Moyses.
2956 1090 3087 1157 Quis
3111 1094 3363 1148 sacerdo-

1809 1190 1920 1232 tum
1991 1179 2400 1233 sanctissimus?
2455 1179 2633 1233 Aaron
2673 1199 2685 1234 :
2725 1196 2830 1235 non
2906 1181 3085 1236 minus
3146 1184 3363 1252 pietate,

1805 1286 1965 1339 quam
1995 1270 2308 1339 corporibus
2357 1270 2588 1334 fratres;
2646 1271 2728 1325 vel
2761 1272 2962 1352 potius,
3013 1272 3102 1327 ille
3145 1274 3361 1343 quidem

1805 1361 2102 1415 Pharaonis
2156 1361 2295 1416 Deus
2351 1361 2416 1424 θ’,
2487 1370 2540 1415 et
2594 1361 2959 1417 lsraelitarum
3027 1364 3252 1418 antistes
3311 1373 3367 1417 et

1806 1453 2099 1524 legislator,
2154 1460 2207 1508 et
2260 1452 2457 1507 nubem
2544 1454 2885 1522 ingrediens,
2955 1464 3009 1507 et
3061 1455 3364 1510 divinorum

1809 1547 2190 1615 mysteriorum
2231 1554 2500 1614 spectator
2548 1555 2602 1599 et
2648 1546 2862 1614 prmsul,
2912 1552 2966 1598 et
3031 1546 3362 1601 tabernaculi

1810 1638 1951 1691 illius
1980 1636 2093 1691 veri
2122 1634 2436 1703 fabriCator,
2473 1635 2616 1705 quod
2656 1651 2684 1689 a
2719 1635 2847 1700 Deo,
2897 1652 3002 1689 non
3039 1638 3107 1691 ab
3145 1638 3365 1693 homine

1809 1736 2175 1783 constructum
2204 1738 2286 1782 est
2311 1729 2356 1759 ⁷ο
2392 1745 2406 1781 :
2437 1727 2594 1781 ambo
2635 1737 2814 1780 autem
2850 1743 3003 1797 aeque
3034 1728 3363 1785 sacerdotes.

1812 1817 1984 1874 Moses
2030 1820 2197 1883 enim,
2252 1821 2325 1872 ait
2360 1818 2466 1884 ille,
2519 1828 2573 1873 et
2627 1820 2829 1883 Aaron,
2870 1820 3009 1873 inter
3062 1818 3371 1875 sacerdotes

1809 1910 2010 1976 eius“.
2044 1909 2135 1965 llle
2162 1911 2464 1979 principum
2502 1910 2770 1980 princeps,
2804 1918 2858 1963 et
2904 1912 3245 1965 sacerdotum
3275 1928 3364 1965 sa—

1810 2001 2019 2067 cerdos,
2047 2000 2258 2055 Aaronc
2289 2017 2385 2070 pro
2419 2001 2597 2071 lingua
2642 2012 2818 2068 utens,
2872 2002 3079 2071 ipsique
3120 2003 3362 2059 vicissim

1811 2091 1863 2146 in
1894 2092 1957 2147 iis
1984 2092 2144 2146 rebus
2176 2106 2393 2160 operam
2426 2107 2647 2152 navans.
2682 2107 2801 2161 qua)
2830 2095 2895 2145 ad
2932 2095 3096 2147 Deum
3125 2096 3361 2162 pertine-

1809 2183 1939 2238 bant
1973 2184 2017 2213 τ’
2044 2201 2059 2237 :
2087 2185 2171 2238 hic
2202 2183 2274 2237 illi
2298 2183 2482 2237 statim
2506 2184 2794 2248 secundus,
2827 2183 2959 2238 alios
2988 2194 3167 2239 autem
3197 2184 3367 2255 digni-

1813 2283 1918 2327 tate
1964 2284 2017 2328 et
2068 2274 2466 2343 propinquitate
2499 2274 2567 2327 ad
2620 2274 2785 2328 Deum
2822 2274 2977 2345 longe
3024 2277 3369 2333 antecedens.

1809 2364 1982 2418 Ambo
2008 2362 2297 2435 Aigyptum
2332 2375 2608 2430 vexantes,
2646 2380 2793 2419 mare
2827 2366 3156 2432 scindentes,
3199 2367 3372 2421 Israe-

1813 2452 1913 2508 lem
1941 2454 2290 2523 trajicientes,
2311 2454 2491 2508 hostes
2513 2455 2906 2524 demergentes,
2930 2470 3116 2525 panem
3143 2471 3372 2525 superne

1812 2544 2110 2607 trahentes,
2158 2558 2351 2612 aquam
2403 2543 2678 2597 hominum
2733 2543 2889 2598 fidem
2942 2556 3278 2612 superantem
3319 2546 3370 2599 itt

1812 2634 2027 2691 deserto
2062 2635 2258 2704 partim
2309 2633 2721 2705 profundentes,
2780 2636 2973 2704 partim
3022 2636 3369 2689 edulcantes:

1814 2728 1969 2782 ambo
2007 2742 2101 2797 per
2130 2737 2372 2781 sanctam
2409 2742 2664 2780 manuum
2699 2728 3071 2782 extensionem
3106 2726 3172 2792 ⁷³,
3207 2727 3374 2781 subli-

1814 2818 2108 2888 miorisque
2134 2818 2373 2888 mysterii
2425 2816 2669 2887 figuram,
2698 2818 3025 2871 Amalecitas
3047 2817 3371 2886 opprimen‘

1815 2921 1894 2966 tes
1928 2927 1941 2963 :
1979 2911 2137 2965 ambo
2164 2911 2230 2963 ad
2255 2910 2575 2981 promissam
2610 2918 2806 2964 terram
2836 2909 3001 2963 duces
3027 2910 3127 2963 via:
3153 2924 3210 2963 se
3235 2925 3376 2974 pra:-

1812 3004 2025 3065 benles,
2056 3017 2120 3056 ac
2151 3009 2526 3071 properantes.
2561 3001 2766 3071 Ecquid
2802 3002 2899 3055 hac
2932 3002 3164 3070 imagine
3196 3003 3375 3057 notius

1814 3094 2168 3161 apertiusque
2195 3091 2423 3161 cogitari
2451 3092 2652 3161 potest?
2670 3088 2859 3145 Nonne
2882 3093 3159 3160 perspicue
3181 3106 3375 3159 cogno-

1743 3220 1786 3279 C
1822 3186 2017 3240 minem
2079 3198 2253 3237 meum
2305 3182 2530 3252 parique
2584 3183 2764 3237 animo
2816 3183 3118 3252 prmditunt,
3176 3182 3371 3252 pictrix

1818 3275 1991 3329 oratio
2025 3271 2268 3326 t-flinxit?

1887 3362 1976 3418 ΙΙΙ.
2025 3362 2225 3417 Horum
2277 3361 2413 3415 alter
2449 3374 2549 3414 nos
2610 3359 2780 3424 unxit,
2831 3373 2891 3413 ac
2942 3358 3168 3415 latentes
3217 3360 3378 3434 253

1820 3457 1871 3509 itt
1921 3455 2153 3509 medium
2201 3453 2681 3523 produxit:quod,
2720 3451 2845 3521 qttid
2896 3450 2945 3504 ei
2994 3452 3273 3515 acciderit,
3320 3465 3380 3507 ut

1822 3546 2041 3609 faceret,
2069 3554 2161 3598 aut
2184 3544 2310 3613 quid
2342 3559 2463 3598 eum
2496 3543 2561 3597 ad
2592 3543 2730 3596 hanc
2760 3556 2870 3596 rem
2912 3542 3202 3611 impulerit,
3234 3544 3377 3598 haud

1818 3639 1932 3692 scio
1956 3677 1972 3703 ,
2002 3646 2167 3703 certe,
2205 3651 2311 3691 non
2352 3644 2409 3688 ut
2436 3635 2653 3706 dignum
2687 3646 2806 3690 erat
2834 3649 2897 3689 eo
2932 3635 3144 3704 spiritu,
3194 3636 3283 3704 qui
3325 3637 3379 3689 in

1822 3730 1938 3799 ipso
1966 3740 2090 3796 est;
2120 3729 2291 3783 dicam
2317 3728 2482 3791 enim,
2506 3727 2609 3782 etsi
2642 3727 2884 3796 asperior
2930 3727 3015 3781 hic
3051 3740 3230 3781 sermo
3268 3728 3377 3791 sit;

1821 3822 2000 3876 omnia
2030 3821 2167 3876 feret
2190 3819 2451 3885 amicitia,
2496 3828 2603 3874 tum
2638 3820 2967 3889 perpetiens,
2997 3827 3105 3871 tum
3132 3818 3376 3873 audiens.

1819 3912 1969 3967 Alter
2018 3912 2154 3967 hanc
2201 3925 2416 3966 causam
2472 3910 2579 3965 huc
2623 3909 2870 3964 veniendi
2927 3909 3135 3972 habuit,
3192 3917 3249 3963 ut
3284 3923 3381 3963 nos

1821 4001 2150 4066 consoletur,
2184 4015 2247 4056 ac
2276 3999 2579 4062 confirmet,
2614 3995 2926 4066 Spirituque
2970 3994 3375 4051 mansuefaciat.

1822 4093 1989 4161 Quem
2025 4093 2240 4161 quidem
2285 4089 2387 4145 etsi
2432 4104 2572 4143 nunc
2609 4103 2823 4158 quoque
2871 4087 3084 4141 venisse
3109 4126 3123 4152 ,
3164 4084 3379 4155 plurimi

1822 4188 1958 4241 duco
2004 4185 2137 4248 (nec
2179 4183 2396 4246 mirum,
2423 4195 2543 4236 cum
2573 4195 2666 4234 vos
2691 4181 2814 4232 vitae
2842 4193 2974 4233 mea:
2992 4176 3137 4231 omni
3168 4189 3382 4245 semper

1821 4274 2244 4349 proposuerim):
2266 4276 2365 4328 hoc
2390 4283 2563 4328 tamen
2598 4271 2881 4325 molestum
2913 4279 3017 4333 est,
3042 4267 3185 4337 quod
3210 4266 3382 4321 serius

1822 4386 1980 4441 quam
2039 4384 2127 4423 res
2173 4366 2493 4438 postularet,
2558 4363 2868 4419 accesserit.
2919 4360 3160 4427 Quonam
3219 4360 3378 4413 modo

1822 4470 1940 4530 post
1976 4458 2183 4513 cladem
2212 4463 2266 4510 et
2305 4454 2552 4509 hostilem
2596 4453 2850 4520 impetum
2876 4489 2891 4513 ,
2923 4449 3201 4517 suppetiw,
3240 4447 3369 4499 ami-

157 4562 268 4615 νίδα
286 4578 300 4625 ;
315 4560 389 4612 Ἤ
411 4560 503 4612 καὶ
519 4558 679 4620 αὐτὸς
695 4558 769 4620 ὡς
784 4543 1045 4627 δυνάστης
1064 4554 1421 4626 ἐδυσχέρανας
1436 4555 1534 4628 τὴν
1563 4560 1712 4611 ἀπει-

1827 4566 2009 4608 eorum
2054 4559 2109 4604 et
2163 4546 2584 4602 commilitonum
2634 4539 3381 4612 praestantissime?Quonam

160 4654 331 4718 θείαν;
366 4650 588 4722 Ποτέρῳ
631 4649 739 4702 τῶν
778 4648 1021 4717 ἀδελφῶν
1055 4648 1327 4716 ἐγκαλεῖς,
1356 4649 1449 4703 καὶ
1494 4650 1719 4721 πότερον

161 4748 334 4815 ἀφιεὶς
357 4742 471 4812 (88)
502 4741 596 4811 τῆς
626 4739 915 4810 μέμψεως
950 4738 1254 4809 Φθέγξομαί
1283 4757 1334 4792 τι
1358 4738 1469 4810 (89)
1499 4740 1636 4811 πρὸς
1662 4743 1719 4795 σὲ

1831 4646 1987 4697 modo
2014 4648 2131 4710 post
2162 4642 2554 4704 tempestatem,
2603 4633 2951 4703 gubernator,
2996 4638 3115 4696 post
3159 4627 3379 4681 cicatri-

1827 4748 1964 4796 cem,
1993 4728 2290 4785 medicina?
2320 4726 2506 4781 Utrum
2541 4735 2610 4784 te.
2646 4734 2701 4777 ut
2729 4723 2916 4777 fratris
2947 4732 3251 4787 amantem,
3302 4720 3384 4774 vis

228 4868 272 4899 "
308 4871 480 4926 Exod.
514 4887 613 4934 vn,
650 4871 699 4925 Ι.
770 4872 815 4902 ⁷ο
848 4869 1007 4926 Hebr.
1042 4884 1160 4932 vttt,
1205 4870 1258 4923 2.
1336 4868 1383 4900 ‘“
1427 4867 1567 4924 Psal.
1604 4884 1789 4934 xcvnt,
1824 4867 1876 4921 6.
1901 4866 1945 4897 ⁷²
1974 4860 2145 4918 Exod.
2172 4873 2244 4922 tv,
2277 4853 2363 4911 16.
2405 4854 2450 4885 ⁷³
2480 4852 2648 4907 Exod.
2677 4866 2806 4916 XVII,
2844 4850 2925 4902 1‘2-

225 5012 339 5081 (75)
381 5011 663 5080 Μετρίως.
704 5028 722 5061 ‹
760 5005 1119 5081 Mediocriter,
1152 5004 1385 5074 parcius.
1430 5022 1447 5053 ι

224 5077 341 5151 (76)
389 5077 579 5150 ’Υμῖν.
619 5082 772 5151 lleg._
800 5077 1090 5151 btnlﬂp‘t’v.

229 5144 340 5219 (Π)
370 5144 732 5219 Γρὶἰψυμενῖ
750 5149 861 5219 Diuo
890 5144 1054 5219 negg.
1094 5144 1415 5219 γράψωμεν.

230 5216 341 5293 (78)
376 5216 744 5293 Προὰτὶίτης.
771 5218 864 5273 0r.
894 5216 955 5293 2.
981 5216 1355 5293 παραστάτηςἶ

408 5280 716 5367 Ἐπόπτηξ
753 5304 817 5341 τε
862 5284 963 5367 καὶ,
1002 5280 1413 5367 μῴΑο-ταγωγός.
1474 5280 1715 5337 Combef.

169 5382 187 5415 ι
222 5362 894 5434 MySteripruntinspector
919 5366 972 5407 et
1001 5362 1261 5434 initiator.
1301 5371 1320 5434 ξ

236 5421 347 5503 (80)
394 5433 492 5484 Ἐν
515 5428 658 5503 τοῖς.
701 5421 791 5483 Sic
821 5428 984 5495 ltegg.
1010 5433 1241 5493 quatuor
1271 5430 1324 5477 et
1353 5421 1501 5480 Pass.
1542 5421 1600 5475 Itt
1634 5421 1718 5475 ed.

164 5500 283 5559 Par.
327 5500 481 5555 deest
517 5500 595 5555 ἐν.

233 5573 343 5643 (81)
388 5566 979 5637 Καταπολεμοῦντες.
1018 5580 1036 5614 t
1084 5562 1501 5633 Expugnantes,
1541 5560 1724 5615 debel-

166 5645 358 5781 ωιξὲξ)⁸
387 5661 861 5781 ἱτνωριμῴτερον.
898 5704 1049 5781 Pass.
1082 5701 1227 5781 addit
1258 5700 1407 5781 ὑμῖν.

234 5769 343 5853 (83)
392 5769 879 5850 Τὸνᾟὶιώνῦμον.
928 5773 1241 5843 Gregorium
1291 5769 1583 5840 Nyssenum
1636 5769 1724 5824 hic

171 5855 430 5921 intelligit.

174 5930 175 5933 “
236 5926 346 5997 (84)
375 5922 483 5978 Καὶ
516 5922 844 5992 ὀμόψυχαν.
872 5915 1035 5973 Coisl.
1065 5912 1118 5983 2,
1143 5910 1425 5982 ὁμόζυγον,
1458 5928 1476 5963 t
1507 5918 1558 5964 et
1584 5908 1725 5963 hunc

1817 4999 1997 5053 animo
2028 4994 2157 5049 mihi
2191 4992 2716 5061 coniunctissimum,
2760 4991 3097 5047 unanimum.
3130 5010 3148 5043 ι
3184 4988 3373 5061 Credi-

1817 5070 1983 5123 derim
2032 5067 2133 5119 hac
2165 5060 2299 5118 voce
2335 5062 2625 5132 signiﬁcari
2677 5061 2930 5115 Basilinm
2975 5076 3226 5131 magnum
3257 5099 3271 5120 .
3315 5060 3384 5111 ob

1818 5140 2093 5214 superiora
2118 5134 2272 5214 istius
2299 5150 2355 5187 ιι.
2385 5132 2569 5199 verba,
2605 5151 2623 5184 ι
2651 5148 2756 5186 nou
2787 5133 2962 5187 minus
2988 5136 3186 5202 pietate
3217 5144 3376 5198 quam

1824 5205 2135 5274 corporibus
2164 5205 2373 5257 fratres.
2410 5222 2428 5254 ι
2665 5271 2676 5284 .

2039 5275 2250 5350 Ἥρως.
2301 5271 2724 5350 Cetnbef._legtt,
2766 5270 2879 5350 αλλ’
2905 5270 3077 5349 ὅμως.
3107 5339 3120 5350 .

1910 5340 2000 5411 86)
2054 5340 2165 5398 Καὶ
2215 5340 2717 5411 προσημερώσὼν.
2774 5340 2861 5395 Sic
2914 5340 3245 5411 restitnimns
3292 5353 3385 5411 an-

1818 5406 2061 5470 ctoritate
2111 5406 2269 5466 triutn
2312 5406 2704 5482 Heégfcodd"
2746 5410 2908 5482 Cnisl.
2946 5410 2995 5482 1,
3030 5421 3085 5462 et
3108 5409 3163 5473 ‘2,
3206 5406 3297 5463 0r.
3329 5409 3385 5471 2,

1818 5486 1928 5541 Jes.
1957 5494 2013 5539 et
2041 5482 2162 5535 Par.
2189 5480 2448 5551 Agnoscit
2476 5494 2529 5537 et
2563 5485 2720 5536 vertit
2749 5482 2860 5549 ipse
2893 5480 3099 5533 Billius.

1890 5554 2001 5625 (87)
2048 5547 2347 5620 Ὕστερος.
2391 5553 2559 5623 Regg.
2610 5554 2664 5615 d,
2715 5547 2806 5620 ph,
2848 5560 2900 5604 et
2949 5551 3185 5619 quinque
3226 5547 3382 5603 Colb.

1821 5625 2067 5677 ὕστερον.
2374 5642 2381 5649 ·

1821 5643 1947 5679 υστε
1986 5643 2067 5677 ον.
2374 5643 2381 5649 ·

1892 5643 2003 5764 (88)
2055 5692 2282 5764 Ἀφιενίς.
2317 5691 2453 5746 Tres
2481 5690 2651 5764 Begg.
2681 5689 2876 5764 ἀφίης,

1892 5706 2003 5764 (an)
2060 5706 2282 5761 Ἁφιεις.
2319 5706 2347 5745 Ἰ
2369 5707 2453 5746 res
2481 5706 2651 5760 negg.
2681 5706 2876 5811 αφιηῗ,

1890 5765 2000 5832 (89)
2039 5763 2366 5832 Φθέγξομαί
2406 5780 2479 5815 τι.
2538 5763 2609 5813 tta
2644 5775 2752 5814 tres
2844 5758 2970 5828 egii,
3000 5757 3179 5829 plures
3205 5756 3379 5823 Colb.,

1820 5831 1988 5891 Coisl.
2013 5844 2235 5902 uterque
2260 5845 2313 5888 et
2343 5834 2434 5887 Οι·.
2466 5836 2513 5885 2.
2545 5833 2701 5888 Deest
2728 5848 2779 5884 τι
2811 5831 2862 5885 in
2891 5832 2977 5886 ed.
