3844 6390
500 363 606 418 855

1729 363 1787 421 S.
1827 360 2151 419 GREGORII
2167 358 2534 416 ‘THEOLOGI
3631 356 3713 412 836

503 478 657 530 nobis
686 476 845 530 illata:
879 475 1101 544 puduit?
1142 477 1221 530 An
1273 475 1386 546 ipse
1424 492 1662 548 quoque,
1691 488 1751 534 ut
1781 480 2060 549 imperium

2172 477 2270 532 τῶν
2285 477 2377 530 τοῦ
2409 476 2526 530 ’1ὼὸ
2549 474 2828 547 ῥημάτων,
2846 474 2941 528 καὶ
2963 473 3123 538 αὑτὸς
3145 471 3346 543 ἀλγῶν,
3365 472 3462 526 καὶ
3480 473 3611 544 πρὸς
3624 475 3713 547 (90)

499 584 718 639 gerens,
776 568 1196 621 inobedientiam
1256 579 1495 622 nostram
1556 581 1614 626 et
1669 573 2061 626 contumaciam

500 660 681 729 iniquo
710 661 889 713 animo
917 660 1126 718 tulisti?
1169 659 1358 716 Utrum
1391 662 1606 718 tandem
1638 662 1866 716 fratrum
1897 679 2061 718 accu-

498 767 606 818 sas,
643 761 818 804 utrum
851 753 1005 820 culpa
1038 752 1274 805 liberas?
1324 754 1524 823 Atque,
1563 763 1620 808 ut
1647 753 1763 807 Jobi
1799 755 1974 808 verbis
1999 755 2065 807 ad

498 853 550 898 te
581 853 724 905 utar,
759 843 1010 897 nimirum
1045 845 1155 912 ipse
1187 860 1402 916 quoque
1432 846 1616 900 dolore
1643 845 1890 909 affectus,
1923 855 1975 900 et
1999 847 2066 898 ad

497 935 727 988 amicum
768 933 1013 1004 loquens,
1062 936 1160 990 etsi
1198 953 1298 990 non
1347 937 1544 1001 talem,
1605 953 1703 992 nec
1737 939 1805 991 ob
1851 939 2066 991 easdem

495 1025 828 1080 ealatnitates
864 1040 878 1079 :
912 1025 1027 1081 Utri
1075 1028 1355 1083 adhaeres?
1393 1031 1500 1082 Aut
1549 1032 1633 1084 eui
1674 1043 1832 1098 Opem
1872 1027 2067 1081 aﬂ‘erre

497 1119 687 1187 paras?
720 1118 938 1174 Annon
969 1120 1049 1183 ei,
1094 1121 1184 1190 qni
1220 1121 1420 1174 viribus
1466 1120 1663 1190 pollet?
1714 1121 1795 1173 An
1844 1135 1948 1172 non
1992 1119 2064 1180 ei,

496 1211 585 1280 qui
645 1211 910 1279 sapientia
962 1222 1015 1264 ct
1051 1211 1298 1266 doctrina
1350 1213 1593 1266 abundat
1619 1211 1704 1266 7‘?
1765 1211 1875 1265 lloc
1924 1213 2066 1264 enim

495 1301 774 1369 permultis
799 1304 975 1356 aetatis
1009 1316 1206 1357 nostrte
1236 1303 1512 1372 judicibus
1560 1319 1658 1358 usu
1709 1305 1892 1358 venire
1932 1317 2064 1357 con-

494 1393 684 1463 spicio,
723 1395 814 1464 qui
846 1395 1051 1464 magnis
1079 1405 1132 1448 et
1156 1395 1386 1449 excelsis
1418 1395 1551 1450 viris
1576 1395 1895 1464 gravissima
1924 1408 2066 1463 quae-

494 1499 598 1550 que
623 1483 834 1537 facilius
859 1483 1235 1546 condonarint,
1261 1498 1420 1550 quam
1450 1483 1740 1538 humilibus
1763 1492 1815 1536 et
1843 1481 2067 1549 abiectis

494 1576 786 1644 quidquam
829 1576 911 1628 vel
951 1574 1208 1629 levissimi
1253 1575 1529 1629 momenti.
1567 1575 1674 1630 Sed
1709 1575 1811 1628 hoc
1851 1575 2066 1639 quidem

495 1668 611 1734 ipse
647 1666 867 1721 videris.
902 1665 1086 1735 Neque
1126 1666 1267 1720 enim
1302 1666 1430 1719 mihi
1480 1666 1546 1720 de
1591 1675 1662 1732 te,
1704 1681 1862 1736 quem
1895 1667 2065 1719 virtu-

494 1768 604 1813 tum
634 1759 876 1813 omniunt
909 1774 1152 1813 normam
1199 1770 1360 1828 atque
1389 1759 1663 1828 exemplar
1699 1774 1820 1813 esse
1863 1771 2062 1822 statuo,

2170 570 2340 639 φίλον,
2375 571 2422 622 εἰ
2462 570 2555 621 καὶ
2595 568 2668 640 μὴ
2697 567 2958 633 τοιοῦτον,
2995 566 3128 638 μηδὲ
3153 567 3238 636 ἐφ’
3264 565 3474 636 ὁμοίοις
3500 567 3607 630 τοῖς
3631 569 3713 622 πά-

2171 661 2338 714 θεσιν.
2385 660 2603 731 Ποτὲρῳ
2631 661 2987 731 πρόσκεισαι;
3017 661 3088 712 Ἢ
3107 659 3212 712 τίνι
3249 658 3470 730 μέλλεις
3501 657 3710 729 βοηθεῑν;

2166 747 2292 824 'Ap’
2335 753 2431 822 οὑχ
2471 744 2514 819 ᾧ
2546 750 2712 822 πολλὴ
2765 749 2916 821 ἰσχύς
2939 748 3086 820 (91);
3122 749 3235 820 Οὑχ
3270 741 3316 816 ᾧ
3363 747 3532 819 πολλὴ
3584 748 3714 818 σοφία

2169 844 2263 898 καὶ
2300 844 2609 915 ὲπιστὴμη;
2667 842 2840 896 Τοῦτο
2888 842 2998 914 γὰρ
3043 841 3154 914 ὁρῶ
3209 840 3439 905 πολλοὺς
3488 841 3592 894 τῶν
3637 841 3711 895 νῦν

2168 933 2369 1005 κριτῶν
2391 933 2715 1003 πάσχοντας,
2737 934 2785 986 οἳ
2805 935 2932 1004 ῥᾷον
2960 934 3026 986 ἂν
3049 936 3160 995 τοῖς
3181 932 3404 1004 ὑψηλοῖς
3424 933 3492 986 τὰ
3514 933 3712 1004 μέγιστα

2172 1026 2581 1096 συγχωρήσαιεν
2619 1025 2651 1095 ἢ
2691 1027 2803 1086 τοῖς
2832 1028 3106 1087 ταπεινοῖς
3149 1023 3218 1077 τὰ
3268 1024 3545 1093 ἐλάχιστα.
3570 1025 3712 1079 Τοῦτο

2173 1116 2271 1187 μὲν
2293 1113 2384 1170 οὖν
2412 1115 2573 1179 αὑτὸς
2599 1114 2666 1169 ἂν
2708 1115 2933 1188 εἰδείηςο
2965 1118 3026 1170 οὑ
3056 1117 3166 1189 γὰρ
3201 1116 3324 1188 ἐμοί
3352 1134 3405 1170 τι
3429 1115 3584 1185 θέμις
3608 1119 3714 1188 περὶ

2171 1208 2264 1262 σοῦ
2293 1209 2398 1262 τῶν
2425 1210 2484 1264 οὑ
2515 1208 2694 1263 καλῶν
2723 1208 3140 1276 ἀποφαίνεσθαι,
3171 1210 3229 1272 ὃς
3264 1225 3324 1262 σε
3348 1207 3514 1262 καλοῦ
3545 1211 3713 1272 παντὸς

2168 1304 2290 1374 ὅρον
2312 1304 2406 1357 καὶ
2427 1302 2627 1357 κανόνα
2648 1301 2899 1373 τίθεμαι·
2925 1303 3019 1355 καὶ
3042 1303 3156 1373 ἅμα
3179 1301 3254 1374 μὴ
3275 1303 3447 1373 ταχὺς
3467 1297 3597 1355 εἶναι
3619 1303 3710 1374 (92)

2169 1400 2247 1460 εἰς
2289 1397 2488 1469 κρίσιν,
2526 1395 2630 1448 ὑπὸ
2657 1396 2755 1466 τῆς
2801 1395 3024 1467 Γραφῆς
3053 1395 3163 1466 (95)
3197 1395 3710 1467 νενουτὲθημαιωί).

2181 1487 2320 1556 Ἐγὼ
2365 1488 2422 1541 δὲ
2455 1487 2544 1540 τὸν
2571 1486 2728 1556 λόγον
2775 1487 3031 1556 ὑποσχεῖν
3073 1487 3312 1557 ἕτοιμος,
3360 1487 3457 1541 καί
3507 1503 3602 1551 σοι,
3635 1489 3714 1540 καὶ

2169 1579 2331 1632 παντὶ
2363 1577 2439 1649 τῷ
2470 1577 2778 1648 βουλομένῳ
2804 1577 2912 1649 (95)
2942 1577 3027 1632 διὰ
3066 1578 3267 1648 φιλίαν,
3311 1580 3415 1650 τῆς
3443 1581 3595 1652 ἐμῆς,
3621 1584 3712 1635 εἴτε

2168 1671 2468 1735 ἀπειθείας,
2501 1671 2576 1734 ὡς
2602 1672 2666 1726 ἄν
2695 1689 2839 1735 τινες
2872 1672 3216 1743 όνομάσαιεν,
3245 1673 3353 1727 εἴτε
3382 1675 3712 1746 προμηθείας,

2169 1762 2243 1824 ὡς
2267 1761 2499 1832 ἐμαυτὸν
2527 1761 2717 1825 πείθω,
2755 1761 2850 1814 καὶ
2891 1762 3212 1832 ἀσφαλείας,
3242 1763 3317 1826 ὡς
3349 1763 3414 1817 ἂν
3442 1764 3627 1834 εἰδείης
3650 1765 3715 1835 μὴ

495 1851 807 1920 ιιιιίιιῐιιιειιιι,
839 1851 982 1918 quod
1026 1850 1093 1904 ab
1135 1851 1363 1904 honesto
1398 1851 1631 1904 alienum
1681 1850 1773 1914 sit,
1828 1867 2065 1920 pronun-

2172 1855 2345 1925 πάντη
2373 1853 2483 1925 (96)
2511 1853 2694 1925 ἀτόπῳ
2735 1853 2872 1925 φίλῳ
2906 1854 3187 1927 χρώμενος
3229 1856 3322 1910 καὶ
3362 1856 3590 1926 ἀμαθεῖ·
3617 1858 3715 1911 ἀλλ’

495 1942 629 1996 tiare
657 1942 738 1996 fas
763 1950 865 1996 est.
900 1945 974 1996 Ac
1003 1952 1282 2012 prazterea,
1335 1957 1402 1996 ne
1445 1943 2060 2011 praeproperejudicem,

495 2031 786 2101 Scriptura:
817 2030 931 2100 lege
981 2031 1110 2085 lltilli
1145 2031 1490 2086 interdictum
1543 2040 1626 2087 est
1663 2033 1733 2086 ⁷⁸.
1786 2032 1894 2102 Ego
1941 2048 2066 2086 vero

2172 1947 2316 1998 ἔστιν
2340 1945 2374 1999 ἃ
2402 1947 2495 1999 καὶ
2523 1947 2752 2017 συνορᾷν
2795 1945 3076 2019 δυναμένῳ
3109 1947 3218 2002 τῶν
3261 1948 3472 2002 πολλῶν
3501 1949 3716 2020 ἄμεινον,

2167 2039 2259 2090 καὶ
2302 2037 2589 2110 θαρροῦντι
2639 2037 2738 2110 μὲν
2773 2039 2809 2093 ἃ.
2853 2041 3076 2112 θαρρεῖν
3121 2041 3292 2108 ἄξιον,
3329 2042 3638 2114 φοϐουμένῳ
3673 2045 3719 2097 δὲ

494 2139 591 2192 pro
619 2123 866 2177 amicitite
890 2123 1035 2193 jure,
1084 2131 1136 2177 et
1177 2123 1294 2187 tibi,
1345 2132 1398 2177 et
1438 2124 1720 2192 quibusvis
1755 2124 1898 2187 aliis,
1951 2126 2067 2179 sive

2172 2122 2226 2181 οῦ
2258 2131 2374 2181 ἐστι
2409 2128 2591 2198 φόϐος,
2615 2131 2708 2185 καὶ
2732 2129 2767 2185 ἃ
2797 2131 2931 2203 μηδὲ
2957 2132 3236 2202 φοϐεῖσθαι
3258 2137 3372 2198 τοῖς
3406 2134 3530 2188 νοῦν
3560 2134 3720 2206 ἔχουσι

495 2216 870 2271 inobedientiae
919 2231 1072 2279 meae,
1137 2227 1194 2271 ut
1237 2217 1481 2272 nonnulli
1534 2216 1762 2271 fortasse
1806 2219 2059 2278 dixerint.

2172 2221 2296 2290 ροϐε
2307 2220 2440 2290 ρώτε
2451 2240 2560 2292 ρον.

493 2314 626 2386 sive,
684 2312 742 2368 ut
797 2313 927 2366 mihi
1013 2313 1335 2383 persuadeo,
1385 2312 1682 2383 prudentia:
1739 2322 1794 2367 et
1848 2314 2113 2369 cautionis
2188 2319 2448 2372 rationem
2503 2319 2725 2374 reddere
2783 2329 3002 2388 paratus
3049 2335 3198 2386 sum,
3249 2330 3307 2376 ut
3367 2323 3630 2394 intelligas
3680 2341 3719 2382 te

493 2407 724 2459 anticum
782 2405 1006 2470 habere,
1068 2405 1157 2470 qui
1202 2419 1307 2458 non
1357 2404 1576 2458 omnino
1627 2415 1950 2473 praepostere
1995 2415 2047 2458 et
2089 2406 2281 2461 inscite
2342 2421 2502 2479 agat;
2561 2411 2655 2465 sed
2717 2411 2806 2480 qui
2839 2411 3269 2481 possitquzedam
3299 2418 3530 2486 acutius,
3571 2438 3708 2492 quam

495 2498 760 2565 plerique,
837 2495 1162 2566 perspicere,
1215 2511 1278 2549 ac
1328 2495 1381 2548 in
1434 2495 1501 2549 iis
1547 2496 1763 2564 quidem
1818 2496 2014 2563 rebus,
2066 2498 2116 2551 itt
2188 2500 2383 2569 quibus
2433 2500 2628 2557 fiducia
2678 2502 2776 2556 niti
2830 2504 3126 2570 convenit,
3185 2507 3436 2563 fidentem
3493 2513 3706 2568 animum

492 2599 670 2651 gerat,
702 2588 888 2643 timeat
913 2603 1044 2643 vero
1075 2588 1163 2642 ubi
1209 2598 1292 2642 cst
1328 2589 1513 2655 timor,
1582 2596 1634 2642 et
1681 2601 1744 2642 ea
1819 2591 2140 2658 praesertim,
2182 2607 2300 2661 qua:
2344 2607 2450 2647 non
2499 2593 2690 2648 timere
2723 2596 2928 2650 cordati
2970 2595 3068 2651 viri
3103 2611 3448 2669 summopere
3491 2604 3718 2658 reformi-

491 2684 641 2736 dant.

563 2769 646 2827 IV.
692 2771 956 2838 Quidnam
1006 2771 1168 2842 igitur
1211 2755 1420 2841 placet,
1468 2781 1522 2828 et
1573 2773 1832 2843 quidnam
1883 2775 2058 2843 potius

491 2865 744 2936 expedit?
772 2867 855 2919 An
890 2875 947 2918 ut
988 2867 1138 2920 vobis
1183 2866 1309 2921 facti
1368 2867 1470 2921 mei
1517 2867 1763 2922 ratione:
1814 2868 2056 2932 reddam,

489 2959 704 3028 iubetis,
754 2974 853 3013 nec
903 2969 1110 3028 tempus
1143 2960 1241 3015 hoc
1316 2959 1439 3031 (est
1492 2969 1671 3014 autem
1729 2959 1910 3016 festivi
1950 2975 2063 3016 οω-

493 3064 600 3117 tns,
631 3065 734 3105 non
776 3050 1004 3104 forensis
1053 3049 1524 3120 disceptationis),
1583 3060 1836 3121 tanquam
1875 3067 2058 3121 parum

493 3147 763 3209 idoneum,
822 3141 986 3214 244
1045 3143 1380 3212 repudiatis?
1431 3145 1512 3196 An
1564 3144 1761 3212 potius,
1812 3154 1870 3198 ut
1923 3144 2063 3200 hanc

491 3252 709 3292 causam
749 3236 801 3288 in
848 3246 1062 3303 tempus
1093 3234 1239 3289 aliud
1277 3234 1674 3302 conciliumque
1720 3234 2063 3304 rejiciamus?

493 3329 810 3398 Longiorem
857 3328 999 3380 enim
1033 3325 1334 3380 orationem
1382 3341 1444 3380 ea
1482 3341 1568 3381 res
1608 3327 1862 3394 postulat,
1899 3343 2060 3396 quam

494 3421 777 3490 priesentis
815 3420 1072 3488 temporis
1105 3420 1244 3473 ratio
1274 3419 1532 3488 patiatur.
1582 3419 1719 3485 Quid
1755 3419 1916 3488 igitur
1959 3419 2063 3474 hoc

495 3516 630 3568 festo
671 3523 832 3581 atque
865 3512 963 3566 hae
997 3511 1276 3565 hominum
1322 3508 1624 3578 frequentia
1676 3510 1893 3577 dignum
1941 3526 2061 3580 pro.

492 3605 750 3668 feremus,
781 3619 849 3657 ne
878 3618 972 3656 vos
999 3602 1173 3656 inedia
1208 3601 1522 3656 laborantes
1546 3601 1906 3664 dimittamus,
1937 3615 2060 3654 eum

495 3695 796 3763 praesertim
823 3691 1186 3748 convivatoris
1229 3705 1457 3746 munere
1506 3690 1835 3760 fungamur?
1871 3690 2063 3745 Purifi-

492 3800 676 3840 cetnus
734 3782 1095 3850 nosmetipsos
1151 3781 1522 3852 martyribus,
1580 3781 1823 3846 fratres,
1873 3782 1955 3836 vel
2011 3781 2059 3836 ei

491 3878 690 3947 potius,
717 3875 801 3930 cui
832 3875 931 3944 ipsi
961 3889 1174 3945 quoque
1204 3873 1415 3929 cruoris
1458 3889 1523 3929 ac
1562 3875 1810 3928 veritatis
1851 3874 2062 3929 confes-

491 3973 641 4026 sione
673 3968 941 4039 purilieati
967 3976 1023 4021 et
1051 3966 1249 4035 expiati
1283 3977 1428 4020 sunt.
1465 3965 1784 4021 Mnmlemur
1811 3968 1878 4020 ab
1908 3967 2056 4022 omni

491 4060 896 4129 inquinamento
927 4057 1108 4112 carnis
1133 4065 1188 4110 et
1217 4057 1438 4126 spiritus
1457 4058 1527 4114 ⁷⁸.
1551 4057 1842 4123 Lavemur,
1877 4059 2059 4114 mundi

491 4151 867 4217 eﬂiciamur",
900 4149 1255 4203 exhibeamus
1283 4164 1385 4204 nos
1415 4150 1576 4203 etiam
1613 4166 1840 4220 corpora
1877 4162 2058 4206 nostra

489 4257 543 4300 et
587 4243 816 4307 animas,
861 4241 1092 4296 hostiam
1145 4242 1437 4307 viventem,
1485 4251 1750 4306 sanctam,
1799 4245 1908 4298 Deo
1949 4243 2063 4314 pla-

490 4343 726 4397 centem,
754 4331 1127 4387 rationabilem
1162 4338 1402 4387 nostram
1451 4333 1818 4400 precationem
1851 4333 1920 4387 ⁷⁸.
1949 4334 2056 4389 Ne-

2240 2775 2312 2826 A'.
2341 2774 2405 2825 Τί
2430 2769 2523 2827 οῦν
2561 2773 2726 2840 δοκεῖ,
2757 2773 2851 2827 καὶ
2891 2773 2945 2827 τί
2986 2773 3226 2845 βέλτιονς
3271 2775 3388 2831 Νῦν
3418 2776 3720 2851 ὑπόσχωμεν

2168 2867 2266 2931 τὰς
2306 2867 2532 2932 εὑθὺνας
2573 2869 2721 2939 ὑμῖν,
2761 2867 2918 2922 τοῦτο
2945 2869 3214 2931 κελεύετε,
3240 2871 3334 2924 καὶ
3365 2873 3467 2926 οὑκ
3491 2873 3719 2927 ἀποδοκι-

2172 2959 2369 3030 μὰξετε
2409 2957 2497 3012 τὸν
2542 2959 2763 3029 καιρόν;
2790 2960 2881 3029 (Ὃ
2916 2959 2973 3012 δέ
2998 2960 3113 3013 ἐστι
3149 2963 3475 3034 πανήγυρις,
3522 2965 3631 3018 ἀλλ’
3667 2969 3719 3019 οὐ

2167 3050 2568 3122 δικαστήριον.)
2589 3052 2658 3103 Ἢ
2680 3050 2836 3103 τοῦτο
2861 3053 2958 3122 μὲν
2983 3053 3060 3115 είς
3087 3051 3241 3106 ἄλλον
3268 3056 3460 3126 καιρὸν
3499 3058 3589 3109 καὶ
3613 3057 3696 3110 σύλ

2165 3143 2318 3211 λογον
2355 3141 2717 3212 ἁποθώμεθα;
2770 3144 2878 3195 Καὶ
2925 3144 3032 3215 γάρ
3078 3146 3192 3196 ἐστι
3237 3147 3573 3218 μακρότερος
3602 3149 3717 3216 (97),

2165 3237 2197 3308 ἢ
2235 3236 2376 3291 κατὰ
2407 3236 2497 3289 τὸν
2536 3236 2778 3306 παρόντα
2822 3236 3012 3306 καιρὸν
3061 3237 3088 3289 ό
3133 3237 3308 3305 λόγος.
3369 3240 3558 3310 Ἡμεῖς
3597 3241 3647 3294 δὲ
3676 3244 3720 3293 τί

2166 3325 2509 3398 φθεγξόμεθα
2549 3328 2686 3397 πρὸς
2738 3327 2882 3396 ὑμᾶς
2927 3327 3025 3396 τῆς
3055 3328 3417 3400 πανηγύρεως
3453 3331 3616 3395 ἀξιον,
3647 3334 3722 3386 ἵνα

2165 3420 2241 3491 μὴ
2268 3421 2484 3489 νήστεις
2517 3419 2659 3487 ὑμᾶς
2681 3418 3038 3489 ἀπολύσωμεν
3067 3419 3238 3484 αὑτοὶ,
3265 3423 3358 3473 καὶ
3396 3423 3564 3476 ταῦτα
3589 3425 3721 3488 ὄντες

2163 3515 2210 3566 οἱ
2253 3513 2594 3585 ὲστιὰτορες;
2643 3513 2978 3583 ’Λγνίσωμεν
3023 3515 3171 3584 ἡμᾶς
3216 3516 3438 3580 αὑτοὺς,
3493 3517 3714 3586 ἀδελφοὶ,

2163 3607 2274 3668 τοῖς
2304 3605 2566 3676 μάρτυσι·
2603 3604 2799 3675 μᾶλλον
2826 3605 2904 3667 δὲ,
3015 3607 3258 3659 κάκεῖνοι
3299 3607 3368 3660 δι’
3395 3609 3618 3679 αἵματος
3637 3613 3720 3663 καὶ

2162 3697 2260 3768 τῆς
2289 3695 2544 3766 ἀληθείας
2572 3697 2926 3768 ἡγνίσθησαν.
2966 3695 3452 3769 Ἐλευθερωθῶμεν
3475 3699 3580 3772 (98)
3605 3720 3722 3755 παν-

2163 3790 2253 3853 τὸς
2277 3788 2552 3860 μολυσμοῦ
2582 3789 2780 3860 σαρκὸς
2813 3791 2906 3843 καὶ
2931 3789 3271 3860 πνεύματος·
3301 3792 3599 3862 νιψιὶιμεθα.
3628 3812 3719 3847 κα-

2163 3881 2319 3952 θαροὶ
2343 3880 2645 3952 γενώμεθα·
2667 3881 3108 3952 παραστήσωμεν
3132 3883 3224 3935 καὶ
3247 3884 3401 3936 αὑτοὶ
3422 3885 3492 3938 τὰ
3515 3885 3722 3956 σώματα

2162 3975 2194 4045 ἡ
2205 3975 2318 4044 μῶν
2344 3974 2438 4027 καὶ
2460 3973 2559 4038 τὰς
2581 3973 2778 4044 ψυχὰς,
2808 3972 2997 4027 θυσίαν
3022 3973 3221 4040 ζῶσαν,
3239 3977 3421 4044 ἁγίαν,
3446 3979 3722 4049 εὐάρεστον

2163 4065 2238 4137 τῷ
2261 4065 2399 4138 Θεῷ,
2421 4067 2520 4139 τὴν
2541 4066 2760 4138 λογικὴν
2801 4067 3053 4138 λατρείαν
3082 4068 3190 4138 (99)
3217 4069 3422 4141 ταύτην
3459 4072 3610 4142 ἡμῶν
3636 4076 3722 4125 καὶ

2163 4157 2418 4225 ἔντευξιν.
2460 4158 2624 4212 Οὐδὲν
2647 4159 2753 4229 γὰρ
2787 4157 2929 4212 οὕτω
2970 4157 3047 4228 τῷ
3077 4159 3304 4232 καθαρῷ
3331 4161 3407 4230 (1)
3437 4163 3629 4233 τίμιον,
3654 4163 3724 4224 ὡς

2163 4249 2523 4322 καθαρότηςῆ
2566 4250 2848 4322 κάθαρσις.
2891 4250 3238 4324 Ἀθλήσωμεν
3284 4253 3372 4306 διὰ
3408 4257 3532 4318 τοὺς
3567 4256 3723 4326 ἀθλη-

2161 4341 2259 4405 τάς
2285 4341 2379 4411 (2)'
2407 4343 2715 4412 νικήσωμεν
2746 4341 2833 4396 διὰ
2861 4343 2986 4405 τοὺς
3012 4345 3236 4412 νικητάς
3259 4360 3274 4376 ’
3299 4348 3724 4418 μαρτυρήσωμεν

488 4441 594 4498 que
623 4425 766 4481 enim
798 4420 963 4495 purus
1015 4433 1164 4479 tanto
1211 4425 1266 4479 in
1319 4425 1492 4492 pretio
1539 4425 1834 4495 quidquam
1867 4426 2055 4491 habet,

2172 4435 2230 4504 τῇ
2259 4432 2484 4504 ἀληθείᾳ
2509 4433 2596 4486 διὰ
2619 4434 2740 4496 τοὺς
2770 4433 3071 4504 μάρτυρας.
3102 4434 3274 4488 Τοῦτο
3297 4438 3410 4500 τοῖς
3434 4437 3614 4501 ἄθλοις
3636 4440 3724 4490 αῖ.-

489 4535 650 4590 quam
676 4519 990 4590 puritatem,
1012 4527 1103 4573 aut
1119 4519 1511 4589 purgationem.
1535 4516 1821 4574 Certemus
1841 4528 2062 4588 propter

489 4614 749 4679 athletas;
783 4613 1065 4668 vincamus
1107 4622 1329 4682 propter
1354 4613 1626 4677 victores;
1686 4612 2053 4668 testimonium

560 4728 607 4758 ⁷⁸
643 4725 740 4780 Job
782 4741 928 4789 XXVI,
950 4726 985 4779 ‘2
1015 4740 1164 4794 seqq.

492 4935 503 4946 .
561 4865 672 4946 (99)
723 4864 832 4918 Kal
889 4864 1058 4932 πρός.
1103 4864 1194 4916 Stc
1244 4861 1488 4933 plerique
1534 4865 1690 4918 codd.
1753 4861 1913 4916 Deest
1959 4862 2054 4916 καί

491 4936 674 5087 ἴῃ
716 5003 923 5071 Πολλὴ
963 5004 1160 5072 ἰσχύς.
1208 5001 1339 5073 Reg.
1390 5020 1439 5059 c.
1491 5013 1544 5058 et
1592 5003 1686 5059 0r.
1725 5002 1780 5066 2,
1824 5000 1992 5076 πολλὴ
2027 5005 2056 5076 1)

493 5075 670 5215 ῑσλὲδὶξ)
710 5143 806 5212 Μὴ
844 5145 1033 5215 ταχὺς
1063 5141 1244 5206 εἶναι,
1287 5152 1394 5198 etc.
1448 5161 1469 5196 ι
1521 5142 1597 5198 Ne
1639 5144 1741 5198 sim
1788 5143 1941 5197 velox
1986 5142 2055 5198 ad

487 5214 837 5285 indicandum
867 5214 1149 5282 Scriptura
1179 5217 1450 5285 admonet.
1500 5234 1519 5266 ι

560 5287 672 5365 (95)
747 5285 878 5339 Ὑπὸ
935 5285 1044 5355 τῆς
1101 5285 1370 5355 Γραερῆς.
1432 5284 1566 5355 Reg.
1626 5300 1688 5348 c,
1746 5282 1896 5355 παρὰ
1953 5282 2054 5354 τῆς

489 5357 1166 5497 Γρῧᾶἲῖίνενουτέθημαι.
1195 5423 1372 5497 01342.
1396 5423 1838 5497 νενομοτέθημαι’

560 5494 670 5566 (95)
710 5497 818 5550 Καὶ
845 5498 1022 5549 παντὶ
1044 5494 1424 5566 βουλομένῳ.
1464 5513 1483 5546 t
1517 5494 1582 5549 Et
1621 5494 1900 5564 quibusvis
1932 5496 2056 5552 aliis

489 5567 850 5636 poscentibus.
886 5587 902 5617 ι

561 5636 675 5708 (θθ)
707 5634 931 5704 Πάντη.
962 5639 1128 5708 Regg.
1165 5653 1216 5704 e,
1250 5638 1302 5701 «ι,
1334 5646 1387 5689 et
1414 5634 1579 5708 (Zoisl.
1608 5634 1659 5696 1,
1689 5634 1886 5708 πάντα.

566 5706 673 5776 (97)
713 5705 1103 5777 Μακρότεροξζ
1133 5711 1220 5762 Sic
1265 5709 1442 5777 plures
1476 5705 1664 5777 liegg.,
1697 5706 1859 5762 Coisl.
1905 5716 2052 5760 uter-

488 5793 611 5857 que,
655 5777 825 5840 Pass,
866 5776 1000 5843 .Ies.’,
1034 5780 1154 5833 Par.
1191 5776 1295 5834 etc.
1331 5778 1466 5832 Editi
1497 5776 1846 5847 μικρότερος,
1880 5795 1898 5830 t
1932 5777 2054 5832 bre-

488 5863 710 5904 γιυιιειιι.
749 5864 770 5900 ι

1242 4725 1289 4762 ⁷⁸
1324 4723 1511 4782 Matth.
1537 4739 1634 4786 vn,
1678 4722 1744 4788 1;
1775 4721 1795 4776 l
1833 4722 1959 4778 Cor.
2008 4738 2079 4792 Iv,
2123 4727 2178 4786 5.
2253 4729 2298 4761 ⁷⁸
2343 4728 2385 4782 ll
2425 4728 2552 4784 Cor.
2584 4745 2680 4796 vn,
2711 4732 2761 4784 1.

2165 4527 2273 4580 τῶν
2298 4525 2672 4600 χαρισῴ-μεθα,
2705 4525 2765 4579 τὸ
2789 4527 2882 4580 καὶ
2917 4527 3070 4580 αὑτοὶ
3102 4531 3415 4598 στεφανῖται
3459 4531 3722 4600 γενέσθαι,

2167 4619 2260 4672 καὶ
2321 4620 2417 4689 τῆς
2465 4619 2633 4690 αὑτῆς
2683 4619 3009 4691 κληρονόμοι
3060 4619 3237 4690 δόξης,
3306 4623 3409 4692 τῆς
3477 4641 3534 4677 τε
3599 4625 3722 4696 παρ’

2837 4730 3008 4787 "lsa.
3041 4746 3082 4797 t,
3118 4730 3204 4785 16.
3283 4732 3329 4764 ⁷⁸
3372 4733 3526 4788 Rom.
3556 4737 3722 4804 xu,l.

2238 4870 2386 4942 (98)”
2415 4870 2952 4942 Ἐλευθερωθῶμεν.
3007 4891 3026 4924 ι
3075 4873 3344 4929 Immunes
3391 4891 3487 4930 nos
3537 4878 3726 4931 redda-

2167 4941 2638 5016 mus.tGregorius
2671 4941 2895 5016 mutavit
2919 4944 3159 5014 Apostoli
3193 4959 3402 5012 vocem,
3429 4960 3591 5016 quam
3626 4948 3727 5002 Βιι-

2163 5010 2268 5065 lius
2299 5013 2348 5064 in
2381 5013 2629 5066 versione
2659 5015 2897 5067 retinuit.

2234 5080 2344 5152 (99)
2387 5082 2696 5150 Λατρείαν.
2736 5082 2915 5138 Malim
2950 5098 3070 5139 cum
3121 5083 3386 5154 Vulgata:
3437 5105 3454 5136 t
3488 5087 3725 5142 rationa-

2164 5151 2267 5222 bile
2308 5151 2622 5222 obsequimn
2667 5164 2932 5209 nostrum.
2975 5173 2993 5206 ι
3034 5154 3200 5208 Coisl.
3225 5151 3306 5218 ⁷1,
3354 5155 3596 5222 ἔντευξιν
3638 5159 3725 5212 καὶ

2161 5220 2432 5296 λατρείαν.
2467 5222 2942 5296 θέρει-λατρείαν,
2969 5227 3022 5277 in
3057 5225 3228 5280 tribus
3256 5225 3424 5296 Regg.
3455 5220 3722 5282 αδδς-ειη

2161 5292 2308 5346 Colb.
2342 5292 2599 5348 Observat
2629 5292 2844 5365 Nicetas
2874 5294 3191 5365 Gregorium
3222 5292 3430 5361 vocem,
3461 5298 3719 5362 ἔντευξιν,

2161 5364 2482 5433 subrogasse
2509 5365 2659 5426 voci,
2699 5363 3126 5435 λατρείανξῳιιιξ
3157 5367 3210 5418 itt
3243 5365 3412 5435 Epist.
3459 5375 3522 5420 ad
3571 5371 3722 5421 Itonz.

2161 5449 2211 5488 c.
2244 5449 2339 5497 xit,
2374 5435 2424 5497 1,
2455 5434 2666 5507 legitur.
2694 5434 3053 5507 Sediutraque
3084 5451 3186 5490 vox
3217 5434 3541 5507 inﬁregorii
3574 5451 3717 5492 textu

2162 5515 2356 5578 exstat,
2385 5520 2475 5557 seu
2505 5505 2773 5578 glossema
2804 5506 3104 5574 irrepserit,
3131 5522 3223 5560 seu
3258 5504 3548 5578 Gregorius
3578 5511 3719 5578 Apoo

2160 5575 2280 5629 stoli
2317 5584 2548 5628 mentem
2589 5575 2855 5642 explicare
2883 5579 3129 5631 voluerit.

2159 5714 2171 5726 ο
2235 5645 2310 5712 (1)
2346 5641 2434 5708 Τῷ
2480 5641 2735 5724 καθαρῷ.
2768 5663 2785 5695 ι
2821 5645 3015 5714 Purus,
3046 5666 3064 5699 ι
3096 5661 3284 5717 nempe
3319 5667 3338 5698 ι
3371 5647 3542 5714 Deus,
3581 5669 3601 5702 ι
3631 5650 3720 5719 qui

2158 5729 2272 5786 Ipsa
2299 5726 2382 5767 est
2411 5726 2634 5786 puritas.

2227 5783 2302 5856 (2)
2335 5785 2436 5840 Διὰ
2456 5784 2597 5852 τοὺς
2625 5785 2913 5856 ἀθλητάς.
2948 5805 2966 5839 t
2986 5787 3039 5843 ln
3067 5789 3391 5845 athletarum
3431 5789 3717 5860 gratiam.)
