3878 6552
117 454 216 507 857

1109 445 1368 504 ORATIO
1405 447 1497 504 XI.
1537 481 1606 490 -—
1641 449 1733 503 AD
1770 445 2074 505 GREGOR.
2115 443 2404 500 NYSSEN.

3250 445 3352 503 858

115 571 265 644 ἡμῶν
311 566 390 636 (3)
426 562 783 634 ὑπαρχούσης
823 562 1006 625 αὐτοῖς
1053 562 1144 615 καὶ
1183 561 1282 632 τῆς
1321 562 1378 612 ὲν
1431 561 1681 631 οὐρανοῖς

1793 564 2038 617 dicamus
2087 556 2300 612 veritati
2354 563 2576 625 propter
2629 563 2914 627 martyres.
2977 555 3090 614 lloc
3138 557 3352 614 illorum

117 658 502 729 ἀποκειμένης,
530 651 598 727 ἧς
621 653 990 724 ὑπομνήματα
1015 653 1108 704 καὶ
1131 652 1478 722 χαρακτῆρες
1505 650 1690 722 μικροί

120 769 246 815 τινες
275 750 349 803 τὰ
383 747 662 821 ὁρώμενα.
705 745 850 816 Πρὸς
877 743 978 807 τὰς
1019 743 1213 815 ἀρχὰς,
1240 743 1376 814 πρὸς
1412 743 1508 806 τὰς
1544 743 1692 809 ἐξου-

119 846 225 906 σίας
273 836 704 908 ἀγωνισώμεθα,
750 835 887 906 πρὸς
931 836 1056 897 τοὺς
1101 836 1325 903 ἀφανεῖς
1366 833 1599 897 διώκτας
1628 850 1688 886 τε

118 933 197 983 καὶ
218 930 545 1000 τυράννους,
573 927 708 998 πρὸς
728 926 854 987 τοὺς
878 925 1326 996 κοσμοκράτορας
1349 923 1442 976 τοῦ
1469 923 1691 987 σκότους

117 1021 196 1074 τοῦ
228 1019 430 1081 αἰῶνος
456 1017 534 1087 (4)
561 1017 768 1080 τούτου,
805 1017 943 1088 πρὸς
989 1015 1058 1068 τὰ
1105 1016 1452 1086 πνευματικὰ
1477 1015 1574 1085 τῆς
1599 1033 1692 1068 πο-

119 1114 291 1184 νηρίας
316 1115 377 1164 ἐν
405 1115 523 1174 τοῖς
544 1109 908 1183 ἐπουρανίοις,
927 1109 1021 1162 καὶ
1044 1109 1258 1180 περὶτὰ
1283 1110 1342 1161 ού
1354 1109 1510 1178 ράνια
1560 1107 1692 1178 πρὸς

116 1205 190 1256 τὶν
215 1203 366 1256 ἔνδον
410 1203 510 1254 καὶ
533 1204 588 1254 ἐν
612 1203 745 1271 ἡμῖν
772 1201 955 1263 αὐτοῖς
980 1200 1069 1252 τὸν
1106 1202 1163 1251 ὲν
1187 1202 1296 1262 τοῖς
1321 1199 1514 1252 πάθεσι
1540 1199 1694 1250 πόλε-

117 1313 223 1364 μον,
256 1295 401 1366 πρὸς
431 1293 530 1357 τὰς
553 1292 675 1346 καθ’
709 1293 945 1362 ἑκάστην
969 1292 1181 1364 ἡμέραν
1203 1291 1310 1346 τῶν
1332 1291 1529 1355 ἔξωθεν
1555 1308 1693 1361 συμ-

118 1391 418 1444 πιπτόντων
448 1387 866 1451 ἐπαναστάσεις.

1795 652 2184 709 certaminibus
2227 651 2434 714 demus,
2482 659 2541 702 ut
2568 647 2667 716 ipsi
2703 663 2916 717 quoque
2941 649 3172 716 palmam
3201 667 3352 706 asse-

1793 760 2043 816 quamur,
2080 751 2241 813 atque
2266 742 2506 809 ejusdem
2537 740 2720 808 gloriae
2746 742 2988 796 liaaredes
3020 743 3211 808 simus,
3238 753 3350 798 tam

1794 840 1936 895 illius
1965 853 2126 906 quam
2163 853 2192 890 a
2239 835 2393 889 nobis
2441 833 2732 903 accipiunt,
2771 849 2930 902 quam
2968 834 3110 889 illius
3151 851 3270 904 qua:
3300 837 3354 889 in

1793 929 1945 984 caelis
1991 926 2268 982 recondita
2317 935 2421 991 est,
2472 922 2625 991 cujus
2675 923 3003 978 monimenta
3030 926 3272 994 quaedam
3301 934 3356 980 et

1794 1022 1987 1089 exigua
2015 1020 2168 1088 signa
2197 1026 2344 1082 sunt,
2375 1033 2494 1086 quas
2523 1018 2697 1072 oculis
2723 1028 3042 1072 cernuntur.
3067 1018 3354 1072 Certamen

1792 1110 2040 1163 ineamus
2070 1109 2330 1161 adversus
2357 1108 2693 1176 principatus
2725 1117 2780 1162 et
2820 1118 3136 1178 potesmtes,
3163 1107 3355 1161 adver-

1789 1215 1883 1254 sus
1947 1199 2244 1253 invisibiles
2309 1198 2430 1252 illos
2494 1207 2868 1268 persecutores
2937 1207 2993 1254 et
3051 1209 3348 1269 tyrannos,

1790 1295 2050 1347 adversus
2081 1292 2264 1346 tuuudi
2295 1304 2534 1346 rectores
2562 1293 2904 1345 tenebrarum
2953 1290 3344 1359 ltujus-szcculi,

1788 1388 2047 1439 adversus
2095 1385 2396 1454 spiritualia
2446 1385 2699 1453 nequitiae
2733 1385 2786 1438 in
2821 1384 3134 1439 cmlestibus
3185 1384 3253 1448 ",
3300 1393 3355 1438 et

115 1502 218 1556 quae
241 1489 394 1540 circa
444 1485 687 1540 caelestia
723 1483 987 1544 feruntur,
1034 1481 1293 1535 adversus
1329 1480 1680 1535 domesticum
1719 1492 1882 1550 atque
1935 1482 2245 1534 intestinum
2297 1479 2516 1544 bellum,
2548 1479 2691 1549 quod
2721 1479 2775 1533 in
2842 1479 3006 1534 animi
3067 1479 3354 1549 perturba-

115 1580 336 1633 tionibus
393 1579 564 1634 situnt
614 1587 716 1638 est,
777 1577 1036 1630 adversus
1081 1577 1425 1645 quotidianus
1475 1591 1683 1641 earum,
1726 1592 1846 1645 qua:
1874 1586 2098 1631 exterae
2124 1576 2406 1639 accidunt,
2438 1590 2619 1628 rerum
2651 1574 2896 1643 impetus.

174 1697 244 1748 E’.
289 1692 653 1761 Ἐνέγκωμεν
705 1689 872 1761 θυμὸν
918 1707 994 1753 ως
1041 1691 1250 1760 θηρίον,
1290 1690 1383 1744 καὶ
1435 1693 1684 1758 γλωσσαν

1793 1709 1826 1752 ο
1860 1691 1920 1745 γ.
1947 1688 2107 1753 Iram,
2143 1688 2289 1742 velut
2317 1688 2547 1743 belluam
2583 1689 2894 1758 quamdam,
2926 1687 3187 1756 linguam,
3209 1687 3354 1741 velut

113 1787 175 1848 ὡς
200 1783 373 1854 τομὸν
413 1781 491 1851 (5)
526 1779 692 1848 ξίφος,
733 1781 826 1832 καὶ
861 1779 1054 1850 ἡδονὴν
1083 1779 1158 1841 ὡς
1193 1777 1303 1850 πῦρ
1335 1778 1684 1832 κατασϐέσω-

116 1894 198 1946 μεν
241 1872 495 1944 Θὼμεθα
523 1874 642 1933 ταῖς
668 1871 855 1933 ἀκοαῖς
884 1869 1074 1940 θύρας,
1117 1869 1298 1931 καλῶς
1330 1869 1685 1940 ἀνοιγομένας

113 1968 191 2019 καὶ
229 1962 600 2034 κλειομένας*
647 1960 740 2012 καὶ⁸
784 1960 875 2012 τὸν
917 1957 1193 2029 ὀφθαλμὸν
1226 1960 1679 2030 σωρρονίσωμεν·

113 2055 620 2124 παιδαγωγήσωμεν
665 2051 807 2120 ἁφὴν
845 2049 1149 2112 λυσσῶσαν,
1195 2051 1288 2102 καὶ
1331 2049 1517 2119 γεῦσιν
1549 2067 1686 2103 σπα-

115 2149 435 2218 ράττουσι-αν,
469 2143 544 2214 μὴ
570 2141 794 2205 θάνατος
825 2141 996 2212 ἀναϐῇ
1017 2141 1104 2194 διὰ
1128 2141 1230 2194 τῶν
1258 2141 1486 2213 θυρίδων
1504 2143 1680 2214 ήμῶν·

111 2240 234 2294 οὕτω
272 2238 391 2310 γὰρ
436 2235 678 2306 ἠγοῦμαι
733 2234 1015 2294 καλεῖσθαι
1062 2233 1131 2287 τά
1179 2233 1538 2306 αἰσθητήρια·
1592 2237 1686 2289 καὶ

112 2334 334 2401 γέλωτος
368 2327 641 2400 ἀμετρίας
681 2324 1143 2397 καταγελάσωμεν
1181 2325 1278 2397 (6).
1321 2326 1411 2397 Μὴ
1459 2327 1688 2397 κάμψω-

115 2442 197 2494 μεν
223 2425 357 2492 γόνυ
389 2423 461 2491 τῇ
490 2419 637 2473 Βαὰλ
661 2418 749 2472 διὰ
790 2418 889 2488 τὴν
917 2418 1125 2489 χρείαν,
1153 2417 1286 2489 μηδὲ
1323 2417 1408 2471 διὰ
1431 2418 1592 2487 φόϐον
1609 2418 1683 2489 (7)

114 2520 166 2586 τῇ
192 2516 364 2568 εἰκόνι
398 2515 466 2584 τῇ
499 2513 674 2582 χρυσῇ
701 2512 1186 2582 προσκυνήσωμεν.
1235 2509 1330 2561 Ἓν
1355 2507 1685 2580 φοϐηθῶμεν

119 2610 285 2677 μόνον,
315 2607 381 2658 τὸ
412 2602 718 2674 φοϐηθῆναι
755 2618 807 2654 τι
840 2600 974 2653 Θεοῦ
1005 2599 1187 2663 πλέον,
1233 2600 1329 2653 καὶ
1357 2598 1684 2672 καθυϐρίσαι

117 2702 198 2772 τὴν
253 2700 450 2753 εἰκόνα
499 2698 588 2750 διὰ
645 2695 866 2758 κακίας.
909 2693 998 2746 Ἐν
1052 2695 1184 2746 πᾶσι
1208 2693 1297 2746 τὸν
1348 2691 1540 2764 θυρεὸν
1585 2693 1686 2764 τῆς

117 2795 340 2854 πίστεως
383 2787 768 2858 ἀναλάϐωμεν,
799 2788 894 2839 καὶ
919 2786 1096 2839 πάντα
1131 2786 1199 2838 τὰ
1227 2784 1354 2855 βέλη
1383 2784 1476 2838 τοῦ
1518 2802 1685 2856 πονη-

117 2885 200 2958 ροῦ
299 2882 680 2952 διαφύγωμεν.
758 2879 867 2933 Καὶ
967 2873 1120 2942 οὗτος
1193 2877 1363 2941 δεινὸς
1432 2878 1460 2930 ὁ
1523 2877 1682 2930 πόλε-

120 2994 234 3045 μος,
299 2975 397 3026 καὶ
471 2971 609 3041 αὕτη
685 2969 992 3042 παράταξις
1071 2969 1314 3040 μεγάλη,
1370 2969 1463 3022 καὶ
1528 2967 1686 3022 τοῦτο

120 3066 250 3134 μέγα
316 3063 597 3134 τρόπαιον.

117 3155 565 3226 ἦσυντρέχομεν,
601 3153 767 3217 ὅντως
817 3151 960 3206 κατὰ
1005 3151 1236 3223 Χριστὸν
1280 3153 1313 3223 ἡ
1362 3152 1683 3223 πανήγυρις,

117 3248 276 3310 ὅντως
306 3247 435 3308 τοὺς
467 3247 751 3316 μάρτυρας
785 3244 1178 3314 τετιμήκαμεν,
1205 3241 1236 3313 ἢ
1262 3245 1563 3313 τιμήσομεν
1589 3242 1684 3313 (9),

118 3338 280 3400 δντως
321 3335 621 3407 χορεύομεν
666 3334 926 3388 ἐπινίκια.
984 3335 1048 3386 Ei
1101 3333 1157 3386 δὲ
1189 3332 1424 3400 γαστρὸς
1475 3332 1686 3402 ἡδοναῖς

121 3428 488 3500 χαριούμενοι,
527 3427 622 3479 καὶ⁵
650 3427 1017 3497 τρυφήσοντες
1043 3424 1372 3496 πρόσκαιρα,
1405 3425 1498 3477 καὶ
1526 3424 1688 3477 εἰσοίο

122 3537 301 3584 σοντες
348 3519 420 3572 τὰ
460 3519 760 3590 κενούμενα
795 3517 945 3590 (10),
999 3516 1092 3570 καὶ
1147 3515 1458 3588 κραιπάλης
1511 3517 1688 3587 χωρία

121 3612 308 3676 ταῦτα,
361 3612 424 3663 ού
464 3609 815 3682 σωφροσύνης
865 3607 1357 3678 ὑπολαμϐάνοντες,
1404 3607 1498 3660 καὶ
1541 3624 1682 3678 πρα-

121 3702 392 3772 γματειῶν
420 3703 646 3774 καιροὺς
675 3702 767 3754 καὶ
813 3699 1172 3772 πραγμάτων,
1205 3697 1319 3753 ἀλλ’
1352 3699 1452 3752 οὐκ
1485 3699 1687 3752 ἀναϐά-

127 3812 251 3859 σεως
275 3796 316 3866 ἣ
359 3794 608 3857 θεώσεως
630 3793 763 3865 (Η),
806 3794 870 3848 ἵν’
895 3792 1068 3855 οὕτως
1111 3793 1284 3844 εἰπεῖν
1316 3791 1592 3862 τολμήσω,
1621 3786 1689 3863 ἦς

123 3891 164 3941 οἱ
194 3888 470 3958 μάρτυρες
515 3885 857 3958 μεσιτεύουσι
889 3885 1022 3955 (12),
1065 3882 1281 3955 πρῶτον
1324 3882 1423 3954 μὲν
1450 3883 1571 3936 οὐδὲ
1596 3883 1688 3936 τὸν

126 3980 303 4050 zz:pr
331 3976 698 4044 ἐπιγινώσκω.
725 3975 788 4028 Τί
818 3975 926 4046 γάρ
946 3975 1014 4027 τὰ
1039 3974 1217 4044 ἄχυρα
1240 3971 1372 4044 πρὸς
1403 3973 1494 4026 τὸν
1517 3975 1686 4037 σῖτον;

129 4069 182 4121 Τί
209 4069 264 4121 δὲ
294 4067 406 4138 (15)
437 4067 635 4138 θρύψις
662 4066 861 4137 σαρκὸς
893 4065 1027 4137 πρὸς
1058 4063 1346 4135 μαρτύρων
1384 4063 1692 4134 παλαίσμα-

127 4175 212 4222 :1;
265 4159 482 4212 Ἐκεῖνα
509 4158 620 4212 τῶν
659 4158 920 4229 θεάτρων,
951 4155 1124 4208 ταῦτα
1167 4155 1276 4208 τῶν
1318 4155 1465 4228 ὲμῶν
1505 4154 1691 4208 συλλό-

128 4266 224 4314 γων
243 4266 256 4278 ·
290 4249 473 4302 ἐκεῖνα
501 4247 609 4302 τῶν
639 4247 970 4310 ἀκολάστων,
1005 4247 1180 4300 ταῦτα
1219 4244 1323 4298 τῶν
1353 4245 1688 4317 σωφρονούνο

127 4356 247 4393 των·
286 4343 468 4394 ἐκεῖνα
517 4341 624 4394 τῶν
675 4341 1038 4411 φιλοσάρκων,
1069 4339 1242 4392 ταῦτα
1271 4338 1380 4391 τῶν
1413 4337 1688 4408 λυομένων

130 4433 224 4485 ἀπὸ
249 4432 360 4502 (Id)
390 4431 484 4484 τοῦ
525 4431 796 4502 σώματος.
835 4432 1062 4483 Ἔπειτα
1095 4429 1352 4500 βούλομαι
1389 4428 1486 4500 μὲν
1513 4431 1686 4483 εἰπεῖν

129 4540 173 4573 τι
215 4525 308 4577 καὶ
353 4524 772 4595 τολμηρότερον,
809 4521 1060 4592 φείδομαι
1105 4520 1164 4573 δὲ
1207 4519 1304 4589 τῆς
1341 4519 1688 4590 βλασφημίας

131 4615 252 4666 αἰδοῖ
295 4615 396 4684 τῆς
444 4616 692 4685 ἡμέρας·
743 4613 881 4685 πλὴν
920 4614 981 4666 ού
1026 4610 1199 4665 ταῦτα
1239 4609 1526 4664 ἀπαιτοῦσι
1559 4613 1687 4682 παρ’

192 4795 232 4825 τ’
259 4793 396 4864 Epit.
428 4809 502 4855 v1,
542 4792 628 4846 12.
703 4791 748 4823 ⁸⁸
772 4789 882 4846 Jer.
915 4805 991 4856 ιι,
1023 4789 1111 4844 9.1.

188 5042 261 5110 (3)
294 5041 437 5108 Hap’
477 5037 664 5107 ἡμῶν.
705 5035 796 5110 _Si_c
839 5042 951 5110 tres
982 5033 1172 5104 ltegg.,
1207 5032 1429 5086 totidem
1457 5029 1612 5086 Colb.
1637 5039 1692 5087 e'.

129 5103 204 5166 0r.
239 5103 293 5165 ὲ.
328 5103 450 5162 Par.
478 5103 566 5163 ea.
598 5107 724 5176 παρ’
751 5103 925 5174 ὑμῶν.

191 5183 271 5248 (4)
315 5180 432 5234 Τοῦ
472 5169 707 5242 αὶῶνοςῖ.
747 5169 904 5229 Deest
933 5173 984 5227 in
1013 5172 1180 5243 Regg.
1218 5173 1327 5236 but,
1357 5171 1458 5242 plt,
1490 5172 1581 5226 0r.
1630 5169 1685 5236 2,

128 5251 285 5308 Ctttsl.
329 5256 375 5302 Ι.

189 5325 264 5390 (5)
308 5321 410 5386 Ὧς
458 5317 661 5386 τομήν.
704 5315 832 5384 llcg.
883 5313 950 5379 pb
973 5351 987 5376 ,
1012 5310 1178 5367 Cois].
1217 5315 1234 5365 l
1263 5352 1278 5377 ,
1305 5321 1360 5365 et
1384 5311 1573 5366 Coutb.
1604 5310 1689 5364 δί-

128 5409 336 5462 στομον.
380 5407 398 5462 ς
437 5390 747 5462 ancipitem.
793 5404 812 5434 ι

188 5448 261 5531 (ὅ)
293 5448 404 5514 Καὶ
435 5448 998 5531 γέλωτος-ἀμετρίας
1018 5449 1536 5531 καῖαῖελάσωμεν.
1565 5448 1688 5531 Haec

124 5518 310 5585 desunt
341 5533 396 5583 in
443 5518 908 5594 duobus—llegiis.
960 5523 1126 5576 Coisl.
1163 5523 1214 5583 l,
1266 5536 1360 5590 pro
1415 5518 1684 5590 ἀμετρίας

125 5607 298 5661 habet,
328 5596 617 5668 ἀμετρίαν.

182 5672 259 5742 (7)
309 5661 415 5738 Διά
439 5661 654 5742 φόϐον1
691 5665 783 5718 Οι·.
812 5663 986 5742 2,-
1011 5663 1101 5716 τὸν
1131 5661 1310 5742 φόϐον,

186 5729 265 5809 ἰδ)
301 5729 823 5809 Συνέληλύθαμεν,
866 5735 1070 5798 Billius,
1106 5755 1122 5783 ι
1146 5729 1196 5788 is:
1217 5732 1282 5784 ad
1306 5735 1448 5784 hunc
1468 5729 1684 5784 modum

121 5830 158 5865 (ει
181 5808 363 5867 liuius,
398 5817 491 5860 aut
522 5808 860 5858 cmillttImUs.
895 5825 913 5856 ι

184 5885 260 5954 (9)
302 5879 664 5948 Τιμήσομεν.
697 5879 827 5944 lleg.
865 5882 951 5944 ph,
1011 5873 1171 5929 Coisl.
1208 5873 1252 5925 l.
1283 5871 1622 5942 τιμήσωμεν.

1187 4787 1230 4818 ⁸¹
1276 4787 1335 4840 Ill
1367 4786 1496 4857 Reg.
1545 4805 1657 4853 XIX,
1691 4788 1776 4844 l8.

1792 1790 2115 1851 prazacutum
2166 1781 2399 1852 gladium
2447 1782 2835 1842 sustineamus,
2892 1789 2944 1834 et
2996 1779 3348 1848 voluptatem,

1791 1876 1934 1929 velut
1974 1875 2147 1944 ignem
2179 1874 2609 1940 exs'tinguamus.
2645 1874 2878 1926 Auribus
2922 1873 3122 1926 nostris
3160 1872 3357 1941 januas

1791 1981 2142 2035 apponamus,
2180 1981 2298 2034 quae
2331 1966 2647 2034 tempestive
2674 1965 2988 2034 aperiantur
3015 1975 3066 2019 et
3095 1966 3356 2020 claudan-

1793 2070 1879 2113 tur
1911 2077 1925 2112 :
1955 2058 2127 2113 oculis
2155 2058 2366 2111 frenum
2398 2057 2706 2126 injiciamus
2742 2075 2755 2111 :
2788 2065 2992 2110 tactum
3021 2058 3173 2112 rabie
3203 2058 3354 2113 labo-

1792 2160 2027 2214 rantem,
2089 2159 2143 2202 et
2193 2157 2406 2218 gustum
2455 2147 2790 2201 vellicantem
2839 2163 3221 2214 coerceamus,
3289 2165 3356 2205 ne

1791 2241 1989 2308 alioqui
2021 2255 2166 2293 mors
2201 2254 2295 2309 per
2321 2238 2582 2294 fenestras
2612 2249 2827 2292 nostras
2860 2241 3115 2293 ascendat
3141 2240 3224 2306 °°;
3255 2240 3356 2297 hoc

1790 2331 1932 2385 enim
1969 2331 2184 2385 nomine
2217 2344 2472 2384 sensuum
2507 2331 2664 2383 sedes
2695 2330 2874 2384 vocari
2911 2331 3178 2385 existimo.
3210 2331 3357 2385 Ellu-

1791 2439 1909 2478 sunt
1937 2434 1991 2476 et
2023 2423 2353 2492 petulantem
2381 2422 2547 2475 risum
2575 2422 2915 2476 irrideamus.
2964 2419 3040 2476 Ne
3073 2423 3141 2476 ob
3178 2438 3354 2478 rerum

1793 2517 2074 2586 penuriam
2105 2525 2230 2570 ante
2262 2514 2388 2568 Baal
2439 2529 2576 2584 genu
2613 2512 2889 2568 flectamus
2919 2514 2989 2580 ⁸⁸,
3022 2531 3118 2569 nec
3144 2515 3214 2567 ob
3241 2529 3356 2569 nie-

1793 2618 1901 2663 tum
1946 2623 2167 2662 auream
2228 2606 2514 2676 imaginem
2569 2606 2854 2659 adoremus
2907 2606 2973 2660 ".
3031 2605 3141 2659 lloc
3193 2621 3356 2659 unum

1793 2701 2097 2766 timeamus,
2149 2715 2217 2754 ne
2261 2699 2388 2768 quid
2426 2698 2594 2767 magis
2635 2712 2797 2766 quam
2842 2697 3004 2750 Deum
3047 2698 3354 2762 timeamus,

1791 2793 2088 2862 divinaeque
2113 2791 2332 2863 imagini
2377 2806 2473 2861 per
2515 2791 2812 2861 improbam
2853 2790 3062 2844 vivendi
3098 2790 3357 2845 rationem

1792 2886 2046 2955 probrum
2075 2883 2392 2938 inferamus.
2437 2881 2490 2936 In
2521 2881 2772 2937 omnibus
2801 2881 2920 2936 bdei
2958 2880 3123 2952 255'
3147 2891 3358 2936 scutum

1797 2991 2158 3042 assumamus,
2190 2983 2353 3044 atque
2375 2974 2555 3028 omnia
2590 2973 2788 3027 diaboli
2820 2972 2924 3026 tela
2951 2974 3267 3042 ell'ugiatuus
3289 2972 3355 3028 ⁸³.

685 3061 746 3112 Εἰ
825 3058 999 3122 οὕτως
1079 3058 1512 3130 συνεληλύθαμεν
1564 3058 1680 3129 (8),

1793 3066 1926 3121 Nam
1960 3066 2060 3120 hoc
2089 3081 2305 3135 quoque
2339 3064 2536 3119 bellum
2569 3079 2732 3134 grave
2757 3078 2820 3117 ac
2854 3062 3215 3132 periculosum
3248 3072 3356 3128 est,

1789 3157 1908 3211 haec
1930 3169 2145 3226 qquue
2176 3153 2449 3208 dimicatio
2478 3168 2666 3223 magna
2693 3192 2708 3218 ,
2746 3162 2799 3206 et
2845 3151 3079 3220 amplum
3110 3151 3211 3205 hoc
3244 3161 3354 3203 tro-

1788 3248 2017 3318 phzeutn.
2047 3245 2103 3302 Si
2132 3246 2200 3300 ita
2234 3245 2602 3309 convenimus,
2629 3241 3128 3302 autcuucurrimus,
3170 3255 3356 3295 revera

1790 3340 1983 3396 festum
2020 3339 2160 3393 hunc
2186 3337 2348 3402 diem,
2380 3350 2434 3390 ut
2468 3336 2682 3391 Christo
2721 3344 2932 3402 gratum
2966 3344 3070 3398 est,
3106 3333 3349 3387 celebra-

1789 3447 1926 3495 mus,
1973 3446 2157 3485 revera
2207 3441 2470 3499 martyres
2519 3429 2723 3482 honore
2763 3425 3063 3485 all'ecimus,
3112 3434 3204 3477 aut
3242 3423 3357 3476 alli-

1789 3525 2015 3587 cientus,
2048 3537 2232 3576 revera
2283 3519 2658 3589 triumphalem
2695 3519 2950 3572 choream
2976 3517 3206 3584 agimus.
3261 3515 3357 3569 Sin

1789 3626 1964 3671 autem
2016 3631 2080 3670 eo
2145 3614 2538 3677 convenimus,
2608 3618 2666 3664 ut
2726 3611 2931 3664 ventris
2996 3607 3358 3678 voluptatibus

1791 3706 2189 3776 indulgeamus,
2231 3714 2285 3759 et
2334 3702 2492 3758 ﬂuxis
2542 3718 2603 3757 ac
2648 3702 2799 3758 brevi
2846 3700 3098 3772 perituris
3154 3699 3358 3754 deliciis

1790 3797 2051 3863 fruamur,
2086 3811 2277 3866 eaque,
2312 3811 2432 3865 quae
2462 3810 2583 3849 mox
2627 3803 2979 3859 evacuautur,
3027 3791 3355 3855 inferamus;

1791 3901 1948 3959 atque
1977 3889 2090 3943 haec
2122 3888 2261 3952 loca,
2295 3904 2398 3941 non
2437 3888 2824 3956 temperantiae,
2861 3887 2955 3940 sed
2999 3883 3265 3951 crapulae,
3304 3892 3360 3938 et

1789 3982 1906 4036 haec
1931 3990 2191 4048 tempora,
2223 3992 2326 4032 non
2358 3978 2656 4047 spiritualis
2681 3991 2959 4043 ascensus,
2992 3990 3054 4030 ac
3081 3973 3218 4045 (nisi
3252 3974 3361 4029 hoc

1791 4087 1820 4126 a
1860 4086 1946 4126 me
1987 4070 2242 4125 audacius
2271 4070 2471 4124 dictum
2512 4068 2816 4141 videatur).
2850 4067 3147 4123 divinitatis
3169 4081 3363 4121 conse-

1789 4159 2033 4228 quendae,
2068 4157 2220 4224 cujus
2248 4158 2578 4212 mediatores
2601 4167 2726 4212 sunt
2748 4168 3035 4226 martyres,
3061 4157 3154 4210 sed
3179 4171 3358 4210 rerum

1791 4251 2144 4320 gerendarum
2179 4258 2232 4304 et
2259 4251 2684 4317 negotiationum
2712 4257 2948 4321 tempora
2981 4265 3101 4304 esse
3125 4250 3360 4303 arbitre-

1792 4356 1950 4408 ntur;
1978 4341 2210 4410 primum
2239 4341 2481 4409 quidem,
2508 4342 2654 4410 quod
2689 4341 2756 4400 id_
2775 4341 2876 4394 hoc
2908 4341 3132 4408 tempori
3163 4355 3361 4393 conve-

1791 4432 1924 4494 niat,
1963 4432 2100 4485 haud
2133 4447 2390 4501 agnosco.
2422 4432 2560 4498 Quid
2600 4433 2743 4486 enim
2772 4432 2936 4500 paleze
2966 4446 3086 4485 cum
3121 4430 3346 4483 tritico?

1793 4523 1931 4590 Quid
1966 4525 2145 4577 carnis
2175 4523 2432 4593 voluptati
2463 4538 2585 4577 cum
2614 4531 2910 4593 martyrum
2935 4520 3361 4577 certaminibus?

1794 4611 1886 4666 Illa
1917 4611 2140 4665 theatris
2173 4623 2502 4681 congruunt,
2535 4614 2648 4667 haec
2689 4613 2822 4666 meis
2845 4612 3237 4676 conventibus;
3270 4610 3361 4664 illa

1851 4789 1897 4820 ⁸²
1926 4788 2058 4842 Dan.
2087 4805 2171 4854 ιιι,
2203 4790 2288 4845 18.
2367 4790 2413 4822 ⁸³
2451 4789 2588 4859 Eph.
2610 4805 2685 4854 νι,
2711 4789 2800 4846 16.

1863 5025 1976 5104 (_I0)_
2031 5026 2415 5104 Kerodpera._
2451 5026 2541 5081 Sic
2588 5025 2753 5096 Regg.
2806 5035 2860 5081 et
2900 5025 3052 5084 Colb.
3096 5027 3360 5104 plerique.

1795 5095 1932 5153 Male
1966 5099 2017 5150 in
2045 5099 2213 5167 editis
2234 5095 2582 5167 καινούμενα,
2623 5117 2640 5148 ι
2677 5095 3020 5152 innovantur.
3055 5118 3074 5151 ι

1865 5167 1975 5238 (ll)
2015 5169 2089 5238 ΣΗ
2115 5165 2398 5238 θεώσεῳς.
2431 5165 2562 5235 lleg.
2611 5169 2722 5233 bm,
2758 5169 2852 5220 καὶ
2882 5167 3148 5233 θεώσεως.

1857 5233 1970 5306 (ἰπὶ)
2018 5233 2124 5302 Ἶις
2165 5239 2217 5306 o_l
2258 5233 2553 5306 μάρτυρεξι
2590 5240 3000 5306 μεσιτεύουσι.
3042 5240 3096 5293 ld
3147 5238 3364 5294 Nicetas

1789 5302 1872 5380 sic
1893 5302 2115 5376 exponit
2146 5330 2155 5360 :
2326 5302 2542 5380 μεσῖξεαι
2566 5302 2819 5380 Δγίνονται
2849 5311 2896 5380 οἱ
2926 5309 3093 5380 ᾆγιοι,
3113 5309 3224 5380 κτὸν
3263 5311 3362 5380 μὲν

1787 5378 1912 5432 λαὸν
1960 5377 2401 5446 παρακαλοῦντες
2444 5377 2756 5432 ἀναϐαίνειν
2801 5379 2894 5431 καὶ
2942 5379 3227 5442 θεοῦσθαι,
3265 5377 3362 5433 ’τὸν

1786 5449 1844 5519 δὲ
1876 5447 2004 5501 Θεὸν
2038 5449 2368 5510 ἱκετεύοντες
2396 5448 2766 5501 ὲπικλίνεσθαι
2792 5451 2886 5502 καὶ
2919 5449 3158 5519 βοηθεῖν*
3195 5469 3213 5500 ι
3253 5451 3363 5504 Ctt-

1780 5517 1870 5587 jns
1898 5521 2218 5590 mediatores
2242 5530 2366 5571 sunt
2403 5522 2574 5572 sancti
2620 5530 2880 5590 martyres
2903 5517 2928 5579 ,⁷
2948 5517 3211 5573 bertando
3239 5527 3364 5588 qui-

1787 5591 1908 5642 dem
1939 5589 2188 5658 populum
2214 5599 2270 5641 ut
2298 5591 2550 5642 ascendat
2611 5605 2675 5643 ac
2705 5589 2866 5642 veluti
2894 5590 3031 5644 Deus
3057 5590 3355 5656 elliciatur;

1782 5659 1953 5782 Petn‘n
2002 5668 2179 5711 autem
2223 5659 2478 5727 rogando,
2529 5669 2586 5712 ut
2627 5662 2848 5712 inclinet
2896 5675 2956 5714 se
3002 5669 3161 5731 atque
3201 5676 3360 5732 opem

1808 5744 1898 5782 cra
1932 5765 1943 5777 .
1979 5747 1998 5779 ι
2849 5746 2853 5750 ’

1808 5736 1943 5783 erat.
1979 5747 1998 5779 ι
2849 5746 2853 5750 ’

1841 5797 1971 5866 κισ)
2015 5796 2080 5849 Τί
2106 5795 2192 5850 δέ.
2239 5797 2368 5866 Reg.
2405 5814 2454 5864 ι,
2486 5798 2551 5850 Τί
2580 5797 2686 5852 δαί.

1853 5867 1964 5939 (id)
2021 5868 2174 5922 Ἀπό.
2209 5869 2366 5923 Deest
2396 5870 2447 5922 in
2477 5868 2607 5939 Reg.
2637 5884 2688 5936 a,
2723 5877 2775 5924 ct
2802 5867 2893 5924 Or.
2924 5869 2978 5924 2.
