3844 6390
496 366 599 422 839
1699 364 1756 416 S.
1797 360 2125 418 GREGOBII
2166 358 2486 416 'I'HEOLOG
3635 358 3719 414 8M

498 478 826 546 libidinosis,
859 477 972 533 hzcc
1000 477 1265 533 castitatis
1294 488 1347 530 et
1375 480 1742 546 temperantiae
1772 479 2056 542 studiosis;

2204 477 2318 548 μῶν
2348 477 2460 547 (15)
2512 478 2559 528 oi
2604 475 2905 546 μάρτυρες⁹
2956 473 3099 526 οὕτω
3134 489 3240 543 γαρ
3284 472 3458 524 εἰπεῖν
3517 472 3722 542 μετριώ-

501 573 593 627 illa
643 570 796 628 carni
841 570 1105 631 addictis,
1149 569 1261 624 lucc
1306 570 1373 624 iis
1412 571 1502 639 qui
1551 572 1794 641 corporis
1836 571 2066 626 vinculis
2170 585 2347 639 τερον.

506 666 809 722 solvuntur.
850 663 1075 728 Deinde,
1106 664 1266 733 gestit
1303 665 1516 733 quidem
1564 666 1775 719 animus
1814 664 2074 719 audacius
2113 664 2313 733 aliquid
2341 664 2604 734 proferre,
2667 665 2757 718 sed
2780 665 2882 718 dici
2916 663 3075 731 hujus
3102 661 3404 715 reverentia
3467 661 3717 726 cohibeor,

502 774 573 815 ne
605 757 733 829 quid
787 754 967 810 infesti
1003 764 1168 825 atque
1205 756 1380 824 asperi
1434 758 1629 811 dicam.
1673 757 1962 824 (la-terum,
2015 766 2073 810 ut
2114 758 2294 811 mitius
2322 756 2535 826 loquar,
2571 756 2980 825 haudquaquam
3051 754 3165 810 haec
3198 768 3227 807 a
3265 753 3419 807 nobis
3486 764 3721 823 martyrs

504 857 823 921 exposcunt.

574 940 663 995 Vl.
691 939 890 996 Demus
924 939 1085 1007 igitur
1108 953 1349 1009 operam,
1382 938 1600 1005 fratres,
1645 956 1712 995 ne
1747 952 1934 995 sancta
1971 943 2071 996 im-

504 1047 661 1103 pure,
696 1039 750 1088 et
804 1032 1052 1089 sublimia
1093 1030 1349 1095 demisse,
1375 1043 1429 1086 et
1477 1032 1682 1086 honore
1710 1033 1867 1102 digna
1904 1036 2071 1103 turpi-

509 1134 614 1187 ter,
637 1131 715 1186 et,
764 1132 821 1176 ut
868 1137 973 1175 uno
1014 1122 1178 1175 verbo
1228 1121 1581 1188 complectar,
1612 1122 1907 1189 spiritualia
1959 1134 2069 1177 ter-

505 1228 634 1269 rene
662 1213 1019 1268 celebremus.
1048 1213 1238 1267 Festos
1268 1213 1487 1281 quidem
1524 1213 1639 1267 dies
1666 1211 1881 1267 Iudaeus
1908 1218 2068 1269 etiam

506 1308 693 1378 agitat,
725 1322 910 1362 verum
949 1306 1240 1362 secundum
1276 1305 1547 1371 litteram;
1578 1306 1743 1361 festos
1791 1307 1905 1361 dies
1944 1308 2069 1361 item

506 1399 745 1469 gentilis,
786 1414 973 1453 verum
1009 1408 1065 1452 ut
1122 1397 1454 1451 daemonibus
1517 1397 1713 1465 placet.
1771 1399 1840 1452 At
1897 1400 2067 1463 nobis,

508 1492 960 1561 quemadmodum
989 1488 1289 1559 spiritualia
1318 1490 1494 1542 omnia
1522 1500 1665 1554 sunt,
1687 1492 1847 1554 actio,
1874 1500 2067 1557 motus,

508 1586 785 1649 voluntas,
822 1599 1024 1649 sermo,
1052 1583 1295 1636 incessus
1344 1581 1577 1649 denique
1612 1593 1664 1635 et
1705 1583 1889 1645 vestis,
1914 1594 2101 1675 atquﬁ

508 1676 645 1729 adeo
672 1676 785 1745 ipse
815 1674 1093 1729 oculorum
1126 1685 1307 1736 nutus,
1329 1674 1538 1726 ratione
1563 1673 1772 1727 scilicet
1797 1677 1862 1727 ad
1892 1676 2072 1728 omnia

510 1768 865 1835 pertingente,
923 1774 1084 1833 atque
1124 1766 1395 1819 hominem
1428 1800 1442 1825 ,
1476 1778 1595 1816 eum
1643 1764 1731 1833 qui
1781 1766 2074 1819 secundum
2109 1792 2152 1850 Β

512 1862 677 1914 Deum
730 1869 832 1924 est,
870 1866 1228 1925 componente
1279 1872 1343 1909 ac
1389 1857 1744 1920 moderante;
1787 1856 1866 1911 sic
1913 1858 2075 1910 etiam

512 1950 811 2018 spiritualis
835 1958 918 2002 est
958 1948 1216 2003 festorum
1258 1946 1705 2001 cclebrandorum
1748 1948 2078 2002 animorum-

510 2055 615 2111 que
647 2041 1090 2095 oblectandorum
1117 2039 1273 2093 ratio.
1316 2037 1430 2091 Non
1487 2040 1629 2091 enim
1668 2038 1832 2092 animi
1868 2038 2077 2093 relaxa-

512 2135 712 2187 tiouem
750 2134 1089 2187 interdictam
1125 2133 1275 2198 volo,
1314 2131 1407 2184 sed
1436 2130 1789 2199 petulantiam
1831 2146 2076 2194 coerceo.

513 2226 567 2279 Si
603 2242 699 2280 nos
726 2226 791 2279 ad
838 2225 981 2279 hunc
1040 2224 1254 2278 modum
1290 2223 1698 2288 conveniamus,
1735 2238 1799 2277 ac
1830 2222 1967 2278 festa
1992 2238 2081 2279 ce-

516 2317 820 2382 lebremus,
856 2331 1104 2386 magnum
1157 2314 1370 2383 quidem
1413 2312 1577 2367 fuerit
1635 2313 1904 2368 aﬂirmare
1930 2355 1946 2382 ,
1984 2329 2080 2368 nos

511 2409 697 2463 eadem
735 2409 952 2476 praemia
980 2415 1034 2460 et
1075 2406 1316 2473 ejusdem
1347 2403 1529 2474 glorim
1558 2403 1923 2459 hzereditatem
1963 2420 2083 2473 pcr-

513 2510 763 2570 Ccpturos
796 2517 809 2554 :
842 2514 962 2568 qua:
1010 2498 1155 2553 enim
1210 2512 1311 2552 nec
1357 2494 1547 2550 oculus
1584 2496 1748 2559 vidit,
1780 2510 1883 2549 nec
1935 2497 2082 2550 auris

514 2593 739 2658 audivit,
776 2606 874 2646 nec
904 2592 1170 2644 humanus
1215 2587 1519 2642 intellectus
1551 2602 1647 2656 pro
1699 2594 1966 2655 potestate
2006 2596 2085 2639 at-

516 2699 621 2752 que
670 2682 896 2737 arbitrio
930 2680 1094 2752 246
1138 2678 1525 2734 beatitudinem
1578 2677 1818 2747 fingens,
1850 2692 2083 2747 unquam

518 2773 831 2828 informavit
858 2771 940 2838 3",
980 2774 1094 2826 hazc
1132 2785 1225 2825 eos
1249 2811 1264 2836 ,
1292 2769 1383 2839 qui
1422 2784 1516 2837 per
1566 2783 1815 2823 cruorem
1872 2770 2083 2838 purgati

518 2867 741 2933 fuerint,
774 2865 1084 2933 Christique
1112 2852 1441 2918 sacrificium
1478 2862 1579 2915 sibi
1612 2860 1928 2916 imitandum
1962 2877 2087 2930 pro-

524 2958 826 3024 posuerint,
857 2970 1073 3011 manere
1097 2955 1403 3023 judicamus
1437 2972 1449 3007 :
1489 2962 1543 3005 at
1574 2952 1705 3006 illud
1745 2965 1891 3008 certe
1931 2954 2087 3008 nobis

521 3047 831 3115 continget,
874 3052 932 3097 ut
1001 3054 1315 3097 sanctorum
1385 3052 1681 3110 martyrum
1740 3042 2083 3109 splendorem

2248 943 2337 1009 ς’.
2402 940 2491 1011 Μὴ
2553 941 2729 993 τοίνυν
2780 939 3025 1005 άνάγνως
3074 938 3337 1009 τελῶμεν,
3394 938 3624 1007 ἀδελφοὶ,
3667 942 3720 993 τὰ

2179 1034 2330 1102 ἆγια,
2365 1033 2497 1103 μηδὲ
2530 1032 2595 1084 τά
2624 1032 2801 1101 ὑψηλὰ
2839 1032 3129 1095 ταπεινῶς,
3166 1032 3285 1102 μηδ’
3325 1030 3534 1101 ἀτίμως
3564 1032 3624 1084 τὰ
3652 1034 3721 1085 τί-

2181 1143 2296 1195 μια,
2331 1125 2481 1195 μηδὲ,
2521 1124 2803 1176 συνελόντα
2850 1126 3041 1187 εἰπεῖν,
3076 1124 3275 1194 χοῖκῶς
3326 1123 3394 1176 τὰ
3439 1123 3531 1177 τοῦ
3579 1126 3717 1177 πνεύ-

2180 1234 2363 1287 ματος.
2421 1215 2780 1287 Πανηγυρίζει
2828 1216 2921 1268 καὶ
2983 1216 3253 1278 Ἰουδαῖος,
3306 1217 3443 1269 ἀλλὰ
3493 1218 3625 1269 κατὰ
3672 1219 3723 1271 τὸ

2178 1309 2439 1380 γράμμα·
2476 1310 2719 1379 ἑορτάζει
2765 1308 2858 1361 καὶ
2893 1308 3111 1377 Ἕλλην,
3148 1308 3263 1360 ἀλλ’
3290 1308 3365 1371 ὡς
3392 1308 3723 1378 ἁρέσκειτοῖς

2177 1399 2444 1469 δαίμοσιν.
2493 1399 2653 1467 Ἡμῖν
2687 1396 2764 1460 δὲ,
2805 1396 2880 1459 ὡς
2914 1396 3090 1449 πάντα
3120 1396 3485 1465 πνευματικὰ,
3532 1396 3721 1465 πρᾶξις,

2178 1490 2403 1560 κίνημα,
2457 1487 2723 1559 βούλημα,
2760 1486 2935 1554 λόγος,
2980 1486 3106 1556 ἄχρι
3148 1486 3240 1537 καὶ
3288 1484 3608 1555 βαδίσματος
3646 1486 3728 1538 καὶ

2179 1582 2490 1652 ἐνδύματος,
2532 1580 2659 1649 ἄχρι
2693 1578 2787 1631 καὶ
2819 1578 3102 1648 νεύματος,
3132 1579 3211 1640 εἰς
3249 1578 3424 1629 πάντα
3472 1576 3563 1628 τοῦ
3591 1576 3726 1645 λόγου

2182 1673 2473 1743 φθάνοντος
2497 1673 2588 1725 καὶ
2616 1669 2970 1740 ῥυθμίζοντος
2994 1670 3083 1720 τὸν
3113 1668 3251 1720 κατὰ
3281 1668 3413 1720 Θεὸν
3447 1669 3727 1738 ἄνθρωπον·

2179 1765 2321 1819 οῦτω
2348 1764 2442 1817 καί
2469 1763 2579 1833 (16)
2612 1762 2671 1814 τὺ
2703 1758 3112 1831 πανηγυρίζειν,
3142 1761 3317 1814 καὶτὸ
3347 1760 3727 1829 φαιδρύνεσθαι.

2183 1860 2254 1911 Οὐ
2280 1856 2387 1925 γὰρ
2430 1855 2619 1908 κωλύω
2664 1854 2762 1924 τὴν
2803 1855 3005 1916 ἄνεσιν,
3040 1851 3174 1905 ἀλλὰ
3214 1852 3427 1915 κολάζω
3481 1851 3574 1921 τὴν
3614 1854 3730 1920 ἁμε-

2181 1948 2336 2020 τρίαν
2355 1948 2484 2015 (17).
2508 1949 2603 1998 Ἂν
2619 1945 2762 1998 οὕτω
2781 1943 3069 2013 συνιῶμεν,
3094 1945 3187 1997 καὶ
3206 1942 3347 1995 οῦτω
3374 1942 3731 2012 πανηγυρίζω-

2186 2058 2302 2110 μεν,
2343 2040 2482 2109 μέγα
2528 2039 2647 2108 μὲν,
2682 2039 2760 2089 ὃτι
2805 2038 2898 2089 καὶ
2944 2038 3096 2089 αὐτοὶ
3122 2035 3420 2105 τευξόμεθα
3448 2035 3553 2087 τῶν
3578 2037 3731 2089 αὖτιῖν

2185 2132 2379 2193 ἄθλων,
2410 2133 2605 2192 εἰπεῖν,
2656 2130 2746 2183 καὶ¹
2784 2129 2883 2197 τῆς
2934 2130 3101 2199 αὐτῆς
3145 2127 3301 2198 δόξης
3351 2128 3730 2198 κληρονομήσοο

2187 2241 2283 2295 μεν
2301 2243 2313 2255 ·
2342 2223 2377 2277 ἃ
2402 2223 2509 2294 γάρ
2531 2222 2655 2275 οὔτε
2678 2222 2789 2293 (18)
2818 2221 3091 2291 ὀφθαλμὸς
3123 2216 3280 2283 εἶδεν,
3311 2221 3433 2273 οὔτε
3473 2218 3565 2284 οῦς
3592 2223 3732 2292 ἤκου-

2186 2335 2295 2381 σεν,
2330 2315 2451 2370 οὔτε
2496 2314 2834 2387 ἁνθρώπινός
2874 2332 3005 2367 ποτε
3029 2316 3139 2383 (19)
3174 2314 3298 2377 νοῦς
3350 2316 3729 2376 ἁνετυπώσατο.

2186 2412 2303 2463 κατ’
2339 2407 2583 2473 ἐξουσίαν
2620 2408 2865 2461 πλάττων
2900 2408 3298 2478 μακαριότητα,
3329 2406 3506 2460 ταῦτα
3539 2406 3731 2477 νομίζο-

2189 2519 2285 2572 μεν
2321 2501 2430 2571 (20)
2466 2500 2786 2555 ἀποκεῖσθαι
2820 2502 2930 2564 τοῖς
2966 2500 3371 2571 καθῃραμένοις
3403 2499 3469 2552 δι’
3503 2501 3729 2570 αἵματος,

2186 2594 2281 2645 καὶ
2308 2592 2404 2663 τὴν
2434 2591 2669 2663 Χριστοῦ
2701 2592 2892 2645 θυσίαν
2924 2592 3327 2662 μιμησαμένοις
3347 2609 3360 2621 θ
3398 2590 3535 2644 ἀλλὰ
3564 2593 3657 2661 τήν
3683 2609 3733 2656 τε

2186 2684 2543 2755 λαμπρότητα
2588 2682 2696 2735 τῶν
2748 2683 2917 2750 ἁγίων
2976 2682 3267 2754 μαρτύρων
3319 2682 3582 2753 ὀψόμεθα,
3632 2684 3732 2735 056k

2187 2776 2295 2847 γὰρ
2328 2774 2483 2828 τοῦτο
2513 2775 2730 2845 μικρὸν,
2761 2775 2834 2837 ὡς
2866 2777 2894 2828 ὁ
2938 2776 3067 2845 ἐμὸς
3096 2775 3272 2843 λόγος,
3310 2776 3404 2828 καὶ
3437 2778 3515 2839 είς
3541 2776 3633 2847 τὴν
3656 2795 3736 2846 χαι

2192 2868 2289 2938 ραν
2326 2868 2417 2919 τοῦ
2447 2867 2611 2920 αὑτοῦ
2646 2868 2849 2939 Κυρίου
2892 2866 3330 2937 είσελευσόμεθα,
3362 2869 3455 2921 καὶ
3498 2868 3575 2937 τῷ
3617 2871 3734 2937 φωτὶ

2188 2960 2284 3029 τῆς
2318 2959 2587 3030 μακαρίας
2621 2959 2713 3012 καὶ
2743 2959 2975 3029 ἀρχικῆς
3000 2958 3113 3028 (21)
3150 2959 3398 3028 Τριάδος,
3436 2955 3493 3012 εὖ
3532 2955 3642 3021 οἷδ’,
3669 2960 3735 3012 ὅτι

2189 3050 2679 3122 ἐλλαμφθησόμεθα
2719 3051 3041 3122 τρανότερόν
3069 3068 3127 3104 τε
3161 3050 3272 3120 (22)
3307 3054 3403 3105 καὶ
3449 3052 3737 3123 καθαρώτεο

521 3149 825 3202 cernamus,
849 3134 989 3203 quod
1018 3133 1235 3201 quidem
1257 3175 1270 3197 ,
1307 3146 1424 3185 mea
1462 3130 1732 3185 sententia
1758 3170 1773 3193 ,
1799 3132 1916 3187 leve
1948 3147 2079 3187 cen-

2195 3158 2297 3205 οον,
2331 3144 2410 3205 είς
2452 3143 2518 3213 ἢν
2552 3141 3016 3211 πεπιστεύκαμεν,
3056 3143 3151 3197 καὶ
3261 3144 3595 3214 λατρεύομεν
3619 3145 3736 3213 (25),

522 3224 631 3279 seri
664 3240 766 3278 non
794 3224 971 3288 debet,
1014 3234 1176 3292 atque
1214 3222 1265 3276 in
1309 3222 1548 3291 ejusdem
1583 3221 1792 3275 Dmnini
1832 3224 2085 3291 gaudium

523 3317 807 3381 intremus,
840 3316 1145 3384 clariusque
1188 3324 1242 3369 et
1288 3314 1476 3384 purius
1520 3314 1690 3368 bcatze
1730 3329 1794 3368 ac
1829 3317 2088 3387 principis

522 3407 806 3461 Trinitatis
824 3407 1027 3460 lumine
1054 3405 1453 3470 collustremur,
1479 3404 1530 3457 in
1556 3418 1714 3473 quam
1738 3406 2085 3474 credidimus,

524 3516 684 3571 quant
718 3499 968 3563 colimus,
997 3508 1052 3553 et
1075 3514 1258 3553 coram
1296 3497 1403 3551 Deo
1429 3507 1591 3567 atque
1625 3499 1933 3555 hominibus
1956 3516 2088 3556 cou-

526 3611 761 3674 fttemur,
790 3608 919 3663 nihil
956 3610 1225 3673 timentes,
1265 3610 1533 3663 neminem
1574 3620 1843 3678 verentes,
1872 3629 1974 3666 non
2003 3630 2095 3668 ex-

527 3714 708 3757 ternos
738 3702 941 3761 hostes,
976 3716 1080 3755 non
1110 3715 1224 3767 eos,
1251 3702 1342 3771 qui
1394 3703 1533 3757 inter
1582 3720 1678 3759 nos
1717 3714 1903 3775 agunt,
1931 3707 2096 3763 falsos

525 3793 888 3859 Christianos,
907 3794 1187 3862 sanctique
1201 3792 1436 3862 Spiritus
1460 3795 1661 3851 hostes.
1683 3796 1858 3866 Atque
1890 3798 2094 3853 utinam

527 3885 592 3937 ad
620 3896 923 3940 extremum
965 3901 1137 3955 usque
1166 3888 1288 3939 vita:
1339 3887 1587 3955 spiritum
1637 3904 1756 3941 cum
1807 3905 1999 3959 magna
2026 3890 2091 3942 li-

530 3976 735 4031 bertate
769 3979 1120 4033 confiteantur
1151 3979 1469 4047 praeclarum
1493 3978 1621 4033 illud
1649 3990 1956 4035 sanctorum
1987 3981 2089 4035 Pa-

531 4076 695 4131 trum,
730 4069 820 4137 qui
861 4069 1105 4135 Christo,
1138 4070 1487 4139 nascentique
1520 4072 1639 4126 lidei
1682 4074 2092 4143 propinquiores

529 4158 877 4226 exstiterunt,
931 4161 1255 4229 depositum,
1292 4162 1684 4218 confessionem
1734 4164 1875 4219 illam
1930 4181 2089 4235 quam

2192 3234 2285 3287 καὶ
2314 3236 2378 3305 ἣν
2410 3234 2774 3305 ὁμολογοῦμεν
2808 3233 3113 3305 ἔμπροσθεν
3150 3234 3287 3288 Θεοῦ
3319 3238 3413 3289 καὶ
3438 3236 3737 3308 ἀνθρώπων.

2196 3325 2357 3395 μηδὲν
2387 3325 2701 3391 δεδοικότες,
2745 3327 2907 3397 μηδὲν
2934 3327 3046 3394 (24)
3090 3328 3490 3399 αἰσχυνόμενοι,
3525 3330 3596 3400 μὴ
3633 3332 3739 3391 τοὶς

2193 3419 2388 3487 ἔξωθεν
2426 3421 2671 3492 ἐχθροὺς,
2705 3421 2779 3492 μὴ
2814 3422 2926 3491 (25)
2976 3422 3103 3485 τοὺς
3152 3424 3212 3474 ὲν
3247 3424 3377 3493 ἡμῖν
3418 3425 3600 3486 αὐτοῖς
3628 3423 3741 3492 deu-

2192 3514 2499 3587 δοχρίστους
2538 3517 2632 3569 καὶ
2657 3514 2946 3585 πολεμίους
2988 3513 3081 3567 τοῦ
3123 3514 3462 3584 Πνεῦματος.
3503 3517 3608 3571 Καὶ
3627 3519 3741 3586 όμο-

2194 3606 2481 3678 λογοίημεν
2511 3606 2673 3676 μέχρι
2705 3606 2801 3677 τῆς
2823 3605 3059 3675 ἐσχάτης
3079 3605 3191 3676 (26)
3218 3607 3497 3677 ἀναπνοῆς
3518 3608 3575 3659 ὲν
3595 3607 3743 3673 πολλῇ

2194 3698 2473 3770 παρρησίᾳ
2504 3696 2602 3768 τὴν
2632 3698 2803 3769 καλὴν
2834 3698 3303 3769 παρακαταθήκην
3327 3698 3437 3750 τῶν
3465 3699 3630 3766 ἁγίων
3648 3700 3745 3751 Πα-

2191 3791 2383 3862 τέρων,
2411 3790 2517 3843 τῶν
2544 3790 2821 3860 ἐγγυτέρω
2848 3787 3107 3859 Χριστοῦ,
3140 3788 3232 3841 καὶ
3256 3789 3358 3859 τῆς
3403 3790 3623 3861 πρώτης
3670 3792 3745 3841 πί-

2192 3902 2379 3947 στεως,
2410 3885 2507 3955 τὴν
2538 3883 2833 3954 σύντροφον
2862 3884 2993 3953 ἡμῖν
3020 3883 3085 3935 ὲκ
3127 3883 3332 3937 παίδων
3361 3884 3663 3954 ὁμολογίαν,
3689 3884 3745 3952 ἣν

2198 3976 2416 4049 πρώτην
2450 3975 2558 4046 (27)
2594 3973 2970 4045 ἐφθεγξάμεθα
2998 4014 3011 4039 ,
3060 3975 3154 4028 καὶ
3290 3976 3591 4031 τελευταῖον
3634 3992 3748 4028 συν,

2197 4071 2542 4141 απέλθοιμεν,
2571 4069 2747 4133 τοῦτο,
2775 4071 2823 4121 εί
2859 4070 2931 4139 μή
2960 4086 3009 4121 τι
3042 4067 3187 4133 ἄλλο,
3223 4070 3471 4124 ἐντεῦθεν
3495 4069 3747 4139 ἀποςερό-

2202 4182 2371 4235 μενοι,
2404 4164 2502 4234 τὴν
2530 4161 2830 4216 εὐσέϐειαν.

531 4248 691 4302 simul
744 4266 865 4304 cum
919 4252 1056 4307 lacte
1090 4253 1419 4319 imbibimus,
1468 4270 1627 4324 quam
1672 4258 1896 4326 primam
1964 4258 2223 4327 proloculi
2273 4272 2478 4321 sumus,
2542 4265 2597 4310 et
2644 4270 2763 4308 cum
2798 4270 2904 4324 qua
2943 4256 3145 4310 utinam
3204 4263 3477 4323 postremo
3541 4268 3605 4308 ex
3663 4255 3749 4305 hac

533 4343 639 4394 vita
683 4339 993 4412 mig’remus,
1026 4347 1069 4401 si
1114 4349 1244 4402 nihil
1295 4348 1460 4414 aliud,
1494 4349 1620 4402 hinc
1662 4360 1809 4405 certe
1843 4352 2095 4420 pietatem
2136 4351 2410 4405 nobiscum
2452 4350 2755 4404 efferentes.

607 4432 712 4491 νυ.
750 4436 887 4490 Deus
924 4449 1101 4491 autem
1150 4444 1317 4508 pacis,
1343 4441 1432 4509 qui
1480 4455 1578 4494 nos
1617 4440 1718 4494 sibi
1752 4456 1845 4511 per
1880 4457 2083 4497 crucem

2270 4441 2341 4496 Z'.
2385 4441 2443 4495 Ὀ
2481 4442 2538 4495 δὲ
2586 4441 2715 4505 Θεὸς
2758 4440 2856 4510 τῆς
2894 4442 3135 4512 εἰρήνης,
3175 4442 3206 4493 ό
3238 4438 3580 4503 καταλλάξας
3619 4438 3752 4506 ﬁgi;

532 4527 1128 4594 reconciliavit",cum
1180 4533 1326 4598 prius
1362 4548 1455 4599 per
1506 4545 1783 4602 peceatum
1833 4534 2019 4588 hOStcs
2042 4536 2090 4587 ei

534 4617 659 4671 facti
691 4632 968 4685 essemus;
998 4624 1088 4689 qui
1123 4621 1355 4677 faustum
1398 4626 1545 4692 pacis
1576 4625 1843 4688 nuntium,
1870 4635 1977 4677 llllll
2010 4626 2091 4679 his

533 4709 622 4777 qui
652 4725 815 4779 prope
847 4722 1021 4777 erant,
1062 4724 1169 4767 tum
1226 4715 1310 4769 his
1334 4716 1424 4785 qui
1464 4716 1621 4786 longe
1639 4717 1705 4783 ⁸⁵,
1736 4718 1837 4771 hoc
1860 4727 1943 4772 est
1979 4727 2088 4770 tum

2196 4534 2371 4604 ἑαυτῷ
2398 4533 2483 4586 διὰ
2513 4533 2606 4585 τοῦ
2642 4532 2896 4603 σταυροῦ,
2929 4534 3016 4585 διὰ
3050 4531 3148 4602 τῆς
3194 4531 3467 4602 ἁμαρτίας
3515 4530 3755 4597 πόλεμον

2196 4625 2415 4687 θέντας·
2453 4626 2479 4677 ὁ
2517 4623 3002 4693 εὐαγγελισάμενος
3041 4623 3262 4693 είρήνην
3299 4626 3412 4684 τοῖς
3445 4622 3631 4689 ἐγγὺς,
3669 4619 3753 4670 xx“.

2194 4719 2305 4780 τοῖς
2341 4715 2577 4787 μακρὰν,
2616 4718 2724 4779 τοῖς
2754 4732 2812 4768 τε
2843 4715 2946 4767 ὑπὸ
2973 4714 3134 4785 νόμον
3163 4715 3255 4767 καὶ
3286 4717 3399 4777 τοῖς
3429 4713 3533 4777 ἔξω
3561 4712 3723 4782 νόμον
3742 4724 3754 4737 ·

608 4904 653 4935 ⁸⁸
685 4905 787 4961 lsa.
822 4923 964 4973 thv,
997 4909 1061 4976 4;
1084 4910 1101 4962 l
1128 4911 1250 4967 t‘or.
1312 4927 1371 4976 .t,
1412 4910 1464 4965 9.
1539 4912 1584 4943 ⁸⁸
1626 4911 1664 4965 ιι
1702 4910 1826 4965 Cor.
1858 4927 1908 4976 ν,
1941 4910 2026 4968 18.

2195 4911 2371 4980 Ξριιρε.
2407 4926 2466 4975 ιι,
2507 4911 2589 4963 l7.

606 5084 717 5163 (l_5)_
763 5088 905 5163 [ξαρ
948 5087 1145 5163 ἡμῶν.
1183 5090 1272 5143 Sic
1315 5102 1422 5146 tres
1459 5091 1626 5163 chg.
1670 5093 1724 5147 In
1753 5094 2091 5162 quibusdam,

538 5154 871 5225 ﬁlp‘iﬁpﬁw,
912 5176 930 5208 ‹
970 5154 997 5209 5
1031 5160 1198 5212 vobis.
1235 5180 1251 5209 ι

613 5224 745 5292 116)
782 5227 942 5279 Οὕτω
971 5229 1091 5281 καί.
1126 5228 1288 5283 Coisl.
1328 5230 1373 5292 Ι,
1402 5232 1589 5295 Οῦτως
1624 5232 1799 5287 ἔνθεον
1828 5233 1967 5287 ἔστω
2001 5234 2092 5285 καὶ

536 5293 597 5367 τὸ
646 5299 1029 5367 πανηγυρίζειν
1068 5316 1080 5327 ·
1112 5319 1129 5348 ι
1182 5302 1272 5353 Sic
1314 5302 1473 5355 etiam
1520 5293 1696 5357 divina
1734 5317 1789 5357 et
1819 5320 1972 5357 sacra
2022 5314 2092 5357 snt

540 5366 792 5435 festorum
832 5366 1274 5423 celebrandarum
1323 5374 1479 5424 ratio.
1512 5390 1530 5423 ι
1564 5374 1811 5427 Concinit
1839 5373 2086 5435 Nicetas,

537 5434 677 5516 οῦτω
707 5436 799 5516 καὶ
813 5439 1033 5516 ,ὲν-ταζς.
1050 5441 1262 5509 ἑορταῖς
1298 5439 1436 5495 ἔστω
1467 5442 1775 5516 φαιδρότης,
1830 5463 1848 5496 ‹
1880 5445 1999 5497 talis
2022 5434 2093 5497 sit

537 5515 591 5557 ct
624 5506 673 5556 in
706 5506 855 5560 festis
889 5510 1090 5563 ltntitiu.
1111 5506 1146 5561 ἰ

558 5574 731 5667 η’(ιξῑ)
782 5577 1105 5667 ἰτμετρίαν.
1160 5600 1178 5631 ‹
1212 5581 1312 5635 Sed
1340 5597 1488 5648 eam,
1516 5599 1634 5653 qua:
1674 5584 1889 5639 modum
1929 5599 2077 5639 exce~

539 5652 637 5705 dit,
673 5652 1018 5713 reprehendo.
1059 5669 1076 5701 ι

610 5714 719 5791 (ίξξ)
774 5718 937 5769 Οὔτε.
973 5720 1099 5789 Reg.
1132 5723 1221 5791 ph,
1254 5721 1386 5775 οὔτ’.

614 5785 720 5853 (19)
766 5790 926 5840 flore.
973 5785 1202 5847 Deest-in
1234 5794 1323 5849 Ου’.
1362 5794 1413 5850 2.

2271 5091 2385 5162 (20)
2426 5089 2763 5159 Νομίζομεν.
2808 5091 2937 5161 Reg.
2996 5092 3085 5157 ph,
3130 5091 3455 5160 νομίζωμεν.
3505 5108 3522 5139 ι
3563 5086 3733 5143 Creda

2202 5178 2321 5216 mus
2350 5165 2461 5215 lucc
2491 5175 2720 5228 reposita
2758 5178 2894 5219 eSsc.
2934 5180 2951 5211 ι
2980 5170 3085 5215 etc.

2275 5232 2386 5299 (21)
2450 5227 2757 5298 Μακαριάς
2811 5231 2909 5284 καὶ
2973 5227 3223 5299 ἀρχικῆς
3292 5227 3559 5299 Τριάὃος.
3616 5228 3739 5279 Pass

2196 5303 2361 5366 atldit,
2390 5302 2484 5354 καὶ
2516 5302 2694 5369 ἁγίας.

2262 5372 2373 5440 (22)
2416 5372 2778 5442 Τρανᾴτερόν
2802 5387 2882 5424 τε.
2912 5372 3004 5425 Or.
3034 5372 3084 5437 2,
3120 5370 3479 5442 τρανώτερον.

2262 5437 2375 5514 (25)
2410 5437 2520 5495 Καὶ
2652 5437 3040 5513 imperiosust.
3081 5437 3203 5497 Hace
3255 5437 3449 5495 desunt
3501 5443 3558 5496 in
3597 5441 3757 5509 lli-3;.

2191 5528 2244 5577 a,
2276 5528 2323 5564 c.

2264 5580 2373 5655 (2s)
2414 5581 2632 5655 Μηδέν.
2668 5581 2802 5635 Tres
2831 5583 2995 5655 Regg.
3020 5594 3074 5637 et
3105 5576 3226 5639 octo
3250 5584 3399 5640 Colb.
3437 5582 3667 5655 μηδένα.

2263 5652 2375 5723 (25)
2415 5651 2529 5716 Μή.
2566 5653 2696 5723 lleg.
2731 5655 2779 5714 (Ι,
2817 5653 2971 5723 μηδὲ.

2267 5720 2379 5795 (@9)
2424 5721 2741 5795 Ἐσχάτης,
2779 5720 2933 5776 Addit
2970 5723 3080 5777 Jes.
3119 5726 3296 5795 ἡμῶν.

2270 5791 2378 5861 (27)
2418 5794 2677 5860 Πρὼτην.
2716 5797 2862 5847 l’ass.
2894 5795 3126 5864 πρῶτον.
