3878 6528
130 467 220 524 3H
1261 454 1512 513 ORATIO
1547 454 1663 511 ΧΠ.
1698 485 1770 498 —-
1807 457 1897 512 AD
1936 451 2236 510 PATREM.

3280 457 3382 511 852

131 586 157 634 ὁ
179 581 276 650 τῆς
307 578 534 650 ἀγάπης
563 577 765 650 πατὴρ,
801 577 835 648 ἡ
875 575 1092 644 ἀγάπη·
1131 573 1304 625 ταῦτα
1336 574 1444 644 γὰρ
1477 571 1581 643 πρὸ
1603 569 1709 622 τῶν

1820 571 1878 625 iis
1904 570 1992 639 qui
2014 570 2113 640 legi
2145 568 2396 639 subjecti,
2423 575 2534 622 tum
2563 567 2685 633 illis,
2709 569 2799 639 qui
2833 584 2861 622 a
2890 569 3007 640 lege
3025 569 3186 624 alieni
3207 583 3381 636 erant,

132 673 297 728 ἄλλων
345 671 533 742 χαίρει
581 668 932 740 καλούμενος,
980 667 1066 719 ἵνα
1111 664 1445 736 νομοθετὴσῃ
1471 662 1582 734 (28)
1612 662 1706 715 καὶ

133 768 234 828 τοῖς
275 763 511 834 ὀνόμασι
563 762 624 814 τὸ
671 759 1010 830 φιλάδελφον,
1047 759 1076 811 ὁ
1113 757 1212 829 τὴν
1257 756 1448 827 καινὴν
1489 752 1705 823 ἐντολὴν

133 857 245 920 δοὺς
270 859 333 912 ὲν
362 856 448 928 τῷ
473 854 723 908 τοσοῦτον
747 854 964 923 ἀγαπᾷν
993 850 1274 922 ἀλλήλους,
1305 850 1428 901 ὅσον
1457 846 1709 925 καὶ-ἠγα-

135 948 380 1019 πήμεθα’
419 949 452 999 ό
498 946 622 1009 δούς
672 945 766 998 κα)⁵
807 944 1088 1014 τυραννεῖν
1134 939 1334 1003 καλῶς,
1383 938 1477 992 καὶ
1510 953 1709 1008 τυραν-

132 1043 329 1095 νεῖσθαι
360 1041 457 1094 διὰ
483 1041 578 1093 τὸν
605 1039 788 1108 φόϐον,
819 1037 913 1090 καὶ
945 1035 1266 1090 ἀναδύεσθαι
1293 1035 1390 1087 σὺν
1418 1033 1559 1102 λόγῳ
1573 1030 1706 1101 (29),

131 1138 214 1190 καὶ
243 1135 477 1206 θαρρεῖν
523 1133 680 1186 πάλιν
720 1131 806 1184 διὰ
850 1129 943 1184 τὸν
987 1129 1178 1198 λόγον·
1206 1130 1234 1181 ὁ
1266 1127 1359 1180 καὶ
1402 1125 1469 1178 τὰ
1502 1123 1710 1195 μεγάλα

136 1228 350 1298 ποίμνια
397 1224 770 1297 καταρτίζων,
813 1223 904 1276 καὶ
937 1221 1006 1276 τὰ
1051 1218 1222 1292 μικρὰ
1268 1215 1582 1289 μεγαλύνων
1624 1213 1710 1268 διὰ

136 1320 222 1388 τῆς
241 1319 495 1394 χάριτος,
526 1317 712 1380 αὐτὸς,
734 1315 875 1368 κατὰ
905 1314 966 1367 τὸ
993 1312 1194 1384 πλῆθος
1221 1311 1318 1381 τῆς
1341 1307 1535 1362 ἑαυτοῦ
1571 1324 1710 1378 χρη-

138 1412 404 1481 ςτάτητος,
431 1411 580 1480 ἡμᾶς
613 1410 710 1479 μὲν
737 1405 1111 1478 παρακαλέσαι
1142 1401 1483 1475 παρακλήσει
1517 1399 1709 1470 πολλῇ,

135 1505 217 1557 καὶ
261 1505 349 1566 εἰς
395 1503 470 1555 τὰ
511 1501 822 1572 ἔμπροσθεν
840 1499 953 1571 (50)
1002 1499 1124 1566 ἄγοι
1161 1493 1573 1566 συμποιμαίνων
1617 1493 1712 1545 καὶ

133 1593 410 1657 διασὼζων
441 1593 504 1646 τὸ
529 1592 780 1663 ποίμνιον
800 1607 812 1619 ·
846 1591 986 1661 ὑμᾶς
1018 1589 1076 1642 δὲ
1108 1585 1485 1658 καταρτίσειεν
1507 1585 1587 1646 εἰς
1603 1583 1710 1636 πᾶν

139 1688 286 1758 ἔργον
325 1685 553 1753 ἀγαθὸν,
599 1684 694 1737 καὶ
730 1680 1111 1754 πνευματικῶς
1159 1675 1551 1750 πανηγυρίζειν
1601 1676 1713 1736 τοῖς

137 1779 372 1848 μάρτυσι
401 1777 632 1842 πείσειε,
676 1776 769 1828 καὶ
797 1774 898 1845 τῆς
939 1774 1146 1826 ἐκεῖθεν
1193 1771 1403 1844 τρυφῆς
1449 1763 1714 1832 καταξιώ-

137 1886 291 1934 σειεν,
333 1865 462 1920 ἔνθα
489 1867 602 1937 (51)
647 1865 863 1919 πάντων
891 1863 1332 1937 εὐφραινομένων
1359 1862 1393 1932 ἡ
1440 1857 1710 1920 κατοικία,

1813 662 1992 716 attulit
2026 678 2041 716 :
2083 661 2208 725 ille,
2242 661 2460 733 inquam
2482 701 2495 724 ,
2526 661 2812 718 charitatis
2859 677 3090 730 parens,
3126 662 3235 717 imo
3269 663 3384 731 ipsa

1814 754 2052 810 charitas
2085 754 2169 821 ⁸⁷;
2197 755 2281 811 his
2307 755 2450 810 enim
2482 755 2730 810 omnibus
2765 754 3032 823 praecipue
3061 754 3381 819 delectatur,

1813 855 1872 900 ut
1889 861 1985 915 per
2013 847 2125 916 ipsa
2153 862 2368 916 quoque
2404 847 2660 903 vocabula
2689 855 2934 901 mutuum
2960 861 3198 901 amorem
3229 847 3383 916 quasi

1815 937 1919 991 lata
1951 939 2064 1008 lege
2111 940 2443 1010 promulgat,
2469 940 2560 1010 qui
2604 955 2800 995 novum
2849 939 3163 994 mandatum
3199 938 3383 1004 dedit,

1816 1037 1875 1082 ut
1910 1036 2114 1083 tantum
2151 1045 2248 1085 nos
2291 1031 2437 1099 ipsos
2482 1040 2667 1086 mutuo
2698 1030 2985 1101 diligamus
3017 1029 3083 1096 ⁸⁸,
3119 1045 3277 1099 quam
3302 1029 3385 1083 di-

1817 1121 1937 1176 lecti
1971 1138 2186 1190 sumus;
2222 1121 2314 1194 qui
2348 1123 2498 1178 dedit
2533 1132 2588 1178 et
2627 1133 2774 1178 recte
2813 1132 2975 1192 atque
3020 1122 3244 1176 honeste
3275 1121 3384 1174 vim

1817 1213 2032 1279 all'erre,
2059 1223 2112 1269 et
2143 1226 2291 1269 recte
2326 1215 2452 1269 item
2483 1223 2702 1285 propter
2729 1225 2928 1269 metum
2954 1213 3249 1276 cedere,ac
3277 1212 3385 1266 vim

1817 1305 2043 1375 perpeti,
2076 1317 2130 1360 et
2182 1322 2303 1360 cum
2341 1307 2549 1361 ratione
2597 1307 2836 1361 cunctari
2865 1347 2878 1369 ,
2919 1321 2984 1360 ac
3028 1306 3306 1376 refugere,
3334 1313 3390 1357 et

1818 1414 2007 1452 rursus
2035 1413 2155 1452 eum
2189 1399 2399 1453 ratione
2430 1398 2681 1453 fiduciam
2725 1397 3048 1467 concipere;
3077 1398 3164 1466 qui
3191 1406 3244 1450 et
3276 1411 3389 1448 ma-

1817 1501 1952 1557 gnos
1984 1501 2174 1558 greges
2217 1488 2448 1558 perlicit,
2497 1497 2551 1542 et
2586 1502 2780 1554 parvos
2811 1503 2908 1556 per
2943 1487 3170 1557 gratiam
3203 1494 3387 1552 auget,

1820 1578 1933 1649 ipse
1965 1580 2180 1646 quidem
2204 1595 2301 1650 pro
2325 1580 2657 1649 amplissima
2690 1595 2786 1635 sua
2813 1579 3144 1656 benignitate
3173 1576 3390 1643 copiose

1817 1685 1906 1725 me
1935 1670 2271 1736 consoletur,
2301 1681 2460 1741 atque
2493 1672 2749 1727 interiora
2791 1671 2966 1736 ducat,
3021 1684 3236 1740 gregem
3271 1682 3387 1722 me-

1819 1773 1939 1812 cum
1974 1774 2201 1828 pascens
2229 1773 2393 1829 atque
2421 1775 2785 1817 conservans:
2811 1777 2904 1815 VOS
2929 1771 3106 1815 autem
3138 1760 3205 1813 ad
3233 1771 3392 1812 omne

1819 1851 2018 1906 bonum
2048 1867 2184 1920 opus
2237 1851 2485 1923 perlieiat
2521 1854 2566 1886 θ’
2588 1895 2602 1921 ,
2636 1853 2890 1923 vobisque
2925 1854 2979 1908 in
3027 1853 3267 1906 animum
3305 1849 3390 1904 in-

136 1962 218 2015 καὶ
250 1960 524 2030 ὀφθέντας
554 1961 611 2012 ἐν
643 1958 956 2030 δικαιοσύνῃ
986 1958 1084 2030 τῆς
1131 1955 1322 2010 ἑαυτοῦ
1361 1953 1518 2024 δόξης
1555 1950 1710 2022 κορέ-

1820 1942 2000 2007 ducat,
2025 1953 2082 1997 ut
2111 1954 2406 2016 martyrum
2431 1945 2565 1999 festa
2600 1937 2862 2015 spirituali
2898 1948 3055 1999 modo
3081 1942 3388 2004 celebretis,

138 2071 301 2118 σειεν,
340 2052 674 2123 ἐποφθείσης
705 2052 762 2104 ἐν
793 2050 1012 2122 Χριστῴ
1062 2049 1238 2120 Ἰησοῦ
1269 2048 1380 2128 (52)
1410 2045 1487 2116 τῷ
1524 2043 1712 2115 Κυρίῳ

136 2147 314 2215 ἡμῶν,
338 2139 382 2214 ᾧ
406 2148 441 2216 ἡ
469 2143 593 2209 δόξα
621 2144 716 2197 καὶ
745 2142 804 2196 τὸ
831 2144 1053 2216 κράτος,
1075 2143 1108 2212 ἡ
1134 2141 1266 2213 τιμὴ
1291 2139 1385 2194 καὶ
1411 2140 1444 2209 ἡ
1470 2133 1713 2209 προσκύ-

137 2256 289 2306 vast;
323 2241 403 2299 εἰς
431 2238 557 2301 τοὺς
583 2235 786 2299 αἰῶνας
816 2235 922 2289 τῶν
952 2234 1181 2289 αἰώνων.
1243 2231 1434 2303 Ἀμήν.

1817 2034 2235 2104 cmlestibusque
2291 2036 2395 2091 illis
2451 2037 2692 2102 deliciis,
2743 2038 2794 2092 in
2853 2038 3050 2103 quibus
3091 2034 3389 2089 laetantium

1818 2128 2056 2181 Omnium
2094 2127 2355 2183 habitatio
2385 2129 2542 2193 est”,
2574 2144 2665 2184 vos
2693 2130 2854 2183 denet
2879 2170 2894 2192 ,
2921 2137 2974 2184 et
3013 2144 3134 2183 cum
3181 2126 3389 2196 justit-ia

1819 2228 2140 2287 apparentes
2175 2219 2341 2290 gloria
2378 2235 2472 2275 sua
2509 2223 2751 2283 satiet",
2800 2235 2919 2292 qua:
2948 2219 3163 2288 quidem
3211 2217 3389 2272 cerni-

139 2341 222 2386 tur
256 2334 315 2387 in
351 2330 566 2386 Christo
610 2327 735 2384 Jesu
779 2329 1006 2384 Domino
1052 2337 1270 2392 nostro,
1307 2324 1393 2379 cui
1439 2320 1630 2384 eloria,
1654 2325 1708 2372 et
1746 2312 2004 2386 potentia,
2056 2323 2108 2366 et
2141 2314 2326 2377 honor,
2352 2325 2405 2368 et
2467 2317 2706 2369 adoratio
2737 2315 2788 2369 in
2819 2313 3013 2370 saecula
3042 2310 3381 2368 saeculorum.

141 2429 335 2482 Amen.

205 2567 252 2601 ⁸ν
287 2565 308 2618 1
341 2579 496 2620 .oan.
532 2580 606 2631 tv,
639 2562 723 2618 16.
798 2563 843 2595 ⁸⁸
870 2561 1025 2616 Joan.
1064 2577 1186 2622 xm,
1227 2559 1315 2613 54.
1395 2558 1439 2588 ⁸⁸
1464 2555 1692 2628 Philipp.

1820 2567 1843 2616 ἱ.
1920 2563 1964 2595 ³⁸
1993 2561 2134 2617 Psal.
2167 2579 2384 2628 Lxxxt't,
2413 2564 2460 2616 7.
2537 2565 2576 2594 "
2609 2563 2749 2616 Psal.
2775 2580 2883 2626 κνι,
2911 2564 3000 2617 15.

210 2679 328 2750 (28)
359 2677 772 2747 Νομοθετήσῃ.
809 2694 828 2727 ι
861 2674 932 2730 Ut
961 2674 1284 2738 fraternam,
1315 2681 1553 2726 mutuam
1583 2675 1716 2728 chao

152 2752 363 2804 ritatem
397 2750 627 2804 sanciat.
667 2767 686 2799 ι

215 2821 330 2890 (29)
374 2819 492 2890 Σὺν
516 2819 694 2887 λόγῳ.
718 2815 863 2890 Reg.
883 2815 998 2882 -ph,
1033 2813 1295 2890 ῳλλὸχιρ.

215 2883 331 2958 (50)
376 2889 488 2943 Καὶ
534 2883 622 2955 ειξ
667 2888 740 2941 τὰ
782 2888 1142 2956 ἔμπροσθεν.
1194 2883 1424 2938 Bittius:
1479 2902 1497 2934 ι
1535 2884 1603 2938 ad
1657 2899 1717 2937 ea

150 2977 265 3030 quae
303 2974 332 3012 a
364 2959 544 3014 fronte
575 2966 795 3030 sunt_,__i_
831 2966 934 3012 etc.

215 3031 330 3103 (51)
399 3031 608 3084 Ἔνθα.
647 3046 667 3080 ι
699 3025 823 3083 Ubi.
856 3045 874 3077 ι

1890 2673 2002 2744 (52)
2055 2675 2456 2744 Ἐποφθείσης
2499 2675 2568 2728 ἐν
2603 2675 2835 2744 Χριστῷ
2879 2676 3103 2744 Ἰησοῦ.
3157 2677 3285 2743 Qum
3338 2679 3390 2732 in

1816 2744 1977 2800 editis
1999 2757 2312 2814 sequuntur,
2345 2747 2538 2816 desunt
2567 2745 2620 2798 in
2646 2749 2816 2800 tribus
2843 2746 3038 2816 Regg.,
3070 2748 3160 2813 qui
3185 2751 3389 2802 addunt

1820 2816 2347 2890 tan_tum’épﬁv._lta
2375 2815 2538 2890 Coisl.
2567 2816 2626 2878 2,
2655 2815 3269 2890 resectoetiam’Apﬁv.
3288 2819 3393 2874 Alii

1818 2885 2040 2966 addunt,
2062 2879 2122 2953 ᾤ’
2203 2885 2328 2966 δόξα
2357 2887 2438 2950 εἰς
2462 2887 2586 2950 τοὺς
2612 2887 2837 2951 αἰῶνας.
2878 2889 3072 2959 Ἀμήν,
3112 2879 3252 2945 (cui
3278 2890 3391 2961 glu-

1823 2957 1900 3007 ria
1931 2957 1984 3009 in
2018 2957 2234 3012 saecula.
2272 2957 2468 3010 Amen.

734 3316 892 3390 247
943 3329 1518 3423 MONITUM
1592 3330 1714 3418 IN
1791 3326 2512 3419 ORATIONEM
2590 3323 2820 3421 XII.
2893 3303 2903 3326 '

226 3638 277 3700 ι.
321 3635 844 3715 Inaugurantium
889 3635 1184 3715 manibus
1236 3635 1630 3705 «cervicem,
1685 3651 1810 3715 non
1869 3635 2149 3696 animum
2192 3635 2506 3697 ﬂexerat»
2559 3635 2905 3713 Gregorius
2937 3637 3080 3714 (33).
3137 3635 3388 3715 Itaque,

155 3713 863 3797 postquam'ordinatus
923 3721 1017 3774 est
1067 3713 1432 3797 episcopus,
1479 3713 2022 3792 quemadmodum
2071 3715 2200 3797 jam
2259 3722 2440 3797 antea
2497 3720 2636 3792 post
2686 3713 2978 3797 collatum
3017 3713 3138 3777 sibi
3189 3713 3393 3797 sacer-

159 3791 673 3865 dotii'ordinem,
718 3791 957 3870 fugam,
1003 3809 1192 3871 quam
1231 3793 1354 3855 sub
1395 3791 1532 3870 ipsa
1579 3809 1740 3869 pene
1783 3809 2089 3853 manuum
2136 3791 2551 3870 impositione
2596 3793 3042 3866 meditabatur,
3098 3795 3393 3871 arripuit.

159 3879 280 3938 Non
315 3881 561 3936 tantum
612 3871 982 3934 solitudinis
1013 3887 1211 3942 amor,
1263 3888 1490 3951 verum
1521 3871 1709 3951 etiam
1763 3871 2250 3951 contentionum
2303 3873 2512 3951 timor,
2550 3873 2864 3951 hancipsi
2907 3871 3117 3948 fugam
3167 3874 3392 3934 suasit.

159 3959 283 4017 Jam
333 3953 507 4016 enim
567 3967 866 4027 magnum
919 3959 1214 4026 eruperat
1267 3948 1811 4029 dissidiumiuter
1865 3950 2169 4012 Basilium
2205 3957 2266 4011 et
2302 3950 2712 4025 Anthimum,
2766 3948 3044 4029 quorum
3089 3953 3247 4013 alter
3273 3952 3398 4013 Cae-

161 4049 384 4104 sarea),
415 4030 576 4093 alter
623 4031 855 4106 Tyanee
911 4038 1042 4109 erat
1085 4029 1376 4109 antistes.
1427 4027 1824 4109 Cappadocia
1864 4029 2182 4107 siquidem
2243 4029 2303 4089 in
2349 4032 2509 4092 duas
2553 4027 2936 4109 provincias,
2993 4047 3132 4103 seu,
3171 4031 3235 4092 in
3276 4033 3400 4108 pri-

161 4130 310 4174 mam
377 4117 459 4190 et
512 4108 1371 4190 secundamiCappadociam
1442 4107 1838 4190 nuperrime
1875 4109 2121 4180 divisa,
2169 4109 2405 4190 factum
2470 4107 2609 4190 est,
2670 4117 2739 4171 ut
2790 4111 2852 4171 in
2923 4111 3080 4190 duas
3134 4107 3396 4190 quoque

171 4189 542 4265 metropoles
589 4187 792 4268 divisa
841 4189 923 4268 sit
985 4186 1690 4268 Spiritualis__po_testas.
1743 4188 1968 4249 Primae
2018 4197 2231 4268 autem
2277 4187 2697 4268 Cappadocia)
2749 4197 3010 4264 prteerat
3064 4186 3387 4260 Basilius,

162 4264 443 4330 secundm
492 4282 641 4329 vero
690 4266 1063 4327 Anthimus.
1114 4265 1280 4345 Hine
1321 4264 1740 4326 dissitliorum
1803 4268 2006 4343 origo.
2063 4289 2092 4323 α
2128 4264 2460 4328 Plurima»
2514 4269 2685 4328 enim
2750 4292 2779 4326 α
2825 4286 2900 4330 ex
2956 4268 3147 4345 priori
3211 4285 3393 4329 nova;

162 4345 485 4436 metmp‘oli
531 4345 1047 4436 a‘djungebantur
1077 4343 1249 4436 Δ(34).
1287 4366 1315 4401 iu
1357 4345 1443 4436 De
1497 4345 1762 4436 Sasimis
1814 4346 2132 4436 praecipue
2180 4345 2511 4436 litigabant
2551 4346 2736 4436 ambo
2788 4343 3397 4436 praesules..ldeireo

161 4447 186 4486 a
238 4425 475 4487 Basilio
531 4423 898 4501 Theologus
951 4429 1168 4503 noster
1231 4430 1506 4503 creatus
1545 4430 1639 4503 est
1689 4423 2087 4503 _S_asimorum
2151 4425 2515 4502 episcopus.
2584 4427 2741 4486 Cum
2789 4423 3007 4486 autem
3072 4425 3170 4485 vir
3222 4427 3394 4503 pacis

160 4522 364 4568 amans
417 4505 670 4564 timeret
726 4519 806 4564 ne
851 4518 962 4574 pro
1003 4501 1354 4580 (Sasimensi
1399 4501 1552 4563 sede
1603 4501 1842 4563 bellum
1891 4519 2112 4580 gerere
2187 4501 2531 4575 videretur,
2587 4525 2615 4558 α
2648 4504 2940 4564 concitus
2989 4504 3053 4580 in
3113 4501 3390 4564 montem

158 4583 328 4662 fugit,
385 4591 456 4645 ut
501 4584 706 4643 charte
773 4579 1147 4663 solitudinis
1207 4579 1457 4663 deliciis
1511 4581 1864 4663 frueretur,
1908 4579 2123 4659 'seque
2179 4589 2382 4643 totum
2429 4581 2852 4662 phiIUSOphize
2902 4579 3060 4663 (35),
3101 4604 3128 4637 ››
3189 4582 3251 4644 id
3303 4591 3399 4644 est

157 4657 448 4724 solitariae
500 4667 562 4721 et
619 4658 984 4721 monasticae
1036 4658 1177 4720 vitm
1222 4657 1668 4720 exercitationi
1724 4657 2044 4720 «daretdi

226 4743 303 4804 ll.
363 4737 608 4802 Verum
661 4738 1034 4815 Gregorius,
1078 4759 1107 4794 ‹‹
1141 4738 1286 4818 aliis
1331 4737 1398 4818 in
1445 4737 1636 4800 rebus
1683 4746 2008 4812 constans,
2034 4764 2064 4796 ,υ
2115 4745 2184 4801 ut
2225 4743 2302 4801 de
2342 4757 2411 4802 se
2451 4738 2591 4818 ipso
2642 4745 2909 4801 testatur
2952 4739 3100 4818 (36),
3157 4763 3187 4798 α
3222 4741 3286 4802 in
3322 4759 3397 4803 eo

159 4830 276 4884 erat
320 4821 617 4897 ignavus,
671 4819 840 4897 quod
902 4817 1094 4894 patris
1148 4817 1304 4877 iram
1336 4815 1500 4897 ferre
1551 4833 1676 4897 non
1712 4824 1948 4894 posset.
1980 4841 2008 4874 »
2044 4818 2250 4880 Cessit
2312 4815 2508 4894 igitur
2539 4819 2814 4897 parenti,
2865 4827 2930 4880 et
2960 4815 3109 4880 'eit'o
3166 4838 3202 4882 e
3249 4819 3396 4894 fuga

159 4895 378 4960 rediit:
409 4900 570 4958 Tum
613 4895 786 4974 pater
836 4897 1067 4956 iterum
1101 4902 1294 4974 atque
1343 4895 1571 4957 iterum
1621 4895 1820 4956 ﬁlium
1865 4896 2314 4958 vehementius
2354 4895 2593 4958 hortari
2640 4896 2850 4974 C(Bpil,
2905 4905 2969 4958 ut
3009 4897 3397 4962 Sasimensis

157 4976 445 5040 Ecclesia,
500 4975 820 5055 regimen_
854 4976 1237 5052 susciperet.
1302 4975 1448 5052 Ipse
1502 4977 2195 5055 vero,_rconstanterin
2257 4975 2583 5055 preposito
2643 4993 3078 5052 perseverans,
3138 4996 3400 5053 prorsus

158 5057 487 5118 recusavit.
549 5056 731 5116 Tunc
786 5053 1043 5115 demum
1101 5060 1300 5128 pater,
1353 5059 1484 5113 tum
1533 5053 1855 5131 precibus,
1911 5060 2039 5115 tum
2078 5053 2297 5127 minis,
2343 5062 2471 5115 tum
2508 5055 2910 5128 auctoritate,
2965 5065 3095 5116 tum
3137 5059 3397 5117 rationi-

159 5135 288 5208 bus,
339 5133 644 5205 obtinuit,
687 5139 756 5194 ut
797 5133 966 5193 ﬁlius
1010 5149 1130 5192 una
1179 5149 1394 5193 secum
1443 5154 1471 5187 «
1509 5131 1904 5194 collaborans
1936 5134 2352 5195 Nazianzenaa
2400 5133 2697 5195 Ecclesiae
2743 5152 2957 5196 curam
3010 5144 3280 5211 gereret,
3334 5155 3401 5197 ac

163 5214 322 5275 velut
369 5229 615 5293 magnae
668 5211 915 5293 cuidam
953 5211 1224 5293 aquilae,
1278 5217 1339 5271 et
1372 5211 1690 5272 altissime
1742 5213 2004 5293 volanti,
2043 5213 2256 5290 pullus
2295 5229 2443 5293 non
2484 5212 2738 5293 inutilis
2789 5231 2822 5272 e
2861 5216 3226 5293 prepinquo
3273 5215 3395 5274 cir-

159 5309 290 5353 cum
337 5287 600 5352 assidue
648 5290 886 5351 volaret
945 5287 1067 5370 (3'1)
1096 5311 1182 5370 ;ﬂ»
1237 5306 1306 5370 ea
1355 5296 1562 5370 tamen
1610 5290 2000 5362 conditione,
2043 5287 2126 5370 fut
2162 5309 2240 5352 ne
2290 5291 2534 5370 invitus
2585 5291 2737 5352 huic
2766 5287 3134 5368 alligaretur
3176 5295 3400 5355 Eccle-

158 5372 279 5442 size,
322 5379 407 5440 et,
461 5377 722 5448 parente
769 5368 1044 5441 mortuo,
1085 5368 1480 5448 discedendi,
1547 5378 1609 5430 et
1654 5387 1783 5448 quo
1815 5369 2009 5432 vellet
2041 5369 2309 5432 liberam
2366 5369 2626 5432 haberet
2664 5372 2942 5432 abeundi
2998 5370 3395 5434 facultatem.

227 5450 334 5512 lll.
403 5447 535 5510 Hac
580 5448 1182 5528 igitur_occasione,
1229 5455 1292 5508 et
1358 5447 1476 5510 hoc
1532 5447 1689 5524 ipso
1735 5457 2043 5528 tempore,
2097 5455 2375 5512 exeunte
2415 5449 2719 5511 nimirum
2763 5467 2931 5510 anno
2976 5451 3119 5521 372,
3155 5453 3401 5512 duode-

158 5528 374 5590 cimam
429 5531 590 5588 hanc
646 5526 1000 5607 orationem
1051 5526 1431 5607 habuitaln
1484 5545 1554 5607 ea
1611 5526 1879 5589 debitas
1915 5529 2225 5606 Gregorio
2277 5528 2442 5607 patri
2505 5530 2726 5590 laudes
2781 5529 3029 5604 tribuit,
3084 5530 3220 5604 qui,
3275 5529 3400 5591 etsi

157 5609 376 5685 quovis
424 5607 552 5669 alio
597 5627 625 5660 ι(
665 5605 974 5667 valentior
1023 5623 1092 5666 ac
1128 5604 1433 5668 fervidior
1492 5606 1580 5684 (ιι.
1615 5607 1698 5686 3),
1737 5631 1764 5662 ››
1814 5604 2168 5685 adjutorem
2223 5604 2428 5670 tamen
2474 5608 2599 5669 sibi
2645 5615 2980 5686 qumreret,
3033 5627 3148 5672 nec
3189 5609 3399 5672 homi-

213 5772 326 5838 (33)
357 5771 542 5826 Carm.
573 5769 630 5836 2,
664 5785 808 5824 vers.
850 5770 973 5825 487.

213 5843 326 5908 (54)
362 5845 456 5908 0r.
494 5857 649 5903 mn,
678 5857 730 5893 ιι.
765 5840 856 5895 58.

213 5845 304 5901 (54
362 5845 456 5908 0r.
494 5857 649 5903 mn,
678 5857 730 5893 ιι.
765 5845 856 5895 58.

213 5845 326 5985 (35)
367 5913 552 5969 Carm.
583 5913 639 5975 2,
673 5926 815 5966 vers.
859 5911 980 5966 490.

471 6008 742 6068 PATROL.
791 6004 908 6065 Gn.
957 6006 1130 6066 XXX
1148 6009 1218 6070 Υ.

2491 6022 2493 6025 ·
3004 5999 3082 6061 27

1900 5771 2013 5839 (56)
2055 5773 2211 5840 lbid.,
2243 5789 2384 5828 vers.
2426 5773 2551 5828 495.

1903 5844 2012 5916 (57)
2053 5843 2144 5898 0r.
2181 5861 2276 5910 xtl,
2309 5861 2359 5896 ιι.
