3844 6390
493 383 599 437 R43

1695 385 1751 441 S.
1791 381 2123 441 GREGORII
2157 379 2506 439 THEOLOGI
3630 381 3712 437 ω

503 511 655 554 num
681 492 935 574 judicia
969 497 1308 574 metueret,
1357 509 1435 554 eo
1471 495 1819 574 praesertim
1857 502 2164 572 tempore,
2205 510 2334 574 quo
2369 516 2398 550 α
2427 491 3133 574 episcgpalisdignitas,
3168 493 3518 574 multorum
3550 494 3707 567 vitio,

506 573 788 651 miriticte
835 570 1163 651 cujusdam
1213 571 1557 651 voluptatis
1608 572 1793 651 plena
1819 570 2357 649 judiéabaturm.
2413 572 2498 648 3).
2535 594 2560 626 υ
2595 572 2872 651 Erponit
2914 572 3167 643 deinde,
3202 572 3353 633 hinc
3402 590 3592 633 suum
3625 592 3708 632 sn-

503 650 788 739 litudinjs
819 650 1183 739 quietisque
1225 647 1667 739 desiderium,
1702 647 1882 739 illinc
1923 657 2360 739 metum-quo
2410 647 2814 739 percellitur,
2867 667 2970 739 ne_
3013 652 3155 739 Deo.
3186 654 3711 739 voc_anti,_atque

500 728 794 790 Ecclesim
842 726 1096 789 utilitati
1126 729 1318 790 desit.
1364 729 1540 802 Quos
1585 731 1748 791 inter
1784 730 2073 802 affectus,
2111 751 2139 784 α
2171 726 2461 790 timorem
2499 751 2528 784 »
2577 726 2821 790 scilicet
2855 751 2882 784 α
2920 734 2978 790 et
3014 729 3453 806 cupiditatem,
3488 736 3570 791 ita
3606 726 3712 793 me.

463 807 676 872 ,dium
733 806 1047 886 quoddam
1086 807 1207 868 iter
1249 809 1566 886 sequitur,
1629 816 1696 868 ut
1745 808 1968 886 partim
2030 807 2392 885 cupiditati,
2440 807 2666 885 partim
2723 806 2978 882 spiritui
3015 806 3380 886 satisfaciat

3435 808 3528 885 (η.
3570 812 3710 885 5);ι

499 902 569 946 ac
616 886 702 946 ita
753 885 1112 962 paciscitur,
1167 894 1233 946 ut
1285 885 1496 964 neque
1546 904 1615 948 se
1671 885 1970 948 Ecclesiae
2018 886 2274 963 penitus
2332 892 2614 963 negaret,
2673 902 2882 963 neque
2941 885 3132 947 etiam
3194 905 3226 947 a
3284 886 3530 949 dilecta)
3579 889 3707 949 soli-

501 964 742 1024 tudinis
810 964 1130 1024 desiderio
1197 964 1606 1036 descisceret,
1654 967 1708 1026 si
1765 965 2107 1043 aliquando
2164 965 2361 1040 ipsam
2429 972 2722 1043 repetere
2761 983 2869 1041 per
2913 981 2984 1026 se
3048 965 3322 1026 licuerit.
3381 966 3560 1028 Unde
3603 983 3712 1028 sua

499 1043 807 1122 libertatis
865 1044 1308 1120 recuperandae
1360 1050 1613 1121 tempus
1665 1045 1741 1106 ad
1802 1042 2089 1122 parentis
2119 1045 2366 1104 obitum
2424 1042 2801 1120 praestituit;
2839 1051 3032 1122 atque
3071 1043 3231 1105 hanc
3274 1044 3710 1117 conditionem,

487 1125 622 1202 'tam
675 1121 865 1193 clare,
926 1128 1210 1202 tamque,
1243 1123 1480 1183 diserte
1525 1125 1843 1191 enuntiat,
1892 1130 1964 1202 ut
2015 1121 2243 1182 mirum
2277 1126 2360 1202 sit
2395 1128 2668 1202 exstare,
2712 1131 2819 1202 aut
2855 1123 3047 1183 etiam
3089 1123 3416 1202 exstitisse
3454 1141 3707 1202 unquam

500 1201 804 1279 aliquem,
856 1203 966 1278 qui
1016 1201 1415 1277 Tlieologum
1480 1209 1767 1263 nostrum
1819 1200 2234 1263 Nazianzenus
2275 1200 2577 1262 Ecclesim
2630 1199 3002 1279 episc0pum
3066 1200 3322 1274 dixerit,
3380 1210 3493 1263 aut
3529 1199 3712 1265 credi-

490 1278 689 1340 derit.

981 1606 1364 1687 ORATIO
1391 1604 1603 1687 XII“-

3532 1450 3661 1464 ——

2687 1604 3046 1693 ΛΟΓΟΣ
3081 1598 3227 1686 1Β’.

575 1789 739 1861 248
769 1790 846 1841 Ad
873 1798 1094 1858 patrem.
1124 1805 1240 1842 cum
1279 1791 1326 1842 ei
1368 1787 1724 1868 Nazianzeuw
1759 1786 2004 1842 Ecclesite

2183 1790 2271 1854 Ε’ὶς
2296 1790 2415 1868 ,τὸ-ν
2471 1790 2693 1868 πατέρα
2733 1788 2876 1868 ('58)~
2899 1789 3138 1868 ὲαρζοῦ,
3157 1859 3185 1868 υ
3205 1792 3365 1868 air-{25‘
3418 1788 3722 1868 ἐπέτρεψεν

992 1877 1169 1911 curam
1212 1861 1571 1912 commisisset.

571 1970 609 2021 1.
646 1966 717 2020 Os
768 1983 934 2020 meum
999 1967 1212 2031 aperui,
1254 1976 1300 2019 et
1348 1967 1548 2018 attraxi
1607 1964 1862 2033 Spiritum
1906 1965 1972 2029 ³⁸,
2008 1980 2069 2020 ac

501 2076 617 2114 mea
642 2060 846 2123 omnia,
885 2073 1075 2126 meque.
1123 2058 1258 2112 adeo
1309 2059 1482 2126 ipsum
1539 2056 1767 2126 Spiritui
1818 2058 1958 2111 dono
1988 2056 2069 2112 of-

503 2156 636 2217 [ἐι-ο.
670 2154 934 2207 actionem
978 2166 1039 2204 ac
1087 2164 1413 2214 sermonem,
1445 2148 1615 2202 otium
1649 2163 1712 2202 ac
1747 2149 2020 2202 silentium
2051 2168 2064 2202 :

498 2256 710 2300 tantum
751 2259 834 2298 me
879 2243 1091 2305 habeat,
1118 2256 1180 2296 ac
1229 2242 1409 2306 ducat,
1443 2251 1605 2310 atque
1646 2250 1701 2296 et
1735 2257 1974 2307 manum,
2014 2249 2070 2296 et

501 2349 756 2402 mentem,
783 2348 835 2392 et
859 2337 1093 2406 linguam
1137 2335 1204 2389 ad
1233 2349 1294 2390 ea
1321 2349 1443 2403 quae
1477 2341 1686 2402 oportet
1713 2341 1768 2386 et
1798 2333 1930 2398 vult,
1956 2347 2069 2386 mo-

501 2440 662 2494 veat;
703 2444 997 2499 rursusque
1028 2429 1094 2482 ab
1130 2428 1195 2482 iis
1239 2429 1490 2492 abducat,
1527 2441 1554 2479 a
1593 2425 1786 2495 quibus
1817 2427 1990 2490 decet,
2016 2435 2072 2480 et

502 2521 769 2576 abstinere
806 2529 1040 2590 praistat.
1069 2518 1340 2584 Organum
1391 2519 1632 2572 divinum
1666 2519 1781 2586 ipse
1807 2533 1944 2582 sum,
1978 2533 2070 2572 or-

501 2629 699 2678 ganum
734 2613 941 2667 ratione
964 2612 1543 2680 prteditum,organum
1573 2612 1713 2679 quod
1747 2627 1775 2664 a
1812 2611 2069 2680 praeclaro

504 2702 732 2767 artiﬁce,
770 2704 870 2757 hoc
901 2711 1004 2766 est,
1044 2717 1073 2755 a
1103 2701 1301 2771 Spiritu
1329 2711 1537 2767 sancto,
1573 2716 1802 2757 concors
1833 2702 2071 2756 redditur

421 2829 424 2832 η
498 2809 568 2848 ac
604 2793 862 2863 pulsatur.
934 2792 1060 2847 Heri
1120 2791 1392 2846 silentium
1439 2792 1820 2861 Operaliatur?
1859 2792 2070 2847 silentio

504 2884 804 2938 studebam.
838 2880 1008 2936 Hodie
1053 2893 1288 2938 mentem
1329 2883 1554 2950 pulsat?
1583 2884 1853 2944 sermonis
1880 2898 2067 2938 sonum

505 2976 692 3037 edam,
731 2987 794 3027 ac
834 2974 978 3042 loqui
1024 2973 1272 3031 studebo.
1317 2972 1428 3026 Nec
1464 2988 1627 3036 vero,
1659 2981 1753 3028 aut
1797 2982 1944 3027 tanta
1987 2972 2068 3027 lo-

505 3065 776 3132 quacitate
798 3079 937 3129 sum,
971 3073 1029 3117 ut
1064 3064 1226 3118 verba
1265 3065 1446 3120 facere
1479 3065 1716 3135 cupiam,
1749 3081 1869 3120 cuni
1898 3063 2069 3133 Spiri-

2241 1858 2428 1912 ιιὺτὸν
2447 1858 2775 1927 φροντίζειν
2803 1859 2913 1928 τῆς
2930 1859 3246 1920 Ναζιανζοῦ
3287 1863 3655 1927 Ἐκκλησίας.

2238 1971 2312 2024 A'.
2350 1973 2417 2026 Τὸ
2446 1974 2636 2040 στόμα
2657 1991 2775 2042 μου
2804 1970 3037 2042 ἤνοιξα,
3070 1974 3167 2028 καὶ
3195 1976 3456 2029 εἶλκυσα
3486 1974 3722 2043 Πνεῦμα,

2171 2064 2264 2116 καὶ
2292 2063 2480 2133 δίδωμι
2506 2065 2573 2117 τὰ
2601 2064 2836 2134 ἐμαυτοῦ
2861 2065 3057 2128 πάντα,
3089 2067 3183 2120 καὶ
3208 2067 3447 2137 ἐμαυτὸν
3472 2066 3549 2136 τῷ
3571 2065 3722 2118 Πνεὺ-

2174 2176 2322 2229 ματι,
2351 2159 2446 2211 καὶ
2473 2157 2691 2228 πρᾶξιν,
2725 2161 2818 2211 καὶ
2845 2157 3028 2226 λόγον,
3056 2159 3152 2211 κα)⁹
3178 2157 3480 2228 ἀπραξίαν,
3502 2160 3595 2210 καί
3619 2173 3724 2209 σιω-

2171 2251 2278 2321 πήν
2299 2266 2311 2278 ·
2355 2249 2514 2319 μόνον
2542 2249 2711 2320 ἐχέτω
2760 2266 2849 2320 με,
2886 2250 2978 2303 καὶ
3006 2249 3207 2318 ἀγέτω,
3253 2250 3348 2304 καὶ
3399 2249 3614 2302 κινείτω
3648 2248 3725 2301 καὶ

2171 2343 2346 2412 χεῖρα,
2382 2341 2474 2394 καὶ
2509 2340 2653 2404 νοῦν,
2687 2341 2781 2394 καὶ
2823 2339 3097 2408 γλῶσσαν,
3129 2340 3214 2410 ἐφ’
3248 2340 3284 2394 ἃ
3329 2341 3412 2394 δεῖ
3443 2341 3538 2393 καὶ
3567 2339 3725 2410 βούλε-

2170 2416 2258 2486 ται
2291 2432 2401 2503 (59)
2418 2449 2430 2462 '
2471 2433 2565 2486 καὶ
2593 2432 2850 2500 ἀπαγέτω
2881 2432 3042 2486 πάλιν
3066 2433 3158 2502 ἀφ’
3181 2427 3255 2486 ὧν
3281 2433 3394 2504 (40)
3421 2434 3521 2495 δεῖ,
3549 2434 3638 2486 καὶ
3663 2427 3726 2486 ὧν

2171 2525 2409 2594 ἄμεινον.
2439 2525 2706 2595 Ὄργανόν
2729 2528 2843 2595 ειμι
2874 2524 3036 2587 Θεῖον,
3062 2524 3293 2596 ὄργανον
3317 2525 3555 2593 λογικὸν,
3580 2525 3724 2597 ὄργα-

2171 2633 2258 2668 νον
2283 2615 2432 2686 καλῷ
2467 2616 2686 2689 τεχνίτῃ
2714 2616 2792 2687 τῷ
2812 2616 3090 2688 Πνεύματι
3119 2619 3494 2690 ἁρμοζόμενον
3519 2620 3611 2672 καὶ
3630 2618 3726 2690 (Μ)

2171 2706 2516 2778 κρουόμενον.
2545 2707 2684 2772 Χθὲς
2713 2709 2934 2780 ἐνήργει
2964 2709 3062 2780 τὴν
3101 2711 3338 2782 σιωπήν;
3379 2711 3441 2763 τὸ
3475 2711 3547 2781 μὴ
3572 2709 3728 2778 λέγειν

2171 2797 2545 2866 ἐφιλοσόφουν.
2585 2798 2831 2868 Σήμερον
2877 2798 3064 2870 κρούει
3107 2799 3197 2853 τὸν
3241 2800 3400 2865 νοῦν;
3443 2802 3628 2872 ἠχήσω
3651 2801 3728 2852 τὸν

2171 2884 2345 2955 λόγον,
2375 2891 2469 2941 καὶ
2512 2888 2859 2960 φιλοσοφήσω
2895 2890 2957 2943 τὸ
2986 2885 3340 2960 φθέγγεσσαι.
3372 2893 3484 2946 Καὶ
3509 2891 3627 2944 οὔτε
3651 2891 3731 2944 λά-

2171 2977 2260 3041 λος
2283 2978 2392 3050 (42)
2426 2979 2599 3044 οὕτως
2633 2983 2770 3053 εἰμὶ,
2804 2982 2877 3046 ὡς
2902 2983 3082 3051 λέγειν
3113 2982 3423 3053 ἐπιθυμεῖν,
3459 2983 3520 3036 τὸ
3545 2985 3731 3052 σιωπᾷ-ι

2171 3071 2559 3142 ὲνεργούμενος
2580 3089 2592 3102 ·
2626 3073 2750 3126 οὕτε
2784 3074 3056 3142 σιωπηλὸς
3095 3073 3237 3128 οὕτω
3279 3075 3374 3128 καὶ
3400 3074 3630 3145 ἀμαθὴς.
3669 3074 3733 3135 ὡς

505 3170 592 3212 tus
623 3157 686 3210 in
713 3171 796 3210 me
827 3155 1098 3210 silentium
1125 3155 1326 3210 eilicit:
1362 3167 1453 3210 aut
1490 3165 1596 3212 tam
1638 3157 1827 3227 supina
1856 3157 2068 3212 tacitur-

2183 3163 2232 3214 ὲν
2266 3163 2444 3235 καιρῷ
2473 3163 2632 3234 λόγου
2658 3165 2768 3236 (45)
2798 3165 3007 3220 τιθέναι
3057 3167 3304 3238 φυλακὴν
3332 3161 3454 3236 ’τοῖς
3485 3167 3728 3236 χείλεσιγ

503 3251 671 3302 nitate
719 3257 773 3303 et
821 3248 1070 3313 inscitia,
1102 3257 1161 3301 ut
1217 3263 1338 3302 cum
1385 3248 1531 3316 loqui
1568 3250 1906 3304 commodum
1946 3259 2067 3315 est,

505 3341 658 3394 labiis
689 3340 821 3394 meis
865 3340 1161 3402 custodiam
1201 3355 1394 3409 ponam
1417 3342 1501 3404 ’3;
1540 3343 1635 3394 sed
1669 3341 1735 3394 ad
1767 3341 1984 3405 Mentis,
2017 3351 2072 3396 et

2175 3253 2309 3306 ἀλλὰ
2341 3257 2434 3308 καὶ
2463 3255 2626 3310 κλείω
2656 3258 2750 3311 καὶ
2779 3257 2980 3326 ἀνοίγω
3005 3258 3102 3329 τὴν
3137 3259 3274 3329 ἐμὴν
3309 3258 3373 3311 Θύ
3385 3276 3482 3330 ραν
3512 3258 3619 3328 NG),
3648 3259 3730 3310 καὶ

2177 3345 2353 3416 Λόγῳ,
2381 3350 2472 3401 καὶ
2501 3349 2798 3419 Πνεύματι,
2825 3353 2891 3421 τῇ
2920 3352 3018 3421 μιᾷ
3045 3352 3290 3422 συμφυῒᾳ
3314 3369 3374 3405 τε
3396 3351 3492 3405 καὶ
3517 3351 3728 3421 Θεότητι.

505 3433 761 3497 Verbi,et
793 3431 1043 3502 Spiritus.
1076 3448 1304 3501 quorum
1337 3449 1439 3486 una
1469 3444 1521 3487 et
1555 3433 1743 3487 eadem
1803 3443 1886 3489 est
1914 3442 2106 3488 natura
2146 3447 2201 3491 et
2241 3439 2532 3506 divinitas,
2596 3442 2903 3507 arbitrium,
2939 3443 3022 3498 vel
3062 3443 3288 3510 januam
3324 3459 3505 3499 meam
3551 3443 3729 3498 claudo

504 3527 587 3579 vel
622 3525 828 3594 aperio.

599 3614 638 3669 l.
672 3615 886 3684 Loquar
920 3616 1102 3686 igitur,
1148 3630 1364 3684 quanoo
1404 3626 1476 3669 tta
1513 3614 1735 3683 iubeor;
1770 3626 1824 3671 et
1856 3618 2072 3688 quidem

505 3712 571 3764 ad
604 3711 800 3762 bonum
825 3708 966 3762 hunc
996 3717 1289 3782 pastorem,
1315 3716 1368 3762 et
1401 3708 1465 3761 ad
1499 3723 1614 3771 vos,
1637 3723 1855 3780 gregem
1892 3725 2072 3765 sacro-

505 3812 774 3864 sanctum,
807 3812 1112 3855 sermonem
1132 3801 1338 3866 “habeo,
1367 3816 1540 3870 eaque
1589 3802 1764 3855 dicam
1813 3817 1931 3870 quae
1980 3803 2075 3856 ho-

507 3891 696 3946 dierno
723 3892 830 3956 die,
860 3901 915 3946 et
959 3891 1086 3946 mihi
1141 3891 1307 3957 dictu,
1336 3903 1390 3947 et
1440 3892 1592 3946 vobis
1632 3894 1814 3946 auditu
1852 3893 2073 3948 meliora

506 3999 628 4038 esse
664 3983 913 4038 arbitror.
945 3983 1083 4051 Quid
1113 3984 1209 4039 tibi
1237 3986 1450 4052 accidit,
1484 3996 1542 4040 ut
1569 3986 1771 4056 collega
1805 4002 1940 4056 opus
1975 3989 2072 4041 ha-

503 4077 666 4130 beres
695 4075 718 4128 ?
748 4076 791 4127 A
832 4084 883 4130 te
910 4077 1056 4130 enim
1106 4076 1314 4131 initium
1351 4078 1566 4144 ducam,
1596 4093 1629 4133 ο
1657 4081 1880 4133 charum
1913 4079 2072 4135 mihi-

507 4185 612 4237 que
637 4169 1000 4223 venerandum
1023 4179 1204 4238 caput,
1245 4185 1346 4225 nec
1377 4170 1470 4225 illo
1511 4172 1744 4226 Aaronis
1779 4173 1953 4242 capite
1987 4173 2071 4226 in-

505 4261 695 4326 ferius,
729 4261 780 4314 in
811 4261 952 4330 quod
977 4275 1146 4330 usque
1175 4261 1240 4315 ad
1271 4261 1490 4316 barbam
1522 4271 1578 4318 et
1598 4273 1797 4318 vestem
1835 4280 2076 4335 unguen-

2242 3625 2316 3677 B'.
2348 3624 2652 3696 Φθέγξομαι
2682 3626 2780 3695 μὲν
2818 3620 2931 3690 οὖν,
2986 3623 3170 3694 ἐπειδὴ
3218 3624 3378 3678 τοῦτο
3427 3642 3736 3694 κειευομαι,

2173 3715 2469 3787 φθέγξομαι
2511 3716 2569 3769 δὲ
2613 3718 2750 3788 πρός
2791 3734 2851 3770 τε
2891 3716 2982 3771 τὸν
3026 3717 3228 3786 ἀγαθὸν
3265 3717 3458 3771 τοῦτον
3503 3717 3738 3788 ποιμένα.

2171 3808 2266 3860 καὶ
2297 3808 2394 3880 τὴν
2433 3809 2583 3880 ἱερὰν
2627 3809 2864 3880 ποίμνην
2916 3810 3081 3880 ὑμᾶς,
3128 3810 3164 3862 ἆ
3219 3827 3307 3880 μοι
3354 3810 3507 3863 δοκεῖ
3550 3811 3743 3880 βέλτιον

2171 3894 2331 3961 εἶναι,
2360 3899 2461 3970 ἐμὲ
2489 3917 2549 3952 τε
2575 3900 2768 3964 εἰπεῖν,
2810 3899 2906 3953 καὶ
2952 3901 3099 3969 ὑμᾶς
3134 3899 3368 3953 ἀκοῦσαι
3394 3901 3656 3972 σήμερον.
3683 3900 3742 3952 Τί

2172 3992 2256 4043 ὅτι
2305 3991 2398 4044 τοῦ
2444 3991 2938 4062 συμποιμαίνοντος
2979 3991 3234 4063 ὲδεήθηςς
3284 3993 3420 4046 Ἀπὸ
3455 3993 3550 4046 σοῦ
3585 3994 3695 4062 γὰρ
3719 3995 3747 4045 ὁ

2173 4077 2328 4148 λόγος
2365 4077 2610 4149 ἄρξεται,
2651 4075 2697 4133 ὦ
2732 4081 2860 4152 φίλη
2908 4080 3005 4135 καὶ
3047 4081 3201 4152 τιμία
3248 4099 3341 4152 μοι
3380 4084 3615 4154 κεφαλὴ,
3660 4082 3746 4136 καὶ

2171 4171 2273 4243 τῆς
2313 4171 2521 4243 Ἀαρὼν
2548 4171 2761 4242 ἐκείνης
2789 4172 2934 4240 ἀξία,
2953 4172 3076 4227 καθ’
3103 4169 3172 4248 ἦς
3203 4173 3389 4239 στάζει
3422 4174 3486 4228 τὸ
3511 4191 3751 4245 πνευμα-

2172 4262 2322 4315 τικόν
2350 4279 2409 4315 τε
2452 4263 2547 4317 καὶ
2589 4264 2865 4336 ἱερατικὸν
2904 4267 3079 4319 έκεῖνο
3130 4261 3301 4336 μῦρον
3335 4267 3466 4338 ἄχρι
3497 4266 3750 4334 πώγωνος

509 4367 620 4406 tum
659 4351 785 4406 illud
824 4351 1105 4422 Spirituale
1146 4367 1210 4407 ac
1251 4354 1588 4410 sacerdotale
1627 4353 1812 4409 deﬂuit
1839 4355 1909 4410 “.
1935 4355 2068 4422 Quid

2183 4354 2268 4407 καὶ
2312 4355 2628 4426 ἐνδύματος.
2673 4357 2738 4410 Τί
2782 4358 2867 4410 ὅτι
2894 4358 3029 4428 (44),
3078 4357 3305 4422 πολλοὺς
3352 4359 3635 4430 στηρίζειν
3679 4359 3751 4410 ἔτι

505 4459 682 4500 causa.
707 4445 1173 4514 est,quamobrem
1203 4461 1324 4500 cum
1355 4447 1530 4502 adhuc
1559 4447 1755 4501 multos
1783 4447 1976 4502 fulcire
2009 4463 2068 4503 ac

2183 4444 2268 4496 καὶ
2301 4449 2658 4517 χειραγωγεῖν
2679 4427 2996 4517 δυνάμενος,
3029 4447 3125 4500 καὶ
3155 4447 3338 4518 μέντοι
3368 4427 3470 4500 καῖ
3487 4463 3753 4518 χειραγω-

503 4537 702 4591 ducere
728 4551 912 4604 queas,
943 4547 1104 4606 atque
1144 4537 1279 4592 adeo
1331 4537 1569 4607 Spiritus
1624 4539 1833 4622 viribus
1885 4540 2070 4604 ducas,

505 4626 874 4695 spiritualibus
906 4638 1080 4680 tamen
1127 4627 1437 4680 muneribus
1471 4637 1526 4682 et
1563 4629 1865 4683 actionibus
1906 4629 2075 4683 bacil-

504 4717 694 4769 tumet
737 4715 1118 4770 adminiculum
1149 4716 1372 4786 subjicis
1410 4717 1541 4771 ?An
1596 4718 1721 4787 quia
1769 4727 1818 4771 te
1854 4718 2074 4772 minime

445 4837 454 4856 .
505 4806 661 4876 fugit,
691 4821 811 4860 cum
869 4807 1078 4862 Aarone
1114 4807 1206 4864 illo
1256 4806 1551 4877 perillustri
1586 4809 1726 4874 viro,
1755 4807 2072 4862 Eleazarum

2170 4536 2282 4605 γῶν
2306 4540 2362 4592 ὲν
2390 4541 2456 4608 τῇ
2483 4539 2627 4609 ίσχύῖ
2650 4539 2744 4592 τοῦ
2773 4541 3111 4613 Πνεύματος,
3146 4540 3450 4612 βακτηρίαν
3479 4540 3757 4609 ὑποὸἀλλῃ

2170 4632 2282 4693 τοῖς
2325 4635 2716 4701 πνευματικοῖς
2770 4631 2953 4704 ἔργοις
2995 4635 3090 4686 καὶ
3136 4633 3408 4706 ἓρεισμα;
3475 4635 3546 4687 Ἣ
3599 4633 3758 4688 τοῦτο

2173 4720 2327 4784 εἰδὼς
2352 4721 2445 4775 καὶ
2479 4722 2713 4786 ἀκούων,
2744 4724 2827 4777 ὅτι
2864 4725 2958 4778 καὶ
2983 4726 3121 4796 μετὰ
3155 4724 3377 4796 Ἀαρὼν
3409 4726 3630 4779 ἐκείνου
3669 4723 3758 4778 τοῦ

2173 4811 2313 4864 πάνυ
2355 4813 2685 4885 ὲχρίσθησαν
2724 4816 2985 4888 Ἐλεάζαρ
3017 4818 3111 4870 καὶ
3153 4817 3381 4889 Ἰθάμαρ
3411 4820 3462 4871 ot
3486 4818 3600 4870 υἱοὶ
3641 4819 3758 4870 ’Δα-

584 5002 624 5036 ⁹²
659 5004 798 5061 Psal.
826 5021 1014 5070 cxvm,
1037 5007 1156 5061 151.
1233 5008 1279 5041 ’³
1310 5007 1451 5064 Psal.
1487 5022 1610 5073 cn,
1638 5006 1695 5061 '5.
1771 5006 1980 5062 “Psal.
2005 5022 2188 5063 cum
2212 5049 2225 5074 ,
2250 5011 2304 5065 9..

573 5208 761 5262 nAlias
795 5207 931 5267 Vlll;
957 5224 1075 5274 qua:
1100 5217 1277 5263 autem
1308 5209 1372 5262 l9.
1400 5218 1538 5273 erat,
1565 5224 1708 5264 nunc
1736 5207 1861 5263 6.—
1879 5209 2065 5267 Habita

509 5279 654 5335 circa
691 5295 886 5331 annum
912 5278 1018 5334 572
1037 5287 1342 5333 exeuntem.

574 5348 684 5419 ('58)
717 5350 821 5415 Εις
846 5351 951 5402 τὸν
982 5350 1204 5418 πατέρα
1224 5389 1240 5413 ,
1273 5359 1376 5402 etc.
1409 5351 1602 5406 Varius
1623 5351 1687 5404 'in
1725 5351 1886 5404 variis
1916 5352 2064 5405 codi-

503 5422 658 5473 cibus
679 5430 759 5472 est
778 5420 934 5488 hujus
954 5420 1214 5475 orationis
1237 5420 1440 5477 titulus.
1466 5422 1602 5476 Tres
1639 5421 1791 5476 Colb.
1823 5423 2019 5475 habent
2043 5437 2056 5474 :

504 5491 598 5552 Εἰς
622 5489 810 5561 ἑαυτὸν
852 5491 944 5561 καὶ
979 5492 1058 5554 είς
1088 5491 1336 5561 γέροντα.
1386 5510 1404 5542 ι
1447 5491 1503 5545 In
1534 5492 1765 5555 seipsum
1796 5501 1850 5545 et
1881 5490 1947 5544 ad
1976 5505 2065 5544 se-

505 5574 649 5634 nem.
682 5580 701 5612 ›
753 5559 996 5634 l_n_lteg._
1033 5559 1650 5634 Μοίρι-ο-ὲπέτρεψεν,
1721 5560 1912 5631 legitur
1964 5562 2064 5614 ὲπ-

504 5628 734 5704 ετρέιφη.
747 5628 957 5704 γιαῐὶθςί
985 5631 1075 5704 lin,
1095 5628 1390 5704 inst-prim]
1405 5703 1408 5704 ν
1424 5628 1746 5704 φροντίζειν.

576 5700 686 5779 (ὖίξ)
727 5699 828 5779 de?
866 5700 964 5753 xui
993 5699 1295 5764 βούλεται.
1337 5699 1520 5759 Billius
1553 5721 1566 5757 :
1621 5721 1638 5755 ι
1680 5716 1798 5773 quae
1832 5701 2056 5759 honesta

506 5779 628 5822 sunt
655 5771 857 5840 ipsique
890 5783 1060 5840 grata.
1093 5792 1110 5823 ι

2249 5209 2362 5283 (ὶο)
2429 5213 2543 5282 Ἀφ’
2587 5208 2695 5280 ὥν,
2745 5222 2849 5270 etc.
2893 5217 3014 5271 Bill.
3070 5235 3090 5268 ι
3145 5219 3187 5272 Α
3233 5220 3430 5289 quibus
3476 5219 3759 5276 abetinere

2178 5293 2828 5428 Ρΐὲιιῗιῖιίῖομοζόμενον
2847 5357 2965 5424 καί,
2995 5365 3102 5412 etc.
3138 5377 3158 5410 ε
3186 5357 3462 5428 Organum
3487 5359 3761 5428 praclaro

2171 5424 2365 5498 artiﬁci
2397 5424 2664 5498 aptatum,
2697 5437 2752 5498 et
2782 5428 2922 5495 quod
2964 5429 3031 5480 ab
3060 5429 3151 5482 illo
3182 5424 3448 5498 pulsatur.
3479 5424 3499 5479 ἰ

2251 5494 2364 5568 (42)
2398 5493 2616 5568 Λάλρς.
2657 5515 2675 5547 ι
2707 5493 2817 5568 Nec
2841 5512 2970 5552 vero
2997 5498 3070 5551 ita
3099 5493 3219 5553 sum
3249 5500 3609 5568 garrulus....
3645 5515 3762 5556 cum

2170 5565 2440 5622 silentium
2476 5565 2654 5619 atllatu
2686 5566 2994 5621 indicitura

2174 5636 2371 5778 mugiit
2410 5635 2520 5757 :Er
2567 5636 2749 5706 καιρῷ
2792 5637 3000 5706 λόγον’
3051 5657 3069 5690 ‘
3111 5638 3247 5694 cum
3295 5648 3511 5710 ιεωριιε
3561 5650 3654 5696 est
3695 5640 3767 5696 lo-

2239 5776 2347 5848 (44)
2389 5777 2447 5830 Τί
2467 5776 2573 5831 ὅτι.
2603 5777 2692 5834 Sic
2713 5777 2947 5835 Colbert.
2967 5794 3016 5846 c,
3030 5789 3078 5836 et
3102 5778 3264 5835 Herv.
3287 5779 3448 5838 Deest
3465 5780 3583 5845 ὅτι,
3610 5781 3666 5838 in
3683 5783 3765 5837 ed.
