3844 6390
155 383 235 441 845

1217 357 1472 413 ORATIO
1511 357 1627 412 ιιι.
1667 388 1734 397 -—
1774 358 1866 412 AD
1903 351 2201 411 PATREM.

3225 334 3327 410 aid

160 500 268 573 Paw;
297 491 376 544 τὸν
398 487 494 557 γᾶρ
517 482 698 537 Ναδὰὸ
718 485 811 536 καὶ
851 480 1056 534 ’Λὸιοὺδ
1076 478 1217 573 εκὼν
1243 481 1620 552 ὑπερδήσομαι
1641 522 1656 548 ,

1782 481 1925 535 :tiam
1969 489 2024 534 et
2063 478 2392 533 lthamarum
2435 476 2667 531 Aarouis
2716 476 2854 530 filios
2900 477 3186 532 sacerdotii
3213 479 3330 532 oleo

158 572 232 646 ἶέει
254 585 340 654 τῆς
375 576 728 651 βλασφημίας·
774 574 868 628 καὶ
911 572 1152 643 Μωῦσῆς
1192 573 1308 626 ἀνθ’
1344 573 1538 626 ἑαυτοῦ
1569 575 1660 627 τὸν

161 675 328 756 Ἰησοῦν
374 668 738 725 ἀναδείκνυσιν
781 665 860 718 ἔτι
910 664 1019 729 ζῶν
1068 664 1190 717 ἀντὶ
1240 664 1528 736 νομοθέτου
1567 667 1662 720 καὶ

160 755 404 840 πρατηγοῡ
433 758 560 832 (45),
610 759 722 822 τοῖς
763 755 857 809 ἐπὶ
899 755 998 827 τὴν
1046 755 1148 826 γῆν
1195 755 1295 826 τῆς
1329 756 1662 824 ἐπαγγελίας

155 853 499 925 ίπειγομένοις;
533 849 644 902 Καὶ
679 847 738 902 τὸ
774 847 874 919 μὲν
903 846 1012 918 γὰρ
1039 844 1152 918 (46)
1179 847 1274 900 τοῦ
1334 846 1541 920 Ἀαρὼν
1570 849 1663 902 καὶ

151 950 221 1005 τοῦ
260 948 343 1018 Ὣρ
382 940 843 1014 ὑποστηριζόντων
890 938 989 1002 τὰς
1028 941 1217 1011 χεῖρας
1262 940 1540 1004 Μωῦσέως
1571 941 1665 1012 ἐπὶ

147 1039 218 1094 τοῦ
243 1039 401 1109 ὅρους,
429 1035 493 1088 ἶν’
525 1031 632 1103 (47)
660 1032 688 1083 ὁ
727 1028 978 1102 Ἀμαλὴκ
1005 1029 1429 1102 καταπολεμηθῇ
1456 1030 1566 1102 (48)
1587 1031 1664 1102 τῷ

149 1129 342 1202 σταυρῷ,
369 1124 640 1199 πόρρωθεν
670 1122 1166 1194 σκιαγραφουμένῳ
1192 1123 1289 1176 καὶ
1319 1125 1662 1196 τυπουμένῳ,

147 1222 256 1277 δοκῶ
280 1219 377 1292 (49)
407 1235 492 1289 μοι
519 1215 788 1287 παρήσειν
831 1213 993 1278 ἑκὼν,
1021 1213 1098 1278 ὡς
1125 1214 1184 1266 οὐ
1223 1214 1428 1284 σφόδρα
1467 1216 1664 1270 οἰκεῖον

146 1319 247 1387 ἡμῖν
271 1313 353 1367 καὶ
379 1311 681 1383 πρόσφορον
700 1325 714 1338 ·
735 1307 796 1382 οὐ
813 1307 922 1378 γὰρ
944 1304 1334 1376 συννομοθέτας
1350 1307 1533 1378 ᾑρεῖτο
1549 1307 1664 1377 (50)

143 1407 323 1468 τούτους
343 1401 591 1471 Μωῦσῆς,
635 1398 750 1453 ἀλλ’
784 1397 948 1470 εὐχῆς
992 1394 1242 1468 βοηθοὺς,
1289 1398 1384 1451 καὶ
1415 1399 1662 1470 καμάτου

144 1499 301 1572 χειρῶν
325 1495 636 1568 ἐρείσματα.

193 1763 254 1817 Γ.
288 1761 368 1814 Σοὶ
392 1760 448 1814 δὲ
485 1759 537 1812 τί
571 1759 802 1829 πάσχει;
833 1758 884 1811 τί
911 1756 1137 1829 κάμνει;
1174 1757 1247 1810 Τὸ
1279 1757 1471 1828 σῶμα;
1507 1729 1666 1811 irato-

1764 573 1930 628 fuisse
1996 570 2264 626 delibutos
2301 569 2398 622 ”!
2443 568 2630 623 Nadab
2690 568 2833 623 enim
2875 579 2929 623 et
2956 568 3233 635 Abiud“,
3265 588 3330 624 ue

1763 664 1889 734 quid
1929 662 2052 717 mali
2079 661 2278 717 ominis
2315 661 2568 732 importet
2601 663 2807 726 oratio,
2835 659 3078 716 consulto
3109 649 3332 731 praeter-'-

1763 756 1872 812 ibo.
1906 754 2140 825 Moysem
2192 753 2429 822 insuper,
2453 768 2578 810 cum
2625 753 2800 808 adhuc
2833 751 2956 807 vitae
2983 743 3146 808 usura
3183 753 3329 808 frue-

1764 854 1948 910 retur,
1979 859 2077 899 suo
2125 844 2244 899 loco
2300 842 2481 898 Jesum
2536 843 2872 913 designasse,
2914 845 3006 915 qui
3035 844 3234 901 Iudaeis
3264 829 3330 901 ad

1763 936 2142 1007 promissionis
2188 945 2390 990 terram
2433 937 2846 1006 properantibus
2883 953 2980 1007 pro
3025 938 3328 1008 legislature

1763 1043 1827 1082 ac
1865 1028 1942 1084 rei
1983 1028 2240 1102 militaris
2262 1028 2515 1098 praefecto
2541 1030 2730 1084 esset?
2761 1029 2918 1101 (Nam
2942 1031 3070 1086 illud
3102 1034 3326 1087 Aaronis

1765 1122 1927 1184 atque
1967 1112 2103 1180 Hur,
2130 1117 2223 1185 qui
2256 1117 2454 1188 Moysis
2487 1133 2677 1173 manus
2723 1121 2776 1173 in
2817 1118 2998 1176 monte
3029 1121 3193 1194 249
3221 1107 3333 1179 suf-

1765 1205 2080 1274 fulciebant,
2119 1219 2177 1262 ut
2221 1225 2316 1278 per
2342 1225 2556 1284 crucem
2597 1220 2746 1266 tanto
2775 1224 2901 1268 ante
2932 1203 3328 1284 adumbratam,

1763 1297 1984 1353 Amalec
2004 1301 2398 1376 opprimeretur
2418 1302 2462 1334 ³⁷
2484 1341 2498 1368 ,
2531 1317 2634 1357 non
2670 1303 2870 1360 invitus
2900 1308 3330 1373 praetermittam,

1765 1387 1912 1442 velut
1939 1390 2096 1444 nobis
2138 1389 2554 1462 haudquaquam
2603 1394 2787 1464 aptum
2821 1405 2983 1465 atque
3006 1387 3331 1468 appositum.

1765 1477 1949 1549 Neque
1974 1482 2116 1536 enim
2148 1497 2243 1538 eos
2270 1484 2321 1537 in
2343 1477 2521 1556 legum
2554 1469 2895 1543 institutione
2924 1490 3100 1544 socios
3125 1489 3333 1562 Moyses

1765 1572 2020 1639 habebat,
2041 1577 2133 1630 sed
2161 1575 2215 1628 in
2245 1575 2508 1632 orationis
2536 1569 3334 1651 adjutnentum,languentium;

1767 1681 1870 1736 que
1902 1681 2155 1721 manuum
2187 1667 2429 1723 levamen
2469 1671 2810 1745 asciscebat.)

1837 1756 1922 1813 Ill.
1961 1759 2100 1825 Quid
2141 1769 2319 1815 autem
2355 1761 2449 1816 tibi
2489 1762 2929 1835 condolet?quid
2953 1767 3197 1824 fatiscit?
3223 1769 3336 1826 An-

142 1853 370 1926 στηρίζειν
408 1853 624 1924 ἕτοιμος
668 1850 778 1922 (51)
805 1867 818 1880 ’
857 1849 993 1904 ἀλλὰ
1035 1850 1127 1904 καὶ
1173 1849 1530 1920 ὑπεστήριξα,
1573 1849 1666 1902 καὶ

1782 1864 1836 1904 ne
1869 1865 2063 1919 corpus
2092 1851 2116 1904 ?
2149 1851 2378 1907 Paratus
2409 1853 2622 1920 quidem
2673 1870 2772 1925 ego
2822 1869 2880 1911 ut
2910 1858 3038 1912 illud
3077 1856 3334 1930 fulciam;

139 1944 439 2015 ὲστηρίχθην,
473 1941 548 2006 ὡς
586 1943 614 1995 ὁ
661 1939 854 1994 Ἰακὼὸ
893 1943 1119 2007 ἐκεῖνος,
1173 1943 1482 2016 πατρικαῖς,
1511 1941 1664 1995 εὐλο-

140 2032 269 2098 γίαις.
308 2029 456 2083 ’Δλλὰ
495 2031 558 2082 τὸ
601 2029 847 2100 att-vstitu;
889 2030 985 2093 Τίς
1020 2030 1364 2102 ἰσχυρότερος
1399 2030 1536 2102 (52),
1573 2033 1666 2086 καὶ

140 2124 438 2196 θερμότερος,
492 2123 584 2175 καὶ
637 2122 732 2176 νῦν
773 2122 1028 2193 μάλιστα,
1070 2124 1180 2196 ὅσῳ
1218 2122 1286 2176 τὰ
1331 2123 1431 2193 τῆς
1465 2124 1666 2196 σαρκὸς

139 2215 377 2269 ὑποϐαίνει
408 2214 502 2268 καὶ
533 2213 880 2278 ὑπεξίσταται
915 2213 1048 2286 (55),
1084 2213 1269 2284 ὥσπερ
1300 2215 1457 2284 φωτὶ,
1491 2215 1551 2269 τὸ
1576 2216 1667 2269 ἀν-

139 2307 384 2379 τιφράττον
406 2306 497 2359 καὶ
526 2307 921 2377 ἀντικείμενον,
949 2307 1041 2378 καὶ
1080 2305 1286 2361 κωλύον
1318 2306 1415 2379 τὴν
1447 2307 1668 2380 λαμπη-

137 2398 264 2462 δόνα;
295 2397 434 2449 Φιλεῖ
450 2395 559 2467 γὰρ
587 2396 662 2459 ὡς
683 2395 751 2449 τὰ
780 2395 950 2450 πολλὰ
977 2396 1355 2467 ἀντιπολεμεῖν
1381 2396 1552 2451 ταῦτα
1575 2397 1669 2451 ἀλ-

138 2488 282 2560 λήλοις
322 2489 412 2541 καὶ
454 2486 902 2553 ἁντικαθέζεσθαι
930 2488 1074 2560 (54)·
1115 2487 1210 2540 καὶ
1251 2487 1408 2558 σῶμα
1446 2488 1544 2558 μὲν
1577 2489 1700 2541 εὑ-’

136 2584 296 2644 εκτεῖν,
327 2579 638 2651 καμνούσης
665 2579 861 2650 ψυχῆς,
885 2579 1062 2650 ψυχὴν
1086 2579 1142 2632 δὲ
1171 2579 1283 2651 (55)
1316 2579 1530 2633 θάλλειν
1565 2581 1660 2633 καὶ

135 2675 222 2728 ἄνω
246 2674 469 2744 βλέπειν,
495 2672 607 2726 τῶν
634 2670 838 2743 ἡδονῶν
865 2670 1272 2726 ὑποϐαινουσῶν
1313 2672 1407 2724 καὶ
1435 2688 1668 2746 συναποο

137 2765 504 2836 μαραινομένων
542 2762 623 2834 τῷ
658 2761 890 2832 σώματι.
925 2761 1026 2814 Σοῦ
1071 2761 1127 2815 δὲ
1161 2762 1256 2814 καὶ
1308 2761 1482 2824 ἄλλως
1504 2759 1668 2814 ὲθαύ-

137 2875 253 2927 μασα
275 2857 330 2910 τὸ
355 2848 618 2928 ἀρχαϊκὸν
648 2854 757 2926 (56)
784 2854 879 2908 καὶ
901 2856 1167 2922 γενναῖον,
1216 2853 1334 2917 πῶς
1365 2853 1485 2906 οὐδὲ
1513 2852 1670 2908 τοῦτο

133 2951 306 3013 ἔδεισας
337 2950 466 3021 (57),
499 2947 710 3021 σφόδρα
736 2947 844 3001 τῶν
885 2946 980 3000 νῦν
1021 2947 1266 3018 ὑπάρχον
1299 2945 1508 3018 καιρῶν
1534 2945 1666 3016 (58),

135 3045 191 3112 μή
231 3060 302 3096 σοι
336 3043 394 3096 τὸ
419 3041 641 3112 πνεῦμα
665 3039 935 3110 πρόφασις
963 3038 1213 3110 νομισθῇ,
1257 3039 1352 3092 καὶ
1394 3038 1671 3109 σαρκικῶς

131 3135 268 3188 ταῦτα
309 3134 606 3206 λαμϐάνειν
651 3131 898 3202 δοκῶμεν
942 3133 1054 3194 τοῖς
1103 3130 1336 3194 πολλοῖς,
1374 3146 1671 3200 πνευματι-

132 3227 220 3289 κῶς
243 3210 712 3298 προσποιούμενοι.
761 3223 976 3294 Ἐπειδὴ
1025 3223 1168 3301 μέγα
1212 3222 1274 3275 τὸ
1307 3223 1540 3301 πρᾶγμα
1575 3222 1668 3275 καὶ

130 3319 428 3389 τυραννικὸν,
477 3318 577 3371 καὶ
613 3316 921 3387 θαυμασίαν
947 3315 1064 3368 οἵαν
1095 3299 1216 3385 ἔχον
1259 3299 1577 3378 ἀπόλαυσιν,
1618 3315 1667 3367 οἱ

133 3409 282 3463 πολλοὶ
307 3407 626 3480 νομίζεσθαι
660 3409 1051 3478 πεποιήκασινο
1085 3406 1190 3460 κᾶν
1237 3405 1316 3484 ἔτι
1349 3406 1670 3476 στενοτέρας

127 3516 192 3563 τις
216 3500 316 3572 (59)
349 3500 555 3570 ἣκατὲι
589 3499 793 3570 ταύτην
824 3500 1104 3571 προστατῇ
1137 3497 1231 3550 καὶ
1252 3496 1511 3568 ἐξηγῆται
1555 3496 1675 3549 ποί-

132 3608 260 3662 μνης,
285 3593 374 3646 κει.)⁹
408 3592 578 3645 πλέον
622 3590 891 3664 φερούσης
918 3589 1026 3644 τῶν
1062 3588 1234 3660 ἡδέων
1277 3588 1345 3642 τὰ
1401 3587 1670 3659 μοχθηρά.

128 3683 265 3737 Τοῦτο
307 3685 402 3755 μὲν
451 3684 520 3756 δὴ
569 3683 670 3753 τῆς
716 3683 814 3754 σῆς
853 3680 965 3735 εἴτε
1001 3679 1301 3750 ἁπλότητος
1334 3678 1444 3732 εἴτε
1475 3679 1680 3748 φιλοτε-

128 3773 252 3838 itala;
273 3776 403 3846 (60),
431 3778 526 3846 ὑφ’
554 3769 626 3847 ἦς
657 3773 781 3827 οὔτε
819 3790 873 3826 τι
902 3771 1013 3825 τῶν
1047 3771 1320 3842 πονηρῶν,
1350 3768 1473 3823 οὔτε
1514 3769 1677 3833 αὐτὸς

127 3867 391 3940 παραδέχῃ,
417 3867 548 3922 οὗτε
589 3866 718 3937 περὶ
760 3863 868 3917 τῶν
914 3862 1087 3917 ἄλλων
1122 3861 1322 3934 ῥᾳδίως
1361 3860 1679 3932 ὑπολαμϐά-

127 3973 239 4020 νεις·
271 3959 460 4031 (βραδὺ
498 3957 616 4030 γὰρ
663 3959 743 4022 εἰς
794 3955 1046 4031 ὑπόνοιαν
1098 3953 1268 4007 κακοῦ
1307 3953 1368 4006 τὸ
1403 3953 1538 4026 πρὸς
1577 3971 1679 4006 κα-

126 4046 225 4101 κίαν
256 4027 641 4121 δυσκίνητονί)
688 4047 817 4129 ’ἐμοὶ
856 4027 913 4100 δὲ
960 4045 1055 4098 καὶ
1100 4039 1351 4129 δεύτερον
1416 4045 1554 4115 πρὸς
1591 4044 1682 4098 τὸν

124 4139 209 4192 εἴτε
231 4140 317 4192 σὺν
337 4143 447 4194 εῐτε
473 4139 576 4194 καὶ
607 4126 738 4194 ἐμὸν
761 4137 886 4192 λαὸν
915 4134 1109 4191 τοῦτον
1151 4126 1360 4206 ϐραχέα
1390 4133 1678 4195 διαλῖῚθῇ
1707 4209 1723 4225 ,

125 4247 210 4282 ναι.

1771 1939 1878 2014 imo
1900 1938 2013 2008 jam
2044 1938 2248 2005 fulcivi,
2276 1953 2440 2013 atque
2486 1944 2598 2012 ipse
2631 1947 2894 2011 vicissim,
2939 1965 3045 2005 non
3085 1967 3242 2009 secus
3272 1971 3338 2010 ac

1769 2028 1936 2087 Jacob
1981 2032 2100 2096 ille,
2138 2033 2375 2102 paternis
2407 2034 2871 2094 benedictionibus
2902 2040 3067 2097 fultus
3116 2062 3234 2100 sum
3267 2047 3337 2102 ³³.

1769 2122 1848 2172 An
1893 2116 2110 2189 Spiritus
2144 2115 2166 2174 ?
2211 2122 2342 2188 Quis
2371 2123 2665 2190 valentior,
2700 2121 2861 2194 atque
2910 2110 3208 2196 fervidior,
3236 2133 3339 2188 ba‘c

1772 2211 2067 2280 prazsertim
2116 2221 2295 2276 aetate,
2333 2210 2436 2280 qua
2479 2212 2658 2269 carnis
2706 2205 2930 2274 atiecws
2969 2220 3219 2290 subsidit,
3255 2239 3339 2280 ce-

1772 2292 2153 2380 ditque,_velut
2185 2297 2396 2372 lumini,
2423 2307 2474 2362 id
2523 2309 2662 2376 quod
2709 2309 2919 2379 obiectu
2958 2327 3059 2368 suo
3086 2315 3338 2372 adversa-

1773 2405 1880 2470 tur,
1916 2392 2288 2465 splendorique
2327 2385 2768 2466 impedimentum
2813 2390 2968 2455 ali'ert
2997 2405 3020 2456 ἱ)
3048 2403 3171 2460 Haec
3194 2409 3338 2463 enim

1772 2485 1970 2542 bellum
2020 2487 2159 2541 inter
2181 2502 2239 2542 se
2274 2474 2332 2541 ut
2376 2488 2666 2558 plurimum
2701 2505 2918 2562 gerunt,
2945 2506 3232 2567 castraque
3272 2514 3338 2554 ex

1772 2578 1999 2632 adverso
2021 2576 2221 2632 habent
2251 2593 2264 2630 :
2291 2586 2346 2632 et
2371 2594 2565 2649 corpus
2589 2581 2804 2650 quidem
2833 2594 3128 2655 aegrotante
3156 2590 3340 2647 anima

1771 2668 1909 2722 belle
1953 2668 2149 2734 habet;
2185 2665 2362 2733 anima
2403 2665 2580 2724 autenl
2621 2669 2794 2737 ﬂoret,
2844 2665 3008 2745 atque
3049 2683 3339 2736 erectosin

1772 2758 1966 2839 caelum
2002 2757 2187 2813 oculos
2237 2759 2416 2827 habet,
2449 2776 2569 2814 cum
2598 2754 2900 2832 voluptates
2938 2767 3222 2836 decedunt,
3259 2783 3343 2826 at-

1772 2864 1876 2920 que
1906 2865 2010 2903 una
2041 2865 2161 2904 cum
2188 2854 2414 2920 corpore
2445 2863 2808 2908 marcescunt.
2842 2849 2979 2922 Quin
3016 2868 3160 2914 tuam
3205 2876 3342 2932 quo-

1772 2956 1878 3010 que
1911 2951 2148 2997 veterem
2179 2942 2580 3010 simplicitatem
2614 2947 2891 3017 animique
2925 2949 3340 3020 generositatem
3434 2967 3440 2985 '

1773 3033 2027 3088 demit-ari
2057 3033 2185 3087 mihi
2219 3034 2403 3099 subiit,
2429 3037 2520 3105 qui
2554 3053 2622 3091 ne
2667 3039 2767 3093 hoc
2798 3033 3036 3110 quidem,
3061 3048 3200 3114 quod
3255 3050 3339 3104 his

1775 3124 2106 3194 temporibus
2157 3127 2442 3180 admodum
2490 3121 2744 3197 frequens
2791 3143 2904 3197 εει,
2949 3137 3338 3204 providendum

1780 3215 1874 3270 tibi
1903 3217 2139 3284 duxeris,
2163 3232 2230 3270 ne
2257 3219 2500 3286 spiritus,
2527 3230 2632 3288 quo
2661 3225 2913 3290 moveris,
2933 3224 3088 3282 fucus
3119 3231 3336 3298 quidam

1775 3323 1898 3365 esse
1922 3309 2282 3375 existimetur,
2321 3325 2384 3365 ac
2419 3326 2515 3366 nos
2537 3311 2780 3382 plerique
2807 3318 3008 3372 carnali
3045 3322 3202 3376 modo
3225 3322 3338 3380 haec

1777 3401 2024 3469 accipere
2062 3402 2371 3490 videamur,
2400 3406 2610 3488 tametsi
2636 3406 2902 3474 spirituali
2935 3413 3199 3482 accipere,
3227 3431 3338 3485 pra:

1775 3491 1928 3546 nobis
1965 3491 2218 3548 feramus.
2263 3491 2708 3564 Quandoquidem
2761 3499 3048 3555 multorum
3099 3503 3229 3558 vitio
3260 3505 3341 3560 fa:-

1774 3593 1918 3638 ctum
1954 3593 2060 3649 est,
2087 3593 2145 3638 ut
2175 3585 2290 3639 haec
2315 3587 2567 3656 dignitas,
2595 3591 2767 3659 ampla
2801 3601 2853 3646 et
2887 3595 3051 3662 regia,
3071 3593 3342 3653 mirificre':

1774 3690 1880 3746 que
1941 3677 2220 3746 cujdsdam
2278 3671 2566 3746 voluptatis
2627 3682 2780 3750 plena
2843 3700 2965 3739 esse
3011 3684 3338 3753 iudicetur:

1775 3768 2070 3838 quamlibet
2125 3769 2284 3824 etiam
2342 3765 2662 3839 angustiori,
2692 3791 2852 3845 quam
2886 3778 2956 3832 sit
3001 3779 3087 3834 hic
3135 3783 3340 3849 noster,

1777 3862 1924 3932 gregi
1970 3853 2238 3932 quispiam
2281 3863 2494 3932 pra-sit,
2527 3865 2756 3934 plusque
2783 3869 3151 3924 molestiarum
3179 3879 3341 3941 quam

1776 3953 2110 4023 voluptatum
2155 3951 2420 4009 ail‘erenti.
2470 3958 2548 4011 Ac
2575 3958 2641 4013 de
2673 3969 2756 4013 tua
2791 3962 3006 4030 quidem
3046 3961 3158 4019 sive
3178 3967 3343 4020 animi

1778 4046 2146 4117 simplicitate,
2188 4045 2302 4101 sive
2338 4056 2560 4116 paterna
2589 4050 2894 4118 dilectione,
2927 4069 3030 4124 qua
3063 4056 3122 4111 fit
3146 4052 3203 4110 ut
3240 4055 3340 4113 nec

1780 4137 1895 4205 ipse
1922 4133 2217 4207 q'uidquam
2259 4146 2414 4206 turpe
2443 4138 2718 4206 admittas,
2748 4157 2848 4197 nec
2888 4145 2952 4199 de
2990 4137 3110 4200 aliis
3142 4147 3345 4201 temere

1779 4221 2070 4294 suspiceris
2115 4226 2236 4295 (nec
2267 4225 2412 4279 enim
2444 4227 2488 4280 is
2519 4225 2674 4284 facile
2700 4230 2767 4285 de
2813 4231 2916 4288 alio
2943 4234 3138 4288 malum
3171 4238 3348 4305 suspi-

130 4329 296 4385 catur,
357 4319 454 4390 qui
509 4333 618 4374 non
651 4313 806 4373 facile
855 4316 922 4370 ad
973 4311 1174 4370 malum
1223 4312 1560 4385 impellitur),
1605 4315 1721 4369 haec
1760 4311 1890 4368 mihi
1923 4315 2068 4370 dicta
2117 4313 2405 4372 cumciant.
2442 4314 2699 4388 Sequitur
2734 4321 2884 4391 jam,
2923 4322 2978 4379 ut
3027 4322 3241 4382 brevem
3276 4331 3344 4381 ad

125 4415 266 4478 tilum,
294 4407 378 4466 vel
425 4419 600 4468 etiam
654 4425 864 4477 meum,
894 4403 1037 4465 hunc
1074 4407 1334 4488 populum
1357 4411 1656 4464 orationem
1699 4404 1951 4467 habeam.

175 4504 237 4556 A'.
275 4502 763 4576 Τετυραννήμεθα,
793 4497 838 4556 ὦ
894 4501 1037 4570 φίλοι
1092 4502 1184 4553 καὶ
1226 4496 1475 4569 ἀδελφοίέ
1533 4501 1670 4570 ὑμᾶς

1852 4501 1939 4556 ιν.
1983 4502 2071 4558 Vis
2118 4505 2271 4560 nubis
2323 4507 2482 4561 allata
2532 4517 2654 4575 est,
2688 4505 2884 4564 fratres
2918 4505 2971 4564 et
3007 4513 3164 4568 amici
3203 4529 3218 4579 ;
3253 4521 3346 4570 vel

122 4591 227 4664 γὰρ,
252 4596 300 4648 εἰ
323 4597 419 4649 καὶ
451 4595 532 4668 μὴ
565 4595 708 4660 τότε,
737 4579 884 4664 ξάλλὰ
917 4591 1011 4646 νῦν
1041 4583 1479 4663 ὲπιϐοησόμεθαέ
1523 4583 1677 4644 τετυ-

175 4757 213 4808 ’έ
239 4776 412 4834 Lavit.
453 4793 578 4844 vui,
610 4775 666 4830 2.

176 4945 274 5025 (l5)
339 4949 497 5010 Ἇνέί
554 4945 885 5025 νομοθέτου
927 4951 1024 5004 καὶ
1075 4948 1433 5025 στρατηγοῦ.
1500 4949 1519 4999 ἀ
1578 4949 1680 5015 Qui

114 5019 417 5094 legislatoris
445 5034 506 5080 et
533 5019 879 5094 imperatoris
911 5030 1092 5094 partes
1130 5019 1426 5094 expleret.»

175 5086 424 5175 (ιβ)
451 5094 546 5175 ⁸ςτό
566 5164 578 5175 _
747 5090 882 5170 γάρε
914 5086 993 5175 Ita
1039 5088 1227 5175 Regi}:
1254 5089 1362 5175 rbth
1388 5097 1444 5142 et
1476 5088 1568 5143 hu.
1622 5086 1678 5140 ln

115 5156 906 5248 1;-Τρῦημὲν.γὰ”ρίτόὖ.
941 5159 1098 5214 Deest
1123 5157 1182 5209 τό
1215 5157 1267 5211 in
1299 5156 1385 5211 ed.

172 5233 272 5298 (47)
311 5236 453 5290 Ἵν’.
484 5232 587 5289 0r.
622 5233 675 5295 l,
709 5232 816 5284 ἵνα.

171 5303 254 5371 (ιε

113 5381 264 5426 retur.
299 5394 320 5428 ι
763 5423 770 5430 ,
1124 5427 1125 5430 η
1241 5414 1250 5434 δ
1314 5430 1319 5434 .

189 5442 273 5512 49)
310 5443 509 5500 Δοκῶ.
564 5439 810 5512 Nonnulli
843 5439 1077 5502 codices,
1104 5432 1250 5488 δοκεῖ
1286 5432 1397 5490 uos.

186 5511 269 5586 ἑο)
311 5513 577 5586 ᾙρεῖτο·
616 5511 974 5586 σ,ξ⁴ἓ¹⁴³8εῑί¹ι·¹
1503 5568 1513 5586 ..
1589 5560 1620 5586 ...-

190 5573 276 5652 51)
318 5573 792 5650 ’Ϋποστηρίζεινῖ
809 5579 1072 5652 ἕτοιμος.
1119 5573 1340 5639 Billius,
1395 5591 1413 5624 ι
1463 5581 1520 5629 at
1549 5573 1684 5630 nihil

121 5648 270 5706 misre
298 5653 453 5717 dico,
484 5648 780 5720 quominus
806 5649 936 5720 illud
965 5648 1200 5700 fulctuut.
1228 5664 1255 5720 _:

191 5721 276 5788 52)
317 5724 416 5788 Τίς
438 5715 874 5789 -ίοίχυρότερος,
906 5718 1037 5789 Reg.
1070 5716 1250 5789 a,_a_cc_ti.
1280 5715 1361 5769 τό.

329 5785 792 5857 ⁸Ῠπεξῗστατιὶι.
834 5789 966 5858 Reg.
991 5785 1059 5855 'a,
1097 5785 1389 5850 ἐξίσταται.

341 5289 856 5370 Καταπολέμηθῇ.
920 5316 938 5350 ι
991 5299 1346 5360 Vinceretur,
1409 5289 1679 5365 expugna-

1785 4601 1950 4646 stram
1981 4593 2123 4646 enim
2148 4593 2328 4660 fidem,
2361 4595 2408 4649 si
2445 4590 2552 4650 non
2585 4610 2650 4651 eo
2677 4605 2936 4666 tempore,
2969 4597 3109 4656 nunc
3129 4605 3346 4670 quidem

767 4759 813 4807 ’⁸
847 4773 1018 4829 Levit.
1061 4770 1092 4826 τ
1113 4813 1128 4838 ,
1159 4761 1209 4827 l.
1287 4761 1330 4803 ‘7
1357 4768 1533 4828 Exod.
1572 4789 1702 4841 xvtt,
1731 4774 1820 4828 {2.
1900 4774 1943 4806 "
1969 4773 2105 4830 Gen.
2135 4789 2302 4843 xxvn,
2339 4761 2430 4829 98.

1850 4951 1960 5024 (54)
2019 4939 2563 5024 Ἄντικαθέζεσθαιί
2612 4938 2746 5024 ἷξες.
2806 4947 2910 5021 hu,
2967 4958 3354 5015 ἀντικαθισταμ-

1783 5020 2038 5076 σθαι.ἈιΙ
2073 5037 2240 5091 marg.
2273 5039 2365 5091 γρ.
2399 5024 2493 5076 καὶ
2523 5020 2868 5088 καθέζεσθαι.

1850 5039 1924 5074 αι.
1961 5039 2038 5076 At]
2073 5039 2240 5091 marg.
2353 5063 2365 5075 .
2399 5039 2493 5076 και
2523 5039 2868 5088 καυεςεσυαι.

2005 5091 2231 5176 fug-h1-
2392 5093 2533 5176 ΗΕΒ..
2555 5095 2840 5176 ltu_et_0r.
2870 5099 2922 5176 1_,
2947 5098 3093 5172 ψυχὴ
3131 5103 3208 5155 δέ.

2004 5161 2605 5237 ζὸ-ἀρχᾳζζιόνηϐοἰεί.
2634 5165 2686 5228 1,
2717 5167 2962 5237 ἀρχικόν.

1854 5231 1967 5313 (57)
2005 5230 2134 5297 Πῶς
2167 5230 2308 5286 οὐδὲ
2338 5234 2513 5287 τοῦτο
2545 5230 2821 5301 ἔδεισαξιῖ
2843 5254 2861 5287 ι
2894 5236 2994 5303 Qui
3022 5241 3122 5295 hoc
3152 5243 3353 5296 veritus

1784 5317 1897 5361 non,
1920 5317 2015 5364 sus,
2043 5317 2126 5364 ne
2146 5323 2164 5354 ι
2195 5313 2302 5358 etc.

1855 5371 1966 5452 (ss)
2004 5363 2128 5452 rgw'
2147 5369 2327 5452 νῦνπ..
2354 5374 2592 5442 καιρῶνο
2617 5375 2781 5452 ςρῖδιτ
2808 5381 2857 5441 1»
2877 5379 3132 5452 759v?»-
3155 5380 3350 5452 καιρῷο

1854 5441 1967 5510 (59)
2027 5442 2385 5520 Στενοτέρας
2437 5441 2546 5520 τίς.
2612 5446 2701 5499 Sic
2751 5449 2858 5520 duo
2884 5441 3072 5512 (ἰδίει,
3125 5441 3353 5520 ιιυοιῗυὶιι

1781 5527 1952 5583 unus,
1979 5513 2312 5583 στενωτέρας
2345 5531 2447 5578 τις.
2485 5515 2640 5570 Deest
2681 5533 2765 5580 τις
2807 5519 2857 5572 iu
2884 5519 3062 5574 editis.

1855 5582 1966 5651 (60)
2009 5583 2148 5652 Εἴτε
2185 5582 2583 5652 φιλοτεχνίας.
2653 5585 2744 5640 Sic
2787 5588 2950 5644 Cuisl.
2986 5591 3007 5643 1
3064 5601 3116 5643 et
3159 5591 3215 5646 '5.
3261 5591 3353 5644 Sic

1783 5652 1946 5734 etiam
1974 5653 2099 5722 legit
2128 5651 2311 5708 Billius
2334 5694 2347 5719 ,
2381 5657 2622 5724 quamvis
2655 5657 2784 5712 edit.
2820 5659 2945 5714 Par.
2978 5663 3169 5717 habeat
3201 5660 3353 5734 φιλο-

1779 5738 2016 5792 τεχνιας.
