3844 6390
523 400 621 454 ιιι

1693 411 1698 416 ·
1745 395 1802 450 S.
1843 395 2172 453 GREGORII
2215 396 2566 453 TllEOLOGl
3668 400 3744 456 818

527 527 674 572 certe
718 515 1050 586 imploraho;
1081 514 1212 582 vim,
1263 513 1506 583 inquam,
1546 513 1698 569 nouis
1754 517 1952 579 attulit,
1991 526 2098 571 tum

2209 516 2518 589 ραννήμεθα
2543 516 2690 586 γήρα
2715 515 2921 586 πατρὸς
2949 515 3042 568 καὶ
3071 515 3225 584 φίλου
3247 514 3384 586 (61),
3429 515 3518 568 ἵνα
3557 519 3743 588 pergam;

529 610 699 678 patris
730 618 1001 671 senectus,
1030 617 1139 660 tum
1172 607 1369 669 amici,
1411 615 1469 660 ut
1503 605 1694 661 leniter
1719 608 1914 673 (licam,
1947 608 2104 664 ὺοιιίι

529 701 722 771 gnitas.
754 699 829 752 Ac
861 698 1029 763 mihi,
1063 713 1268 766 quaeso,
1306 712 1404 767 pro
1449 709 1629 752 vestra
1669 699 1900 770 quisque
1931 700 2130 769 facula

531 803 660 854 tato,
689 805 844 860 opem
896 788 1105 853 aﬂerte,
1143 805 1207 844 ac
1249 805 1466 843 manum
1515 791 1781 859 porrigite
1823 808 2102 861 oppresso,

528 894 688 952 atque
717 899 745 935 ιι
768 882 1062 949 cupiditate
1110 892 1164 934 et
1219 882 1408 951 spiritu
1445 884 1593 937 varie
1634 883 1797 953 250
1825 885 2101 939 distracto.

528 975 622 1028 llla
659 975 861 1045 fugam,
891 982 945 1028 et
999 984 1230 1034 montes,
1276 983 1331 1028 et
1381 973 1700 1028 solitudines
1724 1017 1738 1041 ,
1766 985 1821 1030 et
1857 979 2105 1045 corporis

524 1077 688 1136 atque
723 1065 890 1119 animi
923 1065 1480 1135 quietem,mentique
1532 1067 1584 1120 in
1637 1067 1869 1136 seipsam
1921 1084 2102 1123 seces-

531 1159 760 1222 sionem,
789 1168 844 1212 et
869 1173 898 1210 a
932 1158 1180 1212 sensibus
1204 1158 1578 1213 collectionem
1608 1161 1817 1222 suadet,
1843 1171 1901 1213 ut
1931 1161 2105 1215 omni-

527 1251 630 1305 bus
680 1249 906 1305 maculis
958 1265 1158 1304 vacuus
1193 1251 1636 1304 consuetudinem
1693 1268 1812 1306 cum
1858 1251 1969 1307 Deo
2009 1254 2106 1306 ha-

528 1345 708 1407 heam,
739 1344 1082 1411 Spiritusquc
1117 1343 1407 1412 splendore
1441 1358 1570 1412 pure
1601 1344 1889 1400 collustrer
1912 1385 1926 1409 ,
1961 1346 2104 1399 nulla

527 1439 735 1494 scilicet
773 1446 989 1492 terrena
1021 1447 1072 1490 et
1108 1435 1320 1491 turbida
1352 1454 1408 1492 re
1443 1453 1501 1494 se
1548 1439 1917 1504 admiscente,
1943 1449 2104 1508 atque

531 1533 584 1585 in
632 1533 812 1586 lumen
871 1531 1113 1584 divinum
1168 1531 1476 1597 incidente,
1514 1547 1794 1602 quousque
1834 1535 1897 1586 ad
1933 1534 2104 1602 ipsum

531 1623 743 1675 tandem
778 1622 1049 1676 radiorum
1089 1624 1247 1690 huius
1288 1625 1411 1677 vita:
1448 1624 1649 1678 fontem
1700 1626 2102 1693 perveniamus,

529 1731 591 1768 ac
622 1714 858 1782 depulsis
885 1729 914 1767 a
950 1715 1178 1767 veritate
1209 1715 1470 1784 speculis,
1509 1715 1780 1769 desiderio
1805 1726 1990 1769 nostro
2015 1730 2106 1770 cu-

527 1808 851 1876 piditatique
889 1808 1045 1860 linem
1075 1808 1432 1876 imponamus.
1463 1807 1560 1862 llic
1595 1817 1780 1861 contra
1805 1847 1817 1871 ,
1856 1807 2107 1860 hortatur

2207 611 2363 670 εἴπω,
2399 608 2748 679 χρηστότητι.
2778 608 2886 660 Καί
2912 625 2999 678 μοι
3034 606 3295 678 βοηθεῖτε,
3325 609 3475 670 ὅστις
3495 606 3560 660 ἂν
3587 602 3680 671 οἷός
3702 627 3744 660 τε

2204 697 2260 774 ᾗ,
2305 701 2401 754 καὶ
2446 699 2562 753 δότε
2596 702 2755 771 χεῖρα
2800 699 3124 770 πιεζομένῳ,
3177 700 3269 753 καὶ
3307 699 3632 770 διελκομένῳ
3666 701 3748 754 ὑπὸ

2207 793 2372 845 πόθου
2426 793 2520 846 καὶ
2564 791 2902 862 πνεύματος·
2931 795 2959 845 ὁ
3009 793 3107 862 μὲν
3151 795 3458 863 εἰσηγεῖται
3489 791 3745 864 δρασμοὺς,

2207 886 2301 938 καὶ
2333 887 2458 957 ὖρη,
2485 887 2578 938 καὶ
2611 884 2868 956 ἐρημίας,
2903 885 2997 938 καὶ
3021 885 3252 955 ἡσυχίαν
3277 885 3458 956 ψυχῆς
3487 886 3577 937 καὶ
3600 886 3747 956 σώμα-

2206 996 2316 1043 τος,
2369 980 2461 1032 καλ⁸
2512 979 2602 1031 τὸν
2650 978 2773 1031 νοῦν
2808 980 2887 1042 είς
2918 978 3106 1032 ἑαυτὸν
3143 978 3517 1050 ἀναχωρῆσαι,
3549 978 3633 1031 καὶ
3670 995 3746 1030 συ-

2210 1070 2514 1141 στραφῆναι
2542 1069 2651 1124 ἀπὺ
2675 1070 2784 1123 τῶν
2823 1070 3147 1142 αἰσθήσεσιν,
3177 1069 3315 1123 ὥστε
3357 1069 3563 1140 ὁμιλεῖν
3593 1071 3748 1140 ἀκηλιο

2205 1159 2390 1224 δώτως
2409 1159 2548 1231 Θεῷ,
2584 1160 2678 1213 καὶ
2699 1162 2820 1223 ταῖς
2854 1159 2949 1213 τοῦ
2982 1160 3120 1213 Πνεύ
3128 1178 3291 1230 ματος
3315 1160 3510 1228 αὐγαῖς
3533 1160 3748 1232 καθαρῶς

2208 1251 2694 1324 ἐναστράπτεσθαι,
2752 1252 2980 1323 μηδενὸς
3017 1253 3446 1323 ὲπιμιγνυμένου
3486 1252 3587 1306 τῶν
3627 1253 3748 1305 κάτω

2208 1343 2301 1394 καὶ
2349 1341 2601 1413 θολερῶν,
2651 1341 2783 1412 μηδὲ
2827 1340 2904 1411 τῷ
2945 1340 3071 1412 θείῳ
3097 1344 3238 1411 φωτὶ
3281 1342 3745 1412 παρεμπίπτοντος,

2207 1433 2312 1496 ἓως
2335 1431 2399 1486 ἂν
2428 1433 2516 1485 ἐπὶ
2543 1432 2642 1502 τὴν
2669 1432 2849 1503 πηγὴν
2867 1431 3111 1502 ἔλθωμεν
3142 1431 3250 1486 τῶν
3271 1432 3398 1502 τῇδε
3431 1433 3750 1501 ἀπαυγασμά-

2207 1543 2338 1586 των.
2365 1525 2458 1578 καὶ
2482 1525 2694 1594 στῶμεν
2724 1525 2817 1577 τοῦ
2852 1525 3015 1577 πόθου
3052 1527 3145 1578 καὶ
3177 1528 3274 1596 τῆς
3308 1525 3565 1593 ἐφέσεως,
3597 1525 3748 1578 λυθέν-

2208 1633 2313 1668 των
2346 1616 2454 1668 τῶν
2487 1616 2764 1686 ἐσόπτρων
2806 1620 2870 1688 τῇ
2915 1617 3160 1687 ἀληθείᾳ.
3205 1616 3462 1670 Βούλεται
3499 1618 3600 1684 (62)
3625 1618 3676 1670 τὸ
3707 1619 3746 1669 δὲ

2210 1707 2288 1767 είς
2313 1705 2475 1776 μέσον
2508 1706 2683 1773 ἄγειν,
2712 1705 2804 1758 κοιλ⁸
2828 1709 3198 1777 καρποφορεῖν
3221 1705 3297 1775 τῷ
3319 1705 3482 1776 κοινῷ
3517 1705 3746 1774 βούλεται,

2211 1799 2482 1852 καὶτοῦτο
2515 1797 2856 1866 ὡφελεῖσθαι,
2885 1798 2946 1851 τὸ
2981 1797 3212 1867 ὠφελεῖν
3248 1797 3528 1869 ἀλλήλους,
3563 1799 3646 1851 καὶ
3667 1799 3747 1867 δη-

527 1909 589 1953 ιιι
620 1900 672 1953 in
706 1899 938 1955 medium
968 1899 1244 1968 prodeam,
1281 1899 1616 1969 publicchue
1661 1899 1877 1952 utilitati
1911 1915 2098 1954 consu-

2213 1891 2484 1961 μοσιεύειν
2510 1891 2607 1962 τὴν
2639 1890 2923 1960 ἐλλαμψιν,
2953 1891 3046 1944 καὶ
3077 1890 3373 1960 προσάγειν
3396 1890 3515 1960 Θεῷ
3538 1891 3652 1943 λαὸν
3675 1909 3748 1944 πε-

527 1991 657 2056 lam,
684 2001 845 2060 atque
869 1989 1002 2044 alios
1031 1990 1268 2059 juvaudo
1305 1993 1569 2059 meipsum
1594 1991 1802 2060 juveni,
1826 1991 2100 2044 divinum-

527 2098 633 2151 que
660 2079 1000 2150 splendorem
1026 2083 1078 2134 iu
1113 2082 1385 2151 publicum
1417 2082 1711 2151 proferam,
1745 2091 1800 2136 et
1841 2084 1905 2134 ad
1936 2083 2101 2137 Deum

526 2175 788 2230 adducam
841 2174 1096 2228 eximium
1145 2173 1438 2242 populum,
1473 2183 1684 2244 gentem
1728 2183 1997 2240 sanctam,
2024 2190 2104 2227 re-

527 2266 646 2333 gale
700 2265 1064 2319 sacerdotium
1095 2264 1363 2333 ",atque
1417 2264 1708 2335 imaginem
1763 2264 1813 2318 in
1861 2263 2104 2334 pluribus

528 2352 1014 2424 perpurgatam.Ut
1037 2352 1180 2406 enim
1219 2352 1409 2406 hortus
1442 2354 1782 2422 przestantior
1808 2363 1892 2406 cst
1944 2368 2102 2420 quam

526 2451 690 2516 stirps
727 2462 851 2510 una,
877 2457 929 2499 et
952 2445 1145 2498 malum
1182 2445 1496 2499 universum
1526 2461 1646 2500 cum
1677 2445 1787 2499 suis
1815 2460 2106 2500 ornamen-

525 2539 597 2591 tis
621 2579 634 2602 ,
671 2554 833 2607 quam
870 2537 1024 2590 unica
1078 2535 1230 2590 stella
1254 2578 1267 2600 ,
1305 2545 1356 2588 et
1411 2551 1608 2607 corpus
1660 2552 1821 2605 quam
1885 2535 2101 2590 unicum

523 2634 829 2684 membrum
867 2646 881 2694 ;
920 2629 990 2681 ita
1049 2628 1191 2695 apud
1254 2627 1419 2680 Deum
1484 2627 1931 2696 praestabiliorem
1985 2643 2104 2682 esse

527 2723 686 2774 istam
724 2720 1017 2774 Ecclesium
1070 2728 1214 2773 recte
1264 2719 1655 2786 compositam,
1694 2736 1800 2774 uno
1846 2721 2100 2785 homine,

525 2813 817 2886 quiollieio
845 2828 942 2866 suo
987 2813 1152 2881 probe
1203 2811 1676 2881 fungitur:atque
1726 2814 1889 2866 etiam
1937 2827 2100 2881 opor-

529 2917 662 2969 tere,
687 2922 791 2959 non
824 2921 914 2958 sua
945 2919 1211 2974 quemque
1237 2905 1501 2958 duntaxat
1524 2906 1808 2958 commoda
1836 2915 2100 2974 spectare,

526 2999 618 3052 sed
650 3009 703 3051 et
737 2997 961 3050 aliorum
1011 2996 1275 3050 rationem
1315 2997 1534 3052 habere.
1566 2996 1698 3050 Nam
1747 2998 1862 3067 ipse
1891 3013 2104 3067 quoque

525 3091 793 3153 Christus,
827 3090 910 3142 cui
937 3104 1059 3142 cum
1095 3088 1145 3142 in
1175 3103 1270 3142 suo
1310 3088 1514 3143 honore
1555 3103 1618 3141 ac
1649 3088 1847 3142 deitate
1877 3104 2102 3144 manere

2211 1985 2479 2057 ριούσιον,
2535 1984 2684 2048 ἔθνος
2753 1983 2926 2052 ἆγιον,
2997 1982 3264 2053 βασίλειον
3334 1983 3652 2053 ἱεράτευμα,
3708 1987 3748 2035 ἐν

2208 2077 2418 2130 πλείοσι
2479 2075 2663 2130 εἰκόνα
2711 2075 3147 2146 κεκαθαρμένην.
3197 2078 3464 2147 Κρεῖσσον
3507 2075 3610 2146 γὰρ
3641 2072 3746 2128 εἶναι

2207 2170 2299 2220 καὶ
2339 2168 2542 2234 πλεῖον,
2585 2167 2773 2240 ὥσπερ
2818 2167 2988 2236 φυτοῦ
3029 2167 3379 2238 παράδεισον,
3424 2168 3519 2220 καὶ
3560 2168 3745 2237 ἀστέρος

2207 2261 2323 2324 ἐνὸς
2357 2260 2582 2331 οὐρανὸν
2615 2260 2735 2313 ὅλον
2780 2261 2877 2313 σὺν
2913 2262 3028 2324 τοῖς
3058 2259 3251 2313 ἑαυτοῦ
3287 2260 3530 2323 κάλλεσι,
3572 2261 3652 2312 καὶ

2206 2353 2329 2416 λους
2374 2353 2552 2424 σῶμα,
2596 2352 2738 2406 οὕτω
2789 2354 2882 2406 καὶ
2925 2353 3046 2424 Θεῷ
3076 2353 3468 2426 κατορθοῦντος
3508 2353 3618 2415 ἑνὸς
3650 2354 3746 2422 ὃλην

2220 2445 2541 2516 Ἐκκλησίαν
2593 2446 3064 2516 κατηρτισμένην·
3103 2446 3196 2498 καὶ
3235 2445 3434 2516 χρῆναι
3471 2445 3544 2515 μὴ
3577 2445 3630 2495 τὸ
3655 2446 3748 2496 ἑπι-

2205 2537 2300 2589 τοῦ
2327 2538 2484 2608 μόνον
2512 2541 2757 2602 σκοπεῖν,
2789 2539 2925 2593 ἀλλά
2955 2539 3049 2590 καὶ
3073 2538 3133 2589 τὸ
3156 2536 3264 2590 τῶν
3286 2537 3481 2590 ἄλλων.
3524 2536 3660 2588 Ἐπεὶ
3679 2539 3747 2587 καὶ

2206 2626 2437 2696 Χριστὸς
2469 2626 2661 2689 οῦτως,
2711 2619 2755 2694 ᾧ
2805 2627 2986 2697 μένειν
3028 2626 3148 2685 ἐξὸν
3191 2627 3282 2678 ἐπὶ
3319 2628 3418 2696 τῆς
3463 2625 3592 2689 ἰδίας
3620 2629 3748 2695 τιμῆς

2205 2721 2299 2773 καὶ
2351 2719 2624 2790 θεότητος,
2656 2722 2716 2774 οὐ
2757 2721 2914 2792 μόνον
2964 2720 3230 2772 ἐκένωσεν
3264 2720 3456 2772 ἑαυτὸν
3494 2720 3640 2790 μέχρι
3671 2723 3747 2787 τῆς

2204 2813 2298 2865 τοῦ
2332 2812 2518 2866 δούλου
2562 2817 2793 2885 μορφῆς.
2830 2813 2963 2868 ἀλλά
2997 2813 3088 2866 καὶ
3128 2813 3362 2884 σταυρὸν
3384 2813 3660 2882 ὑπέμεινεν
3683 2813 3750 2863 αξ-

2207 2903 2405 2974 σχύνης
2454 2904 2894 2974 καταφρονήσας,
2929 2904 2994 2956 ἵν’
3033 2905 3090 2956 ἐν
3142 2907 3252 2966 τοῖς
3307 2902 3504 2956 ἑαυτοῦ
3557 2901 3749 2954 πάθεσιν

2205 2994 2457 3068 ἀναλώσῃ
2494 2997 2590 3066 τὴν
2624 2997 2920 3067 ἁμαρτίαν,
2959 2997 3054 3050 καὶ
3097 2997 3398 3067 ἀποκτείνῃ
3455 2996 3533 3066 τῷ
3570 2994 3751 3060 θανάτῳ

2203 3089 2293 3142 τόν
2325 3089 2572 3145 θάνατον.
2626 3089 2841 3141 Ἐκεῖνα
2870 3089 2965 3159 μὲν
2986 3089 3048 3160 δὴ
3075 3091 3174 3160 τῆς
3205 3089 3503 3159 ἐπιθυμίας
3544 3088 3604 3140 τὰ
3638 3086 3752 3137 πλά-

524 3182 733 3245 Ϊὶρρτθι,
773 3196 876 3234 ιιοιι
913 3180 1085 3233 solum
1120 3194 1290 3248 usque
1322 3179 1387 3232 ad
1415 3180 1557 3233 servi
1603 3178 1830 3233 formam
1862 3181 2096 3250 scipsum

2208 3199 2388 3252 σματα
2415 3181 2549 3252 (65),
2588 3179 2759 3234 ταῦτα
2795 3181 2852 3233 δὲ
2884 3180 2978 3233 τοῦ
3009 3180 3324 3251 Πνεῦματος
3353 3180 3422 3232 τὰ
3453 3179 3746 3248 διδάγματα.

525 3272 874 3338 exiuanivit‘,
902 3271 994 3325 sed
1021 3271 1204 3332 etiam,
1237 3280 1543 3340 contempta
1571 3271 1862 3342 ignominia
1887 3313 1900 3337 ,
1924 3273 2100 3325 crucis

521 3365 847 3434 supplicium
876 3364 1075 3428 subiit,
1132 3374 1190 3417 ut
1240 3379 1338 3432 per
1365 3379 1426 3417 ea
1464 3378 1582 3432 quae
1610 3363 1949 3431 perferebat,
1978 3379 2101 3433 pec.

524 3469 702 3512 catum
740 3458 968 3518 deleret,
998 3471 1058 3508 ac
1101 3465 1274 3510 morte
1309 3472 1404 3509 sua
1457 3466 1682 3510 mortem
1711 3457 1775 3510 de
1805 3456 1978 3510 medio
2003 3457 2101 3510 tol-

527 3554 659 3608 leret
683 3554 723 3602 ί.
755 3551 844 3604 Illa
878 3550 1190 3619 cupiditatis
1225 3550 1475 3617 figmenta
1528 3559 1682 3613 sunt,
1718 3548 1831 3602 hmc
1867 3547 2102 3619 Spiritus

525 3646 864 3699 documenta.
917 3642 1084 3696 Porro
1148 3643 1287 3696 inter
1335 3641 1683 3712 cupiditatem
1746 3641 2100 3710 Spiritumque

2203 3277 2380 3336 Μέσος
2401 3273 2456 3326 δὲ
2476 3273 2549 3324 ὢν
2577 3272 2741 3326 πόθου
2777 3275 2870 3326 καὶ
2904 3273 3228 3343 πνεύματος,
3254 3273 3349 3326 καὶ
3385 3274 3485 3325 οὐκ
3517 3273 3643 3342 έχων
3666 3272 3752 3322 si»:

2198 3367 2258 3418 τὸ
2293 3366 2454 3418 πλέον
2491 3365 2784 3437 χαρίσομαι
2812 3365 2945 3433 (64),
2985 3366 3012 3418 ὃ
3040 3384 3128 3436 μοι
3154 3366 3296 3418 δοκῶ
3322 3367 3601 3420 κάλλιστον
3623 3366 3753 3434 εὑρη»

2202 3458 2355 3511 κέναι
2404 3457 2499 3510 κα)¹
2540 3457 2967 3525 ἀσφαλέστατον,
3012 3457 3340 3529 κοινώσομαι
3381 3458 3477 3511 καὶ
3515 3458 3649 3528 ὑμῖν,
3685 3457 3754 3506 iu

2204 3566 2291 3618 μοι
2318 3547 2744 3620 συνδοκιμάσητε
2771 3550 2864 3602 καὶ
2907 3547 3242 3618 συλλάϐησθε
3292 3549 3407 3618 (65)
3442 3547 3535 3601 τοῦ
3568 3547 3753 3617 βουλεί-

2203 3658 2389 3707 ματος.

524 3736 870 3797 constitutus,
901 3743 1064 3802 atque
1117 3733 1437 3786 addubitans
1493 3733 1597 3786 utri
1663 3733 1840 3801 potius
1894 3731 2077 3786 favere
2116 3733 2362 3797 debeam,
2415 3733 2555 3800 quod
2589 3731 2717 3786 mihi
2755 3734 3015 3800 optimum
3049 3735 3487 3804 tutissmiumque
3520 3733 3754 3802 reperisse

523 3827 727 3885 videor,
763 3826 913 3878 vobis
939 3839 1225 3893 exponam,
1264 3833 1320 3876 ut
1353 3824 1401 3876 id
1430 3823 1589 3891 quale
1612 3823 1701 3888 sit,
1747 3838 1957 3877 mecum
2004 3822 2348 3892 cxpendatis,
2375 3839 2661 3892 meumque
2706 3825 2988 3878 consilium
3020 3827 3177 3880 simul
3217 3825 3484 3894 adjuvetis

600 3922 660 3975 V.
687 3921 810 3975 Mihi
849 3921 1010 3990 igitur
1047 3922 1304 3990 optimum
1333 3931 1493 3988 atque
1517 3935 1545 3973 ξι
1573 3919 1810 3988 periculo
1841 3921 2096 3974 remotis-

524 4013 719 4066 simum
753 4013 919 4063 \‘isutn
945 4019 1045 4075 est,
1075 4011 1310 4063 medium
1362 4009 1630 4076 quoddam
1676 4007 1800 4070 iter,
1830 4007 2097 4075 cupidita-

527 4114 633 4157 tem
681 4103 820 4156 inter
854 4110 907 4155 ct
946 4102 1193 4154 timorem
1243 4101 1428 4169 sequi,
1463 4115 1524 4154 ac
1574 4100 1768 4167 partim
1807 4099 2090 4169 cupiditati

525 4197 719 4266 partim
753 4195 961 4264 spiritui
991 4193 1327 4249 satisfacere.
1369 4193 1420 4246 ld
1451 4201 1628 4246 autem
1655 4193 1732 4246 sic
1762 4191 1876 4246 lieri
1917 4206 2097 4260 posse,

523 4288 570 4342 si
604 4302 701 4341 uec
732 4302 942 4340 sacrum
985 4301 1179 4339 munus
1223 4285 1444 4338 omnino
1482 4283 1756 4354 defugiam
1783 4324 1796 4347 ,
1827 4299 1928 4348 ne,
1953 4286 2096 4353 quod

525 4379 884 4448 periculosmn
939 4388 1058 4441 est,
1101 4378 1327 4448 gratiam
1389 4377 1626 4446 rejiciain
1661 4395 1673 4429 :
1712 4391 1810 4430 nec
1868 4391 2091 4440 rursus,

524 4469 666 4535 quod
699 4467 981 4520 molestum
1031 4476 1084 4520 et
1133 4467 1386 4520 acerbum
1420 4475 1526 4531 est,
1577 4467 1876 4536 graviorem
1933 4482 2090 4535 quam

525 4560 666 4611 vires
700 4556 898 4618 ferant,
938 4555 1208 4609 sarciuam
1247 4555 1486 4608 humeris
1527 4554 1729 4605 lollatu.
1779 4553 1914 4606 Illud
1949 4553 2090 4606 enim
2125 4539 2168 4593 D

523 4649 742 4702 alterius
803 4648 997 4716 Capitis
1045 4662 1194 4710 esse,
1252 4647 1352 4699 hoc
1415 4645 1638 4698 aliarum
1693 4644 1937 4697 virium:
1983 4643 2092 4696 imo

524 4752 811 4808 utrumque
873 4740 1037 4792 animi
1100 4753 1289 4804 parum
1365 4737 1504 4790 sani.
1585 4736 1663 4789 Pii
1730 4746 1908 4789 autem
1967 4736 2086 4797 viri,

521 4831 788 4899 simulque
822 4831 1098 4884 securitati
1149 4845 1260 4884 sua:
1300 4829 1636 4882 consulentis
1687 4841 1827 4892 esse,
1863 4827 2096 4881 functio-

521 4939 642 4976 ucm
672 4937 883 4976 sacram
924 4921 1127 4975 viribus
1155 4920 1333 4973 metiri
1365 4936 1379 4984 ;
1414 4929 1470 4974 ut
1506 4919 1734 4986 scilicet,
1762 4927 2017 4990 tanquam
2043 4921 2094 4975 in

1649 5099 1671 5126 ¹
1704 5097 1868 5154 Hebr.
1901 5113 1998 5162 xu,
2020 5098 2074 5153 2.

589 5101 634 5131 θ’
661 5099 677 5152 1
706 5099 848 5154 Petr.
883 5097 1016 5163 11,9.
1095 5099 1109 5127 ¹
1152 5095 1384 5166 Philipp.
1414 5114 1490 5161 ιιι,
1522 5097 1572 5150 '7.

592 5263 705 5331 (6h
739 5263 854 5319 Kal
889 5264 1093 5332 φίλοι).
1127 5262 1380 5316 Basiliqu
1420 5261 1688 5331 intelligit.
1718 5261 1871 5315 Unde
1906 5261 2086 5316 Schol.

519 5330 608 5387 τὸν
636 5333 784 5400 φίλον
808 5330 983 5402 λέγειν
1004 5331 1178 5404 οἶμαι,
1205 5332 1294 5385 τὸν
1317 5331 1592 5404 Βασίλειον
1603 5330 2082 5403 χειροτονήσανταε

526 5421 544 5451 ι
585 5406 855 5465 Amicum,
883 5401 948 5457 ut
980 5401 1235 5464 arbitror,
1269 5401 1499 5471 appellat
1538 5401 1792 5456 Basili—unt
1823 5443 1836 5466 ,
1868 5405 1957 5472 qui
1987 5403 2085 5471 ipsi

520 5475 587 5524 ad
618 5476 980 5540 episcopatum
1015 5491 1204 5526 manus
1235 5475 1615 5542 imposuerat.)

594 5544 703 5612 (62)
729 5546 1037 5597 Βούλεται.
1070 5547 1156 5599 Sic
1180 5544 1417 5613 plerique
1441 5545 1668 5596 codices.
1693 5542 1844 5597 DeCSl
1875 5543 1924 5594 in
1951 5543 2080 5597 edit.

594 5615 706 5680 (6'5)
749 5615 1094 5683 Πλάσμίῑτιτ.
1133 5612 1289 5670 llerv.
1326 5612 1694 5682 παλαίσματα,
1726 5633 1744 5664 ι
1780 5615 2087 5668 artiﬁciosi:

523 5681 860 5736 luetationes.
876 5705 892 5735 ι

743 5756 1084 5821 Χαρίσομαι.
1120 5756 1250 5824 Reg.
1287 5758 1372 5808 bm
1406 5764 1452 5806 ct
1482 5754 1573 5808 Οι·.
1612 5757 1656 5817 1,
1685 5754 2013 5825 χαρίσωμαι.

598 5823 705 5893 (65)
741 5827 1158 5893 Συλλίίὸησθε,
1197 5823 1297 5880 etc.
1346 5825 1473 5895 Reg.
1525 5842 1576 5888 τι,
1609 5823 1768 5879 Coisl.
1806 5825 1861 5887 -1,
1899 5823 2088 5877 συλλά-

2277 3920 2351 3971 Ε’.
2382 3919 2568 3986 Ἔδοξέ
2605 3937 2692 3990 μοι
2722 3921 3013 3991 κράτιστον
3053 3917 3191 3974 εἶναι
3228 3923 3322 3974 καὶ
3353 3923 3756 3980 ἀκινδυνότατον.

2210 4011 2380 4082 μέσην
2404 4010 2525 4064 τινὰ
2547 4012 2848 4083 τραπέσθαι
2875 4013 2968 4066 τοῦ
3003 4014 3166 4066 πόθου
3199 4015 3290 4068 καὶ
3318 4018 3418 4086 τῆς
3445 4015 3655 4078 δειλίας,
3682 4018 3762 4066 καὶ

2205 4103 2266 4153 τὸ
2297 4101 2392 4172 μὲν
2420 4104 2486 4171 τῇ
2516 4100 2779 4174 ἐπιθυμία
2812 4103 3015 4164 δοῦναι.
3046 4104 3106 4157 τὸ
3133 4104 3189 4157 δὲ
3219 4103 3295 4175 τῷ
3316 4106 3580 4176 πνεύματι
3611 4123 3624 4135 ·
3661 4105 3777 4157 rei?

2197 4211 2256 4246 το
2276 4194 2330 4246 δὲ
2359 4195 2424 4247 ἂν
2455 4194 2732 4262 γενέσθαι,
2769 4198 2906 4267 μήτε
2935 4197 3111 4268 πάντη
3138 4198 3401 4266 φυγόντος
3430 4200 3526 4268 τὴν
3548 4200 3764 4265 λειτουῃο

2196 4291 2338 4360 τίαν,
2369 4290 2510 4344 ὥστε
2539 4290 2804 4362 ἀθετῆσαι
2833 4293 2931 4364 τὴν
2963 4293 3140 4364 χάριν,
3179 4295 3482 4363 ἐπισφαλὲς
3517 4294 3641 4362 γὰρ’
3676 4310 3762 4361 μτῗ

2193 4401 2252 4435 τε
2283 4382 2465 4454 μεῖζον
2495 4383 2527 4454 ἦ
2557 4386 2676 4438 κατ’
2708 4385 2944 4468 ἐμαυτὸν
2975 4386 3252 4457 ἀραμένου
3282 4386 3394 4454 (66)
3426 4387 3661 4460 φορτίον,
3689 4385 3764 4454 βα-

2197 4471 2262 4540 ρὺ
2301 4471 2404 4540 γάρ
2424 4487 2436 4500 ·
2473 4471 2565 4523 καὶ
2589 4471 2650 4523 τὸ
2685 4471 2784 4542 μὲν
2815 4473 3053 4545 κεφαλῆς
3085 4475 3241 4528 ἄλλου
3270 4475 3400 4545 (67),
3443 4476 3500 4530 τὸ
3525 4476 3592 4546 ,δὲ
3619 4475 3760 4527 δυνα-

2204 4577 2379 4629 μεως·
2419 4561 2617 4630 μᾶλλον
2659 4561 2713 4614 δὲ
2753 4563 3009 4628 ἀπονοίας
3052 4567 3356 4638 ἀμφότερα.
3385 4567 3679 4628 Εὐσεεείας

2200 4647 2338 4705 εῖναι
2366 4652 2483 4722 ἅμα
2515 4655 2607 4706 καὶ
2643 4655 2940 4725 ἀσφαλείας
2984 4657 3098 4728 (68)
3145 4660 3414 4730 μετρῆσαι
3457 4662 3517 4730 τῇ
3551 4659 3764 4726 δυνάμει

2198 4741 2296 4813 τὴν
2319 4741 2657 4816 λειτουργίαν
2677 4762 2689 4775 ο
2724 4747 2817 4799 καὶ
2837 4746 3025 4817 ὥσπερ
3052 4751 3256 4819 τροφῆς
3281 4750 3378 4818 τὴν
3408 4749 3504 4820 μὲν
3532 4748 3678 4802 κατά
3696 4748 3768 4799 δὲ-

2204 4851 2367 4904 ναμιν
2411 4836 2748 4905 προσίεσθαι,
2780 4838 2877 4909 τὴν
2925 4837 2979 4891 δέ
3011 4839 3151 4910 ὑπὲρ
3179 4839 3407 4910 δύναμιν
3449 4839 3766 4909 ἀποπέμῷε-

2208 4923 2328 4977 σθαι
2355 4943 2366 4956 ο
2410 4926 2552 4979 οὕτω
2594 4927 2702 4999 γὰρ
2737 4928 2847 5000 (69)
2891 4929 3100 5001 σώματι
3141 4932 3237 5001 μὲν
3284 4932 3490 4996 εὐεξίαν
3544 4931 3767 5004 παραγί-

2205 5261 2357 5334 6ητε.
2399 5281 2414 5314 ι
2449 5263 2683 5334 Mihique
2711 5265 2775 5318 ad
2809 5263 3098 5317 ineundum
3140 5261 3420 5318 consilium
3446 5276 3612 5331 Opem
3636 5259 3765 5315 fera-

2201 5333 2285 5387 tis.
2316 5334 2561 5405 [Dillius
2591 5333 2604 5388 ε
2644 5353 2661 5384 ι
2695 5336 3008 5405 exploretis.
3037 5353 3055 5384 ›

2267 5404 2379 5526 (661)
2429 5403 2778 5492 ᾋραμέξςουξ
2809 5407 2900 5460 Or.
2937 5405 2988 5468 1,
3036 5403 3311 5476 ἀραμένῳ.

2275 5478 2329 5526 (b
2376 5491 2387 5526 ι
2427 5479 2709 5526 [maxime
2740 5475 2954 5526 ἄλλου.
2997 5475 3238 5526 Comhef.
3267 5493 3311 5526 κι

2275 5471 2387 5544 (67)
2427 5471 2709 5544 Κὲφὰλῆς
2740 5475 2954 5529 ἄλλον.
2997 5471 3238 5530 Coinbef.
3265 5471 3512 5543 κεφαλῆς
3545 5471 3768 5542 φαῦλοί-ν.

2203 5563 2222 5595 ι
2273 5545 2521 5600 imbecilli
2556 5549 2772 5614 capitis.
2797 5567 2815 5597 ι

2227 5616 2370 5682 (68)
2422 5613 2806 5685 Ἀσφαλείας.
2871 5635 2890 5667 ι
2935 5614 3072 5685 Tuto
3114 5629 3178 5668 ac
3207 5623 3363 5670 caute
3388 5613 3719 5669 incedentis.
3746 5628 3762 5661 ι

2202 5679 2404 5750 ΒίΙΙίυέ,
2441 5706 2459 5736 ‹
2500 5679 2869 5756 tranquillitati
2901 5679 3249 5756 consulentis.
3283 5703 3302 5734 ι

2271 5757 2384 5827 (69)
2417 5756 2563 5825 Γάρ.
2603 5755 2760 5814 Deest
2794 5761 2844 5811 in
2880 5759 3085 5812 duobus
3116 5755 3279 5825 Regg.
