3844 6390
141 425 225 477 889

1213 391 1470 474 ouA'rto
1509 418 1623 473 xu.
1666 452 1732 460 --
1772 422 1861 475 AD
1900 421 2198 479 PATREM.

3215 422 3327 476 830-

151 532 312 591 ιεσθαι,
355 526 488 596 ψυχῇ
523 524 578 577 δὲ
612 525 905 594 ἀσφάλειαν
952 529 1063 598 (70)
1120 533 1196 603 τῷ
1245 533 1550 605 μετριάζειν
1595 538 1650 588 ἐν

1766 541 1915 602 cibis,
1961 556 2077 594 eam
2121 541 2488 604 admittamus,
2535 541 2617 594 cui
2667 555 2822 610 pares
2862 553 2980 594 esse
3011 553 3314 608 possumus,

145 619 439 695 ἀμφοτέροις.
470 613 565 667 Διὰ
591 615 744 669 τοῦτο
773 619 866 671 νῦν
898 621 994 690 μὲν
1017 621 1240 693 δέχομαι
1266 625 1342 695 τῷ
1373 625 1648 702 καλῷχπαο

139 714 210 787 τρι
236 707 577 778 συνδιαφέρειν
599 705 694 776 τὴν
728 709 1061 779 ἐπιμέλειαν,
1094 713 1281 784 ὥσπερ
1310 715 1448 786 ἀετῷ
1486 717 1652 786 μεγά-

141 811 198 876 λῳ
226 805 304 858 καὶ
335 801 556 870 ύῴιπέτῃ
595 801 705 871 (71)
747 802 962 866 νεοσσὸς
996 804 1094 856 οὐκ
1127 805 1392 875 ἄχρηστος
1420 807 1530 878 (72)
1563 811 1652 877 ἐγ-

140 896 269 966 γύθεν
297 891 833 962 συμπαριπτάμενοςο
885 895 1023 964 μετὰ
1070 895 1125 947 δέ
1170 897 1325 950 τοῦτο
1371 899 1525 952 δώσω
1575 901 1651 970 τῷ

139 983 372 1052 Πνεύματι
403 979 496 1050 τὴν
529 981 666 1065 ἐμὴν
694 982 938 1054 πτέρυγα
967 985 1152 1056 φέρειν
1246 986 1513 1056 βούλεται,
1559 993 1651 1043 καὶ

133 1075 192 1137 ὡς
216 1071 468 1143 βούλεται·
518 1070 608 1122 καὶ
639 1070 811 1136 οὐδεὶς
847 1074 875 1126 ὁ
911 1072 1248 1145 βιασόμενος,
1285 1079 1404 1130 οὐδὲ
1428 1079 1650 1144 ἀπάξων

135 1163 338 1234 ἑτέρωθι,
379 1160 512 1232 μετὰ
556 1164 740 1215 τούτου
788 1163 1192 1237 βουλευόμενον.
1238 1168 1362 1223 Ἡδὺ
1406 1170 1502 1240 μὲν
1544 1170 1650 1242 γὰρ

133 1255 300 1324 πατρὸς
329 1252 470 1304 πόνοι
505 1252 1014 1324 κληρονομούμενοι,
1051 1258 1229 1310 καὶτὸ
1264 1260 1650 1333 συνηθέστερον

134 1347 340 1414 ποίμνιον
366 1343 454 1396 τοῦ
481 1343 629 1408 ξένου
666 1345 758 1398 καὶ
789 1345 1064 1418 ἀλλοτρίου
1086 1364 1098 1378 ·
1150 1349 1440 1420 προσθείην
1483 1351 1526 1404 δ’
1561 1351 1648 1417 ἂν,

131 1443 191 1492 ὅτι
219 1437 300 1490 καὶ
326 1434 437 1505 Θεῷ
454 1434 794 1506 τιμιώτερον,
823 1437 871 1488 εί
906 1438 978 1508 μή
1007 1455 1073 1508 με
1103 1440 1282 1509 ἀπατᾷ
1324 1439 1382 1492 τὸ
1407 1441 1648 1512 φίλτρον,

132 1533 202 1584 καὶ
235 1529 437 1580 κλέπτει
471 1527 569 1598 τὴν
596 1528 842 1598 αἴσθησιν
873 1530 906 1598 ὴ
942 1529 1227 1600 συνήθεια·
1263 1531 1414 1585 οὔπω
1443 1533 1500 1584 δὲ
1539 1533 1649 1602 (75)

129 1620 495 1693 χρησιμώτερον
552 1620 644 1672 τοῦ
700 1621 923 1684 ἑκόντας
975 1623 1207 1676 ἑκόντων
1257 1625 1476 1696 ἄρχειν,
1531 1624 1649 1678 οὐδὲ

130 1711 484 1780 ἀσφαλέστερον
504 1727 517 1739 ’
547 1711 733 1783 ἐπειδὴ
760 1711 833 1784 μὴ
865 1713 998 1784 πρὸς
1025 1714 1142 1784 βίαν
1171 1715 1324 1784 ἄγειν
1346 1717 1437 1769 τοῦ
1465 1717 1652 1788 ἡμετέ-

129 1821 202 1873 ρου
245 1803 395 1872 νόμου
439 1801 574 1873 (74),
625 1803 759 1874 μηδέ
793 1805 1173 1874 ἀναγκαστῶς,
1216 1807 1326 1860 ἀλλ’
1366 1809 1644 1872 ἑκουσίως.

1755 644 1872 684 eam
1924 640 2099 684 autem
2126 671 2140 694 ,
2169 645 2290 700 qua:
2323 631 2468 684 vires
2521 641 2734 686 nostras
2776 643 3032 702 superat,
3067 633 3314 702 repudie-

1754 737 1893 790 mus.
1937 721 2028 775 Sic
2083 723 2226 776 enim
2277 721 2431 792 25]
2464 721 2578 776 fore
2602 763 2616 787 ,
2653 733 2708 777 ut
2743 734 2794 777 et
2827 725 3038 793 corpori
3076 723 3313 789 sanitas,

1755 818 1806 863 et
1839 810 2032 863 anima:
2071 811 2431 880 tranquillitas
2455 821 2685 876 constet,
2722 811 2767 865 si
2819 813 2868 865 in
2929 813 3171 879 utrisque
3201 827 3315 865 me-

1754 898 2013 953 diocritas
2074 907 2364 966 teneatur.‘
2392 899 2468 953 Ae
2498 900 2722 968 proinde
2769 916 2910 953 nunc
2944 901 3155 966 quidem
3191 916 3313 954 cum

1755 988 2015 1057 prarelaro
2039 997 2265 1057 parente
2295 1003 2483 1042 curam
2512 989 2651 1040 hanc
2677 988 2948 1055 suscipere
2973 1001 3074 1040 non
3105 1002 3314 1049 recuso,

1756 1079 1900 1132 velut
1931 1093 2140 1149 magnae
2174 1079 2365 1147 aquila:
2403 1088 2457 1132 et
2480 1078 2738 1132 altissime
2773 1077 2968 1132 volanti
3007 1077 3182 1146 pullus
3211 1093 3314 1132 non

1756 1169 1961 1224 inutilis
2001 1185 2029 1222 e
2061 1171 2359 1240 propinquo
2395 1170 2666 1224 advolans.
2703 1169 2889 1224 Postea
2925 1185 3052 1224 vero
3087 1185 3314 1240 pennam

1755 1275 1926 1314 meam
1965 1261 2185 1328 Spiritui
2210 1301 2224 1325 ,
2257 1275 2362 1329 quo
2412 1262 2574 1325 volet,
2605 1270 2658 1315 et
2703 1276 2918 1330 quoquo
2949 1261 3105 1314 modo
3140 1261 3313 1322 volet.

1757 1354 2030 1408 ferendam
2058 1353 2233 1407 dabo:
2270 1367 2369 1408 nec
2394 1354 2676 1422 quisquam
2710 1354 2835 1417 erit,
2865 1355 2953 1421 qui
2987 1370 3070 1408 me
3101 1370 3315 1424 cogere,

1753 1455 1846 1499 aut
1890 1445 2145 1499 aliorsum
2183 1447 2466 1499 traducere
2519 1446 2708 1514 possit,
2750 1461 2869 1500 cum
2907 1461 2971 1498 eo
3001 1447 3315 1503 coxisultan-

1756 1547 1881 1591 tem.
1924 1535 2054 1589 Nam
2103 1537 2204 1590 etsi
2251 1537 2489 1606 paternis
2518 1536 2793 1591 laboribus
2847 1539 3134 1592 succedere
3165 1539 3341 1592 dulce

1751 1629 1842 1692 sit,
1891 1642 1956 1682 ac
1996 1637 2124 1682 noto
2156 1638 2209 1681 et
2247 1627 2500 1682 familiari
2544 1628 2690 1698 gregi
2727 1643 2958 1696 prmesse
3001 1630 3318 1698 jucundius,

1756 1735 1919 1787 qttam
1953 1729 2178 1773 externo
2214 1728 2267 1772 et
2295 1718 2507 1784 alieno;
2533 1720 2722 1773 addam
2747 1720 2906 1773 etiam
2949 1721 3056 1773 Deo
3082 1719 3316 1782 cltarius,

1755 1809 1855 1864 nisi
1893 1825 1981 1864 tne
2005 1809 2140 1863 fallit
2176 1824 2346 1872 amor,
2379 1819 2432 1861 et
2457 1824 2672 1863 sensum
2704 1811 3312 1880 surripiteonsuetudo;

128 1893 264 1946 Τοῦτο
292 1893 382 1963 μὲν
412 1893 519 1964 γάρ
551 1893 663 1963 (75)
685 1895 798 1948 οὐδ’
828 1896 892 1950 ἂν
919 1897 1084 1969 ἄλλην
1108 1900 1280 1970 ἀρχὴν
1308 1902 1648 1970 συστήσειεν,

1770 1913 1858 1952 ιοιι
1911 1907 2087 1952 tamen
2126 1897 2514 1952 conducibilius
2552 1907 2670 1964 est,
2700 1913 2798 1952 nec
2843 1899 3040 1960 tutius,
3071 1914 3230 1966 quam
3263 1907 3320 1951 ut

126 1984 275 2054 ἐπειδὴ
313 1983 452 2053 φιλεῖ
487 1985 547 2037 τὸ
579 1985 670 2057 βίᾳ
704 1989 1072 2060 κρατούμενον
1117 1990 1517 2061 ἐλευθεριάζειν
1556 2009 1654 2044 πο-

123 2079 168 2129 τὲ
192 2077 286 2147 (76)
308 2075 494 2148 καιροῦ
523 2076 850 2148 λαὸόμενον·
885 2080 982 2152 τὴν
1028 2081 1082 2134 δὲ
1121 2083 1394 2154 ἡμετέραν
1425 2082 1524 2136 οὐκ
1549 2083 1650 2154 ἀρ-

122 2169 217 2238 χὴν,
261 2169 387 2220 ἀλλὰ
425 2169 823 2240 παιδαγωγίαν,
875 2174 968 2226 καὶ
1007 2173 1222 2227 πάντων
1266 2174 1379 2245 (77)
1415 2175 1648 2244 μάλιστα

123 2262 336 2330 συντηρεῖ
360 2260 416 2312 τὸ
443 2261 709 2317 ἑκούσιον.
746 2263 1092 2335 Βουλομένων
1124 2265 1254 2338 γὰρ,
1278 2267 1338 2318 ού
1371 2281 1652 2336 τυραννον·

121 2351 283 2419 μένων,
308 2351 365 2403 τὸ
391 2352 489 2422 τῆς
520 2353 802 2420 εὐσεϐείας
828 2355 938 2428 (78)
977 2356 1292 2427 μυστήριον.

1754 1988 1992 2044 volentes
2044 1989 2345 2045 volentibus
2401 1990 2640 2060 praesint.
2690 1988 3130 2057 Quandoquidem
3187 1989 3318 2056 legis

1757 2091 1956 2136 nostra:
1996 2097 2100 2138 non
2142 2091 2245 2145 est,
2274 2082 2323 2134 vi
2347 2091 2400 2134 et
2435 2089 2643 2142 coacte,
2673 2079 2764 2134 sed
2797 2089 2984 2146 sponte
3008 2079 3315 2145 gubernari.

1759 2171 1870 2227 Hoc
1900 2173 2042 2227 enim
2077 2188 2143 2228 ne
2167 2173 2309 2227 aliud
2334 2173 2546 2241 quidem
2585 2171 2866 2241 imperium
2898 2171 3174 2224 continere
3195 2183 3322 2238 pos-

1759 2267 1849 2329 sit,
1882 2265 2312 2334 quandoquidem
2345 2267 2485 2334 quod
2512 2265 2560 2318 vi
2595 2263 2801 2331 cogitur
2824 2303 2838 2328 ,
2864 2261 3042 2314 oblata
3079 2261 3320 2314 occasio-

1757 2370 1840 2417 ne,
1874 2355 1941 2409 ad
1976 2355 2280 2410 libertatem
2307 2357 2480 2410 redire
2508 2355 2806 2418 consuevit,
2828 2355 3019 2406 nedum
3054 2362 3319 2415 nostrum,

121 2461 203 2499 nou
228 2447 388 2501 dicam
420 2448 732 2518 imperium,
779 2451 874 2506 sed
908 2451 1302 2520 magisterium,
1333 2453 1475 2520 quod
1503 2452 1646 2506 nulla
1686 2467 1745 2507 re
1808 2465 1960 2520 teque
2018 2467 2081 2505 ac
2113 2449 2404 2504 voluntatis
2436 2448 2685 2504 libertate
2723 2457 3086 2502 conservatur.
3131 2445 3327 2500 Veien-

121 2536 224 2610 tium
252 2537 407 2602 enim,
457 2553 566 2592 non
599 2550 942 2606 coactorum,
988 2541 1202 2610 pietatis
1246 2552 1642 2596 sacramentum
1680 2553 1783 2600 est.
3097 2555 3101 2560 ’

173 2650 246 2714 (Γ.
266 2643 424 2714 Οὗτος
449 2653 478 2704 ὁ
503 2653 634 2722 παρ’
662 2651 793 2722 ἐμοῦ
814 2652 970 2720 λόγος
991 2653 1138 2722 ὑμῖν,
1164 2646 1208 2706 ὦ
1230 2653 1440 2724 ἄνδρες,
1468 2654 1650 2718 ἁπλῶς

114 2756 159 2791 τε
187 2741 284 2810 (79)
317 2743 407 2795 καὶ
443 2743 587 2813 μετὰ
619 2743 798 2814 πάσης
832 2745 1042 2808 εὐνοίας
1063 2746 1373 2816 εἰρημένος,
1411 2747 1505 2802 καὶ
1532 2746 1654 2800 τοῦ-

115 2848 162 2882 το
187 2833 237 2884 τὸ
261 2835 352 2904 τῆς
378 2835 522 2905 ἐμῆς
541 2835 781 2900 διανοίας
809 2840 1122 2909 μυστήριον.
1156 2839 1344 2912 Νικώῃ
1369 2839 1426 2892 δὲ
1448 2841 1476 2893 ὅ
1505 2858 1556 2893 τι
1588 2841 1652 2893 ἂν

116 2925 187 2976 καὶ
215 2926 332 2994 ὑμῖν
374 2928 470 2979 καὶ
503 2930 636 2998 ἡμῖν
673 2929 838 3002 μέλλῃ
869 2929 1154 2996 συνοίσειν,
1201 2930 1295 2982 τοῦ
1339 2929 1652 3001 Πνεύματος

115 3017 302 3082 ἄγοντος
336 3018 404 3071 τὰ
441 3019 689 3090 ἡμέτερα
728 3020 910 3088 (πάλιν
942 3020 1050 3092 γὰρ
1090 3023 1168 3084 εἰς
1210 3021 1405 3076 ταυτὸν
1441 3023 1469 3074 ὁ
1498 3021 1652 3089 λόγος

112 3107 362 3177 ἀνέρχεται
395 3108 563 3181 [80]),
668 3109 977 3181 δεδώκαμεν
1010 3112 1157 3181 ἡμᾶς
1180 3112 1396 3176 αὐτοὺς,
1433 3112 1525 3164 καὶ
1555 3111 1652 3182 τὴν

1832 2653 1917 2710 γι.
1968 2653 2092 2709 11ωο
2144 2655 2327 2718 habui,
2384 2656 2479 2708 viri
2531 2653 2876 2720 Nauanzeni,
2925 2671 3042 2725 mue
3083 2639 3322 2726 lsimplici

1760 2749 1940 2801 animo
1970 2748 2467 2817 benevolentichne
2509 2747 2665 2817 pleno
2701 2749 2766 2802 ad
2813 2766 2905 2800 vos
2944 2751 3213 2816 dicerem;
3243 2759 3320 2803 at-

1759 2853 1861 2905 que
1892 2838 1995 2892 hoc
2023 2850 2102 2892 est
2145 2839 2311 2893 animi
2348 2838 2451 2890 mei
2487 2853 2764 2892 arcanum.
2803 2837 2995 2892 Vincat
3026 2849 3203 2893 autem
3235 2855 3344 2894 ve--

1759 2930 1874 2995 lim,
1901 2929 2042 2997 quod
2095 2929 2246 2983 vobis
2305 2929 2544 2998 mihique
2596 2928 2932 2998 profuturum
2971 2940 3085 2994 est,
3120 2930 3321 2999 Spiritu

1762 3022 2014 3074 nimirum
2048 3037 2134 3075 res
2169 3030 2381 3074 nostras
2411 3023 2720 3077 moderante
2748 3024 2893 3089 (nam
2923 3023 3110 3076 eodem
3139 3037 3323 3076 rursus
3348 3076 3353 3082 _

1760 3112 2000 3166 ascendit
2041 3111 2272 3181 oratio),
2308 3114 2392 3166 cui
2444 3128 2541 3167 nos
2587 3115 2734 3182 ipsos
2781 3114 2918 3168 dono
2965 3114 3225 3178 dedimus,
3271 3123 3326 3167 et

114 3198 387 3266 χρισθεῖσαν
413 3201 661 3273 κεφαλὴν
687 3201 764 3273 τῷ
792 3203 954 3273 ἐλαίῳ
984 3204 1080 3274 τῆς
1112 3202 1440 3268 τελειώσεως
1459 3205 1517 3258 ἐν
1539 3206 1652 3258 Πα-

1766 3211 1918 3272 eaput
1964 3217 2130 3256 sacrae
2171 3202 2490 3257 initiatiouis
2534 3203 2652 3257 oleo
2703 3203 2978 3273 perfusum
3005 3244 3018 3266 ,
3057 3203 3108 3255 itt
3166 3201 3324 3256 Patre

112 3290 179 3358 τρὶ
210 3294 624 3366 παντοκράτορι,
673 3295 766 3348 καὶ
808 3295 883 3364 τῷ
921 3298 1198 3365 μονογενεῖ
1236 3295 1411 3366 Λόγῳ,
1458 3283 1549 3348 καὶ
1582 3296 1658 3367 τῷ

112 3381 222 3451 ἁγίῳ
252 3384 530 3455 Πνεύματι
557 3385 648 3437 καὶ
687 3384 823 3455 Θεῷ.
850 3385 1029 3455 Μέχρι
1057 3384 1166 3456 γὰρ
1201 3384 1343 3448 τίνος
1379 3383 1457 3454 τῷ
1491 3384 1659 3454 μοδίῳ

113 3475 181 3528 τὲιν
210 3475 390 3546 λύχνον
422 3478 873 3549 περικαλύψομεν
906 3478 1040 3548 (81),
1065 3477 1158 3530 καὶ
1189 3477 1529 3547 φθονήσομεν
1551 3480 1660 3540 τοῖς

112 3567 254 3630 ἀλλοις
297 3570 394 3639 τῆς
430 3571 649 3634 τελείας
684 3569 977 3640 θειότητος,
1018 3569 1135 3622 δέον
1180 3570 1273 3622 ἐπὶ
1310 3569 1406 3640 τὴν
1443 3568 1662 3639 λυχνίαν

111 3658 186 3728 ᾔδη
217 3661 416 3715 τιθέναι
458 3664 558 3716 καὶ
593 3663 826 3734 λάμπειν
860 3664 1059 3725 πάσαις
1097 3662 1445 3732 Ἐκκλησίαις
1475 3678 1533 3714 τε
1566 3651 1691 3714 καῖ

107 3749 293 3818 ψυχαῖς,
324 3756 416 3806 καὶ
440 3755 610 3808 παντὶ
643 3754 719 3825 τῷ
746 3755 844 3823 τῆς
866 3754 1191 3824 οἰκουμένης
1221 3752 1331 3822 (82)
1367 3751 1656 3824 πληρώμα-

111 3856 165 3903 τι,
200 3845 390 3914 μηκέτι
423 3845 811 3917 εἰκαζόμενον,
858 3846 990 3917 μηδὲ
1033 3848 1097 3916 τῇ
1138 3845 1345 3916 διανοίᾳ
1400 3861 1663 3916 σκιαγρα-

110 3935 362 4004 ᾳούμενον,
407 3939 552 3993 ἀλλὰ
603 3940 694 3992 καὶ
737 3938 982 4010 φανερῶς
1024 3937 1445 4009 ἐκλαλούμενον;
1484 3937 1665 4006 ’Ἡπερ

109 4024 155 4092 δὴ
195 4027 497 4099 τελεωτάτη
533 4030 637 4099 τῆς
680 4029 957 4096 θεολογίας
997 4029 1268 4094 ἀπόδειξις
1314 4029 1426 4090 τοῖς
1466 4025 1665 4094 ταύτης

105 4118 396 4190 ἠξιωμένοις
443 4122 554 4192 τῆς
591 4121 810 4194 χάριτος
853 4123 908 4173 ἐν
949 4120 1091 4190 αὐτῷ
1122 4119 1340 4192 Χριστῷ
1379 4117 1551 4189 Ἰησοῦ
1582 4117 1659 4186 τῷ

108 4207 259 4282 Κυρίῳ
284 4215 468 4284 ἡμῶν,
497 4209 545 4284 ᾧ
576 4217 608 4285 ἡ
639 4214 782 4277 δόξα,
828 4213 978 4285 τιμὴ,
1020 4213 1216 4284 κράτος
1247 4213 1326 4275 εἰς
1361 4211 1485 4272 τοὺς
1525 4208 1655 4262 αἰῶ-

103 4317 194 4363 νας.
229 4305 420 4376 Ἀμήν.

163 4523 263 4594 (70)
310 4525 702 4594 Ἀσφάλειαν.
743 4526 874 4594 Reg.
913 4542 964 4591 a,
1003 4535 1114 4579 tres
1143 4526 1294 4580 Colb.
1327 4535 1382 4580 et
1407 4527 1570 4582 Coisl.
1609 4527 1658 4588 'l,

102 4589 362 4658 (malua,
401 4589 430 4646 ι’
462 4595 752 4650 securitas.
794 4616 813 4649 ι

158 4664 255 4736 (Π)
307 4664 628 4736 Ὑψιπέτῃ.
662 4663 856 4736 Regna
891 4675 942 4720 et
971 4664 1062 4724 0r.
1091 4665 1145 4728 2,
1178 4666 1444 4734 ὑψιπετεῖ.

158 4732 256 4803 (72)
290 4732 416 4788 Οὐκ
443 4732 783 4803 ἀχρηστοᾲ
807 4735 1010 4799 Billius,
1042 4755 1059 4787 ι
1094 4753 1197 4788 non
1223 4732 1611 4790 incommodus.
1642 4755 1660 4786 ι

161 4802 262 4871 (73)
301 4802 495 4858 Οὔπω
539 4803 631 4868 δέ,
675 4814 778 4858 etc.
834 4825 852 4857 ι
887 4805 1000 4860 Non
1051 4817 1227 4859 tamen
1277 4805 1668 4860 conducibilius

100 4883 185 4932 cst.
212 4875 529 4929 volentibus
556 4888 809 4942 prmesse,
835 4892 935 4930 nec
965 4878 1151 4929 tutius.
1189 4895 1206 4927 ι

159 4942 258 5015 (74)
308 4946 425 5000 Τοῦ
481 4944 779 5014 ἡμετέρου
821 4947 1030 5015 νόμου.
1068 4943 1274 5009 Billius,
1329 4965 1347 4997 ι
1398 4946 1664 5000 neminem

103 5012 141 5064 vi
179 5014 291 5070 duci
340 5015 462 5070 vult
510 5012 602 5068 lex
637 5024 852 5077 nostra,
890 5012 1188 5084 l-oacteque
1227 5032 1289 5069 ac
1333 5033 1437 5069 non
1479 5025 1669 5082 Sponte

99 5084 424 5156 gubernari.»
458 5085 676 5140 Alludit
698 5084 990 5156 Gregorius
1023 5087 1087 5138 ad
1121 5087 1234 5140 haec
1261 5089 1422 5156 verba
1467 5087 1482 5139 ι
1519 5087 1662 5138 Petr.

100 5166 141 5226 γ,
163 5153 210 5215 9.,
247 5155 541 5219 «Pascite,
564 5156 654 5222 qui
689 5156 739 5208 in
770 5153 922 5210 vobis
955 5166 1070 5223 est,
1102 5170 1313 5225 gregem
1345 5155 1457 5220 Dei,
1485 5156 1668 5226 provi-

98 5223 264 5295 “Wes
295 5243 408 5280 "0"
445 5234 668 5288 003619.
701 5227 794 5295 sed
830 5223 1175 5295 spontanee.»

157 5293 260 5362 (75)
320 5295 523 5350 Τοῦτο
559 5295 680 5364 μὲν
724 5293 872 5364 γάρ,
908 5307 1013 5350 etc.
1047 5297 1249 5358 litllius,
1307 5313 1324 5346 ι
1372 5295 1474 5348 hoc
1525 5293 1667 5346 enim

98 5368 236 5416 modo
261 5381 328 5420 ne
369 5368 483 5419 alia
532 5367 752 5434 quidem
792 5367 1013 5435 imperia
1058 5366 1318 5420 contineri
1353 5379 1417 5417 ac
1449 5379 1668 5435 conser-

97 5435 194 5486 vari
239 5447 499 5504 possunt,
541 5437 688 5502 quod
720 5438 791 5490 ita
837 5434 1026 5489 natura
1072 5444 1438 5504 comparatum
1480 5434 1570 5496 sit,
1612 5441 1672 5486 ut

95 5504 332 5578 {Will‘lnid
376 5508 426 5560 vi
466 5517 713 5569 tenetur,
743 5517 958 5578 arrepta
997 5507 1282 5561 occasione
1309 5504 1487 5558 statim
1519 5518 1574 5556 se
1617 5504 1668 5554 in

99 5570 384 5629 libertatem
415 5587 658 5630 asserat.
695 5596 712 5627 ι

155 5644 258 5702 (76)
291 5647 476 5700 Ποτέ.
522 5645 620 5699 Sic
648 5647 810 5701 Cois].
856 5649 903 5702 1.
938 5647 1092 5700 Deest
1126 5647 1178 5699 in
1207 5645 1386 5699 editis.

155 5714 259 5782 l77)
291 5719 404 5771 Καὶ
437 5716 714 5770 πάντων.
749 5718 910 5771 Coisl.
944 5717 994 5782 1,
1019 5717 1045 5770 ὂ
1070 5717 1160 5770 καὶ
1190 5715 1423 5769 πάντων.

155 5784 258 5855 (78)
315 5787 690 5853 Εὐσεϐείας.
747 5786 916 5856 Regg.
967 5805 1032 5850 a,
1090 5791 1190 5849 hu,
1238 5782 1668 5856 quatuoquoll).

93 5853 244 5910 lluisl.
271 5860 291 5912 t
323 5869 379 5913 et
403 5860 464 5925 ‘2,
497 5857 604 5912 0r.
644 5863 687 5925 t,
714 5853 999 5927 σωτηρίας,
1021 5877 1039 5911 ι
1061 5853 1268 5916 salutis
1289 5855 1617 5926 mysterium.
1648 5873 1663 5903 ι

1760 3294 2149 3362 omnipotente,
2177 3303 2229 3347 et
2273 3292 2408 3346 Fiiio
2461 3294 2754 3362 unigenito,
2799 3303 2852 3348 et
2895 3292 3097 3359 Spiritu
3135 3303 3321 3346 sancto

1760 3400 1822 3440 ac
1854 3387 1983 3441 Deo.
2025 3386 2318 3455 Quousque
2349 3388 2490 3440 enim
2541 3386 2813 3440 lucernam
2845 3387 3024 3440 modio
3072 3394 3324 3452 conlege-

1760 3492 1901 3541 tnus,
1928 3492 1990 3530 ac
2025 3477 2235 3546 plenam
2267 3477 2613 3546 numerisque
2652 3477 2950 3531 absolutam
2987 3477 3321 3529 divinitatem

1760 3570 1880 3623 aliis
1905 3569 2286 3632 invidebimus,
2319 3568 2574 3636 cumjam
2603 3585 2764 3636 supra
2795 3567 3176 3622 candelabrum
3209 3567 3322 3622 col-

1766 3661 1988 3714 locanda
2038 3661 2128 3726 sit,
2159 3670 2216 3714 ut
2246 3661 2457 3714 cunctis
2492 3660 2582 3714 ille
2633 3659 2889 3714 Ecclesiis
2923 3668 2976 3712 et
3006 3657 3201 3710 animis
3223 3697 3237 3722 ,
3262 3673 3325 3710 ac

1763 3754 1991 3824 denique
2020 3754 2269 3808 universo
2289 3753 2404 3808 orbi
2436 3752 2633 3816 luceat,
2660 3767 2763 3805 non
2791 3751 2901 3821 jam
2940 3749 3168 3822 imagine
3191 3763 3326 3818 qua-

1761 3846 1882 3900 datn
1911 3855 2144 3911 notatus,
2175 3862 2236 3900 ac
2280 3845 2605 3914 cogitatione
2643 3843 3008 3906 adumbratus,
3043 3841 3134 3894 sed
3169 3841 3326 3910 plane

1763 3944 2055 4004 aperteque
2116 3937 2438 4006 praedicatus
2481 3934 2505 3987 ?
2541 3933 2694 4000 Quod
2735 3933 2948 4000 quidem
3000 3931 3327 4001 perfectissi-

1764 4043 1908 4080 mutn
1942 4026 2218 4094 theologia:
2262 4032 2634 4094 argumentum
2677 4033 2788 4086 est,
2816 4021 2951 4089 apud
2986 4036 3080 4074 eos
3120 4020 3323 4088 utique,

1765 4121 1855 4188 qui
1891 4120 2030 4175 hanc
2070 4121 2296 4190 gratiam
2328 4117 2602 4172 consecuti
2641 4125 2765 4171 sunt
2801 4116 2854 4167 in
2887 4113 3072 4168 eodem
3111 4112 3327 4166 ChriSto

1763 4210 1888 4266 Jesu
1920 4211 2144 4265 Domino
2183 4219 2388 4274 nostro,
2425 4209 2508 4262 cui
2548 4207 2740 4277 gloria,
2766 4207 2935 4261 honor
2959 4215 3010 4259 et
3045 4203 3335 4273 imperium

1765 4303 1820 4358 in
1855 4304 2048 4358 sarcula
2077 4300 2418 4355 saeculorum.
2449 4302 2640 4353 Amen.

1840 4522 1950 4586 (79)
1996 4521 2244 4585 ’Λπλῶᾳ
2276 4519 2439 4574 Coisl.
2475 4520 2523 4576 1.
2557 4517 2778 4580 ἁπλοῦς.

1838 4593 1945 4659 (80)
1990 4592 2342 4658 Ἀνὲρχεται.
2375 4588 2537 4641 Coisl.
2577 4589 2623 4650 I,
2649 4590 3021 4658 ἐπανερχεται.

1842 4595 1925 4659 [80
1990 4593 2342 4658 Ἀνέρχεται.
2375 4593 2537 4641 Coisl.
2577 4593 2623 4650 Ι,
2649 4593 3021 4658 ἐπανερχεται.

1842 4593 1948 4730 (81)
2000 4662 2508 4728 Περικαλύψομεν,
2544 4670 2647 4711 etc.
2694 4659 2821 4724 lieg.
2881 4665 2987 4718 btu,
3035 4655 3325 4727 περικαλύ-

1767 4735 1956 4801 ψωμεν
1981 4733 2074 4801 καί
2103 4730 2475 4801 φθονήσωμεν.

1781 4794 1791 4804 ’
1841 4791 1952 4870 {3‘2}
1996 4791 2505 4867 Τῆςόἰκοὺμένης.
2534 4791 2747 4870 CoisLul
2805 4793 2946 4870 addit
2973 4792 3322 4870 _’Exx).nci_ag,

1774 4893 1792 4923 r
1828 4862 2364 4925 universo'Ecclesi-te
2406 4862 2589 4921 omitti.
2632 4883 2648 4914 ι
2693 4864 2820 4926 Quae
2859 4862 3069 4929 quidem
3118 4863 3325 4916 theolo-

1769 4945 1889 5010 giae,
1923 4941 2141 4994 deitatis
2176 4939 2428 4992 nimirum
2459 4933 2807 5010 doctrina:th
2861 4932 3326 5010 ιιίιιῇειξίεηεξίιδοο

1773 4999 2032 5067 iutissima
2068 5010 2331 5077 professio
2368 5019 2470 5060 est.
2515 5005 2666 5072 Apud
2695 5004 2942 5077 Gratcos,
2979 4999 3096 5077 θεῖα
3144 5002 3322 5072 λόγια,

1777 5105 1792 5134 ο
1831 5095 1984 5135 saera
2029 5072 2327 5147 Scriptura,
2361 5097 2378 5128 ι
2428 5082 2771 5147 nuncupatur
2811 5091 2826 5121 ι
2869 5072 3168 5147 theologia;
3205 5088 3327 5147 )“el

1779 5175 1795 5205 ι
1833 5150 2063 5220 theologi
2104 5169 2122 5201 ι
2152 5142 2429 5220 dicuntur,
2473 5145 2560 5215 qui
2599 5143 2726 5220 huic
2761 5142 3079 5220 incumbunt
3111 5144 3323 5220 studio,

1774 5237 1962 5289 nempe
2005 5212 2096 5290 (iui
2145 5220 2224 5271 vel
2279 5212 2918 5290 scripto'velnsertno‘ne
2967 5231 2984 5262 ι
3030 5212 3329 5290 divinitatis

1772 5279 2071 5348 ttoetrinain
2129 5309 2147 5341 ι
2184 5279 2602 5358 prosequuntur.
2636 5281 2770 5334 Hinc
2823 5279 3144 5358 Gregorius,
3181 5283 3328 5358 solus

1770 5382 1833 5418 ex
1886 5351 2230 5424 Patribusft
2283 5351 2641 5426 ΤΙιέυΙοςιιβ)
2685 5361 2780 5426 εει.
2815 5351 3149 5426 appellatus,
3189 5353 3329 5426 quod

1774 5433 1948 5486 nullus
1994 5433 2130 5484 hanc
2158 5421 2445 5500 materiam
2487 5421 2800 5500 sublimiori
2823 5430 2876 5500 et
2908 5421 3150 5500 gravitrrj
3194 5422 3334 5491 stylo

1773 5501 2133 5572 pertractarit.
2184 5497 2580 5572 Itaque_qui‘t
2630 5492 2693 5572 de
2743 5491 2939 5572 tiliristi
2984 5491 3325 5572 divinitate.»

1773 5561 2078 5625 sermonem
2111 5561 2362 5632 instituit,
2389 5561 2478 5620 is'r
2529 5565 2581 5616 in
2619 5561 2880 5632 theologia
2914 5561 3114 5632 versari
3147 5582 3164 5612 ι
3195 5561 3328 5613 dici-

1777 5655 1880 5696 tur.
1925 5641 1980 5694 Si
2021 5651 2197 5694 autem
2249 5659 2266 5690 ι
2310 5630 2375 5691 de
2403 5631 2601 5690 Christi
2635 5630 2968 5683 humanitate
2996 5641 3048 5683 et
3084 5631 3330 5684 incarna-

1778 5715 1919 5765 tione
1952 5731 1969 5762 ι
2007 5726 2182 5764 sermo
2221 5709 2310 5762 liat
2335 5748 2349 5768 ,
2418 5725 2434 5756 t
2473 5703 2767 5759 meonomia
2803 5717 2820 5749 ι
2865 5701 3180 5768 appellatur.
3225 5701 3333 5768 Τὴν

1776 5779 2186 5852 ἐνανθρώπησιν
2214 5779 2307 5831 τοῦ
2339 5777 2472 5829 Θεοῦ
2503 5773 2675 5852 Λόγου
2706 5769 2973 5852 καλοῦμεν
3004 5769 3330 5852 οἰκονομίαν,

1781 5873 1797 5903 ι
1820 5838 2245 5908 incarnationem
2265 5838 2752 5917 Dei,mconotniatu
2773 5838 2927 5899 Verbi
2946 5838 3292 5914 appellamus.
3307 5858 3332 5890 ι
