3844 6390
415 261 517 314 953

1608 247 1664 300 S.
1707 246 2033 303 GREGORII
2072 245 2414 300 THEOLOCI
3537 246 3620 299 856

419 375 592 430 Iitaris
633 383 918 428 contumax
946 409 962 437 ,
999 371 1088 441 qui
1135 369 1390 422 adversus
1438 367 1668 437 Moyscm
1701 368 1978 437 insurgere

2110 365 2352 436 τρατηγὲ
2383 363 2772 431 άσωφρόνιστε,
2799 364 2826 414 ὁ
2862 362 3000 415 κατὰ
3034 363 3311 422 Μωῦσέως
3353 361 3623 433 τολμήσας,

421 483 586 522 ausus
615 481 672 521 es
704 466 770 530 ”,
818 467 906 534 qui
939 478 1126 517 manus
1156 462 1209 515 in
1247 475 1366 520 nos.
1407 460 1860 528 quemadmodum
1904 459 1980 511 illi

420 561 633 630 linguas
677 557 729 610 in
777 541 1024 625 magnum
1063 553 1209 608 illum
1257 553 1346 607 Dei
1382 567 1630 614 servum,
1672 549 1984 604 immisisti?

426 649 540 703 Non
567 647 888 704 cohorruisti
912 645 935 697 ?
969 643 1083 698 Non
1111 645 1313 712 pudore
1336 641 1572 698 suffusus
1595 642 1696 696 es?
1722 640 1834 696 Non
1872 642 1986 696 haec

428 742 610 796 animo
640 739 862 809 agitanti
895 751 1085 791 carnes
1116 736 1168 790 in
1199 746 1396 789 terram
1430 735 1680 804 collapsa:
1725 734 1893 789 sunt?
1925 734 1988 786 Et

426 842 608 901 postea
640 843 829 884 manus
862 828 958 881 has
991 842 1200 880 sursum
1239 827 1305 880 ad
1337 827 1502 879 Deum
1533 823 1985 879 tendes?’Postca

427 925 564 976 dona
590 921 825 977 offeres?
863 921 1052 976 Postea
1093 920 1360 974 orationes
1397 933 1492 987 pro
1528 916 1723 985 populo
1757 914 1988 968 fundes?

431 1013 631 1068 Vereor
665 1013 910 1081 equidem
961 1027 1026 1065 ne
1073 1010 1162 1064 Dei
1205 1010 1412 1078 gladius
1456 1008 1652 1061 tamdiu
1693 1005 1988 1075 rubiginem

429 1104 738 1166 contrahat,
767 1113 820 1158 et
845 1103 1208 1170 conquiescat.
1241 1100 1346 1154 Nec
1388 1117 1414 1154 a
1448 1110 1663 1170 pastore
1694 1108 1784 1154 tuo
1809 1101 1992 1168 ingen—

433 1207 538 1248 tem
591 1193 823 1262 aliquam
867 1194 1093 1262 gratiam
1138 1191 1336 1253 iniisti,
1364 1199 1416 1242 et
1457 1199 1508 1243 te
1537 1190 1706 1259 ipsum
1759 1189 1994 1241 maximo

436 1285 758 1341 detrimento
791 1283 1056 1336 mulctasti
1077 1324 1090 1340 .
1125 1293 1176 1335 te
1207 1283 1378 1350 ipsum
1411 1279 1660 1334 videlicet
1691 1293 1718 1331 a
1753 1279 1841 1332 Dei
1872 1296 1996 1348 gra-

436 1379 504 1431 tia
537 1385 850 1430 extraneum
888 1376 1134 1429 reddens.

506 1469 594 1524 ιν.
635 1469 711 1523 Ac
758 1484 932 1532 nunc,
978 1483 1010 1520 o
1047 1477 1318 1536 pastorum
1358 1466 1556 1533 nptime
1591 1464 1999 1532 etprazstantis-

437 1561 592 1623 sime,
619 1559 895 1622 adesdmn,
926 1573 989 1612 ac
1015 1557 1315 1622 nobiscum,
1344 1555 1452 1609 imo
1482 1564 1606 1608 ante
1628 1570 1724 1608 nos
1750 1555 1996 1623 populum

439 1661 587 1703 tuum
617 1649 832 1717 accipe,
863 1662 1020 1717 quem
1058 1647 1288 1716 Spiritus
1323 1655 1539 1700 sanctus
1575 1645 1667 1700 tibi
1700 1645 1994 1709 commisit,

2083 457 2174 508 καὶ
2207 458 2389 526 χεῖρας
2417 452 2646 522 ἐπαφεὶς
2686 453 2836 521 ἡμῖν,
2882 450 3070 520 ὥσπερ
3105 452 3300 503 ἐκεῖνοι
3334 450 3432 514 τὰς
3473 451 3624 518 γλώσ-

2085 562 2181 610 σας
2216 546 2294 615 τῷ
2319 544 2536 616 μεγάλῳ
2562 543 2636 612 (1)
2661 542 2946 613 Θεράποντι
2967 558 2980 605 ;
3005 542 3118 594 Οὐκ
3145 540 3370 612 ἔφριξας
3396 557 3410 604 ;
3439 542 3626 595 Οὖκένσ

2085 637 2360 706 ετράπης;
2395 635 2507 687 Οὐκ
2537 633 2801 704 ἕρῤευσάν
2832 649 2910 686 σοι
2938 631 3107 686 ταῦτα
3129 631 3489 703 διανοουμένῳ
3510 637 3626 688 κατὰ

2086 729 2188 796 γῆς
2230 727 2284 780 αἱ
2321 727 2556 796 σάρκες;
2594 720 2725 777 Εἶτα
2759 725 2857 790 τὰς
2898 727 3085 795 χεῖρας
3116 723 3316 786 ταύτας
3361 725 3626 790 ἀνατείνεις

2086 818 2163 888 τῷ
2218 817 2374 887 Θεῷ;
2430 811 2561 868 Εἶτα
2600 815 2746 886 δῶρα
2801 815 3128 885 προσάξεις;
3197 809 3331 866 Εἶτα
3383 814 3628 887 ὑπερεὺξῃ

2087 908 2251 973 λαοῦ;
2301 907 2572 978 Φοϐοῦμαι
2615 908 2686 978 μή
2741 923 2870 959 ποτε
2918 905 3164 958 τοσοῦτον
3208 909 3240 976 ἡ
3285 907 3518 976 ῥομφαία
3551 908 3630 960 τοῦ

2090 1001 2225 1053 Θεοῦ
2255 1000 2492 1070 κατιωθῇ
2528 999 2626 1069 (2),
2655 998 2747 1050 καὶ
2773 998 3120 1068 ἠρεμήσειεν.
3155 997 3292 1049 οὔτε
3330 997 3405 1068 τῷ
3443 1001 3636 1068 ποιμένι

2089 1090 2167 1160 τῷ
2198 1089 2275 1160 σῷ
2309 1089 2450 1159 μέγα
2477 1106 2529 1140 τι
2557 1086 2814 1159 ἐχαρίσω,
2838 1085 2930 1138 καὶ
2965 1086 3157 1139 σαυτὸν
3186 1085 3254 1137 τά
3287 1085 3506 1156 μέγιστα
3525 1089 3638 1160 ἐζη-

2097 1183 2325 1254 μίωσας,
2354 1181 2717 1252 ἀλλοτριὼσας
2761 1180 2835 1251 (5)
2872 1181 3093 1233 σεαυτὸν
3128 1182 3224 1251 τῆς
3257 1179 3350 1234 τοῦ
3389 1180 3516 1234 Θεοῦ
3552 1183 3639 1252 χά-

2100 1293 2263 1346 ριτος.

2168 1470 2238 1523 Δ’.
2259 1469 2372 1522 Νῦν
2403 1468 2480 1531 δὲ,
2507 1462 2553 1520 ὦ
2580 1467 2850 1538 ποιμένων
2877 1467 3060 1538 ἄριστε
3089 1467 3184 1519 καὶ
3210 1466 3521 1527 τελεώτατε,
3549 1463 3645 1516 δεῦ⁴

2103 1563 2163 1632 pd
2201 1580 2288 1632 μοι
2325 1562 2418 1614 καὶ
2455 1561 2544 1614 τὸν
2574 1560 2662 1612 σὺν
2687 1559 3035 1630 ἀπολάμϐανε
3067 1559 3191 1612 λαὸν
3221 1560 3318 1611 σὺν
3341 1561 3468 1629 ἡμῖν
3488 1575 3543 1610 τε
3565 1561 3646 1610 καὶ

2102 1653 2208 1725 πρὸ
2240 1653 2415 1723 ἡμῶν,
2440 1652 2497 1705 ὃν
2524 1651 2813 1721 ὲνέχείρισέ
2855 1667 2934 1704 σοι
2971 1652 3030 1704 τὸ
3053 1651 3277 1721 Πνεῦμα
3304 1651 3365 1703 τὸ
3399 1650 3567 1718 ἆγιον,
3601 1650 3648 1702 ὃν

438 1755 596 1808 quem
627 1740 796 1806 angeli
843 1739 1093 1799 offerunt,
1128 1754 1285 1807 quem
1313 1746 1368 1792 et
1396 1737 1522 1800 vita,
1557 1746 1604 1791 et
1640 1751 1848 1790 morum
1877 1751 1994 1806 pro~

2110 1745 2465 1816 προσάγουσιν
2509 1744 2749 1813 ἄγγελοι,
2805 1744 2862 1797 ὃν
2919 1746 2948 1796 ὁ
2986 1743 3096 1813 βίος
3143 1743 3235 1796 καὶ
3268 1743 3296 1794 ὁ
3321 1742 3516 1813 τρόπος
3547 1742 3649 1794 ἑπε-

441 1833 599 1895 bitas,
631 1830 750 1885 fidei
789 1843 889 1884 tua:
923 1831 1169 1884 credidit.
1207 1829 1356 1894 Quod
1386 1829 1428 1882 si
1457 1844 1554 1898 per
1588 1829 1912 1882 tentationes
1946 1837 2000 1880 ct

442 1923 816 1992 impedimenta
862 1921 1036 1975 throni
1083 1920 1447 1974 hmreditatem
1484 1919 1850 1988 consequeris,
1895 1934 1997 1971 non

440 2027 524 2069 est
569 2030 666 2069 cur
713 2015 806 2068 tibi
849 2015 950 2068 hoc
1004 2012 1196 2066 mirum
1249 2011 1416 2066 videri
1457 2011 1672 2065 debeat.
1717 2008 1871 2064 Nulla
1917 2024 2000 2064 res

444 2125 636 2180 inagna
669 2107 999 2179 probationis
1026 2113 1079 2162 et
1111 2104 1401 2160 auxietatis
1441 2111 1522 2158 est
1561 2117 1772 2172 expers.
1802 2101 2000 2155 Natura

441 2205 582 2257 enim
614 2205 684 2256 ita
719 2210 1083 2270 comparatum
1112 2206 1216 2262 est,
1250 2206 1310 2251 ut
1335 2213 1419 2252 res
1455 2195 1682 2250 humiles
1705 2205 1758 2250 et
1782 2192 2004 2263 abjecne

441 2298 589 2352 facili
629 2297 842 2369 negotio
886 2306 1163 2366 parentur,
1201 2308 1287 2349 res
1327 2302 1506 2347 autem
1538 2290 1794 2346 sublimes
1825 2297 1879 2344 et
1909 2303 2004 2343 ex-

445 2391 620 2455 celsae,
652 2406 754 2443 non
781 2389 881 2443 nisi
913 2402 1123 2443 summo
1146 2386 1325 2440 studio
1348 2395 1402 2440 et
1432 2382 1761 2439 difﬁcultate.
1787 2381 2003 2435 Audisti

445 2475 670 2530 Paulum
711 2477 976 2530 dicentem
1011 2491 1028 2529 :
1077 2471 1238 2542 255
1271 2471 1520 2541 Oportere
1550 2487 1644 2524 nos
1686 2487 1777 2538 per
1815 2469 2005 2522 multas

447 2567 809 2621 tribulatione:
833 2566 1049 2620 introire
1080 2567 1134 2617 in
1163 2579 1375 2632 regnum
1403 2564 1648 2617 calorum
1673 2563 1741 2615 ²⁰.
1769 2561 1864 2616 llic
1894 2561 2007 2630 ipse

447 2671 664 2726 quoque
721 2673 735 2710 :
801 2655 1162 2709 Transivimus
1217 2671 1308 2722 per
1363 2655 1532 2723 ignem
1588 2663 1634 2706 et
1680 2669 1904 2720 aquam,
1961 2660 2008 2704 et

448 2749 677 2803 eduxlsti
705 2764 797 2801 nos
822 2748 874 2802 in
899 2747 1230 2816 refrigerium
1258 2746 1327 2801 ¹¹.
1353 2746 1398 2800 Ο
1423 2745 1630 2816 insigne
1655 2745 1965 2799 miraculum
1995 2763 2006 2797 :

449 2841 532 2893 Ad
562 2855 820 2908 vesperam
851 2839 1152 2892 demoratus
1185 2847 1257 2891 est
1289 2836 1464 2907 ﬂetus,
1494 2845 1549 2901 et.
1589 2836 1657 2889 ad
1692 2837 2007 2888 matutinum

450 2931 636 2984 lwtitia
664 2931 728 2982 ²².
765 2931 892 2984 Sine
924 2944 1038 2996 eos,
1067 2929 1157 2998 qui
1181 2928 1374 2984 bellum
1401 2937 1614 2998 gerunt,
1639 2927 1828 2998 nugari
1852 2935 2012 2997 atque

453 3021 709 3090 ineptire,
740 3035 804 3074 ac
853 3021 1067 3074 diducto
1110 3021 1244 3075 rictu
1279 3021 1428 3074 hiare
1456 3060 1470 3084 ,
1505 3029 1562 3074 ut
1604 3033 1766 3074 canes
1809 3017 2008 3073 frustra

450 3112 819 3167 oblatrantes:
867 3127 964 3166 nos
1011 3121 1190 3166 autem
1241 3125 1309 3165 ne
1355 3109 1490 3164 bello
1537 3124 1812 3164 vexemur.
1869 3108 2011 3164 Doce

453 3205 678 3258 adorare
711 3203 873 3257 Deum
903 3202 1152 3268 Patrem,
1184 3201 1346 3256 Deum
1375 3201 1566 3256 Filium
1590 3242 1605 3267 ,
1644 3201 1808 3255 Deum
1839 3199 2013 3270 Spiri-

457 3307 566 3348 tum
607 3304 850 3351 sanctum
877 3335 891 3358 ,
937 3296 988 3347 in
1024 3294 1194 3348 tribus
1227 3293 1477 3363 personis
1499 3333 1513 3359 ,
1544 3293 1595 3346 in
1631 3306 1734 3345 una
1767 3291 1932 3362 gloria
1959 3299 2015 3345 et

455 3388 756 3456 splendore.
799 3386 950 3454 Quod
981 3385 1198 3468 'periit,
1246 3385 1503 3453 exquire:
1545 3383 1686 3452 quod
1738 3382 2014 3437 tnlirmum

454 3488 557 3544 est,
589 3481 875 3533 corroliora
905 3496 918 3532 :
949 3478 1090 3546 quod
1113 3477 1324 3530 firmum
1349 3485 1447 3542 est,
1469 3491 1623 3530 serva
1640 3475 1706 3528 ²³.
1729 3473 1956 3528 Tantam
1986 3490 2016 3528 a

459 3581 508 3624 te
538 3572 587 3624 in
613 3570 975 3640 spiritualibus
1001 3571 1160 3624 rebus
1188 3568 1396 3621 laudem
1422 3567 1757 3636 nominisque
1783 3567 2010 3638 gloriam

456 3660 808 3732 ein-agitamus
828 3702 843 3726 ,
868 3671 1124 3732 quantam
1158 3662 1212 3716 in
1239 3661 1468 3716 terrenis
1496 3659 1726 3730 negotiis
1755 3659 2014 3728 cognovi-

459 3753 653 3807 vimus.
700 3751 1085 3808 Perfectiorem
1135 3761 1465 3806 armaturam
1509 3765 1540 3804 a
1586 3748 1878 3818 majoribus
1917 3749 2018 3803 du-

459 3845 610 3896 cibus
637 3843 872 3912 accipies
892 3881 908 3906 ,
935 3859 1030 3913 per
1056 3857 1217 3912 quam
1245 3842 1446 3912 poteris
1474 3841 1639 3913 ignita
1675 3841 1878 3896 diaboli
1915 3839 2019 3895 tela

460 3933 804 4004 exstinguere
829 3935 898 3999 ",
958 3949 1020 3987 ac
1057 3934 1249 3988 sistere
1292 3931 1520 3987 Domino
1545 3932 1751 4001 plebem
1782 3931 2021 4002 peculia-

2106 1854 2345 1889 στευσεν.
2399 1837 2462 1888 Εἰ
2499 1835 2555 1888 δὲ
2594 1836 2680 1890 διὰ
2713 1834 3032 1907 πειρασμῶν
3079 1835 3173 1887 καὶ
3207 1833 3540 1904 κωλυμάτων
3577 1834 3649 1886 τὸν

2104 1927 2290 1998 Θρόνον
2317 1927 2690 1998 κληρονομεῖς,
2727 1926 2801 1998 μὴ
2835 1926 3117 1997 θαυμάσῃς
3140 1943 3152 1956 ·
3183 1925 3333 1978 οὐδὲν
3366 1924 3473 1998 τῶν
3502 1925 3653 1994 μεγά-

2103 1997 2208 2069 λων
2235 1997 2512 2086 ἀδόκιμον,
2547 2015 2700 2068 οὐδὲν
2722 1997 3101 2070 ἀϐασάνιστον.
3126 2015 3357 2068 Ἔπεται
3380 1997 3488 2085 γάρ
3516 2013 3654 2083 φύσει

2104 2110 2216 2172 τοῖς
2245 2107 2342 2178 μὲν
2364 2109 2640 2170 ταπεινοῖς
2669 2107 2728 2160 τὸ
2767 2107 2968 2178 ῥᾴδιον,
2995 2111 3104 2170 τοῖς
3131 2106 3186 2159 δὲ
3220 2105 3442 2176 ὑψηλοῖς
3473 2106 3532 2157 ab
3558 2105 3658 2158 διὶσο

2107 2217 2322 2271 κτητον.
2359 2200 2634 2262 Ἤκουσας
2681 2197 2772 2251 τοῦ
2812 2198 3072 2262 εἰπόντος,
3098 2199 3227 2251 ’Ὀτι
3268 2197 3363 2251 δεῖ
3394 2195 3549 2267 ἡμᾶς
3577 2197 3657 2251 διὰ

2107 2289 2352 2344 πολλῶν
2377 2292 2641 2359 θλίψεων
2667 2289 2961 2344 εἰσελθεῖν
2979 2291 3063 2354 εἰς
3090 2288 3203 2358 τὴν
3215 2289 3544 2354 βασιλείαν
3561 2287 3660 2340 τῶν

2108 2380 2409 2450 οὐρανῶν
2453 2381 2573 2434 εἰπὲ
2614 2381 2707 2434 καὶ
2749 2379 2937 2445 αὐτός’
2995 2380 3325 2449 Διήλθομεν
3361 2377 3462 2432 διὰ
3495 2379 3661 2446 πυρές

2109 2475 2205 2527 καὶ
2231 2473 2467 2540 ὕδατος,
2499 2473 2594 2526 καὶ
2620 2472 2910 2542 ἐξήγαγες
2939 2469 3096 2541 ἡμᾶς
3125 2473 3212 2537 εις
3230 2468 3578 2539 ἀναψυχήν.
3608 2470 3664 2520 Ὦ

2109 2565 2202 2619 τοῦ
2255 2565 2562 2636 Θαύματοςι
2608 2564 2684 2618 Τὸ
2724 2563 2981 2632 ἑσπέρας
3038 2564 3298 2630 ηὐλίσθη
3357 2560 3663 2628 κλαυθμὸς.

2111 2655 2206 2708 καὶ
2227 2655 2316 2720 εὶς
2346 2655 2412 2708 τὸ
2439 2655 2588 2724 πρωῒ
2607 2656 2988 2725 ἀγαλλίασις.
3018 2654 3120 2707 Ἔα
3149 2653 3334 2724 ληρεῖν
3373 2654 3500 2715 τοὺς
3530 2651 3664 2703 πολε-

2115 2745 2348 2816 μοῦντας
2396 2746 2490 2798 καὶ
2542 2747 2915 2817 περιχάσκειν,
2977 2745 3050 2808 ὡς
3103 2743 3270 2806 κύνα-ς
3319 2741 3668 2804 ὑλακτοῦντας

2112 2837 2394 2908 διακενῆςο
2445 2839 2604 2908 ἡμεῖς
2643 2838 2698 2892 δὲ
2733 2838 2807 2910 μὴ
2843 2835 3222 2908 πολεμῶμεθα.
3259 2835 3489 2888 Δίδασκε
3525 2850 3670 2904 προσ-

2114 2934 2295 2984 κυνεῖν
2351 2931 2483 2984 Θεον
2530 2930 2621 2984 τὸν
2668 2931 2907 3004 Πατέρα,
2963 2931 3095 2984 Θεὸν
3150 2929 3239 2982 τὸν
3279 2928 3429 2991 Υἱὸν,
3472 2927 3596 2980 Θεὸν
3623 2927 3675 2980 τὸ

2116 3021 2339 3093 Πνεῦμα
2377 3022 2436 3074 τὸ
2477 3022 2650 3091 ἅγιον,
2683 3024 2741 3075 ἐν
2782 3023 2959 3094 τρισὶν
2993 3021 3373 3084 ὑποστάσεσιν,
3399 3022 3456 3072 ἐν
3484 3021 3579 3091 μιᾷ
3600 3020 3676 3072 δό-

2118 3112 2182 3184 ξῃ
2211 3113 2285 3182 (4)
2312 3129 2370 3165 τε
2400 3115 2492 3166 καὶ
2523 3109 2882 3185 λαμπρότητι.
2919 3113 2991 3166 Τὸ
3023 3111 3298 3176 ἀπολωλὸς
3336 3112 3581 3182 ὲκζήτει·
3626 3112 3679 3164 τὸ

2120 3205 2342 3269 ἀσθενὲς
2382 3205 2594 3277 ἐνίσχυε
2616 3223 2630 3238 ο
2659 3207 2721 3260 τὸ
2744 3206 2961 3276 ἰσχυρὸν
2986 3205 3243 3274 φύλασσε.
3286 3205 3568 3275 Τοσαύτην
3589 3205 3681 3256 άπ-

2121 3294 2380 3366 αιτοῦμέν
2419 3314 2479 3350 σε
2515 3298 2613 3369 τὴν
2657 3300 2715 3351 ἐν
2756 3301 2868 3361 τοῖς
2894 3299 3283 3367 πνευματικοῖς
3320 3296 3679 3366 εὐὼκέμησιν,

2122 3387 2252 3458 ὅσην
2298 3389 2391 3441 ἐπὶ
2437 3388 2544 3441 τῶν
2593 3389 2873 3461 κοσμικῶν
2922 3391 3286 3461 συνέγνωμεν.
3322 3390 3436 3460 Τὴν
3476 3389 3573 3461 μὲν
3599 3385 3683 3442 οὖν

2125 3478 2456 3550 τελεωτέραν
2507 3480 2717 3534 ὅπλισιν
2765 3481 2940 3552 δέχοιο
2971 3482 3047 3552 (5)
3089 3480 3240 3552 παρὰ
3285 3480 3393 3533 τῶν
3437 3479 3685 3550 μειζόνων

2127 3570 2466 3641 στρατηγῶν,
2498 3571 2564 3624 δι’
2596 3567 2663 3644 ἦς
2700 3572 2904 3646 δυνήσῃ
2934 3573 3002 3626 τά
3040 3572 3169 3643 βέλη
3217 3571 3310 3624 τοῦ
3356 3570 3591 3643 πονηροῦ
3626 3571 3688 3623 τά

2128 3663 2497 3731 πεπυρωμένα
2525 3661 2733 3726 σϐέσαι,
2765 3663 2857 3716 καὶ
2880 3662 3228 3734 παραστῆσαι
3256 3660 3335 3732 τῷ
3353 3661 3544 3732 Κυρίῳ
3572 3660 3689 3714 λαὸν

2127 3751 2454 3821 περιούσιον,
2505 3752 2653 3817 ἔθνος
2705 3754 2879 3823 ἅγιον,
2941 3753 3206 3824 βασίλειον
3265 3753 3586 3824 ἱεράτευμα,
3637 3752 3690 3805 ὲν

2127 3844 2347 3916 Χριστῷ
2391 3845 2563 3916 Ἰησοῦ
2596 3846 2672 3917 τῷ
2699 3847 2887 3918 Κυοίῳ
2914 3845 3068 3916 ἡμῶν
3094 3845 3192 3916 (6),
3304 3845 3336 3915 ἡ
3363 3845 3493 3911 δόξα
3512 3845 3590 3915 (7)
3620 3844 3691 3906 εἰς

2130 3936 2253 3999 τοῦς
2290 3936 2510 4002 αἰῶνας.
2555 3939 2745 4010 Ἀμην.

463 4040 600 4086 rem,
633 4033 846 4094 gentem
903 4033 1167 4090 sanctam,
1202 4022 1377 4092 regale
1417 4022 1778 4077 sacerdotium
1805 4022 1871 4086 ’⁵,
1916 4023 1966 4076 in
2006 4021 2221 4080 Christo
2249 4026 2373 4082 Jesu
2421 4028 2644 4083 Domino
2684 4038 2886 4091 nostro,
2928 4029 3013 4082 cui
3074 4028 3240 4095 gloria
3279 4028 3328 4081 in
3361 4027 3557 4081 saecula
3594 4041 3692 4079 saa-

464 4119 724 4172 culorum.
757 4119 943 4171 Amen.

539 4237 580 4266 ¹⁹
625 4235 779 4286 Num.
816 4250 924 4297 xw,
968 4235 1015 4289 l.
1095 4237 1140 4266 "
1161 4236 1278 4290 Act.
1316 4252 1424 4301 xw,
1452 4236 1541 4291 2L

465 4321 540 4369 vr,
573 4306 656 4358 16.
733 4305 776 4336 ³⁸
823 4305 839 4358 Ι
873 4306 1016 4360 Petr.
1049 4321 1105 4368 ιι,
1135 4309 1190 4360 9.

1619 4241 1659 4269 '“
1685 4238 1824 4292 Psal.
1865 4238 2106 4302 1.“,12.
2184 4239 2228 4269 ²²
2270 4237 2412 4292 Psal.
2464 4238 2684 4301 xxtx,6.
2763 4240 2805 4268 ’-‘
2849 4239 3043 4293 Ezech.
3082 4253 3277 4302 nam,
3305 4237 3356 4291 4.
3436 4237 3697 4305 "Ephes.

465 4411 812 4472 vus_operunt
847 4396 902 4450 S.
933 4398 1113 4472 Basilii
1141 4400 1346 4472 editor,
1377 4401 1426 4453 iu
1458 4401 1574 4468 ejus
1603 4401 1719 4455 Vita
1765 4411 1892 4455 tom.
1926 4400 2006 4463 ill,

2193 4399 2273 4472 (ἓ)
2311 4400 2596 4468 Κατιωθῇ.
2639 4401 2862 4472 Rectius
2900 4415 3060 4468 quam
3111 4399 3260 4472 κάτω
3301 4399 3390 4470 Θῇ,
3425 4409 3484 4472 ut
3521 4397 3704 4472 Dillius

465 4487 513 4523 c.
555 4469 655 4542 24,
676 4483 730 4522 n.
761 4467 824 4542 Ia";
852 4482 904 4534 p.
940 4467 1060 4534 “6,
1092 4471 1418 4542 probabilius
1445 4467 1612 4542 certe,
1645 4473 2016 4542 presbyterum

465 4536 1120 4612 quemdam'fyaneusetu
1148 4581 1160 4602 ,
1191 4540 1294 4612 qui
1327 4549 1512 4594 contra
1549 4536 2033 4612 Basilium'pugnao

463 4607 637 4672 ierat,
669 4617 724 4658 et
753 4608 806 4680 in
847 4611 1017 4680 ipsum
1051 4607 1220 4662 etiam
1255 4607 1571 4680 Gregorium
1615 4607 1872 4680 iniecerat
1905 4607 2029 4665 'ma-

467 4694 590 4757 nus,
623 4686 688 4757 ut.
718 4677 784 4728 ah
821 4679 1346 4757 Autbintogratiam
1369 4677 1559 4757 iniret.
1605 4677 1740 4736 Huic
1784 4683 1874 4757 Dei
1915 4682 2032 4757 gla-

468 4749 613 4801 dium
668 4749 963 4820 intprecari
1015 4750 1224 4803 videtur
1272 4751 1598 4820 'fheologus,
1660 4770 1679 4802 ι
1737 4753 1882 4806 utin
1921 4749 2037 4806 hac

469 4821 598 4881 vita,
641 4817 853 4890 inquit
891 4819 1066 4890 Elius.
1135 4821 1371 4874 audaciae
1440 4817 1550 4875 sua:
1605 4835 1796 4890 pmuas
1842 4822 2034 4885 luens,

467 4888 682 4942 aeternis
710 4888 983 4954 suppliciis
1007 4891 1294 4943 eximatur.
1329 4909 1346 4941 ι

476 4958 629 5099 τῷ(ἲέ
655 4955 744 5081 ἐξ)
772 4957 1032 5027 μεγάλῳ.
1084 4957 1172 5014 Sic
1203 4970 1314 5015 tres
1344 4959 1508 5030 Regg.
1541 4970 1594 5015 et
1637 4961 1728 5016 0r.
1779 4963 1833 5019 1.
1868 4962 2028 5017 Deest

2131 4468 2360 4542 primum
2393 4473 2592 4540 legerat
2634 4483 2688 4526 et
2721 4471 3059 4535 reddiderat,
3101 4488 3119 4521 ι
3154 4468 3406 4524 deorsum
3453 4470 3545 4522 Dei
3583 4468 3697 4537 gl:-

2137 4542 2258 4595 dius
2289 4543 2637 4611 propendeat.
2663 4560 2681 4593 ι

2204 4607 2303 4687 (ἦ)
2327 4607 2784 4687 ᾉλλοτριῴσας.
2819 4609 2972 4687 c_Dei
3000 4610 3173 4687 gratia
3194 4619 3244 4661 te
3273 4607 3499 4663 exclude
3513 4622 3633 4660 ns.»

2207 4681 2282 4750 (4)
2331 4683 2428 4735 Ἑν
2453 4679 2560 4750 μιᾷ
2592 4681 2762 4748 δόξῃ.
2803 4699 2820 4732 ι
2852 4680 2906 4733 lu
2939 4694 3042 4734 una
3073 4679 3375 4747 majestate.
3409 4697 3428 4730 ι

2206 4751 2282 4822 (5)
2319 4750 2540 4822 Δέχίοιρ.
2577 4769 2594 4800 ι
2622 4753 2884 4822 Accipite.
2916 4768 2935 4801 ι

2171 4816 2296 4947 ά-(ᾷ)
2370 4816 2584 4891 Ἦμῶν.
2652 4816 2768 4875 8ἱὰ
2807 4821 2860 4874 in
2919 4819 3160 4889 pluribus
3223 4818 3379 4873 codd.
3430 4817 3598 4872 Deest
3659 4816 3708 4867 in

2207 4909 2219 4944 I
2252 4907 2314 4946 IS.

2137 4903 2314 4947 cuius.

2141 5031 2154 5043 .
2213 4961 2290 5032 (7)
2315 4959 2498 5042 ⁸Δόξα.
2533 4959 2746 5014 Addunt
2782 4957 3049 5024 nonnulli,
3083 4959 3177 5012 καὶ
3219 4957 3278 5010 τὸ
3313 4957 3517 5027 κράτος
3547 4996 3563 5018 ,

2139 5046 2440 5101 imperium.
2455 5049 2474 5080 ι

3604 4963 3714 5008 «ει

1019 5246 1182 5318 κεε
1233 5231 1806 5356 ΜὈΝιΤυΜ
1887 5267 2012 5353 1N
2088 5203 2804 5357 ORATIONEIM
2874 5266 3135 5356 XIV.

474 5584 604 5644 lum

554 5508 601 5566 Ι.
659 5509 961 5580 Quamvis
1018 5511 1084 5570 in
1132 5511 1456 5590 plerisque
1503 5509 2006 5590 manuhexaratis
2039 5509 2391 5590 codicibus,
2440 5509 2572 5590 haec
2607 5507 2806 5569 oratio
2847 5506 3040 5568 istum
3079 5521 3304 5590 pra}_se
3343 5504 3506 5580 ferat
3559 5507 3713 5590 titu-

665 5606 678 5642 :
732 5595 867 5662 Περὶ
897 5584 1366 5667 πτωχοτροφίιις,
1398 5589 1482 5648 De
1531 5585 1767 5645 alendis
1819 5605 2006 5665 paupt

2110 5607 2241 5654 ms;
2284 5587 2678 5667 prtetulimus
2719 5593 2920 5648 tamen
2977 5603 3116 5647 cum
3176 5584 3577 5659 Hieronymo
3612 5585 3710 5663 (8f.

551 5688 628 5758 (8)
666 5688 810 5742 llier.
872 5691 944 5745 De
1007 5695 1186 5762 script.
1219 5701 1368 5756 ecct.,
1422 5693 1506 5746 ed.
1544 5688 1667 5745 Bas.
1725 5688 1881 5755 1529,
1913 5706 2033 5759 pag.
2075 5690 2190 5746 149.
