3844 6390
550 319 662 383 859

1785 329 1843 383 S.
1885 329 2215 387 GREGORII
2254 330 2598 387 TllEOLOGI
3683 351 3754 409 860

549 441 715 503 enim,
747 437 926 507 parvis
955 437 1210 494 adhibitis
1244 437 1545 503 mensuris,
1595 438 1735 497 alius
1771 441 1934 495 alium
1975 451 2094 496 ante

2201 494 2207 502 _
2236 442 2500 506 ἅπαντες,
2543 441 2634 497 καὶ
2667 442 2768 513 τῆς
2803 442 2952 508 θείας
2985 447 3212 519 χάριτος,
3242 451 3494 518 ἐπιδεεῖς,
3524 456 3616 510 κᾶν
3638 459 3753 527 me;

546 531 744 588 eellere
815 529 1082 594 videatur,
1137 544 1408 600 pauperes
1461 538 1641 585 tamen
1680 547 1870 588 omnes
1928 547 2116 588 revera

545 637 757 686 sumus,
783 621 1066 692 gratiaque
1098 623 1282 677 divina
1313 622 1678 694 indigemus),
1710 623 1849 678 hanc
1882 623 1949 679 de
1983 639 2120 694 pau-

543 728 732 784 perum
762 727 949 767 amore
975 697 1274 769 orationem
1307 729 1411 768 non
1443 723 1671 784 anguste
1694 720 1750 768 et
1775 713 1980 784 jejune,
2024 719 2118 771 sed

541 803 720 873 ample
753 813 808 858 et
840 804 1122 876 magnifice
1161 805 1410 875 accipite,
1444 814 1501 859 ut
1528 807 1676 876 regni
1698 821 1828 875 opes
1861 821 2112 876 assequa-

540 896 671 951 mini
701 913 716 962 ;
748 910 813 951 ac
853 896 1013 951 simul
1041 903 1217 960 orate,
1250 904 1307 949 ut
1337 911 1454 952 eam
1492 896 1709 966 copiose
1738 896 1889 952 vobis
1917 896 2116 952 subrui-

539 986 857 1053 nistremus,
880 995 935 1042 et
969 1002 1221 1043 sermone
1257 988 1470 1042 animos
1511 994 1726 1044 vestros
1755 988 1984 1053 alamus,
2016 1004 2113 1060 pa-

539 1095 772 1151 nemque
803 1080 1137 1150 spiritualem
1179 1081 1323 1135 fame
1367 1080 1746 1147 laborantibus
1770 1080 2108 1153 frangamus,

537 1171 652 1227 sive
683 1173 847 1243 prisci
879 1173 1026 1227 illius
1073 1171 1240 1244 258
1282 1172 1482 1244 Moysis
1524 1172 1580 1228 in
1617 1189 1845 1239 morem,
1876 1175 2055 1230 cibum
2080 1190 2111 1230 e

537 1264 678 1319 coelo
707 1264 959 1332 pluentes
987 1265 1054 1329 ",
1102 1275 1267 1334 atque
1293 1264 1608 1335 angelorum
1643 1281 1837 1335 panem
1875 1265 2109 1336 largien-

536 1365 617 1411 tes
646 1356 729 1421 ²⁷;
783 1356 898 1410 sive
933 1356 1118 1425 paucis
1157 1357 1391 1426 panibus
1419 1357 1584 1410 multa
1609 1351 1792 1412 etiam
1825 1359 2104 1412 hominum

534 1446 712 1503 millia
733 1449 786 1502 in
823 1446 1044 1502 deserto
1066 1448 1130 1502 ad
1161 1449 1506 1504 saturitatem
1536 1463 1710 1518 usque
1733 1457 2018 1521 pascentes
2036 1449 2103 1517 ⁸⁸,

533 1541 686 1595 velut
708 1551 896 1609 postea
938 1539 1101 1596 Jesus
1127 1540 1278 1605 fecit,
1317 1557 1504 1607 verus,
1536 1542 1778 1611 inquam,
1803 1541 1895 1595 ille
1924 1540 2101 1610 panis,

531 1641 590 1688 et
631 1647 774 1688 vera:
808 1634 931 1688 vita:
969 1643 1182 1689 auctor.
1243 1633 1341 1688 Est
1388 1634 1605 1703 quidem
1635 1633 1779 1688 haud
1811 1633 2100 1688 admodum

529 1735 838 1797 promptum
864 1733 918 1778 et
953 1723 1112 1780 facile
1140 1725 1286 1779 inter
1311 1724 1567 1789 virtutes,
1599 1738 1743 1789 eam,
1776 1739 1896 1793 quae
1931 1732 2093 1778 caete-

2233 533 2394 588 ἄλλου
2429 534 2684 606 προέχειν
2705 533 2856 607 δοκῇ,
2896 543 3110 609 μικροῖς
3146 540 3367 613 μέτροις
3421 548 3750 620 μετρούμενος,

2221 624 2445 691 δέξασθε
2459 625 2548 679 τὸν
2565 627 2690 698 περὶ
2711 627 3078 700 φιλοπτωχίας
3095 630 3206 703 (17)
3221 632 3397 702 λόγον,
3418 636 3494 708 μὴ
3513 644 3749 711 πενιχρῶς,

2220 715 2353 774 ἀλλά
2373 717 2688 789 φιλοτίμως,
2704 720 2790 775 ἵνα
2813 719 3089 790 βασιλείαν
3107 723 3446 798 πλουτήσητε
3461 729 3589 799 (18)·
3609 738 3749 788 simul

2222 807 2381 873 ξασθε
2417 809 2473 862 δὲ
2506 809 2598 864 καὶ
2631 813 2778 882 ἡμᾶς
2809 812 3080 878 πλουσίως
3096 816 3284 870 τοῦτον
3319 819 3449 888 ὑμῖν
3474 822 3748 892 χορηγῆσαι,

2220 901 2315 953 καὶ
2341 900 2535 972 θρέψαι
2561 901 2638 972 τῷ
2677 902 2820 974 λόγῳ
2852 903 2952 968 τὰς
3006 906 3275 979 ὑμετέρας
3319 908 3516 979 ψυχὰς,
3549 911 3630 964 καὶ
3660 913 3748 967 δια-

2219 989 2420 1061 θρύψαι
2455 992 2683 1046 πεινῶσι
2710 993 2800 1047 τὸν
2821 997 3186 1066 πνευματικὸν
3215 999 3399 1070 ἀρτονο
3436 1002 3541 1053 εἴτε
3573 1003 3653 1055 ἀπ’
3684 1007 3749 1055 οὖ-

2220 1084 2385 1154 ρανοῦ
2416 1085 2622 1158 τροφὴν
2669 1086 2858 1151 ὖοντας
2902 1087 3035 1159 (19),
3073 1090 3323 1164 καθάπερ
3357 1094 3590 1164 Μωῡσῆς
3611 1097 3636 1148 ὁ
3667 1115 3746 1150 παι

2212 1173 2362 1237 λαιὸς
2388 1175 2612 1240 ἐκεῖνος,
2655 1176 2748 1229 καὶ
2769 1177 2934 1248 ἄρτον
2976 1177 3217 1247 ἀγγέλων
3245 1181 3640 1252 χαριζομένους·
3663 1187 3746 1237 εἴτε

2211 1264 2393 1335 ἄρτοις
2419 1264 2621 1334 ὀλίγοις
2649 1267 2705 1319 ἐν
2729 1267 2938 1338 ἐρημία
2967 1269 3268 1340 τρέφοντας
3304 1273 3466 1342 μέχρι
3495 1273 3640 1342 κδρου
3669 1279 3744 1328 καὶ

2214 1356 2502 1428 μυριάδας,
2522 1357 2771 1429 καθάπερ
2800 1360 3006 1430 Ἰησοῦς
3036 1361 3323 1432 ὓστερον,ὁ
3340 1363 3581 1435 ἀληθινὸς
3593 1367 3742 1437 ἄρτος,

2208 1448 2304 1500 καὶ
2335 1448 2434 1519 τῆς
2453 1447 2714 1519 ἀληθινῆς
2747 1449 2892 1522 ζωῆς
2921 1453 3279 1516 αῖτιος.”Εστι
3308 1454 3409 1524 μὲν
3437 1450 3528 1508 οὖν
3554 1457 3606 1508 οὐ
3631 1459 3743 1511 πάνυ

2207 1555 2259 1592 τι
2285 1538 2463 1610 ῥᾴδιον
2487 1538 2596 1592 τῶν
2625 1541 2836 1611 ἀρετῶν
2866 1542 2965 1612 τὴν
2994 1543 3230 1596 νικῶσαν
3267 1545 3468 1615 εὑρεῖν,
3492 1546 3580 1599 καὶ
3607 1548 3744 1621 ταύτῃ

2204 1631 2389 1685 δοῦναι
2424 1632 2492 1685 τὰ
2558 1633 2821 1704 πρεσϐεῖα
2856 1634 2967 1707 (20)
3016 1637 3108 1689 καὶ
3139 1637 3209 1690 τὰ
3254 1639 3559 1710 νικητήρια·
3589 1639 3743 1711 ὥσπερ

2206 1723 2326 1776 οὐδὲ
2359 1724 2415 1776 ὲν
2442 1723 2668 1794 λειμῶνι
2703 1725 2814 1796 (21)
2855 1727 3144 1781 πολυανθεῖ
3169 1730 3264 1782 καὶ
3295 1729 3505 1795 εὐώδει,
3526 1732 3622 1784 τῶν
3665 1735 3742 1786 άν-

529 1833 617 1874 ras
636 1818 838 1882 vincat,
865 1819 1129 1883 invenire,
1158 1817 1314 1887 eique
1340 1816 1546 1886 primas
1577 1831 1644 1872 ac
1673 1815 1904 1886 palmam
1936 1817 2094 1872 dare:

2207 1812 2347 1868 θέων
2371 1813 2431 1868 τὸ
2460 1815 2742 1869 κάλλιστον
2759 1816 2855 1870 καὶ
2878 1817 3257 1886 etiame-carm,
3279 1821 3466 1877 ἄλλοτε
3505 1823 3648 1878 ἄλλου
3665 1824 3742 1894 τὴν

526 1909 980 1981 quemadmodum
1025 1909 1186 1965 etiam
1218 1911 1271 1963 in
1303 1915 1459 1979 prato
1506 1909 1738 1978 quodam
1772 1907 2016 1978 plurimis
2042 1918 2097 1962 et

526 1999 786 2056 suavibus
814 1999 1034 2054 floribus
1062 2001 1264 2054 referto
1291 1998 1478 2054 ﬂorem
1502 2000 1742 2054 omnium
1791 1999 2093 2067 pulcherri-

523 2109 670 2148 mum
721 2104 776 2148 et
820 2091 1294 2163 flagrantissimum
1348 2091 1612 2160 reperire,
1671 2090 1778 2144 alio
1835 2091 2092 2144 nimirum

2208 1906 2476 1978 ὄσφρησιν
2511 1909 2605 1961 καὶ
2629 1907 2727 1978 τὴν
2759 1907 2882 1978 ὄψιν
2912 1911 3050 1980 πρὸς
3097 1913 3255 1966 ἑαυτὸ
3286 1914 3642 1984 μεθέλκοντος,
3669 1920 3740 1967 καί

2207 1998 2754 2071 πρῶτον’δρέπεσθαι
2795 2000 3096 2066 πείθοντος.
3143 2005 3230 2069 Ὠς
3275 2007 3322 2059 δ’
3352 2003 3446 2060 οὖν
3480 2009 3592 2078 ἐμὲ,
3639 2012 3739 2078 περὶ

2202 2089 2406 2142 τούτων
2446 2088 2711 2142 διελέσθαι
2739 2089 2849 2162 (22)
2882 2093 3140 2146 σκεπτέον
3163 2095 3353 2160 οὕτως.

522 2183 657 2239 alias
705 2182 964 2238 olfactum
988 2189 1042 2238 et
1071 2189 1351 2252 aspectum
1383 2182 1450 2236 ad
1474 2196 1533 2237 se
1558 2180 1917 2247 distrahente,
1943 2191 2104 2252 atque
2143 2181 2209 2234 ad
2245 2181 2478 2250 primum
2517 2196 2639 2236 eum
2711 2179 3108 2254 decerpcndum
3173 2187 3462 2244 alliciente.
3505 2192 3738 2258 Quantum

521 2283 700 2330 tamen
733 2275 846 2343 ipse
877 2274 1094 2341 assequi
1126 2289 1364 2342 possum,
1395 2273 1470 2327 ita
1505 2288 1592 2328 res
1629 2273 2007 2343 distinguenda
2037 2281 2092 2326 et
2131 2271 2523 2327 consideranda
2553 2280 2660 2327 est.

587 2365 652 2424 ll.
689 2363 920 2419 Pulchra
973 2379 1059 2418 res
1109 2371 1214 2428 est,
1270 2362 1423 2429 fides,
1467 2378 1613 2434 spes,
1677 2363 1939 2425 charitas,
1988 2361 2091 2415 tria

519 2459 635 2512 haec
662 2458 744 2523 ";
781 2472 845 2510 ac
885 2454 1005 2510 fidei
1040 2455 1261 2525 quidem
1315 2457 1466 2511 testis
1513 2468 1598 2510 est
1646 2457 1957 2522 Abraham,
2000 2456 2092 2525 qui

516 2548 738 2618 iustitiae
791 2547 1004 2602 laudem
1056 2563 1124 2602 ex
1174 2547 1277 2602 ﬁde
1330 2559 1651 2604 consecutus
1704 2557 1788 2604 est
1822 2549 1900 2615 3°;
1955 2548 2090 2616 spei,

517 2642 687 2706 Enos,
717 2639 807 2709 qui
841 2639 1044 2708 primus
1075 2654 1171 2709 spe
1217 2640 1478 2695 adductus
1514 2651 1616 2706 est,
1661 2651 1717 2696 ut
1752 2641 1961 2696 Domini
1989 2656 2090 2696 no-

518 2747 639 2787 men
672 2732 950 2787 invocaret
977 2730 1046 2795 ³¹,
1069 2732 1311 2802 justique
1331 2733 1493 2787 etiam
1517 2748 1726 2798 omnes,
1753 2734 1841 2802 qui
1867 2744 2090 2804 propter

515 2837 666 2893 apem
695 2839 965 2880 aerumnas
992 2825 1292 2890 sufferunt;
1327 2823 1637 2890 charitatis,‘
1689 2825 1902 2881 divinus
1945 2827 2089 2896 Apo-

515 2915 708 2984 slolus,
741 2918 830 2987 qui
863 2917 1078 2973 lsraelis
1114 2931 1279 2972 causa
1313 2917 1530 2986 gravius
1576 2916 1776 2987 aliquid
1827 2917 2087 2973 adversus

515 3022 576 3062 se
604 3009 851 3079 proloqui
885 3026 991 3065 non
1026 3011 1294 3065 dubitavit
1323 3011 1402 3079 3’;
1456 3027 1520 3064 ac
1569 3007 1712 3064 Deus
1753 3010 1915 3064 etiam
1947 3009 2084 3080 ipse,

2269 2359 2346 2414 B'.
2377 2360 2555 2414 Καλὸν
2589 2360 2788 2428 πίστις,
2823 2361 2998 2429 ἐλπὶς,
3029 2366 3235 2438 ἀγάπη,
3293 2367 3362 2420 τά
3401 2370 3526 2440 τρία
3573 2372 3734 2426 ταῦτα’

2193 2452 2288 2505 καὶ
2341 2453 2552 2524 μάρτυς
2584 2454 2684 2525 τῆς
2737 2455 2972 2521 πίστεως
3032 2458 3300 2530 Ἀϐραὰμ,
3352 2461 3647 2529 δικαιωθεὶς
3689 2473 3735 2522 ἐκ

2195 2543 2448 2606 πίστεωςο
2470 2544 2568 2614 τῆς
2599 2544 3034 2611 ὲλπίδος,Ἐνὼς,
3072 2548 3130 2611 ὃς
3160 2548 3374 2619 πρῶτος
3405 2552 3513 2623 (25)
3545 2556 3736 2625 ﬁli-uss»

2193 2635 2562 2688 ἐπικαλεῖσθαι
2596 2636 2685 2690 τὸν
2709 2639 2931 2710 Κύριον,
2979 2640 3076 2694 καὶ
3113 2641 3312 2705 πάντες
3352 2643 3462 2713 (24)
3501 2649 3548 2698 οἱ
3574 2647 3734 2701 δίκαιιπι

2194 2727 2281 2780 διὰ
2303 2727 2401 2797 τὴν
2441 2726 2630 2782 ἐλπίδα
2661 2729 3117 2795 κακοπαθοῦντες*
3155 2733 3254 2802 τῆς
3292 2734 3534 2806 ἀγάπης,
3573 2741 3599 2790 ὁ
3622 2738 3734 2802 Gaia;

2207 2819 2545 2885 Ἀπὸστολος,
2570 2819 2844 2891 τολμήσας
2862 2839 2914 2874 τι
2929 2822 3356 2877 κα“ικαθ’ὲαυτοῢ
3386 2825 3473 2879 διὰ
3493 2828 3734 2901 τὺνΊττα-

2193 2910 2259 2982 ὴλ
2296 2911 2651 2981 φθέγξασθαι·
2683 2913 2776 2966 καὶ
2794 2915 2822 2966 ὁ
2842 2913 2972 2976 Θεὸς
2994 2914 3173 2978 αὐτὸς,
3205 2916 3391 2987 ἀγάπη
3416 2918 3730 2990 καλούμενος.

2191 3003 2369 3058 Καλὸν
2401 3006 2434 3076 ἡ
2465 3003 2755 3074 φιλοξενίω
2784 3007 2878 3058 καὶ
2911 3006 3119 3077 μάρτυς
3152 3011 3209 3060 ὲν
3241 3009 3339 3078 μὲν
3369 3009 3610 3074 δικαίοις,
3634 3014 3735 3066 Λὼτ

513 3102 605 3169 qui
643 3103 884 3158 charitas
913 3103 1300 3173 appellatur”.
1335 3103 1563 3158 Pulchra
1597 3118 1680 3158 res
1703 3103 2080 3172 hospitalitas;

2201 3096 2214 3148 5
2250 3095 2564 3168 Σοδομίτης,
2601 3097 2696 3150 καὶ
2741 3097 2802 3150 οὐ
2848 3097 3146 3170 Σοδομίτης
3207 3101 3298 3154 τὸν
3355 3103 3572 3172 τρόπον’
3607 3106 3656 3157 ἐν
3689 3107 3733 3158 δὲ

513 3206 579 3246 ac
633 3193 788 3248 testis
828 3193 972 3248 inter
1018 3193 1195 3263 iustos
1238 3195 1452 3264 quidem
1508 3195 1644 3249 Loth
1693 3194 1968 3250 Sodomita
2018 3195 2083 3260 ³⁵,

513 3283 755 3340 moribus
828 3294 1006 3340 tamen
1087 3287 1499 3357 haudquaquam
1561 3287 1871 3352 Sodomita;
1944 3286 2088 3340 inter

511 3387 831 3445 peccatores
859 3385 1038 3432 autem
1070 3377 1221 3434 Raab
1259 3381 1515 3434 meretrix
1548 3380 1613 3447 ⁸⁸,
1659 3395 1764 3435 non
1794 3390 1969 3435 tamen
2018 3395 2083 3434 cx

511 3468 790 3538 proposito
825 3470 1105 3536 meretrix,
1139 3472 1226 3526 cui
1260 3473 1396 3526 bene
1421 3471 1488 3526 de
1514 3472 1813 3542 hospitibus
1845 3472 2080 3528 merendi

509 3561 775 3629 studium,
809 3570 863 3615 et
896 3561 1039 3618 laudi
1071 3561 1197 3628 fuit,
1241 3574 1296 3618 et
1347 3563 1526 3618 saluti.
1582 3563 1810 3620 Pulchra
1859 3579 1943 3620 res
1978 3563 2083 3617 fra-

513 3659 700 3708 ternus
733 3668 905 3718 amor,
930 3655 1156 3726 ejusque
1183 3655 1257 3711 rei
1301 3653 1484 3709 Jesum
1538 3667 1728 3713 testem
1778 3657 2037 3714 habemus
2065 3697 2080 3723 ,

517 3745 609 3815 qui
640 3761 744 3801 non
774 3747 931 3802 modo
966 3748 1135 3802 frater
1162 3759 1350 3804 noster
1381 3749 1585 3814 vocari,
1618 3750 1710 3803 sed
1739 3751 1903 3806 etiam
1931 3750 2081 3804 salu~

502 3836 583 3890 'tis
621 3845 819 3892 nostra:
845 3852 1010 3893 causa
1045 3841 1310 3910 supplicio
1335 3841 1470 3898 allici
1509 3843 1794 3896 sustinuit.
1845 3842 2079 3898 Pulchra

509 3937 602 3980 res
634 3926 1010 3983 benevolentia
1043 3944 1170 3998 erga
1196 3931 1468 3997 homines,
1522 3948 1584 3986 ac
1625 3931 1776 3986 testis
1815 3941 1899 3986 cst
1940 3931 2079 3986 idem
2112 3958 2116 3962 -

509 4016 688 4082 Jesus,
716 4021 807 4089 qui
849 4035 954 4075 non
988 4021 1160 4077 solum
1193 4024 1465 4080 hominem
1499 4032 1720 4094 propter
1745 4017 1910 4094 opera
1939 4023 2078 4078 bona

509 4109 715 4164 creavit
742 4110 810 4176 “,
838 4119 1000 4182 atque
1041 4114 1350 4185 imaginem,
1391 4133 1511 4187 quae
1535 4120 1600 4171 ad
1629 4117 1825 4187 optima
1851 4131 2079 4186 qumque

516 4201 625 4255 dux
653 4211 816 4268 esset,
850 4219 914 4260 ac
945 4219 1176 4277 superna
1203 4208 1338 4262 bona
1362 4209 1700 4277 conciliaret,
1729 4211 1878 4264 carni
1914 4222 2076 4278 copu-

507 4291 664 4359 lavit,
715 4297 808 4349 sed
865 4298 1034 4352 nostri
1094 4301 1257 4354 etiam
1313 4317 1473 4357 causa
1534 4302 1692 4356 homo
1741 4302 1914 4357 factus
1971 4310 2074 4356 est.

2187 3187 2552 3257 ἁμαρτωλοῖς,
2581 3189 2801 3258 Ῥαάϐή
2833 3190 3027 3262 πόρνη,
3055 3192 3150 3244 καὶ
3181 3193 3240 3245 οὐ
3269 3194 3443 3265 πόρνη
3466 3195 3560 3266 τὴν
3580 3198 3736 3266 προαί-

2191 3296 2336 3351 ρεσιν
2365 3278 2500 3352 (25),
2539 3279 2627 3333 διά
2657 3280 2960 3350 φιλοξενίαν
2999 3283 3346 3338 ἐπαινεθεῖσά
3407 3285 3519 3356 (26)
3563 3304 3614 3340 τε
3656 3290 3735 3340 καὶ

2188 3371 2444 3427 σωθεῖσα.
2469 3373 2648 3427 Καλὸν
2688 3376 2720 3445 ἡ
2753 3373 3095 3444 φιλαδελφία,
3139 3377 3234 3429 καὶ
3266 3377 3480 3448 μάρτυς
3533 3379 3733 3450 Ἰησοῦς.

2185 3463 2283 3516 οὐκ
2322 3463 2546 3534 ἀδελφὸς
2594 3456 2758 3536 ἡμῶν
2783 3454 3049 3537 κληθῆναι
3077 3467 3258 3538 μόνον,
3291 3469 3426 3522 ἀλλὰ
3457 3471 3545 3523 καὶ
3569 3470 3734 3523 παθεῖν

2186 3557 2324 3629 ὑπὲρ
2354 3557 2510 3629 ήμῶν
2549 3560 2934 3630 ἀνασχόμενος.
2972 3560 3151 3616 Καλὸν
3175 3564 3208 3630 ἡ
3251 3562 3637 3633 φιλανθρωπία·
3653 3567 3735 3615 καὶ

2187 3648 2394 3720 μάρτυς
2423 3651 2452 3702 ὁ
2477 3650 2638 3714 αὐτὸς
2672 3651 2896 3721 Ἰησοῦς,
2914 3653 2972 3704 οὐ
2998 3637 3224 3724 ποιήσας
3245 3653 3404 3724 μᾶνον
3435 3656 3526 3709 τῦν
3553 3655 3735 3725 ἄνθρω-

2185 3757 2283 3793 πον
2326 3741 2414 3794 ἐπ’
2444 3740 2628 3813 ἔργοις
2685 3743 2933 3811 ἀγαθοῖς,
2985 3745 3079 3797 καὶ
3127 3744 3225 3816 τὴν
3286 3747 3473 3799 είκόνα
3535 3747 3634 3818 (27)
3670 3749 3735 3815 τῷ

2183 3831 2268 3902 χοῖ
2304 3832 2566 3898 συζεύξας
2616 3834 2807 3905 ὁδηγὸν
2838 3834 2945 3888 τῶν
2997 3834 3317 3900 καλλίστων,
3357 3839 3452 3891 καὶ
3492 3839 3588 3892 τῶν
3633 3841 3732 3892 ἄνω

2184 3923 2459 3996 πρόξενον,
2490 3924 2625 3979 ἀλλά
2660 3927 2753 3980 καὶ
2784 3927 3074 3998 γενόμενος
3104 3927 3243 3999 ὑπὲρ
3266 3931 3297 3999 ἡ
3309 3929 3426 3999 μῶν
3451 3931 3728 4001 ἄνθρωπος.

2181 4018 2370 4071 Καλὸν
2404 4021 2436 4090 η
2478 4018 2849 4090 μακροθυμία,
2896 4019 2990 4074 καὶ
3023 4022 3051 4073 ὁ
3077 4020 3237 4082 αὐτὸς
3272 4023 3505 4093 μάρτυς,
3549 4024 3601 4074 οὐ
3648 4025 3736 4082 τὰς

2181 4109 2454 4178 λεγεῶνας
2479 4112 2636 4182 μόνον
2659 4111 2759 4165 τῶι
2808 4111 3052 4180 ἀγγέλων
3092 4114 3569 4184 παραιτησάμενος
3607 4118 3736 4167 κατὰ

2179 4204 2286 4256 τῶν
2315 4204 2763 4273 ἐπανισταμένων
2800 4205 2892 4258 καὶ
2923 4205 3354 4275 τυραννούντων,
3390 4207 3512 4260 οὐδὲ
3539 4206 3609 4276 τῷ
3641 4208 3735 4258 Πέ-

2177 4311 2290 4366 τρῳ
2327 4294 2483 4365 μόνον
2525 4296 2856 4364 ἐπιτιμήσας
2887 4295 3159 4366 αἰρομένῳ
3192 4296 3300 4366 (28)
3325 4296 3424 4369 τὴν
3461 4299 3735 4369 μάχαιραν,

507 4383 743 4441 Pulchra
774 4402 863 4442 res
890 4388 1294 4460 longanimitas,
1318 4395 1770 4463 quemadmodum
1793 4395 1931 4449 idem
1965 4394 2077 4464 ipse

2201 4387 2315 4440 ιλλά
2357 4385 2532 4440 καὶτὸ
2553 4385 2711 4439 ὠτίον
2747 4387 3198 4458 ἀποκαταστήσας
3227 4387 3302 4459 τῷ
3327 4390 3643 4458 πεπληγὸτι.
3672 4391 3735 4442 T5

508 4483 764 4546 testatur,
793 4479 884 4550 qui
909 4496 1014 4536 non
1055 4482 1226 4538 solum
1257 4486 1578 4556 angelorum
1616 4487 1852 4558 legiones
1881 4486 2075 4541 adver-

2201 4481 2223 4530 i'
2241 4478 2371 4534 αὐτὸ
2394 4478 2486 4530 καὶ
2506 4476 2775 4546 Στέφανος
2792 4475 3015 4549 ὕστερον
3039 4479 3068 4530 ὁ
3095 4477 3189 4532 τοῦ
3216 4480 3456 4550 Χριστοῦ
3480 4481 3734 4552 μαθητὴς,

1325 4602 1365 4632 ³⁷
1400 4599 1538 4654 Psal.
1576 4600 1892 4664 ωιιινιι,25.
1976 4599 2019 4630 ’⁸
2058 4597 2094 4652 Μ

2201 4596 2248 4650 lt.
2297 4609 2412 4665 XIV.
2453 4593 2521 4646 15
2564 4609 2684 4662 sqq.
2761 4596 2804 4627 ’θ
2840 4595 2856 4648 Ι
2893 4597 3014 4652 Cor.
3052 4615 3179 4665 xm,
3221 4599 3302 4654 15.
3404 4604 3449 4634 ³ο
3481 4603 3608 4656 Gen.
3651 4616 3735 4655 ιτ.

579 4597 626 4628 ³⁸
664 4599 833 4654 Exod.
879 4614 986 4667 xw,
1031 4600 1098 4654 Η
1125 4615 1242 4668 sqq.
1325 4602 1365 4632 ³⁷
1400 4599 1538 4654 Psal.
1576 4600 1892 4664 ωιιινιι,25.
1976 4599 2019 4630 ’⁸
2058 4597 2094 4652 Μ

606 4669 675 4742 _'_‘
707 4668 841 4725 Gen.
879 4686 954 4736 Iv,
990 4670 1079 4724 26.
1157 4672 1200 4702 ³³
1226 4672 1382 4726 Rom.
1417 4687 1492 4735 ιι,
1538 4673 1591 4727 3.
1668 4673 1711 4703 ³³
1737 4673 1754 4726 l
1780 4670 1937 4726 Joan.
1972 4685 2023 4724 Iv
2047 4672 2094 4734 ,ἱ

2201 4597 2248 4650 h.
2297 4609 2412 4655 xw,
2453 4597 2521 4646 15
2564 4609 2684 4662 sqq.
2761 4597 2804 4627 ὀ
2840 4597 2856 4648 l
2893 4597 3014 4652 Cor.
3052 4615 3179 4665 xm,
3221 4599 3302 4654 l5.
3404 4604 3449 4634 ³ο
3481 4603 3608 4656 Gen.
3651 4616 3735 4655 xv.

2257 4667 2301 4698 ³⁸
2348 4664 2482 4720 Gen.
2525 4681 2636 4730 ιιιιι,
2682 4665 2734 4718 3.
2816 4668 2861 4698 ⁸³
2897 4668 3007 4722 Jos.
3063 4686 3134 4736 II,
3191 4673 3212 4724 1
3269 4687 3388 4742 sqq.
3486 4674 3528 4705 ³⁸
3549 4672 3735 4741 Ephes.

499 4666 557 4795 3.
599 4669 675 4794 ὧι
707 4668 841 4725 Gen.
879 4666 1079 4736 “,26.
1157 4666 1382 4726 “Rom.
1417 4687 1492 4735 ιι,
1538 4673 1591 4727 3.
1668 4673 1711 4703 ³³
1737 4673 1754 4726 l
1780 4670 1937 4726 Joan.
1972 4685 2023 4724 Iv
2047 4710 2060 4734 ,
2086 4669 2136 4724 8.

548 4777 563 4804 ,
603 4777 687 4795 ιν.

572 4854 686 4934 (17)
720 4855 862 4934 Περὶ
891 4858 1318 4934 φςᾼρπτωχίας.
1352 4857 1430 4912 Ita
1458 4859 1587 4934 Reg.
1625 4859 1731 4912 bm.
1763 4857 1856 4934 Or.
1898 4857 1954 4934 2,
1991 4858 2069 4934 είς

2201 4851 2481 4934 .ccipienno
2534 4868 2731 4934 vocem
2779 4857 3176 4934 ἐπικαλεῖσθαι.
3240 4861 3377 4915 Huic
3428 4863 3736 4931 interpreta-

500 4925 901 5002 φιλοπτωχίαν,
929 4927 1056 4995 Alii,
1082 4929 1210 5000 περ).
1235 4925 1671 5002 πτωχοτροφίας,
1714 4949 1732 4982 ι
1769 4933 1834 4983 de
1863 4928 2070 4981 alendis

2201 4925 2325 5002 ioni,
2373 4925 2470 5002 etsi
2523 4926 2812 5002 recedatha
2848 4932 3115 5002 communi
3163 4937 3467 4995 sententia,
3514 4925 3578 4985 ut
3630 4933 3738 5000 ipse.

497 4991 842 5066 pauperibus.
885 5015 905 5049 ι
945 5065 950 5066 ί
1041 4991 1050 4995 ⁷
1158 4991 1171 5000 ’
1358 4991 1390 5000 ”
1456 4991 1467 5002 ’
1534 4991 1545 4998 “
1632 4991 1666 4994 ”
2172 4991 2390 5058 fatetur,
2422 4991 2604 5066 favent
2631 4994 2823 5064 Aquila
2857 5005 2911 5052 et
2933 4997 3325 5065 Theodoretus,
3364 4991 3462 5056 nec
3490 5017 3594 5056 non
3627 4991 3724 5056 v'ox

571 5060 681 5136 (l8)
712 5065 1127 5136 Πλουτήσητε.
1161 5067 1327 5140 Regg.
1361 5073 1470 5136 bm,
1499 5073 1592 5142 ph.
1622 5081 1674 5128 et
1699 5070 1791 5125 0r.
1820 5069 1874 5134 2,
1909 5069 2071 5122 πλου-

2201 5075 2385 5162 Iebraea
2433 5060 2605 5162 δῆΡᾶ
2654 5060 2730 5131 Et.
2750 5089 2896 5136 certe
2945 5081 3184 5140 Adamus
3235 5060 3502 5141 invocavit
3531 5101 3728 5139 nomen

499 5137 961 5237 elatas-3mm“
1015 5207 1169 5237 mm"
1234 5208 1527 5237 Limn“
2179 5159 2426 5237 Domini;
2463 5137 2734 5237 i_n'vocav_i_t
2777 5164 2940 5218 etiam
2981 5167 3133 5230 Abel,
3167 5168 3478 5237 priusquam
3518 5168 3734 5222 invoca-

565 5207 679 5276 (19)
713 5207 980 5273 Ὗοντας.
1015 5207 1188 5262 Gloss.
1233 5208 1545 5281 βρέχοντας.

565 5277 676 5308 mm
718 5280 1002 5308 ηραν-αριστ.
1057 5277 1213 5308 Ριιυω
1279 5282 1468 5308 _-."._..

2201 5239 2330 5282 'elur
2357 5207 2426 5285 ab
2469 5229 2628 5286 Enos.
2679 5229 2792 5288 NOII
2824 5249 2952 5307 ergo
2985 5255 3003 5286 ι
3032 5207 3242 5306 ρῖἱῆιτις
3274 5207 3474 5293 imi-Suos
3514 5256 3532 5289 ι
3575 5207 3736 5308 carpit

564 5277 677 5356 (ιρι
710 5277 1244 5356 macerantes;
1269 5277 1490 5356 eam.

2203 5313 2430 5354 nvocarc
2443 5343 2456 5356 .
2483 5319 2501 5351 1

565 5347 678 5418 (21)
712 5348 986 5418 Λειμῶνι.
1023 5348 1200 5403 Gloss.
1231 5347 1407 5406 λιϐαδί
1460 5393 1474 5406 .

565 5417 677 5483 (22)
718 5418 1048 5474 Διελέσθαι.
1085 5418 1220 5483 Reg.
1251 5423 1321 5476 hu
1358 5372 1594 5478 ἑλῖσθαι.
1660 5427 1793 5483 Rea.
1854 5430 1921 5483 [ιιι
1952 5429 2067 5483 δια-

2243 5368 2357 5483 (24)
2396 5347 2506 5424 Ida—1
2535 5371 2776 5440 πάντες.
2810 5374 2941 5446 Reg.
2977 5391 3029 5439 ο,
3074 5379 3272 5442 πάντες
3295 5377 3373 5434 δέ.

2265 5440 2359 5483 ἓὲἰὶ
2409 5440 2533 5483 'Nm
2585 5445 2930 5483 «mn/mm»
2994 5449 3176 5483 unum
3232 5466 3245 5478 -
3306 5468 3325 5483 .
3377 5450 3529 5483 ..ηιηηι
3584 5450 3600 5483 ς

563 5417 677 5486 (22)
718 5417 1048 5474 Διεζλέσθαι.
1085 5418 1220 5491 Reg.
1251 5423 1321 5476 htt
1358 5417 1594 5478 ἑλέσθαι.
1660 5427 1793 5498 Reg.
1854 5430 1921 5498 ph
1952 5429 2067 5483 δια-

507 5483 779 5566 ίιὲγεσθαι.Δ
823 5489 1089 5566 ln_Oxon.
1125 5491 1316 5566 desunt
1368 5496 1480 5550 haec
1519 5497 1718 5552 verba:
1764 5500 1852 5563 Ὠς
1883 5501 1927 5552 δ’
1978 5499 2070 5556 οὖν

2205 5417 2359 5566 “Eii
2396 5417 2946 5563 Ῡῆὶῗῖτρξνῖπῖῥὲἕιῗρῖ
2978 5417 3269 5504 ἰἓιιιῖἱῖζῗ
3296 5417 3530 5505 ’ῗὶιηιπιί
3584 5448 3734 5504 indu-

816 5561 1021 5639 τούτων
1048 5560 1317 5616 διελέσθαι
1350 5566 1609 5651 σκεπτέον
1641 5557 1848 5632 οὕτως.⁷

2405 5557 2836 5648 ζ13ε·τοιιι”.ςθιεῖίτἀ,
2869 5599 2970 5642 etc.
3001 5608 3018 5640 ι
3041 5588 3277 5642 Laudata
3311 5599 3358 5643 et
3393 5599 3662 5645 servata.»

565 5626 1125 5728 ςὲ⁵ὶῖηςηξτιξέῖ9ει
1151 5638 1484 5728 °.t9-._:_99i.
1519 5638 1735 5728 ρτῑτξιειε
1765 5626 1861 5710 εἰπε
1894 5642 2064 5728 arma:

2239 5626 2356 5722 (27)
2411 5652 2534 5722 Τὴν
2571 5657 2793 5712 εἰκόνα.
2823 5628 2851 5708 ἰ
2892 5657 3204 5728 Imaginem,
3244 5679 3262 5710 ι
3318 5661 3368 5714 id
3393 5626 3518 5726 Et,
3569 5679 3588 5711 ε
3613 5626 3738 5713 ar."-

496 5703 634 5763 ctus,
666 5701 1127 5780 utDcihunontiue
1173 5701 1454 5780 vocaretur
1472 5701 1553 5780 χ’»
1586 5701 1846 5780 ηειιιροί
1885 5722 1944 5766 ιιι
1984 5715 2064 5767 sui

2242 5701 2353 5722 ὶ-Ἰ
2413 5701 2434 5706 ““
2459 5701 2512 5722 ’1⁷
2571 5701 2714 5710 νν⁷νν⁷
2738 5701 2793 5712 w'
2837 5701 2840 5704 ’

2201 5737 2334 5776 nam.
2370 5743 2389 5776 ι
2827 5754 2840 5761 ’

500 5779 825 5830 vocarentur
851 5772 943 5827 lilii
973 5774 1085 5830 Dei.
1121 5792 1139 5826 ι
1173 5775 1262 5831 Sic
1286 5777 1442 5834 vertit
1470 5772 1824 5839 Combeﬁ'sius
1852 5785 2062 5854 paSsive

2209 5772 2700 5866 'Alpqlérq).
2743 5798 2870 5871 Reg.
2910 5801 3003 5870 ph,
3034 5801 3337 5875 αἰρομὲνῳ.,
