3844 6390
157 319 251 375 861

1075 328 1330 385 ORATIO
1369 329 1504 386 XIV.
1547 363 1616 373 —-
1655 334 1740 387 DE
1778 335 2156 393 PAUPERUM
2193 340 2446 399 AMORIS.

3281 357 3383 412 862

159 442 297 515 ὑπὲρ
324 443 432 497 τῶν
468 445 792 511 λιθαζόντων
835 447 997 501 αὐτὸν
1044 449 1495 520 προσευχόμενος.
1544 452 1721 506 Καλὸν

1842 471 1917 511 tus
1940 470 2056 524 eos,
2088 457 2177 526 qui
2206 444 2462 527 impetum
2487 460 2537 515 in
2574 461 2743 532 ipsum
2780 464 3070 533 faciebant,
3109 484 3172 524 ac
3194 468 3299 524 vim
3332 473 3381 526 ei

159 535 477 606 ήπραότης,
511 536 605 590 καὶ
636 537 971 609 μαρτυροῦσι
1003 539 1243 609 Μωῢσῆς
1278 540 1366 592 καὶ
1387 541 1569 606 Δαϐὶδ,
1595 542 1719 595 τοῦ·

158 644 215 681 το
238 626 346 697 πρὸ
372 628 481 680 τῶν
514 628 689 682 ἄλλων
727 628 1185 701 μαρτυρηθέντες,
1231 631 1325 684 καὶ
1358 633 1385 684 6
1411 632 1613 685 τούτων
1647 633 1723 687 δι·

154 719 435 785 δάσκαλος,
469 719 570 773 οὐκ
602 718 817 791 ἐρίζων,
848 721 967 774 οὐδὲ
990 724 1334 793 κραυγάζων,
1368 725 1488 778 οὐδὲ
1518 728 1576 779 ὲν
1604 730 1721 793 ταῖς

158 811 439 876 πλατείαις
489 814 672 885 φωνὴν
697 813 1032 885 προϊέμενος,
1067 816 1185 869 οὐδὲ
1216 816 1539 888 ζυγομαχῶν
1588 818 1723 890 πρὸς

156 904 275 967 τοὺς
304 903 556 973 ἄγοντας.

1823 547 2138 615 aﬂerebant,
2179 552 2450 606 recusavit
2481 552 2552 617 ³⁷,
2598 569 2694 609 nec
2724 555 2939 611 Petrum
2980 559 3187 624 solum,
3242 564 3383 631 quod

1823 636 2054 707 gladium
2084 639 2415 706 sustulisset,
2442 641 2741 712 objurgavit
2764 644 2828 709 ³⁸,
2887 661 3070 700 verum
3101 650 3149 702 ei
3176 650 3338 702 etiam
3372 642 3393 714 ζ

1826 730 1917 799 qtti
1945 744 2235 798 percussus
2262 730 2456 796 fuerat,
2483 748 2665 789 aurem
2694 738 2929 790 restituit
2956 738 3020 790 ³³.
3047 738 3197 804 Quod
3223 732 3390 809 etia‘in

1825 821 2001 890 ipsum
2064 832 2245 892 postea
2313 823 2620 893 Stephanus
2671 828 2796 880 item
2852 827 3051 883 Christi
3098 810 3394 899 discipﬁlus

1827 914 2098 983 praestitit,
2129 928 2248 967 cum
2276 930 2375 984 pro
2402 917 2489 979 iis,
2516 932 2541 969 a
2576 917 2769 986 quibus
2800 917 3159 988 lapidabatur,
3195 937 3391 992 preces

159 995 291 1049 fudit
318 997 385 1049 ⁸ο.
420 996 646 1050 Pulchra
678 1011 764 1052 res
796 998 960 1069 259
994 1002 1374 1067 mansuetudo,
1444 1012 1608 1060 testes
1672 1012 1797 1060 sunt
1837 1004 2045 1075 Moyses
2072 1004 2115 1036 “
2152 1016 2204 1060 et
2249 1006 2409 1061 David
2442 1007 2510 1072 ι’,
2541 1007 2735 1078 quibus
2777 1025 2885 1078 prre
2929 1012 3137 1067 caeteris
3170 1027 3231 1066 ea
3270 1013 3393 1069 laus

156 1083 447 1155 Scriptura:
484 1088 791 1143 testimonio
825 1091 1020 1145 tributa
1054 1100 1170 1159 est;
1204 1103 1363 1162 atque
1388 1093 1580 1149 borum
1606 1096 1883 1165 magister,
1949 1110 2055 1149 non
2124 1098 2475 1164 contendens,
2534 1113 2631 1153 nec
2695 1098 2955 1166 clamans,
2989 1117 3088 1157 nec
3116 1102 3169 1157 in
3196 1104 3392 1173 plateis

151 1194 334 1235 vocem
370 1182 620 1239 emittens
664 1183 730 1249 ",
783 1199 881 1240 nec
933 1185 1021 1251 iis,
1071 1202 1101 1241 a
1135 1188 1332 1258 quibus
1382 1190 1697 1257 ducebatur,
1736 1192 2039 1248 obluctans.

217 1273 292 1326 I".
325 1272 503 1326 Καλὸν
540 1276 568 1328 6
606 1274 785 1346 ζῆλος,
822 1278 915 1329 καὶ
944 1282 1211 1350 μαρτυρεῖ
1232 1280 1440 1345 Φινεὲς,
1474 1280 1571 1353 τὴν
1602 1283 1725 1336 Μα-

150 1362 377 1417 διανίτιν
409 1364 519 1434 (29)
547 1364 625 1435 τῷ
664 1365 967 1439 Ἰσραηλίτῃ
1004 1371 1463 1441 συνεκκεντήσας,
1498 1372 1586 1426 ἵνα
1613 1373 1725 1443 (50)

152 1453 309 1527 ἐξέλῃ
352 1454 556 1519 όνειδος
602 1456 659 1522 ἐξ
697 1457 831 1510 υἱῶν
869 1458 1106 1530 Ἰσραὴλ,
1138 1460 1229 1513 καὶ
1262 1461 1582 1532 ὀνομασθεὶς
1608 1464 1722 1534 (51)

150 1546 212 1597 ὲκ
245 1546 345 1616 τῆς
378 1546 781 1619 προαιρέσεως⁴
820 1549 913 1602 καὶ
956 1551 1074 1620 μετ’
1102 1553 1327 1615 έκεῖνονι
1364 1553 1413 1604 οε
1443 1553 1719 1621 λέγοντες’

150 1633 363 1702 Ζηλῶν
390 1636 656 1703 ἐζῆλωκα
685 1637 767 1705 τῷ
812 1641 1007 1709 Κυρίῳ
1052 1641 1200 1713 (52)ο
1246 1642 1363 1707 καὶ,
1412 1644 1586 1711 Ζηλῶ
1614 1644 1724 1715 γὰρ

1908 1281 1995 1337 Ill.
2054 1281 2282 1338 Pulchra
2319 1297 2405 1337 res
2446 1283 2594 1340 zelus
2621 1324 2636 1349 ,
2686 1286 2836 1342 testis
2878 1285 3125 1355 Phinees,
3156 1292 3243 1358 qui
3276 1290 3392 1346 hia--

1823 1369 2141 1429 dianitidem
2184 1390 2285 1428 una
2318 1390 2436 1428 cum
2481 1374 2722 1430 Israelita
2768 1377 2943 1448 gladio
2987 1379 3290 1449 trajecit“,
3330 1392 3394 1435 ut.

1822 1463 2037 1521 lsraelis
2074 1467 2213 1522 filios
2244 1482 2273 1521 a
2305 1466 2508 1537 probro
2538 1478 2593 1522 et
2624 1466 2849 1522 infamia
2878 1470 3197 1534 vindicaret,
3227 1482 3369 1542 atqu.

1822 1573 1888 1614 ex
1911 1559 2077 1614 animi
2115 1560 2367 1614 instituto
2396 1575 2592 1614 nomen
2626 1561 2792 1614 traxit
2824 1579 2835 1613 :
2868 1570 3037 1617 testes
3080 1563 3241 1616 etiam
3271 1560 3381 1632 post

1822 1665 1942 1705 eum
1969 1649 2082 1716 illi,
2133 1651 2222 1719 qui
2269 1650 2353 1705 his
2401 1651 2584 1707 verbis
2636 1651 2972 1705 utebantur:
3010 1650 3134 1705 Zeto
3190 1654 3388 1710 zelatus

150 1725 302 1797 ὑμᾶς
335 1729 483 1783 Θεοῦ
512 1728 704 1799 ζήλῳ·
751 1732 868 1796 καὶ,
928 1731 988 1785 '0
1020 1731 1199 1802 ζῆλος
1241 1735 1349 1789 τοῦ
1385 1736 1555 1791 οἴκου
1602 1752 1717 1793 σου

1842 1757 1934 1794 ‘um
1970 1757 2063 1811 pro
2092 1740 2320 1794 Domino
2348 1743 2696 1810 omnipotente
2711 1740 2776 1807 M‘;
2816 1752 2887 1804 et,
2913 1740 3159 1796 {Emulor
3183 1759 3268 1797 vos
3296 1742 3389 1797 Dei

150 1820 553 1890 καταφάγεταί
576 1839 652 1891 με
672 1840 686 1855 ’
717 1824 810 1877 καὶ
838 1823 899 1884 οὐ
929 1823 1175 1893 λέγοντες
1200 1825 1358 1881 τοῦτο
1383 1828 1560 1899 μόνον,
1586 1829 1722 1884 ἀλλὰ

152 1911 245 1970 καὶ
296 1912 617 1984 πάσχοντες.
669 1915 847 1971 Καλὸν
895 1917 1237 1990 ὑποπιασμδς
1267 1920 1400 1990 (55)
1436 1920 1717 1991 σώματος’

152 2003 245 2064 καὶ
278 2003 514 2057 πειθέτω
537 2023 595 2058 σε
623 2006 853 2074 Παῦλος,
887 2007 1077 2063 ἑαυτὸν
1115 2008 1194 2062 ἔτι
1215 2010 1595 2080 παιδαγωγῶν,
1628 2013 1722 2066 καὶ

153 2094 335 2163 φοϐῶν
368 2095 454 2149 διὰ
479 2095 569 2149 τοῦ
613 2098 829 2169 Ἰσραὴλ
859 2101 983 2163 τοὺς
1023 2102 1231 2165 ἑαυτοῖς
1271 2102 1600 2174 θαρροῦντας
1629 2106 1723 2158 καὶ

154 2186 407 2255 ἐφιέντας
461 2188 569 2258 (54)
616 2190 693 2261 τῷ
740 2190 978 2262 σώματι*
1034 2194 1126 2247 καὶ
1190 2194 1395 2264 Ἰησοῦς
1436 2195 1595 2259 αὐτὸς
1629 2214 1724 2268 νη-

154 2278 389 2347 στεύων,
445 2281 537 2333 καὶ
579 2280 1001 2355 πειραζόμενος,
1036 2286 1131 2338 καὶ
1178 2286 1341 2339 νικῶν
1390 2287 1480 2339 τὸν
1528 2288 1720 2361 πειρά-

152 2372 334 2434 ζοντα.
372 2372 554 2427 Καλὸν
583 2376 857 2447 προσευχὴ
907 2377 1002 2430 καὶ
1032 2377 1340 2446 ἀγρυπνία·
1366 2380 1460 2431 καὶ
1492 2380 1724 2435 πειθέτω

154 2481 209 2529 σε
244 2464 380 2529 Θεὸς
408 2467 701 2539 ἀγρυπνῶν
731 2470 836 2539 πρὸ
869 2468 961 2522 τοῦ
988 2468 1212 2538 πάθους,
1241 2472 1335 2526 καὶ
1360 2474 1725 2545 προσευχόμε-

151 2574 259 2619 νος.
304 2558 485 2610 Καλὸν
530 2559 741 2627 ἁγνεία,
776 2562 870 2614 καὶ
919 2562 1213 2633 παρθενία⁹
1252 2566 1344 2617 καὶ
1392 2565 1622 2620 πειθέτω
1664 2584 1724 2620 σε

152 2648 364 2714 Παῦλος
408 2653 536 2721 περὶ
570 2651 772 2707 τούτων
818 2654 1143 2724 νομοθετῶν,
1195 2656 1288 2709 καὶ
1332 2655 1609 2727 βραϐεύων
1650 2658 1726 2710 δι-

153 2742 323 2807 καίως
353 2744 516 2815 γάμῳ
553 2745 646 2798 καὶ
676 2746 909 2819 ἀγαμίᾳ,
940 2747 1034 2800 καὶ
1061 2748 1267 2816 Ἰησοῦς
1295 2748 1457 2813 αὐτὸς
1487 2752 1551 2803 ἐκ
1581 2751 1727 2821 Παρ-

156 2833 310 2887 θένου
365 2834 735 2906 γεννώμενος,
784 2838 871 2891 ἴνα
925 2839 1021 2891 καὶ
1076 2840 1326 2911 γέννησιν
1369 2843 1593 2912 τιμήσῃ,
1634 2842 1727 2894 καὶ

152 2927 468 2998 προτιμήσῃ
514 2928 830 2999 παρθενίαν.
879 2930 1058 2983 Καλὸν
1091 2931 1415 3003 ἐγκράτειαν
1467 2933 1561 2985 καὶ
1605 2950 1726 2985 πει-

154 3014 294 3070 θέτω
352 3032 412 3068 σε
470 3018 651 3080 Δαϐὶδ,
695 3018 854 3088 ἡνίκα
908 3019 1001 3072 τοῦ
1055 3022 1112 3072 ὲν
1168 3021 1411 3092 Βηθλεὲμ
1460 3022 1726 3093 ἐκράτησε

1822 1834 2156 1888 (mulatione
2184 1833 2230 1865 “
2255 1849 2270 1897 ;
2300 1842 2374 1899 et,
2402 1831 2559 1887 Zelus
2586 1835 2768 1887 domus
2802 1842 2908 1886 tua:
2938 1834 3160 1888 comedit
3204 1849 3283 1887 me
3310 1835 3388 1887 ‘7:

1823 1938 1924 1978 nec
1971 1923 2144 1978 solum
2199 1924 2303 1978 hoc
2360 1923 2652 1989 dicebant,
2707 1923 2800 1978 scd
2852 1924 3013 1978 etiam
3064 1924 3387 1981 sentiebant.

1825 2014 2059 2069 Pulchra
2092 2029 2179 2069 res
2215 2013 2805 2084 corporiscastigatio;
2839 2015 2889 2068 id
2919 2016 3012 2068 tibi
3047 2014 3247 2070 Paulus
3271 2032 3392 2086 per-

1837 2103 2085 2167 suadeat,
2119 2102 2352 2171 seipsum
2380 2103 2555 2157 adhuc
2585 2104 2806 2158 domans
2834 2114 2887 2158 et
2920 2120 3180 2159 coercens
3219 2106 3284 2173 ⁸⁸,
3330 2122 3391 2161 ac

1825 2209 1922 2263 per
1961 2194 2234 2259 lsraelem,
2275 2195 2360 2259 iis,
2397 2195 2487 2264 qui
2522 2195 2622 2249 sibi
2655 2195 2785 2264 ipsis
2818 2196 2986 2250 ﬁdunt
3009 2237 3023 2259 ,
3073 2198 3392 2267 corporique

1825 2286 2140 2357 indulgent,
2200 2295 2457 2341 terrorem
2507 2287 2781 2355 injiciens;
2839 2297 2999 2358 atque
3051 2292 3185 2344 adeo
3236 2289 3391 2345 Jcsus

1825 2379 1942 2451 ipse
1994 2378 2268 2449 jejunans,
2301 2388 2463 2449 atque
2515 2380 2864 2433 tentationem
2921 2381 3162 2447 subiens,
3190 2394 3245 2436 et
3278 2391 3392 2437 ten-

1829 2478 2056 2525 tatorem
2086 2486 2348 2540 superans
2374 2471 2439 2524 δ’.
2478 2470 2709 2525 Pulchra
2743 2486 2832 2527 res
2860 2473 3037 2527 oratio
3069 2484 3122 2529 et
3166 2474 3388 2543 vigilia:

1825 2561 1986 2629 hujus
2035 2562 2110 2616 rei
2146 2562 2301 2616 fidem
2335 2563 2430 2617 tibi
2468 2561 2632 2616 faciat
2681 2563 2868 2626 Jesus,
2916 2573 3041 2619 ante
3084 2566 3388 2633 passionem

1824 2654 2059 2722 vigilans
2114 2655 2475 2724 precibusque
2520 2654 2839 2708 incumbens
2899 2656 2965 2707 ⁵ο.
3026 2655 3255 2710 Pulchra
3308 2672 3393 2711 res

1825 2746 2146 2801 castimonia
2168 2754 2221 2800 et
2243 2745 2560 2815 virginitas;
2593 2746 2749 2800 fidem
2783 2746 2945 2799 Paulo
2973 2761 3185 2815 arroga,
3221 2747 3285 2801 de
3313 2747 3394 2801 his

1827 2841 1989 2896 rebus
2023 2839 2167 2909 leges
2197 2838 2478 2901 statuenti,
2509 2853 2571 2891 ac
2599 2838 2931 2892 matrimonii
2976 2848 3029 2893 et
3076 2840 3396 2908 virginitatis

1828 2929 2257 2986 controversiam
2313 2928 2618 2997 aequissime
2674 2929 2996 2998 disceptanti
3049 2930 3119 2994 εί,
3187 2929 3395 2998 ipsique

1830 3024 1988 3078 etiam
2018 3021 2165 3087 Jesu,
2196 3036 2261 3076 ex
2301 3020 2507 3089 virgine
2535 3020 2801 3085 nascenti,
2826 3028 2883 3073 ut
2906 3030 2959 3075 et
2994 3020 3391 3090 generationem

153 3107 411 3178 φρέατας,
448 3110 521 3179 μὴ
552 3110 691 3163 πιὼν
715 3151 728 3172 ,
756 3111 893 3165 ἀλλά
934 3112 1159 3177 σπείσας
1194 3114 1349 3184 μόνον
1381 3113 1474 3167 τοῦ
1519 3113 1726 3180 ὓδατος,

1842 3116 2037 3169 honore
2085 3111 2302 3177 alliciat,
2355 3119 2409 3165 et
2458 3109 2823 3178 virginitatem
2872 3109 3076 3164 honore
3123 3109 3391 3178 prteferat.

155 3200 291 3270 μηδὲ
320 3201 686 3271 ἀνασχόμενος
714 3202 841 3257 ἴδιον
868 3201 1153 3274 πληρῶσαι
1183 3206 1353 3269 πάθος
1380 3208 1437 3259 ἐν
1464 3206 1726 3278 ἀλλοτρίῳ

151 3310 369 3364 αιματι.

1833 3205 2061 3259 Pulchra
2094 3218 2182 3258 res
2225 3200 2589 3266 continentia;
2634 3209 2846 3253 moveat
2885 3209 2934 3253 te
2966 3198 3178 3254 Davidis
3210 3204 3395 3253 aucto-

1834 3298 1987 3361 ritas,
2045 3297 2157 3366 qui,
2216 3303 2275 3349 ut
2323 3291 2737 3348 Bethleemiticaa
2798 3292 3045 3345 cisterna:
3096 3289 3253 3358 copia
3293 3289 3393 3359 ipsi

152 3384 298 3441 facta
350 3397 466 3451 est,
510 3386 732 3442 minime
767 3387 903 3443 bibit
941 3390 1009 3456 δ’,
1045 3405 1229 3445 verum
1275 3405 1470 3460 aquam
1522 3400 1731 3444 tantum
1770 3390 1976 3459 libavit,
2018 3405 2119 3445 nec
2184 3387 2374 3465 adduci
2441 3385 2630 3455 potuit;
2667 3395 2725 3438 ut
2766 3384 2909 3438 sitim
2971 3397 3119 3437 suam
3150 3397 3245 3451 per
3268 3382 3398 3435 alic-

153 3494 283 3531 num
310 3494 558 3533 cruorem
592 3479 848 3548 expleret.

217 3573 295 3631 A'.
331 3572 514 3626 Καλὸν
552 3573 755 3645 ἐρημία
806 3575 899 3627 καὶ
940 3575 1140 3645 ἡσυχία
1173 3576 1286 3647 (55)
1310 3594 1323 3607 ο
1360 3578 1453 3631 καὶ
1493 3577 1736 3633 διδάσκει

156 3683 219 3737 με
246 3668 277 3718 6
321 3665 623 3737 Κάρμηλος
676 3664 878 3730 Ἠλίου,
913 3665 944 3737 ἢ
994 3666 1199 3738 ἔρημος
1237 3668 1517 3735 Ἰωάννου,
1557 3670 1734 3740 Ἰησοῦ

154 3760 212 3814 τὸ
258 3759 413 3831 ὅρος,
468 3760 548 3821 εἰς
592 3758 622 3811 ὃ
671 3759 928 3823 πολλάκις
988 3760 1286 3833 ἀναχωρῶν
1328 3762 1597 3831 φαίνεται,
1643 3764 1738 3816 καὶ

156 3848 285 3903 καθ’
310 3848 545 3920 ἡσυχίαν
576 3848 752 3919 ἑαυτῷ
782 3849 1165 3920 συγγινόμενος
1194 3850 1326 3922 (56).
1361 3852 1537 3905 Καλὸν
1581 3855 1614 3924 ή
1644 3854 1736 3906 εὑ-

152 3942 336 3997 τέλεια
383 3942 527 4012 (57)·
563 3942 658 3995 καὶ
696 3942 935 3995 διδάσκει
982 3960 1050 4012 με
1096 3943 1284 4007 Ἠλίας
1325 3944 1734 4016 ἀναπαυόμενος

156 4036 307 4108 παρά
363 4036 529 4107 χήρα,
594 4035 845 4105 Ἰωάννης
877 4033 1021 4103 θριξὶ
1061 4034 1307 4105 καμήλου
1360 4036 1727 4107 σκεπόμενος,

155 4127 368 4199 Πέτρος
401 4126 666 4195 ἀσσαρίου
713 4124 933 4197 θέρμοις
965 4123 1311 4197 τρεφόμενος.
1353 4126 1532 4180 Καλὸν
1568 4128 1601 4197 ή
1635 4144 1732 4180 τα-

156 4218 583 4290 πεινοφροσύνη,
616 4218 710 4270 καὶ
742 4217 910 4271 πολλὰ
938 4220 1160 4291 ταύτης,
1196 4222 1291 4274 καί
1316 4221 1641 4291 πολλαχόθεν
1665 4221 1734 4274 τά

156 4311 558 4380 ὑποδείγματα,
588 4310 680 4363 καὶ
709 4310 813 4382 πρὸ
846 4312 954 4363 τῶν
985 4312 1178 4378 ἄλλων,
1217 4314 1245 4364 6
1284 4313 1499 4366 πάντων
1546 4313 1734 4384 Σωτὴρ

1906 3570 1994 3625 lV.
2048 3568 2276 3624 Pulchra
2332 3581 2419 3619 res
2468 3564 2704 3620 solitudo
2751 3569 2806 3617 et
2852 3562 3043 3631 quies;
3104 3562 3263 3630 idque
3313 3575 3400 3614 me

1833 3665 1990 3719 docet
2044 3662 2172 3715 Elia:
2215 3657 2495 3714 Carmelus
2540 3657 2607 3721 ⁵³,
2646 3654 2873 3711 Joannis
2907 3654 3177 3708 desertum
3220 3653 3286 3717 ⁵⁸,
3338 3668 3400 3705 ac

1834 3772 1991 3812 mons
2015 3756 2061 3787 ⁵³
2098 3753 2331 3821 denique
2366 3751 2473 3814 ille,
2520 3750 2571 3805 in
2614 3763 2772 3818 quem
2815 3746 2998 3801 Jesum
3034 3759 3176 3813 saepe
3224 3748 3397 3798 seces-

1836 3851 1993 3914 sisse,
2052 3860 2347 3915 secumque
2400 3844 2612 3898 silentio
2671 3847 2942 3895 versatum
2997 3850 3116 3891 esse
3166 3844 3379 3890 constat

1835 3943 2063 3999 Pulchra
2106 3956 2192 3996 res
2241 3939 2417 3993 victus
2462 3934 2727 3998 tenuitas;
2778 3931 3100 3985 documento
3148 3926 3282 3982 mihi
3321 3934 3403 3979 est

1834 4037 1979 4092 Elias
2002 4034 2068 4097 “,
2103 4032 2194 4102 qui
2220 4030 2359 4100 apud
2397 4028 2615 4082 viduam
2648 4022 3013 4086 reficiebatur,
3057 4018 3295 4073 Joannes
3332 4018 3400 4081 ",

1834 4128 1927 4199 qui
1958 4125 2147 4181 cameli
2180 4122 2303 4193 pilis
2332 4119 2634 4189 tegebatur,
2664 4113 2880 4178 Petrus,
2908 4113 2995 4182 qui
3027 4111 3220 4179 lupinis
3244 4110 3403 4163 unico

1842 4234 1965 4275 asse
1986 4212 2184 4288 emptis
2210 4215 2478 4271 alebatur.
2507 4209 2737 4265 Pulchra
2756 4221 2842 4261 res
2865 4204 3159 4269 humilitas,
3178 4201 3413 4270 ejusque

1837 4315 2007 4367 multa
2038 4309 2279 4379 exempla
2314 4306 2513 4376 passim
2541 4308 2776 4361 exstant,
2808 4314 2868 4352 ac
2887 4312 2995 4366 prae
3020 4295 3143 4347 aliis
3167 4295 3401 4348 omnium

155 4406 248 4459 καὶ
296 4404 615 4473 Δεσπότης,
651 4403 711 4455 οὐ
745 4404 1085 4470 ταπεινώσας
1130 4406 1321 4460 ἑαυτὸν
1370 4406 1529 4477 μόνον
1580 4407 1730 4477 μέχρι

1846 4405 2095 4461 Salvator
2142 4417 2207 4456 ac
2236 4400 2516 4463 Dominus,
2573 4394 2663 4466 qui
2710 4407 2815 4446 non
2868 4389 3024 4443 modo
3060 4388 3293 4455 seipsum
3340 4385 3406 4436 ad

152 4497 349 4556 δούλου
384 4495 595 4567 μορφῆς
617 4536 631 4559 ,
665 4496 787 4549 οὐδὲ
813 4495 875 4548 ’τὸ
919 4497 1211 4568 πρόσωπον
1255 4499 1484 4571 αἰσχύνῃ
1517 4499 1736 4562 ὑποθεὶς

154 4587 591 4658 ἑμιπυσμάτων,
624 4588 715 4640 καὶ
746 4586 883 4657 μετά
908 4587 1015 4642 τῶν
1040 4589 1255 4660 ἀνόμων
1273 4591 1563 4659 λογισθεὶς,
1591 4592 1619 4643 6
1648 4590 1737 4642 τὸν

224 4682 273 4717 ’τ
318 4680 511 4736 Matth.
541 4695 687 4745 xxvi,
725 4679 813 4734 55.
892 4680 937 4711 ³⁸
969 4680 1098 4734 an.
1125 4700 1259 4747 χχιι,
1294 4683 1382 4737 50.
1461 4684 1505 4715 ³9
1533 4682 1660 4736 ibid.
1695 4681 1783 4734 bl.

249 4752 337 4782 Ιρα
402 4767 512 4782 νει·
594 4752 663 4782 Ω.
713 4765 805 4782 nn
868 4751 899 4782 '7
1024 4751 1069 4782 ιδ
1100 4753 1234 4782 Num
1287 4769 1389 4782 νιιυ
1448 4754 1478 4782 ¹¹1
1597 4752 1641 4782 ιιι
1681 4751 1783 4782 IIII

1448 4754 1500 4804 7.
1597 4752 1641 4782 “‘
1680 4751 1746 4804 Ill
1775 4751 1906 4820 Reg.
1945 4766 1973 4802 χ

1421 4824 1465 4854 ⁵ο
1497 4822 1684 4876 Matth.
1714 4838 1863 4886 xxvt,
1889 4819 1976 4875 56.

713 4765 828 4816 Lttt,
868 4751 922 4805 7.
1024 4751 1069 4783 “
1098 4753 1256 4807 Num.
1286 4769 1389 4805 xxv
1448 4754 1500 4804 7.

738 4819 781 4850 "
809 4821 1000 4893 Matth.
1031 4838 1102 4887 tv,
1132 4828 1152 4878 1
1195 4838 1313 4893 sqq.

156 4753 202 4784 “
249 4752 364 4806 lsa.
402 4767 533 4811 xui.
594 4752 665 4815 2;

157 4823 204 4855 ⁸⁸
235 4823 255 4877 l
284 4823 416 4877 Cor.
446 4839 521 4885 ιχ,
555 4821 646 4874 27.

1847 4513 2019 4568 usque
2051 4496 2202 4551 servi
2232 4494 2460 4548 formam
2484 4487 2679 4558 dejecit
2704 4484 2775 4548 ³⁸,
2812 4496 2876 4536 ac
2905 4490 3180 4551 sputorum
3212 4478 3408 4547 probro

1849 4599 1902 4644 et
1930 4585 2271 4643 contumelia:
2299 4585 2492 4638 faciem
2532 4576 2835 4647 supposuit,
2871 4584 2926 4627 et
2962 4587 3080 4625 cum
3120 4568 3403 4624 sceleratis

1860 4681 1905 4715 ‘°
1934 4681 2035 4733 Act
2090 4693 2186 4733 vtt.
2210 4677 2297 4731 59.
2376 4674 2417 4706 “
2450 4672 2607 4725 Num.
2641 4683 2736 4727 χιι,
2759 4668 2813 4719 5.
2888 4666 2932 4696 ⁸²
2963 4662 3102 4716 Psal.
3140 4660 3406 4733 exut,_l.

2172 4716 2313 4798 ζννίε
2360 4745 2401 4798 ιι
2850 4736 2893 4766 ⁸⁷
2924 4732 3063 4788 Psal.
3098 4716 3406 4795 Lttvttt,'10.

1894 4790 1906 4802 .
1945 4764 2055 4811 xu,
2107 4748 2192 4801 14.
2267 4748 2313 4777 ⁴⁶
2360 4748 2400 4798 ll
2440 4748 2565 4795 Cor.
2618 4754 2691 4791 XI.
2720 4748 2774 4789 τι.
2850 4748 2890 4766 δ’
2924 4748 3063 4788 t'sat.
3098 4748 3287 4810 vattt,
3321 4748 3405 4782 'lU.

1894 4819 1976 4874 56.
2084 4818 2128 4849 ⁸¹
2156 4816 2283 4870 Cor.
2325 4830 2419 4874 vn,
2458 4813 2548 4864 25.
2656 4808 2701 4837 δ’
2738 4805 2776 4858 ll
2813 4804 2941 4874 Reg.
2970 4818 3147 4874 xxttt,
3182 4801 3405 4874 Albusqq.

2084 4818 2128 4849 ⁸¹
2156 4816 2283 4870 Cor.
2325 4830 2419 4876 vn,
2458 4813 2548 4864 25.

156 4895 205 4925 ⁸³
230 4871 644 4963 ιιιῙιέεἷὶνῖιι,
663 4890 753 4945 te.
809 4871 888 4924 ἶ(
902 4871 1044 4946 ille!
1063 4871 1106 4961 ιζ
1139 4871 1351 4948 ΞιόῗἾιε
1384 4871 1728 4958 Matii—fil},

1842 4871 1863 4945 .'
1893 4871 1976 4922 ’δέ
1996 4890 2061 4943 ιιι
2098 4889 2230 4958 Reg.
2266 4871 2489 4951 xva,'9.
2568 4882 2611 4913 υτ
2648 4877 2836 4930 Matth.
2875 4871 3033 4939 “1,4,
3107 4872 3152 4903 δε
3179 4871 3408 4938 Philipp.

160 4980 223 5030 tt,
246 4963 305 5019 6.

228 5081 353 5148 (29)
377 5078 749 5134 Μαδιανῖτιν.
782 5078 873 5135 Or.
908 5079 964 5141 2,
990 5075 1343 5147 Μαδιανίτην.

258 5151 356 5223 5ο)
394 5152 553 5223 Ἵνα.
596 5150 726 5220 Reg.
754 5152 859 5223 ph,
884 5150 972 5202 ἵν’.
1168 5216 1179 5223 _
1262 5214 1275 5223 _
1338 5216 1349 5223 _

258 5153 356 5223 50)
394 5153 553 5205 Ἵνα.
596 5153 726 5220 Reg.
754 5153 847 5219 ph,
884 5153 972 5202 ἵν’.
1675 5210 1686 5221 _
1733 5209 1744 5221 .

232 5153 359 5292 (51)
394 5222 503 5275 Καὶ
538 5221 915 5292 ὀνομασθείς,
946 5228 1056 5292 etc.
1113 5236 1131 5267 ς
1154 5216 1229 5270 Ac
1261 5214 1383 5269 inde
1427 5224 1617 5266 nomen
1644 5210 1746 5265 stbt

162 5288 300 5346 fecit
333 5288 349 5346 ἐ
382 5288 1103 5362 inclytus,celebrisevasil.
1129 5305 1147 5338 ι
1311 5353 1321 5362 _
1707 5351 1719 5361 _

236 5362 361 5433 (5‘2)
389 5353 605 5433 Κυρίῳ.
623 5353 630 5356 ⁷
651 5361 745 5433 Or.
840 5353 1474 5433 οςιάζιλπαντοκράτορι,
1531 5370 1549 5403 ι
1577 5353 1749 5404 omni-

162 5428 417 5501 potente.
443 5428 568 5484 illa
598 5430 765 5502 etiam,
790 5430 920 5502 legit
944 5428 1150 5482 Billius.
1288 5494 1320 5502 __
1554 5491 1567 5502 ι
1630 5489 1662 5502 Α,

241 5502 380 5583 (55).
398 5500 819 5583 Ὑποπιααμός.
842 5491 959 5553 ’δίο
979 5512 1172 5583 omnes
1205 5491 1570 5583 coltflieesi‘vel
1592 5491 1753 5583 etiam

164 5577 220 5627 in
248 5561 621 5642 ‘qnibusdam,
658 5561 1044 5641 ὑπωπιασμός.
1106 5569 1163 5621 Ιιι
1218 5564 1377 5620 editis
1421 5577 1569 5627 vero,
1624 5561 1757 5633 6m-

161 5642 724 5841 “tiggfibgtér‘tag.
754 5709 847 5765 Sic
878 5711 1057 5780 plures
1083 5708 1255 5789 Regg.
1286 5715 1339 5760 et
1361 5703 1619 5766 Colbert.,

165 5786 224 5841 2.
252 5792 315 5841 et
368 5799 449 5839 es.
483 5784 612 5841 Oua:
642 5784 817 5841 lectio.
850 5792 907 5836 ut
930 5780 1213 5841 vulgatior,
1243 5784 1313 5832 tla
1344 5785 1395 5832 ct
1431 5773 1750 5841 probabtltor

165 5773 612 5866 ἳνλειίεεδρυω
642 5773 817 5846 lectio,
850 5773 907 5836 ιιί
930 5773 1313 5851 νιιιεοιίοὲξὶιιι
1344 5785 1395 5832 ct
1431 5773 1756 5861 probabilior

1842 5068 2073 5124 videtur.
2106 5065 2229 5129 Ed.,
2260 5064 2603 5137 ὲπαφιέντας.
2657 5133 2666 5137 _
2758 5130 2819 5137 ψ
3051 5128 3063 5137 _
3101 5126 3112 5137 _
3304 5122 3315 5137 ν

1917 5138 2028 5207 (55)
2071 5128 2450 5207 Ἐρημίανκαίξ
2475 5133 2724 5207 ἡσυχία.
2758 5130 2970 5184 Nicetas
2999 5145 3012 5181 :
3042 5128 3154 5197 ἡὲν
3185 5128 3413 5195 μονώσει

1847 5205 2066 5281 ἡσυχία,
2102 5227 2121 5258 ‹
2150 5208 2202 5281 in
2237 5205 2525 5281 solitudine
2559 5205 2777 5281 quies.»
2872 5268 2896 5279 β
3189 5215 3197 5222 ’

1917 5266 2026 5344 (56)
2054 5266 2167 5332 Καὶ
2207 5276 2335 5329 καθ’
2394 5273 2683 5346 ἡσυχίαιςΔ
2716 5268 2905 5346 ἑαυτῷ
2966 5266 3412 5346 συγγιιςίλμειλος.

1855 5369 1873 5401 ι
1898 5336 2121 5403 Silentio
2178 5361 2383 5408 secum,
2421 5336 2558 5410 'per'
2587 5341 2889 5415 solitudinis
2951 5336 3416 5415 tranquillitatem,

1853 5428 2148 5473 versatum.
2175 5436 2194 5469 ι
2257 5407 2375 5472 Non
2422 5407 2558 5487 bene
2589 5412 2819 5487 _Bi|lius,
2888 5427 2906 5459 ι
2931 5407 3109 5487 animo
3161 5407 3362 5487 quieto.
3395 5421 3413 5451 ι

1854 5488 2102 5544 Christus
2153 5488 2293 5541 enim
2335 5494 2482 5539 certe
2528 5482 2625 5536 fttit
2671 5494 2882 5549 semper
2916 5496 2933 5528 ι
2960 5482 3138 5533 animo
3164 5482 3367 5545 quieto,
3396 5492 3413 5521 ι

1856 5562 1968 5614 sive
1994 5568 2167 5622 extra,
2196 5557 2308 5609 sive
2332 5552 2864 5626 intra‘solitudincm.
3123 5624 3127 5626 Δ
3244 5614 3257 5626 .

1928 5629 2039 5699 (57)
2063 5617 2368 5682 eadem.
2430 5643 2447 5674 ι
2470 5620 2840 5699 Ριιτςίηιειιιὶειε
2875 5617 3074 5698 vilitas,
3118 5617 3420 5699 tenuitas),

1854 5684 1959 5754 non
1993 5684 2044 5753 in
2072 5701 2212 5751 victu
2240 5708 2466 5758 tantum,
2510 5693 2602 5747 sed
2633 5691 2792 5744 etiam
2828 5690 2879 5757 in
2903 5689 3134 5768 vestitu,
3170 5696 3222 5759 ut
3264 5684 3433 5748 allata.

1855 5770 2092 5845 exempla
2128 5768 2511 5825 demonstrant.
