3844 6390
129 356 218 413 865
1031 348 1281 406 ΟΒΑΤΙΟ
1323 348 1460 405 XIV.
1500 379 1570 390 -—-
1609 348 1696 405 DE
1734 345 2116 405 PAUPEBUM
2153 345 2410 401 AMORE.

3252 344 3355 400 866

129 469 350 545 ρολόγων
381 468 801 540 ἀπανθρωπίαν,
841 469 951 521 εἴτε
977 468 1188 540 λῃστῶν
1220 467 1551 539 μιαιφονίαν,
1582 469 1688 523 εἴτε

1805 470 2083 534 saevitiam,
2119 468 2233 523 sive
2263 467 2333 522 ob
2375 465 2665 537 praesidum
2713 465 3083 531 acerbitatem,
3125 464 3239 521 sive
3281 469 3355 520 ob

130 561 359 618 κλεπτῶν
401 561 726 632 ἀπληστίαν,
768 559 875 612 εἴτε
912 559 1195 630 δήμευσιν,
1241 561 1354 614 εἴτε
1387 561 1642 630 ναυάγιον
1666 580 1678 592 σ

131 656 313 717 πάντες
333 653 443 724 γάρ
465 653 664 722 ὁμοίως
690 651 912 704 ἐλεεινοί
934 690 947 714 ,
973 651 1065 704 καὶ
1093 650 1235 705 οὕτω
1258 651 1369 722 (48)
1396 651 1684 722 βλέποντες

130 749 196 810 είς
220 746 322 808 τὰς
346 745 622 816 ἡμετέρας
654 745 860 814 χεῖρας,
884 742 957 806 ὡς
988 744 1149 812 ἡμεῖς
1179 745 1258 807 εἰς
1289 744 1387 807 τὰς
1412 744 1505 798 τοῦ
1525 744 1682 807 Θεοῦ,

130 838 241 908 περὶ
299 830 374 889 ὦν
431 835 496 889 ἀν
523 834 767 905 δεώμεθα
793 851 807 863 ·
845 834 936 887 καὶ
979 833 1184 888 τούτων
1226 835 1402 888 αὐτῶν
1465 837 1515 888 οἱ
1559 837 1697 908 παρ’,

129 927 267 990 ἀξίαν
309 926 416 996 (49)
443 925 898 989 κακοπαθοῦντες,
933 924 1040 980 τῶν
1075 927 1133 978 ἐν
1155 925 1264 978 ἔθει
1293 926 1385 978 τοῦ
1408 927 1687 998 δυστυχεῖν

128 1019 281 1071 ὄντων
309 1017 654 1088 ἐλεεινότεροι
680 1029 694 1044 ⁸
726 1016 1020 1087 ἐξαιρέτως
1048 1017 1104 1070 δέ
1137 1020 1248 1080 τοῖς
1276 1019 1379 1070 ὑπὸ
1411 1019 1510 1088 τῆς
1539 1021 1688 1090 ἱερᾶς

129 1110 267 1161 νόσου
296 1109 728 1180 διεφθαρμένοις,
759 1108 852 1160 καὶ
891 1109 1055 1179 μέχρι
1083 1110 1322 1179 σαρκῶν,
1347 1113 1440 1164 καὶ
1463 1112 1686 1175 ὀστέων,

129 1200 207 1251 καὶ
239 1199 471 1268 μυελῶν,
503 1199 577 1262 ὡς
622 1201 654 1268 ή
689 1200 830 1253 κατά
859 1217 1020 1253 τινων
1047 1201 1264 1272 ἀπειλὴ,
1303 1201 1685 1274 βεϐρωμένοις,

130 1288 208 1340 καὶ
242 1287 650 1358 προδεδομένοις
684 1288 786 1340 ὑπὸ
826 1287 920 1340 τοῦ
957 1289 1252 1360 μοχθηροῦ,
1290 1291 1382 1344 καὶ
1409 1294 1686 1357 ταπεινοῦ,

128 1379 206 1431 καί
238 1379 468 1431 ἀπίστου
513 1378 626 1448 (50)
663 1378 849 1432 τούτου
899 1377 1179 1449 σώματος·
1216 1375 1260 1450 ᾧ
1297 1382 1414 1445 πῶς
1466 1384 1689 1448 συνεζύ-

125 1486 238 1539 γην,
267 1468 366 1522 οὐκ
390 1465 541 1522 οἶδα·
574 1472 667 1523 καὶ
705 1470 820 1534 πῶς
855 1469 1017 1524 εἰκών
1046 1472 1107 1524 τέ
1151 1475 1268 1542 εἰμι
1309 1473 1466 1538 Θεοῦ,
1498 1474 1690 1546 καὶτῷ

130 1560 273 1631 πηλῷ
308 1560 660 1632 συμφύρομαι
694 1563 804 1633 (51)
825 1579 839 1593 °
871 1564 899 1617 ὃ
925 1565 1017 1618 καὶ
1045 1565 1301 1618 εὐεκτοῦν
1320 1566 1567 1637 πολεμεῖ,
1596 1568 1690 1622 καὶ

128 1654 240 1722 ἀνιᾷ
277 1652 678 1723 πολεμούμενον
699 1671 712 1684 ·
741 1654 769 1705 ὃ
800 1653 893 1708 καὶ
925 1655 1000 1718 ῶς
1037 1654 1316 1711 σύνδουλον
1346 1659 1565 1726 ἀγαπῶ,
1597 1659 1690 1712 καὶ

127 1744 190 1806 ὡς
220 1743 413 1814 ἐχθρὸν
467 1745 913 1816 ἀποστρέφομαι·
959 1746 988 1799 ὃ
1030 1747 1123 1800 καὶ
1150 1747 1227 1812 ὡς
1255 1748 1449 1819 δεσμὸν
1485 1749 1687 1818 φεύγω,

1787 577 2000 627 eorum,
2051 560 2143 628 qui
2191 558 2431 629 legendis
2479 556 2698 612 tributis
2732 564 2991 626 praesunt,
3034 556 3353 630 inhumani-

1795 661 1962 709 tatem
1990 661 2044 708 et
2077 650 2559 721 importunitatem,
2593 649 2705 704 sive
2725 649 2796 704 ob
2825 657 3107 704 cruentam
3140 648 3352 715 praedo-

1792 762 1918 800 num
1979 743 2408 808 immanitatem,
2468 742 2584 796 sive
2632 742 2700 796 ob
2752 741 3127 811 inexplebilem
3178 741 3354 794 furum

1795 837 2124 903 aviditatem,
2154 835 2268 892 sive
2296 835 2366 889 ob
2397 835 2660 896 bonorum
2706 833 3153 904 proscriptionem
3178 873 3194 897 ,
3242 832 3357 886 sive

1793 928 1863 982 ob
1901 928 2273 998 naufragium;
2309 941 2498 982 omnes
2540 927 2685 982 enim
2730 927 2982 981 similiter
3026 925 3358 981 miserabiles

1794 1030 1941 1086 sunt,
1978 1021 2168 1089 sicque
2193 1023 2246 1074 in
2275 1034 2466 1074 manus
2491 1029 2706 1074 nostras
2737 1020 3031 1085 intuentur,
3085 1028 3144 1074 ut
3172 1034 3268 1074 nos
3303 1019 3354 1072 in

1795 1115 1888 1170 Dei
1923 1129 2138 1177 manus,
2173 1129 2295 1168 cum
2335 1130 2394 1170 re
2439 1116 2618 1186 aliqua
2644 1130 2906 1184 egemus;
2945 1125 3104 1184 atque
3131 1130 3193 1169 ex
3227 1115 3358 1185 ipsis

1795 1219 2032 1270 rursum,
2081 1205 2118 1258 ii
2155 1205 2245 1272 qui
2285 1205 2503 1275 indigne
2532 1204 2882 1270 aﬂlictantur,
2937 1206 3358 1260 miserabiliores

1795 1304 1921 1349 sunt
1957 1311 2116 1366 quam
2146 1296 2180 1350 ii
2209 1297 2300 1365 qui
2357 1297 2757 1352 calamitatibus
2810 1307 3165 1352 assueveruut
3197 1317 3209 1351 :
3241 1305 3355 1350 tum

1803 1400 1931 1440 vero
1979 1401 2079 1441 nos
2113 1387 2148 1440 ii
2192 1387 2462 1457 praecipuo
2496 1388 2725 1457 quodam
2755 1387 3121 1442 miserationis
3162 1387 3357 1442 aﬂ‘cctu

1799 1491 2116 1544 permovere
2148 1477 2364 1541 debent,
2403 1477 2493 1546 qui
2526 1491 2682 1532 sacro
2715 1476 2901 1530 morbo
2945 1477 3184 1545 corrupti
3212 1485 3355 1535 sunt,

1797 1581 1850 1624 et
1883 1570 1950 1624 ad
1979 1584 2198 1624 carnem
2235 1584 2428 1638 usque,
2457 1579 2621 1638 atque
2646 1582 2788 1632 ossa,
2820 1577 2873 1622 et
2904 1567 3163 1622 medullas
3195 1566 3356 1637 (quod

1797 1659 2119 1730 quibusdam
2156 1658 2437 1728 Scriptura
2471 1659 2516 1690 ⁶⁹
2549 1657 2819 1729 minatur)
2855 1657 3002 1712 exesi
3031 1657 3361 1724 consumpti—

1797 1770 1924 1824 que,
1964 1763 2127 1822 atque
2162 1754 2229 1805 ab
2253 1752 2356 1805 hoc
2386 1766 2713 1812 acrumnoso,
2747 1758 2800 1805 ct
2830 1749 3074 1818 abjecto,
3103 1763 3166 1802 ac
3195 1748 3359 1801 inlido

129 1835 212 1888 καὶ
239 1835 318 1897 ῶς
352 1835 788 1906 συκγληρονόμον
812 1837 1136 1909 αἰσχύνομαι
1158 1857 1170 1870 ·
1204 1839 1362 1910 τῆξαι
1385 1840 1688 1909 φιλονεικῶ,

1805 1861 2023 1916 corpore
2049 1844 2243 1914 proditi
2271 1863 2283 1897 :
2313 1843 2398 1898 cui
2439 1859 2674 1912 quonam
2704 1843 2864 1896 modo
2894 1842 3214 1910 coniunctus
3233 1843 3357 1904 sim,

123 1929 210 1981 καὶ
242 1929 344 1982 οὐκ
373 1929 479 2001 ἔχω
519 1931 624 1982 τίνι
652 1931 892 2002 συνεργῷ
921 1933 1056 2003 πρὸς
1083 1932 1151 1986 τὰ
1189 1933 1450 1988 κάλλιστα
1479 1936 1694 2005 χρήσω-

122 2037 219 2088 ςμαι
245 2019 382 2090 (52),
415 2021 490 2083 ῶς
514 2020 668 2084 εἰδὼς
694 2025 773 2086 εἰς
806 2022 834 2074 ὂ
867 2023 1086 2092 γέγονα,
1124 2025 1216 2078 καὶ
1246 2025 1326 2078 ὃτι
1353 2025 1433 2078 δεῖ
1459 2042 1525 2094 με
1558 2025 1694 2096 πρὸς

130 2111 251 2163 Θεὸν
271 2111 536 2181 ἀναϐῆναι
561 2113 647 2166 διὰ
670 2112 778 2166 τῶν
812 2114 1060 2184 πράξεων
1092 2116 1226 2185 (55).

119 2211 320 2260 etcum
344 2204 484 2259 bello
512 2206 791 2274 premitur,
825 2221 1059 2262 mrerorc
1087 2223 1171 2262 me
1196 2209 1359 2264 allicit
1389 2227 1404 2263 :
1435 2213 1600 2278 quod,
1667 2219 1723 2263 et
1763 2217 1820 2262 ut
1874 2225 2199 2264 conservum
2254 2224 2379 2264 amo
2401 2250 2417 2274 ,

1801 1938 1942 1991 haud
1981 1936 2228 2004 equidem
2265 1935 2407 1989 scio:
2453 1950 2553 1989 nec
2592 1949 2698 2002 quo
2726 1935 2888 1988 etiam
2933 1941 3087 2003 pacto
3121 1932 3280 1988 simul
3307 1943 3362 1986 et

1802 2029 1977 2096 imago
2029 2027 2122 2080 Dei
2178 2027 2310 2087 sim,
2365 2035 2419 2080 et
2467 2041 2586 2080 cum
2619 2040 2774 2080 emno
2819 2025 3028 2079 voluter
3059 2043 3072 2078 :
3103 2028 3267 2094 quod,
3301 2033 3355 2077 et

1801 2133 1922 2172 cum
1957 2117 2179 2186 pulchra
2220 2117 2525 2171 valetudine
2567 2118 2783 2185 gaudet,
2816 2115 2956 2169 bello
3003 2130 3086 2170 me
3117 2115 3356 2178 lacessit,

2493 2217 2548 2262 et
2611 2217 2672 2261 ut
2728 2207 3008 2261 inimicum
3055 2206 3141 2260 odi
3201 2212 3361 2270 atque

131 2311 382 2352 aversor:
412 2297 572 2365 quod,
599 2308 652 2354 et
687 2309 746 2353 ut
769 2299 1034 2354 vinculum
1072 2301 1241 2370 fugio,
1302 2311 1354 2357 et
1423 2311 1481 2355 ut
1511 2303 1752 2356 colueres
1791 2316 2037 2356 veneror.
2093 2301 2152 2354 Si
2215 2301 2499 2355 debilitare
2554 2300 2680 2355 illud
2728 2310 2781 2354 et
2819 2298 3086 2354 coniicere
3144 2297 3356 2355 studeo.

127 2390 225 2456 jam
264 2406 370 2444 non
421 2391 615 2454 habeo,
682 2407 788 2461 quo
845 2394 995 2448 socio
1042 2403 1096 2448 et
1135 2395 1459 2463 opitulatore
1499 2397 1564 2449 ad
1603 2410 1686 2450 res
1725 2394 2168 2464 prreclarissimas
2235 2403 2374 2458 utar,
2439 2393 2690 2447 nimirum
2734 2392 2871 2446 haud
2909 2391 3166 2459 ignorans
3195 2402 3358 2457 quam

119 2483 189 2536 ob
216 2495 437 2535 causam
470 2493 782 2550 procreatus
808 2484 908 2537 sim
931 2523 947 2546 ,
997 2485 1247 2554 quodque
1274 2499 1356 2540 me
1381 2500 1476 2554 per
1501 2487 1742 2541 actiones
1785 2486 1850 2539 ad
1899 2487 2064 2540 Deum
2094 2487 2385 2542 ascendere
2412 2493 2661 2554 oporteat

191 2577 264 2629 Z'.
297 2577 552 2649 Φείδομαι
588 2580 662 2642 ὡς
696 2579 978 2651 συνεργοῦ,
1007 2581 1099 2634 καὶ
1127 2582 1227 2635 οὐκ
1255 2582 1359 2653 ἔχω
1394 2583 1510 2646 πῶς
1540 2584 1696 2653 φύγω

128 2668 215 2737 τὴν
243 2667 632 2732 ἐπανάστασιν,
666 2670 698 2741 ἢ
741 2669 856 2732 πῶς
891 2669 964 2738 μὴ
997 2669 1106 2722 ἀπὸ
1157 2669 1291 2724 Θεοῦ
1343 2672 1494 2725 πέσω
1526 2671 1695 2744 βαρη-

127 2759 234 2822 θεὶς
283 2762 408 2822 ταῖς
441 2759 627 2824 πέδαις
685 2760 1092 2826 κατασπώσαις,
1141 2761 1561 2834 ἢκατεχούσαις
1617 2767 1695 2828 είς

127 2851 336 2920 ἔδαφος.
390 2852 610 2922 Ἐχθρός
639 2853 784 2905 ἐστιν
819 2853 1074 2923 εὐμενὴς,
1104 2854 1197 2905 καὶ
1217 2853 1366 2922 φίλος
1392 2855 1692 2918 ἐπίϐουλος.

133 2943 188 2994 Ὠ
221 2943 336 3012 (54)
356 2943 454 3012 τῆς
483 2943 740 3012 συζυγίας
771 2943 864 2997 καὶ
893 2944 991 3014 τῆς
1025 2943 1430 3015 ἀλλοτριώσεως
1457 2947 1468 2998 !
1509 2947 1573 2997 Ὃ
1595 2963 1693 3013 φο-

113 3034 324 3104 ·6οῦμαι
371 3034 615 3106 περιέπω
670 3035 802 3105 (55),
870 3037 961 3089 καὶ
994 3036 1022 3089 ὃ
1053 3038 1261 3110 στέργῶ
1302 3039 1694 3109 δέδοικαοπρὶν

1872 2583 1982 2638 VII.
2023 2583 2120 2639 Sin
2160 2594 2348 2640 contra
2381 2593 2440 2638 ut
2467 2599 2590 2638 cum
2628 2583 2774 2637 socio
2809 2591 2863 2635 et
2893 2581 3140 2649 adiutore
3174 2578 3358 2633 mitius

1800 2689 1977 2744 agam,
2026 2673 2172 2728 nulla
2221 2672 2332 2741 jam
2378 2673 2516 2727 ratio
2571 2671 2827 2735 occurrit,
2889 2686 2994 2740 qua
3049 2667 3361 2728 rebellantis

1800 2768 2056 2837 impetum
2087 2767 2308 2836 fugiam,
2344 2775 2502 2834 atque
2526 2779 2556 2818 a
2586 2764 2693 2817 Deo
2718 2779 2821 2817 non
2849 2763 3116 2827 excidam,
3142 2774 3364 2830 cumpe-

1801 2859 1958 2912 dibus
1995 2858 2336 2928 degravatus,
2371 2856 2454 2910 vel
2496 2856 2548 2910 in
2587 2865 2783 2909 terram
2820 2853 3252 2920 detralteutibus,
3280 2851 3363 2904 vel

1802 2951 1854 3002 in
1885 2964 1948 3003 ea
1976 2949 2356 3003 detinentibus.
2396 2946 2583 3002 Hostis
2615 2955 2696 3002 est
2722 2946 2951 3000 blandus
2999 2956 3050 3000 et
3097 2946 3358 3016 placidus,

1804 3041 2095 3096 insidiosus
2131 3041 2357 3095 amicus.
2389 3041 2431 3096 0
2471 3040 2668 3094 miram
2694 3040 3127 3108 conjunctionem
3161 3050 3216 3094 et
3243 3039 3364 3092 alie-

126 3128 453 3199 πολεμῆσαι,
504 3128 980 3200 κιιιταλλάσσομτιιι⁸
1039 3131 1134 3183 καὶ
1181 3132 1308 3202 πρὶν
1363 3131 1688 3203 εἰρηνεῦσαι,

1805 3135 2098 3188 nationem!
2128 3133 2278 3199 Quod
2307 3143 2509 3196 metuo,
2533 3132 2863 3202 amplector;
2893 3133 3034 3203 quod
3067 3146 3212 3195 amo,
3243 3147 3362 3201 pcr-

111 3223 419 3292 -διίσταμαι.
453 3222 548 3285 Τίς
597 3223 788 3294 ἠπερὶ
831 3223 929 3292 ἐμὲ
961 3223 1154 3292 σοφία;
1206 3224 1298 3276 καὶ
1354 3223 1406 3276 τί
1460 3223 1520 3276 τὸ
1553 3224 1692 3294 μέγα

123 3315 273 3367 τοῦτο
318 3315 614 3385 μυστήριον
648 3315 792 3385 (56);
837 3316 906 3367 Ἢ
933 3314 1176 3384 βούλεται
1212 3319 1404 3386 μοῖραν
1433 3319 1463 3387 ή
1475 3318 1579 3386 μᾶς
1610 3315 1694 3370 ὅν-

120 3429 214 3475 τας
237 3411 400 3474 Θεοῦ,
461 3413 555 3466 καὶ
607 3413 811 3467 ἄνωθεν
865 3413 1181 3484 ρεύσαντας,
1233 3413 1320 3466 ἵνα
1362 3412 1550 3484 μὴδιά
1595 3412 1694 3484 τὴν

121 3504 274 3569 ἀξίαν
329 3506 680 3576 ἐπαιρόμενοι
732 3505 825 3558 κοιλ¹
871 3505 1320 3576 μετεωριζόμεναι
1363 3505 1472 3574 (57)
1523 3521 1692 3558 κατα-

123 3597 412 3667 φρονῶμεν
445 3595 539 3650 τοῦ
570 3596 874 3658 κτίσαντος.
914 3599 970 3648 ἐν
999 3599 1063 3667 τῇ
1097 3597 1232 3667 πρὸς
1265 3596 1326 3648 τὸ
1359 3595 1514 3666 σῶμα
1548 3596 1692 3668 πάλῃ

123 3689 209 3740 καὶ
438 3687 574 3757 πρὸς
611 3687 771 3739 αὐτὸν
815 3687 900 3740 ἀεὶ
938 3685 1173 3755 βλέπειν,
1204 3687 1296 3738 καὶ
1325 3687 1420 3758 τὴν
1448 3687 1696 3750 συνεζευ-

121 3781 328 3850 γμένην
362 3777 644 3832 ἀσθένειαν
670 3777 1040 3846 παιδαγωγίαν
1069 3772 1206 3830 εἶναι
1229 3776 1322 3830 τοῦ
1356 3776 1689 3848 ἀξιώματος·

121 3873 203 3924 ἴνα
242 3871 479 3941 εἰδῶμεν
517 3869 628 3939 (58)
663 3870 710 3922 oi
745 3869 896 3922 αὐτοὶ
926 3869 1166 3939 μέγιστοί
1203 3886 1264 3921 τε
1292 3868 1442 3932 ὄντες
1484 3871 1576 3922 καὶ
1595 3887 1694 3923 τα-

120 3964 451 4025 πεινότατοι,
492 3962 722 4030 ἐπίγειοι
773 3961 866 4013 καὶ
921 3961 1177 4033 οὐράνιοι,
1233 3960 1558 4032 πρόσκαιροι
1601 3960 1694 4014 καὶ

120 4055 402 4119 ἀθάνατοι,
433 4053 755 4126 κληρονόμοι
784 4053 958 4121 φωτὸς
982 4053 1076 4105 καὶ
1105 4052 1296 4123 πυρὸς,
1331 4052 1431 4105 εἴτ’
1460 4049 1551 4106 οὖν
1579 4053 1696 4106 σκό-

115 4163 262 4210 τους,
287 4147 566 4215 ὁποτέρως
587 4145 694 4216 (59)
726 4144 789 4198 ἂν
815 4145 1122 4215 νεύσωμενς
1149 4144 1398 4197 Τοιοῦτον
1425 4145 1483 4198 τὸ
1505 4147 1694 4217 κρᾶμα

119 4239 298 4309 ἡμῶν,
357 4239 449 4297 καὶ
479 4237 566 4290 διά
605 4237 793 4297 ταῦτα,
830 4237 904 4300 ὡς
946 4237 1074 4305 γοῦν
1132 4237 1252 4307 ἐμοὶ
1285 4237 1690 4306 καταφαίνεται,

115 4333 179 4384 ἶν’
205 4335 344 4387 ὅταν
377 4329 730 4402 ἐπαιρὼμεθα
755 4329 843 4382 διὰ
863 4329 958 4400 τήν
994 4330 1195 4393 εἰκόνα,
1220 4329 1308 4382 διὰ
1333 4329 1423 4381 τὸν
1447 4329 1573 4400 χοῦν
1605 4348 1695 4383 συ-

115 4422 691 4495 στελλώμεθα.Ταῦτα
709 4422 806 4492 μὲν
837 4416 928 4474 οὖν
950 4423 977 4473 ὁ
999 4420 1314 4492 βουλόμενος
1343 4421 1451 4494 (60)
1483 4423 1695 4490 φιλοσο-

1802 3227 2043 3282 timesco.
2092 3226 2395 3295 Antequam
2453 3225 2652 3280 bellum
2703 3227 2983 3296 gesserim,
3040 3225 3094 3279 in
3130 3225 3360 3295 gratiam

1801 3321 2002 3386 redeo;
2035 3327 2329 3388 antequam
2367 3333 2500 3389 pace
2530 3318 2700 3382 fruar,
2731 3319 2797 3373 ab
2824 3333 2887 3372 eo
2927 3317 3184 3372 dissideo.
3219 3316 3364 3383 Qua-

1801 3428 1924 3466 nam
1954 3413 2242 3481 sapientia,
2291 3426 2530 3482 quonam
2575 3426 2769 3478 magno
2803 3420 2856 3464 et
2895 3425 3094 3464 arcano
3133 3409 3362 3463 consilio

1802 3504 1928 3557 inibi
1977 3504 2081 3559 hoc
2130 3503 2376 3558 accidere
2422 3503 2632 3558 dicam?
2692 3504 2773 3556 An
2829 3503 2928 3556 hoc
2959 3501 3099 3556 Deus
3135 3501 3273 3571 agit,
3301 3508 3361 3553 ut

1800 3613 1923 3652 cum
1952 3597 2120 3668 ipsius
2156 3613 2282 3668 pars
2315 3597 2511 3658 simus,
2548 3605 2708 3665 atque
2751 3609 2979 3664 superne
3027 3592 3360 3654 ﬂuxerimus,

1802 3707 1870 3746 ne
1890 3690 1960 3745 ob
1981 3690 2297 3760 dignitatem
2335 3698 2573 3744 nostram
2609 3688 2860 3756 nosipsos
2883 3685 3170 3741 elTerentes
3199 3693 3361 3755 atque

1802 3782 2126 3846 attollentes,
2175 3780 2487 3836 Creatorem
2531 3786 2965 3841 contemnamus,
3011 3777 3064 3829 in
3116 3789 3199 3841 ea,
3243 3789 3363 3845 quae

1802 3873 1955 3929 nobis
1981 3873 2235 3928 adversus
2259 3887 2455 3942 corpus
2476 3882 2580 3938 est,
2626 3871 2766 3926 lucta
2797 3881 2850 3925 et
2879 3870 3250 3934 dimicatione,
3287 3869 3356 3923 ab

1800 3981 1865 4020 eo
1899 3981 2168 4036 nunquam
2199 3965 2381 4022 oculos
2413 3965 2763 4034 dejiciamus;
2816 3970 2977 4032 atque
3011 3964 3085 4017 ita
3130 3963 3357 4017 inlirmi-

1802 4066 1884 4113 tas
1918 4058 2029 4122 illa,
2055 4073 2172 4128 quae
2201 4058 2358 4113 nobis
2383 4057 2628 4127 copulata
2654 4066 2758 4117 est.
2779 4055 3095 4124 dignitatem
3121 4065 3359 4110 nostram

1804 4148 1978 4205 lrcnet
2004 4159 2164 4218 atque
2195 4157 2477 4213 coerceat;
2509 4157 2566 4201 ut
2593 4147 2954 4216 intelligamus
2969 4161 3066 4200 nos
3101 4146 3362 4199 maximos

1802 4241 1959 4296 simul
1990 4249 2148 4312 atque
2180 4241 2338 4312 262
2388 4240 2783 4310 abjcctissimns
2835 4253 2978 4301 esse,
3031 4248 3271 4294 terrenos
3309 4247 3364 4290 et

1802 4335 2073 4399 caelestes,
2106 4335 2339 4390 caducos
2369 4342 2423 4388 et
2447 4331 2799 4394 immortales,
2828 4331 2962 4384 lucis
2984 4337 3036 4383 et
3058 4331 3216 4399 ignis,
3247 4331 3362 4382 sive

1802 4426 1962 4479 etiam
1996 4426 2343 4480 tenebrarum
2377 4424 2642 4483 Incredes,
2681 4432 2838 4491 prout
2881 4423 2933 4476 in
2977 4423 3078 4477 hoc
3108 4422 3187 4477 vel
3229 4421 3356 4475 illud

111 4517 307 4584 φείτω,
362 4515 454 4569 καὶ
480 4517 641 4586 ἡμεῖς
683 4531 746 4582 γε
783 4513 1323 4585 συμφιλοσοφήσομεν
1370 4513 1478 4584 (61)
1511 4514 1688 4567 εὐκαι-

1805 4517 1956 4570 nobis
1981 4518 2311 4586 propendere
2342 4516 2664 4586 contigerit?
2689 4512 2813 4568 llrcc
2832 4523 3012 4568 nostra
3042 4512 3360 4583 temperatio

113 4606 366 4678 ρὸτερον.

179 4743 224 4773 ⁸³
257 4740 372 4796 lsa.
417 4757 474 4805 ι,
516 4739 602 4794 18.

181 4877 305 4948 (48)
327 4876 509 4929 Οὕτω.
537 4873 594 4948 In
608 4873 881 4948 pluribus,
904 4873 1092 4936 οὕτως.

177 4935 303 5016 (49)
340 4950 404 5000 Οἱ
432 4945 566 5012 παρ’
587 4935 784 5008 ἀξίαν.
821 4935 1032 5016 Nicetas
1057 4935 1084 4997 7:
1121 4939 1270 5013 παρὰ
1296 4937 1392 5016 τὴν
1422 4937 1594 5016 τύχην
1621 4935 1689 5016 ἧς

101 5010 249 5090 ἦσάν
281 5010 453 5090 ῖποτε,
510 5010 530 5067 ἒ
560 5024 751 5090 praeter
787 5029 906 5067 eam
961 5010 1213 5090 fortuna!
1239 5010 1598 5090 conditionem
1634 5012 1684 5063 in

100 5077 207 5158 qua
247 5077 530 5158 quondam
561 5077 929 5158 versabantur.
960 5102 979 5134 ι
1032 5083 1195 5158 Docet
1250 5080 1336 5133 hic
1374 5077 1684 5158 Gregorius,

98 5148 196 5213 eos
239 5148 345 5228 q'ui
382 5155 644 5228 exraltiuri
676 5154 948 5228 dignitatis
973 5162 1029 5228 et
1067 5148 1564 5228 fortnam-grailunin
1590 5153 1689 5202 mi-

99 5218 314 5284 seriar'n
377 5226 580 5288 delapsi
619 5218 767 5285 sunt,
836 5224 1018 5290 majori
1071 5221 1429 5290 miseratione
1467 5218 1682 5290 dignos,

96 5316 270 5368 quam
318 5313 418 5352 eos
451 5286 542 5365 qui
596 5295 755 5368 rebus
784 5286 1023 5368 adversis
1065 5301 1214 5368 _su_nt
1237 5287 1454 5343 assueti.
1499 5304 1517 5337 ι
1542 5286 1685 5342 Nihil

95 5361 248 5423 enim
290 5378 384 5423 est
430 5361 537 5419 tam
597 5363 924 5428 miserabile,
955 5383 972 5416 ι
1030 5362 1104 5415 ait
1127 5361 1340 5423 Cicero,
1399 5371 1597 5426 «quam
1620 5373 1687 5412 ex

91 5442 266 5495 beato
299 5438 490 5508 miser.
521 5454 540 5487 ι
569 5435 686 5488 Bill.
726 5443 961 5508 (praeter
988 5433 1318 5508 dignitatem.
1345 5445 1364 5480 ι
1462 5498 1475 5508 _
1589 5497 1620 5508 γ’

165 5510 297 5592 (50)
369 5507 665 5561 Ἀπίστου.
731 5498 880 5560 Coll).
941 5505 992 5566 1,
1042 5498 1339 5571 ἀπλήστου,
1407 5516 1426 5549 ι
1462 5498 1686 5552 insatia-

92 5579 211 5634 bili.
241 5599 265 5632 a

189 5650 295 5714 51)
343 5647 747 5716 Συμφύρομαι.
782 5644 1205 5716 «7Commiscear.
1232 5659 1249 5692 ι

189 5651 295 5714 51)
343 5651 747 5716 Συμφύρομαι.
782 5665 800 5696 ι
825 5651 1205 5698 Commiscear.
1232 5659 1249 5692 ι

160 5651 293 5787 (52)
332 5719 672 5786 Χρήσωμαι.
699 5717 788 5787 ξῄἰιε
812 5715 948 5787 Reg:
978 5713 1222 5787 ltu.‘Alii,
1253 5711 1544 5787 χρήσομαι..

334 5776 583 5842 aiens}
601 5776 1049 5854 πράξεωνῖίὶυς.
1083 5785 1153 5840 hu
1182 5792 1233 5838 et
1254 5776 1444 5844 ﬂabra,
1472 5776 1683 5846 δι’ἁγα-

1808 4618 1907 4673 est,
1945 4617 2104 4678 atque
2148 4608 2216 4663 ob
2265 4609 2362 4662 bas
2407 4622 2622 4672 causas,
2679 4616 2935 4676 quantum
2988 4607 3199 4675 quidem
3248 4605 3360 4674 ipse

1790 4872 2196 4946 OtIJYV‘iltpc'ngui‘l,
2231 4889 2370 4946 (per
2398 4874 2544 4946 bona
2563 4889 2744 4946 opera.
2779 4891 2796 4924 ι

1860 4937 1982 5015 (54)
2007 4937 2097 4998 Ὤ.
2127 4945 2216 5015 Sic
2250 4937 2377 5015 Reg.
2404 4945 2496 4999 hu.
2535 4937 2672 4999 Editi
2700 4959 2848 5009 vero,
2872 4937 2937 4999 ὦ.

1862 5012 1973 5087 (55)
2002 5013 2283 5087 Περιέπωε
2328 5012 2349 5066 ἱ
2383 5015 2577 5087 Foveo,
2603 5029 2751 5068 curo.
2787 5033 2806 5087 ι

1858 5083 1966 5156 (56)
2014 5086 2072 5138 Τί
2096 5087 2161 5138 τὸ
2205 5084 2357 5154 μέγα
2395 5085 2569 5156 τοῦτο
2612 5084 2987 5154 μυστήριον;
3041 5083 3357 5150 «Quodnam

1789 5155 1888 5210 hoc
1915 5170 2163 5223 magnum
2195 5155 2541 5224 mysterium?
2563 5175 2580 5207 ι

1884 5227 1972 5290 57)
2000 5225 2108 5278 Καὶ
2135 5223 2626 5295 μετεωριζόμενοι.
2678 5223 2803 5279 Haec
2841 5225 3032 5280 desunt
3061 5224 3124 5295 in
3150 5224 3280 5292 Reg.
3306 5239 3355 5280 c.

1885 5295 1973 5366 58)
2001 5295 2135 5366 Ἵνα
2160 5294 2598 5366 εὶδῶμενζῐίρε.
2633 5306 2881 5364 quatuor,
2912 5294 3260 5366 ἴνίείδῶμεν.

1795 5363 1973 5491 (his?)
2022 5363 2364 5433 Ὀποτέρώς.
2413 5367 2504 5422 Or.
2536 5363 2591 5431 Ξ,
2640 5363 2930 5439 ὁπωτέρως
2981 5363 3357 5436 [haudemen-

1887 5455 1915 5490 e
1948 5475 1960 5490 .
2243 5470 2248 5478 -

1868 5447 1960 5490 tel.
2243 5470 2248 5478 -

2019 5505 2080 5560 ’0
2105 5470 2498 5575 βουλόμενος.
2557 5504 2647 5561 Sic
2677 5516 2908 5577 quatuor
2943 5505 3112 5575 Regii.
3143 5504 3302 5559 Deest
3330 5505 3358 5557 ὁ

1797 5595 1846 5630 ΠΙ
1874 5595 1903 5630 ε
1946 5617 1959 5630 ο

1796 5595 1846 5631 ιη
1874 5595 1959 5630 ea.

1865 5648 1974 5715 (61)
2012 5645 2654 5716 Συμφιλοσοεε-ήσομεν.
2701 5646 2832 5719 Reg.
2873 5647 2984 5712 bm,
3034 5643 3357 5717 συμφιλοσο-

1794 5719 2070 5789 φήσωμεν.

3131 5791 3136 5818 l
