3844 6390
522 308 623 366 867

1749 309 1804 364 S.
1836 307 2164 365 GREGORII
2203 310 2549 369 THEOLOGI
3074 316 3079 323 ’
3602 332 3677 389 868

523 427 831 498 prospicere
895 444 1133 497 possum,
1178 438 1233 482 nt
1298 443 1419 483 cum
1469 426 1718 497 imaginis
1746 429 1978 497 dignitas
2009 432 2160 487 nobis
2198 433 2407 488 animos
2440 434 2713 498 extulerit,
2761 432 2935 502 pulvis
2984 437 3197 489 eosdem
3248 438 3491 505 deprimat
3523 456 3681 503 contra-

525 521 742 590 hatque.
771 519 875 574 Sed
906 520 971 573 de
1006 519 1087 573 his
1125 519 1218 590 qui
1288 520 1429 573 volet
1456 518 1883 589 philosorihetur,
1926 536 2129 590 nosque
2166 522 2326 613 etiam
2359 524 2724 579 commodiore
2759 533 3001 593 tempore
3048 527 3207 581 simul
3237 528 3677 598 philosophabimur,

593 612 727 669 VIII.
778 611 930 667 Nunc
960 626 1108 677 vero,
1136 614 1277 681 quod
1306 611 1453 666 carni
1486 624 1637 678 mea),
1668 626 1904 681 meaeque
1930 612 2081 666 inlir‘

2191 611 2200 613 “
2270 615 2351 667 Η’.
2380 616 2515 669 Νυνὶ
2564 615 2641 678 δὲ,
2691 616 2833 686 ὃμοι
2876 616 3053 685 λέγειν
3109 620 3138 671 ὁ
3175 618 3330 685 λόγος
3378 618 3585 695 ὥρμησε,
3607 633 3684 687 τῶν

524 704 698 758 mitati
723 704 777 756 in
807 702 1032 756 aliorum
1065 700 1461 757 calamitatibus
1483 701 1888 766 condolescens,
1912 702 2089 756 dicere

527 790 897 853 institueram,
973 787 1277 842 faciendum
1333 786 1489 841 nobis
1547 776 1665 852 est»,
1733 786 1960 851 fratres,
2031 797 2089 841 ut

524 890 810 948 cognatum
841 888 895 933 et
927 893 1247 932 conservum
1281 892 1476 946 corpus
1502 893 1783 941 curemus;
1820 880 1919 933 etsi
1945 879 2086 933 enim

525 972 652 1026 illud
690 979 745 1024 ut
778 972 1050 1025 inimicum
1080 970 1443 1024 accusaverim
1489 968 1557 1022 ob
1595 984 1686 1023 eas
1740 986 1875 1039 quas
1936 970 2089 1025 all'ert

523 1064 688 1118 animi
736 1062 1202 1132 perturbationes,
1264 1070 1440 1115 tamen
1477 1070 1697 1129 propter
1737 1063 2087 1117 connexionis

516 1150 681 1221 hujus
704 1163 1000 1216 auctorem,
1038 1153 1183 1206 velut
1212 1153 1443 1207 amicum
1480 1154 1827 1221 complector.
1880 1156 1944 1208 Et
1968 1156 2089 1225 qui-

522 1244 643 1299 dem
689 1258 939 1297 curemus
984 1258 1088 1296 non
1147 1242 1322 1296 minus
1358 1242 1585 1296 aliorum
1615 1259 1871 1312 corpora,
1925 1260 2086 1314 quam

522 1351 676 1391 suum
704 1338 927 1404 quisque
957 1350 1170 1400 corpus,
1205 1350 1300 1388 seu
1342 1337 1629 1407 commoda
1662 1334 1968 1390 valetudine
1992 1336 2083 1399 sit,

522 1443 613 1481 seu
642 1427 828 1481 eodem
870 1425 1057 1480 morbo
1088 1435 1456 1480 consumatur.
1502 1425 1697 1479 Omnes
1742 1426 1877 1479 enim
1925 1444 2085 1480 unum

519 1521 573 1571 in
598 1518 818 1572 Domino
835 1535 1032 1579 sumus,
1057 1518 1159 1571 sive
1188 1517 1348 1580 dives,
1372 1518 1474 1569 sive
1497 1532 1717 1584 pauper,
1742 1517 1846 1571 sive
1879 1534 2081 1581 servus,

519 1611 625 1663 sive
652 1610 780 1663 liber
804 1610 870 1674 "°,
906 1608 1018 1662 sive
1053 1622 1239 1672 sanus,
1294 1607 1407 1661 sive
1448 1621 1590 1675 teget
1636 1622 1889 1675 corpore,
1922 1618 2085 1677 atque

520 1718 683 1755 unum
741 1701 983 1755 omnium
1044 1710 1231 1769 caput,
1276 1714 1344 1753 ex
1388 1714 1493 1766 quo
1539 1699 1743 1759 omnia,
1814 1699 2081 1753 Christus.

519 1790 777 1860 Quodque
800 1790 1036 1844 membra
1069 1791 1209 1843 inter
1236 1804 1293 1843 se
1324 1799 1471 1853 sunt,
1515 1790 1617 1843 hoc
1647 1788 1879 1856 quisque
1906 1789 2082 1851 alteri,

518 1892 682 1951 atque
708 1882 957 1937 omnibus
982 1896 1189 1935 omnes.
1221 1880 1298 1933 Ac
1326 1881 1551 1948 proinde
1587 1880 1805 1933 minime
1834 1881 2084 1934 commit-

2188 705 2335 775 ἐμῶν
2366 705 2744 776 περιαλγοῦντι
2774 707 3012 776 σαρκῶν,
3054 708 3147 760 καὶ
3172 710 3272 778 τῆς
3309 709 3439 779 ἐμῆς
3467 715 3684 787 ἀσθενείας

2189 799 2245 850 ὲν
2272 797 2567 868 ἀλλοτρίοις
2597 797 2814 864 πάθεσι,
2859 798 3243 870 θεραπευτέον,
3288 798 3506 870 ἀδελφοὶ,
3524 807 3575 860 τὸ
3592 827 3685 881 συγ-

2188 887 2345 954 γενὲς
2392 888 2485 941 καὶ
2539 887 2842 957 ὁμόδουλον.
2878 888 2937 941 Ei
2967 890 3076 959 γὰρ
3104 890 3198 940 καὶ
3222 890 3296 952 ὡς
3317 890 3494 962 ἐχθροῦ
3512 906 3687 971 mind.

2191 996 2333 1050 ρησα
2360 978 2448 1031 διὰ
2474 979 2535 1031 τὸ
2586 978 2756 1043 πάθος
2781 978 2917 1050 (62),
2949 979 3087 1033 ἀλλά
3107 982 3199 1033 καὶ
3219 981 3294 1044 ὼς
3323 981 3467 1049 φίλου
3497 995 3688 1062 περιέχο-
3764 1058 3769 1063 _

2191 1086 2288 1139 μαι
2327 1070 2415 1123 διὰ
2435 1070 2526 1123 τὸν
2553 1072 2886 1142 συνδήσαντα
2908 1088 2927 1105 ο
2962 1073 3056 1125 καὶ
3084 1072 3439 1143 θεραπευτέον
3474 1081 3557 1149 οὑχ
3573 1079 3690 1155 ἦττον

2186 1160 2255 1212 τὰ
2280 1160 2387 1213 τῶν
2413 1161 2523 1233 (65)
2556 1162 2802 1234 πλησίον,
2848 1164 2881 1234 ἢ
2930 1164 3158 1218 ἕκαστον
3193 1164 3302 1235 (64)
3339 1167 3398 1218 τὸ
3416 1169 3595 1238 ἑαυτοῦ,
3615 1178 3693 1229 τῶν

2186 1256 2246 1301 τε
2280 1250 2649 1317 ὑγιαινόντων,
2682 1252 2776 1304 καὶ
2824 1252 2932 1305 τῶν
2981 1253 3085 1306 ὑπὸ
3124 1254 3223 1324 τῆς
3268 1255 3433 1323 αὐτῆς
3458 1259 3553 1329 (65)
3576 1266 3691 1320 νόσου

2186 1338 2608 1410 δαπανωμένων.
2641 1341 2869 1408 Πάντες
2922 1344 3033 1412 γὰρ
3083 1343 3152 1396 ἓν
3208 1344 3393 1411 ἐσμεν
3431 1346 3493 1398 ἐν
3530 1349 3695 1420 Κυρίῳ,

2184 1437 2303 1490 εἴτε
2345 1439 2659 1503 πλούσιος,
2723 1437 2844 1490 εἴτε
2910 1438 3117 1504 πένης,
3176 1440 3294 1493 εἴτε
3353 1440 3569 1508 δοῦλος,
3607 1450 3694 1501 εἶτε

2184 1528 2516 1597 ἐλεύθερος,
2566 1530 2673 1582 εἴτε
2732 1520 3006 1597 ὑγιαίνων,
3035 1531 3143 1583 εἴτε
3203 1533 3452 1603 πονηρῶς
3492 1535 3606 1603 ἔχων
3627 1542 3693 1592 τοῦ

2188 1618 2437 1688 σώματος
2459 1636 2472 1649 ·
2509 1621 2603 1673 καὶ
2641 1620 2738 1690 μία
2760 1620 2969 1691 κεφαλὴ
3016 1621 3250 1685 πάντων,
3284 1622 3342 1687 ἐξ
3375 1618 3432 1675 οὑ
3456 1624 3517 1675 τὰ
3544 1626 3693 1690 πάντα,

2187 1706 2448 1778 Χριστός·
2502 1712 2596 1763 καὶ
2620 1711 2756 1781 ὅπερ
2818 1713 2963 1764 ἐστὶν
3012 1712 3260 1782 ἀλλήλοις
3304 1714 3375 1766 τὰ
3409 1714 3550 1785 μέλη,
3581 1718 3696 1770 τοῦτο

2185 1798 2413 1862 ἕκαστος
2462 1801 2698 1871 ἑκάστῳ,
2748 1802 2842 1855 καὶ
2888 1804 3054 1855 πᾶσιν
3082 1802 3317 1867 ἅπαντες
3336 1820 3351 1834 ·
3383 1802 3558 1859 οῦκουν
3584 1825 3697 1878 περι-

2185 1891 2394 1954 οπτέον,
2438 1891 2557 1945 οὑδὲ
2594 1893 2893 1965 ἀμελητέον
2927 1894 3037 1946 τῶν
3070 1896 3513 1965 προεμπεσόντων
3538 1902 3604 1961 εἱς
3629 1902 3697 1971 τὴν

520 1975 735 2028 tendum
772 1983 870 2035 est,
903 1984 958 2027 ιιι
984 1988 1094 2039 eos,
1126 1972 1215 2040 qui
1252 1973 1402 2041 prius
1454 1971 1506 2025 in
1557 1985 1899 2026 communem
1929 1970 2081 2025 inﬁr-

2191 1980 2371 2051 κοινὴν
2413 1962 2731 2036 ἀσθένειαν
2759 1962 2895 2037 οὑδὲ
2955 1962 3263 2054 ἀγαπητέον
3292 1986 3507 2055 μᾶλλον,
3555 1992 3620 2043 ὅτι
3658 1962 3699 2045 ἐι

520 2065 759 2120 mitatem
800 2065 1125 2129 inciderunt,
1156 2070 1563 2119 contemnamus
1601 2068 1655 2115 et
1717 2061 2085 2133 negligamus;

515 2172 617 2213 nec
656 2158 825 2227 magis
854 2156 1191 2226 gaudendum
1246 2154 1407 2208 nobis
1456 2163 1559 2219 est,
1611 2152 1755 2221 quod
1804 2153 2085 2207 commoda

518 2248 823 2303 valetudine
856 2249 1082 2311 utimur,
1144 2260 1307 2316 quam
1364 2244 1672 2313 lugendum,
1724 2244 1864 2313 quod
1891 2242 2089 2298 fratres

517 2342 714 2396 misera
741 2350 793 2395 et
820 2339 1034 2395 alllicta.
1076 2338 1216 2405 Quin
1246 2338 1424 2407 potius
1465 2336 1537 2389 ita
1577 2334 1892 2390 existimare
1927 2335 2088 2390 debe-

2184 2071 2313 2139 ἡμῖν
2343 2070 2455 2141 ἔχει
2481 2070 2590 2143 (66)
2644 2072 2716 2126 τὰ
2745 2074 2989 2144 σώματα,
3042 2075 3074 2145 ἢ
3106 2075 3420 2145 πενθητέον,
3456 2080 3529 2131 ὃτι
3551 2080 3700 2145 ἀθλίως

2183 2160 2295 2220 τοῖς
2324 2158 2569 2228 ἀδελφοῖς
2587 2178 2600 2190 ·
2636 2162 2729 2214 καὶ
2754 2163 3002 2233 ἡγεῖσθαι
3030 2165 3159 2235 μίαν
3175 2166 3470 2233 ἀσφάλειαν
3499 2165 3704 2223 εἶναιτῶν

2184 2246 2466 2318 ἡμετέρων
2498 2250 2718 2320 σαρκῶν
2746 2251 2839 2304 καὶ
2856 2250 3064 2321 ψυχῶν,
3093 2252 3190 2323 τὴν
3213 2255 3293 2317 είς
3317 2254 3547 2318 ἐκείνους
3560 2257 3701 2325 φιλανο

2186 2336 2431 2415 θρωπίαν
2450 2356 2464 2370 ’
2502 2341 2791 2411 σκοπῶμεν
2822 2341 2879 2394 δὲ
2902 2342 3092 2407 οὕτως.
3556 2346 3561 2349 ’

518 2451 655 2501 ιιιιιε,
683 2436 862 2491 carnis
890 2445 941 2489 et
964 2434 1272 2489 animarum
1309 2441 1615 2486 nostrarum
1648 2430 1877 2485 salutem
1904 2430 1956 2483 in
1988 2429 2091 2485 hoc
2133 2446 2238 2487 uno
2260 2435 2489 2503 positam
2521 2450 2661 2501 esse,
2712 2447 2769 2491 ut
2802 2451 2895 2492 eos
2930 2437 3262 2494 humanitate
3331 2455 3397 2495 ac
3456 2443 3706 2498 misericor-

517 2532 603 2587 dia
635 2546 1037 2601 prosequamur.
1071 2530 1159 2584 Sic
1182 2537 1363 2583 autem
1389 2526 1815 2582 consideremus.

586 2622 678 2676 IX.
732 2622 835 2677 Alii
890 2623 1103 2689 quidem
1162 2622 1265 2675 hoc
1306 2619 1422 2674 solo
1479 2618 1696 2672 nomine
1747 2617 2084 2675 miserabiles

517 2722 662 2778 sunt,
695 2713 836 2781 quod
863 2714 1040 2781 inopia
1084 2712 1347 2774 laborent,
1372 2724 1533 2778 quam
1563 2707 1813 2773 fortasse,
1843 2707 1928 2763 vel
1952 2716 2085 2764 tem-

520 2819 637 2875 pus,
670 2804 754 2858 vel
780 2805 947 2868 labor,
982 2804 1060 2856 vel
1090 2804 1315 2865 amicus,
1343 2801 1429 2855 vel
1453 2800 1802 2869 propinquus,
1836 2799 1918 2853 vel
1951 2806 2083 2853 tem-

521 2895 663 2964 poris
717 2894 943 2948 mutatio
987 2892 1266 2947 sustulerit
1311 2910 1323 2945 :
1368 2890 1454 2944 liis
1507 2899 1682 2943 autem
1741 2887 2089 2943 nihilominus

522 2991 633 3042 haec
696 3002 906 3055 quoque
942 2984 1120 3055 gravis
1173 2992 1275 3047 est,
1335 2983 1446 3037 imo
1496 2997 1561 3037 eo
1628 2982 1789 3035 etiam
1843 2979 2083 3050 gravior,

2253 2621 2330 2675 ϐ’.
2358 2620 2482 2685 Τοῖς
2512 2622 2609 2691 μὲν
2634 2620 2813 2684 ἄλλοις
2844 2620 2902 2675 ἒν
2937 2621 3097 2691 μόνον
3120 2622 3373 2687 ἐλεεινὸν,
3405 2625 3464 2677 τὸ
3491 2626 3577 2692 τῆς
3608 2627 3705 2679 ἀπο-

2192 2713 2313 2783 ρίας
2337 2730 2351 2741 ·
2396 2712 2425 2764 ὃ
2456 2714 2571 2783 τάχ’
2594 2712 2662 2766 ἂν
2705 2712 2814 2785 (67)
2844 2714 2875 2784 ἢ
2911 2714 3120 2783 χρόνος,
3151 2714 3184 2785 ἢ
3238 2715 3423 2779 πόνος,
3462 2717 3492 2786 ἢ
3524 2716 3707 2787 (pingi

2193 2802 2474 2873 συγγενὴς,
2505 2804 2538 2874 ἢ
2575 2801 2766 2874 καιροῦ
2822 2802 3090 2873 μεταϐολὴ
3140 2802 3364 2858 λύσαιεν
3396 2805 3519 2874 (68).
3550 2808 3709 2870 Τοῖς

2183 2892 2339 2945 τοῦτο
2367 2894 2464 2963 μὲν
2491 2893 2702 2957 οὐδενὸς
2735 2889 2919 2965 ἦττον,
2959 2895 3007 2945 εί
3046 2893 3119 2964 μὴ
3150 2895 3245 2948 καὶ
3279 2895 3503 2964 μᾶλλον,
3533 2898 3626 2967 ὅσῳ
3641 2898 3711 2950 τοῦ

2184 2987 2364 3038 πονεῖν
2413 2986 2507 3038 καὶ
2541 2986 2756 3057 βοηθεῖν
2784 2987 2997 3049 ἑαυτοῖς
3032 2987 3131 3038 οὑκ
3168 2986 3388 3056 ἔχουσιν
3412 2988 3539 3059 (69),
3582 2994 3647 3053 είς
3664 2992 3717 3042 τὰ

515 3080 656 3147 quod
684 3094 787 3133 una
828 3093 946 3133 cum
972 3093 1132 3131 carne
1158 3118 1173 3142 ,
1206 3086 1257 3130 et
1289 3076 1487 3130 laboris
1520 3074 1872 3143 suscipiendi,
1903 3083 1957 3128 ct
1984 3072 2081 3127 sibi

2191 3076 2449 3142 Ξιναγκαῖα
2485 3076 2623 3140 μετά
2672 3078 2777 3130 τῶν
2813 3077 3030 3148 σαρκῶν
3063 3077 3395 3149 ἀφῄρηνται,
3440 3082 3531 3136 καὶ
3559 3083 3714 3151 μείζων

515 3172 581 3225 ad
630 3169 964 3225 necessarios
1016 3169 1139 3221 vitae
1199 3182 1326 3221 usus
1382 3179 1538 3236 opem
1597 3164 1802 3219 ferendi
1852 3163 2084 3218 facultas

2180 3168 2266 3219 ἀεὶ
2300 3168 2397 3237 τῆς
2455 3168 2734 3230 ἀσθενείας
2780 3170 2961 3231 αὐτοῖς
2990 3168 3187 3238 μᾶλλον
3229 3170 3257 3221 ὁ
3313 3171 3496 3240 φόϐος,
3534 3173 3717 3242 ἢήτῆς

514 3272 696 3331 erepta
729 3261 820 3325 sit,
858 3261 1134 3327 magisque
1176 3272 1392 3326 semper
1437 3256 1577 3325 apud
1617 3256 1763 3325 ipsos
1798 3253 2081 3325 praevaleat

2191 3260 2373 3328 ὑγείας
2400 3261 2511 3330 (70)
2539 3261 2691 3323 ἐλπίς
2715 3278 2727 3291 ·
2761 3260 2899 3314 ὥστε
2941 3261 3136 3331 μικρὸν
3164 3262 3296 3330 γοῦν
3323 3281 3376 3315 τι
3416 3263 3523 3333 (71)
3554 3262 3717 3332 βοηθεῖ-

517 3354 685 3407 morbi
713 3364 907 3415 metus,
940 3367 1099 3419 quam
1130 3365 1253 3419 spes
1283 3333 1555 3402 saditatis.
1591 3346 1667 3401 Ex
1694 3362 1801 3415 quo
1832 3344 2083 3411 elIicitur,

516 3455 573 3499 ut
620 3461 807 3515 parum
854 3444 1137 3499 admodum
1184 3442 1367 3495 auxilii
1401 3441 1507 3495 illis
1549 3455 1675 3508 Spes
1724 3439 1912 3493 alferat
1959 3454 2081 3507 qua:

516 3535 727 3591 alllictis
786 3546 837 3590 et
883 3534 1212 3589 calamitosis
1265 3548 1426 3587 unum
1490 3540 1571 3586 est
1628 3530 1945 3585 remedium.
2004 3530 2086 3584 Ad

516 3637 881 3699 paupertatem
927 3624 1130 3681 accedit
1162 3624 1402 3691 morbus,
1459 3623 1693 3677 alterum
1746 3622 1971 3685 malum,
2031 3628 2087 3673 et

514 3721 731 3787 quidem
761 3719 1179 3782 atrocissimum,
1230 3732 1294 3771 ac
1342 3716 1484 3770 votis
1526 3714 1774 3770 omnibus
1827 3726 2084 3768 aversan-

516 3812 665 3876 dum,
693 3819 854 3880 atque
882 3808 1141 3879 ejusmodi
1162 3846 1178 3872 ,
1230 3817 1290 3862 ιιι
1328 3807 1491 3879 263
1537 3806 1679 3875 apud
1712 3804 1929 3871 multos,
1963 3819 2084 3858 cum

516 3902 717 3973 aliquid
762 3900 888 3956 mali
950 3900 1186 3971 cuipiam
1234 3899 1519 3969 imprecari
1580 3898 1820 3967 cupiunt,
1852 3894 1985 3949 nihil
2017 3895 2087 3950 sit

514 3993 902 4062 expromptius.
925 3991 1185 4059 Tertium,
1205 3992 1347 4061 quod
1378 3989 1622 4058 plerique
1646 4003 1738 4043 eos
1784 3996 1883 4042 nec
1934 3987 2083 4041 adire

516 4097 618 4138 nec
647 4082 839 4137 intueri
862 4083 1147 4148 sustinent,
1169 4080 1267 4138 sed
1300 4080 1533 4150 fugiunt,
1574 4080 1823 4144 horrent,
1852 4087 1907 4133 et
1932 4092 2084 4133 aver-

517 4182 741 4239 santur;
781 4184 939 4245 atque
971 4175 1025 4229 id
1052 4176 1239 4230 morbo
1275 4174 1395 4243 ipso
1423 4171 1530 4228 illis
1556 4172 1805 4227 acerbius
1835 4181 1943 4237 est,
1961 4186 2084 4227 cum

516 4269 587 4323 ob
621 4266 980 4322 calamitatem
1012 4281 1205 4323 exosus
1230 4267 1395 4320 etiam
1426 4276 1481 4321 et
1502 4264 1703 4320 invisos
1727 4278 1785 4318 se
1807 4276 1927 4318 esse
1958 4278 2083 4318 sen-

518 4361 675 4415 tiunt.
732 4358 992 4429 Equidem
1052 4359 1167 4427 ipse
1215 4373 1405 4414 eorum
1469 4356 1746 4412 miseriam
1800 4370 1908 4410 non
1967 4354 2086 4409 sine

517 4452 771 4523 lacrymis
825 4451 971 4517 fero,
1030 4466 1095 4505 ac
1154 4449 1530 4506 recordatione
1593 4448 1712 4517 ipsa
1775 4446 2079 4515 perturbor.

516 4542 768 4612 Idemque
802 4541 949 4597 vobis
973 4542 1203 4606 accidat,
1235 4540 1418 4602 velim,
1444 4548 1503 4593 ut
1525 4538 1785 4607 lacrymis
1808 4537 2080 4608 lacrymas

516 4636 756 4706 fugiatis.
800 4636 906 4693 Nec
935 4652 1061 4692 vero
1097 4637 1301 4703 dubito,
1338 4636 1468 4706 quin
1499 4650 1565 4691 ex
1602 4634 1702 4698 his,
1732 4633 1824 4703 qui
1860 4633 2075 4697 adsunt,

585 4754 631 4785 ⁷⁸
662 4753 920 4818 Rom.xn,
951 4752 1005 4807 5.

2191 3350 2313 3404 σθαι
2346 3354 2495 3422 παρὰ
2523 3353 2619 3423 τῆς
2653 3353 2887 3419 ἐλπίδος,
2914 3356 2947 3425 ἣ
2984 3356 3139 3425 μόνον
3171 3355 3281 3426 (72)
3326 3359 3440 3419 τοῖς
3479 3354 3719 3423 ἀτυχοῦσίι-

2188 3442 2301 3495 ἐστι
2328 3443 2439 3513 (75)
2475 3444 2781 3515 φάρμακον.
2840 3445 2983 3515 Πρὸς
3018 3445 3074 3498 δὲ
3104 3448 3168 3516 τῇ
3210 3446 3399 3516 πενίᾳ,
3431 3446 3572 3514 καὶή
3600 3444 3717 3504 νόσος

2188 3535 2355 3588 κακὸν
2399 3534 2670 3606 δεύτερον,
2712 3538 2805 3590 καὶ
2855 3537 3039 3590 κακῶν
3091 3538 3151 3590 τὸ
3195 3538 3610 3600 ἀπευκτότατον,
3651 3538 3720 3587 ni

2188 3625 2510 3696 βαρύτατον,
2572 3628 2667 3680 καὶ
2726 3629 2807 3690 εἰς
2855 3628 3099 3698 κατάραν
3129 3609 3238 3690 τοῖς
3272 3629 3493 3692 πολλοῖς
3546 3643 3721 3699 προχειο

2187 3716 2427 3785 ρότατον.
2478 3716 2589 3768 Καὶ
2643 3716 2844 3788 τρίτον,
2896 3716 2955 3769 τὸ
3014 3717 3089 3801 μῂ
3160 3716 3271 3795 (74)
3344 3718 3621 3789 προσιτοὺς
3652 3716 3723 3768 αὖ·

2184 3808 2312 3871 τοὺς
2360 3805 2519 3872 εἶναι,
2559 3808 2693 3879 μηδὲ
2741 3807 2965 3872 θεατοὺς
3005 3800 3118 3871 τοῖς
3168 3800 3435 3873 πλείοσιν,
3471 3808 3596 3861 ἀλλὰ
3624 3824 3722 3875 φευ-

2186 3898 2368 3960 κτοὺς,
2394 3898 2485 3951 καὶ
2517 3897 2856 3968 βδελυκτοὺς,
2891 3898 2986 3950 καὶ
3017 3892 3126 3952 οἷον
3147 3899 3552 3970 ἀποτροπαίους
3569 3917 3582 3928 ·
3604 3898 3630 3950 ὃ
3655 3898 3725 3950 λαὶ

2184 3990 2281 4060 τῆς
2316 3990 2470 4043 νόσου
2494 3989 2703 4053 τούτοις
2729 3988 3050 4063 βαρύτερον,
3080 3992 3208 4045 ὅταν
3230 3991 3529 4045 αἴσθωνται
3558 3988 3634 4043 διὰ
3648 3988 3724 4057 τήν

2186 4081 2469 4153 συμφορὰν
2520 4082 2614 4135 καὶ
2659 4081 2995 4152 μισούμενοι.
3033 4081 3173 4151 Ἐγὼ
3205 4082 3306 4154 μὲν
3342 4082 3469 4137 οὑδὲ
3503 4082 3729 4152 ἀδακρυτὶ

2186 4172 2335 4243 φέρω
2368 4172 2428 4225 τὸ
2454 4173 2657 4227 τούτων
2685 4174 2875 4238 πάθος,
2925 4176 3019 4227 καὶ
3073 4178 3141 4246 τῇ
3176 4176 3371 4248 μνήμῃ
3433 4175 3698 4244 συγχέομαι
3714 4189 3722 4198 -

2186 4264 2441 4336 πάσχοιτε
2473 4267 2583 4338 (75)
2620 4268 2677 4321 δὲ
2708 4268 2801 4322 καὶ
2826 4268 2985 4339 ὑμεῖς
3018 4270 3235 4335 ταυτὸν,
3282 4270 3373 4322 ἴνα
3401 4272 3514 4332 τοῖς
3536 4268 3729 4337 δάκρυσι

2183 4358 2251 4412 τά
2297 4360 2506 4430 δάκρυα
2539 4360 2746 4432 φύγητε
2770 4378 2785 4391 ·
2844 4362 2936 4415 καὶ
2966 4363 3235 4431 πάσχουσί
3259 4380 3346 4431 γε,
3374 4359 3475 4416 οἷδ’
3505 4364 3602 4424 ὅτι,
3645 4359 3728 4410 τῶν

2185 4451 2465 4521 παρόντων
2524 4452 2637 4505 ὅσοι
2711 4453 3042 4525 φιλόχριστοι
3109 4457 3203 4508 καὶ
3261 4456 3614 4525 φιλόπτωχοι,
3662 4452 3732 4503 καὶ

2185 4538 2339 4603 Θεοῦ,
2364 4541 2457 4593 καὶ
2491 4541 2643 4613 παρὰ
2680 4541 2813 4595 Θεοῦ
2844 4543 2955 4613 (76)
2982 4544 3042 4596 τὸ
3067 4543 3235 4599 ἐλεεῖν
3263 4544 3487 4615 ἔχοντες
3506 4562 3521 4575 ·
3559 4545 3729 4614 p.de-

2187 4648 2279 4701 ρες
2302 4632 2358 4686 δὲ
2384 4625 2479 4687 καὶ
2502 4636 2657 4706 ὑμεῖς
2682 4637 2795 4706 (77)
2823 4637 2917 4690 τοῦ
2952 4638 3179 4701 πάθους.

600 4885 711 4955 (62)
741 4887 809 4938 El
839 4886 947 4954 γὰρ
981 4884 1078 4955 καὶ
1108 4885 1187 4950 ὠς
1234 4883 1449 4952 ἐχθροῦ
1474 4884 1855 4952 κατηγόρησα
1890 4881 1988 4955 διὰ
2014 4880 2081 4940 τὰ

2191 4880 2412 4955 aliisque
2440 4880 2682 4955 melioris
2739 4884 2878 4955 nota}
2929 4885 3223 4952 codicibus,
3277 4890 3407 4942 non‘
3451 4886 3617 4950 male;
3670 4886 3734 4939 bis

516 4953 725 5021 πάθος,
764 4953 869 5008 etc.
902 4958 947 5007 Α
970 4953 1210 5023 Gregorii
1241 4965 1417 5009 mente
1442 4963 1497 5008 et
1526 4965 1671 5023 textu
1698 4955 1905 5005 videtur
1925 4954 2075 5003 aber-

518 5041 641 5080 rare
694 5024 900 5089 Billins,
950 5026 1040 5093 qui
1086 5022 1270 5078 iocum
1319 5025 1461 5078 hunc
1507 5025 1588 5077 sic
1637 5022 2069 5093 interpretatur;

524 5114 543 5145 ι
572 5093 682 5148 Etsi
714 5096 856 5148 enim
886 5090 983 5148 πιε
1002 5094 1167 5147 animi
1193 5094 1415 5148 allectus
1466 5108 1530 5148 eo
1556 5092 1811 5160 abripuit,
1856 5101 1915 5145 ut
1948 5090 2076 5146 illud

518 5174 777 5229 tanquam
796 5165 1070 5217 inimicum
1104 5174 1160 5218 et
1201 5163 1454 5217 infestum
1486 5176 1821 5226 accusarem,
1849 5179 1869 5213 ι
1898 5169 2007 5216 etc.

589 5232 701 5302 (65)
736 5232 817 5287 Τὰ
844 5232 980 5287 τῶν.
1013 5232 1069 5285 lu
1099 5233 1434 5301 quibusdam,
1468 5232 1537 5285 τὰ
1556 5232 1670 5284 τοῦ.
1705 5298 1717 5302 Α
1776 5298 1781 5301 Δ

585 5298 699 5372 (64)
730 5307 799 5360 Ἡ
820 5304 1099 5357 ἕκαστον.
1117 5298 1213 5359 Or.
1237 5302 1294 5372 2,
1323 5304 1451 5372 Reg.
1484 5302 1592 5372 ο,ἢ
1621 5298 1857 5371 ἑκάστῳ.

589 5370 699 5443 (65)
714 5373 934 5442 Αὐτῆς.
971 5375 1126 5427 Deest
1153 5374 1205 5426 in
1228 5370 1325 5443 Or;
1346 5373 1401 5443 2.

519 5435 700 5565 εγέξθ)
742 5444 828 5499 Εὐ
861 5435 1014 5513 ’ἡμῖν
1063 5442 1207 5513 ἔχει.
1270 5442 1517 5511 Plerique
1562 5438 1796 5505 codices,
1846 5443 1976 5513 ἡμῖν
2024 5435 2084 5496 εὖ

549 5529 651 5581 χει.

615 5583 704 5648 67)
740 5583 870 5652 Τάχ’
892 5582 987 5637 ἄν.
1014 5581 1146 5638 Tres
1168 5582 1356 5649 Regg.,
1386 5582 1527 5651 τάχα
1551 5581 1637 5636 ἀν.

614 5652 705 5716 68)
734 5655 1012 5707 Atio-ater.
1041 5652 1135 5707 Or.
1160 5654 1215 5714 2,
1241 5652 1444 5709 λύσειε.

596 5720 709 5796 (69)
724 5726 855 5777 Οὐκ
878 5724 1141 5792 ἔχουσιν.
1177 5722 1300 5779 Hazc
1346 5725 1539 5780 desunt
1572 5722 1624 5777 in
1651 5721 1816 5793 Regg.
1850 5724 1955 5792 bm,
1990 5724 2079 5793 ph,

2173 4952 2314 5008 enim
2346 4949 2582 5011 omissis,

2399 4950 2591 5038 Emissis,
2614 4950 2818 5038 planior
2840 4953 2898 5007 ﬁt
2924 4956 3117 5038 oratio.

2399 5018 2640 5093 Ὑγείας.
2674 5020 2863 5093 Plures
2888 5025 3071 5089 codd.,
3093 5026 3323 5093 ὑγιείας.

2244 5090 2360 5230 (71)
2389 5092 2466 5142 Τι.
2493 5090 2650 5144 Deest
2674 5091 2727 5144 in
2765 5090 2894 5163 Reg.
2926 5110 2979 5157 a,
3012 5090 3258 5159 bm,'ph.

2270 5158 2711 5230 72)]Ἠμόνον.
2744 5162 2876 5230 Reg.
2905 5180 2956 5229 c,
3008 5165 3043 5230 ἢ
3093 5165 3249 5230 μόνη.

2270 5158 2711 5249 Ἰεχξζιῖιςόνον.
2744 5158 2876 5249 Reg:
2905 5180 2956 5229 c,
3008 5165 3043 5236 ἢ
3093 5158 3249 5236 μόνη.
3313 5164 3375 5220 In
3432 5166 3560 5221 Par.
3586 5162 3735 5228 ed.,ﬂ

2181 5227 2567 5303 μόνονίηιθιέΙ-

2273 5301 2372 5376 '15)
2399 5301 2583 5376 Ἐστρ
2616 5302 3117 5376 Deestinpluribtts
3144 5305 3309 5376 Regg.
3340 5316 3402 5361 et
3443 5306 3542 5363 Or.
3570 5307 3624 5359 2.

2278 5372 2365 5443 74)
2396 5370 2515 5443 Μή.
2539 5368 2631 5425 Or.
2654 5371 2710 5437 2,
2741 5373 2875 5443 μηδέ

2394 5439 2716 5517 Ηᾴσχοιζε.
2742 5439 2888 5517 Reg.
2924 5445 3034 5517 lim.
3067 5444 3256 5517 Mont.,
3285 5449 3682 5517 σύμ-πάσχοιτε.

2254 5510 2365 5595 (76)
2387 5510 3010 5595 Καζ.Θεοῦ,·καὶ.’παρά
3057 5516 3224 5595 ρεοῦ.
3267 5536 3285 5568 ι
3313 5510 3416 5571 Dei
3446 5510 3573 5586 erga
3600 5530 3669 5578 sc,
3696 5520 3741 5562 οι

2184 5582 2616 5660 Dei_e_lfgr_l,91i95.
2647 5584 2868 5660 imita_in
2901 5582 3040 5660 notis
3065 5586 3298 5660 §attcyg.

2183 5652 2367 5797 ἡμ(ἐξ)
2404 5652 2618 5721 Ὑμεῖς.
2656 5652 2745 5710 Sic
2772 5653 2907 5724 Reg.
2941 5655 3031 5724 ph,
3059 5655 3151 5710 Or.
3178 5652 3231 5720 2]
3254 5652 3369 5712 etc.
3404 5656 3546 5713 Male
3570 5657 3625 5710 in
3645 5654 3737 5712 θύη

2224 5739 2358 5796 μεις.

2250 5301 2273 5515 3
