3844 6390
509 329 615 385 871

1751 322 1812 377 s.
1849 319 2176 376 caecos"
2217 318 2567 374 THEOLOGI
3639 333 3711 388 επ

519 438 625 503 ﬁli,
656 449 814 505 quem
855 430 1169 502 praecipitiis
1199 439 1256 486 et
1297 433 1574 488 montibus
1608 446 1671 490 ac
1705 431 2084 487 solitudinibus

2212 429 2328 483 ιετὰ
2358 429 2560 500 θηρίων
2582 431 2844 500 οἰκήσεις,
2867 430 2960 483 καὶ
2991 431 3167 503 σκέπη
3202 451 3283 486 σοι
3305 432 3478 505 πέτρα
3511 436 3626 507 (90),
3645 448 3716 496 καὶ

517 527 662 594 alui;
693 541 813 580 cum
845 524 974 579 feris
1001 524 1293 588 habitabis,
1327 523 1531 592 tibique
1553 532 1704 593 petra
1739 532 1935 578 tectum
1963 522 2086 585 erit,

520 630 685 688 atque
719 632 786 671 ex
821 615 1138 672 mortalibus
1172 615 1208 670 ii
1257 615 1522 669 duntaxat
1565 623 1619 669 te
1661 615 1961 682 aspicient,
1996 615 2086 682 qui

520 709 715 777 pietate
745 706 1033 759 excellunt.
1061 707 1236 773 Atque
1268 704 1433 758 etiam
1465 703 1797 758 miserabilia
1823 702 1937 758 haec
1966 701 2088 758 .lobi
2133 713 2143 726 '

518 800 683 853 verba
713 798 966 852 inclamat
993 817 1006 851 :
1033 796 1210 863 Quare
1241 798 1293 849 in
1328 796 1522 850 matris
1557 796 1713 849 vulva
1750 805 1966 850 creatus
2009 809 2088 858 es,

520 899 680 956 atque
704 905 767 942 ex
800 898 986 942 ventre
1029 901 1280 956 egressus
1314 901 1396 948 es,
1426 901 1490 940 ac
1539 900 1645 939 non
1695 884 1876 940 Statim
1931 885 2093 954 perii-

523 982 589 1036 sti
621 981 689 1044 ",
726 991 784 1032 ut
830 995 973 1034 mors
1001 995 1121 1033 cum
1169 985 1290 1033 ortu
1335 977 1719 1031 concurreret?
1759 977 1939 1042 Quare
1988 991 2092 1030 non

523 1080 847 1140 praemature
875 1067 1186 1122 abscessisti
1206 1105 1221 1130 ,
1259 1067 1570 1135 priusquam
1601 1065 1761 1132 huius
1788 1067 1910 1119 vitm
1952 1064 2088 1117 mala

523 1161 871 1231 degustares?
917 1160 1092 1224 Quare
1137 1168 1377 1226 exceptus
1427 1157 1685 1226 genibus?
1725 1155 1837 1210 Cur
1868 1156 2094 1208 lactutus

523 1252 762 1305 uberibus
799 1250 868 1313 ⁷³,
898 1263 1017 1302 cum
1051 1249 1303 1301 miserant
1363 1246 1526 1299 vitam
1569 1261 1633 1300 ac
1677 1256 1848 1300 morte
1879 1246 2094 1314 gravio-

526 1359 637 1396 rem
667 1353 884 1396 acturns
910 1341 1100 1395 esses?
1130 1341 1306 1407 Atque
1337 1339 1422 1394 his
1447 1339 1624 1392 verbis
1653 1337 1844 1403 utitur,
1873 1339 2095 1406 vimque

527 1434 878 1502 laet-ymarum
908 1431 1217 1501 profundit;
1246 1446 1309 1486 ac
1336 1431 1617 1499 complecti
1646 1431 1861 1498 quidem
1889 1444 2010 1483 eum
2043 1439 2098 1482 et

526 1525 824 1580 exosculari
873 1525 1070 1579 misera
1108 1524 1289 1592 cupit,
1326 1524 1419 1578 sed
1451 1523 1543 1576 lilii
1579 1537 1800 1578 carnem
1830 1531 1886 1576 ttt
1916 1521 2096 1576 inimi-

525 1634 644 1670 cam
690 1625 743 1671 et
791 1616 1043 1671 hostilem
1084 1616 1442 1685 pertimescit.
1485 1617 1569 1672 Ab
1620 1616 1870 1670 universa
1916 1624 2096 1668 autem

525 1709 678 1779 plebe
717 1708 982 1762 clamores
1013 1716 1065 1761 et
1101 1708 1488 1763 insectationes
1510 1747 1525 1771 ,
1562 1723 1667 1761 non
1704 1706 1966 1766 adversus
1995 1706 2096 1760 iui-

2191 521 2298 575 τῶν
2323 518 2625 588 ἀνθρώπων
2652 520 2808 590 μόνον
2827 519 3045 588 ὖψονταί
3069 539 3126 574 σε
3148 501 3196 576 οἱ
3226 501 3714 600 εὐσεϐέστατοιωῆ-
3761 501 3769 514 1

2192 613 2284 665 καὶ
2314 610 2486 663 ταῦτα
2508 611 2573 680 δὴ
2613 610 2681 663 τὰ
2711 608 2804 662 τοῦ
2853 609 2976 662 Ἰὼϐ
3005 612 3215 666 έλεεινά
3249 616 3469 685 ῥήματα
3504 619 3718 690 ἐπιφθέγ.

2192 719 2378 772 γεται’
2434 702 2551 755 Ἵνα
2589 702 2640 754 τί
2665 701 2773 773 γὰρ
2829 701 3103 774 ὲπλάσθης
3151 707 3208 758 ἐν
3249 707 3427 779 κοιλίᾳ
3457 711 3725 781 μητρὸς,ξκ

2193 793 2426 864 γαστρὸς
2457 791 2566 863 (92)
2593 792 2647 845 δὲ
2678 792 2922 862 ἐξῆλθες,
2958 795 3050 846 καὶ
3079 796 3180 848 οὐκ
3209 797 3370 860 εὐθὺς
3401 800 3510 868 (95)
3533 803 3725 866 ἀπώλου,

2192 884 2267 948 ὡς
2299 884 2621 955 συνδραμεῖν
2663 886 2727 954 τῇ
2782 889 3031 954 γεννήσει
3064 886 3154 940 τὸν
3188 887 3456 953 θάνατονς
3509 893 3586 944 ἵνα
3625 895 3728 949 τίδὲ

2193 975 2292 1027 οὐκ
2321 973 2561 1044 ἀπῆλθες
2607 974 2816 1044 ἄωρος,
2847 976 2977 1046 πρὶν
3025 975 3320 1044 γεύσασθαι
3373 981 3482 1033 τῶν
3527 984 3609 1037 τοῦ
3646 985 3728 1054 βίον

2195 1064 2415 1129 κακῶν;
2449 1065 2582 1118 ’Ἰνα
2615 1065 2672 1116 τί
2709 1062 2776 1115 δέ
2825 1079 2924 1118 σοι
2956 1067 3312 1136 συνήντησε
3351 1068 3466 1140 (94)
3521 1073 3731 1139 quit-ara;

2202 1156 2261 1209 Τί
2296 1154 2363 1209 δέ
2395 1170 2492 1209 σοι
2529 1155 2594 1207 τὸ
2623 1154 2884 1221 θηλάσαι
2919 1157 3206 1226 μαστοὺς,
3249 1159 3449 1224 ἀθλίως
3482 1161 3585 1232 (95)
3606 1165 3730 1236 ζήσε-

2199 1247 2320 1301 σθαι
2355 1247 2625 1318 μέλλοντι,
2661 1248 2755 1300 καὶ
2785 1247 2928 1320 ζωὴν
2957 1248 3184 1303 θανάτου
3219 1251 3623 1326 χαλεπωτέραν;
3650 1260 3730 1311 Καὶ

2197 1339 2365 1392 ταῦτα
2384 1339 2551 1408 λέγει,
2585 1341 2676 1393 καὶ
2703 1341 2967 1412 ἐπαφίησι
2999 1343 3178 1410 πηγὰς
3201 1343 3473 1414 δακρύων,
3497 1349 3582 1400 καὶ
3609 1367 3731 1420 περι-

2199 1429 2501 1494 πτύξασθαι
2537 1430 2649 1502 (96)
2681 1431 2927 1501 βούλεται
2957 1432 3056 1502 μὲν
3090 1433 3432 1506 ἡδυστυχῆς,
3458 1438 3672 1504 φοϐεῖται
3691 1443 3729 1495 δὲ

2197 1519 2295 1583 τὰς
2317 1520 2408 1573 τοῦ
2446 1521 2632 1585 παιδὸς
2657 1522 2864 1594 σάρκας
2883 1523 2960 1587 ὡς
2988 1524 3263 1595 πολεμίας.
3295 1526 3474 1596 Πάνδη
3484 1546 3568 1598 μοι
3591 1531 3640 1583 δὲ
3666 1552 3731 1587 κα-

2198 1611 2486 1683 ταϐοήσεις
2537 1631 2596 1666 τε
2623 1615 2718 1667 καὶ
2749 1613 2979 1680 διώξεις,
3030 1617 3092 1669 οὐ
3123 1618 3260 1672 κατά
3288 1618 3398 1670 τῶν
3431 1621 3730 1686 ἀδικούντων,

2201 1704 2334 1757 ἀλλὰ
2365 1705 2505 1759 κατὰ
2536 1705 2648 1776 (97)
2681 1705 2789 1760 τῶν
2810 1707 3212 1778 δυστυχούντων
3246 1711 3508 1779 γίνονται.
3544 1716 3640 1767 Καὶ
3667 1736 3734 1784 ’.ξο-

526 1814 660 1868 quos
697 1809 750 1852 ct
779 1799 1092 1864 sceleratos,
1125 1798 1218 1852 sed
1243 1798 1506 1852 adversus
1537 1798 1764 1853 miseros
1789 1806 1844 1851 et
1865 1796 2092 1852 calami-

2212 1796 2294 1848 Ινέα
2325 1797 2422 1866 μὲν
2447 1796 2548 1867 ἤδη
2596 1814 2678 1861 τις
2702 1797 3058 1869 συνῳκίσατο,
3095 1801 3187 1853 καὶ
3241 1803 3438 1875 μοιχῷ.
3457 1806 3732 1874 μετέδωκεν,

529 1899 672 1944 tosos
702 1889 1026 1944 excitantur.
1049 1890 1125 1944 Ac
1156 1889 1316 1944 caedis
1341 1889 1556 1958 quidem
1593 1889 1821 1943 crimine
1853 1888 2088 1942 constri-

526 1992 670 2037 ctum
697 1999 802 2037 non
827 1983 976 2038 deest
995 1983 1084 2051 qui
1111 1982 1578 2037 couturbernalem
1601 1982 1704 2037 sibi
1729 1981 2017 2046 adsciscat,
2045 1989 2101 2035 et

532 2077 622 2146 qui
656 2076 955 2130 adulterum
989 2091 1093 2130 non
1124 2075 1295 2130 solum
1329 2083 1469 2130 tecto
1509 2076 1765 2145 excipiat,
1804 2074 1900 2130 sed
1939 2075 2101 2131 etiam

527 2169 595 2222 ad
629 2183 870 2222 mensam
921 2167 1208 2234 admittat,
1260 2181 1323 2221 ac
1356 2166 1678 2237 sacrilegum
1724 2166 1850 2221 vita:
1893 2168 2100 2221 socium

532 2257 814 2322 adhibeat,
853 2259 974 2311 cum
1009 2258 1182 2325 iisque
1205 2295 1220 2320 ,
1254 2271 1284 2310 a
1331 2256 1528 2324 quibus
1580 2255 1725 2312 malo
1761 2256 1943 2325 aliquo
1973 2253 2103 2308 alle-

529 2363 650 2405 ctus
678 2359 780 2413 est,
813 2348 1061 2404 amicitia:
1088 2349 1263 2403 lendus
1291 2348 1438 2403 ineat
1462 2366 1476 2402 :
1505 2346 1664 2416 hujus
1695 2358 1910 2413 contra,
1941 2361 1970 2402 a
1992 2362 2100 2417 quo

532 2442 730 2496 nullam
781 2440 1033 2510 iniuriam
1075 2441 1309 2509 accepit,
1361 2442 1639 2507 morbum,
1683 2452 1787 2494 non
1831 2453 1988 2494 secus
2039 2454 2101 2493 ac

2201 1888 2263 1942 οὐ
2297 1887 2493 1956 στέγης
2539 1888 2716 1959 μόνον,
2765 1888 2900 1942 ἀλλά
2933 1890 3028 1944 καὶ
3071 1893 3368 1964 τραπέζης,
3401 1896 3494 1949 καὶ
3523 1897 3629 1966 βίου
3649 1918 3733 1952 xm.

2205 1976 2371 2032 νωνδν
2393 1978 2486 2032 τὸν
2539 1979 2815 2051 ἱερόσυλον
2850 1980 3045 2046 εἵλετο,
3071 1983 3163 2035 καὶ
3187 1987 3299 2048 τοῖς
3329 1986 3492 2038 αὐτόν
3529 2005 3576 2039 τι
3600 1989 3736 2042 6m:-

2200 2068 2405 2123 θεικόσι
2445 2069 2556 2141 (98)
2587 2070 2756 2125 κακδν
2788 2073 3083 2127 ἐσπείσατο
3107 2092 3119 2104 ·
3152 2076 3244 2129 τοῦ
3278 2077 3335 2129 δὲ
3383 2079 3442 2130 τὸ
3483 2080 3661 2144 πάθος,
3682 2085 3736 2145 ὡς

2201 2162 2468 2234 ἔγκλημα,
2511 2163 2672 2235 μηδὲν
2719 2164 3063 2237 λυπήσαντος
3112 2169 3438 2242 ἀπεστράφη
3495 2173 3620 2239 (99).
3655 2175 3736 2227 Καὶ

2199 2255 2360 2309 πλέον
2393 2255 2468 2327 (1)
2518 2255 2630 2326 ἔχει
2661 2256 2818 2310 νόσου
2861 2259 3063 2312 κακίασ
3109 2262 3202 2314 καὶ
3249 2260 3312 2314 τὺ
3360 2262 3460 2332 μὲν
3489 2263 3736 2336 ἀπάνθρω-

2199 2363 2299 2399 πον
2330 2346 2405 2410 ὡς
2434 2346 2740 2418 ἐλευθέριον
2793 2350 3179 2420 ἠσπασάμεθα,
3210 2352 3271 2404 τὸ
3315 2353 3371 2405 δὲ
3399 2355 3663 2424 συμπαθὲς
3684 2359 3737 2419 ὡς

2199 2438 2422 2510 αἰσχρὸν
2453 2439 2823 2510 ἠτιμάσαμεν.

529 2533 737 2587 crimen
771 2531 1037 2602 quoddam
1063 2571 1078 2597 ,
1112 2538 1416 2588 aversatur.
1448 2530 1526 2584 Ita
1565 2530 1754 2585 melior
1781 2531 1894 2584 vitii
1927 2545 2091 2600 quam
2153 2531 2324 2584 morbi
2393 2531 2632 2585 conditio
2669 2541 2746 2587 esI
2779 2551 2794 2598 ;
2854 2542 3016 2604 atque
3043 2535 3492 2594 inltumanitatem
3531 2543 3738 2598 utlibero

532 2623 756 2679 homine
785 2622 1003 2691 dignam
1036 2619 1431 2691 amplectimur,
1477 2619 1870 2676 humanitatem
1920 2629 2099 2675 autem
2139 2628 2191 2674 et
2221 2620 2670 2687 misericordiam,
2701 2631 2758 2676 ut
2789 2633 2998 2695 turpem
3024 2634 3080 2680 et
3144 2627 3519 2695 inhonestam,
3571 2648 3727 2703 θενεῖς

538 2733 757 2775 namur.

605 2809 718 2864 Xll.
761 2808 997 2866 Urbibus
1023 2809 1336 2880 ejiciuntur,
1376 2817 1632 2865 arcentur
1665 2809 1870 2865 aedibus
1895 2849 1911 2876 ,
1945 2809 2094 2875 foro,

533 2901 779 2958 conciliis
799 2941 816 2968 ,
863 2902 963 2956 viis
983 2942 1000 2969 ,
1028 2901 1258 2971 publicis
1288 2901 1672 2966 conventibus,
1713 2902 1984 2956 conviviis
2010 2942 2026 2968 ,
2069 2917 2101 2956 ο

534 2994 804 3063 ingentem
837 2989 1229 3046 calamitatem!
1266 2990 1379 3059 ipsa
1405 2979 1568 3060 26-5
1605 2992 1770 3047 etiam
1797 3006 1969 3062 aqua;
2003 3007 2102 3048 nec

2275 2806 2374 2860 IB’.
2415 2806 2827 2862 Ἀπελαύνονται
2879 2812 3105 2877 πόλεων,
3156 2813 3545 2869 ἀπελαύνονται
3570 2821 3737 2880 οἰκιῶν,

2207 2903 2412 2974 ἀγορᾶς
2439 2901 2536 2971 (2),
2556 2901 2844 2986 συλλέγων,
2863 2903 3015 2968 ὁδῶν,
3045 2907 3422 2979 πανηγύρεων,
3447 2913 3739 2980 συμποσίων,

2209 2990 2276 3061 (ὣ
2305 2990 2398 3043 τοῦ
2425 2990 2630 3053 πάθους
2651 2991 2689 3062 !)
2749 2992 2914 3046 αὑτοῦ
2949 2994 3040 3047 τοῦ
3075 2995 3264 3060 ὓδατος
3286 3015 3300 3029 ο
3327 2998 3447 3052 οὔτε
3497 3004 3654 3072 πηγαὶ
3677 3006 3742 3074 ρἐ

534 3084 664 3154 ipsis
691 3082 904 3152 quidem
944 3081 1114 3136 ﬂuunt
1146 3081 1344 3148 fontes,
1374 3082 1494 3136 aliis
1518 3081 1828 3138 hominibus
1855 3098 2100 3138 commu-

2212 3101 2384 3148 ουσαι,
2408 3081 2617 3146 τούτοις
2649 3083 2824 3137 κοιναὶ
2865 3087 2999 3157 πρὸς
3031 3086 3106 3157 (5)
3154 3090 3280 3152 τοὺς
3328 3090 3520 3156 ἄλλους
3574 3093 3744 3164 ἀνθρώ.

535 3189 651 3240 nes,
683 3189 782 3230 nec
806 3173 1022 3228 ﬂumina
1046 3174 1159 3244 ipsa
1196 3174 1330 3228 nihil
1364 3175 1642 3244 spurcitiei
1671 3175 1740 3230 ab
1773 3175 1855 3230 his
1883 3184 2105 3231 contra-

532 3265 663 3321 here
701 3265 1032 3329 creduntur;
1081 3266 1330 3335 quodque
1373 3267 1606 3322 maxime
1653 3267 1956 3323 mirandum
1986 3277 2098 3335 est,

535 3373 670 3427 quos
715 3367 773 3412 ut
817 3356 1024 3426 piacula
1046 3351 1484 3423 'submovemus,
1541 3358 1796 3424 eosdem,
1856 3367 1918 3414 ut
1969 3361 2101 3414 nihil

537 3447 690 3503 nobis
722 3447 980 3502 molestiae
1020 3445 1332 3512 inferentes,
1377 3448 1444 3502 ad
1487 3463 1584 3503 nos
1624 3463 1843 3503 rursum
1877 3464 2104 3504 conver-

537 3539 722 3607 timus,
753 3555 858 3594 non
887 3537 1213 3594 domicilium
1249 3540 1384 3609 ipsis
1414 3539 1733 3606 tribuentes,
1764 3554 1870 3594 non
1913 3556 2104 3596 neces-

537 3632 710 3688 sarios
733 3630 1042 3704 cibos,_non
1084 3630 1401 3686 vulneribus
1429 3631 1777 3697 medicinam,
1811 3646 1918 3686 non
1952 3641 2103 3686 veste

539 3725 782 3778 morbum
815 3737 1002 3776 eorum
1028 3737 1125 3792 pro
1159 3722 1367 3777 viribus
1397 3722 1738 3792 obtegentes.
1771 3723 1850 3779 Ac
1877 3723 2105 3793 proinde

540 3823 702 3868 noctu
743 3823 796 3866 et
843 3813 930 3867 diu
976 3820 1263 3882 vagantur,
1317 3812 1510 3882 inopes
1537 3851 1552 3878 ,
1588 3821 1644 3868 et
1683 3813 1836 3880 nudi,
1863 3827 1926 3868 ac
1965 3823 2106 3868 tecto

537 3911 788 3957 carentes
811 3941 827 3966 ,
863 3902 1111 3956 morbum
1151 3904 1498 3957 ostendentes
1518 3942 1533 3967 ,
1567 3910 1751 3958 vetera
1783 3917 2109 3958 commemo-

542 4003 756 4058 rantes,
800 3993 1073 4048 Creatoris
1102 4008 1257 4062 opem
1310 3993 1699 4064 implorantes,
1735 3993 1827 4049 alii
1879 3993 2106 4049 aliorum

544 4086 831 4150 membris,
885 4099 980 4154 pro
1029 4085 1093 4140 iis
1141 4085 1336 4154 quibus
1373 4096 1598 4150 carent,
1646 4095 1833 4142 mutuo
1857 4094 2107 4152 utentes,

543 4187 730 4232 cantus
795 4178 862 4232 ad
916 4177 1342 4234 misericordiam
1403 4179 1771 4249 pertrahentis
1825 4180 2107 4246 artiﬁces,

545 4266 815 4338 paululum
839 4266 1088 4336 quiddam
1113 4269 1268 4338 panis
1301 4269 1659 4338 postulantes,
1693 4277 1786 4324 aut
1810 4286 2110 4341 parumper

542 4357 771 4422 obsonii,
805 4367 896 4418 aut
928 4359 1167 4414 lacerum
1203 4361 1438 4432 aliquem
1473 4371 1526 4418 et
1547 4362 1807 4418 detritum
1842 4360 2102 4432 pannum,

619 4474 659 4504 "
710 4471 808 4527 Joh
868 4489 955 4536 tu,
1008 4474 1094 4529 ll.
1168 4475 1212 4507 ⁷⁸
1277 4477 1406 4531 ibid.
1472 4477 1562 4531 12.

756 4603 971 4683 μέτραε
1001 4607 1131 4677 Reg.
1170 4624 1218 4678 c,
1249 4611 1470 4683 πέτραι.
1616 4661 1621 4682 ,

617 4677 1210 4747 (91)Εὑσε6ἑστατοι.⁷
1248 4677 1512 4736 Ereinitas
1549 4677 1898 4737 et'solitarios
1935 4683 1985 4737 in
2017 4684 2104 4737 sle—

547 4748 896 4821 ser_t_is_vit_ant
929 4761 1145 4818 agentes
1172 4751 1418 4821 intelligit
1445 4752 1760 4820 Gregorius.

620 4816 732 4890 (9g)
772 4816 1173 4890 FZATII'O'tpdc.
1217 4816 1430 4890 Regia,
1456 4823 1521 4876 ἐκ
1547 4816 1778 4885 κοιλίας.

645 4887 734 4953 95)
767 4887 980 4957 Εὐθύς.
1014 4890 1067 4942 In
1107 4887 1445 4957 quibusdam,
1481 4892 1700 4955 εὐθέως.

573 4983 576 4986 -
619 4955 729 5035 (9‘5)
771 4956 831 5009 Τί
863 4955 1058 5035 (ξς-σοι
1103 4955 1469 5035 ᾱυνήντηᾳε,
1511 4974 1616 5017 etc.
1657 4964 1794 5035 Reg.
1844 4977 1892 5026 (ξ,
1926 4965 2110 5035 συνήν-

547 5026 719 5102 may
744 5043 844 5102 σοι.
888 5027 1005 5083 Bill.
1044 5049 1088 5102 _t
1121 5045 1286 5099 quare
1319 5026 1410 5086 tibi
1445 5048 1614 5102 genua
1654 5026 1795 5086 inter
1839 5026 2106 5102 sejunc'ta

549 5096 709 5176 sunt?
738 5096 976 5176 Quorum
1003 5096 1168 5153 ubera
1198 5096 1468 5176 susistiﬁ
1524 5102 1833 5173 Elegantem
1867 5096 2110 5174 vulgata:

550 5169 1041 5237 interpretationem
1070 5171 1420 5237 praetulimus.

583 5245 586 5248 ’
621 5235 731 5308 (95)
780 5236 1032 5305 Ἀθλίως.
1070 5235 1199 5308 Reg.
1235 5256 1266 5295 c
1313 5242 1478 5308 addit,
1511 5241 1706 5306 οὕτως.

553 5309 731 5450 lc1(96)
760 5308 1257 5376 Περιπτύξασθαι.
1294 5309 1386 5367 0r.
1419 5313 1473 5379 2,
1510 5312 1932 5384 περιπτύξεσθαι
1981 5313 2115 5384 [ma-

571 5395 646 5432 Cl.

623 5447 737 5522 (97),
765 5449 948 5507 Κατὰ.
981 5451 1070 5506 Sic
1090 5450 1224 5522 Reg.
1262 5450 1358 5522 hu,
1391 5453 1556 5508 Coisl.
1592 5455 1643 5520 1,
1672 5463 1727 5510 et
1751 5455 1847 5512 Or.
1875 5454 1931 5511 2.
1956 5456 2117 5512 Deest

554 5519 1048 5594 u;§__iu_pluribus
1079 5519 1243 5594 Begg.
1278 5521 1405 5587 Ed.,
1442 5525 1598 5594 μετά.

622 5587 737 5728 (98)
765 5587 1184 5648 Διατεθεικόσιῖ
1197 5587 1344 5663 Ἠος.
1386 5587 1768 5660 maneam.

650 5657 735 5728 99)
787 5661 1182 5728 Ἀπεστράςοη.
1242 5662 1298 5718 ln
1347 5666 1666 5728 quibusdam
1698 5705 1715 5728 ,
1766 5693 1768 5714 ι

557 5657 740 5799 “Igilii
787 5661 1182 5733 Ἀπεστράφη.
1242 5657 1318 5718 ιη’
1347 5657 1666 5735 quibusdam
1698 5705 1715 5734 ,
1766 5664 2112 5741 ἀπεστράφη

2205 3192 2364 3241 πους,
2419 3173 2541 3227 οὔτε
2575 3164 2810 3246 ποταμοὶ
2861 3178 3202 3233 πιστεύονται
3251 3182 3417 3253 μηδὲν
3464 3185 3743 3252 ἐφέλκεσθαι

2203 3267 2296 3320 τοῦ
2327 3266 2701 3338 μολύσματοςο
2753 3271 2848 3322 καὶ
2877 3270 2934 3322 τὸ
2964 3270 3396 3342 παραδοξότατον
3431 3274 3526 3345 (4),
3568 3275 3635 3339 ὡς
3658 3278 3742 3346 ἄγη

2209 3359 2310 3430 μὲν
2333 3359 2728 3429 ἀπελαύνομεν,
2751 3360 2826 3423 ὡς
2848 3358 2903 3412 δὲ
2929 3361 3079 3415 οὐδὲν
3120 3362 3426 3428 λυποῦντας
3467 3366 3618 3420 πάλιν
3637 3370 3744 3438 πρὸς

2206 3453 2352 3523 ἡμᾶς
2390 3452 2590 3516 αὐτοὺς
2622 3453 3021 3525 ὲπιστρέφομεν
3051 3454 3150 3527 (5),
3201 3457 3301 3510 οὐκ
3336 3458 3547 3528 οἴκησιν
3583 3461 3744 3512 ἀπονέ-

2211 3560 2421 3614 μοντες,
2453 3543 2512 3597 οὐ
2540 3543 2639 3607 τὰς
2669 3543 2971 3613 ἀναγκαίας
3006 3546 3231 3618 τροφὰς,
3263 3549 3322 3600 οὐ
3354 3548 3636 3621 θεραπείαν
3659 3555 3747 3613 τοῖς

2207 3635 2534 3708 τραύμασιν,
2563 3635 2622 3688 οὐ
2648 3635 2823 3707 σκέπῃ
2851 3636 2950 3706 τὴν
2970 3636 3123 3690 νόσον
3153 3638 3232 3701 εἰς
3260 3638 3490 3710 δύναμιν
3515 3643 3750 3712 περιστέλ-

2207 3727 2407 3791 λοντες.
2434 3729 2531 3782 Διά
2552 3728 2707 3781 τοῦτο
2734 3729 3166 3802 περιπλανῶνται
3205 3734 3400 3796 νυκτὸς
3428 3735 3522 3786 καὶ
3548 3736 3746 3806 ἡμέρας,

2207 3821 2421 3892 ἄποροι,
2467 3823 2561 3874 καὶ
2589 3822 2805 3892 γυμνοὶ,
2849 3821 2944 3874 καὶ
2969 3822 3228 3888 ἀνέστιοι,
3264 3825 3365 3896 τὴν
3404 3827 3556 3880 νόσον
3581 3829 3751 3880 ἐπιδει-

2209 3911 2450 3978 κνύντες,
2485 3912 2553 3966 τά
2581 3915 2785 3985 ἀρχαῖα
2813 3916 3242 3989 ἐκδιηγούμενοι,
3275 3920 3366 3974 τὸν
3399 3922 3636 3991 Πλάπην
3653 3925 3750 3974 ἐπι.

2210 4002 2493 4074 ϐοώμενοι,
2524 4005 2794 4078 χρώμενοι
2835 4010 2949 4070 τοῖς
2990 4009 3234 4081 ἀλλήλων
3283 4012 3502 4082 μέλεσιν
3532 4014 3641 4067 ἀντὶ
3659 4014 3749 4065 τῶν

2209 4095 2520 4162 λειπόντων,
2560 4101 2809 4169 σοφισταὶ
2839 4101 3014 4170 μελῶν
3045 4103 3308 4158 ἑλκόντων
3334 4105 3504 4170 ἔλεον,
3542 4106 3686 4178 ἄρτου
3708 4123 3750 4157 τι

2215 4187 2405 4257 μικρὸν
2435 4188 2730 4254 αἰτοῦντες,
2763 4191 2795 4262 ἥ
2831 4193 2960 4262 ὄψου
2986 4211 3038 4245 τι
3060 4193 3136 4263 (6)
3169 4194 3523 4265 βραχύτατον,
3551 4197 3580 4265 ῆ
3614 4197 3750 4266 (iam;

2211 4275 2560 4351 τιτρύχινον,
2618 4283 2868 4356 βοήθημα
2902 4288 2998 4358 τῆς
3057 4288 3334 4359 αἰσχύνης,
3365 4290 3398 4361 ἢ
3435 4288 3750 4360 ’παραμυθίαι

2212 4372 2320 4434 τοῖς
2346 4372 2526 4426 ἕλκεσι
2561 4365 2664 4445 7)ξ
2711 4375 2819 4429 Καὶ
2842 4377 3218 4450 φιλάνθρωπος
3262 4375 3417 4446 οὗτος
3455 4384 3643 4448 αὐτοῖς,
3672 4383 3750 4448 οὐχ

2287 4617 2603 4700 Ιζλέον·Ζ
2630 4620 2810 4700 Οιξ-Ξ,
2853 4622 3028 4700 κλεῖον
3178 4641 3275 4694 pro
3310 4629 3533 4700 πλεῖον).

2282 4687 2360 4828 (2)
2406 4687 2657 4758 Ἀγορᾶς.
2683 4689 2900 4760 Chrys.,
2928 4687 3162 4764 ἀγορῶν.

2305 4759 2359 4825 5)
2389 4760 2574 4828 Πηγαὶ
2595 4759 2868 4827 ῥέουσαι,
2897 4766 3162 4828 τούτοις-α

2305 4759 2359 4835 _3)
2389 4760 2574 4828 Πηγαὶ
2595 4759 2868 4835 ρέουλσριι,
2897 4759 3126 4831 τούέοις
3147 4766 3337 4819 κοιναὶ
3377 4769 3522 4835 πρός
3645 4771 3754 4822 Va-r-

2211 4829 2275 4880 tit
2311 4831 2575 4910 interpres
2595 4833 2756 4910 quasi
2789 4833 3008 4902 legisset
3047 4852 3062 4889 :
3102 4829 3298 4907 ίΠηγαὶ
3334 4829 3513 4910 ῥέουσι
3544 4840 3750 4903 τούτοις,

2209 4899 2384 4969 κοιναὶ
2405 4899 2544 4969 πρός
2667 4901 2804 4954 Edit.

2279 4968 2356 5038 (4)
2387 4968 2897 5038 Παραεοξότᾳτον.
2927 4973 3020 5030 Or.
3054 4975 3090 5028 2
3120 4977 3265 5032 addit
3301 4994 3314 5030 :
3351 4971 3413 5031 οὗ
3434 4979 3476 5030 δ’
3509 4980 3574 5033 ἂν
3604 4974 3751 5034 ὦσινα

2210 5049 2262 5120 et
2291 5036 2430 5120 Gab.
2485 5039 2617 5093 ὅπου
2648 5041 2712 5094 ἂν
2745 5036 2898 5110 ὦσιν,
2963 5063 2982 5097 ‹
3014 5046 3314 5117 ubicunque
3347 5049 3566 5115 fuerint,
3600 5063 3654 5104 ut
3681 5068 3747 5120 pc-

2213 5119 2346 5161 stem
2382 5109 2690 5174 horremus,
2721 5131 2738 5164 ι
2784 5123 2888 5168 etc.

2258 5176 2356 5265 ,(5)
2405 5178 2884 5265 Ἐπιᾳτρέφομεη.
2922 5185 3104 5265 Schql.
3137 5206 3151 5243 ε
3183 5188 3260 5265 ᾼι*
3284 5179 3359 5265 ὧν
3392 5189 3452 5265 οὐ
3486 5191 3754 5265 ποιούμεθα

2213 5251 2390 5334 αὐτῶν
2423 5251 2723 5334 ⁹πρόνοιανζ
2752 5251 2919 5334 πρὸς.
2959 5259 3105 5328 ἡμᾶς
3151 5259 3347 5322 αὐτοὺς
3404 5251 3754 5330 ἁναγκὰξψεν

2213 5318 2596 5400 ἐπιστρέφειν·
2638 5323 2759 5400 «ΠΕΟ
2782 5318 2920 5393 quod
2952 5318 3136 5400 eorum
3170 5318 3353 5382 curam
3386 5345 3488 5382 non
3519 5318 3753 5400 geri-nius.

2216 5389 2548 5465 illo-s‘atlltos
2572 5395 2747 5448 redire
2778 5389 3164 5465 compellimus.
3194 5417 3213 5450 ι

2214 5526 2248 5598 ἢ
2280 5457 2661 5596 ἑῗίξιζόόιξρέ)
2693 5480 2766 5519 τι.
2805 5457 2953 5522 Unus
2994 5468 3152 5540 Reg.,
3201 5468 3236 5540 ἦ
3269 5466 3402 5537 ὄψον
3437 5486 3508 5522 τι.
3543 5471 3599 5523 In
3634 5470 3755 5530 Pan,

2306 5564 2676 5679 πᾏάἧῶἓά
2803 5606 3030 5679 ἕλκεσι.
3081 5608 3292 5670 Billius.
3343 5628 3362 5661 ι
3392 5625 3498 5679 quo
3519 5609 3756 5679 pudendis

2215 5675 2460 5796 fglraplﬁrls
2488 5677 2732 5742 partibus
2771 5678 3050 5746 auxilium,
3101 5690 3193 5734 aut
3226 5675 3498 5736 ulceribus
3521 5675 3752 5738 solatium

2437 5757 2455 5792 ι
