3844 6390
122 380 199 436 επ.
656 432 669 446 ‘
966 358 1221 413 ORATIO
1260 358 1396 411 XIV.
1440 387 1506 397 --
1547 355 1632 409 DE
1670 352 2047 411 PAUPEBUM
2087 352 2345 409 AMORE.

3185 356 3289 411 87L

117 494 159 556 ὃς
185 487 297 560 πρὸς
344 480 431 551 τὴν
464 478 644 549 χρείαν
686 480 938 549 ἤρκεσεν,
973 479 1085 530 ἀλλ’
1116 480 1262 541 ὅστις
1315 480 1386 549 μὴ
1424 478 1626 549 πικρῶς

1736 493 1840 547 quo
1875 476 2131 546 pudorem
2183 484 2454 537 tueantur,
2497 483 2549 527 et
2593 472 2769 528 ulcera
2804 474 3038 531 foveant.
3082 476 3160 530 Ac
3188 477 3287 531 beo

118 574 438 646 ἀπεπέμψατο.
476 570 535 621 Οἱ
584 570 766 622 πολλοὶ
793 569 848 622 δὲ
873 570 1053 621 αὐτῶν
1098 570 1216 622 οὐδὲ
1248 571 1336 621 ὑπ’
1369 571 1626 638 αἰσχύνης

112 674 185 735 τὰς
214 662 518 734 πανηγύρεις
554 660 864 728 φεύγουσιν,
908 662 1035 713 αὐτὸ
1065 661 1139 731 (8)
1174 661 1270 731 μὲν
1289 657 1379 713 οὖν
1407 661 1626 712 τούναν-

113 764 198 815 τίον
222 760 287 820 είς
309 753 495 815 ταύτας
530 751 792 806 ὠθοῦνται
829 753 914 806 διὰ
938 754 1034 823 τὴν
1078 754 1265 824 χρείαν
1288 768 1303 782 ⁸
1340 754 1538 815 ταύτας
1565 752 1629 823 δή

110 853 218 919 λέγω
245 847 332 909 τὰς
359 842 663 914 πανδήμους
691 844 765 913 (9)
812 846 905 897 καὶ
934 844 1104 915 ἱερὰς,
1138 842 1203 907 ἃς
1230 845 1391 912 ἡμεῖς
1419 844 1514 895 ἐπὶ
1542 841 1631 894 θε-

113 941 271 1015 ραπείᾳ
293 937 391 991 τῶν
411 936 594 1005 ψυχῶν
621 934 914 1007 ὲξεύρομεν
946 936 1083 1006 (10),
1108 937 1139 1006 ἦ
1184 935 1323 987 κατὰ
1348 952 1398 987 τι
1427 935 1630 1006 μυστή-

112 1051 196 1103 ριον
226 1029 492 1089 συνιόντες,
543 1026 574 1097 ἢ
605 1030 716 1090 τοῖς
766 1030 1001 1100 μάρτυσι
1039 1028 1135 1097 τῆς
1164 1025 1419 1096 ἀληθείας
1453 1042 1627 1095 πανη-

108 1125 388 1198 γυρίζοντες,
440 1120 503 1171 ἵν’
533 1113 607 1175 ὧν
636 1121 763 1184 τοὺς
795 1120 1011 1188 ἀγῶνας
1033 1120 1298 1190 τιμῶμεν,
1335 1117 1631 1189 μιμώμεθα

107 1221 175 1271 καὶ
197 1216 280 1287 τὴν
306 1212 594 1267 εύσέῦειαν.
629 1214 738 1266 Καὶ
764 1213 1107 1283 αἰσχύνονται
1146 1212 1241 1281 μὲν
1268 1210 1393 1272 τοὺς
1422 1206 1631 1277 ἀνθρὼ-

106 1326 208 1370 me;
234 1306 310 1359 διὰ
354 1305 446 1375 τὴν
481 1305 787 1375 συμφορὰν,
847 1304 997 1367 ὅντες
1040 1302 1333 1374 ἄνθρωποι,
1387 1300 1482 1353 καὶ
1517 1298 1631 1369 βού-

105 1397 309 1452 λοιντ’ἂν
362 1397 562 1467 ὄρεσιν,
614 1398 646 1467 ἧ
680 1400 962 1468 κρημνοῖς,
1021 1396 1052 1466 ἢ
1086 1394 1259 1458 ὕλαις,
1300 1393 1333 1464 ἢ
1364 1393 1423 1445 τὸ
1448 1391 1628 1465 τελευ·

103 1494 216 1544 ταίον
256 1489 397 1540 νυκτὶ
427 1488 519 1540 καὶ¹
552 1487 724 1557 σκότῳ
751 1486 1279 1559 περικαλύπτεσθαι·
1319 1483 1629 1555 ριπτοῦνται

102 1582 143 1633 δὲ
184 1580 315 1649 ὅμως
352 1580 430 1640 είς
485 1577 669 1647 μέσον,
712 1577 908 1646 φόρτος
940 1576 1189 1639 ἐλεεινὸς,
1242 1575 1337 1627 καὶ
1382 1574 1629 1645 δακρύων

102 1671 234 1738 ἄξιος.
267 1669 428 1722 Τοῦτο
455 1669 553 1739 μὲν
590 1668 721 1733 ἴσως
753 1670 845 1721 καὶ
878 1668 1018 1722 κατὰ
1049 1667 1224 1735 λόγον,
1254 1668 1340 1721 ἵνα
1370 1669 1501 1737 ἡμῖν
1530 1658 1629 1718 ὦσι

100 1762 175 1830 τῆς
196 1759 460 1821 ἀσθενείας
516 1758 671 1829 ἡμῶν
700 1760 1088 1830 ὑπομνήματα,
1149 1758 1243 1811 καὶ
1274 1756 1500 1809 πείθωσι
1534 1774 1630 1826 μη-

1732 568 1927 637 nignus
1966 567 2103 637 ipsis
2140 566 2231 622 ille
2269 577 2371 631 est,
2404 582 2508 622 non
2540 570 2650 636 qul,
2682 567 2822 636 quod
2857 568 2936 622 eis
2965 582 3099 637 opus
3149 580 3285 639 erat,

1730 659 2126 728 suppeditavit,
2184 661 2275 715 sed
2320 662 2408 729 qui
2455 676 2561 719 non
2617 664 2809 718 acerbe
2857 675 2950 715 eos
3000 662 3285 733 ablegavit.

1732 747 1881 803 Multi
1928 757 2106 804 autem
2158 764 2343 805 eorum
2388 767 2455 808 ne
2487 754 2690 823 pudore
2736 754 2948 821 quidem
2984 770 3012 807 a
3062 754 3289 823 publicis

1730 841 2082 895 conventibus
2111 842 2467 907 deterrentur,
2502 846 2629 915 quin
2662 847 2837 917 potius
2864 848 2919 900 in
2942 861 3033 902 eos
3060 861 3179 903 sese
3220 846 3289 901 ob

1731 933 2102 988 necessitatem
2135 933 2445 1003 intrudunt;
2473 937 2601 1004 hos,
2646 943 2886 1009 inquam,
2939 940 3182 1008 publicos
3231 947 3287 993 et

1730 1039 1913 1080 sacros
1948 1034 2263 1094 conventus,
2310 1043 2445 1095 quos
2484 1031 2553 1085 ob
2597 1032 2900 1087 animarum
2947 1033 3283 1088 curationem

1732 1118 2185 1188 excogitavimus,
2230 1129 2321 1174 aut
2360 1122 2602 1191 mysterii
2647 1123 2942 1194 cuiuspiam
2976 1123 3284 1180 celebrandi

1731 1223 1889 1263 causa
1939 1220 2235 1277 coeuntes,
2285 1222 2377 1267 aut
2422 1215 2491 1269 ob
2542 1215 2785 1270 veritatis
2827 1226 3090 1286 martyres
3144 1217 3285 1273 diem

1732 1296 1925 1353 festum
1966 1302 2271 1367 agitantes,
2318 1312 2412 1371 ut,
2461 1319 2685 1373 quorum
2738 1307 3035 1361 certamina
3084 1308 3290 1363 honore

1730 1390 2126 1458 prosequimur,
2152 1406 2337 1445 eorum
2367 1406 2580 1461 quoque
2610 1394 2860 1462 pietatem
2894 1393 3187 1449 imitemur.
3221 1395 3289 1449 Et

1730 1482 1976 1549 quamvis
2026 1483 2299 1537 hominum
2353 1500 2484 1548 ora,
2530 1501 2653 1539 eum
2698 1486 2943 1541 homines
2994 1486 3095 1556 ipsi
3144 1488 3285 1553 sint,

1732 1584 1951 1641 propter
2002 1574 2361 1628 calamitatem
2435 1578 2792 1641 erubescant,
2843 1591 2907 1632 ac
2973 1578 3285 1642 montibus,

1731 1674 1820 1717 aut
1860 1666 2140 1734 praeruptis
2209 1666 2359 1733 locis,
2412 1676 2503 1722 aut
2539 1667 2708 1731 silvis,
2777 1680 2868 1722 aut
2926 1670 3155 1739 denique
3192 1685 3289 1725 no-

1732 1764 1817 1809 ete
1866 1770 1928 1809 ac
1988 1757 2224 1811 tenebris
2252 1758 2427 1825 obtegi
2460 1760 2677 1828 cupiant
2719 1779 2731 1814 :
2770 1760 2822 1814 in
2854 1760 3081 1815 medium
3106 1770 3287 1816 tamen

96 1853 179 1903 δενὶ
202 1850 295 1903 τῶν
348 1852 629 1921 παρόντων
659 1852 752 1903 καὶ
798 1851 1111 1921 ὁρωμένων,
1157 1849 1232 1912 ὡς
1265 1848 1458 1901 ἑστῶτι
1494 1846 1626 1919 (ll),

1736 1848 2053 1917 irrumpunt,
2108 1851 2319 1904 sarcina
2384 1851 2752 1920 miserabilis,
2810 1864 2863 1907 et
2924 1854 3284 1925 lacrymarum

98 1941 453 2013 προστίθεσθαι.
513 1942 857 1997 Ῥιπτοῦνται
892 1943 969 2007 δὲ,
1005 1945 1053 1996 οἰ
1097 1943 1191 2013 μὲν
1221 1940 1486 2012 ἐπιθυμίᾳ
1525 1958 1634 2009 φω-

95 2035 168 2103 νῆς
194 2032 543 2104 ἀνθρωπίνης,
602 2036 649 2087 οἱ
674 2034 729 2087 δὲ
783 2033 1119 2106 προσόψεως,
1144 2035 1192 2086 οἱ
1228 2033 1282 2085 δὲ
1312 2034 1397 2086 ἵνα
1426 2031 1632 2102 βραχέα

96 2128 209 2197 ζωῆς
228 2125 402 2194 ἐφόδια
433 2126 587 2195 παρὰ
614 2126 719 2179 τῶν
746 2124 1075 2198 τρυφώντων
1103 2124 1473 2188 συλλέξωνται,
1494 2122 1629 2174 πάν-

92 2218 222 2281 τεςδὲ
254 2220 334 2271 ἵνα
362 2237 411 2271 τι
447 2219 658 2289 πράους
686 2220 951 2287 γεύωνται
977 2218 1088 2288 (12)
1114 2220 1238 2280 τοὺς
1264 2215 1468 2269 ἑαυτῶν
1493 2214 1627 2285 θρή-

93 2327 188 2372 νους
212 2310 675 2380 δημοσιεύσαντες.

1732 1940 1908 2004 digna.
1954 1940 2009 1994 id
2040 1956 2252 2011 quoque
2299 1942 2526 1999 fortasse
2571 1960 2675 1999 non
2705 1955 2910 2002 temere
2939 1961 3003 2001 ac
3032 1947 3146 2001 sine
3194 1962 3286 2001 ra-

1732 2032 1875 2087 tione
1913 2034 2113 2088 laciunt
2140 2078 2153 2103 ,
2201 2036 2450 2089 nimirum
2496 2046 2551 2089 ut
2601 2054 2696 2092 nos
2737 2039 3066 2095 inﬁrmitatis
3092 2052 3287 2096 nostra;

1729 2126 2086 2181 submoneant
2108 2166 2122 2189 ,
2170 2127 2405 2197 illudque
2435 2130 2588 2185 nobis
2633 2132 3035 2200 persuadeant,
3071 2144 3127 2187 ut
3156 2134 3285 2188 nulli

1729 2230 1908 2269 rerum
1948 2219 2291 2286 praesentium
2332 2230 2490 2289 atque
2530 2222 2582 2275 in
2627 2223 2904 2278 oculorum
2940 2240 3155 2281 sensum
3202 2241 3289 2279 ea-

1726 2304 1968 2359 dentium
1995 2347 2009 2372 ,
2039 2308 2183 2361 velut
2229 2308 2395 2363 iier
2435 2320 2492 2363 et
2535 2311 2753 2377 stabili,
2787 2314 3023 2367 animum
3061 2314 3285 2383 adjicia-

92 2417 203 2456 mus.
237 2400 543 2470 lrrumpunt
594 2413 792 2465 autem,
827 2402 937 2466 alii,
981 2411 1040 2455 ut
1070 2409 1305 2469 Optatam
1338 2398 1610 2452 hominum
1650 2409 1835 2449 vocem
1869 2397 2090 2451 audiant
2132 2419 2143 2454 :
2185 2399 2305 2460 alii,
2338 2408 2396 2452 ut
2440 2414 2625 2455 eorum
2663 2417 2754 2456 ora
2797 2406 3060 2475 aspiciant
3106 2426 3121 2464 :
3159 2411 3285 2473 alii,

92 2504 135 2545 ut
158 2497 329 2566 exigua
364 2497 488 2550 vitae
521 2494 761 2551 subsidia
790 2495 858 2549 ab
921 2496 1021 2559 iis,
1092 2493 1181 2565 qui
1217 2494 1343 2545 luxu
1377 2490 1691 2561 deliciisque
1731 2489 2004 2556 ditlluunt,
2041 2490 2292 2562 colligant
2321 2511 2335 2549 :
2373 2510 2559 2551 omnes
2600 2508 2777 2552 autem
2799 2538 2814 2564 ,
2849 2508 2908 2553 ut
2963 2507 3289 2571 exponendis

92 2590 285 2647 luctibus
315 2595 428 2648 suis
470 2593 789 2647 nonnullum
821 2593 946 2647 hinc
976 2592 1217 2645 levamen
1252 2590 1607 2659 persentiant.

140 2682 222 2736 ll".
250 2682 341 2745 Τίς
363 2684 424 2734 ού
474 2682 815 2736 κατακλᾶται
847 2680 1049 2735 τούτων
1078 2682 1191 2743 τοῖς
1241 2680 1516 2751 ὀδυρμοῖς,
1556 2680 1633 2730 oi-

85 2774 222 2845 κτρὰν
248 2774 536 2841 ξυναυλίαν
598 2774 1025 2845 ἁρμοζομένων;
1074 2773 1155 2838 τίς
1200 2772 1337 2843 ἀκοὴ
1368 2772 1522 2843 φέρει
1571 2769 1632 2823 τὸ

84 2868 327 2935 ἇκουσμας
366 2867 449 2929 τίς
497 2866 623 2935 ὄψις
663 2868 833 2938 χωρεῖ
858 2867 917 2918 τὸ
950 2865 1165 2936 θέαμα;
1196 2865 1260 2916 Οἱ
1306 2864 1404 2934 μὲν
1427 2865 1631 2916 κεῖνται

84 2962 178 3027 μετ’
205 2958 465 3028 ἀλλήλων,
501 2958 691 3021 κακῶς
726 2959 830 3011 ὑπὸ
874 2958 968 3028 τῆς
1000 2958 1155 3010 νόσου
1196 2954 1627 3023 συνεζευγμένοι,

1804 2673 1936 2728 XIII.
1979 2675 2110 2743 Quis
2138 2691 2242 2731 non
2277 2692 2462 2733 eorum
2487 2720 2503 2741 ,
2541 2682 2792 2737 miseram
2822 2687 3128 2742 cantionem
3154 2704 3287 2744 eon-

1730 2766 2101 2832 einnantium,
2153 2769 2445 2838 gemitibus
2498 2770 2804 2841 frangitur?
2844 2774 2973 2843 Quae
3005 2779 3152 2835 auris
3194 2782 3292 2835 hu-

1723 2858 1954 2927 jusmodi
1987 2861 2314 2917 auditionem
2344 2862 2505 2927 ferre,
2537 2866 2657 2934 quis
2695 2867 2884 2924 oculus
2918 2872 3284 2939 spectaculum

1728 2953 1830 3007 hoc
1862 2967 2054 3021 capere
2084 2963 2262 3022 potest
2286 2954 2309 3007 ἲ
2333 2953 2525 3011 Jacent
2552 2957 2625 3011 illi
2657 2959 2837 3023 simul,
2871 2962 3010 3016 male
3043 2978 3070 3015 a
3104 2964 3291 3018 morbo

81 3052 154 3101 καὶ
180 3049 325 3113 ἄλλος
354 3050 486 3104 ἄλλο
536 3068 589 3102 τι
641 3050 738 3120 τῆς
790 3051 1073 3120 συμφορᾶς
1130 3047 1265 3118 πρὸς
1310 3046 1371 3099 τὸ
1400 3045 1626 3098 ἐλεεινὸν

1736 3045 1895 3117 266
1924 3046 2240 3111 consociati,
2279 3055 2442 3117 atque
2473 3049 2560 3101 alii
2593 3050 2739 3103 aliud
2768 3051 3034 3117 quoddam
3065 3052 3287 3107 calami-

79 3140 380 3212 ἑρανίζοντες
406 3160 419 3172 ο
460 3142 563 3196 καὶ
601 3143 735 3195 εἰσίν
780 3140 1026 3212 ἀλλήλοις
1087 3138 1367 3211 προσθήκη
1392 3137 1484 3190 τοῦ
1520 3138 1625 3191 πά-

80 3232 195 3295 θους,
224 3234 446 3287 ἐλεεινοί
496 3234 599 3304 τῆς
650 3233 982 3305 ἀρρωστίας,
1019 3232 1120 3302 τῆς
1151 3230 1490 3300 συμπαθείας
1518 3230 1629 3297 (15)

76 3326 408 3399 ἐλεεινότεροι.
476 3327 833 3399 Περιίσταται
883 3326 995 3395 (14)
1050 3326 1106 3378 δὲ
1162 3326 1359 3389 αὐτοὺς
1405 3324 1628 3395 θέατρον

78 3422 333 3489 συμμιγὲς,
382 3421 799 3489 συναλγούντων
856 3420 975 3491 μὲν,
1032 3418 1167 3472 ἀλλὰ
1197 3420 1523 3490 πρόσκαιρα.
1566 3418 1628 3471 Oi

73 3512 115 3563 δὲ
137 3513 492 3567 κυλινδοῦνται
530 3513 669 3583 πρὸς
704 3516 815 3575 τοῖς
859 3511 983 3564 ποσὶ
1020 3511 1127 3563 τῶν
1171 3510 1466 3583 ἀνθρώπων
1497 3510 1630 3581 ἡλίῳ

74 3606 146 3655 καὶ
172 3605 304 3657 κόνει
331 3624 343 3635 ·
375 3606 498 3657 ἐστι
546 3605 605 3657 δὲ
630 3606 717 3657 ὅτε
757 3602 847 3656 καὶ
882 3604 1112 3673 κρυμοῖς
1151 3602 1381 3673 ἀγρίοις,
1414 3602 1507 3655 καὶ
1533 3601 1631 3671 ὅμ-

73 3695 210 3764 6ροις,
244 3698 336 3749 καὶ
369 3699 651 3767 ταραχαῖς
682 3695 895 3766 ἀνέμων
933 3693 1451 3765 ταλαιπωρούμενοι,
1482 3696 1629 3765 παρὰ

72 3788 285 3841 τοσοῦτον
312 3790 375 3842 ού
405 3789 527 3858 (15)
574 3786 1037 3857 συμπατούμενοι,
1075 3786 1204 3855 παρ’
1244 3785 1365 3837 ὅσον
1394 3784 1505 3856 (16)
1536 3785 1629 3837 καὶ

71 3876 230 3943 ψαύειν
247 3880 429 3933 αὐτῶν
448 3880 571 3949 (17)
608 3877 1023 3948 βδελυσσόμεθα.
1074 3876 1311 3947 Ἀντᾴδει
1339 3876 1395 3929 δὲ
1423 3879 1535 3939 τοῖς
1565 3877 1631 3927 ἱε-

72 3970 158 4034 ροῖς
188 3968 326 4021 ἔνδον
362 3969 597 4039 μέλεσιν
632 3970 660 4021 ὁ
692 3966 797 4019 τῶν
817 3967 1084 4036 αἰτήσεων
1106 3965 1359 4036 ὀδυρμὸς,
1393 3965 1486 4018 καὶ
1508 3968 1629 4028 ταῖς

71 4064 328 4123 μυστικαῖς
369 4062 591 4129 φωναῖς
637 4060 830 4131 θρῆνος
853 4058 1083 4123 ἐλεεινὸς
1139 4058 1536 4128 ἁντεγείρεται.
1564 4059 1628 4110 Τί

68 4146 126 4199 δεῖ
161 4152 333 4205 πᾶσαν
393 4152 591 4205 αὐτῶν
622 4150 935 4221 προτιθέναι
976 4150 1074 4219 τὴν
1116 4149 1401 4220 συμφορὰν
1424 4148 1631 4221 ἀνθρώ-

69 4252 164 4300 ποις
217 4242 729 4313 πανηγινρίζουσιη
768 4242 926 4303 Ἴσως
978 4239 1041 4293 ἂν
1068 4240 1161 4292 καὶ
1190 4240 1316 4310 ὑμῖν
1350 4241 1627 4311 κινήσαιμι

65 4324 247 4395 θρῆνον,
278 4334 328 4384 εἰ
361 4331 558 4384 πάντα
599 4332 999 4402 ὲκτραγῳδοίην
1046 4330 1337 4400 ἐπιμελῶς,
1369 4331 1462 4383 καὶ
1483 4333 1630 4401 νική-

1736 3137 1858 3191 tatis
1885 3152 2053 3208 genus
2086 3138 2152 3193 ad
2184 3138 2604 3193 misericordiam
2638 3141 2884 3197 ciendam
2915 3142 3286 3207 conferentes;

1732 3238 1962 3297 suntque
1984 3230 2083 3283 sibi
2112 3229 2341 3284 invicem
2371 3229 2571 3285 doloris
2595 3232 3040 3300 additamentum,
3068 3235 3141 3290 illi
3168 3236 3289 3305 qui-

1730 3320 1849 3373 dem
1889 3322 1957 3374 ob
2010 3321 2183 3389 ipsum
2230 3322 2476 3377 morbum
2524 3324 2875 3391 miserabiles,
2935 3328 3003 3381 ob
3049 3338 3286 3382 mutuam

1731 3426 1861 3465 vero
1913 3414 2436 3470 commiserationem
2497 3418 2931 3473 miserabiliores.
2967 3420 3293 3476 Circumstat

1732 3512 1908 3556 autem
1963 3520 2057 3560 eos
2118 3505 2483 3575 promiscuum
2533 3508 2822 3571 theatrum,
2887 3512 3283 3567 condolentium

1732 3592 1970 3661 quidem,
2026 3596 2118 3649 sed
2172 3597 2237 3650 ad
2298 3596 2462 3651 breve
2503 3608 2734 3668 tempus.
2773 3596 2837 3651 Hi
2880 3613 3041 3667 porro
3086 3602 3152 3655 ad
3194 3603 3291 3655 bo-

1735 3689 1935 3740 minum
2003 3688 2166 3756 pedes
2249 3688 2604 3754 volutantur,
2664 3706 2783 3745 cum
2849 3692 2977 3747 solis
3037 3703 3172 3747 testu
3236 3703 3292 3749 et

1730 3778 1988 3846 pulvere;
2082 3792 2465 3849 nonnunquam
2540 3781 2700 3835 etiam
2763 3797 2883 3837 cum
2964 3785 3280 3852 asperrimis

1732 3868 2024 3939 frigoribus
2078 3883 2141 3923 ac
2190 3869 2426 3940 pluviis,
2502 3882 2897 3942 ventorumque
2969 3874 3286 3929 tumultibus

1732 3960 2121 4027 conﬂictantes,
2144 3962 2473 4032 pedibusque
2500 3964 2663 4017 etiam
2682 3965 2898 4035 jamjam
2926 3967 3286 4034 percalcandi,

1732 4050 1833 4103 nisi
1883 4050 1963 4104 vel
2021 4051 2292 4105 tantillum
2348 4067 2442 4106 eos
2495 4062 2709 4122 tangere
2760 4056 3285 4111 exhorresceremus.

1732 4139 1899 4196 Porro
1943 4142 2259 4210 petitionum
2274 4184 2281 4193 η,
2311 4144 2539 4214 gemitus
2571 4145 2799 4200 internis
2834 4146 3013 4217 templi
3045 4148 3290 4201 cautibus

1728 4247 1796 4289 ex
1822 4234 2049 4289 adverso
2077 4236 2391 4304 respondet,
2435 4246 2595 4303 atque
2626 4236 2882 4291 adversus
2908 4237 3165 4307 mysticas
3194 4253 3287 4292 vo-

1730 4341 1820 4382 ces
1854 4326 2181 4381 miserabilis
2216 4327 2388 4381 luctus
2420 4330 2708 4383 excitatur.
2744 4328 2880 4395 Quid
2910 4344 3038 4384 vero
3068 4332 3285 4385 univer-

66 4430 129 4467 σει
159 4419 247 4489 τήν
273 4422 476 4493 ἑορτὴν
509 4422 575 4475 τὸ
611 4421 799 4483 πάθος.
844 4421 1000 4489 Λέγω
1025 4420 1132 4491 γὰρ
1158 4417 1248 4474 οὖν
1277 4419 1469 4484 ταῦτα,
1507 4421 1626 4473 ἐπεὶ

1736 4434 1843 4474 sam
1894 4418 2089 4473 horum
2137 4420 2494 4473 calamitatem
2537 4420 2843 4475 hominibus
2899 4421 3092 4475 festum
3139 4422 3281 4474 diem

63 4508 255 4575 μηδέπω
303 4512 559 4583 δύναμαι
602 4511 803 4564 πείθειν
833 4511 996 4580 ὑμᾶς,
1034 4510 1108 4572 ὼς
1143 4510 1255 4563 ἔστι
1290 4510 1417 4563 ποτὲ
1444 4509 1631 4579 ἡδονῆς

60 4594 178 4668 λέπη
218 4603 554 4674 τιμιωτέρα,
582 4602 677 4654 καὶ
722 4602 989 4670 κατήφεια
1016 4600 1394 4671 πανηγύρεως,
1430 4598 1521 4651 καὶ
1547 4598 1630 4665 γέ-

57 4686 195 4754 λωτος
222 4694 281 4746 ού
308 4692 489 4747 καλοῦ
520 4693 760 4762 δάκρυον
787 4690 1195 4760 ἐπαινούμενον.

1730 4508 2127 4564 celebrantibus
2157 4522 2452 4576 proponere
2486 4509 2716 4563 attinet?
2740 4508 2902 4564 Vobis
2934 4525 3145 4579 quoque
3172 4510 3285 4563 fur-

1730 4610 1893 4666 tasse,
1923 4600 1970 4654 si
2000 4601 2181 4655 omnia
2211 4601 2398 4656 sedulo
2419 4611 2473 4655 et
2498 4600 2701 4670 tragice
2730 4601 3073 4669 amplilicem,
3105 4603 3285 4671 lacry-

1728 4705 1841 4746 mas
1867 4705 2102 4755 movero,
2153 4707 2215 4746 ac
2249 4693 2399 4747 dolor
2428 4693 2622 4749 festum
2655 4693 2947 4762 superabit.
2977 4693 3100 4748 Haec
3125 4695 3283 4749 etiam

58 4780 232 4840 idcirco
266 4789 390 4843 dico
418 4831 435 4849 ,
492 4789 628 4857 quia
672 4785 907 4838 nondum
955 4786 1107 4841 vobis
1154 4786 1255 4839 hoc
1298 4774 1625 4851 persuadere
1661 4800 1901 4854 possum,
1965 4788 2266 4844 molestiam
2332 4804 2709 4857 nonnunquam
2742 4790 3034 4860 voluptate,
3064 4799 3119 4845 et
3146 4804 3283 4854 mu;-

52 4875 229 4933 stitiam
259 4880 454 4936 laztitia
480 4920 497 4943 ,
532 4890 593 4933 et
628 4876 922 4933 laudabiles
966 4877 1231 4948 lacrymas
1277 4878 1416 4948 turpi
1451 4889 1611 4947 atque
1650 4881 1895 4937 obsceno
1924 4883 2030 4938 risu
2060 4886 2458 4951 praastantiores
2484 4896 2599 4937 esse
2628 4883 2691 4934 “.

111 4970 151 4999 “
189 4973 367 5027 Eecle.
408 4991 520 5036 vn,
558 4973 611 5026 5.

108 5064 176 5130 (8)
203 5068 383 5120 Αὐτό.
420 5065 526 5121 Or.
555 5066 613 5121 ‘2.
642 5066 793 5119 αὐτοί
825 5064 1032 5135 [male].

51 5198 91 5252 in
109 5134 312 5254 l9;_‘7‘dc
346 5136 745 5204 πανδήμους.
783 5130 874 5190 Sic
900 5130 1135 5204 quinque
1157 5130 1322 5200 Regg.
1344 5130 1500 5185 Deest
1524 5132 1620 5193 τάς

117 5220 189 5254 eu
220 5248 232 5254 -

50 5205 91 5252 in
117 5205 232 5258 etlii.

106 5274 204 5343 (10)
242 5276 648 5345 Ἐξεύρωμεν.
678 5275 769 5330 Or.
795 5275 851 5338 Ξ,
896 5273 1214 5342 ὲξεύραμεν.
1239 5270 1439 5332 Oxon.,
1470 5270 1619 5340 ἐξηύ-

50 5355 209 5410 metv-

103 5412 204 5485 (11)
239 5415 520 5470 Ἐστῶτι.
558 5413 707 5469 Unus
747 5413 900 5480 Reg.,
933 5413 1149 5485 ἑστῶσι.

102 5480 205 5550 (12)
238 5488 491 5553 Πράους
514 5486 826 5554 γεύωνται.
853 5485 942 5539 Sic
964 5484 1241 5554 legendum
1263 5480 1609 5554 arbitrantur,

43 5564 125 5631 pro
156 5550 319 5626 ῥᾴους
346 5550 659 5631 γένωνται,
703 5554 843 5631 quod
882 5555 934 5608 in
984 5550 1145 5631 editis
1175 5550 1388 5631 legitur,
1416 5552 1468 5603 in
1498 5551 1615 5619 qui-

39 5620 124 5678 bus
143 5620 285 5681 ee'rte
323 5620 1150 5700 mendumirrepsit,_exciso.n
1179 5622 1232 5700 in
1262 5621 1430 5700 prima
1458 5633 1609 5700 vo_c_e,

39 5703 82 5741 et
117 5706 322 5749 mutato
361 5715 395 5748 υ
434 5697 497 5750 in
542 5712 576 5747 ν
609 5696 662 5748 itt
698 5690 951 5748 secunda.
985 5693 1060 5745 lta
1092 5691 1284 5761 legisse
1319 5699 1371 5743 et
1408 5690 1615 5761 intelle-

40 5761 164 5818 xisse
197 5766 464 5819 videntur
510 5764 705 5817 Billius
744 5772 796 5816 et
824 5758 1167 5816 Gabrielius.‘
1188 5758 1397 5813 Primus
1435 5760 1487 5813 in
1516 5775 1613 5812 no—

40 5832 92 5887 lis
119 5836 272 5892 vertit
304 5854 318 5888 :
362 5856 381 5887 t
411 5843 478 5888 ut
515 5834 725 5901 aliquid
770 5832 1049 5887 levationis
1104 5830 1361 5885 sentiant.
1391 5848 1408 5880 ι
1470 5830 1614 5883 Alter

299 5933 609 5997 PATROL.
642 5929 759 5989 Gtt.
790 5926 1062 5988 XXXV.

1730 5063 1783 5116 in
1827 5070 1971 5115 textu
2001 5078 2030 5134 _:
2080 5080 2096 5110 ‹
2130 5069 2184 5134 ut
2228 5059 2467 5134 nonnihil
2508 5059 2767 5134 leventur.
2817 5082 2834 5115 ι
2862 5061 3071 5134 _[Forte
3102 5063 3285 5133 legen-

1730 5130 2112 5204 dum,_7rpdtou;
2152 5131 2270 5204 (pro
2292 5130 2541 5204 πράονες)
2573 5132 2880 5204 γένωνταη]

1796 5202 1908 5273 (15)
1939 5201 2332 5273 Σιιμξιαθείᾳς.
2389 5219 2405 5249 t
2433 5200 2513 5255 Ob
2551 5204 2792 5273 ejusdem
2843 5200 3010 5257 morbi
3043 5219 3282 5258 Cummu~

1728 5270 1959 5326 nionem.
1988 5290 2005 5320 ι
2045 5270 2158 5342 ilic
2189 5270 2328 5342 enim
2381 5270 2689 5341 συμπάθεια
2761 5273 3050 5342 signiﬁcat,
3112 5293 3129 5322 ι
3163 5290 3280 5327 eum

1725 5343 1874 5409 plura
1903 5340 2059 5394 simul
2096 5341 2332 5393 membra
2360 5340 2590 5396 doleant.
2618 5361 2637 5393 ι

1787 5411 1898 5480 (14)
1936 5411 2329 5483 Napi/away.
2364 5411 2528 5466 Coisl.
2564 5412 2615 5483 1,
2644 5414 3033 5483 περιίστανται.

1787 5478 1895 5553 (15)
1925 5480 2089 5553 Παρᾲ
2112 5478 2403 5533 τοσοῦτον
2430 5485 2521 5535 οὺ.
2558 5480 2648 5536 Sic
2666 5478 2827 5538 Cbisl.
2846 5483 2901 5537 2.
2922 5484 3091 5549 Edil.,
3113 5499 3281 5553 παρα-

1715 5550 1959 5603 τοσοῦτον
1981 5550 2087 5603 καί.

1786 5621 1897 5690 (16)
1951 5622 2091 5695 IIctp‘
2124 5620 2291 5674 ὅσον.
2320 5619 2409 5676 Sic
2438 5621 2616 5691 plures
2654 5621 2829 5695 Regii.
2876 5623 3016 5679 Edit.
3056 5624 3280 5694 conjun-

1716 5693 1864 5755 ctim,
1898 5691 2155 5762 παρόσον.

1792 5760 2135 5832 (“Membra
2167 5760 2326 5817 Coisl.
2348 5761 2382 5813 ‘2
2410 5762 2576 5830 addit,
2602 5763 2706 5829 ἀεί,
2739 5782 2757 5815 t
2776 5778 3004 5835 semper.
3026 5784 3045 5817 ι

2786 5922 2863 5981 ἓὸ
