3844 6390
522 277 623 335 875
722 320 739 325 ς

1694 236 1697 239 λ
1744 275 1800 328 s.
1844 268 2168 326 casconu
2206 265 2550 322 TltEOLOGl
3629 260 3707 314 876

585 394 727 451 XIV.
768 394 943 464 Atque
972 394 1082 448 haec
1118 394 1332 464 quidem
1371 394 1469 462 illi,
1515 394 1788 463 multoque
1815 394 1920 456 his,
1955 407 2073 460 qua:

2246 391 2340 441 Μ’.
2379 379 2537 440 Οὗτοι
2572 384 2670 455 μὲν
2712 379 2803 436 οὖν
2833 378 3025 443 ταῦτα,
3065 380 3159 432 καὶ
3193 377 3370 448 πολλῷ
3407 395 3468 445 γε
3498 370 3569 430 ῶν
3590 373 3709 432 εἷπον

514 486 772 551 diximus,
816 485 1095 540 miseriora
1134 485 1433 554 perferunt,
1466 485 1541 540 illi
1566 524 1580 548 ,
1617 486 1861 555 inquam,
1897 485 2065 539 nostri

2171 479 2492 550 ἀθλιώτερα,
2521 479 2569 540 οἱ
2592 476 2733 530 κατὰ
2760 475 2891 528 Θεὸν
2924 472 3081 544 ἡμῶν
3112 471 3350 541 ἀδελφοὶ,
3384 472 3489 525 κᾶν
3519 470 3587 540 μὴ
3614 471 3709 541 βού-

512 578 799 631 secundum
830 573 993 628 Deum
1021 572 1240 639 fratres,
1273 575 1485 629 etiamsi
1519 574 1733 639 nolitis,
1801 574 1889 643 qui
1917 588 2068 627 eam-

2189 570 2357 639 t-qGOE,
2384 573 2430 623 οἱ
2459 571 2555 640 τὴν
2597 567 2763 639 αὐτὴν
2799 570 2929 638 ἡμῖν
2974 566 3224 635 λαχόντες
3259 564 3439 634 φύσιν,
3476 564 3525 616 οι
3568 564 3623 615 ἐκ
3640 564 3712 616 τοῦ

512 669 629 723 dem
665 666 939 720 nobiscunt
972 674 1217 719 naturam
1241 668 1380 720 nacti
1414 675 1557 732 sunt,
1586 678 1745 734 atque
1777 680 1839 720 ex
1879 664 2067 719 eodem

512 759 620 813 luto
650 756 884 823 formati,
919 773 983 811 ex
1020 772 1124 825 quo
1159 773 1256 811 nos
1301 758 1531 826 primum
1565 758 1735 813 creati
1773 771 1977 823 sumus,
2017 763 2072 809 et

510 852 599 921 qui
636 851 812 905 nervis
844 861 1006 919 atque
1039 850 1249 905 ossibus
1284 850 1502 920 perinde
1531 865 1593 906 ac
1636 865 1735 905 nos
1766 848 2029 919 compacti
2052 887 2067 912 ,

509 943 597 1011 qui
631 942 853 1012 pellibus
878 951 931 997 et
968 956 1127 996 carne
1153 956 1304 1010 aeque
1336 956 1412 1022 ac.
1432 940 1622 1011 reliqui
1653 956 1841 997 omnes
1873 940 2068 1003 induti,

509 1036 653 1093 velut
678 1036 908 1105 quodam
942 1034 1058 1089 loco
1109 1034 1183 1088 ait
1221 1034 1375 1089 divus
1402 1032 1535 1095 Job,
1569 1036 1619 1089 in
1674 1034 2070 1089 calamitatibus

507 1125 926 1196 philosophans,
974 1135 1135 1193 atque
1182 1140 1297 1180 eam
1349 1126 1516 1179 nostri
1565 1134 1812 1195 partem,
1856 1139 1975 1193 qua:
2017 1124 2067 1175 in

509 1228 781 1289 aspectum
806 1219 968 1283 cadit,
994 1218 1209 1274 elevans
1233 1233 1296 1271 ac
1317 1219 1582 1288 despuens
1606 1235 1620 1282 ;
1660 1218 1857 1287 quique
1883 1217 2069 1282 etiam,

510 1311 791 1380 utmajora
831 1310 1038 1375 dicam,
1095 1310 1383 1381 imaginem
1433 1309 1668 1364 divinam
1700 1348 1715 1373 ,
1757 1309 1976 1377 perinde
2011 1323 2073 1362 ac

510 1419 642 1469 nos,
695 1412 1044 1473 acceperunt,
1093 1402 1389 1472 meliusque
1424 1401 1691 1467 fortasse,
1725 1415 1887 1470 quam
1928 1415 2025 1453 nos
2057 1438 2073 1461 ,

512 1505 726 1552 tuentur
751 1505 910 1565 atque
936 1502 1280 1558 conservant,
1322 1493 1535 1548 etiamsi
1603 1491 1801 1561 alioqui
1835 1491 2075 1559 corpori-

512 1588 611 1642 bus
658 1587 959 1641 labefactati
1003 1595 1161 1654 atque
1209 1585 1450 1654 corrupti
1489 1586 1632 1649 sint;
1687 1584 1777 1653 qui
1825 1582 2073 1637 eumdem

510 1676 783 1732 Christum
815 1676 1108 1731 secundum
1137 1674 1409 1728 internum
1448 1674 1719 1729 hominem
1758 1674 2066 1737 induerunt,

511 1778 671 1839 atque
706 1768 843 1823 idem
888 1768 1117 1838 Spiritus
1165 1767 1356 1837 pignus
1398 1765 1518 1821 fidei
1568 1781 1678 1821 sure
1722 1766 2069 1819 commissum
2104 1744 2145 1797 Β

513 1862 714 1916 habent
749 1879 763 1915 :
792 1859 882 1930 qui
910 1860 1187 1916 nobiscum
1224 1859 1511 1929 participes
1550 1858 1676 1912 facti
1706 1867 1833 1913 sunt
1864 1872 2077 1912 earum-

512 1954 630 2008 dem
691 1952 901 2022 legum,
954 1952 1266 2007 eorumdem
1320 1950 1707 2014 oraculorum,
1769 1952 2073 2004 testamen-

513 2054 712 2111 torum,
757 2058 1133 2110 cunventuum,
1194 2045 1591 2116 mysteriorum,
1636 2043 1876 2113 ejusdem
1921 2045 2074 2111 spei:

510 2153 609 2209 pro
676 2140 869 2209 quibus
934 2138 1225 2203 Christus,
1288 2138 1382 2206 qui
1441 2138 1601 2192 totius
1651 2138 1832 2191 mundi
1886 2150 2078 2206 pecca-

516 2239 624 2283 tum
654 2231 785 2285 tollit
807 2232 874 2295 7',
899 2244 1051 2299 aeque
1078 2237 1303 2283 mortem
1329 2228 1527 2284 subiit:
1563 2228 1653 2297 qui
1686 2228 1925 2283 caelestis
1955 2228 2075 2281 vita:

2171 664 2334 718 αὐτοῦ
2357 664 2525 735 πηλοῦ
2560 662 2950 735 διηρτισμένοι,
2983 660 3039 726 ἐξ
3069 655 3129 713 οὗ
3165 660 3228 712 τὸ
3271 658 3491 729 πρῶτον
3538 660 3715 725 γεγόνα-

2176 774 2294 826 μεν,
2324 756 2372 808 οἱ
2402 756 2611 826 νεύροις
2642 754 2732 807 καὶ
2774 753 2977 816 ὀστέοις
3001 750 3299 822 ἐνειρμένοι
3322 749 3433 819 (l8)
3465 747 3717 818 παραπλη-

2176 849 2305 911 σίως
2333 850 2485 920 ἡμῖν,
2537 848 2586 900 οἱ
2619 846 2795 919 δέρμα
2828 846 2921 898 καὶ
2979 844 3147 915 κρέας
3196 842 3533 912 ἐνδεδυμένοι
3583 843 3714 893 πᾶσιν

2174 940 2393 1010 ὁμοίως,
2422 938 2497 1002 ὥς
2520 938 2619 992 πού
2648 956 2810 1009 φησιν
2844 940 2871 990 ὁ
2902 937 3043 999 θεῖος
3082 934 3200 988 Ἰὼϐ
3226 933 3596 1005 ἐμφιλοσοφῶν
3628 937 3712 996 toi;

2175 1031 2392 1096 πάθεσι,
2450 1032 2543 1085 καὶ
2588 1031 2860 1085 διαπτύων
2916 1029 3074 1101 ἡμῶν
3120 1028 3231 1100 (19)
3277 1028 3338 1081 τὸ
3390 1027 3712 1096 φαινόμενον

2178 1125 2373 1195 μᾶλλον
2395 1124 2468 1187 δὲ,
2489 1136 2534 1176 ει
2553 1123 2657 1195 χρὴ
2681 1123 2737 1176 τὸ
2754 1122 2934 1194 μεῖζον
2947 1123 3141 1185 εἰπεῖν,
3161 1122 3207 1174 οἱ
3222 1119 3283 1173 τὸ
3307 1121 3426 1173 κατ’
3444 1118 3715 1187 εἰκόναιὲθ)

2174 1218 2266 1271 καὶ
2313 1216 2565 1286 λαχόντες
2618 1216 2818 1279 ὁμοίως
2866 1216 3017 1285 ἡμῖν,
3059 1214 3151 1267 καὶ
3206 1212 3566 1281 φυλάσσοντες
3616 1213 3716 1274 ἴσως

2176 1310 2316 1381 ὑπὲρ
2352 1311 2521 1381 ἡμᾶς,
2575 1309 2622 1361 εἰ
2672 1308 2764 1361 καὶ
2786 1307 2854 1361 τὰ
2887 1305 3111 1377 σώματα
3160 1304 3559 1375 διεφθάρησαν
3583 1306 3623 1354 οἱ
3646 1304 3714 1354 τὸν

2175 1401 2334 1455 αὐτὸν
2378 1402 2715 1470 ἐνδεδυμένοι
2747 1398 2979 1470 Χριστὸν
3016 1398 3155 1452 κατὰ
3192 1398 3283 1451 τὸν
3314 1396 3422 1449 ἔσω
3447 1395 3712 1465 ἄνθρωπον.

2176 1496 2270 1550 καὶ
2296 1494 2385 1547 τὸν
2408 1494 2568 1547 αὑτὸν
2595 1495 2727 1563 ἡμῖν
2758 1490 3135 1554 πιστευθέντες
3151 1489 3448 1561 ἀρραϐῶνα
3477 1487 3565 1540 τοῦ
3587 1488 3715 1540 [lysi-

2184 1604 2388 1657 ματοςο
2421 1589 2469 1640 ot
2517 1587 2624 1640 τῶν
2665 1586 2842 1639 αὐτῶν
2871 1587 3001 1655 ἡμῖν
3044 1583 3402 1654 μετασχόντες
3437 1583 3625 1651 νόμων,
3650 1580 3714 1631 λοι

2178 1679 2329 1748 γίων,
2380 1678 2672 1750 διαθηκῶν,
2733 1678 3025 1743 συνάξεων,
3093 1674 3425 1746 μυστηρίων,
3490 1672 3712 1725 ἐλπίδων

2175 1771 2313 1842 ὑπὲρ
2342 1763 2416 1825 ὧν
2448 1771 2681 1842 Χριστὸς
2733 1770 2933 1840 ὁμοίως
2958 1768 3244 1830 ἀπέθανεν,
3289 1770 3316 1821 ὁ
3356 1765 3553 1827 παντὸς
3578 1766 3712 1834 αἴρων

2174 1862 2271 1934 τὴν
2331 1863 2601 1934 ἁμαρτίαν
2634 1861 2726 1914 τοῦ
2785 1861 3027 1932 κόσμου’
3091 1862 3140 1913 οἱ
3187 1857 3605 1929 συγκληρονόμοι
3637 1856 3715 1923 τῆς

2175 1956 2286 2010 ἄνω
2331 1953 2495 2027 ζωῆς,
2545 1956 2638 2009 καὶ
2680 1955 2727 2006 εἰ
2773 1954 3057 2027 παραπολὺ
3097 1953 3207 2023 (2i)
3262 1953 3362 2022 τῆς
3409 1948 3627 2003 ἐνταῦθα
3653 1948 3711 1998 δι-

2178 2051 2443 2120 ήμαρτον·
2478 2050 2526 2101 οἱ
2560 2049 2984 2119 συνθαπτόμενοι
3020 2045 3239 2116 Χριστῷ
3268 2043 3405 2114 (22),
3436 2045 3528 2093 καὶ
3562 2057 3715 2091 συνανέ-

2177 2141 2471 2212 ιστάμενοι·
2508 2142 2662 2213 εἴπερ
2694 2158 2756 2194 συ
2767 2139 3126 2211 μπάσχουσιν,
3157 2138 3244 2190 ἴνα
3275 2136 3368 2189 καὶ
3394 2132 3713 2199 συνδοξασθῶ

2183 2250 2286 2286 σιν.

514 2321 818 2377 οοιιειετθᾶεε
846 2332 969 2377 sunt
994 2323 1059 2386 ",
1094 2323 1302 2377 etiamsi
1342 2336 1563 2393 prorsus
1603 2331 1812 2377 terrena
1867 2322 2123 2379 felicitate
2176 2327 2419 2382 deStituti
2451 2349 2463 2383 :
2500 2328 2589 2397 qui
2625 2343 2745 2383 cum
2787 2327 3003 2383 Christo
3032 2323 3383 2387 sepeliuntur,
3436 2335 3503 2375 ac
3528 2332 3636 2373 cum
3665 2331 3717 2369 eo

514 2414 579 2469 ad
614 2415 784 2469 vitam
815 2415 1043 2469 redeunt
1066 2416 1108 2446 ⁷⁷
1145 2432 1158 2466 :
1192 2415 1455 2483 siquidem
1484 2414 1902 2483 compatiuntur,
1941 2425 1996 2470 ut
2023 2425 2076 2471 et
2114 2419 2582 2490 conglorificentur
2605 2421 2674 2475 ".

586 2505 745 2576 267
808 2503 923 2559 XV.
966 2505 1101 2571 Quid
1151 2514 1327 2559 autem
1378 2519 1505 2570 nos,
1563 2506 1757 2575 quibus
1821 2521 2072 2577 magnum

518 2599 649 2654 illud
682 2613 746 2653 ac
769 2614 964 2655 novum
1000 2613 1193 2653 nomen
1222 2598 1433 2668 obtigit,
1462 2607 1519 2651 ut
1543 2614 1571 2652 a
1592 2597 1806 2654 Christo
1838 2600 2076 2654 nomine-

519 2706 658 2755 mur,
691 2697 1054 2760 genssancta,
1076 2689 1252 2757 regale
1278 2688 1657 2753 sacerdotium,
1690 2688 1917 2758 populus
1943 2688 2081 2743 sele-

518 2791 637 2838 ctus
656 2790 709 2835 et
739 2780 1023 2851 peculiaris
1046 2781 1113 2846 7°,
1140 2781 1402 2834 bonorum
1431 2786 1485 2834 et
1506 2780 1819 2834 salutarium
1856 2794 2077 2850 operum

520 2882 752 2928 sectator
783 2873 863 2939 ⁸¹³;
938 2872 1031 2942 qui
1076 2872 1279 2927 Christi
1340 2870 1582 2942 discipuli
1644 2887 1861 2939 sumus,
1914 2873 2080 2933 mitis.

520 2966 761 3035 inquam,
787 2964 928 3019 illius
953 2973 1007 3018 et
1031 2963 1243 3033 benigni
1273 2963 1341 3027 ⁸¹,
1377 2963 1469 3032 qui
1498 2963 1842 3018 infirmitates
1870 2972 2084 3018 nostras

2252 2508 2352 2566 IE'.
2383 2511 2447 2564 Τί
2475 2512 2531 2564 δὲ
2564 2512 2675 2581 (25)
2724 2514 2905 2583 ἡμεῖς,
2947 2510 2998 2563 οἱ
3034 2510 3092 2563 τὺ
3125 2509 3266 2580 μέγα
3297 2506 3392 2561 καὶ
3421 2504 3597 2558 καινὸν
3624 2504 3720 2556 δνοι

2187 2620 2261 2674 μα
2314 2603 2738 2675 κεκληρωμένοι,
2794 2602 2855 2655 τὸ
2904 2600 3183 2655 καλεῖσθαι
3228 2600 3335 2653 ἀπὸ
3393 2594 3637 2667 Χριστοῦ,
3675 2593 3723 2644 τὸ

2185 2694 2337 2762 ἆγιον
2391 2695 2561 2758 ἔθνος,
2595 2695 2656 2748 τὸ
2701 2694 2968 2764 βασίλειον
3021 2692 3339 2764 ἱεράτευμα,
3388 2691 3417 2741 ὁ
3451 2685 3723 2758 tetatenim;

2185 2783 2312 2848 λαὸς
2340 2785 2448 2854 (9.4)
2496 2785 2591 2838 και
2640 2785 2934 2856 ἐξαίρετος,
2982 2788 3009 2838 ὁ
3058 2783 3301 2855 ζηλωτὴς
3358 2780 3537 2833 καλῶν
3576 2778 3724 2847 ἔργων

2190 2878 2283 2929 καὶ
2355 2875 2658 2947 σωτηρίων,
2731 2878 2781 2929 ot
2842 2874 3077 2948 Χριστοῦ
3142 2874 3382 2945 μαθηταὶ
3443 2870 3533 2924 τοῦ
3576 2870 3724 2939 πράου

2191 2969 2285 3020 καὶ
2354 2966 2753 3043 φιλανθρώπου,
2826 2967 3054 3031 καὶτὰς
3105 2966 3386 3027 ἀσθενείας
3439 2960 3589 3033 ἡμῶν
3650 2958 3728 3028 βα·

519 3058 754 3128 portavit
802 3058 872 3120 ⁸⁸,
919 3056 1007 3126 qui
1046 3070 1216 3125 usque
1256 3056 1323 3109 ad
1372 3055 1805 3124 conspersionem
1843 3066 2078 3110 nostram

2194 3060 2503 3125 στάσαντος,
2564 3060 2656 3112 τοῦ
2712 3058 3140 3123 ταπεινώσαντος
3198 3056 3388 3111 ἑαυτὸν
3456 3054 3607 3125 μέχρι
3650 3052 3728 3103 τοῦ

520 3163 641 3205 sese
674 3149 904 3218 deiecit,
941 3148 1031 3217 qui
1062 3156 1280 3218 propter
1315 3161 1413 3201 nos
1446 3147 1628 3202 carnis
1667 3147 1826 3217 hujus
1862 3148 2078 3203 terreni-

2189 3153 2453 3223 ἡμετέρου
2508 3152 2846 3223 φυράματος,
2902 3150 2995 3204 τοῦ
3046 3151 3112 3203 δι’
3147 3151 3293 3221 ἡμᾶς
3353 3146 3731 3217 πτωχεύσαντος

520 3254 625 3309 que
643 3239 965 3295 tabernaculi
1002 3247 1365 3309 paupertatem
1391 3237 1584 3303 subiit,
1621 3247 1676 3292 et
1702 3247 1884 3292 nostra
1927 3252 2078 3291 causa

2191 3243 2289 3312 τὴν
2353 3242 2528 3313 σάρκα
2584 3243 2787 3312 ταύτην
2838 3240 2930 3295 καὶ
2982 3240 3041 3294 τὸ
3117 3240 3318 3309 γεῶδες
3376 3237 3588 3307 σκηνος,
3653 3234 3731 3286 καὶ

522 3331 576 3385 in
612 3331 882 3387 doloribus
914 3341 969 3385 et
1002 3330 1346 3401 languoribus
1379 3340 1625 3385 versatus
1651 3340 1754 3394 est,
1783 3337 1841 3384 ut
1872 3344 1968 3384 nos
2008 3330 2078 3382 dii

2189 3336 2529 3408 ὀδυνηθέντος
2592 3336 2684 3388 καὶ
2754 3333 3177 3405 μαλακισθέντος
3233 3331 3372 3401 ὑπὲρ
3441 3328 3610 3399 ἡμῶν,
3661 3327 3733 3377 ἵνα

521 3423 762 3478 vinitatis
798 3438 926 3494 opes
974 3437 1367 3492 consequamur
1388 3422 1432 3454 ⁸³
1477 3441 1489 3476 :
1524 3423 1647 3491 quid
1682 3437 1777 3476 nos
1799 3464 1813 3486 ,
1844 3421 2078 3491 inquam,

2189 3429 2346 3499 ἡμεῖς
2401 3426 2512 3498 (25)
2597 3425 2986 3495 πλουτήσωμεν
3040 3422 3137 3493 τὴν
3208 3420 3436 3490 θεότητα
3487 3416 3619 3487 (26);
3680 3414 3733 3465 Τί

522 3514 613 3584 qui
656 3523 862 3569 tantum
895 3515 1282 3569 misericordia:
1309 3524 1363 3569 et
1392 3516 1877 3571 commiserationis
1906 3530 2078 3570 exem-

2189 3516 2276 3572 οὖν
2322 3521 2501 3589 ἡμεῖς,
2537 3519 2586 3571 οἱ
2640 3517 2891 3571 τοσοῦτον
2949 3513 3344 3583 εὐσπλαγχνίας
3402 3510 3496 3564 καὶ
3541 3514 3732 3577 συμπει-

521 3605 669 3675 plum
700 3606 1005 3676 accepimus
1032 3624 1047 3672 ;
1094 3607 1220 3677 quid
1252 3608 1317 3662 de
1350 3608 1433 3662 his
1457 3608 1837 3678 cogitabimus,
1869 3615 1923 3662 et
1959 3607 2086 3676 quid

523 3697 820 3754 faciemus?
845 3699 925 3753 An
951 3712 1043 3753 eos
1077 3699 1525 3754 contemnemus?
1555 3716 1621 3754 an
1658 3698 2088 3770 praeteribimus?

525 3803 591 3842 an
619 3799 678 3843 ut
715 3798 975 3851 mortuos,
1008 3796 1065 3841 ut
1096 3788 1476 3855 exsecrabiles,
1512 3798 1570 3842 ut
1601 3788 2090 3858 perniciosissimos

525 3893 768 3949 quosque
787 3888 1066 3947 serpentes
1089 3894 1151 3934 ac
1179 3879 1321 3934 feras
1345 3879 1690 3934 deseremus?
1715 3877 2085 3947 Nequaquam,

526 3972 744 4025 fratres.
777 3970 1026 4025 Alienum
1058 3971 1157 4025 hoc
1190 3986 1218 4023 a
1264 3971 1423 4025 nobis
1464 3980 1581 4033 est,
1609 3970 1699 4039 qui
1735 3969 1936 4023 Christi
1960 3983 2087 4023 oves
2122 3974 2125 3979 '

520 4062 795 4125 Sumus“,
843 4062 969 4116 boni
1020 4061 1159 4117 illius
1190 4061 1451 4129 Pastoris,
1476 4062 1568 4130 qui
1616 4069 1885 4130 errantem
1934 4074 2085 4114 ovem

531 4153 771 4218 reducit,
800 4162 853 4207 et
886 4153 1147 4222 perditam
1189 4153 1459 4222 conquirit
1490 4153 1560 4220 ⁸⁸,
1585 4162 1639 4207 et
1670 4151 1938 4206 infirmam
1968 4166 2089 4205 cor-

529 4244 747 4299 roborat
767 4245 812 4277 ⁸⁸
837 4245 1111 4317 {alienum
1152 4244 1277 4299 item
1318 4245 1384 4297 ab
1428 4244 1660 4297 humana
1699 4252 1887 4298 natura
1912 4282 1927 4307 ,
1972 4257 2090 4312 qua:

530 4337 1053 4407 commiserationem
1088 4336 1253 4392 veluti
1286 4336 1393 4389 lata
1432 4336 1551 4405 lege
1574 4335 1775 4399 sanxit,
1806 4344 1991 4404 utpote
2017 4350 2083 4389 ex

2188 3610 2336 3674 θείας
2387 3610 2639 3674 λαϐόντες
2700 3609 3036 3683 ὑπόδειγμα·
3097 3607 3150 3659 τί
3196 3600 3579 3672 διανοησόμεθα
3626 3598 3735 3669 περὶ

2187 3700 2408 3765 τούτων,
2443 3702 2535 3754 καὶ
2558 3701 2610 3753 τί
2663 3702 2990 3770 ποιήσομεν;
3039 3694 3449 3768 Περιοψόμεθα;
3485 3690 3736 3761 παραδρα-

2192 3789 2470 3862 μούμεθα;
2507 3790 2917 3861 Καταλείψομεν
2954 3790 3028 3852 ὡς
3054 3787 3301 3858 νεκροὺς,
3332 3787 3407 3849 ὡς
3435 3780 3734 3849 ἐϐδελυγμέ-

2188 3901 2330 3947 νϐυς,
2360 3884 2434 3947 ὡς
2468 3882 2711 3956 ἑρπετῶν
2744 3883 2838 3937 καὶ
2878 3881 3083 3954 θηρίων
3115 3880 3185 3933 τὰ
3226 3878 3593 3949 πονηρότατα;
3632 3874 3734 3941 Mr,-

2188 3975 2391 4045 δαμῶς,
2447 3965 2695 4042 ἀδελφοί·
2746 3974 2869 4028 οὔτε
2913 3976 3047 4048 πρὸς
3082 3978 3236 4045 ἡμων
3290 3972 3486 4032 ταῦτα,
3522 3966 3610 4020 τοῦ
3643 3964 3735 4033 ('27)

2192 4067 2425 4137 Χριστοῦ
2478 4068 2830 4139 θρεμμάτων,
2860 4067 2952 4121 τοῦ
2984 4066 3186 4137 ἀγαθοῦ
3241 4064 3527 4135 Ποιμένος,
3562 4058 3645 4113 τοῦ
3689 4057 3739 4108 τὸ

2192 4156 2537 4229 πλανώμενον
2586 4160 3021 4231 ἐπιστρέφοντος,
3059 4158 3149 4215 καὶ
3186 4158 3246 4210 τὸ
3276 4154 3553 4215 ἀπολωλὸς
3598 4149 3739 4215 Eat-:7.-

2189 4247 2425 4313 τοῧντοςν
2449 4249 2541 4301 καὶ
2567 4248 2628 4302 τὸ
2675 4250 2895 4314 ἀσθενὲς
2934 4249 3305 4319 ὲνισχύοντος·
3356 4246 3479 4298 οὔτε
3510 4243 3635 4314 πρὸς
3658 4240 3737 4307 τῆς

2190 4338 2534 4411 ἀνθρωπίνης
2564 4340 2794 4409 φύσεως,
2838 4342 2963 4412 ἣτὸ
3020 4340 3304 4413 συμπαθὲς
3357 4335 3735 4407 ἐνομοθέτησεν,

528 4432 715 4486 eadem
743 4429 1054 4485 inﬁrmitate
1082 4430 1149 4484 ad
1178 4429 1428 4498 pietatem
1463 4437 1516 4482 et
1545 4427 1936 4482 humanitatem
1961 4441 2078 4483 eru-

2191 4430 2254 4482 έκ
2272 4430 2371 4501 τῆς
2402 4430 2522 4500 ἴσης
2549 4431 2829 4495 ἀσθενείας
2859 4432 3102 4503 μαθοῦσα
3124 4432 3185 4485 τὸ
3220 4429 3441 4492 εὐσεϐὲς
3468 4429 3557 4480 καὶ
3582 4422 3747 4505 qusi:
3786 4498 3803 4499 η

528 4522 658 4577 dita.

600 4612 738 4668 XVI.
793 4614 931 4681 Quid
983 4614 1198 4669 autem?
1245 4613 1393 4667 llline
1445 4611 1545 4666 sub
1594 4610 1683 4665 dio
1728 4608 2123 4675 vexabunturL

595 4774 643 4806 ⁷⁸
684 4772 837 4828 Joan.
875 4792 912 4837 ι,
945 4774 1034 4829 29.
1109 4775 1155 4805 ⁷⁸
1198 4773 1366 4829 lCor.
1400 4788 1514 4836 VIII,
1540 4772 1624 4825 ll.

522 4913 572 4947 ⁸⁸
602 4914 794 4972 Ezeth.
830 4929 1010 4975 xxxiv,
1040 4914 1094 4969 4.

594 5078 708 5147 (18)
751 5075 1120 5144 Ἑνειρμένοι.
1150 5073 1241 5129 Sic
1282 5075 1458 5144 plures
1490 5074 1655 5145 Regg.
1685 5082 1739 5127 et
1781 5072 1931 5125 Coll).
1962 5071 2086 5137 Alii,

528 5148 830 5220 ὲνηρμένοι,

601 5222 711 5285 (19)
756 5215 966 5284 Ἰιμῶν.
1003 5214 1093 5269 Sic
1126 5214 1366 5285 plerique
1412 5214 1567 5268 codd.
1600 5215 1652 5267 In
1682 5214 1823 5285 aliis,
1847 5210 2019 5285 ὑμῶν.

601 5280 711 5369 (ξω)
756 5280 831 5339 Τῦ
866 5286 991 5339 κατ’
1015 5280 1236 5340 εἰκόνα.
1284 5280 1317 5335 ἰ
1343 5286 1587 5338 Animam
1621 5304 1638 5336 ι
1678 5280 1925 5352 intelligit
1958 5280 2093 5334 Gre-

528 5374 1084 5495 ςοὶἓίῗηαραπολύ,
1130 5432 1234 5479 etc.
1285 5425 1339 5478 In
1367 5424 1703 5495 quibusdam,
1730 5420 1899 5495 Απαρέι
1933 5422 2087 5475 πολύ.

536 5517 555 5549 ι
575 5492 655 5550 Ab
680 5492 859 5565 hujus,
897 5510 1086 5566 nempe
1112 5492 1398 5566 praesentis
1437 5495 1556 5566 yita:
1585 5493 1856 5566 _l'clicitate
1889 5492 2092 5566 longis-

530 5569 666 5623 sime
704 5563 1041 5621 aberrarunt.
1070 5584 1088 5617 ι
1114 5563 1247 5620 ΒΗΙ.
1291 5585 1311 5615 ‹
1340 5565 1421 5619 Ab
1440 5563 1542 5618 hac
1582 5563 1894 5633 longissime
1939 5564 2099 5616 aber-

531 5646 984 5777 “gaianas.
1016 5706 1106 5762 0r.
1142 5706 1175 5759 2
1209 5706 1375 5771 addit,
1404 5705 1492 5759 διὰ
1520 5703 1913 5774 βαπτίσματος,
1951 5722 1965 5752 ι
1993 5718 2088 5772 per

1700 4769 1745 4840 ’Τ
1786 4769 1989 4825 Coloss.
2028 4785 2088 4839 ιι,
2123 4769 2209 4823 12.
2289 4775 2335 4806 ⁷⁸
2376 4777 2529 4829 nom.
2564 4790 2681 4840 νιιι,
2720 4776 2808 4830 17,

525 4844 571 4877 ⁸⁸
603 4842 789 4900 Matth.
820 4860 895 4908 x1,
922 4845 1010 4898 29.
1085 4845 1128 4876 “
1164 4843 1262 4899 lsa.
1294 4860 1411 4907 un,
1442 4844 1494 4896 4.
1566 4842 1611 4875 ⁸³
1638 4840 1681 4895 ll
1712 4839 1835 4895 Cor.
1873 4856 1988 4907 vm,
2015 4841 2067 4896 9.
2147 4841 2191 4872 ⁸⁸
2214 4843 2369 4900 Joan.
2402 4863 2456 4911 x,
2492 4846 2576 4900 lt.

2199 4522 2432 4605 θρωπον.

2270 4614 2381 4680 ις’.
2454 4614 2591 4668 Ἀλλ’
2636 4618 2685 4668 οἱ
2751 4617 2848 4687 μὲν
2916 4616 3170 4687 ὕπαιθροι
3235 4613 3737 4684 ταλαιπωρήσουσιν.

2916 4778 2937 4806 ⁹
2968 4802 2987 4827 ι
3013 4774 3126 4826 Pet.
3157 4787 3214 4835 tt,
3244 4772 3296 4824 9.
3374 4770 3421 4801 ⁸⁸
3449 4769 3548 4821 Tit.
3584 4783 3639 4821 .I.
3672 4765 3738 4815 ιι.

2683 4848 2727 4878 ⁸⁸
2769 4844 2957 4900 Matth.
3025 4858 3176 4903 xvm,
3212 4841 3310 4906 li;
3372 4839 3501 4893 Luc.
3550 4853 3639 4901 xv,
3695 4836 3739 4885 t.

2199 5070 2589 5139 baptismuth
2640 5136 2667 5139 ᾉ
2956 5137 2965 5139 Α
3044 5133 3106 5139 __
3136 5088 3163 5139 Α·

2270 5132 2381 5212 (25)
2429 5139 2489 5192 Τί
2515 5138 2611 5212 δέ.-
2640 5136 2815 5212 Regg.
2837 5152 2898 5212 c,_
2918 5137 3016 5212 ph,
3042 5133 3106 5212 Τί
3131 5132 3230 5212 δαί.

2211 5260 2216 5267 .
2269 5196 2383 5280 (24)
2410 5196 2948 5280 Περιούονιοξινλαὸςῖ.
2987 5196 3165 5280 schol.
3202 5220 3217 5256 :
3253 5196 3742 5280 περιπεποιημιέπς.

2202 5270 2558 5349 συὺηῆμένός,
2603 5270 2751 5341 ἷδιοςζ
2808 5297 2826 5329 ι
2878 5270 3102 5348 populus
3144 5270 3742 5342 acquis‘itus,coltecws,

2240 5367 2469 5405 I'ODI'IUS.
2516 5368 2534 5401 ι

2200 5366 2469 5420 proprius.
2516 5368 2534 5401 ι
3712 5382 3721 5395 .

2272 5420 2384 5490 (‘25)
2427 5421 2559 5476 Ἵνα
2588 5420 2776 5488 ἡμεῖς.
2810 5419 2973 5489 Regg.
3001 5416 3109 5479 bm,
3136 5414 3227 5482 ph,
3253 5412 3320 5490 ἴνῖ
3346 5412 3525 5490 ἡμεῖς..
3648 5470 3721 5490 Η

2274 5473 2545 5561 (265157?"
2569 5473 2832 5557 θὲόττίτα.
2875 5473 3005 5556 fies.
3036 5473 3240 5550 c,'e'tc.,
3267 5473 3609 5553 τῆν”ὲκείνου
3647 5473 3747 5525 Θεὸς

2206 5560 2364 5632 τητα.
2404 5560 2455 5612 lu
2488 5562 2579 5632 ρι’.
2599 5561 2649 5632 *2
2679 5563 2827 5614 deest
2850 5563 2967 5632 τήν.

2275 5632 2388 5702 (27)
2433 5630 2561 5684 Τοῦ.
2598 5629 2763 5700 Regg.
2794 5646 2843 5695 a,
2870 5622 2979 5694 bin,
3013 5627 3102 5697 ph,
3126 5625 3273 5688 Bas.,
3299 5622 3422 5675 τῶν.
