3878 6508
113 387 202 436 $77

1038 383 1293 439 ORATIO
1333 384 1472 440 XIV.
1518 414 1583 422 —-
1629 382 1710 434 DE
1756 381 2129 440 PAUPERUM
2170 386 2424 441 AMORE.

3258 398 3361 452 878

111 505 263 574 ἡμεῖς
319 503 376 555 δὲ
441 505 733 574 οἰκήσομεν
787 504 959 566 οἰκίας
1018 504 1463 575 ὑπερλάμπρους,
1528 503 1692 563 λίθοις

1804 503 1950 556 nobis
1985 519 2113 559 vero
2140 517 2295 558 erunt
2324 505 2767 573 splendidissima
2798 509 2984 564 domus
3012 549 3025 573 ,
3063 514 3362 582 omnigenis

111 592 381 654 παντοὼις
405 591 810 665 διηνθισμένοις,
839 594 931 646 καὶ
961 592 1145 665 χρυσῷ
1181 595 1275 646 καὶ
1312 593 1536 666 ἀργύρῳ
1562 610 1693 646 κατ-

114 683 574 754 αστραπτούσας,
629 687 722 738 καὶ
761 685 990 755 ψηφῖδος
1038 686 1238 756 λεπτῆς
1290 685 1544 748 διαθέσει,
1600 685 1692 737 καὶ

115 774 352 846 ποικιλία
387 778 634 847 γραφῆς,
677 777 968 848 ὀφθαλμῶν
1004 777 1300 848 ἀπατηλοῖς
1327 777 1689 846 δελεάσμασι;

113 864 207 916 Καὶ
243 864 350 928 τὰς
391 868 494 936 μὲν
525 868 837 938 οἰκήσομεν,
874 867 971 931 τὰς
1020 868 1076 920 δὲ
1139 868 1578 938 οἰκοδομήσομεν,
1617 867 1694 919 τί-

117 973 214 1016 ειν;
246 958 389 1010 Οὐδὲ
451 958 808 1031 κληρονόμοις
864 961 992 1024 ἴσως
1033 961 1210 1031 ἡμῶν,
1243 961 1374 1014 ἀλλὰ
1400 961 1568 1024 ξένοις
1599 959 1692 1011 καὶ

117 1049 437 1120 ἀλλοτρίοις,
486 1052 580 1104 καὶ
636 1051 840 1106 τούτων
900 1054 1028 1117 ἴσως
1077 1053 1197 1106 οὐδὲ
1247 1056 1358 1115 τοῖς
1409 1050 1692 1120 ἀγαπῶσιν

115 1144 268 1210 ἡμᾶς,
304 1141 448 1193 ἀλλὰ
497 1146 611 1206 τοῖς
643 1144 1065 1213 άπεχθεστάτοις
1114 1145 1205 1197 καὶ
1248 1143 1690 1214 φΟονερωτάτοις,

116 1230 350 1282 ὃκακῶν
382 1232 630 1301 ἔσχατον.
687 1234 796 1286 Καὶ
839 1235 887 1285 οἱ
919 1235 1015 1304 μὲν
1049 1233 1372 1306 ριγὼσουσιν
1408 1237 1463 1287 ἐν
1505 1237 1690 1306 τρυχί-

117 1342 212 1385 νοις
239 1325 336 1376 καὶ
371 1325 793 1396 διεσπασμένοις
843 1327 953 1396 (28)
989 1329 1201 1398 ῥάκεσι,
1247 1327 1443 1397 μᾶλλον
1487 1328 1541 1381 δὲ
1573 1329 1694 1382 οὐδὲ

117 1416 311 1468 τούτων
347 1417 512 1487 τυχὸν
542 1419 932 1490 εὐπορήσουσιν
951 1437 963 1449 ο
995 1421 1153 1489 ἡμεῖς
1170 1419 1224 1472 δὲ
1253 1420 1526 1490 θρύψομεν
1547 1422 1692 1490 ἡμᾶς

119 1507 305 1568 αὐτοὺς
341 1504 536 1574 ἐσθῆτι
576 1507 684 1577 (29)
743 1509 953 1580 μαλακῇ
1003 1509 1095 1562 καὶ
1161 1510 1544 1584 περιῤῥεούσῃ,
1601 1513 1695 1564 καὶ

119 1601 217 1661 τοῖς
278 1599 344 1649 ὲκ
409 1598 554 1652 λίνου
590 1600 684 1653 καὶ
739 1600 920 1672 σηρῶν
975 1603 1179 1673 ἀερίοις
1217 1602 1324 1673 (50)
1369 1604 1692 1674 ὑφάσμασι,

120 1691 198 1742 καὶ
289 1694 408 1753 τοῖς
478 1692 577 1762 μὲν
663 1693 1176 1764 ὲνασχημονήσομεν
1251 1695 1468 1765 μᾶλλον,
1551 1697 1693 1767 ἤπερ

123 1782 471 1854 ἐμπρέψομεν
530 1781 691 1853 (οὕτω
730 1784 838 1854 γὰρ
878 1784 988 1854 ἐγὼ
1045 1785 1193 1838 καλῶ
1233 1788 1340 1840 πᾶν
1397 1788 1455 1840 τὸ
1505 1793 1694 1858 περιτ-

124 1875 200 1926 τὸν
258 1875 358 1928 καὶ
418 1876 753 1947 περίεργον),
827 1877 895 1929 τά
951 1878 1007 1931 δὲ
1079 1878 1226 1932 ἔνδον
1272 1882 1406 1950 ἡμῖν
1465 1881 1690 1934 ἀποκεί-

126 1984 264 2018 σεται
330 1969 556 2039 ῳροντὶς
604 1969 872 2040 ἄχρηστος
933 1970 1029 2024 καὶ
1081 1970 1338 2041 ἀνόνητος
1386 1972 1518 2042 (51),
1593 1989 1690 2043 ση-

123 2056 218 2107 τῶν
246 2057 362 2125 (52)
402 2057 619 2127 δαπάνη
656 2060 749 2111 κα)⁵
777 2059 969 2128 χρόνον
1017 2059 1108 2112 τοῦ
1155 2060 1223 2112 τὰ
1265 2061 1444 2114 πάντα
1499 2080 1694 2115 καταν-

125 2149 432 2212 αλίσκοντος
457 2165 470 2177 ’
515 2151 608 2201 καὶ
653 2151 701 2201 οἱ
736 2150 855 2219 μὲν,
886 2151 1002 2203 οὐδὲ
1032 2152 1128 2221 τῆς
1169 2153 1469 2219 ἀναγκαίας
1494 2155 1695 2224 τροφῆς

126 2241 532 2310 εὐπορήσουσιν.
559 2238 623 2308 (ὦ
655 2241 752 2308 τῆς
783 2242 920 2310 ἐμῆς
954 2241 1182 2312 τρυφῆς,
1225 2243 1314 2294 καὶ
1343 2244 1440 2312 τῆς
1475 2243 1696 2295 ἐκείνων

126 2331 550 2401 ταλαιπωρίαςῐ)
599 2331 733 2383 ἀλλὰ
793 2331 1064 2385 κείσονται
1112 2333 1216 2403 πρὸ
1273 2333 1379 2387 τῶν
1413 2334 1695 2406 ἡμετέρων

129 2424 311 2493 θυρῶν,
342 2424 660 2494 ἐκλυόμενοι
696 2425 788 2476 καὶ
844 2423 1226 2494 λιμώττοντες,
1259 2427 1376 2479 οὐδὲ
1421 2427 1517 2490 τὰς
1562 2429 1697 2500 πρὸς

128 2517 211 2584 τὴν
226 2515 444 2585 αἴτησιν
465 2515 718 2586 ἀφορμάς
739 2516 886 2586 παρὰ
909 2516 999 2568 τοῦ
1028 2519 1276 2588 σώματος
1292 2519 1524 2589 ἔχοντες,
1547 2520 1698 2572 ἐστε-

134 2605 341 2675 ρημένοι
372 2605 567 2673 φωνῶν
597 2607 714 2676 μὲν,
748 2610 826 2670 εἰς
851 2608 915 2660 τὸ
952 2608 1256 2679 ὀδύρεσθαι,
1287 2612 1482 2682 χειρῶν
1503 2611 1579 2676 δὲ,
1620 2614 1698 2676 εἰς

130 2702 180 2751 τι
213 2700 520 2770 προτείνειν
546 2700 634 2769 ἐφ’
670 2699 866 2772 ἱκεσῐα,
902 2701 1076 2753 ποδῶν
1105 2701 1182 2762 δὲ,
1216 2704 1296 2765 εἰς
1331 2704 1390 2754 τὸ
1421 2704 1699 2775 προσιέναι

131 2796 228 2856 τοῖς
257 2793 495 2861 ἔχουσιν,
539 2792 820 2845 ἀναπνοῶν
853 2791 930 2851 δὲ,
981 2793 1059 2854 εἰς
1089 2793 1332 2846 εὐτονίαν
1362 2793 1458 2863 τῆς
1488 2793 1698 2864 Ορηνῳ-

133 2884 252 2948 δίας,
279 2886 339 2938 τὸ
380 2883 682 2954 βαρύτατον
723 2884 832 2952 (55)
861 2883 966 2935 τῶν
997 2881 1180 2935 κακῶν
1219 2883 1547 2951 κουφότατον
1583 2884 1702 2955 κρί-

134 2994 318 3040 νοντες,
356 2980 472 3039 τοῖς
498 2975 793 3045 ὀφθαλμοῖς
831 2975 988 3044 μόνον
1013 2974 1473 3046 εὐχαριστοῦντες,
1515 2976 1595 3028 ὅτι
1627 2977 1699 3048 μὴ

135 3066 215 3136 τὴν
243 3067 452 3121 ἑαυτῶν
477 3066 658 3136 λώϐην
692 3066 1005 3136 βλέπουσιν;

197 3341 285 3392 ΙΖ’.
321 3338 434 3391 Καὶ
463 3337 512 3389 οἱ
543 3335 640 3406 μὲν
660 3335 830 3398 οὕτως
850 3352 864 3366 ο
891 3337 1050 3406 ἡμεῖς
1079 3335 1133 3387 δὲ
1162 3332 1560 3404 ἀνακεισὸμεθα
1585 3333 1694 3404 (54)

139 3430 359 3501 λαμπροὶ
380 3427 653 3500 λαμπρῶς
677 3429 766 3479 ἐπὶ
790 3427 1035 3490 στιϐάδος
1061 3426 1268 3497 ὑψηλῆς
1295 3444 1351 3478 τε
1382 3428 1473 3479 καὶ
1502 3426 1702 3496 μετεώ-

143 3539 237 3592 ρου,
271 3523 367 3574 καὶ
399 3520 509 3573 τῶν
545 3513 811 3588 περιττῶν
838 3518 933 3571 καὶ
967 3518 1255 3586 ἀψαύστων
1297 3517 1488 3588 ἐπιϐλη
1499 3519 1702 3588 μάτων,

142 3615 222 3665 κᾶν
249 3611 438 3682 φωνῆς
470 3611 794 3679 ἀκούσωμεν
839 3609 944 3662 τῶν
980 3611 1244 3680 αἰτήσεων
1274 3609 1385 3680 (55)
1420 3609 1704 3682 δυσχεραί-

139 3723 316 3768 νοντες.
373 3708 468 3758 Δεῖ
498 3704 555 3756 δὲ
601 3707 732 3774 ἡμῖν
764 3703 825 3755 τὸ
858 3705 953 3772 μὲν
1001 3701 1192 3771 ἔδαφος
1239 3701 1456 3754 εὐωδεῖν
1499 3702 1704 3763 ἄνθεσι,

144 3799 377 3861 πολλάκις
412 3797 508 3849 καὶ
541 3797 638 3864 τῆς
668 3795 815 3866 ὧρας
850 3793 972 3858 ἔξω,
999 3794 1096 3864 τὴν
1120 3793 1175 3845 δὲ
1207 3792 1482 3863 τράπεζαν
1507 3796 1703 3864 κατερ-

144 3890 310 3958 ρἁοαι
338 3889 557 3959 μύροις,
599 3889 690 3939 καὶ
731 3886 917 3958 μύρων
950 3889 1060 3948 τοῖς
1091 3886 1474 3948 εὐωδεστάτοις
1501 3903 1557 3938 τε
1589 3885 1701 3955 (56)

145 3982 215 4032 καὶ
246 3978 747 4040 πολυτελεστάτοις,
777 3978 863 4028 ἴνα
893 3978 984 4028 καὶ
1009 3976 1206 4046 μᾶλλον
1239 3976 1663 4046 ὲκΟηλυνώμεθα
1686 3995 1698 4008 ο

146 4071 313 4134 παῖδας
349 4071 407 4123 δὲ
461 4068 816 4140 παρεστάναι,
861 4068 986 4129 τοὺς
1023 4067 1120 4135 μὲν
1157 4069 1212 4119 ἐν
1244 4067 1431 4137 κόσμῳ
1477 4068 1570 4120 καὶ
1603 4072 1700 4137 ἐφ-

145 4255 412 4323 πῴσωπον
449 4251 622 4320 κουρᾷ
675 4248 1213 4319 περιειργασμένους,
1276 4249 1454 4302 πλεῖον
1507 4250 1538 4321 ἢ
1579 4254 1701 4305 ὅσον

1799 593 2067 662 lapidibus
2110 604 2410 654 exornata},
2459 604 2619 664 atque
2649 607 2992 652 C0l‘llSC:llllt'S
3019 615 3152 654 auro
3187 613 3240 656 et
3272 619 3363 656 ar-

1796 696 1978 751 gento,
2016 702 2079 740 ac
2114 688 2352 740 tenuium
2395 687 2722 742 calculorum
2757 690 3138 758 dispositione,
3178 697 3361 748 vario-

1793 793 1895 845 que
1931 779 2151 844 pictura:
2187 780 2448 843 artificio,
2502 795 2618 846 qua!
2663 780 2878 834 fallaces
2923 793 3046 836 sunt
3083 785 3361 840 oculorum

1796 871 2096 934 illecebraz;
2133 880 2295 938 atque
2323 871 2460 924 alias
2487 872 2700 939 quidem
2735 871 3046 938 incolentus,
3075 876 3207 928 alias
3238 893 3362 932 vero

1794 963 2146 1017 extrnemus?
2185 961 2518 1029 Quibusnam
2545 963 2767 1018 autem?
2810 980 2874 1018 ne
2910 967 3211 1022 bzeredihus
3246 970 3365 1038 qui-

1795 1057 1914 1109 dem
1946 1055 2174 1109 fortasse
2211 1058 2442 1113 nostris,
2479 1054 2570 1106 sed
2615 1053 2817 1108 exteris
2845 1063 2896 1108 et
2931 1055 3119 1109 alienis
3141 1097 3153 1118 ,
3192 1057 3364 1126 iisque

1795 1162 1862 1199 ne
1893 1146 2082 1200 amicis
2126 1145 2341 1213 quidem
2383 1145 2611 1199 fortasse
2649 1145 2884 1209 nostris,
2928 1147 3018 1200 sed
3056 1147 3363 1203 inimicissi-

1797 1238 1897 1290 mis
1919 1279 1933 1299 ,
1970 1239 2313 1306 maximaque
2351 1237 2403 1290 in
2433 1252 2528 1290 nos
2571 1237 2768 1291 invidia
2801 1237 3182 1308 ﬂagrantibus,
3221 1241 3364 1308 quod

1794 1331 2009 1400 quidem
2061 1329 2319 1383 malorum
2379 1330 2622 1383 omnium
2675 1338 2974 1384 extremum
3029 1341 3133 1387 est.
3183 1329 3367 1396 Quid?

1796 1419 1948 1475 Illine
1983 1422 2032 1474 in
2061 1423 2267 1489 asperis
2294 1431 2345 1474 ct
2372 1422 2564 1476 laceris
2612 1421 2804 1490 pannis
2849 1421 3224 1491 obrigescent,
3257 1423 3365 1475 imo

1796 1528 1862 1568 ne
1894 1529 1987 1568 eos
2025 1515 2236 1582 quidem
2296 1516 2522 1568 Iortasse
2565 1514 2836 1567 habebunt
2875 1527 2890 1565 :
2931 1528 3027 1566 nos
3081 1524 3257 1567 autem
3311 1515 3362 1567 in

1797 1603 2048 1658 mollibus
2093 1615 2146 1657 et
2193 1602 2688 1658 circumﬂuentibus
2725 1603 2996 1667 vestibus,
3043 1603 3268 1671 telisque
3300 1617 3366 1657 ex

1801 1695 2112 1751 tenuissimo
2173 1697 2280 1751 lino
2331 1710 2393 1749 ac
2445 1696 2620 1750 serico
2663 1693 2928 1748 contextis
2983 1694 3364 1757 lascivienms;

1797 1798 1958 1856 atque
1994 1788 2043 1840 in
2071 1788 2190 1841 aliis
2223 1787 2434 1855 quidem
2472 1787 2722 1840 indecore
2753 1787 2930 1856 potius
2955 1802 3119 1856 quam
3144 1787 3369 1841 honeste

1797 1890 1958 1950 atque
1984 1891 2172 1934 ornate
2203 1893 2300 1933 nos
2333 1879 2476 1948 ipsos
2506 1893 2753 1948 geremus
2797 1877 2898 1946 (sic
2933 1878 3074 1931 enim
3110 1878 3368 1947 quidquid

1796 1971 2125 2041 superﬂuum
2160 1980 2212 2024 et
2244 1971 2517 2024 curiosum
2545 1979 2664 2032 est,
2694 1972 2881 2039 voco),
2911 1968 3044 2022 alias
3085 1979 3266 2023 autem
3315 1970 3368 2023 in

1797 2062 1939 2116 arcis
1971 2062 2347 2122 recondemus,
2381 2075 2565 2114 curam
2595 2059 2835 2112 inutilem
2865 2069 2919 2112 et
2947 2059 3366 2120 incommodam,

1797 2169 1826 2207 a
1859 2155 2016 2206 tineis
2048 2154 2374 2213 cxedendas,
2407 2161 2461 2206 et
2492 2167 2520 2204 a
2562 2147 2823 2221 tempore,
2855 2151 2995 2219 quod
3025 2152 3205 2204 omnia
3237 2166 3370 2206 con-

1798 2243 1929 2307 licit,
1955 2243 2344 2306 absumendas;
2401 2250 2562 2309 atque
2593 2240 2696 2294 illis
2725 2255 2790 2293 ne
2820 2241 3120 2293 necessaria
3151 2239 3368 2308 quidem

1799 2335 2051 2388 alimenta
2083 2342 2396 2402 suppetent:
2425 2333 2478 2402 (ο
2509 2331 2730 2386 delicias
2756 2332 2932 2384 meas!
2954 2346 2985 2383 ο
3009 2347 3223 2399 gravem
3250 2329 3370 2384 illo-

1801 2442 1917 2480 rum
1944 2423 2286 2479 aﬂlictiouetn
2309 2424 2348 2493 !)
2403 2423 2566 2494 268
2595 2439 2776 2477 verum
2805 2438 2899 2492 pro
2936 2422 3142 2476 foribus
3173 2425 3385 2476 nostris.

1796 2518 2073 2588 jacebunt,
2108 2518 2422 2586 languentes
2459 2527 2509 2570 et
2557 2515 2698 2567 fame
2735 2514 3070 2575 laborantes,
3106 2530 3168 2568 ac
3198 2530 3263 2568 ne
3291 2515 3373 2567 in-

1801 2615 2100 2664 strumenta
2125 2608 2342 2676 quidem
2368 2608 2434 2660 ad
2459 2606 2746 2676 petendum
2771 2621 2798 2657 a
2825 2619 3051 2673 corpore
3076 2605 3372 2670 habentes;

1801 2702 2023 2756 vocibus
2071 2700 2303 2769 Privati,
2350 2699 2543 2769 quibus
2587 2697 2860 2752 miseriam
2909 2711 3060 2750 suam
3121 2696 3374 2764 lugeant;

1805 2797 2073 2861 manibus,
2100 2810 2237 2863 quas
2271 2791 2606 2862 supplicandi
2639 2807 2800 2846 causa
2832 2792 3185 2860 protendant;
3224 2790 3375 2858 pedi-

1803 2888 1923 2952 bus,
1947 2888 2154 2960 quibus
2189 2888 2254 2939 ad
2291 2884 2485 2938 divites
2519 2885 2816 2946 accedant;
2852 2882 3236 2950 respiratione,
3272 2896 3378 2948 qua

1803 2982 2017 3036 fortiter
2064 2981 2296 3032 lamenta
2348 2993 2448 3031 sua
2485 2977 2678 3040 edant;
2716 2985 2898 3044 atque,
2933 2979 3074 3045 quod
3115 2975 3376 3028 malorum

1803 3072 2043 3126 omnium
2073 3069 2480 3123 acerbissimum
2511 3079 2612 3131 est,
2639 3067 2968 3120 levissimum
2994 3079 3114 3119 esse
3136 3065 3382 3133 judican-

1723 3195 1766 3251 ε
1801 3184 1917 3232 tes,
1967 3163 2244 3231 oculisque
2301 3161 2560 3214 duntaxat;
2597 3159 2826 3229 gratiam
2880 3158 3178 3222 habentes,
3231 3155 3380 3226 quod

1806 3266 2043 3334 ipsorum
2074 3257 2249 3310 labem
2282 3253 2501 3307 minime
2528 3252 2739 3305 videant
2765 3292 2776 3303 .

1879 3351 2038 3408 XVII.
2088 3349 2264 3414 Atque
2316 3346 2366 3398 hi
2415 3344 2626 3412 quidem
2678 3343 2744 3396 ad
2790 3343 2933 3396 hunc
2980 3342 3196 3395 modum
3233 3360 3245 3395 :
3282 3356 3380 3395 nc:

1808 3455 1988 3501 autem
2039 3444 2090 3496 in
2137 3439 2260 3493 altis
2292 3446 2346 3491 et
2386 3435 2706 3493 sublimibus
2746 3433 2933 3501 lectis,
2969 3432 3288 3500 eximiisque
3325 3440 3382 3484 et

1807 3549 1926 3605 qua:
1975 3545 2112 3600 pene
2165 3540 2384 3596 tangere
2433 3525 2584 3581 nefas
2639 3527 2738 3588 sit,
2788 3525 3073 3596 stragulis,
3117 3523 3378 3592 splendidi

1806 3624 2086 3696 splendide
2114 3619 2507 3682 recumbemus,
2539 3619 2582 3672 si
2619 3617 2701 3670 vel
2735 3616 2902 3671 solam
2939 3615 3252 3682 petitionum
3287 3629 3382 3665 vo-

1808 3732 1924 3771 cem
1977 3714 2294 3773 audiamus,
2345 3710 2768 3764 stomachantes.
2825 3709 2998 3774 Atque
3041 3707 3204 3760 etiam
3253 3707 3379 3761 ilhtd

1808 3807 2097 3879 oportebit,
2132 3817 2188 3858 ut
2213 3813 2267 3858 et
2300 3803 2661 3872 pavimentum
2703 3809 2942 3853 nostrum
2973 3799 3192 3853 ﬂoribus
3215 3840 3231 3866 ,
3267 3801 3381 3869 ple-

1810 3914 2035 3970 rumque
2057 3899 2217 3952 etiam
2252 3903 2406 3971 extra
2440 3903 2670 3962 tempus,
2701 3893 2936 3964 fragrct,
2969 3903 3020 3948 et
3045 3911 3226 3949 mensa
3258 3910 3382 3947 sua-

1807 3990 2047 4044 vissimis
2081 3997 2134 4042 et
2160 3985 2643 4053 sumptuosissimis
2681 3984 2969 4052 unguentis
3000 3984 3375 4052 perfundatur,

1739 4127 1749 4146 ,
1810 4097 1920 4150 quo
1947 4079 2116 4150 magis
2136 4078 2300 4130 etiam
2321 4075 2723 4138 elleminemur;
2753 4086 2808 4128 ut
2829 4075 2979 4145 pueri
2998 4076 3160 4130 etiam
3185 4084 3381 4138 astent,

145 4162 265 4232 εξῆς,
301 4163 532 4223 άνὲτους
560 4159 656 4221 τάς
687 4158 861 4228 κόμας
888 4157 980 4210 καὶ
1009 4156 1318 4227 Θηλυδρίας,
1347 4160 1439 4211 καὶ
1472 4162 1536 4230 τῇ
1562 4162 1702 4214 κατὰ
1735 4149 1740 4154 ⁷

1809 4177 1898 4230 alii
1925 4183 2115 4230 ornate
2147 4187 2209 4258 ap
2244 4188 2342 4226 suo
2371 4173 2597 4242 quisque
2629 4173 2851 4237 ordine,
2898 4172 3070 4226 comis
3117 4171 3278 4225 soluti
3328 4181 3384 4224 et

1807 4267 2127 4322 effeminati.
2159 4281 2222 4319 ac
2253 4263 2474 4318 cmsarie
2503 4264 2568 4317 ad
2600 4263 2791 4319 faciem
2827 4263 3070 4331 expoliti,
3103 4264 3383 4331 magisque

201 4438 306 4516 (ἓξ)
347 4438 844 4516 Διεσπασμέγοις.
893 4436 983 4516 Sic
1021 4437 1198 4506 plures
1238 4439 1406 4516 liegg.
1442 4438 1604 4516 Coisl.
1633 4440 1687 4490 εὶ.

1804 4440 2034 4516 mitatcm
2064 4445 2240 4516 minus
2271 4413 2577 4516 videanttii
2623 4443 2774 4516 _L'nde
2827 4444 2879 4494 in
2925 4441 3146 4516 scholiis
3189 4440 3377 4516 addit:

147 4504 221 4560 0r.
248 4505 301 4566 9.,
327 4521 384 4562 et
419 4511 595 4564 Oxon.
620 4504 652 4557 ἰ
695 4509 746 4560 In
775 4509 964 4560 laceris
992 4504 1046 4561 ei.
1069 4504 1582 4578 conscissispannis
1619 4515 1689 4560 ri—

146 4579 344 4650 gebunt.
383 4599 402 4630 ι
434 4580 592 4650 Editi,
622 4577 1058 4650 διεσπαρμένοις,
1095 4597 1112 4628 ι
1141 4581 1371 4650 sparsis.
1399 4597 1441 4650 γι

205 4647 308 4721 (23)
361 4648 625 4721 Ἑσθῆτι.
671 4648 798 4721 Ijeg.
824 4647 886 4710 '«e,
922 4649 1358 4721 et_Cot_nhef.,Aév
1392 4648 1594 4719 ἐσθῆτι.

204 4719 309 4789 (50)
358 4720 616 4787 Ἀεριόις.
666 4718 829 4772 (ἶηΙιΓ.
863 4736 875 4769 :
908 4736 926 4767 ι
962 4719 1127 4777 Aerii,
1174 4735 1240 4772 ex
1282 4719 1390 4772 lino
1430 4734 1492 4772 ac
1520 4720 1695 4771 serico

150 4790 413 4852 contextis,
466 4790 618 4849 velis,
661 4811 678 4837 υ
738 4789 788 4840 id
831 4800 912 4841 est
968 4807 985 4837 ι
1025 4792 1134 4840 aeri
1173 4791 1389 4857 perviis,
1433 4810 1450 4835 ι
1486 4790 1588 4851 vel,
1644 4800 1698 4839 ut

151 4857 345 4911 Ilieron.
380 4863 436 4912 in
467 4859 618 4912 EMII.
645 4859 696 4921 1,
727 4860 781 4921 6,
814 4877 831 4908 ι
870 4860 998 4910 aerii
1039 4862 1252 4910 eolnris.
1289 4879 1307 4909 ι

160 4997 170 5009 ι
208 4930 312 5009 (51)
364 4932 692 5009 Ἀνῷνητος.
747 4929 835 4982 Sic
901 4929 1062 4996 Iiegg.
1110 4949 1158 4990 ει,
1221 4931 1331 4992 Iun,
1387 4932 1477 4999 pit.
1534 4929 1696 4991 Eelili,

151 4999 373 5067 ἀνόητος,
413 5020 430 5051 ι
464 5003 733 5052 insanam.
765 5017 782 5047 ι

211 5070 312 5140 (32)
351 5069 579 5136 Σητῶν.
611 5069 700 5122 Sic
728 5067 1121 5140 plurespllegg”
1142 5068 1320 5133 plures
1339 5067 1485 5122 Colb.
1501 5112 1512 5132 ,
1531 5069 1695 5122 Coisl.

149 5136 195 5204 ‘2,
218 5136 264 5190 ιιι
295 5136 386 5195 Or.
415 5144 469 5193 ‘2.
502 5141 554 5191 In
583 5140 761 5201 editis,
803 5138 1000 5209 ζητῶν,
1033 5155 1051 5186 ‹
1083 5154 1352 5204 quaerens.
1385 5157 1403 5188 ι

209 5210 314 5282 (55)
358 5210 430 5282 Td
464 5208 874 5282 ﬁapdtqtor...
945 5208 1312 5282 ,ϐλέξτοιπγηκ
1374 5209 1546 5261 Locus
1578 5209 1702 5282 _ist_e

151 5277 566 5342 certe'diﬂicilis,
604 5291 655 5332 et
691 5279 1014 5347 interpretes
1042 5278 1327 5345 plurimum
1361 5282 1534 5332 torsit.
1573 5277 1702 5332 Suf-

153 5350 279 5404 liciat
317 5352 474 5405 nobis
515 5349 696 5402 varias
732 5363 918 5401 eorum
965 5349 1436 5414 interpretationes
1480 5347 1701 5402 referre.

153 5416 345 5474 Nicetas
381 5439 396 5474 :
435 5439 455 5471 ι
487 5420 668 5474 Oculis
705 5433 918 5487 quoque
956 5420 1093 5483 capti
1129 5426 1284 5476 sunt;
1338 5417 1390 5470 id
1437 5419 1578 5486 quod
1633 5419 1707 5471 le-

151 5490 410 5544 vissimum
448 5501 692 5552 censent,
726 5489 934 5541 etiamsi
980 5488 1101 5539 aliis
1150 5487 1556 5541 acerbissimum
1589 5503 1706 5541 csse

151 5562 407 5618 videatur:
433 5560 576 5627 quod
607 5559 880 5620 nimirum,
911 5560 1176 5611 exstincto
1214 5566 1430 5624 propter
1461 5560 1705 5627 morbum

151 5643 373 5696 aspectu,
402 5626 573 5683 labem
611 5645 762 5682 suam
795 5628 1014 5681 minime
1037 5627 1386 5695 conspiciant.
1429 5647 1446 5676 ι
1481 5626 1708 5680 Gabrie-

153 5699 238 5752 Iitts
269 5721 281 5754 :
321 5719 338 5751 ι
387 5700 440 5753 Id
469 5701 608 5768 quod
637 5701 874 5752 oumium
903 5697 1162 5768 malorum
1199 5697 1571 5764 gravissimum
1601 5708 1704 5760 est,

152 5768 460 5826 levissimum
493 5767 606 5838 ipsi
645 5769 858 5838 quidem
917 5767 1312 5826 existimantes,
1364 5769 1492 5820 solis
1547 5768 1706 5820 uimi-

154 5854 254 5895 rum
297 5842 469 5896 oculis
528 5843 754 5910 gratiam
800 5839 1257 5906 habentes,.quod
1289 5839 1524 5892 iusorum
1556 5843 1704 5893 cala-

1807 4530 1825 4560 ‹
1862 4514 2062 4577 Argute
2113 4513 2436 4581 TlteolOgus,
2491 4513 2959 4579 Elephanlieorum
3018 4511 3376 4581 calamitatem

1805 4582 2161 4647 amplilicans,
2201 4580 2330 4635 facit
2370 4600 2462 4637 eos
2504 4583 2730 4652 gratiam
2765 4583 3019 4633 habentes
3053 4580 3244 4639 oculis,
3289 4583 3378 4647 qui

1799 4652 1870 4704 ita
1901 4665 2079 4703 essent
2109 4653 2305 4712 allecti,
2352 4666 2408 4705 ut
2443 4651 2616 4706 minus
2657 4662 2871 4717 possent
2901 4651 3134 4716 ipsorum
3177 4665 3380 4702 :erum-

1801 4738 1897 4774 nas
1950 4725 2208 4788 aspicere.
2280 4724 2334 4776 In
2386 4733 2626 4776 extrema
2684 4722 2930 4773 nimirum
2997 4721 3211 4772 miseria
3256 4736 3378 4773 eum

1797 4791 2017 4842 omnino
2059 4794 2258 4845 versari
2315 4808 2533 4846 necesse
2564 4801 2661 4847 est.
2699 4793 2781 4843 cui
2838 4791 2885 4840 id
2923 4789 3251 4841 levissimum
3288 4802 3379 4844 Sil.

1801 4862 1941 4928 quod
1972 4861 2093 4914 aliis
2113 4875 2195 4914 est
2227 4865 2626 4929 gravissimum.
2668 4881 2685 4913 ι
2720 4859 3078 4914 tlonnbelisius
3107 4873 3235 4913 vero
3263 4875 3385 4912 con-

1804 4931 1971 4984 tendit
2011 4933 2149 4985 hunc
2181 4932 2425 4999 Gregorii
2461 4934 2634 4986 locum
2667 4933 2743 4984 sic
2783 4930 3141 4999 vertendum:
3179 4949 3195 4977 ι
3231 4929 3382 4996 Quod

1807 5003 2067 5054 malorum
2094 4998 2330 5056 omnium
2361 5004 2768 5056 acerbissimum
2797 5011 2899 5061 est,
2934 4998 3263 5052 levissimum
3291 5015 3383 5053 es-

1806 5086 1864 5124 se
1897 5070 2220 5138 judicantes,
2254 5083 2308 5126 et
2359 5074 2530 5127 oculis
2571 5082 2776 5124 tantum
2827 5071 3055 5135 gratiam
3097 5070 3380 5125 habentes.

1804 5142 1944 5209 quod
1980 5157 2128 5194 suam
2162 5144 2259 5208 ipsi
2293 5144 2463 5196 labem
2498 5143 2714 5194 minime
2743 5140 2976 5194 videant.
3023 5160 3040 5189 ι
3072 5139 3205 5204 Quia
3241 5139 3386 5190 scili-

1806 5222 1892 5264 cet
1938 5212 2049 5265 hmc
2081 5215 2355 5266 oculorum
2397 5225 2607 5275 natura,
2643 5223 2721 5275 ut,
2766 5227 2885 5262 eum
2927 5210 3105 5261 omnia
3148 5209 3382 5262 videant.

1806 5296 1864 5350 se
1915 5280 2012 5348 ipsi
2053 5284 2232 5337 videre
2276 5291 2566 5350 nequeunt.
2611 5281 2876 5349 Improbat
2911 5279 3255 5333 doctissimus
3306 5279 3388 5329 vir

1806 5349 2490 5422 Billiiinterpretationem,
2529 5353 2618 5419 qui
2651 5360 2898 5418 :egrotos,
2929 5351 2994 5402 de
3039 5352 3232 5417 quibus
3267 5350 3382 5418 agi-

1809 5431 1916 5479 tur,
1950 5436 2121 5476 caecos
2145 5423 2310 5477 fuisse
2334 5423 2676 5476 existimasse
2709 5423 2932 5472 videtur.

1807 5561 1841 5616 ὁ
1881 5492 1990 5560 (54)
2043 5493 2506 5561 Ἀνακεισόμεθα.
2540 5491 2683 5555 Pan,
2710 5487 3116 5558 ἁναῦησόμεθα,
3149 5507 3167 5538 ι
3199 5503 3390 5544 ascen--

1847 5577 2018 5616 emus.
2061 5583 2078 5612 ι

1847 5577 2018 5616 θιιιιιε.
2061 5583 2078 5612 1

1881 5632 1992 5702 (55)
2051 5632 2172 5687 Τῶν
2201 5632 2515 5697 αἰτήσεων.
2556 5633 2712 5685 Deest
2744 5632 2794 5683 in
2827 5630 2953 5702 l’ar.

1881 5699 1989 5774 (56)
2031 5703 2474 5768 Εὺωδεστάτοις
2523 5718 2607 5758 τε.
2673 5703 2762 5755 Sic
2823 5699 3088 5770 liegg.‘a,
3141 5701 3194 5756 d.
3235 5702 3392 5758 Deest

1810 5790 1869 5826 τε
1910 5777 1957 5827 in
1984 5776 2116 5828 edit.
