3844 6390
517 367 615 422 ὃτι)

1694 369 1749 427 s.
1791 369 2121 425 GREGORII
2161 369 2504 425 'I‘HEOLOGI
3635 378 3706 433 εεο

517 503 676 557 quant
713 487 993 556 impudicis
1043 487 1214 542 oculis
1267 487 1561 551 conducat,
1619 489 1897 552 exornati;
1953 488 2074 548 alii,

2190 487 2447 558 συμφέρει
2475 487 2671 556 λίχνοις
2707 485 2998 556 ὀφθαλμοῖς
3033 486 3474 558 κεκοσμημένους
3498 504 3510 516 ·
3558 490 3656 554 τοὺς
3671 493 3707 547 δὲ

517 579 702 648 pocula
731 579 982 633 extremis
1011 579 1192 647 digitis
1223 587 1463 634 tenentes
1491 618 1505 642 ,
1540 594 1698 648 quam
1742 578 1854 633 ﬁeri
1906 589 2078 648 potest

517 671 912 737 elegantissime
940 671 1100 725 simul
1131 686 1194 726 ac
1219 670 1517 737 tutissime;
1553 669 1662 736 alii,
1699 668 1913 725 follibus
1945 685 2074 725 ven-

520 773 629 816 tum
657 778 819 832 super
846 772 1006 830 caput
1040 763 1332 818 artiﬁciose
1359 763 1690 829 excitantes,
1732 771 1891 832 atque
1935 762 2080 816 auris

517 867 674 906 manu
701 853 945 907 conﬂatis
969 853 1158 908 molem
1185 853 1364 907 carnis
1388 851 1769 922 refrigerantes
1787 869 1801 917 ;
1821 862 1877 906 ut
1897 866 2078 907 mensa

515 931 735 1012 insuper
762 944 1018 998 carnibus
1044 943 1326 1008 redundet,
1353 943 1634 999 elementis
1656 943 1906 998 omnibus
1929 943 2081 998 nobis

518 1035 720 1103 prolixe
747 1045 809 1090 er
831 1037 1045 1105 copiose
1076 1036 1612 1091 subministrantibus
1633 1077 1646 1099 ,
1686 1050 1810 1089 aere
1856 1050 2078 1105 nempe,

515 1137 680 1194 terra,
704 1144 872 1198 aqua;
909 1143 1117 1199 nosque
1147 1144 1466 1199 coquorum,
1503 1137 1557 1181 et
1587 1143 1797 1194 eorum,
1830 1129 1918 1200 qui
1948 1142 2080 1198 epu—

513 1219 594 1274 las
629 1220 934 1284 instruunt,
971 1219 1251 1275 lenociniis
1295 1220 1742 1288 comprimamur;
1789 1233 2083 1288 omnesque

514 1312 578 1364 de
623 1325 687 1363 eo
732 1319 1075 1374 concertent,
1115 1311 1303 1379 ecquis
1351 1311 1507 1365 avido
1559 1322 1611 1365 et
1658 1310 1867 1381 ingrato
1911 1313 2079 1365 ventri

514 1421 675 1474 quam
701 1389 937 1460 maxime
963 1405 1295 1470 blandiatur,
1323 1406 1472 1476 gravi
1499 1407 1719 1461 omnino
1745 1405 1970 1459 sarcinae
1992 1445 2006 1468 ,
2030 1414 2083 1458 et

515 1499 778 1551 malorum
828 1497 1071 1561 auctori,
1118 1499 1306 1553 belluae
1346 1511 1565 1567 prorsus
1612 1497 1972 1559 insaturabili,
2020 1511 2083 1550 ac

515 1605 770 1659 perquam
811 1590 1014 1655 inﬁdae,
1052 1591 1213 1652 huic,
1259 1590 1513 1659 inquam,
1547 1589 1780 1658 quicum
1822 1589 1958 1643 cibis
1991 1588 2080 1656 qui

515 1681 1061 1752 abolentur,jamjam
1106 1683 1218 1750 ipse
1259 1681 1575 1736 abolendus.
1627 1680 1693 1735 Et
1734 1682 1947 1750 quidem
2001 1681 2076 1736 illi

515 1774 768 1846 praeclare
798 1790 978 1829 secum
1008 1775 1088 1844 agi
1123 1775 1416 1844 putabunt,
1463 1775 1506 1828 si
1547 1774 1629 1828 vel
1663 1788 1798 1843 aqua
1827 1772 2082 1842 explean-

517 1878 640 1920 tur:
677 1881 772 1920 nos
818 1875 996 1918 autem
1042 1865 1149 1919 vini
1194 1866 1383 1935 pocula
1417 1881 1584 1935 usque
1617 1865 1682 1918 ad
1711 1863 2078 1918 temulentiam
2115 1841 2152 1894 Β

516 1959 848 2021 hauriemus,
878 1957 983 2012 imo
1009 1957 1169 2011 etiam
1198 1957 1335 2011 ultra
1369 1957 1761 2022 temulentiam,
1799 1956 1988 2010 saltem
2025 1956 2081 2021 ii,

514 2052 604 2122 qui
639 2049 842 2117 majore
873 2049 1286 2118 intemperantia
1318 2049 1599 2112 laborant;
1630 2058 1789 2116 atque
1814 2061 1878 2102 ex
1910 2046 2084 2116 pluri-

514 2141 613 2195 bus
642 2140 777 2193 vinis
803 2138 904 2192 alia
939 2137 1243 2203 rejiciemus
1267 2178 1280 2201 ,
1317 2137 1417 2191 alia
1444 2177 1458 2200 .
1503 2146 1559 2190 ut
1593 2136 1778 2190 suavia
1819 2144 1873 2189 et
1905 2144 2081 2206 grata,

512 2229 860 2299 probabimus
880 2271 895 2296 ,
931 2229 997 2283 de
1032 2229 1151 2283 aliis
1173 2230 1335 2284 etiam
1370 2227 1895 2297 philosophabimur,
1925 2237 2086 2294 atque

515 2324 568 2377 in
617 2325 938 2380 detrimento
971 2337 1264 2393 ponemus,
1303 2323 1401 2377 nisi
1448 2321 1612 2393 269
1645 2321 1709 2374 ad
1741 2320 1972 2388 patrium
2003 2321 2083 2372 vi-
2131 2377 2151 2385 _

516 2431 664 2476 num.
691 2415 961 2469 exoticum
988 2413 1150 2467 etiam
1186 2413 1452 2480 quoddam
1479 2411 1712 2464 maxime
1733 2409 2079 2472 celebratum,

515 2507 658 2560 velut
692 2516 948 2576 tyrannus
970 2542 984 2567 ,
1015 2503 1253 2558 accedat.
1286 2500 1392 2557 Nos
1431 2503 1626 2571 quippe
1654 2500 1828 2556 lautos
1863 2510 1915 2555 ct
1944 2500 2081 2554 deli-

514 2608 680 2658 catos,
713 2606 763 2650 et
794 2595 1119 2666 profusiores
1142 2609 1305 2663 quam
1334 2607 1461 2649 usus
1486 2593 1683 2662 exigat,
1711 2603 1803 2646 aut
1826 2606 1966 2658 esse,
1992 2600 2084 2644 aut

2180 581 2276 642 τὰς
2323 578 2550 641 κύλικας
2585 578 2671 630 ἐπ’
2711 577 2894 648 ἄκρων
2925 577 3200 631 δακτύλων
3252 577 3493 647 ἔχοντας,
3539 578 3604 642 ὼς
3632 577 3708 636 οἷόν

2179 689 2236 724 τε
2259 669 2674 742 εὐπρεπέστατά
2701 686 2757 722 τε
2808 669 2941 740 ὁμοῦ
2971 670 3064 723 κα)⁸
3089 668 3476 739 ἀσφαλέστατα
3498 686 3510 698 ⁸
3554 672 3655 734 τοὺς
3672 674 3709 727 δὲ

2182 765 2318 836 ὑπὲρ
2352 762 2590 834 κεφαλῆς
2619 762 2815 833 ἄνεμον
2847 765 2965 825 ταῖς
2998 765 3173 832 ριπῖσι
3227 761 3620 832 σοφιζομένους,
3646 768 3710 817 καὶ

2180 858 2297 918 ταῖς
2324 857 2386 907 ὲκ
2417 854 2610 924 χειρῶν
2636 852 2828 922 αὔραις
2856 853 2914 906 τὸ
2952 852 3150 923 πλῆθος
3183 853 3290 905 τῶν
3326 852 3540 922 σαρκῶν
3564 854 3711 922 ἀναφέ-

2181 964 2373 1017 χοντας
2393 964 2405 975 °
2437 945 2528 1000 καὶ
2558 946 2624 998 τὰ
2665 946 2759 998 ἐπὶ
2789 945 3021 1008 τούτοις,
3055 945 3276 1020 πλήθειν
3312 944 3409 1015 μὲν
3453 943 3618 1013 κρεῶν
3641 947 3710 1015 τὴν

2179 1037 2478 1109 τράπεζαν,
2537 1039 2753 1091 πάντων
2781 1036 3158 1108 χορηγούντων
3191 1037 3322 1106 ἡμῖν
3347 1035 3454 1087 τῶν
3486 1037 3713 1104 στοιχείων

2182 1129 2468 1192 πλουσίως,
2497 1130 2675 1199 ἀέρος,
2699 1128 2822 1198 γῆς,
2846 1129 3054 1192 ὓδατος
3073 1128 3168 1182 καὶ
3191 1123 3712 1197 στενοχωρεῖσθαιῷῗ)

2180 1225 2290 1286 τοῖς
2320 1223 2594 1293 μαγείρων
2625 1223 2718 1275 καὶ
2763 1221 3028 1290 ὀψοποιῶν
3083 1218 3550 1292 μαγγανεύμασιν,
3575 1219 3715 1286 ἀγῶνα

2180 1314 2236 1366 δὲ
2270 1311 2404 1366 εἶναι
2459 1315 2642 1375 πᾶσιν,
2679 1315 2825 1376 ὅστις
2873 1313 2948 1375 ὼς
2991 1314 3221 1383 μάλιστα
3276 1313 3373 1382 τὴν
3403 1311 3583 1380 λίχνην
3631 1311 3714 1380 (58)

2183 1406 2311 1474 ἡμῖν
2367 1404 2457 1457 καὶ
2519 1403 2808 1474 ἀχάριστον
2856 1403 3172 1456 κολακεύσει
3218 1404 3480 1473 γαστέρα,
3523 1401 3578 1453 τὸ
3615 1403 3714 1473 βαρὺ

2183 1489 2399 1559 φορτίον
2429 1491 2523 1542 καὶ
2568 1489 2898 1561 ἀρχέκακον,
2933 1491 2992 1544 τὸ
3021 1492 3422 1561 ἀπληστότατον
3452 1491 3624 1560 θηρίον
3649 1495 3718 1544 καὶ

2180 1581 2556 1645 ἀπιστότατον,
2595 1582 2692 1654 τὴν
2758 1584 3206 1654 καταργουμένην
3259 1581 3454 1636 αὐτίκα
3514 1582 3599 1634 σὺν
3636 1587 3718 1646 τοῖς

2181 1674 2639 1743 καταργουμένοις
2682 1673 2955 1745 βρώμασι.
2993 1675 3100 1727 Καὶ
3138 1677 3250 1738 τοῖς
3277 1675 3376 1744 μὲν
3431 1672 3562 1728 πολύ
3586 1691 3627 1725 τι
3651 1676 3718 1726 κό-

2184 1781 2276 1834 ρος
2305 1765 2397 1816 καὶ
2428 1763 2641 1827 ὕδατος.
2683 1767 2817 1835 ἡμῖν
2845 1764 2902 1817 δὲ
2954 1767 3046 1819 καὶ
3087 1766 3244 1837 μέχρι
3289 1766 3458 1836 μέθης
3487 1767 3534 1817 οἱ
3569 1764 3645 1816 τοῦ
3663 1766 3719 1817 οἴ-

2183 1873 2272 1909 νου
2310 1857 2605 1928 κρατῆρες,
2646 1857 2842 1927 μᾶλλον
2889 1857 2944 1911 δὲ
2974 1857 3067 1910 καὶ
3116 1858 3256 1928 ὑπὲρ
3301 1856 3400 1926 τὴν
3433 1855 3615 1926 μέθην,
3640 1861 3722 1919 τοῖς

2183 1966 2244 2017 γε
2287 1948 2731 2020 ἀκολαστοτέροις
2752 1966 2764 1978 '
2808 1949 2901 2003 καὶ
2949 1949 3038 2002 τὸν
3069 1949 3164 2019 μὲν
3195 1948 3620 2018 ἀποπεμψόμεθα
3640 1949 3721 1999 τῶν

2185 2039 2361 2104 οἴνων,
2393 2041 2483 2094 τὸν
2515 2041 2571 2093 δὲ
2597 2040 2952 2113 ἐγκρινοῦμεν
2997 2041 3074 2104 ὡς
3117 2040 3416 2110 ἀνθοσμίαν
3463 2041 3591 2110 (59),
3628 2043 3725 2110 περὶ

2185 2132 2241 2182 δὲ
2269 2131 2362 2182 τοῦ
2415 2131 2867 2202 φιλοσοφήσομεν,
2901 2132 3072 2203 ζημία
3111 2131 3186 2198 δὲ,
3246 2133 3295 2185 εί
3356 2131 3429 2202 μὴ
3475 2132 3724 2202 πφσέσται

2188 2224 2264 2294 τῷ
2293 2226 2540 2296 ἐγχωρίῳ
2575 2228 2668 2279 καὶ
2721 2227 2828 2280 τῶν
2857 2227 3271 2299 ὀνομαζομένων
3316 2227 3480 2291 ξένων
3522 2226 3620 2297 (40)
3647 2245 3727 2289 τις,

2187 2315 2373 2388 ῶσπερ
2420 2318 2713 2389 τύραννος.
2770 2320 2861 2371 Δεῖ
2911 2319 3020 2390 γὰρ
3067 2322 3212 2391 ἡμᾶς
3266 2319 3468 2390 ἁδροὺς
3519 2320 3604 2372 καὶ
3655 2321 3727 2387 τῆς

2187 2409 2372 2478 χρείας
2409 2409 2844 2481 περιττοτέρους,
2889 2410 2922 2480 ἧ
2958 2406 3118 2475 εἶναι,
3151 2412 3184 2482 ἢ
3215 2409 3552 2481 νομίζεσθαι,
3577 2409 3730 2479 ῶσπερ

2189 2502 2623 2572 αἰσχυνομένους,
2662 2504 2709 2556 εἰ
2762 2502 2835 2574 μὴ
2862 2504 3020 2557 κακοὶ
3059 2503 3432 2574 νομιζοίμεθα,
3463 2505 3554 2554 καὶ
3588 2503 3727 2554 δοῦλοι

2189 2591 2441 2662 γαστρὸς,
2473 2594 2566 2647 καὶ
2592 2592 2700 2646 τῶν
2731 2594 2834 2646 ὑπὸ
2865 2594 3126 2664 γαστέρα.

515 2691 698 2745 haberi
745 2697 986 2759 oportet,
1030 2688 1252 2759 perinde
1299 2698 1460 2758 atque
1511 2702 1812 2753 vereamur,
1850 2702 1916 2742 ne
1960 2701 2072 2741 .non
2115 2687 2264 2756 pravi
2333 2687 2726 2756 existimemur,
2763 2704 2826 2745 ac
2886 2691 3088 2745 ventris
3113 2732 3127 2757 ,
3164 2701 3476 2756 eteorum,
3509 2708 3619 2760 qua:
3654 2694 3730 2744 sub

516 2794 700 2842 ventre
727 2793 881 2846 sunt,
913 2783 1198 2851 mancipia.
1259 2841 1268 2848 _

590 2875 766 2932 XVIII.
805 2885 942 2944 uoto
974 2891 1116 2942 nam,
1170 2892 1201 2929 ο
1253 2877 1410 2931 amici
1451 2887 1505 2932 et
1544 2878 1773 2932 tratres?
1819 2877 1946 2948 quid
1987 2892 2081 2932 nos
2110 2883 2151 2937 (ι

516 2985 728 3042 quoque
749 2969 1050 3024 animorum
1074 2967 1260 3022 morbo
1285 2977 1548 3033 tenemur,
1579 2969 1765 3023 morbo
1788 2968 1950 3038 longe
1972 2984 2086 3039 gra-

514 3061 682 3123 viori,
717 3075 876 3129 quam
921 3073 1027 3127 quo
1076 3073 1302 3129 corpora
1348 3060 1704 3127 premuntur?
1751 3056 1848 3114 Hie
1887 3059 2086 3113 etenim

515 3163 707 3220 praeter
753 3151 1085 3205 voluntatem
1134 3150 1376 3214 exsistit,
1429 3151 1517 3206 ille
1561 3166 1688 3205 vero
1734 3167 1762 3204 a
1815 3150 2089 3206 voluntate

432 3270 442 3288 ι
517 3248 732 3306 manat;
761 3240 848 3295 hic
885 3254 990 3293 una
1025 3253 1147 3293 cum
1174 3239 1274 3292 hac
1297 3239 1403 3292 vita
1434 3239 1651 3302 desinit,
1685 3239 1794 3304 ille,
1820 3256 1937 3294 cum
1965 3240 2088 3294 hinc

518 3333 832 3403 mis-ramus,
867 3333 1147 3387 nobiscum
1173 3332 1452 3394 abscedit;
1487 3333 1574 3386 hic
1602 3333 1933 3408 misepationi
1959 3372 1974 3396 ,
2001 3333 2088 3387 ille

514 3425 638 3481 odio
667 3434 783 3491 est,
820 3425 958 3495 apud
991 3438 1084 3479 eos
1130 3423 1382 3493 quidem,
1425 3424 1514 3492 qui
1547 3438 1690 3479 sanae
1730 3425 1928 3480 mentis
1965 3432 2088 3478 sunt

515 3527 807 3585 compotes.
837 3518 947 3571 Cur
980 3523 1182 3569 natura:
1204 3555 1218 3581 ,
1253 3515 1377 3568 dum
1410 3526 1620 3584 tempus
1649 3514 1940 3580 habemus,
1981 3530 2086 3570 non

516 3607 919 3662 succurrimus?
964 3605 1092 3672 Cur,
1123 3622 1242 3660 cum
1275 3622 1402 3660 caro
1431 3607 1599 3661 simus
1619 3645 1634 3671 ,
1663 3606 1845 3661 carnis
1871 3605 2090 3662 humili-

520 3709 680 3754 tatem
725 3712 830 3753 non
873 3698 1242 3765 contegimus?
1281 3697 1389 3752 Cur
1422 3698 1473 3751 in
1502 3696 1732 3753 fratrum
1767 3697 2089 3754 calamitati-

519 3791 617 3844 bus
643 3789 848 3843 deliciis
878 3787 1199 3842 studemus?
1235 3788 1387 3842 Absit
1410 3789 1513 3842 hoc
1543 3802 1574 3841 a
1606 3802 1690 3842 me
1712 3828 1726 3853 ,
1761 3797 1817 3841 ut
1857 3788 1940 3842 vel
1966 3788 2087 3858 opi—

523 3881 621 3934 bns
650 3879 912 3934 abundem
939 3920 953 3943 ,
997 3879 1081 3933 his
1121 3880 1295 3948 inopia
1348 3893 1522 3933 rerum
1553 3878 1966 3945 laborantibus;
2005 3878 2088 3933 vel

520 3972 797 4026 commoda
826 3971 1130 4025 valetudine
1175 3971 1343 4038 fruar,
1392 3972 1490 4027 nisi
1535 3973 1727 4026 horum
1777 3971 2087 4026 vulneribus

516 4077 670 4131 opem
704 4062 872 4115 feram
900 4079 913 4125 ;
943 4061 1028 4115 vel
1061 4062 1257 4114 victum
1290 4071 1451 4131 atque
1489 4063 1748 4116 amictum
1799 4063 1930 4116 satis
1976 4076 2090 4114 am-

517 4156 660 4223 plum
698 4154 943 4219 habeam,
975 4168 1037 4208 ac
1066 4154 1166 4207 sub
1199 4161 1341 4208 tecto
1378 4155 1747 4223 requiescam,
1779 4155 1879 4209 nisi
1907 4164 1961 4208 et
1995 4169 2087 4223 pa-

2255 2876 2360 2927 III'.
2395 2875 2458 2926 Τί
2483 2873 2677 2937 ταῦτα,
2730 2868 2773 2927 ὦ
2809 2874 2948 2943 φίλοι
2981 2875 3072 2928 καὶ
3124 2875 3372 2944 ἀδελφοί;
3420 2875 3476 2926 τί
3509 2876 3731 2946 νοσοῦμεν

2187 2967 2280 3018 καὶ
2305 2967 2456 3018 αὐτοὶ
2485 2965 2579 3029 τὰς
2608 2965 2785 3035 ψυχὰς
2811 2965 2944 3036 (4-1),
2979 2966 3130 3019 νόσον
3160 2967 3290 3020 πολύ
3319 2966 3415 3036 τῆς
3446 2968 3554 3019 τῶν
3580 2968 3735 3037 σωμά-

2185 3074 2294 3109 των
2321 3056 2432 3126 (42)
2453 3055 2838 3126 χαλεπωτέραν
2866 3072 2879 3122 ;
2916 3057 3065 3128 Ὄσῳ
3092 3057 3189 3129 τὴν
3213 3059 3310 3128 μὲν
3345 3060 3597 3113 ἀκούσιον
3625 3056 3734 3116 07.51.

2186 3150 2283 3220 τὴν
2311 3148 2366 3200 δὲ
2405 3148 2702 3218 ἐρχομένην
2751 3149 2813 3203 ἐκ
2863 3149 3267 3220 προαιρέσεως·
3325 3152 3420 3204 καὶ
3465 3153 3561 3223 τὴν
3587 3152 3738 3221 μὲν-ᾗ

2188 3241 2298 3311 ζωῇ
2333 3240 2504 3310 ταύτῃ
2555 3240 3088 3312 συγκαταλυομένην,
3133 3243 3230 3312 τὴν
3283 3242 3340 3296 δὲ
3399 3243 3738 3296 συναπιοῦσσν

2185 3334 2315 3401 ἡμῖν
2349 3331 2759 3401 μεθισταμένοις
2818 3331 2958 3402 (45)*
3005 3333 3100 3387 καὶ
3139 3334 3236 3406 τὴν
3283 3334 3381 3404 μὲν
3420 3335 3739 3405 ὲλεουμένην.

2189 3423 2285 3494 τὴν
2319 3423 2375 3476 δὲ
2412 3423 2765 3494 μισουμένην,
2800 3426 2910 3487 τοῖς
2947 3441 3007 3493 γε
3034 3424 3156 3479 νοῦν
3182 3424 3415 3496 ἔχουσιν.
3443 3427 3510 3478 Τί
3535 3425 3607 3496 μὴ
3639 3425 3742 3494 βοη-

2187 3512 2385 3584 θοῦμεν
2427 3515 2493 3583 τῇ
2539 3511 2698 3581 φύσει
2753 3513 2940 3584 καιρὸν
2967 3511 3179 3583 ἔχοντες
3222 3512 3369 3584 (44);
3401 3515 3456 3566 τί
3493 3513 3566 3584 μὴ
3615 3528 3742 3580 περι-

2190 3604 2495 3674 στέλλομεν,
2534 3603 2734 3674 σάρκες
2797 3603 2967 3668 ὄντες,
3013 3605 3109 3674 τῆς
3148 3605 3346 3677 σαρκὸς
3368 3604 3473 3675 τὴν
3507 3606 3745 3657 ταπείνω-

2188 3712 2303 3760 σιν;
2333 3695 2384 3748 τί
2417 3695 2707 3766 τρυφῶμεν
2731 3697 2788 3748 ὲν
2811 3699 2921 3759 τοῖς
2943 3695 3049 3764 τῶν
3082 3697 3322 3765 ἀδελφῶν
3350 3697 3741 3767 δυστυχήμασι;

2187 3786 2278 3858 Μή
2338 3804 2427 3857 μοι
2483 3786 2711 3855 γένοιτο,
2745 3789 2877 3860 μήτε
2923 3787 3188 3852 πλουτεῖν,
3222 3789 3427 3842 τούτων
3461 3788 3746 3858 ἀπορουμέ-

2187 3897 2323 3932 νων·
2357 3879 2491 3950 μήτε
2515 3879 2774 3944 εὐεκτεῖν,
2801 3866 2848 3933 εί
2877 3881 2950 3952 μὴ
2983 3879 3234 3953 βοηθοίην
3273 3881 3385 3952 (45)
3421 3886 3541 3945 τοῖς
3569 3882 3745 3933 τούτων

2189 3973 2493 4042 τραύμασισ
2539 3972 2610 4044 μὴ
2655 3972 2854 4042 τροφῆς
2890 3972 3089 4036 ἱκανῶς
3115 3972 3278 4043 ἔχειν,
3308 3975 3382 4044 μὴ
3423 3974 3655 4041 σκέπης,
3689 3973 3747 4040 μὴ

2191 4061 2293 4114 ὐπὸ
2327 4062 2522 4133 στέγην
2552 4064 2944 4131 ἀναπαύεσθαι,
2979 4067 3026 4116 εί
3079 4065 3152 4135 μὴ
3183 4067 3274 4118 καὶ
3298 4066 3469 4137 ἄρτον
3498 4066 3746 4137 ὀρέξαιμι,

2190 4156 2283 4205 καὶ
2334 4152 2618 4225 μεταδοίην
2650 4156 2871 4226 ἐσθῆτος
2903 4158 2983 4221 είς
3007 4158 3252 4228 δύναμιν,
3291 4160 3386 4210 καὶ
3431 4159 3544 4211 ὐπὸ
3581 4157 3750 4224 στέγην

516 4261 640 4300 nem
671 4245 734 4300 iis
764 4260 863 4315 pro
896 4245 1211 4301 facultatum
1242 4245 1458 4300 modulo
1482 4240 1771 4317 porrigam,
1803 4256 1855 4299 et
1877 4257 2081 4301 vestem

2190 4244 2580 4318 ἁναπαύσαιμι.
2626 4247 2762 4299 Ἀλλ’
2809 4249 2926 4318 ῆτοι
2960 4251 3135 4302 πάντα
3187 4251 3486 4304 ἀποθετέον
3534 4249 3747 4319 Χριστῷ,

517 4339 812 4407 impertiar,
834 4352 1033 4407 eosque
1057 4346 1196 4392 tecto
1223 4339 1509 4408 excipiam.
1543 4337 1761 4406 Verum,
1791 4339 1874 4394 vel
1902 4340 2081 4393 omnia

514 4439 731 4499 propter
772 4427 1044 4484 Christum
1085 4430 1430 4500 deponenda,
1475 4442 1533 4486 ut
1581 4434 1826 4500 sincere,
1869 4433 2081 4488 sublata

514 4520 755 4576 humeris
786 4534 963 4587 cruce,
1001 4521 1174 4589 ipsum
1209 4537 1521 4591 sequamur,
1554 4523 1820 4593 simulque
1846 4524 1992 4580 leves
2020 4541 2083 4580 ac

514 4612 783 4680 expediti,
819 4627 916 4666 nec
960 4613 1027 4666 ab
1080 4612 1186 4665 ulla
1233 4627 1293 4668 re
1343 4615 1395 4666 in
1442 4615 1693 4669 deorsum
1733 4617 1982 4681 attracti,
2017 4617 2083 4670 ad

515 4716 804 4770 supernum
834 4703 1088 4756 mundttm
1119 4703 1494 4768 convolemus,
1533 4712 1694 4780 atque
1735 4721 1830 4774 per
1866 4705 2082 4759 humili-

520 4803 679 4848 tatem
714 4794 932 4847 exaltati
957 4834 970 4857 ,
1018 4803 1071 4847 et
1111 4810 1205 4864 per
1252 4804 1540 4864 egestatem
1573 4797 1763 4862 dilati,
1805 4797 2076 4851 Christum

588 4993 694 5064 ('57)
735 4991 1250 5068 Στενοχωρεῖσθαι.
1294 5012 1312 5043 ι
1354 4992 1589 5068 Herculis
1629 4996 1886 5060 delicatis,
1919 5016 2083 5068 Clipe-

518 5063 619 5118 diis
650 5066 1050 5132 angustiemur;
1089 5081 1107 5114 ι
1154 5077 1262 5130 prae
1292 5065 1631 5120 multitudine
1669 5068 1892 5134 scilicet,
1937 5063 2004 5125 ut'
2029 5074 2080 5125 in

516 5148 700 5188 mensa
729 5133 875 5187 locus
905 5148 1008 5186 non
1037 5134 1286 5201 supersit.

589 5202 699 5272 (58)
741 5205 988 5271 Λίχνην.
1023 5201 1187 5273 Regii
1206 5202 1405 5268 plures,
1430 5204 1624 5273 λίχνον.

587 5271 698 5345 (59)
752 5272 1127 5345 Ἄνθοσμίᾳν.
1173 5271 1604 5345 Interpretatur:

517 5343 699 5397 colore
724 5344 882 5394 simul
912 5354 962 5394 et
989 5343 1152 5395 odore
1179 5344 1475 5410 praeditum.
1516 5363 1532 5391 ι

594 5414 704 5485 (40)
747 5412 963 5485 Ξένων.
1121 5413 1175 5480 2,
1202 5412 1347 5475 ξένον
1380 5412 1582 5485 [male].

590 5481 967 5552 (41)οΨί,ιχάς.
1008 5481 1154 5552 Unus
1185 5486 1361 5552 codex
1381 5481 1558 5542 addit;
1587 5489 1695 5540 καί.

589 5548 702 5623 (42)
742 5548 1168 5623 ΣωμάτιυνχΟν.
1203 5553 1236 5604 2
1261 5548 1429 5623 addit,
1463 5555 1684 5610 τούτων.

587 5625 708 5719 (45)
737 5622 1217 5691 Μεθισταμένοις.
1249 5622 1339 5676 Sic
1364 5638 1551 5679 omnes
1575 5630 1726 5680 codd.
1764 5628 1924 5694 Editi,
1964 5631 2087 5700 p.50-

521 5710 853 5761 ισταμενους,

590 5763 699 5820 (44)
739 5763 956 5830 Καιρὸν
1009 5763 1269 5830 ἔχοντες.
1331 5765 1452 5822 Ηωο
1489 5767 1678 5824 desunt
1734 5771 1786 5824 in
1840 5771 2081 5840 pluribus

1656 5297 1672 5328 ι
1723 5279 1902 5333 vinum
1940 5285 2078 5336 bono

2193 4335 2276 4388 ἵνα
2304 4336 2538 4406 γνησίως
2561 4338 3010 4410 ἀκολουθήσωμεν
3041 4340 3211 4411 αὐτῷ,
3243 4343 3333 4394 τὸν
3366 4343 3610 4413 σταυρὸν
3639 4341 3748 4409 ἀρὰς

2193 4445 2362 4497 μενοι,
2395 4431 2486 4482 καὶ
2526 4430 2850 4501 ἀναπτῶμεν
2888 4433 2962 4495 ὡς
2993 4432 3182 4502 κοῦφοι
3213 4435 3328 4503 (46)
3369 4432 3518 4505 πρὸς
3546 4436 3632 4487 τὸν
3661 4437 3749 4487 ἄνω

2189 4520 2411 4590 κόσμον,
2468 4523 2560 4574 καὶ
2614 4523 2892 4586 εὐσταλεῖς
2932 4526 3035 4578 ὑπὸ
3086 4526 3311 4597 μηδενὸς
3354 4527 3749 4597 καθελκόμενοι.

2187 4613 2277 4664 καὶ
2303 4613 2654 4684 κερδήσωμεν
2687 4617 2806 4668 ἀντί
2845 4618 3058 4670 πάντων
3094 4620 3348 4690 Χριστὸν,
3383 4620 3480 4673 διὰ
3510 4619 3754 4672 ταπείειωσ

2134 4772 2136 4775 ι
2191 4721 2272 4758 σιν
2303 4705 2622 4774 ὐψωθέντες,
2648 4709 2739 4760 καὶ
2762 4708 2849 4760 διὰ
2888 4711 3076 4764 πενίαν
3100 4713 3513 4782 πλουτήσαντες
3534 4731 3547 4743 ο
3578 4715 3610 4784 ἦ
3640 4714 3755 4782 Χρε-

2191 4799 2296 4866 στῷ
2321 4799 2387 4850 τὰ
2407 4799 2534 4851 ὄντα
2566 4802 2977 4872 συμμεριστέον,
3008 4804 3093 4856 ἵνα
3111 4804 3221 4875 (47)
3251 4822 3367 4867 πως
3395 4807 3498 4858 καὶ
3525 4807 3588 4858 τὸ
3611 4806 3751 4873 ἔχειν,

2186 5006 2339 5060 codd.

2255 5075 2378 5152 _(45)_
2407 5078 2717 5152 Βοηθοίηῂ.
2746 5078 2834 5133 Sic
2859 5080 2963 5133 duo
2993 5079 3156 5151 Regg.
3184 5090 3236 5135 et
3257 5081 3353 5136 Or.
3388 5081 3452 5136 2.
3490 5083 3624 5149 Alii,
3647 5082 3754 5152 βοηο

2185 5144 2352 5220 θείην
2368 5144 2716 5220 [perperam].

2255 5216 2386 5289 (46)
2540 5216 2772 5291 κοῦφοι.
2807 5219 2964 5276 Deest
2991 5220 3066 5283 ὡς
3091 5221 3141 5274 in
3177 5222 3428 5291 pluribus
3460 5223 3630 5278 codd.
3674 5221 3751 5273 Iiic

2185 5287 2406 5362 locusin
2437 5287 2529 5362 ρι’.
2563 5289 2617 5362 2,
2646 5290 2876 5362 aliisque
2909 5287 3190 5362 permultis
3214 5295 3291 5346 sic
3325 5292 3542 5362 legitur
3589 5312 3603 5346 :
3651 5291 3754 5344 κοῦ-

2182 5373 2272 5436 φοι
2298 5359 2391 5479 ιῖαῖ
2418 5357 2693 5421 εὐσταλεῖς
2725 5360 2860 5428 πρὸς
2884 5357 2974 5413 τὸν
3000 5360 3130 5428 ἀνω,
3159 5372 3259 5416 etc.
3295 5363 3350 5415 In
3373 5357 3512 5418 aliis
3540 5378 3684 5424 vero.
3711 5373 3752 5410 ut

2186 5442 2236 5478 Ill
2261 5443 2308 5478 et
2334 5439 2440 5479 ttts.
2747 5453 2762 5466 -

2186 5442 2236 5478 ΙΙΙ
2261 5439 2440 5482 ριιιιις.
2747 5453 2762 5466 ⁶

2256 5498 2366 5572 (4η
2411 5499 2534 5572 Ἵνα
2557 5512 2681 5564 πως
2703 5501 2800 5553 καὶ
2835 5500 2900 5553 τὸ
2925 5501 3108 5569 ἔχειν,
3137 5512 3269 5564 ctc.,
3305 5521 3323 5552 ι
3357 5513 3427 5558 ut
3449 5504 3642 5572 aliquo
3663 5517 3755 5555 mn-

2184 5567 2266 5642 t|o_
2293 5569 2341 5620 id
2387 5571 2550 5622 etiam
2599 5572 2739 5635 quod
2779 5567 3055 5634 habemus,
3097 5583 3382 5641 pmpterea
3434 5567 3590 5642 quod
3632 5582 3753 5624 recte

2183 5637 2494 5711 habeamus,
2530 5649 2586 5711 et.
2613 5642 3071 5696 communicemus
3097 5637 3232 5694 'cutit
3278 5643 3341 5696 iis
3384 5637 3489 5711 qui
3539 5659 3644 5698 non
3679 5643 3754 5695 ha-

2183 5705 2327 5768 bent,
2358 5705 2750 5782 sanctificatum
2794 5730 2811 5762 »
2859 5725 3050 5782 nempe
3111 5712 3346 5768 honesttn
3405 5705 3755 5782 possessionis

2183 5789 2340 5845 atque
2372 5778 2524 5834 ollicii
2556 5780 2778 5838 ratione.
