3844 6390
136 413 214 468 881

1034 380 1287 470 ennio
1330 415 1464 472 χιι.
1505 445 1571 456 -τ-
1611 415 1696 470 DE
1738 413 2114 471 racemum
2158 409 2415 468 suone.

3252 405 3354 461 882

130 528 200 582 διά
217 525 302 578 τοῦ
339 525 519 588 καλῶς
549 527 712 598 ἔχειν,
742 530 994 604 ἀγιασθῇ,
1029 534 1120 586 καὶ
1150 533 1242 587 τοῦ
1267 539 1542 590 κοινωνεῖν
1575 538 1686 599 τοῖς

1811 549 1909 589 oco
1937 531 2177 589 omnium
2212 545 2392 585 rerum
2435 528 2770 590 elucremur;
2824 525 2903 579 vel
2955 533 3098 579 certe
3144 523 3356 579 Christo

131 622 190 689 μὴ
220 617 446 686 ἔχουσιν.
479 619 541 672 Ei
568 620 626 672 δὲ
657 621 750 675 καὶ
780 623 1064 694 σπείραιμι
1093 625 1314 696 ἐμαυτῷ
1335 627 1498 696 μόνῳ,
1536 628 1680 680 σπεί-

129 704 262 781 pip:
290 708 416 779 ἄρα,
453 711 545 763 καὶ
578 710 725 765 ἄλλοι
763 715 982 783 φάγοιεν
1013 714 1124 786 (48)
1147 732 1160 745 °
1185 718 1276 770 κα).
1301 718 1386 770 ἵνα
1421 717 1580 771 πάλιν
1612 717 1684 770 εί.

132 823 199 857 πω
225 801 280 854 τὸ
307 800 400 854 τοῦ
436 801 586 854 Ἰώὸ·
652 805 798 858 Ἀντί
854 805 1048 874 πυροῦ
1088 806 1321 872 ἐξέλθοι
1349 827 1449 878 μοι
1485 808 1680 876 κνίδη,

129 893 236 951 ἀντὶ
259 891 326 945 δὲ
355 893 565 962 κριθῆς
587 894 778 962 ,ϐάτος
798 914 811 927 ·
850 897 1068 951 καύσων
1099 898 1153 952 δὲ
1183 899 1381 970 ἄνεμος
1404 899 1684 963 ὑπολάϐοι,

130 985 204 1038 καὶ
224 981 467 1050 ὑφέλοιτο
513 982 710 1054 λαῖλαψ
747 985 872 1048 τοὺς
911 986 1075 1056 ἐμοὺς
1111 987 1325 1052 πόνους,
1379 989 1464 1042 ἵνα
1491 991 1568 1052 είς
1601 1007 1688 1042 κεν

128 1075 203 1128 νὺν
247 1074 594 1146 κοπιάσαιμι.
631 1077 694 1130 Ei
729 1077 784 1130 δὲ
817 1078 910 1130 καὶ
946 1077 1226 1151 ἀποθήκας
1268 1081 1689 1152 οἱκοδομήσαιμι

130 1170 180 1220 ὲκ
207 1165 306 1218 τῶν
331 1165 438 1236 (49)
475 1169 709 1238 μαμωνᾶ
759 1168 1126 1241 θησαυρίζων,
1155 1173 1248 1225 κα).
1281 1174 1534 1243 μαμωνᾷ,
1560 1174 1685 1226 ταύ-

125 1276 178 1326 τῃ
214 1258 271 1324 τῇ
299 1257 455 1310 νυκτὶ
496 1258 592 1329 τὴν
626 1258 802 1329 ψυχὴν
836 1259 949 1331 (50)
980 1262 1360 1333 άπαιτηθείην,
1390 1263 1544 1332 λόγον
1583 1265 1684 1333 ὐφ-

127 1351 258 1416 ἐξων,
288 1343 361 1401 ὧν
388 1350 570 1414 κακῶς
591 1350 947 1422 ὲθησαύρισα.

1793 640 1921 694 opes
1951 634 2150 679 nostra:
2178 621 2671 681 communicandag,
2709 629 2765 670 ut
2799 617 2925 686 ipsze
2969 617 3191 670 honeste
3229 630 3352 684 pos-

1791 733 1980 784 sessa,
2034 726 2088 772 et
2141 716 2461 784 pauperibus
2507 727 2692 767 earum
2751 713 2800 764 iu
2857 720 3061 778 partem
3121 709 3354 772 vocatis,

1793 810 2078 863 sanctitate
2110 810 2339 878 quadam
2369 809 2699 862 imbuantnr.
2729 804 2878 870 Quod
2905 805 2946 887 si
2975 803 3102 856 mihi
3137 801 3233 870 ipsi
3256 801 3356 856 soli

1787 918 1988 966 seram,
2025 903 2095 956 ita
2130 901 2304 957 seram
2340 901 2519 964 velim,
2550 913 2736 952 verum
2767 906 2825 951 ut
2849 897 2937 950 alii
2963 897 3132 964 etiam_
3155 895 3356 948 fructus
3449 955 3454 958 _

1787 995 1945 1049 edant
1971 1012 1986 1060 ;
2014 1005 2174 1064 atque
2197 1035 2210 1060 ,
2247 1003 2307 1048 ut
2334 989 2449 1047 Jobi
2481 992 2660 1046 verbis
2707 1005 2894 1044 rursus
2921 999 3042 1042 utar
3071 1005 3084 1040 :
3120 986 3219 1039 Pro
3259 987 3357 1037 tri-

1786 1087 1888 1140 tico
1923 1088 2129 1140 oriatur
2154 1087 2284 1140 mihi
2310 1086 2500 1148 urtica,
2534 1100 2627 1152 pro
2659 1083 2854 1135 hordeo
2890 1089 3060 1133 autem
3095 1078 3252 1130 rubus
3278 1078 3355 1138 ⁸⁷;

1785 1187 1974 1231 ventus
2016 1176 2178 1230 etiam
2216 1188 2378 1229 urens
2408 1183 2461 1227 et
2488 1175 2648 1226 turbo
2675 1171 2886 1224 labores
2917 1183 3063 1222 meos
3093 1166 3358 1234 excipiant

1784 1282 1846 1322 ac
1889 1269 2185 1336 surripiant
2211 1306 2225 1332 ,
2267 1276 2326 1318 ut
2359 1266 2410 1318 in
2456 1280 2652 1318 vanum
2693 1262 3071 1316 laboraverim.
3121 1258 3270 1324 Quod
3315 1259 3358 1309 si

1783 1357 1944 1409 etiam
1971 1356 2167 1410 horrea
2197 1365 2498 1417 exstruam,
2539 1355 2820 1406 thesauros
2849 1366 2910 1404 ex
2947 1363 3276 1408 mammona,
3307 1354 3359 1397 et

127 1455 426 1496 mammona:
478 1443 788 1508 cumulatis,
844 1460 950 1498 non
998 1461 1188 1500 recuso
1233 1447 1522 1515 quominus
1585 1447 1684 1501 hac
1724 1464 1934 1517 quoque
2009 1459 2168 1502 nocte
2233 1449 2469 1502 animam
2505 1443 2847 1514 reposcar“,
2888 1443 3150 1496 rationem
3175 1454 3359 1493 eorum

127 1533 438 1600 redditurus,
474 1551 593 1604 quae
627 1537 766 1591 male
794 1541 1023 1610 aggessi.

184 1627 274 1678 lB’.
312 1627 390 1679 Οὐ
434 1631 854 1701 σωφρονήσομεν
895 1633 1004 1701 (51)
1044 1632 1140 1702 ὀψὲ
1174 1632 1298 1700 γοῦν
1324 1651 1336 1697 ;
1365 1635 1422 1686 οὐ
1454 1631 1684 1686 καταϐα-

125 1719 200 1772 λοῦ
209 1735 300 1789 μεν
318 1718 415 1790 τὴν
438 1720 787 1790 ἀναλγησίαν,
809 1725 895 1777 ἵνα
918 1724 990 1795 μὴ
1013 1726 1156 1794 λέγω
1173 1725 1518 1796 μικρολογίαν
1538 1726 1646 1798 (59)
1669 1745 1680 1788 ;

121 1813 171 1864 ού
222 1811 284 1865 τὰ
345 1811 660 1884 ἀνθρώπινα
726 1815 1049 1886 λογιούμεθα
1106 1817 1249 1885 (55);

123 1903 301 1973 ἑτέρων
334 1906 526 1967 κακοῖς
550 1904 617 1958 τὰ
659 1907 901 1979 ἡμέτερα
945 1904 1001 1962 εὖ
1034 1907 1344 1978 θησόμεθα;
1392 1910 1553 1962 Φύσει
1587 1911 1683 1980 μὲν

123 1995 215 2064 γὰρ
250 1995 402 2047 οὐδὲν
449 1995 558 2049 τῶν
604 1997 955 2070 ἀνθρωπίνων
1004 1999 1236 2070 βέϐαιον,
1296 2001 1415 2054 οὐδὲ
1464 2002 1682 2073 ὁμαλὸν,

85 2075 96 2092 ί
121 2087 223 2139 οὐδὲ
245 2085 535 2158 αὔταρκες,
575 2089 695 2142 οὐδὲ
723 2091 816 2143 ἐπὶ
841 2091 948 2144 τῶν
983 2093 1160 2146 αὐτῶν
1205 2093 1488 2163 ἱστάμενον
1506 2111 1517 2123 ·
1553 2092 1686 2146 ἀλλά

0 2171 96 2256 ιδίίῖί
123 2177 300 2242 κύκλος
353 2197 438 2242 τις
486 2181 591 2232 τῶν
636 2183 918 2254 ἡμετέρων
963 2186 1272 2255 περιτρέχει
1330 2187 1685 2256 πραγμάτων,

17 2257 20 2270 ’
121 2269 288 2323 ἄλλοτε
326 2269 494 2334 ἄλλας
523 2273 615 2324 ἐπὶ
658 2275 786 2343 μιᾶς
816 2275 1026 2345 ἡμέρας
1057 2275 1335 2340 πολλάκις,
1379 2275 1494 2328 ἐστι
1532 2275 1577 2328 δ’
1601 2277 1688 2328 ὅτε

123 2363 203 2414 καὶ
257 2362 428 2434 ῶρας,
477 2364 657 2436 φέρων
711 2367 1045 2436 μεταϐολάςο
1096 2368 1188 2420 καὶ
1246 2367 1439 2438 αὔραις
1493 2367 1690 2438 μᾶλλον

45 2459 69 2544 ,τ’
122 2456 222 2510 ἔστι
250 2456 526 2510 πιστεύειν
561 2459 656 2527 οὐχ
681 2459 1012 2528 ἱσταμέναις,
1047 2460 1140 2510 καὶ
1173 2458 1300 2528 νηὸς
1333 2459 1691 2528 ποντοπορού-

40 2575 44 2584 ν
125 2564 211 2617 at};
244 2546 437 2616 ἴχνεσι,
474 2551 568 2602 κα).
603 2551 792 2614 νυκτὸς
814 2551 1109 2621 ἀπατηλοῖς
1129 2551 1418 2620 ὀνείρασιν,
1455 2544 1528 2604 ὧν
1560 2551 1692 2622 πρὸς

119 2639 283 2706 ὀλίγον
313 2640 346 2709 ἡ
381 2640 561 2711 χάρις,
608 2643 702 2694 κα).
743 2643 842 2695 ὅσα
875 2642 1016 2696 κατά
1046 2641 1314 2712 ψαμάθων
1355 2642 1464 2713 (54)
1507 2643 1692 2705 παῖδες

119 2745 174 2778 τυ
187 2727 333 2781 πιοῦσι
357 2730 664 2794 παίζοντες,
693 2732 726 2802 ἢ
750 2731 1046 2803 ἀνθρώπων
1075 2733 1343 2802 εὐημερίᾳ
1363 2750 1374 2761 ·
1422 2732 1692 2802 σώφρονες

118 2821 182 2882 δὲ,
214 2823 259 2874 οἱ
290 2822 382 2875 διὰ
418 2823 477 2876 τὸ
508 2823 584 2894 μὴ
628 2823 902 2876 πιστεύειν
956 2828 1068 2888 τοῖς
1103 2823 1354 2896 παροῦσι,
1413 2825 1472 2876 τὸ
1507 2825 1694 2894 μέλλον

121 2913 317 2976 ἑαυτοῖς
351 2913 802 2984 Θησαυρίζοντεςο
847 2915 940 2973 καὶ
993 2915 1079 2968 διὰ
1131 2915 1190 2968 τὸ
1218 2916 1315 2986 τῆς
1353 2914 1697 2987 ἀνθρωπίνης

118 3004 417 3075 εὐπραγίας
445 3005 674 3059 ἄστατον
707 3009 799 3060 καὶ
839 3007 1144 3077 ἀνώμαλον,
1175 3006 1271 3078 τὴν
1301 3009 1360 3060 οὐ
1396 3007 1697 3060 πίπτουσαν

118 3090 436 3156 ἀγαπῶντες
455 3095 826 3168 χρηστότητα,
884 3095 972 3149 ἶνα
1003 3095 1168 3166 τριῶν
1218 3097 1274 3149 ἓν
1312 3097 1376 3164 γέ
1401 3114 1450 3150 τι
1484 3095 1698 3160 πάντως

1867 1630 2012 1686 Χιχ.
2049 1628 2165 1682 Non
2211 1631 2424 1681 tandem
2480 1625 2768 1695 aliquando
2803 1621 3212 1692 resipiscemus?
3246 1619 3359 1678 Non

1793 1734 2070 1793 stuporem
2101 1728 2261 1789 atque
2295 1719 2640 1774 indolentiam
2663 1759 2677 1782 ,
2721 1732 2786 1771 ne
2821 1717 2993 1771 dicam
3024 1713 3186 1784 270
3211 1721 3362 1768 tena-

1315 1818 1413 1870 οὐκ
1470 1819 1524 1870 ὲν
1575 1822 1684 1881 τοῖς
1723 1855 1762 1906 Β
1793 1817 2035 1878 citalem,
2076 1812 2428 1883 abjiciemus?
2460 1811 2574 1865 Non
2611 1826 2696 1864 res
2726 1810 2987 1863 humanas
3017 1821 3138 1862 cum
3169 1807 3363 1860 animis

1793 1909 1996 1964 nostris
2023 1904 2531 1962 considerabimus?
2558 1905 2671 1958 Non
2698 1905 2747 1958 in
2774 1905 3000 1960 aliorum
3023 1907 3178 1961 malis
3205 1907 3363 1960 rebus

1796 1999 1996 2054 nostris
2017 1995 2393 2053 consulemus?
2416 1995 2618 2050 Natura
2653 1996 2846 2066 quippe
2872 1995 3001 2051 nihil
3026 2007 3106 2052 est
3130 1998 3180 2051 in
3204 2001 3364 2053 rebus

1795 2090 2042 2146 humanis
2076 2091 2286 2144 ﬁrmum
2315 2099 2369 2142 et
2393 2087 2652 2157 aequabile
2674 2128 2688 2151 ,
2734 2087 2866 2142 nihil
2895 2088 3162 2168 suﬁiciens
3183 2130 3198 2153 ,
3233 2089 3367 2144 nihil

1794 2186 1846 2238 in
1894 2184 2082 2238 eodem
2125 2192 2272 2238 statu
2319 2192 2629 2237 constanter
2661 2197 3021 2251 permanens;
3062 2198 3246 2238 verum
3280 2199 3366 2238 res

1795 2287 2023 2341 nostrae,
2065 2275 2212 2332 velut
2261 2277 2407 2330 orbis
2451 2277 2706 2346 quidam,
2759 2277 3063 2343 volvuntur,
3096 2278 3226 2332 alias
3260 2276 3365 2331 alio

1797 2378 2058 2436 tempore,
2093 2381 2232 2437 saepe
2253 2368 2416 2420 etiam
2446 2381 2552 2423 uno
2573 2369 2868 2438 eodemque
2888 2367 2994 2432 die,
3021 2378 3182 2437 atque
3202 2367 3363 2422 etiam

1797 2456 2063 2510 interdum
2109 2455 2296 2510 eadem
2346 2456 2512 2520 hora,
2556 2456 2879 2511 mutationes
2913 2456 3149 2512 ferentes
3181 2475 3193 2510 :
3232 2457 3367 2511 adeo

1797 2559 1854 2603 ut
1888 2548 2236 2604 instabilibus
2261 2549 2457 2612 ventis,
2487 2563 2550 2602 ac
2573 2549 2725 2602 navis
2749 2563 2842 2617 per
2865 2563 3012 2604 mare
3033 2548 3136 2603 iter
3161 2548 3364 2603 facien—

1799 2643 1865 2696 tis
1888 2641 2159 2711 vestigiis,
2192 2649 2246 2693 et
2280 2640 2563 2695 fallacibus
2597 2642 2769 2696 noctis
2809 2640 3120 2704 insomniis,
3149 2641 3364 2696 brevem

1797 2732 2125 2802 voluptatem
2154 2731 2507 2786 aﬁ‘erentibus
2532 2772 2546 2796 ,
2581 2734 2753 2801 iisque
2791 2731 3009 2803 ﬁguris,
3046 2746 3180 2801 quas
3217 2733 3368 2802 pueri

1799 2837 1894 2893 per
1917 2824 2099 2880 ludum
2131 2825 2182 2878 in
2207 2838 2370 2877 arena
2406 2825 2632 2893 ﬁngunt,
2666 2823 2797 2878 ﬁdes
2819 2824 2998 2894 potius
3029 2824 3213 2878 haberi
3240 2837 3367 2893 pos-

1799 2919 1888 2980 sit,
1916 2933 2078 2987 quam
2102 2918 2376 2972 hominum
2407 2917 2769 2986 prosperitati.
2796 2915 3165 2986 Sapientiores
3189 2927 3369 2970 autem

1801 3010 2028 3065 habendi
2081 3018 2207 3064 sunt
2267 3008 2336 3074 ii,
2400 3009 2524 3076 qui,
2581 3014 2702 3063 cu'm
2751 3007 3104 3078 praesentibus
3152 3006 3372 3060 minime

1805 3101 2006 3162 lidant,
2056 3099 2237 3154 futura
2289 3099 2391 3154 sibi
2444 3110 2794 3163 coacervant;
2832 3109 2993 3168 atque
3023 3098 3090 3152 ob
3126 3098 3372 3152 humana:

117 3181 444 3250 κερδάνωσιν
468 3201 479 3212 ·
516 3183 548 3254 ἢ
605 3184 664 3237 τὸ
707 3188 779 3257 μή
823 3203 951 3240 ποτε
984 3185 1184 3257 πρᾶξαι
1211 3187 1418 3251 κακῶς,
1454 3188 1574 3240 ἐπε).
1605 3188 1689 3240 κα)

1805 3189 2182 3260 prosperitatis
2214 3190 2649 3245 incertitudinem
2678 3199 2732 3246 et
2759 3190 3254 3260 inaequabilitatem,
3283 3188 3372 3242 be-

117 3277 218 3337 τοῖς
244 3275 360 3345 (55)
425 3276 674 3330 ἐντεῦθεν
702 3282 956 3350 χρηστοῖς
1017 3278 1276 3342 πολλάκις
1322 3277 1587 3344 δεξιοῦτάι
1633 3281 1693 3333 τὸ

116 3365 249 3419 θεῖον
288 3369 422 3432 τοὺς
451 3370 714 3434 εὐσεὸεῖςν
751 3373 1072 3444 χρηστότητι
1097 3373 1154 3426 τὸ
1177 3372 1458 3443 συμπαθὲς
1488 3390 1694 3444 προκα·

116 3457 473 3531 λούμενονοῆ
530 3463 591 3514 τὸ
639 3465 947 3534 παρρησίαν
1005 3465 1146 3535 ἔχειν
1197 3467 1254 3517 ἐν
1306 3467 1516 3530 ἑαυτοῖς
1560 3465 1694 3538 πρός

113 3551 257 3610 ϐιὸν.
291 3553 374 3616 ὡς
421 3555 480 3607 ού
542 3555 629 3608 διὰ
658 3558 874 3620 κακίαν,
914 3557 1046 3610 ἀλλὰ
1074 3558 1162 3611 διά
1208 3575 1327 3611 τινα
1359 3557 1469 3628 (56)
1497 3559 1698 3609 οἰκονο-

119 3643 235 3710 μίαν
269 3646 767 3717 κακοπαθήσαντες
789 3665 803 3680 ο
838 3649 893 3720 ἢ,
930 3649 990 3702 τὸ
1021 3650 1346 3712 τελευταῖον,
1379 3649 1451 3712 ὡς
1483 3649 1695 3718 ὀφειλο-

118 3733 281 3806 μένην
305 3737 566 3790 ἀπαιτεῖν
599 3739 695 3808 τὴν
725 3739 876 3811 παρά
904 3740 1010 3792 τῶν
1038 3737 1094 3792 εὖ
1132 3740 1475 3811 πραττόντων
1512 3739 1698 3810 φιλαν-

116 3827 384 3895 θρωπίαν,
425 3830 494 3900 ἢν
523 3834 633 3895 τοῖς
691 3831 949 3904 χρῄζουσι
1010 3835 1460 3903 προεισήνεγκαν,
1509 3817 1694 3896 δεξιῶς

115 3911 266 3973 ﬁta?
277 3923 658 3994 ”πράττοντες.

1509 3830 1696 3896 δεξιῶς

1802 3282 2082 3353 niguitatis
2113 3297 2388 3351 nunquam
2428 3280 2744 3352 collapsum
2786 3283 3020 3337 studium
3065 3280 3372 3350 amplexan-

1805 3387 1910 3439 tur,
1946 3386 2005 3430 ut
2034 3392 2098 3430 ex
2129 3377 2302 3433 tribus
2329 3377 2413 3431 his
2435 3377 2733 3432 commodis
2755 3391 2917 3429 unum
2941 3375 3129 3429 saltem
3154 3372 3372 3428 omnino

1803 3467 2208 3537 adipiscantur;
2256 3468 2550 3532 nimirum,
2584 3467 2664 3520 vel
2710 3478 2767 3520 ut
2813 3480 3082 3536 nunquam
3133 3464 3184 3518 in
3233 3464 3370 3516 mala

1805 3561 2080 3627 incidant,
2129 3562 2564 3631 quandoquidem
2617 3575 2758 3630 saepe
2810 3559 2947 3612 Deus
2995 3556 3218 3625 hujusce
3253 3554 3373 3608 vita:

1805 3652 1960 3708 bonis
1991 3655 2134 3708 viros
2161 3654 2278 3722 pios
2305 3652 2561 3716 cumulat,
2588 3650 2940 3706 beneﬁcentia
2962 3646 3370 3704 beneﬁcentiam

1807 3758 2137 3814 provocans;
2176 3746 2258 3800 vel
2292 3745 2540 3799 ﬁduciam
2569 3744 2622 3797 in
2653 3742 2844 3812 seipsis
2881 3740 3017 3810 apud
3066 3738 3231 3794 Deum
3272 3737 3372 3791 ha‘-

1807 3837 1987 3901 beant,
2023 3846 2082 3891 ut
2109 3838 2198 3905 qui
2236 3854 2338 3891 non
2376 3846 2596 3906 propter
2634 3835 2810 3891 scelus
2839 3849 2910 3892 ac
2952 3831 3212 3902 ﬂagitium
3236 3871 3250 3895 ,
3279 3832 3373 3884 sed

1806 3937 2026 3996 propter
2089 3929 2542 3998 dispensationem
2605 3928 2892 3997 quamdam
2961 3927 3016 3980 in
3071 3924 3377 3980 calamitate

115 4027 446 4079 versentur;
519 4017 602 4071 vel
670 4017 900 4085 denique
967 4018 1356 4072 humanitatem
1424 4034 1544 4073 eam
1584 4029 1636 4073 et
1681 4020 2126 4083 beneﬁcentiam,
2168 4036 2364 4090 quam,
2401 4021 2524 4076 dum
2569 4021 2820 4076 secundis
2865 4020 3028 4074 rebus
3077 4025 3374 4080 uterentur,

110 4109 402 4174 egentibus
435 4109 588 4179 prius
613 4109 980 4176 contulerunt,
1009 4111 1078 4163 ah
1108 4110 1194 4173 iis,
1228 4112 1422 4180 quibus
1451 4127 1536 4166 res
1567 4127 1821 4182 prospere
1855 4113 2050 4180 ﬂuunt,
2081 4130 2180 4168 suo
2211 4115 2444 4183 quodam
2473 4113 2595 4184 jure
2625 4121 2932 4184 reposcant.

173 4201 258 4252 K'.
291 4197 398 4266 Μὴ
433 4198 775 4268 καυχάσθω,
813 4200 997 4271 φησὶν,
1031 4203 1062 4253 o'
1092 4200 1284 4269 σοφὸς
1317 4202 1385 4253 ἐν
1414 4201 1485 4269 τῇ
1520 4202 1689 4270 σοφίς

1886 4203 2000 4258 XX.
2044 4204 2127 4258 Ne
2152 4206 2406 4274 glorietur
2437 4205 2665 4272 sapiens,
2702 4205 2873 4274 inquit
2903 4204 3007 4267 illc,
3042 4205 3095 4256 in
3122 4203 3379 4273 sapientia

107 4293 318 4358 αὑτοῦ,
365 4291 528 4361 μηδὲ
585 4296 617 4345 ό
657 4294 952 4356 πλούσιος
993 4293 1062 4345 ἐν
1099 4292 1178 4358 τῷ
1209 4295 1449 4359 πλούτῳ
1495 4295 1701 4357 αὐτοῦ,

106 4384 250 4453 μηδὲ
307 4388 343 4438 ὀ
377 4383 642 4450 δυνατὸς
673 4385 742 4436 ἐν
796 4384 869 4453 τῇ
925 4387 1094 4455 ἰσχύϊ
1126 4385 1343 4440 αὐτοῦ·
1377 4387 1478 4440 κᾶν
1536 4389 1615 4451 εἰς
1645 4387 1705 4441 τὸ

107 4479 271 4550 ἀκρον
297 4474 448 4531 ὦσιν
481 4477 828 4549 ἐληλακότες,
878 4481 907 4532 6
942 4479 1041 4550 μὲν
1081 4480 1290 4550 σοφίας,
1339 4482 1366 4532 6
1394 4481 1449 4534 δὲ
1491 4498 1706 4550 περιου-

108 4571 242 4634 σίας,
288 4573 322 4624 6
353 4571 419 4624 δὲ
445 4569 746 4640 δυνάμεως.
794 4570 935 4640 Ἐγὼ
978 4573 1033 4625 δὲ
1074 4572 1365 4644 προσθήσω
1398 4573 1490 4625 καὶ
1519 4572 1553 4626 ἃ
1585 4573 1707 4625 τού-ρ

107 4675 215 4721 τοις
239 4659 454 4712 ’έπεται
474 4674 490 4690 ⁶
535 4659 685 4730 Μηδὲ
714 4663 741 4713 6
768 4660 1124 4730 περίϐλεπτος
1154 4662 1210 4713 ἐν
1244 4663 1307 4731 τῇ
1332 4660 1477 4732 δόξῃ,
1515 4661 1646 4731 μηδὲ
1679 4663 1706 4714 6

108 4745 359 4797 εὑεκτῶν
393 4746 454 4796 ὲν
487 4748 550 4815 τῇ
580 4746 760 4817 ὑγιείᾳ
789 4747 924 4816 (57),
959 4748 1092 4818 μηδὲ
1129 4751 1156 4800 6
1199 4749 1360 4812 καλὸς
1389 4751 1447 4802 ὲν
1481 4753 1545 4820 τῇ
1571 4749 1706 4822 ὥρᾳ,

106 4837 241 4902 μηδὲ
273 4837 305 4888 6
330 4837 464 4900 νέος
489 4838 547 4889 ἐν
569 4840 632 4908 τῇ
675 4839 912 4906 νεότητι,
949 4839 1078 4910 μηδὲ
1127 4844 1182 4893 ἐν
1217 4840 1358 4912 ἄλλῳ
1395 4842 1581 4914 μηδενὶ
1605 4842 1710 4896 τῶν

100 4927 349 4982 ἐνταῦθα
403 4930 834 4998 ἐπαινουμένων,
899 4933 946 4982 εἰ
999 4931 1080 4982 δεῖ
1120 4931 1404 4985 συνελόντα
1455 4935 1650 5001 εἰπεῖν,
1684 4936 1711 4988 6

101 5018 205 5071 ὑπὸ
236 5011 455 5077 τούτου
505 5020 821 5090 φυσώμενος
875 5021 985 5090 (58)
1011 5039 1023 5052 ο
1074 5021 1190 5076 ἀλλ’
1223 5025 1254 5096 ἣ
1285 5026 1340 5077 ἐν
1384 5024 1558 5096 τούτῳ
1587 5043 1712 5081 καυ-

171 5155 215 5184 ⁸⁷
251 5153 369 5210 Job
413 5171 565 5220 χχχι,
595 5153 684 5209 40.

169 5311 292 5385 (48)
340 5309 627 5385 Φςίγοιεν.
659 5313 771 5369 Duo
805 5313 974 5385 Regg.
1002 5311 1176 5385 etOr.
1208 5313 1263 5378 2,
1298 5315 1580 5382 φάγοισαν.

169 5380 291 5450 (49)
347 5380 501 5435 Τῶν.
537 5381 590 5434 In
619 5380 958 5447 quibusdat'u',
992 5384 1106 5437 τοῦ.

171 5452 294 5514 (50)
350 5451 595 5518 Ψυχὴν.
631 5452 725 5524 Or.
757 5456 792 5507 2
815 5455 982 5524 addit,
1016 5471 1139 5524 μου.

166 5525 292 5595 (σι)
341 5523 854 5595 Σῳφρονήσομεις.
892 5523 1022 5593 Reg.
1057 5528 1165 5576 hm.
1195 5527 1646 5595 σωψρονήσωμεν.

167 5594 293 5666 (52)
341 5594 776 5662 Μικρολογίιιν.
801 5594 893 5650 Or.
923 5595 977 5655 2.
1011 5594 1393 5666 μικροψυλίαν,
1435 5615 1452 5645 ι
1493 5598 1707 5666 pusilla-

98 5665 463 5716 nirttitalem.
512 5681 529 5712 ι

169 5735 294 5800 (53)
342 5734 740 5805 Λργιούμεθα.
777 5736 939 5789 Cnisl.
974 5737 1024 5800 1,
1051 5735 1409 5805 λογισώμεθα.

167 5805 296 5876 (ιιι)
357 5803 662 5876 gignimur
703 5807 795 5876 ΟΡ,
828 5805 880 5871 2,
915 5803 1159 5876 ψάμμον.

166 5875 293 5944 (ῖῶ)
361 5873 532 5925 Ἐπεὶ
577 5876 668 5927 καὶ
711 5874 852 5940 τοῖς,
895 5873 1009 5930 εἰς(
1039 5873 1220 5932 Billius
1265 5895 1276 5931 :
1312 5895 1327 5929 (
1363 5877 1706 5945 Quandoqui-

1806 4314 1937 4361 sua,
1967 4313 2060 4352 nec
2090 4300 2229 4352 dives
2262 4299 2314 4350 in
2355 4299 2538 4367 opibus
2571 4301 2713 4362 suis,
2753 4314 2843 4352 nec
2889 4298 3041 4365 [ortis
3083 4296 3140 4348 in
3184 4295 3378 4347 viribus

1805 4391 1915 4444 suis
1936 4389 1980 4421 ⁸⁹
2007 4406 2022 4453 ;
2068 4389 2278 4444 etiamsi
2322 4392 2386 4442 ad
2418 4404 2690 4444 summum
2717 4388 2965 4458 quidem,
2994 4387 3133 4441 alius
3161 4386 3377 4453 sapien-

1809 4480 1916 4544 tiae,
1945 4479 2082 4534 alius
2110 4480 2422 4535 divitiarum
2451 4521 2466 4544 ,
2499 4481 2638 4535 alius
2673 4480 2921 4549 potentia:
2952 4477 3222 4547 fastigium
3258 4491 3378 4545 per-

1809 4572 2077 4625 venerint.
2109 4570 2220 4640 Ego
2249 4586 2378 4624 vero
2411 4586 2473 4624 ea
2498 4612 2513 4635 ,
2560 4585 2678 4636 qua:
2719 4568 2802 4623 his
2833 4573 3194 4622 consentanea
3228 4575 3376 4628 sunt,

1809 4660 2056 4729 at’jiciam
2088 4681 2101 4718 :
2130 4663 2240 4718 Nec
2271 4665 2448 4718 clarus
2482 4674 2534 4717 et
2559 4662 2814 4726 celebris,
2846 4661 2896 4714 in
2924 4658 3126 4730 gloria;
3157 4673 3254 4713 nec
3287 4657 3377 4726 qui

1811 4754 2064 4809 incolumi
2087 4756 2395 4812 valetudine
2419 4754 2635 4826 gaudet,
2655 4754 2708 4808 in
2727 4753 2992 4816 sanitate;
3018 4765 3116 4806 nec
3137 4748 3378 4820 pulcher,

1811 4846 1862 4900 in
1893 4846 2078 4902 forma:
2111 4849 2457 4918 prastantia;
2491 4862 2588 4902 nec
2617 4844 2850 4914 juvenis,
2878 4844 2929 4897 in
2952 4840 3376 4909 juveniliaztate;

1811 4952 1944 5000 nec,
1973 4947 2031 4992 ut
2077 4953 2189 4993 rem
2234 4953 2341 4992 uno
2378 4938 2543 4993 verbo
2573 4935 2921 5006 complectar,
2951 4933 3002 4986 in
3043 4931 3149 4986 ulla
3191 4929 3292 4983 alia
3324 4944 3381 4982 re

1811 5028 2004 5094 exiis,
2046 5043 2163 5098 qua:
2207 5030 2348 5097 apud
2391 5028 2645 5084 mortales
2693 5028 2835 5082 laudi
2885 5027 3175 5091 ducuntur,
3211 5020 3381 5076 elatus

763 5155 808 5185 ⁸⁸
840 5154 970 5210 Luc.
1009 5171 1110 5214 xu,
1137 5156 1226 5211 '20.
1302 5156 1345 5189 ⁸⁸*
1372 5155 1569 5210 Jerem.
1608 5174 1682 5224 ix,
1711 5157 1802 5212 25.

1818 5320 1936 5373 dem
1958 5321 2206 5374 secundis
2229 5336 2441 5392 quoque
2471 5317 2626 5386 hujus
2651 5319 2772 5392 vitae
2798 5320 2953 5392 rebus
2980 5318 3116 5392 Deus
3141 5313 3380 5392 homines

1819 5395 2013 5458 pietate
2060 5385 2310 5454 praeditos
2354 5385 2496 5460 srepe
2528 5385 2922 5459 complectitur,
2955 5397 3011 5460 ut
3052 5385 3382 5460 benignitate

1818 5455 1912 5512 sua
1967 5475 2060 5514 eos
2119 5461 2184 5514 ad
2242 5455 2596 5515 sublevandas
2651 5455 2883 5514 aliorum
2943 5457 3187 5512 miserias
3240 5455 3376 5510 iuvi-

1810 5542 1900 5582 lt‘l.
1942 5550 1958 5582 ι

1878 5600 1989 5668 (56)
2030 5600 2129 5652 Διά
2158 5617 2308 5653 τινα.
2341 5598 2494 5653 Deest
2520 5599 2609 5652 διά
2634 5599 2684 5653 in
2713 5598 2881 5668 tribus
2911 5597 3074 5663 Regg.

1881 5667 1990 5738 t57’)
2047 5672 2271 5739 Ὑγιεία.
2305 5669 2472 5738 licgg.
2503 5671 2610 5732 bm,
2645 5681 2697 5724 et
2723 5667 2815 5722 Ου’.
2849 5668 2904 5733 2,
2937 5668 3115 5738 ύγείᾳ.

1881 5735 1993 5820 (ὅᾷ)
2035 5735 2644 5809 ditioto'ijtervq.‘Dillius
2697 5759 2707 5794 :
2759 5760 2775 5790 ι
2821 5743 2885 5805 is,
2921 5741 3008 5810 qui
3044 5735 3093 5792 in
3141 5752 3199 5791 ea
3228 5735 3382 5806 (intu-

1813 5820 2015 5865 mesen.
2061 5832 2077 5864 ›
