3844 6390
133 404 218 462 8ἳὸ
1025 406 1284 464 ORATIO
1324 409 1460 464 XIV.
1501 441 1573 453 —-
1613 411 1700 466 DE
1739 413 2114 471 PAUPERUM
2153 417 2405 473 ΑΜΟΒΕ.

3227 405 3329 461 886

131 522 231 591 δρις
259 519 345 571 ἐπί
364 518 506 583 ὁδοῦ,
529 519 646 574 οὐδὲ
674 518 782 591 (68)
812 523 992 594 τηρῶν
1018 524 1271 596 πτέρναν,
1298 527 1392 580 καὶ
1430 519 1668 600 κεφαλὴν

1792 531 1942 597 ixus,
1975 548 2093 586 cum
2127 533 2340 588 Christo
2369 529 2633 601 resurgit,
2670 537 2723 583 et
2760 543 2880 582 cum
2917 523 3129 578 Christo
3171 522 3332 593 simul

130 610 453 685 τηρούμενος.
486 611 610 675 Τοῖς
632 612 689 664 δὲ
721 613 925 677 λοιποῖς
953 616 1084 686 ἡμῖν
1111 616 1290 680 καλῶς
1319 619 1348 670 ὁ
1377 617 1538 682 αὐτὸς
1571 621 1671 689 ὲμ-

132 706 210 776 ϐοᾷ
243 704 417 768 Δαὸὶδ,
459 703 646 775 ὥσπερ
686 723 770 769 τις
803 707 1316 777 μεγαλοφωνότατος
1358 709 1534 781 κῆρυξ
1563 711 1671 763 ἀπὸ

133 793 304 865 ὑψηλοῦ
335 795 428 847 καὶ
456 795 736 866 πανδήμου
776 797 1148 868 κηρύγματος,
1183 799 1573 871 βαρυκαρδίους
1611 817 1670 853 τε

132 887 412 953 ἀποκαλῶν,
446 891 538 941 καὶ
561 888 888 958 ἀγαπῶντας
922 890 1133 960 ψεῦδος,
1178 890 1253 962 μὴ
1289 891 1492 962 σφόδρα
1519 909 1675 963 περιο

132 979 319 1052 ἑχεσθαι
350 981 458 1032 τῶν
482 981 791 1051 ὁρωμένων,
825 983 956 1054 μηδὲ
979 983 1104 1037 ἄλλο
1125 1001 1176 1036 τι
1209 983 1242 1053 ἢ
1268 983 1426 1054 κόρον
1453 981 1560 1052 (69)
1594 983 1674 1035 σί-

130 1091 204 1126 του
234 1073 322 1123 καὶ
359 1071 501 1124 οἴνου
529 1072 635 1124 τῶν
659 1073 1047 1144 φθειρομένων,
1087 1075 1264 1126 πᾶσαν
1295 1073 1390 1144 τὴν
1427 1073 1672 1126 ἐντεῦθεν

131 1163 448 1234 εὐδαιμονίαν
475 1164 895 1235 ὑπολαμϐάνειν.
947 1166 1055 1218 Καὶ
1085 1166 1224 1235 τάχα
1256 1182 1357 1216 που
1388 1163 1546 1218 τοῦτο
1581 1167 1673 1218 καὶ

129 1261 150 1310 ὁ
174 1256 428 1327 μακάριος
461 1256 652 1308 ἐννοῶν
678 1257 916 1328 Μιχαίας
943 1257 1076 1326 (70),
1108 1257 1200 1310 καὶ
1225 1255 1332 1308 τῶν
1363 1254 1539 1325 χαμαὶ
1583 1257 1674 1327 ὲρ-

129 1347 344 1418 χομένων
400 1347 494 1400 καὶ
530 1345 827 1400 δοκούντων
870 1345 1090 1415 ἀγαθῶν
1129 1346 1671 1416 κατεξανιστάμενος,

137 1443 445 1512 Ἐπη-ίσατε,
499 1443 680 1513 φησὶν,
732 1443 935 1509 ὄρεσιν
980 1441 1266 1506 αἰωνίοις·
1309 1439 1540 1494 ἀνάστα
1577 1439 1676 1492 καὶ

48 1582 55 1586 .
132 1535 388 1604 πορεύου,
425 1535 512 1587 ὅτι
542 1535 651 1586 οὐκ
680 1532 810 1586 ἐστι
837 1549 935 1587 σοι
967 1532 1118 1599 αὕτη
1151 1529 1524 1595 ἀνάπαυσις·
1553 1529 1676 1582 τοῦ-

124 1647 174 1681 ea
199 1629 287 1698 μὲν
312 1622 408 1680 οὖν
439 1626 548 1697 (71)
583 1626 682 1696 ἤδη
724 1626 817 1678 καὶ
855 1627 968 1688 τοῖς
997 1627 1231 1695 ῥήμασιν
1265 1624 1442 1686 αὐτοῖς
1480 1621 1674 1693 μικροῦ

125 1721 414 1789 σύμφωνον,
446 1713 525 1781 οἷς
559 1720 586 1770 ὁ
611 1718 812 1788 Κύριος
845 1717 940 1770 καὶ
977 1715 1164 1788 Σωτὴρ
1192 1715 1348 1786 ἡμῶν
1372 1713 1676 1768 διακελεύε-

121 1831 213 1877 ται,
239 1811 290 1862 τί
317 1811 492 1879 λέγων
516 1811 625 1880 (72)
649 1827 662 1876 ;
700 1810 1023 1880 Ἐγείρεσθε
1047 1809 1180 1878 (75),
1213 1809 1444 1878 ἄγωμεν
1471 1807 1672 1861 ἐντεῦ-

1776 623 2051 687 ascendit,
2080 623 2202 676 vita:
2234 637 2339 676 non
2375 619 2484 688 jam
2520 619 2737 673 caduca:
2779 631 2844 670 ac
2884 612 3090 669 fallacis
3121 611 3328 665 haeres:

1775 714 1862 768 ubi
1912 731 2015 770 non
2053 712 2166 783 jam
2209 713 2428 767 coluber
2460 712 2709 766 mordens
2739 708 2795 762 in
2826 706 2910 760 via
2931 707 2999 770 ",
3031 719 3126 757 nec
3159 700 3335 756 calca-

1777 820 1936 858 neum
2000 803 2373 867 observans",
2428 797 2875 871 quemadmodum
2945 794 3111 863 ipsius
3176 799 3335 860 caput
3411 835 3414 838 .

1775 898 2112 950 observatur.
2179 893 2571 962 Superstitibus
2628 899 2805 945 autem
2857 887 3010 942 nobis
3063 885 3337 954 eleganter

1781 983 1940 1052 272
1989 983 2128 1037 idem
2174 981 2373 1050 David,
2413 982 2555 1037 velut
2587 979 2850 1049 quispiam
2889 991 3066 1046 praeco
3104 973 3336 1027 maxima

1778 1088 1908 1128 voce
1956 1074 2213 1142 prteditus
2234 1112 2248 1137 ,
2287 1073 2354 1127 ab
2399 1072 2613 1127 excelso
2641 1080 2692 1124 et
2721 1067 2930 1138 publico
2956 1063 3221 1134 praeconio
3252 1062 3336 1116 in-

1776 1166 1998 1231 clamat,
2030 1179 2222 1234 graves
2253 1166 2414 1220 corde
2441 1181 2538 1220 nos
2564 1162 2834 1232 appellans
2855 1199 2872 1226 ,
2905 1173 2968 1214 ac
3000 1155 3336 1211 mendacium

1779 1254 2145 1323 diligentes“,
2173 1269 2531 1321 monensque,
2569 1267 2635 1306 ne
2687 1251 2846 1305 rebus
2878 1251 2978 1313 iis,
3019 1262 3136 1316 quae
3167 1242 3338 1299 oculis

1777 1355 2089 1410 cernuntur,
2144 1345 2383 1398 animum
2425 1354 2664 1396 nostrum
2718 1353 3038 1410 magnopere
3079 1335 3338 1404 adjunga-

1781 1453 1932 1502 mus,
1970 1452 2066 1491 nec
2097 1436 2351 1490 frumenti
2383 1434 2554 1489 solum
2584 1450 2647 1487 ac
2678 1433 2785 1486 vini
2810 1472 2823 1497 ,
2862 1447 2980 1500 quae
3016 1429 3174 1484 Iacile
3218 1442 3339 1482 cor-

1781 1539 2119 1597 rumpuntur,
2150 1527 2430 1581 saturitate
2456 1539 2668 1579 omnem
2697 1523 2857 1590 hujus
2885 1521 3008 1576 vitae
3047 1517 3338 1575 beatitudi—

1778 1640 1898 1678 nem
1926 1625 2228 1678 metiamur.
2260 1622 2409 1688 Quod
2434 1622 2594 1676 etiam
2620 1621 2814 1689 ipsum,
2841 1625 2900 1671 ut
2919 1615 3130 1685 opinor,
3153 1613 3342 1667 beatus

1779 1714 2031 1769 Ilachazas
2058 1714 2516 1775 animadverteris,
2542 1720 2701 1779 atque
2725 1707 2872 1762 humi
2899 1703 3259 1776 reptantibus,
3279 1715 3345 1754 ac

1779 1807 1901 1861 boni
1932 1815 2138 1861 tantum
2169 1807 2438 1875 specimen
2471 1801 2789 1858 habentibus
2814 1799 3115 1859 insultans:
3145 1795 3346 1864 Appro-

124 1908 245 1956 θεν·
291 1902 352 1954 οὐ
396 1903 522 1965 τοὺς
551 1903 668 1954 τότε
704 1899 966 1972 μαθητὰς
990 1900 1146 1972 μόνον
1185 1899 1243 1962 ἐξ
1273 1900 1479 1952 ἐκείνου
1517 1899 1674 1968 μόνου

1792 1897 2051 1967 )inquate,
2085 1899 2294 1968 inquit,
2352 1897 2418 1948 ad
2454 1907 2650 1947 montes
2680 1907 2898 1947 a’ternos
2921 1907 2940 1944 :
2975 1906 3126 1960 surge
3152 1899 3198 1942 et
3233 1904 3346 1940 am-

119 1994 199 2046 τοῦ
223 1995 387 2046 τόπου
418 1994 743 2064 μετατιθεὶς,
768 1994 842 2056 ὡς
875 1992 940 2046 διν
965 1991 1170 2062 οἰηθείη
1202 2009 1304 2055 τις,
1329 1990 1442 2044 ἀλλ’
1473 1990 1560 2043 ἀεὶ
1589 1990 1679 2042 καὶ

120 2089 310 2148 πάντας
348 2088 478 2148 τοὺς
512 2085 704 2138 ἑαυτοῦ
746 2085 988 2156 μαθητὰς
1022 2083 1128 2136 ἀπὸ
1169 2083 1270 2153 γῆς
1301 2081 1410 2152 (74)
1447 2080 1540 2134 καὶ
1570 2080 1678 2132 τῶν

120 2178 230 2247 περὶ
249 2177 351 2246 γῆν
381 2177 460 2238 εἰς
491 2175 750 2246 οὐρανοὺς
783 2175 954 2228 ἕλκων
977 2174 1072 2226 καὶ
1101 2172 1170 2226 τὰ
1192 2172 1436 2242 οὐράνια.

1783 1990 1904 2043 buia
1925 2032 1940 2056 ,
1976 1992 2096 2060 quia
2136 2006 2236 2043 non
2268 1999 2340 2042 est
2369 1988 2458 2040 tibi
2493 1986 2573 2040 hic
2609 1987 2805 2056 requies
2821 1985 2902 2050 9”;
2935 1983 3120 2037 iisdem
3152 1994 3345 2052 prope-

1781 2082 1996 2136 modum
2032 2083 2212 2136 verbis
2239 2091 2418 2144 utens,
2450 2080 2642 2149 quibus
2669 2092 2766 2130 nos
2797 2075 3050 2130 Dominus
3081 2082 3261 2127 noster
3283 2086 3348 2124 ac.

1780 2171 2029 2224 Salvator
2062 2172 2384 2233 inhortatur,
2416 2171 2600 2224 dicens
2635 2186 2648 2222 :
2679 2167 2910 2237 Surgite,
2935 2181 3112 2219 eamus
3133 2163 3345 2240 hinc”;

120 2286 211 2325 non
243 2285 336 2325 eos
371 2278 580 2323 tantum
602 2307 618 2333 ,
644 2283 783 2338 quos
824 2279 950 2323 tunc
979 2265 1268 2336 discipulos
1303 2263 1568 2328 habebat,
1601 2277 1668 2316 ex
1707 2262 1798 2318 illo
1833 2263 2092 2318 duntaxat
2129 2264 2243 2319 loco
2284 2261 2639 2325 transferens,
2681 2257 3131 2329 quemadmodum
3193 2253 3346 2323 quis-

123 2367 250 2434 piam
287 2365 524 2419 fortasse
573 2363 889 2427 arbitretur,
925 2361 1018 2418 sed
1049 2371 1101 2415 et
1129 2375 1365 2429 semper,
1395 2367 1452 2414 et
1487 2372 1676 2414 omnes
1713 2358 2002 2426 discipulos
2032 2374 2179 2422 suos,
2211 2373 2239 2411 a
2279 2367 2419 2411 terra
2473 2354 2738 2423 rebusque
2801 2349 3029 2405 terrenis
3087 2347 3152 2400 ad
3179 2344 3349 2400 ccelos

118 2469 164 2513 et
191 2473 271 2513 res
304 2459 557 2512 ccelestes
592 2454 928 2522 pertraheus.

179 2548 303 2614 KB’,
336 2544 661 2616 Τοιγαροῦν,
697 2543 1146 2615 ἀκολουθήσωμεν
1209 2543 1309 2614 ἤδη
1365 2539 1444 2610 τῷ
1496 2539 1671 2608 Λόγῳ,

117 2641 430 2710 ζητήσωμεν
468 2638 567 2708 τὴν
594 2635 802 2689 ἐκεῖθεν
836 2635 1160 2698 ἀνάπαυσιν,
1195 2636 1434 2708 ῥίψωμεν
1462 2638 1558 2709 τὴν
1589 2641 1674 2692 ὲν-

117 2729 289 2783 τεῦθεν
333 2729 652 2800 περιουσίαν
672 2744 685 2757 ο
718 2727 746 2780 ὃ
775 2726 936 2780 καλόν
974 2727 1089 2779 ἐστι
1124 2727 1344 2797 ταύτης,
1370 2730 1527 2784 τοῦτο
1582 2731 1677 2801 μό-

113 2841 194 2908 νον
233 2821 606 2894 κερδάνωμεν,
659 2818 987 2890 κτησώμεθα
1034 2820 1128 2881 τὰς
1175 2821 1380 2875 ἑαυτῶν
1412 2821 1590 2893 ψυχὰς
1623 2823 1680 2876 ὲν

117 2915 520 2986 ἐλεημοσύναις,
563 2913 879 2984 μεταδῶμεν
925 2911 1032 2964 τῶν
1071 2911 1237 2964 ὄντων
1283 2915 1392 2976 τοῖς
1437 2913 1679 2984 πένησιν,

115 3007 191 3059 ἵνα
218 3008 284 3061 τὰ
319 3006 538 3060 ἐκεῖθεν
566 3005 974 3075 πλουτήσωμεν.
1012 3006 1109 3068 Δὸς
1135 3006 1326 3078 μερίδα
1363 3008 1457 3059 καὶ
1483 3010 1546 3078 τῇ
1577 3007 1680 3076 ψυ-

114 3103 194 3170 χῇ,
238 3100 312 3169 μὴ
352 3102 421 3170 τῇ
453 3099 614 3170 σαρκὶ
648 3097 804 3168 μόνον
825 3113 840 3128 ο
866 3097 952 3160 δὸς
986 3098 1176 3169 μερίδα
1205 3100 1297 3151 καὶ
1324 3099 1400 3170 τῷ
1425 3098 1563 3170 Θεῷ,
1603 3099 1676 3170 μὴ

1858 2536 2024 2592 XXII.
2061 2535 2321 2602 Quocirca
2354 2531 2589 2587 Verbum
2613 2529 2722 2599 jam
2757 2541 3064 2594 sequamur,
3093 2523 3236 2578 illam
3263 2538 3349 2578 re-

1784 2631 1965 2699 quiem
2002 2642 2342 2696 qumramns,
2377 2623 2535 2692 hujus
2577 2622 2703 2676 vitae
2748 2634 2877 2689 opes
2914 2629 2967 2672 et
3000 2617 3183 2687 copias
3216 2615 3352 2683 abji-

1783 2721 2031 2784 ciamus;
2073 2719 2176 2771 hoc
2201 2716 2409 2780 solum,
2447 2712 2665 2784 quodin
2701 2709 2832 2778 ipsis
2877 2707 2998 2762 boni
3025 2716 3142 2773 est,
3176 2706 3350 2760 lucre-

1780 2828 1922 2875 mur,
1973 2825 2165 2879 nempe
2225 2817 2284 2860 ut
2337 2807 2546 2860 animas
2613 2811 2825 2857 nostras
2884 2801 2934 2854 in
2994 2797 3350 2868 eleemosynis

1781 2903 2145 2972 acquiramus,
2178 2899 2460 2953 facultates
2488 2905 2702 2951 nostras
2730 2892 3056 2964 pauperibus
3075 2889 3352 2959 impertia-

1784 3013 1924 3061 mur,
1961 3003 2022 3048 ut
2050 2993 2360 3048 ccelestibns
2384 2975 2641 3044 ilitemur.
2672 2988 2878 3040 Anima:
2904 2996 3116 3053 quoque
3139 2991 3347 3050 partem

1787 3089 1875 3150 da,
1905 3101 2008 3139 non
2034 3084 2182 3139 carni
2210 3083 2506 3145 duntaxat;
2535 3079 2640 3132 Deo
2662 3090 2875 3145 quoque
2900 3083 3104 3145 partem
3127 3073 3215 3136 da,
3243 3086 3348 3125 non

112 3190 178 3258 τῷ
222 3191 420 3260 κόσμῳ
472 3163 663 3258 μδνονζ
709 3187 869 3256 ὕφελὲ
926 3163 1144 3258 (7δ)’τι
1176 3190 1273 3259 τῆς
1309 3163 1563 3260 γαστρὸς,

1792 3178 1985 3232 mundo
2015 3183 2258 3238 tantum;
2293 3172 2465 3227 ventri
2505 3169 2706 3238 aliquid
2739 3165 2994 3221 subtrahe
3014 3205 3029 3230 ,
3058 3171 3111 3217 et
3139 3163 3350 3233 spiritui

114 3281 374 3351 πνεύματι
397 3280 730 3351 καθιέρωσον
751 3298 765 3311 ο
799 3281 1044 3351 ἆρπασόν
1064 3299 1115 3334 τι
1139 3281 1230 3335 τοῦ
1260 3283 1450 3354 πυρὸς,
1477 3282 1679 3337 ἀπόθου

113 3373 320 3444 μακρὰν
348 3374 461 3426 ἀπὸ
490 3377 586 3443 τῆς
616 3373 766 3426 κάτω
789 3373 898 3444 (76)
924 3374 1228 3444 νεμομένης
1255 3373 1449 3442 φλογός
1467 3391 1479 3404 ⁸
1502 3375 1680 3445 ἅρπα-

114 3481 195 3515 σον
220 3465 317 3518 τοῦ
350 3466 638 3534 τυράννου,
679 3464 1110 3529 καταπὶστευσον
1153 3463 1230 3534 τῷ
1264 3464 1526 3535 Δεσπότῃ.
1573 3464 1678 3529 Δὸς

103 3558 310 3624 μερίδα
340 3557 469 3624 τοῖς
500 3558 668 3623 ἑπτὰ,
702 3557 780 3626 τῷ
806 3557 903 3627 βίῳ
928 3557 1120 3627 τούτῳ,
1147 3557 1245 3609 καί
1263 3574 1329 3626 γε
1352 3557 1475 3622 τοῖς
1509 3557 1678 3620 ὀκτὼ,

107 3651 177 3719 τῷ
210 3650 351 3721 μετὰ
385 3650 575 3702 τοῦτον
621 3652 765 3720 ἡμᾶς
803 3649 1169 3719 ἐκδεξομένῳ·
1205 3648 1291 3711 δὸς
1317 3648 1514 3716 ὀλίγον,
1552 3652 1680 3721 παρ’

103 3736 158 3794 οὗ
187 3743 245 3796 τὸ
277 3743 469 3797 πλεῖον
503 3742 611 3810 (77)
646 3741 788 3811 ἔχεις
811 3759 823 3770 ·
860 3740 946 3805 δὸς
974 3740 1066 3792 καὶ
1097 3741 1155 3792 τὸ
1188 3742 1316 3804 πᾶν,
1351 3739 1430 3809 τῷ
1453 3739 1520 3793 τὰ
1545 3740 1680 3795 πάν-

1786 3283 2080 3333 consecra;
2111 3267 2216 3336 igni
2244 3262 2443 3334 aliquid
2471 3263 2638 3330 eripe,
2670 3275 2732 3313 ac
2764 3257 2949 3328 procul
2976 3273 3004 3310 a
3031 3257 3352 3325 depascente

1783 3366 1997 3419 flamma
2034 3361 2264 3417 reconde
2292 3377 2306 3425 ;
2340 3375 2368 3412 a
2398 3366 2626 3429 tyranno
2657 3355 2824 3422 eripe,
2857 3367 2918 3406 ac
2948 3350 3172 3405 Domino
3201 3361 3351 3402 com-

1790 3459 1962 3511 mitte.
2002 3455 2083 3507 Da
2118 3462 2319 3520 partem
2349 3458 2540 3519 septem
2565 3489 2579 3514 ,
2611 3449 2711 3501 hoc
2739 3454 2821 3498 est
2856 3443 2978 3496 huic
3008 3441 3130 3494 vitae
3149 3478 3164 3504 ,
3201 3448 3352 3507 atque

1783 3552 1938 3606 etiam
1963 3558 2078 3603 octo
2100 3549 2164 3612 ’9,
2198 3545 2254 3600 id
2285 3555 2387 3608 est,
2424 3542 2470 3597 ei
2493 3555 2611 3610 quae
2643 3546 2761 3607 post
2789 3538 2925 3589 hanc.
2949 3549 3046 3588 nos
3067 3531 3304 3601 excipiet
3335 3549 3347 3583 :

1786 3645 1850 3698 da
1876 3645 2127 3717 exiguum
2151 3640 2223 3705 ei,
2255 3652 2284 3690 a
2317 3651 2422 3704 quo
2455 3632 2680 3687 multum
2705 3628 2870 3682 habes
2901 3643 2916 3680 :
2948 3626 3012 3680 da
3042 3624 3204 3679 etiam
3238 3637 3356 3678 om-

1786 3737 1870 3790 nia
1901 3736 1973 3800 ei,
2004 3733 2094 3802 qui
2121 3716 2309 3787 omnia
2336 3725 2577 3782 donavit.
2607 3720 2891 3790 Nunquam
2919 3717 3012 3771 Dei
3038 3716 3353 3771 munificen-

1785 3828 1912 3881 tiam
1965 3825 2190 3887 vinces,
2239 3819 2450 3875 etiamsi
2502 3814 2683 3870 omnia
2739 3821 2825 3865 tua
2880 3809 3020 3863 bona
3072 3807 3350 3877 projicias,

1785 3921 1997 3976 etiamsi
2032 3931 2082 3974 te
2115 3918 2276 3972 etiam
2322 3917 2492 3985 ipsum
2532 3911 2691 3967 bonis
2735 3909 2844 3965 tuis
2892 3905 3171 3975 adiungas.
3221 3901 3355 3957 Nam

1787 4017 1889 4070 hoc
1919 4027 2130 4082 quoque
2159 4012 2331 4080 ipsum
2361 4007 2605 4074 accipere
2631 4011 2746 4069 est,
2781 4013 2975 4070 nempe
3007 3997 3114 4052 Deo
3137 3994 3349 4050 donari.

1788 4108 2273 4174 Quantumcunque
2297 4099 2610 4163 contuleris,
2636 4097 2790 4166 plura
2821 4103 2995 4147 tamen
3024 4088 3116 4144 tibi
3146 4087 3354 4156 reliq‘ua

1787 4208 1988 4255 erunt:
2030 4211 2129 4251 nec
2171 4195 2463 4265 quidquam
2503 4200 2650 4244 tuum
2697 4186 2886 4250 dabis,
2924 4179 3353 4253 quandoquidem

1788 4289 1970 4343 omnia
1999 4303 2028 4341 a
2061 4286 2171 4341 Deo
2200 4291 2440 4338 manant.
2475 4281 2539 4334 Et
2568 4275 3016 4348 quemadmodum
3051 4286 3209 4327 nemo
3241 4287 3360 4323 um-

1787 4383 1943 4437 bram
1969 4394 2122 4433 suam
2150 4375 2410 4448 praegredi
2443 4380 2642 4443 potest,
2670 4377 2729 4423 ut
2763 4382 2902 4437 quae,
2938 4373 3197 4435 quantum
3232 4375 3358 4432 pro-

1790 4473 2298 4544 gredimur,tantum
2322 4467 2487 4521 etiam
2513 4480 2571 4518 se
2594 4463 2876 4525 subducat,
2903 4457 3130 4527 parique
3144 4467 3359 4522 semper

106 3853 164 3886 τα
190 3836 307 3902 (78)
345 3834 719 3906 χαρισαμὲνῳ.
779 3833 1046 3887 Οὐδέποτε
1094 3835 1337 3906 νικήσεις
1382 3833 1684 3906 μεγαλοδω-

106 3925 225 3997 ρεὰν
244 3925 413 3987 Θεοῦ,
436 3926 537 3978 κᾶν
565 3927 742 3978 πάντα
765 3924 904 3995 πρόῃ
933 3925 1040 3993 (79)
1063 3923 1130 3976 τὰ
1161 3924 1308 3990 ὄντα,
1332 3924 1434 3978 κᾶν
1454 3928 1563 3989 τοῖς
1593 3920 1683 3977 οὖ-

105 4035 150 4069 σι
171 4017 408 4070 σεαυτὸν
442 4017 553 4084 (80)
582 4017 842 4087 προσθῇς.
877 4017 985 4069 Καὶ
1010 4017 1168 4070 τοῦτο
1197 4019 1305 4088 γάρ
1327 4019 1441 4070 ἐστι
1478 4017 1678 4082 λαϐεῖν,

102 4111 154 4162 τὸ
183 4111 262 4181 τῷ
294 4109 426 4179 Θεῷ
451 4109 699 4179 δοθῆναι·
735 4109 856 4161 ὅσον
879 4107 972 4161 ἐὰν
1001 4109 1107 4178 (81)
1137 4109 1474 4181 εἰσενέγκῃς,
1499 4108 1684 4162 πλεῖον

99 4205 182 4256 ἀεὶ
232 4206 296 4256 τὸ
350 4201 709 4271 λειπόμενον·
758 4200 852 4253 καὶ
896 4201 1048 4253 οὐδὲν
1090 4199 1278 4264 δώσεις
1313 4200 1461 4264 ἴδιον,
1495 4201 1577 4254 ὅτι
1617 4200 1685 4253 τὰ

101 4297 274 4351 πάντα
307 4295 432 4366 (82)
466 4293 618 4365 παρὰ
653 4293 810 4346 Θεοῦ.
841 4292 946 4345 Καὶ
978 4291 1162 4363 ὥσπερ
1199 4293 1298 4344 οὐκ
1333 4292 1477 4344 ἔστιν
1517 4292 1686 4362 ὑπερ-

99 4391 254 4460 ϐῆναι
297 4389 408 4460 τὴν
457 4387 648 4441 ἑαυτοῦ
678 4387 834 4439 σκιὰν
869 4383 1254 4456 ὑποχωροῦσαν
1297 4383 1523 4437 καθόσον
1554 4383 1687 4453 πρό-

102 4501 220 4554 ιμεν
246 4484 393 4556 (85),
426 4484 522 4536 καὶ
553 4481 613 4534 τὸ
635 4481 747 4534 ἴσον
771 4480 857 4532 ἀεὶ
886 4479 1252 4551 προέχουσαν
1283 4477 1403 4531 οὐδὲ
1433 4477 1570 4546 ὑπὲρ
1591 4473 1685 4545 τὴν

96 4576 347 4647 κειραλὴν
397 4573 647 4642 γενέσθαι
699 4571 948 4643 σώματος
1003 4569 1230 4640 μέγεθος
1282 4567 1677 4638 ὑπερκειμένην

1792 4561 2072 4618 intervallo
2123 4575 2222 4615 nos
2270 4556 2583 4618 antecedat;
2625 4567 2722 4607 nec
2763 4548 3003 4618 corporis
3049 4546 3357 4614 magnitudo

153 4691 368 4763 {Gem
402 4707 550 4755 xm,
592 4691 670 4742 l7.
749 4689 793 4720 ⁸⁵
816 4688 950 4742 Gen.
982 4703 1062 4752 ιιι,
1095 4687 1181 4742 15.

95 4761 171 4829 χι,
201 4761 261 4823 2.

163 4855 278 4921 (68)
327 4853 510 4907 Οὑδέ.
553 4851 609 4922 In
632 4852 893 4920 pluribus,
926 4852 1078 4922 μηδέ.

160 4919 277 4994 (69)
321 4923 502 4990 Μηδὲ
553 4919 732 4994 ἄλλοί
761 4940 813 4975 τι
860 4919 1283 4994 i)ﬂt§p01f,_eit‘.
1330 4919 1674 4994 Gabrielius;

99 5013 117 5045 ι
148 4990 300 5048 Neve
323 4994 503 5059 aliud,
525 5006 682 5060 quam
714 4993 963 5046 frmnenti
993 5002 1048 5046 et
1072 4992 1203 5053 vini,
1226 5008 1343 5060 qnte
1371 4990 1676 5060 facilecor-

96 5075 454 5132 rmnpuntur,
484 5059 790 5116 satietatem
819 5078 937 5116 esse
973 5073 1218 5131 putemus
1245 5059 1427 5116 totam
1457 5059 1679 5124 hujusce

93 5139 211 5186 vita!
246 5135 598 5187 felicitatem.
631 5151 652 5184 ›

101 5203 278 5328 ἈΠρ)
322 5204 614 5272 Μιχαίας.
657 5202 746 5256 Sic
786 5216 974 5255 omnes
1019 5201 1174 5255 codd.
1224 5199 1358 5253 Male
1411 5201 1462 5255 in
1497 5199 1677 5262 editis.

163 5292 307 5328 tunc.
1259 5277 1270 5288 '

162 5295 307 5344 μως.

157 5348 278 5412 (71)
329 5338 486 5397 Οὖν.
526 5341 684 5394 Deest
718 5341 767 5393 in
796 5340 887 5412 0r.
919 5340 972 5412 2.

157 5409 275 5478 (ἴὲ)
323 5411 768 5472 Διακελεύεται,
796 5410 853 5463 τί
874 5410 1089 5478 .1ἐγων;
1121 5410 1251 5477 IIeg.
1284 5426 1334 5468 c.
1361 5409 1684 5478 διαλέγεται,

89 5505 105 5530 ι
141 5485 589 5537 sermocinatur.
622 5500 639 5532 ι
687 5480 849 5534 Gabr.
897 5492 949 5533 et
989 5482 1177 5534 Cotnb.
1220 5481 1401 5550 legunt
1439 5500 1450 5534 :
1482 5481 1568 5545 τίς
1602 5481 1671 5532 λέ-

83 5571 217 5620 γων,
259 5573 277 5602 ι
323 5551 508 5612 quid?
540 5552 740 5604 dicetis.
781 5570 798 5601 ι

152 5625 271 5694 (75)
327 5621 694 5694 Ἐγείρεσθε.
704 5621 817 5694 ρι’.
837 5618 896 5694 2.
917 5620 1244 5694 ἐγείρεσθαι.

156 5639 163 5686 ι
186 5637 271 5694 ω)
332 5637 694 5691 ἰςτειρεσυε.
721 5637 817 5679 ur.
838 5637 895 5679 ι.
917 5637 1028 5690 εγει
1071 5637 1244 5674 εσυαι.

156 5696 279 5762 (7.1)
341 5693 498 5747 Ἀπὸ
531 5692 663 5762 γῆς.
703 5693 830 5760 Reg.
868 5691 920 5752 d.
953 5637 1066 5745 aug
1086 5692 1184 5762 τῆς
1221 5691 1344 5761 γῆς.

159 5766 282 5832 (75)
333 5765 578 5830 ’Ύφελε
607 5766 699 5819 0r.
734 5763 788 5827 2,
815 5762 1020 5832 ὖιρειλε.

158 5838 276 5907 (⁵6)
341 5835 498 5889 Ἀπὸ
535 5833 643 5902 τῆς
671 5833 844 5898 κάτω,
878 5846 982 5888 etc.
1029 5852 1044 5884 ι
1089 5835 1129 5888 Λ
1164 5833 1374 5886 flamma
1415 5849 1530 5902 qna'
1558 5833 1678 5886 snh~

1282 4686 1326 4718 ”
1343 4685 1486 4742 Psal.
1513 4700 1584 4747 iv,
1631 4684 1666 4736 ’ὀ
1719 4697 1871 4751 seqq.

1947 4681 1990 4711 "
2022 4677 2182 4731 Mich.
2207 4691 2268 4737 ιι,
2295 4675 2348 4736 9,
2381 4671 2463 4730 ID.
2541 4670 2586 4701 "
2619 4667 2774 4722 Joan.
2803 4680 2913 4722 xw.
2944 4663 3028 4716 5i.
3107 4659 3152 4692 9°
3181 4657 3356 4712 Eccle.

1787 4856 1871 4899 tus
1908 4841 2238 4911 depascitur.
2272 4859 2299 4911 ν»
2337 4839 2428 4911 Sic
2459 4837 2624 4911 Regg.
2661 4853 2711 4898 a,
2742 4851 2791 4902 c,
2813 4834 2866 4896 d,
2893 4831 3001 4893 bm,
3036 4825 3128 4897 pb,
3164 4823 3360 4894 aliique

1784 4908 1994 4985 plures.
2033 4913 2195 4985 Deest
2217 4910 2367 4985 acthm
2399 4909 2449 4962 in
2482 4908 2659 4961 editis.

1855 4966 2245 5056 (77)]7λεῖρν.
2284 4979 2448 5048 Regg.
2485 4993 2536 5040 a,
2575 4993 2624 5040 c,
2667 4981 2720 5040 (I,
2751 4977 2841 5044 ph,
2874 4983 2926 5026 et
2986 4969 3079 5024 Or.
3110 4970 3165 5032 2,
3206 4966 3360 5022 κλὲον

1783 5055 1842 5128 [τι
1864 5051 1973 5128 foro
1996 5051 2198 5128 πλέον(

1854 5109 1965 5196 (78)
2011 5123 2086 5176 Τὰ
2134 5109 2347 5176 πάντα.
2412 5119 2571 5173 Deest
2622 5118 2690 5171 τά
2765 5117 2815 5169 in
2882 5113 3047 5183 Regg.
3125 5127 3172 5172 ει,
3245 5109 3355 5170 ιιηι,

1824 5199 1878 5258 Il,
1931 5204 2037 5248 etc.

1786 5213 2191 5335 ""<’7§)‘°im.
2226 5262 2280 5335 ιιι
2312 5260 2573 5335 ρμινῖὲωεο
2604 5260 2766 5335 προῇ·

2009 5317 2423 5388 Σὲαὖτόν.’5ἱο
2455 5317 2619 5397 Ἆρες.
2651 5317 2765 5390 ’1ηίῇ
2809 5330 2898 5395 ph,
2949 5336 3001 5377 ct
3056 5325 3147 5380 Or.
3196 5318 3250 5372 2.
3297 5317 3352 5370 In

1787 5408 1849 5458 (ιιι
1861 5448 1872 5460 .
1885 5445 1898 5466 ,
1929 5407 2145 5460 σαυτόν.

1858 5465 1968 5545 (81)
2021 5475 2173 5528 Ἐάν.
2203 5473 2291 5545 Sic
2317 5471 2481 5541 Regg.
2507 5471 2622 5545 bin,
2651 5470 2744 5538 ph.
2774 5465 2830 5520 In
2865 5465 3124 5545 edit.,_6'tv.

1858 5531 1970 5614 (82)
2019 5546 2092 5599 Τὰ
2134 5542 2346 5597 πάντα.
2380 5531 2467 5595 Sic
2506 5531 2670 5609 licgg:
2717 5553 2766 5600 a,
2818 5552 2866 5588 ι’.
2922 5536 2976 5599 d,
3028 5539 3136 5589 bm.
3200 5531 3357 5586 Deest

1788 5619 1854 5671 τά
1887 5617 2089 5670 incdit.

1860 5688 1968 5755 (8:3)
2011 5686 2284 5754 Ηρόζμεν.
2337 5681 2600 5755 lta_ltegg.
2641 5679 2748 5755 bm,
2785 5677 2874 5748 ph.
2909 5687 3040 5755 etc”
3069 5676 3121 5730 in
3159 5675 3356 5755 quibus

1789 5744 1967 5896 (πάις-1(
2029 5744 2240 5824 1ὖιςίιῖιι·,
2306 5744 2576 5822 προίμεῆ
2630 5744 3090 5818 ΑΙίἱ,’προῒεμεν
3170 5744 3355 5818 [tttale.

1807 5843 1935 5881 2th.

1791 5830 1935 5881 ιιυιτ.
