3844 6390
563 390 622 444 37
1715 393 1770 448 S.
1811 392 2136 448 GREGORll
2177 391 2518 447 THEOLOGI
3186 424 3194 432 ο
3627 388 3700 447 888

523 519 684 572 supra
714 513 869 572 caput
897 504 1013 557 sese
1040 503 1230 559 elierre
1263 514 1466 574 potest,
1504 514 1685 577 utpote
1729 509 1870 575 quod
1921 523 2078 578 supra

2215 505 2268 557 εὶ
2315 503 2406 556 τοῦ
2459 503 2704 572 σώματος
2728 518 2740 530 ·
2794 501 2963 563 οὕτως
3006 499 3127 552 οὐδὲ
3168 493 3248 563 οἷς
3283 499 3499 569 δίδομεν
3536 503 3707 570 νικῆσαι

525 611 722 664 corpus
768 608 981 662 semper
1031 596 1310 650 emineat:
1347 597 1533 652 eodem
1583 598 1737 652 modo
1782 598 1940 669 273
1989 614 2086 654 nec

527 683 666 738 Deus
693 682 1003 760 muneribus
1047 685 1249 738 nosuis
1291 684 1436 739 vinci
1479 694 1677 755 potest.
1727 684 1910 754 Neque
1945 685 2086 739 enim

526 774 842 842 quidquam,
869 774 1010 842 quod
1031 781 1186 828 extra
1214 774 1354 854 illius
1381 775 1517 830 bona
1548 777 1638 841 sit,
1660 792 1756 831 nec
1783 776 1923 845 quod
1948 775 2088 829 illius

527 863 902 918 liberalitatem
943 875 1158 932 superet
1182 906 1196 926 ,
1235 865 1447 919 damus.

597 953 784 1009 XXIII.
827 955 1074 1025 Agnosce
1110 956 1249 1010 unde
1281 957 1448 1011 babes
1483 958 1622 1026 quod
1665 959 1762 1021 sis,
1798 957 1938 1028 quod
1977 957 2090 1025 spi~

529 1063 617 1101 res
639 1089 653 1110 ,
685 1049 826 1116 quod
861 1048 1126 1117 intelligas
1165 1057 1218 1101 et
1252 1049 1470 1117 sapias,
1509 1050 1754 1118 quodque
1801 1049 2089 1104 maximum

527 1152 632 1204 est,
657 1141 797 1209 quod
826 1141 991 1194 Deum
1017 1157 1332 1210 cognoscas,
1355 1156 1538 1210 speres
1560 1140 1819 1196 caelorum
1845 1155 2088 1210 regnum,

528 1233 748 1288 honoris
791 1233 1154 1302 mqualitatem
1209 1249 1330 1286 cum
1376 1231 1577 1302 angelis
1599 1272 1614 1297 ,
1643 1231 1824 1300 gloriae
1854 1239 2092 1285 contem-

528 1323 844 1393 plationem,
873 1338 1015 1376 nunc
1045 1323 1257 1392 quidem
1288 1323 1338 1376 in
1375 1321 1606 1391 speculis
1627 1330 1680 1376 et
1702 1319 2090 1387 aenigmatibus,

532 1428 658 1471 tunc
687 1427 866 1471 autem
894 1416 1191 1485 pleniorem
1219 1431 1281 1470 ac
1311 1416 1580 1484 puriorem
1603 1430 1618 1478 ;
1641 1413 1782 1482 quod
1811 1412 1904 1466 Dei
1931 1412 2090 1474 ﬁlius,

529 1509 726 1564 Christi
777 1509 1048 1574 cohaeres,
1085 1516 1280 1576 atque,
1335 1515 1393 1560 ut
1437 1505 1692 1560 audacter
1720 1505 1930 1571 loquar,
1963 1504 2094 1556 deus

529 1601 692 1654 etiam
736 1597 908 1654 factus
955 1599 1030 1653 sis
1060 1616 1072 1652 :
1122 1598 1262 1651 unde
1297 1595 1390 1650 tibi
1423 1596 1535 1650 hzec
1565 1596 1776 1660 omnia,
1805 1604 1857 1646 et
1885 1608 1914 1647 a
1947 1592 2095 1662 quo?

532 1695 660 1754 Aut,
694 1700 753 1746 ut
785 1705 951 1760 parva
979 1690 1118 1753 haec,
1145 1689 1423 1758 oculisque
1452 1686 1690 1756 subjecta
1723 1685 1920 1747 dicam,
1945 1682 2095 1750 cuius

531 1799 754 1839 munere
801 1798 864 1836 ac
905 1780 1168 1836 beneﬁcio
1209 1780 1436 1835 intueris
1469 1778 1592 1833 caeli
1621 1776 2090 1847 pulchritudinem,

2188 597 2338 652 Θεόν.
2383 595 2460 651 Οὐ
2498 595 2605 664 γὰρ
2644 593 2747 659 ἔξω
2789 611 2842 646 τι
2880 593 2986 646 τῶν
3016 591 3177 646 αὑτοῦ
3204 592 3437 662 δίδομεν,
3465 592 3578 645 οὐδὲ
3605 596 3706 670 ὑπὲρ

2188 688 2284 759 τὴν
2313 687 2518 740 ἐκείνου
2549 683 2872 757 φιλοτιμίαν.

2262 962 2383 1014 Kl".
2422 959 2590 1012 Γνῶθι
2619 959 2779 1012 πόθεν
2809 975 2890 1010 σοι
2909 957 2968 1010 τὸ
2985 954 3216 1021 εἷναι,τὸ
3242 957 3517 1019 ἀναπνεῖν,
3534 957 3588 1008 τὸ
3612 977 3708 1029 φρο-

2190 1054 2320 1116 νεῖν,
2349 1051 2477 1104 αὐτὸ
2501 1050 2560 1104 τὸ
2595 1051 2868 1121 μέγιστον,
2886 1050 2950 1102 τὸ
2976 1048 3257 1118 γινώσκειν
3289 1049 3441 1112 Θεὸν,
3481 1050 3713 1117 βασιλείαν

2191 1144 2432 1215 οὐρανῶν
2479 1143 2738 1208 ἐλπίζειν,
2788 1143 3032 1212 ἀγγέλων
3080 1143 3369 1214 ἰσοτιμίαν,
3419 1141 3574 1212 δόξης
3617 1143 3715 1198 θεω-

2195 1235 2334 1306 ρίαν,
2362 1232 2456 1286 νῦν
2485 1233 2584 1304 μὲν
2613 1235 2712 1305 τὴν
2739 1237 2796 1287 ἐν
2818 1235 3099 1306 ἐσόπτροις
3131 1252 3185 1287 τε
3223 1235 3332 1305 (84)
3376 1237 3472 1290 καὶ
3501 1236 3715 1307 αἰνίγμα-

2193 1343 2265 1386 σι,
2310 1325 2429 1377 τότε
2480 1325 2537 1378 δὲ
2581 1325 2677 1395 τὴν
2720 1325 3051 1396 τελεωτέραν
3095 1344 3153 1380 τε
3190 1328 3282 1380 καὶ
3331 1325 3715 1398 καθαρωτέραν·

2194 1414 2307 1465 υἱὸν
2333 1413 2582 1482 γενέσθαι
2613 1414 2770 1481 Θεοῦ,
2809 1415 3245 1486 συγκληρονόμον
3275 1416 3534 1488 Χριστοῦ,
3560 1418 3720 1490 τολμὴ-

2197 1522 2290 1568 σας
2320 1505 2476 1570 εἴπω,
2511 1507 2602 1560 καὶ
2643 1506 2762 1560 Θεὸν
2791 1507 2984 1571 αύτόνς
3027 1507 3193 1561 Πόθεν
3226 1525 3306 1561 σοι
3350 1508 3523 1562 ταῦτα
3560 1510 3719 1576 πάντα,

2195 1599 2288 1651 καὶ
2311 1598 2461 1668 παρὰ
2487 1599 2664 1661 τίνος;
2699 1599 2791 1662 Ἢ,
2818 1599 2904 1652 ἵνα
2933 1598 3000 1652 τά
3038 1598 3206 1670 μικρὰ
3227 1599 3368 1666 λέγω
3405 1602 3498 1652 καὶ
3529 1601 3596 1652 τά
3614 1603 3723 1672 ὀρώ-

2199 1705 2352 1759 μενα,
2395 1689 2476 1753 τίς
2519 1688 2685 1742 ἔδωκέ
2721 1707 2802 1742 σοι
2841 1689 3036 1753 milia;
3060 1691 3288 1762 ούρανοῦ
3321 1691 3559 1760 βλέπειν,
3605 1694 3722 1762 ἡλίου

2195 1779 2410 1850 δρόμον,
2459 1780 2686 1850 σελήνης
2734 1780 2844 1850 (85)
2877 1781 3093 1845 κύκλον,
3134 1781 3378 1851 ἀστέρων
3413 1780 3628 1850 πλῆθος,
3655 1785 3726 1835 καὶ

531 1890 748 1930 cursum
779 1873 938 1936 solis,
974 1874 1113 1928 lunae
1136 1874 1321 1928 orbem
1343 1910 1358 1937 ,
1394 1871 1628 1926 siderum
1675 1867 2092 1929 multitudinem,

2215 1872 2293 1942 τὴν
2340 1873 2397 1923 ἐν
2437 1871 2646 1934 τούτοις
2687 1873 2870 1935 πᾶσιν,
2897 1872 3083 1942 ὥσπερ
3114 1874 3170 1924 ἐν
3201 1872 3362 1944 λύρᾳ,
3399 1873 3728 1942 εὐαρμοστίαν

533 1980 799 2036 eumque,
832 1967 920 2034 qui
955 1965 1006 2018 in
1043 1965 1128 2019 his
1156 1963 1406 2018 omnibus
1429 2001 1444 2026 ,
1485 1961 1633 2016 velut
1667 1959 1721 2014 in
1752 1959 1863 2028 lyra
1897 1957 2091 2019 elucet,

533 2066 858 2112 concentum
887 2065 1047 2124 atque
1076 2055 1320 2109 ordinem
1349 2094 1364 2118 ,
1398 2067 1610 2122 semper
1639 2052 1824 2106 eodem
1859 2050 2016 2103 modo
2041 2063 2097 2103 se

535 2131 858 2210 habentem;
895 2147 1128 2214 partium
1163 2145 1288 2198 anni
1326 2141 1725 2198 vicissitudines
1751 2180 1765 2205 ,
1797 2150 2096 2208 temporum

533 2239 895 2302 mutationes.
930 2255 1193 2292 annorum
1230 2237 1609 2294 conversiones
1631 2278 1646 2302 ,
1684 2235 1784 2290 diei
1821 2235 2098 2301 noctisque

533 2344 716 2398 aequas
743 2331 1049 2399 portiones,
1093 2339 1251 2386 terra:
1281 2329 1690 2400 productiones,
1739 2328 1880 2380 aeris
1930 2325 2097 2380 lusio-

538 2439 682 2488 nem,
718 2423 906 2486 maris,
937 2422 1066 2477 ﬂuxi
1097 2423 1256 2477 simul
1283 2439 1346 2476 ac
1376 2420 1604 2480 stabilis,
1640 2421 1952 2473 immensam
1983 2415 2100 2469 lati-

540 2513 798 2578 tudinem,
827 2511 1106 2566 lluminum
1139 2511 1576 2580 profunditatem,
1604 2517 1880 2562 ventorum
1906 2504 2101 2575 proﬂu-

536 2607 666 2660 via?
696 2605 828 2672 Quis
857 2605 948 2658 tibi
995 2604 1203 2674 pluvias
1245 2603 1388 2656 dedit
1415 2644 1430 2667 ,
1468 2599 1849 2670 agriculturam
1871 2637 1887 2664 ,
1919 2598 2098 2663 cibos,

538 2711 704 2762 artes,
738 2697 1030 2762 domicilia,
1065 2697 1228 2766 leges,
1258 2693 1588 2763 respublieas
1610 2732 1624 2754 ,
1652 2692 1815 2746 vitam
1842 2692 2022 2745 mitem
2050 2697 2103 2743 et

539 2791 876 2848 humanitate
905 2789 1173 2844 excultam
1195 2827 1211 2852 ,
1242 2785 1532 2840 amicitiam
1582 2791 1636 2838 et
1683 2781 2100 2836 familiaritatem

539 2900 664 2941 cum
710 2898 805 2946 eo,
842 2898 964 2938 eum
1005 2897 1112 2950 quo
1147 2879 1240 2935 tibi
1273 2879 1525 2950 cognatio
1574 2875 1898 2932 intercedit?
1952 2874 2102 2930 Unde

540 2979 707 3033 babes
759 2977 904 3045 quod
962 2973 1255 3028 animantia
1310 2971 1506 3042 partim
1566 2969 1843 3030 cicurata,
1900 2966 2104 3036 tibique

539 3067 782 3138 wbjecta
813 3068 943 3131 sint,
972 3066 1167 3136 partim
1200 3065 1252 3118 in
1281 3063 1458 3117 cibum
1493 3061 1723 3115 tradita?
1756 3059 1888 3126 Quis
1915 3069 1966 3113 te
1991 3073 2106 3110 nm-

540 3163 687 3217 nium
717 3175 917 3218 rerum.
959 3173 1077 3228 quae
1107 3158 1160 3210 in
1192 3164 1332 3211 terra
1371 3165 1516 3220 sunt,
1545 3154 1816 3208 dominum
1843 3161 1895 3204 et
1926 3163 2104 3218 regem

543 3253 857 3310 constituit?
887 3252 1038 3318 Quis,
1076 3265 1144 3304 ne
1174 3248 1382 3317 singula
1415 3258 1858 3308 commemorem,
1895 3257 1956 3296 ea
1987 3255 2107 3295 om-
2138 3258 2179 3313 ρ
2215 3267 2323 3312 τες,

545 3345 656 3410 nia,
686 3344 882 3412 quibus
911 3344 1070 3396 homo
1098 3341 1313 3396 caeteris
1341 3337 1705 3391 animantibus
1729 3344 1978 3405 praestat,
2007 3335 2110 3387 lar-

544 3439 688 3507 gitus
715 3433 835 3490 est?
885 3431 1075 3487 Nonne
1100 3431 1242 3485 Deus
1263 3471 1276 3493 .
1321 3429 1408 3497 qui
1445 3443 1584 3482 nunc
1617 3443 1722 3496 prae
1745 3425 2026 3488 omnibus,
2057 3434 2111 3479 et

546 3543 644 3594 pro
674 3526 922 3580 omnibus
953 3524 1112 3578 rebus
1144 3522 1528 3588 benignitatem
1573 3536 1602 3572 a
1652 3528 1703 3573 te
1748 3517 1983 3572 vicissim
2015 3531 2112 3586 po-

546 3619 692 3675 scit?
732 3619 813 3672 An
850 3632 976 3672 vero
1015 3632 1113 3671 nos
1146 3630 1254 3670 non
1297 3614 1552 3684 pudebit,
1596 3627 1719 3666 cum
1753 3621 1830 3665 tot
1861 3619 2115 3679 tantaque

547 3714 616 3768 ab
645 3727 742 3775 eo,
774 3712 969 3781 partim
1006 3709 1410 3778 acceperimus,
1437 3708 1632 3777 partim
1667 3721 1950 3776 speremus
1971 3745 1986 3772 ,
2017 3719 2115 3760 nec

551 3809 651 3860 hoc
679 3805 895 3875 quidem
923 3818 1086 3857 unum
1118 3801 1216 3872 ipsi
1248 3800 1527 3863 conferre,
1570 3798 1823 3852 nimirum
1871 3797 2116 3865 benigni-

551 3897 755 3952 tatem?
789 3895 869 3948 An
905 3909 1027 3949 cum
1066 3893 1156 3947 ille
1188 3908 1285 3947 nos
1317 3906 1346 3945 a
1390 3890 1521 3946 feris
1560 3886 1876 3956 disiunxerit
1899 3929 1913 3952 ,
1949 3887 2119 3941 solos-

553 4004 680 4055 que,
731 4001 796 4040 ex
845 3984 1099 4040 omnibus
1146 3983 1212 4037 iis
1258 3997 1379 4052 quae
1428 3982 1480 4036 in
1528 3991 1669 4034 terra
1713 3989 1861 4042 sunt,
1910 3978 2120 4032 ratione

552 4079 861 4140 urimverit,
916 4077 1014 4146 ipsi
1073 4084 1258 4129 contra
1317 4073 1677 4136 nosmetipsos
1738 4069 2116 4135 eli'erabimus,

556 4182 878 4240 tantumque
904 4183 934 4222 a
961 4167 1326 4236 voluptatibus
1355 4176 1412 4218 et
1451 4163 1656 4218 deliciis
1693 4177 2119 4232 corrumpemur,

557 4274 650 4319 aut
681 4262 861 4317 furore
892 4259 1208 4324 afﬁcientur,
1252 4265 1363 4323 aut,
1392 4271 1499 4326 quo
1527 4256 1693 4310 verbo
1718 4254 1768 4308 id
1801 4256 2119 4323 exprimam,

555 4355 761 4421 nescio,
792 4362 847 4407 ut
876 4351 1035 4406 simul
1063 4366 1182 4404 cum
1221 4363 1370 4402 maza
1401 4358 1458 4402 et
1486 4346 1818 4414 furfuribus,
1841 4361 1959 4416 quae
1987 4347 2125 4401 male

543 4449 789 4503 .fortasse
811 4443 1146 4513 collegimus,
1175 4457 1273 4496 nos
1297 4454 1510 4510 quoque
1534 4439 1910 4508 praestantiore
1934 4447 2122 4492 natura

553 4557 677 4599 csse
693 4555 852 4611 quam
876 4538 975 4608 ipsi
995 4545 1141 4599 sunt,
1160 4531 1564 4589 existimemus?
1579 4530 1746 4606 274.
1760 4530 1845 4595 Ει,
1865 4531 2124 4600 quemad-

2198 1967 2288 2019 καὶ
2314 1965 2466 2029 τάξιν
2496 1965 2757 2030 ὡσαύτως
2781 1966 3026 2036 ἔχουσαν,
3060 1966 3218 2038 ὡρῶν
3244 1967 3498 2034 ἀλλαγὰς,
3541 1968 3730 2037 μεταϐο-

2196 2055 2293 2118 λὰς
2325 2055 2553 2126 καιρῶν,
2597 2057 2858 2111 ἐνιαυτῶν
2883 2057 3182 2128 περιόδους,
3207 2057 3420 2128 ἡμέρας
3454 2059 3546 2110 καὶ
3575 2061 3732 2123 νυκτὸς

2203 2148 2523 2218 ἰσομοιρίαν,
2562 2150 2662 2219 γῆς
2705 2149 2979 2218 ἐκφύσεις,
3013 2151 3171 2221 άέρος
3220 2151 3392 2219 χύσιν,
3437 2151 3610 2222 πλάτη
3644 2153 3729 2222 (86)

2201 2240 2471 2310 Θαλάττης
2502 2240 2800 2312 λελυμένης
2831 2242 2924 2294 καὶ
2960 2241 3275 2312 ἱσταμένης,
3313 2241 3450 2313 βάθη
3488 2246 3734 2313 ποταμῶν,

2199 2328 2414 2398 ἀνέμων
2455 2329 2732 2400 ρεύματα;
2779 2332 2873 2394 Τίς
2932 2331 3136 2395 ὑετοὺς,
3191 2333 3482 2402 γεωργίαν,
3545 2335 3733 2404 τροφὰς,

2200 2421 2413 2490 τέχνας,
2443 2422 2703 2491 οἰκήσεις,
2734 2421 2950 2492 νόμους,
2986 2422 3259 2485 πολιτείας
3297 2422 3430 2492 (87),
3482 2423 3595 2493 βίον
3626 2425 3739 2494 ἦμε-

2203 2533 2314 2585 ρον,
2375 2517 2645 2569 οἰκείωσιν
2699 2517 2831 2587 πρὸς
2893 2517 2954 2569 τὸ
3018 2517 3307 2585 συγγενές;
3348 2517 3517 2572 Πόθεν
3555 2537 3627 2572 σοι
3655 2520 3741 2572 τῶν

2203 2606 2354 2671 ζώων
2382 2606 2450 2660 τὰ
2482 2609 2580 2678 μὲν
2614 2608 2896 2680 ἡμέρωται
2926 2609 3019 2663 καὶ
3051 2609 3404 2676 ύπέζευκται,
3431 2609 3496 2662 τὰ
3520 2609 3577 2662 δὲ
3598 2614 3742 2680 τροφῇ

2207 2701 2594 2770 παραδέδοταις
2621 2701 2716 2763 Τίς
2738 2718 2794 2752 σε
2824 2700 3010 2771 κύριον
3040 2702 3133 2753 καὶ
3161 2700 3384 2772 βασιλέα
3414 2701 3626 2754 πάντων
3649 2718 3746 2754 κατ-

2207 2792 2398 2862 έστησε
2435 2791 2545 2862 (88)
2565 2791 2670 2843 τῶν
2710 2792 2800 2844 ἐπὶ
2835 2791 2934 2861 τῆς
2966 2793 3102 2862 γῆς;
3139 2793 3252 2856 Τίς,
3287 2793 3374 2845 ἵνα
3399 2793 3473 2863 μὴ
3508 2793 3623 2846 καθ’
3644 2795 3749 2844 ἐκα-

2208 2903 2327 2940 στον
2353 2887 2514 2955 λέγω,
2550 2887 2744 2948 πάντα,
2775 2880 2856 2949 οἷς
2889 2887 3110 2956 προέχει
3133 2887 3240 2940 τῶν
3270 2886 3443 2940 ἄλλων
3471 2886 3748 2957 ἄνθρωπος.

2205 2979 2544 3048 ἐδωρήσατο;
2578 2976 2690 3047 Οὐχ
2723 2969 2897 3040 οὗτος,
2935 2975 2994 3038 ὃς
3020 2975 3115 3029 νῦν
3147 2976 3252 3047 πρὸ
3277 2975 3494 3029 πάντων
3537 2977 3629 3028 καὶ
3657 2977 3756 3028 ἀντὶ

2206 3067 2421 3121 πάντων
2448 3068 2588 3119 αἰτεῖ
2636 3059 2786 3136 παρὰ
2837 3065 2926 3118 σού
2971 3066 3032 3118 τὸ
3063 3065 3478 3137 φιλάνθρωπον;
3525 3062 3651 3118 Εἶτα
3675 3065 3756 3116 οὐκ

2207 3157 2594 3228 αἰσχυνόμεθα,
2637 3159 2682 3210 εἰ
2716 3155 2950 3210 τοσαῦτα
2983 3158 3110 3228 παρ’
3138 3141 3323 3221 αὐτοῦ,
3356 3157 3424 3209 τὰ
3459 3156 3562 3225 μὲν
3589 3155 3760 3208 λαθὸν-

2365 3249 2432 3302 τὰ
2468 3250 2521 3302 δὲ
2553 3249 2880 3314 ἐλπίζοντες,
2919 3248 3050 3319 μηδὲ
3090 3249 3145 3301 ἓν
3183 3247 3336 3301 τοῦτο
3365 3250 3668 3317 εἰσοίσομεν
3699 3245 3762 3315 τῷ

2211 3341 2350 3412 Θεῷ,
2374 3341 2435 3394 τὸ
2468 3332 2846 3416 ἐξιλάνθρωπον
2870 3341 3009 3408 (89);
3048 3341 3184 3394 Ἀλλ’
3236 3342 3264 3392 ὁ
3303 3343 3399 3410 μὲν
3440 3341 3550 3392 τῶν
3583 3338 3765 3409 θηρίων

2213 3433 2359 3501 ἡμᾶς
2391 3433 2620 3504 ἐχώρισε
2649 3431 2783 3501 (9θ),
2832 3432 2926 3484 καὶ
2968 3431 3110 3501 λόγῳ
3163 3432 3355 3502 μόνους
3403 3431 3513 3483 τῶν
3553 3432 3645 3482 ἐπὶ
3679 3431 3765 3497 γῆς

2216 3523 2471 3594 ἐτίμησεν
2491 3541 2503 3553 ·
2536 3525 2694 3594 ἡμεῖς
2713 3523 2768 3576 δὲ
2799 3525 2944 3594 ἡμᾶς
2972 3524 3164 3586 αὐτοὺς
3186 3522 3554 3593 θηριῶσομεν,
3579 3522 3669 3575 καὶ
3698 3537 3768 3572 τσο
3815 3539 3819 3550 ι

2218 3614 2403 3666 σοῦτον
2433 3614 2536 3666 ὑπὸ
2569 3614 2668 3684 τῆς
2695 3615 2904 3686 τρυφῆς
2941 3613 3333 3685 διεφθάρμεθα,
3365 3614 3397 3684 ἢ
3446 3616 3769 3684 μεμήναμεν.

2217 3708 2270 3776 ἢ,
2306 3708 2406 3759 οὐκ
2440 3706 2547 3776 ἔχω
2595 3706 2647 3758 τί
2683 3705 2881 3774 λέγειν.
2919 3705 3056 3759 ῶστε
3094 3705 3229 3776 ὁμοῦ
3265 3709 3330 3776 τῇ
3365 3705 3516 3778 μάζῃ
3553 3704 3646 3758 καὶ
3680 3706 3772 3763 τοῖς

2219 3797 2485 3868 πιτύροις,
2520 3797 2555 3852 ἃ
2587 3798 2698 3867 (91)
2733 3797 2917 3861 κακῶς
2945 3797 3072 3861 ἴσως
3112 3796 3486 3868 ἐπορισάμεθα
3531 3795 3665 3866 (92),
3700 3796 3778 3846 καὶ

2218 3890 2312 3960 τὴν
2342 3889 2500 3957 φύσιν
2531 3885 2665 3942 εἶναι
2699 3889 2936 3959 βελτίους
2961 3889 3139 3942 αὐτῶν
3163 3890 3500 3961 οἰησόμεθας
3539 3890 3649 3941 Καὶ
3685 3887 3778 3940 ῶσα

2222 4000 2324 4052 περ
2350 3978 2416 4052 ἢν
2445 3999 2496 4034 τι
2533 3981 2590 4033 τὸ
2631 3983 2874 4047 παλαιὸν,
2899 3984 3020 4036 ὅσον
3049 3983 3142 4034 ἐπὶ
3170 3987 3282 4046 τοῖς
3317 3983 3514 4053 μύθοις
3532 3983 3667 4054 (95).
3703 3981 3781 4047 γέ-

2220 4087 2308 4132 νος
2338 4071 2607 4137 γιγάντων
2647 4071 2740 4122 και
2771 4068 2876 4122 τῶν
2918 4068 3118 4122 λοιπῶν
3152 4068 3475 4140 ἀνθρώπων·
3537 4069 3680 4122 οὓτω
3707 4072 3784 4119 καὶ

2222 4167 2380 4234 ἡμεῖς
2413 4162 2624 4224 τούτοις
2646 4162 2878 4233 ἐσόμεθα
2911 4161 3100 4230 ὑψηλοί
3121 4179 3176 4214 τε
3204 4163 3297 4216 καὶ
3323 4163 3463 4233 ὑπὲρ
3494 4163 3785 4232 ἄνθρωπον,

2222 4253 2330 4311 οἷον
2365 4256 2589 4329 Νεόρὼδ
2621 4257 2729 4327 (94)
2764 4257 3046 4328 ἐκεῖνος,ἢ
3082 4257 3142 4310 τὸ
3164 4256 3255 4310 τοῦ
3292 4258 3457 4310 Ἐνάκ
3495 4238 3677 4325 γένος,
3713 4259 3779 4307 ἐκ·

2224 4350 2401 4402 θλίϐον
2436 4349 2600 4403 πάλαι
2631 4349 2719 4402 τὸν
2747 4349 2857 4419 (95)
2904 4349 3136 4420 Ἰσραὴλ,
3175 4351 3206 4420 ἢ
3241 4349 3306 4401 δι’
3337 4349 3431 4413 οὓς
3466 4352 3497 4404 ὁ
3539 4349 3792 4403 κατακλυ-

2227 4443 2359 4511 σμὸς
2415 4442 2512 4511 τὴν
2549 4442 2651 4510 γῆν
2700 4441 2999 4510 ἐκάθηρεν;
3046 4442 3154 4493 Καὶ
3198 4445 3225 4494 ὁ
3260 4443 3359 4511 μὲν
3407 4442 3514 4494 οὐκ
3561 4440 3791 4510 αἰσχύνε-

2225 4550 2310 4586 ται
2347 4531 2456 4601 (96)
2495 4533 2645 4602 "uti;
2653 4550 2682 4602 ρ
2712 4531 2868 4602 ἡμῶν
2892 4531 3192 4595 καλεῖσθαι,
3218 4533 3349 4595 Θεὸς
3371 4532 3446 4585 ὢν
3485 4534 3586 4585 καὶ
3614 4530 3795 4584 Δεσπό-

557 4609 773 4690 modum
809 4630 961 4694 olim,
987 4640 1044 4683 ut
1093 4637 1262 4697 poeta:
1288 4624 1616 4690 fabulantur,
1659 4639 1827 4696 genus
1855 4625 2108 4694 quoddan‘

2230 4642 2326 4693 της
2353 4642 2364 4653 ·
2403 4626 2560 4694 ἡμεῖς
2588 4623 2642 4675 δὲ
2684 4625 2776 4676 καὶ
2803 4625 2864 4676 τὸ
2895 4625 3150 4692 συγγενὲς
3179 4625 3577 4695 άρνησόμεθας

633 4858 746 4929 (84)
771 4855 862 4910 Τε.
889 4855 1048 4929 Deest
1084 4854 1398 4929 induratum:
1427 4853 1593 4929 Regg.

656 4922 746 4994 85)
771 4925 1061 4994 Σελήνης.
1120 4922 1253 4994 Reg.
1281 4941 1332 4989 a,
1371 4923 1404 4994 ἢ
1433 4922 1678 4994 σελήνης.

656 4935 746 4994 85)
771 4935 1061 4994 Σελήνης.
1120 4935 1253 4994 Heg.
1281 4941 1332 4989 a,
1371 4935 1404 4994 η
1433 4935 1678 4991 σεληνης.

632 4935 746 5070 (86)
769 4995 994 5070 mam.
1017 4995 1160 5070 Reg.
1185 4998 1293 5060 bin,
1322 4994 1545 5070 πλάτος.
1586 5012 1607 5070 ¢_
1629 4990 1987 5070 Latitudinem
2015 5003 2129 5042 ma-

564 5059 654 5125 ris‘
674 5059 793 5124 sese
847 5059 1174 5121 eﬂ'uiiileiifis
1223 5059 1288 5119 et
1329 5065 1661 5118 sustinentis.
1695 5085 1712 5112 ο
1749 5059 1900 5113 Hune
1955 5061 2128 5112 locum

567 5140 787 5195 Nicetas
813 5138 916 5191 rite
944 5136 1164 5206 exponit
1198 5153 1212 5189 :
1246 5154 1287 5206 «γ
1309 5134 1463 5206 Unde
1493 5132 1659 5206 tibi...
1687 5131 1826 5199 quod
1865 5143 2034 5190 mare,
2065 5130 2133 5180 ob

567 5208 869 5264 naturalem
905 5204 1119 5277 quidem
1145 5205 1514 5277 humiditatem
1547 5204 1804 5265 solutum,
1831 5214 1892 5253 ac
1921 5213 2131 5253 rursum

568 5281 709 5335 intra
731 5275 992 5332 terminos
1022 5291 1150 5331 suos
1198 5275 1536 5337 consistens,
1586 5282 1742 5341 atque
1783 5283 2002 5341 arenam
2044 5283 2138 5337 pro

567 5350 736 5405 limite
783 5349 1026 5410 habens,
1083 5361 1183 5400 nec
1232 5361 1350 5399 eam
1387 5353 1600 5412 propter
1629 5339 1890 5398 creatoris
1931 5341 2139 5406 iussum

570 5417 911 5474 transiliens?
937 5438 954 5470 ι

640 5490 751 5560 (87)
789 5490 1118 5552 Πολιτείας.
1156 5487 1322 5554 Regg.
1367 5498 1422 5548 a,
1460 5499 1510 5550 c,
1548 5485 1601 5546 d,
1645 5491 1700 5538 et
1737 5479 1831 5536 0r.
1885 5481 1954 5544 2,
1997 5478 2146 5531 πολι-

583 5560 757 5699 πίῶίς)
789 5631 1035 5683 Πάντων
1055 5627 1414 5699 κατέστησε.
1457 5622 1548 5699 Sic
1578 5621 1741 5692 Regg.
1790 5638 1843 5685 a,
1874 5636 1926 5688 c,
1947 5624 2002 5687 d,
2033 5620 2142 5686 bm,

577 5693 667 5767 ph,
702 5693 806 5753 etc.
837 5703 888 5752 In
920 5700 1073 5763 edit.,
1109 5693 1674 5767 κατέστησεοπάντων.

647 5770 758 5836 (89)
789 5768 1227 5834 Φιλάνθρωπον.
1265 5763 1391 5835 Reg.
1426 5782 1474 5828 a,
1501 5763 1836 5836 φιλάᾷελφον.

649 5791 758 5836 (δυ)
789 5791 1227 5834 Ψιιιιινηρωῖιωκ
1265 5791 1391 5835 ιὶῑτε.
1426 5791 1474 5828 il,
1501 5791 1836 5831 ψινιυιυελψυν.
2037 5791 2046 5802 ·

649 5839 756 5909 (90)
785 5839 1077 5907 Ἐχόγμισε.
1114 5838 1242 5907 Reg.
1274 5838 1381 5903 bm,
1421 5847 1473 5891 et
1513 5837 1606 5890 Or.
1634 5835 1687 5902 '2,
1718 5831 1955 5901 ἐχώρησε
1995 5831 2141 5901 [pcr-

2230 4845 2454 4918 amem}

2297 4911 2519 4988 (QD-"1i.
2559 4918 2729 4988 Ilegg.)
2765 4931 2818 4976 εδ,
2848 4931 2899 4979 (⁸,
2931 4919 2982 4988 d,
3017 4911 3119 4980 οἷς.

2297 4986 2411 5056 (92)
2449 4985 2902 5058 Ἐπορῐᾰιὶμεθα.
2937 4987 3026 5042 Sic
3057 4989 3235 5056 plures
3265 4986 3435 5056 Regg.
3482 4985 3642 5040 Editi
3674 4997 3804 5042 vero,

2229 5058 2665 5131 ἐμπορισάμεθα.

2305 5076 2665 5181 ποξισαμευα.

2305 5130 2357 5196 (9
2400 5132 2678 5195 meum.
2709 5127 2803 5182 0r.
2831 5128 2866 5180 9.
2899 5129 3063 5193 addit,
3093 5127 3166 5190 ὼς
3206 5125 3486 5195 ἀκούομεν
3510 5166 3528 5188 ,
3572 5145 3593 5177 α
3647 5138 3703 5178 ιιι
3732 5140 3806 5176 au-

2236 5200 2432 5270 dimus,
2471 5219 2489 5252 ο
2517 5199 3054 5270 quodquereperitur
3086 5198 3136 5249 in
3187 5197 3350 5270 Basil.
3381 5198 3543 5252 edit.
3577 5207 3634 5250 et.
3664 5208 3802 5270 agno-

2239 5269 2338 5321 scit
2376 5262 2698 5324 Gabriclius:
2751 5262 2865 5322 Non
2909 5268 3078 5321 solum
3124 5269 3268 5320 enim
3305 5269 3611 5334 gigantum
3646 5262 3804 5318 metui-

2243 5354 2368 5391 nere
2399 5353 2596 5409 poetae,
2644 5339 2736 5394 sed
2783 5340 2894 5408 ipsa
2937 5339 3098 5392 etiam
3131 5353 3284 5391 sacra
3315 5338 3646 5409 Scriptura,
3694 5334 3804 5385 Gen.

2244 5424 2316 5473 γι,
2339 5405 2565 5475 4ξιιιιιΙο
2594 5410 2666 5462 illi
2700 5405 3012 5467 hauserunt,
3044 5417 3096 5460 et
3134 5410 3373 5477 gigantes
3410 5405 3641 5461 ﬁnxere
3682 5417 3804 5455 mon-

2243 5490 2485 5534 struosns
2511 5480 2762 5546 quosdam
2789 5479 3101 5532 animantes.

2319 5549 2427 5618 (94)
2447 5545 2699 5616 Νεϐρώδ.
2740 5547 2870 5618 Regi.
2902 5549 2992 5617 ph.
3023 5545 3273 5618 ΝεμρῶδΖ

2315 5762 2422 5830 (96)
2455 5762 2824 5829 Αισχύνεται.
2848 5758 2976 5827 Reg.
3013 5761 3063 5821 tl,
3088 5756 3503 5826 ἐπαισχύνεται.

3480 5635 3537 5682 :1,
3593 5634 3642 5685 ς,
3692 5615 3808 5678 d,et
