3844 6390
167 339 263 395 889

1079 336 1332 393 samo
1371 337 1509 392 xw.
1548 368 1616 377 —
1655 337 1742 392 ne
1781 303 2161 394 muralium
2201 338 2458 393 AMORE.

3303 339 3408 397 890

169 462 274 509 erat
307 453 584 524 gigantum
613 460 664 508 et
694 453 1024 523 reliquorum
1062 455 1364 521 hominum,
1393 455 1474 509 sic
1501 468 1597 509 nos
1624 468 1835 524 quoque
1867 453 2127 510 sublimes
2155 463 2211 509 et
2241 455 2472 510 humana
2496 453 2805 510 conditione
2839 454 3069 524 majores
3095 455 3232 524 apud
3265 455 3411 525 ipsos

167 549 399 614 erimus,
432 547 576 602 velut
621 547 710 604 ille
739 546 1094 615 Nembroth‘,
1132 558 1226 604 aut
1263 564 1432 620 genus
1477 549 1724 613 Enach’,
1767 548 1906 616 quod
1975 546 2248 602 lsraelitas
2315 547 2445 601 olim
2476 547 2853 618 opprimebat,
2899 554 2991 602 aut
3031 547 3139 613 illi,
3182 562 3408 617 quorum

166 641 364 698 scelere
425 641 626 697 factum
689 649 804 706 est,
855 649 914 697 ut
955 641 1217 697 diluvium
1262 653 1458 699 terram
1505 643 1800 714 purgaret?
1837 644 1916 696 An
1965 657 2092 697 cum
2139 642 2258 705 ille,
2298 641 2441 698 Deus
2473 641 2598 697 licet
2631 657 2694 696 ac
2721 641 3005 705 Dominus,
3038 642 3197 696 Pater
3229 656 3412 697 noster

166 733 338 788 vocari
368 749 474 788 non
503 733 815 799 erubescat,
848 749 945 789 nos
983 746 1170 789 contra
1205 745 1466 803 cognatos
1503 749 1717 803 quoque
1757 747 1974 791 nostros
2005 734 2442 805 abnegabimus?
3467 727 3478 738 '

227 824 354 876 KA'.
389 823 691 895 Μηδαμῶς,
730 818 776 878 ὧ
808 825 915 896 (97)
948 825 1090 894 φίλοι
1127 827 1220 879 καὶ
1264 826 1500 895 ἀδελφοὶ,
1534 827 1608 898 μὴ
1640 843 1730 895 γε-

1909 825 2100 882 χχιν.
2153 824 2404 890 Minime,
2456 825 2652 882 fratres
2699 837 2752 881 et
2800 828 2957 881 amici
3009 828 3148 889 mei,
3189 830 3411 883 minime

166 915 377 987 νώμεθα
417 916 577 969 κακοὶ
619 914 728 969 τῶν
764 915 1022 971 δοθέντων
1054 919 1184 988 ἡμῖν
1217 918 1505 988 οἰκονόμοι,
1536 919 1622 971 ἵνα
1656 919 1728 990 μὴ

167 1007 445 1079 ἀκούωμεν
487 1007 692 1078 Πέτρου
743 1007 1024 1076 λέγοντος·
1066 1010 1462 1080 Αίσχύνθητε,
1505 1013 1558 1063 οὶ
1590 1027 1728 1064 κατ-

167 1098 436 1169 έχοντες.
468 1100 541 1154 τὰ
600 1101 906 1170 ἀλλότρια,
962 1101 1059 1156 καὶ
1105 1101 1448 1172 μιμήσασθε
1487 1103 1730 1170 ἰσότητα

169 1192 333 1255 Θεοῦ,
378 1193 475 1246 καὶ
520 1193 718 1258 οὐδεὶς
745 1193 915 1248 ἔσται
952 1194 1160 1263 πένης.
1197 1194 1282 1266 Μὴ
1317 1195 1611 1266 κάμνωμεν
1637 1194 1730 1264 θη-

167 1282 508 1354 σαυρίζοντες
561 1285 655 1336 καὶ
687 1284 1072 1352 φυλάσσοντες,
1109 1284 1282 1338 ἄλλων
1305 1283 1466 1356 πενίᾳ
1500 1284 1730 1355 καμνόν-

164 1393 287 1440 των,
335 1374 409 1446 μὴ
439 1375 668 1448 ὀνειδίσῃ
707 1375 818 1446 (98)
859 1377 951 1429 καὶ
990 1377 1260 1449 ἀπειλήσῃ
1315 1377 1526 1448 πικρῶς
1575 1379 1726 1448 ἡμῖν,

164 1466 308 1520 ἔνθεν
339 1468 436 1537 μὲν
466 1470 495 1520 ό
531 1467 670 1531 θεῖος
710 1467 889 1538 Ἀμὼς
931 1467 1042 1538 (99)
1078 1471 1134 1522 ὲν
1169 1467 1375 1532 τούτοις
1409 1470 1518 1540 τοῖς
1547 1469 1726 1539 ῥήμα-

165 1576 267 1612 σιν·
305 1561 434 1630 Ἄγε
468 1559 604 1624 νῦν,
650 1564 703 1613 οὶ
735 1562 1050 1630 λέγοντεςο
1100 1563 1248 1616 Πότε
1287 1561 1655 1616 διελεύσεται
1697 1565 1729 1614 ὀ

160 1649 300 1720 μὴν,
338 1650 434 1704 καὶ
453 1652 900 1722 ἐμπωλήσωμεν
920 1670 932 1684 ο
970 1652 1069 1706 καὶ
1097 1653 1168 1707 τὰ
1195 1653 1482 1715 Σάϐϐατα,
1511 1655 1605 1708 καί
1628 1654 1729 1707 ἀν-

164 1744 410 1812 οίξωμεν
437 1745 512 1815 (1)
551 1746 892 1814 θησαυρούς
909 1764 927 1812 ;
963 1748 1058 1800 καὶ
1082 1746 1152 1800 τὰ
1180 1747 1274 1800 ἐπὶ
1295 1745 1525 1812 τούτοις,
1555 1747 1621 1799 δι’
1654 1740 1728 1800 ὧν

161 1839 265 1900 τοῖς
311 1836 456 1907 μέγα
493 1837 585 1890 καὶ
614 1837 806 1909 μικρὸν
839 1837 1097 1908 πάθμιον
1127 1839 1450 1910 κτωμένοις,
1497 1838 1594 1909 τὴν
1632 1837 1726 1891 τοῦ

161 1927 286 1980 Θεοῦ
315 1928 476 1999 μῆνιν
506 1930 908 1984 ὲπανατείνεται
929 1948 940 1960 ο
989 1929 1138 1984 ἔνθεν
1177 1931 1234 1983 δὲ
1259 1933 1287 1984 ὁ
1319 1932 1587 2002 μακάριος
1617 1931 1727 1984 Μι-

160 2019 315 2090 χαίας
343 2018 443 2090 (2),
486 2021 625 2090 τάχα
689 2021 785 2091 μὲν
827 2023 920 2074 καὶ
969 2021 1137 2092 αὐτὴν
1176 2022 1274 2094 τὴν
1302 2023 1514 2094 τρυφὴν
1544 2022 1729 2078 ὲπικό-

159 2124 325 2173 πτων,
349 2109 426 2172 ὡς
454 2109 544 2163 τοῦ
568 2110 730 2182 κόρου
760 2113 858 2182 τὴν
891 2112 1044 2182 ὓϐριν
1068 2113 1361 2176 τίκτοντος,
1398 2114 1490 2167 καὶ
1533 2113 1594 2166 τὸ
1626 2131 1724 2166 κα-

159 2199 508 2271 τασπαταλᾷν
543 2202 632 2254 ἐπὶ
662 2201 857 2256 κλινῶν
890 2203 1265 2272 ἐλεφαντίνων,
1299 2206 1393 2257 καὶ
1432 2207 1544 2267 τοῖς
1583 2203 1732 2274 πρὼ-
1765 2197 1807 2252 Β

158 2307 261 2354 τοις
294 2291 407 2346 τῶν
443 2291 630 2363 μύρων
657 2291 1015 2364 θρύπτεσθαι,
1059 2295 1280 2366 μόσχοις
1318 2314 1377 2349 τε
1402 2295 1628 2360 ἁπαλοῖς
1665 2298 1732 2351 ἐκ

161 2383 450 2454 βορκολίων
488 2386 580 2439 καὶ
608 2385 816 2458 ἐρίφοις
851 2387 916 2441 ὲκ
959 2387 1222 2458 ποιμνίων
1267 2388 1600 2452 πιαίνεσθαι,
1639 2391 1731 2443 καὶ

160 2475 284 2544 πρὸς
308 2475 410 2547 τὴν
467 2475 650 2547 φωνὴν
711 2479 816 2532 τῶν
862 2479 1105 2551 ὀργάνων
1141 2482 1466 2551 ὲπικροτείν,
1512 2481 1606 2534 καὶ
1653 2480 1730 2533 ἔτι

162 2563 358 2632 μᾶλλον
386 2565 447 2617 τὸ
485 2565 689 2620 οἴεσθαι
726 2568 984 2638 στάσιμόν
1015 2586 1067 2622 τι
1107 2568 1309 2623 τούτων
1343 2566 1479 2624 εἶναι
1513 2571 1604 2624 καὶ
1637 2569 1732 2639 μό-

159 2672 308 2725 νιμον
326 2672 340 2686 ο
371 2656 514 2727 τάχα
535 2653 590 2710 δὲ
623 2658 720 2728 ούχ
742 2657 884 2713 οὕτω
914 2658 1086 2712 ταῦτα
1115 2659 1263 2716 δεινὰ
1290 2661 1545 2731 νομίζων,
1575 2661 1649 2725 ὼς
1673 2663 1732 2714 τὸ

162 2742 325 2812 μηδὲν
365 2744 594 2815 πάσχειν
633 2747 726 2800 ἐπὶ
771 2750 838 2819 τῇ
874 2748 1130 2821 συντριϐῇ
1173 2750 1265 2804 τοῦ
1301 2752 1498 2822 Ἰωσὴφ
1536 2753 1733 2815 αὐτοὺς

157 2835 481 2904 τρυφῶντας
499 2853 512 2866 ·
545 2837 701 2890 τοῦτο
725 2838 832 2910 γὰρ
864 2843 928 2911 τῇ
957 2841 1058 2911 τῆς
1084 2842 1403 2914 πλησμονῆς
1431 2845 1733 2917 κατηγορίᾳ

159 2926 605 2997 προστίθησινοὸ
668 2929 743 3000 μὴ
787 2916 1049 3002 πάθωμεν
1074 2931 1168 2985 νῦν
1226 2933 1529 3005 (5)“ήμεῖς,
1600 2916 1734 3006 μηδὲ

159 3016 410 3071 τοσοῦτον
432 3019 813 3091 τρυφήσωμεν,
845 3020 984 3074 ὥστε
1019 3023 1110 3075 καὶ
1139 3023 1237 3092 τῆς
1264 3023 1357 3077 τοῦ
1396 3024 1529 3078 Θεοῦ
1559 3025 1735 3096 φιλαν-

159 3107 407 3179 θρωπίας
435 3115 792 3180 καταφρονεῖν
811 3110 1021 3176 τούτοις
1043 3114 1498 3186 δυσχεραίνοντος,
1533 3116 1631 3170 κᾶν
1658 3099 1733 3188 μὴ

157 3197 531 3274 πόδας,
577 3204 710 3275 μηδὲ
755 3205 888 3276 ὁμοῦ
930 3208 994 3277 τῇ
1033 3207 1203 3278 κακίᾳ
1228 3208 1325 3278 τὴν
1353 3209 1522 3279 ὀργὴν
1554 3210 1735 3282 ἐπάγῃ

156 3298 264 3358 τοῖς
290 3296 722 3367 ἁμαρτάνουσιν.
1363 3305 1370 3310 ’

1838 921 2268 984 committamus,
2313 927 2371 972 ιιι
2399 934 2492 974 res
2518 920 2701 974 divino
2733 934 2956 974 munere
2995 921 3146 974 nobis
3187 935 3416 974 conces-

1837 1027 1926 1066 sas
1949 1012 2086 1066 male
2107 1011 2570 1073 administremus.
2601 1026 2667 1064 ne
2689 1011 2886 1080 alioqui
2911 1010 3124 1065 Petrum
3145 1011 3408 1066 dicentem

1839 1109 2158 1164 audiamus:
2205 1107 2636 1176 Ernbescite,qui
2679 1108 2853 1160 aliena
2896 1107 3168 1166 det-inetis,
3216 1105 3411 1177 Deique

1840 1201 2143 1268 arquitatem
2173 1201 2312 1254 vobis
2345 1201 2656 1254 inritandam
2691 1202 2996 1270 proponite,
3041 1211 3088 1254 et
3126 1217 3272 1254 nemo
3307 1209 3410 1252 urit

1837 1292 2091 1359 pauper".
2141 1289 2220 1346 Ne
2258 1292 2617 1362 congerendis
2666 1293 3114 1360 asservandisque
3165 1292 3411 1359 pecuniis

1840 1383 2160 1449 laboremus,
2192 1384 2312 1437 aliis
2340 1384 2519 1452 inopia
2558 1383 2958 1446 laborantibus,
2995 1399 3061 1437 ne
3085 1382 3283 1451 alioqui
3313 1397 3410 1436 nos

1837 1477 2029 1530 acerba
2071 1489 2123 1530 et
2173 1475 2370 1528 minaci
2421 1475 2669 1529 oratione
2719 1475 3030 1536 insectetur,
3079 1475 3203 1528 hinc
3255 1474 3412 1529 divus

1837 1569 2035 1634 Amos,
2089 1568 2156 1622 ad
2201 1569 2347 1623 hunc
2394 1570 2610 1622 modum
2669 1567 2936 1637 loquens:
2976 1565 3130 1636 Agite
3145 1565 3289 1634 jam,
3324 1564 3413 1635 qui

1833 1660 2014 1726 dicitis
2039 1675 2059 1715 :
2089 1659 2312 1726 Quando
2334 1661 2499 1731 effluet
2527 1660 2741 1723 mensis,
2777 1669 2830 1712 ut
2861 1660 3182 1722 vendamus;
3210 1669 3256 1712 et
3279 1654 3413 1711 Sab-

1837 1751 1981 1818 bata,
2011 1763 2063 1806 ut
2079 1753 2349 1808 thesauros
2376 1757 2674 1820 aperiamus
2697 1753 2716 1784 ’*
2737 1752 2760 1804 ἱ)
2782 1762 2837 1806 et
2865 1761 3084 1817 caetera,
3105 1751 3298 1822 quibus
3324 1751 3411 1813 iis,

1837 1844 1927 1912 qui
1962 1857 2213 1914 magnam
2250 1853 2305 1899 et
2335 1858 2556 1913 parvam
2599 1844 2864 1897 trutinam
2899 1842 3121 1919 habent,
3153 1843 3288 1895 iram
3321 1840 3415 1895 Dei

1837 1935 2119 1990 minitatur
2151 1953 2166 1990 :
2217 1935 2342 1989 hinc
2385 1949 2599 1991 rursum
2633 1935 2828 1989 beatus
2852 1933 3140 1996 Michmas,
3165 1931 3412 1986 eumdem

1837 2041 2052 2098 quoque
2079 2025 2310 2082 fortasse
2334 2025 2518 2080 luxum
2550 2027 2855 2095 reprimens
2887 2007 3178 2096 (tanquam
3211 2021 3417 2076 scilicet

1836 2119 2096 2174 saturitas
2150 2119 2506 2187 petulantiam
2559 2115 2831 2186 pareret),
2880 2125 2934 2170 et
2980 2113 3122 2183 quod
3168 2113 3219 2166 in
3263 2111 3416 2166 lectis

1835 2210 2090 2264 eburneis
2117 2208 2495 2275 lascivirent",
2533 2223 2595 2262 ac
2642 2205 3090 2278 fragrantissimis
3130 2201 3417 2274 unguentis

1833 2297 2141 2353 eﬂ‘eruinate
2173 2297 2647 2368 pcrl‘underentur,
2694 2307 2858 2369 atque
2905 2295 3107 2350 teneris
3135 2293 3316 2348 vitulis
3347 2307 3416 2346 ex

1833 2391 2094 2444 armentis
2117 2428 2132 2453 ,
2169 2398 2226 2444 et
2257 2390 2436 2445 hmdis
2463 2405 2529 2445 ex
2557 2389 2809 2459 gregibus
2835 2388 3232 2457 saginarentur,
3261 2394 3317 2440 et
3349 2383 3416 2437 ad
3519 2415 3523 2426 -

1835 2477 2166 2534 musicorum
2215 2493 2545 2547 organorum
2616 2493 2805 2533 vocem
2860 2476 3279 2547 applauderent,
3334 2470 3420 2526 vel

1835 2570 2011 2639 potius
2041 2556 2204 2626 etiam
2231 2572 2375 2640 quod
2406 2570 2702 2640 quidquam
2741 2571 2931 2625 harum
2976 2583 3154 2624 rerum
3207 2568 3419 2622 ﬁrmum

1833 2675 1899 2716 ac
1938 2660 2132 2717 stabile
2175 2675 2297 2716 esse
2344 2661 2638 2724 ducerent;
2684 2659 2919 2716 fortasse
2955 2669 3134 2714 autem
3166 2659 3279 2713 hinc
3315 2671 3418 2710 non

1837 2760 1941 2804 tam
1972 2752 2156 2818 gravia
2183 2764 2304 2806 esse
2336 2751 2659 2806 existimans
2679 2789 2695 2816 ,
2744 2765 2906 2820 quam
2935 2749 3078 2820 quod
3099 2789 3114 2814 ,
3146 2763 3268 2803 cum
3318 2746 3420 2816 ipsi

1817 2827 1984 2896 ‘luxui
2021 2842 2196 2897 dediti
2231 2850 2454 2906 essent,
2487 2858 2653 2911 super
2693 2841 3025 2898 contritione
3059 2841 3254 2911 Joseph
3289 2840 3424 2896 nihil

1836 2930 2186 3001 paterentur“
2210 2948 2225 2984 :
2262 2931 2367 2986 hoc
2391 2933 2536 2986 enim
2566 2934 2632 2987 ad
2657 2932 2965 2986 saturitatis
2993 2932 3202 2986 crimen
3232 2932 3425 3000 adjun-

1837 3022 1934 3092 git.
1959 3021 2115 3088 Quod
2140 3022 2346 3076 utinam
2378 3038 2524 3077 nunc
2553 3023 2705 3076 nobis
2733 3039 2799 3076 ne
2824 3022 3058 3089 accidat,
3087 3037 3186 3076 nec
3213 3022 3422 3077 deliciis

1837 3127 2009 3182 usque
2037 3114 2170 3169 adeo
2199 3113 2520 3184 Studeamus
2539 3151 2553 3177 ,
2597 3123 2655 3167 ut
2692 3113 2785 3168 Dei
2810 3129 3027 3183 quoque
3048 3153 3063 3178 ,
3092 3127 3180 3167 res
3213 3127 3306 3168 eas
3340 3113 3423 3166 in-

1837 3206 1997 3275 digne
2025 3204 2272 3270 ferentis,
2303 3205 2688 3274 benignitatem
2736 3195 3169 3268 contemnamus,
3203 3205 3420 3258 etiamsi

1839 3312 1942 3352 non
1976 3297 2235 3366 eveStigio
2263 3337 2278 3360 ,
2317 3311 2419 3350 nec
2485 3295 2642 3350 simul
2683 3311 2803 3349 cum
2847 3295 3055 3351 scelere
3094 3296 3230 3349 iram
3268 3310 3423 3350 suam

1840 3389 2218 3456 peccatoribus
2245 3389 2519 3442 immittat.

117 3463 124 3542 ¹ἒ
222 3482 360 3535 KE'.
401 3479 784 3552 Μιμησώμεοα
823 3481 985 3551 νόμον
1027 3479 1162 3533 Θεοῦ
1219 3480 1311 3533 τὸν
1348 3481 1606 3534 ἀνωτάτω
1641 3499 1731 3535 και

1913 3477 2082 3535 XXV.
2147 3480 2466 3548 Suprematn
2515 3478 2661 3534 illam
2713 3489 2766 3532 et
2820 3477 3052 3547 primam
3101 3476 3197 3532 Dei
3250 3475 3421 3546 legem

42 3600 54 3630 ι
153 3573 398 3644 πρῶτον,
433 3549 495 3636 ὃς
523 3549 705 3644 βρέχει
727 3574 823 3643 μὲν
853 3549 945 3626 ἐπὶ
976 3573 1219 3635 δικαίους
1241 3573 1336 3626 καὶ
1360 3573 1731 3644 ἁμαρτωλοὺς,

1845 3571 2137 3635 imitemur,
2189 3571 2284 3641 qui
2326 3571 2462 3639 pluit
2507 3586 2670 3637 super
2704 3571 2880 3639 justos
2909 3579 2961 3622 et
3005 3576 3342 3636 peccatores,
3370 3576 3425 3622 et

42 3677 70 3697 ν’
119 3655 440 3717 ῗάνατέλλει
478 3663 534 3716 δὲ
566 3665 728 3716 πᾶσιν
760 3663 958 3734 ὁμοίως
1003 3662 1094 3715 τὸν
1126 3663 1309 3733 ἥλιον·
1359 3664 1462 3734 γῆν
1507 3664 1564 3717 δὲ
1611 3681 1731 3734 χερ-

1844 3664 2010 3719 solem
2039 3662 2293 3728 omnibus
2325 3678 2477 3732 a'que
2503 3662 2632 3715 oriri
2669 3661 2874 3727 facit';
2920 3675 2982 3713 ac
3011 3670 3281 3729 patentem
3313 3668 3423 3714 ter-

119 3756 332 3838 ξσαίοις
375 3756 544 3808 πᾶσιν
587 3755 840 3825 ἥπλωσεν
889 3756 1099 3820 ἄνετον,
1137 3757 1229 3809 καὶ
1259 3757 1482 3828 κρήνας,
1515 3756 1610 3810 καὶ
1654 3774 1742 3810 πο-

121 3845 384 3918 ¹-ταμοὺς,
440 3848 738 3912 καὶ.ὖλας·
791 3849 932 3921 ἀέρα
980 3849 1037 3902 δὲ
1099 3853 1325 3921 πηναίς
1369 3848 1583 3917 φύσεσι,
1648 3850 1741 3903 καὶ

149 3941 296 4013 ὕδωρ
334 3944 483 4005 ὅσοις
515 3943 542 3993 ό
580 3941 692 4012 βίος
715 3941 954 4014 ἔνυδρος,
996 3942 1217 4005 καὶτὰς
1259 3939 1478 4012 πρώτας
1506 3939 1599 3994 τοῦ
1641 3940 1741 4011 ζῇν

148 4034 414 4105 ἀφορμὰς
453 4034 716 4102 ἀφθόνους
761 4034 962 4087 ἅπασιν
1007 4035 1320 4106 ἐχαρίσατο,
1358 4035 1416 4086 ού
1451 4034 1740 4104 δυναστείᾳ

147 4125 559 4196 κρατουμένας,
601 4126 662 4178 ού
695 4125 845 4196 νόμῳ
884 4125 1384 4196 περιγραφομένας,
1434 4126 1532 4195 οὐχ
1575 4125 1741 4195 ὁρίοις

146 4217 537 4288 διειργομένας
577 4219 652 4287 (4)
679 4237 692 4249 ·
730 4217 866 4272 ἀλλὰ
919 4219 1014 4271 καὶ
1052 4219 1237 4282 κοινὰς
1277 4217 1378 4281 τὰς
1427 4216 1594 4279 αὐτὰς
1648 4217 1741 4268 καὶ

145 4309 442 4374 πλουσίας,
469 4309 562 4362 καὶ
592 4308 741 4362 οὐδὲν
759 4308 920 4380 ⁸παρὰ
946 4308 1105 4362 τοῦτο
1133 4309 1480 4381 ὲνδεεστέρας
1503 4307 1739 4378 προέθη-

144 4415 270 4453 new
309 4400 378 4452 τό
412 4415 474 4452 τε
508 4401 607 4471 τῆς
640 4399 853 4469 φύσεως
884 4400 1144 4470 ὁμότιμον
1183 4399 1388 4470 ἰσότητι
1417 4399 1515 4470 τῆς
1534 4398 1740 4469 δωρεᾶς

143 4493 328 4563 τιμῶν
373 4492 475 4564 (5),
509 4493 603 4544 καὶ
636 4493 849 4557 δεικνὺς
874 4493 967 4545 τὸν
1003 4491 1229 4546 πλοῦτον
1252 4492 1352 4560 τῆς
1380 4490 1572 4544 ἑαυτοῦ
1605 4508 1739 4562 χρη-

145 4585 439 4655 στότητος.
477 4585 787 4656 ’Ἄνθρωποι
831 4585 887 4638 δὲ
932 4585 1152 4656 χρυσὸν,
1208 4583 1302 4637 καὶ
1349 4582 1608 4654 ἄργυρον,
1648 4584 1741 4635 καὶ

138 4675 241 4746 τῆς
285 4675 525 4746 ἐσθῆτος
565 4676 663 4747 ὅση
708 4677 948 4747 μαλακὴ,
995 4677 1086 4729 καὶ
1112 4675 1251 4746 ὑπὲρ
1273 4674 1372 4745 τὴν
1407 4673 1614 4745 χρείαν,
1646 4673 1741 4727 καὶ

139 4767 251 4820 τῶν
297 4767 474 4820 λίθων
509 4769 633 4830 τοὺς
657 4754 899 4835 διαυγεῖς
925 4767 1344 4840 κατορύξαντες,
1385 4767 1492 4820 εἴτε
1535 4785 1586 4820 τι
1617 4765 1742 4822 ἄλλο

135 4859 423 4924 τοιοῦτον,
461 4859 497 4914 ἃ
527 4860 788 4930 mltum,
815 4861 910 4914 καὶ
946 4862 1186 4922 στάσεως
1217 4859 1316 4927 (6),
1345 4859 1438 4911 καὶ
1461 4859 1558 4930 τῆς
1588 4857 1739 4928 πρώ-

1845 3774 1980 3819 ram,
2008 3767 2061 3812 et
2091 3757 2289 3822 iantes,
2320 3766 2375 3810 et
2409 3771 2618 3820 amnes,
2651 3769 2706 3809 et
2745 3756 2912 3809 silvas
2943 3754 3288 3809 terrestribus
3311 3769 3427 3807 um-

1846 3852 2001 3906 nibus
2038 3851 2411 3906 animantibus
2441 3850 2698 3918 expandit
2729 3866 2742 3914 ;
2792 3863 2972 3904 aerem
3011 3857 3187 3902 autem
3212 3848 3423 3914 avibus,

1843 3953 1896 3998 et
1930 3958 2126 4012 aquam
2162 3942 2226 3996 iis
2263 3955 2385 4010 quae
2434 3941 2486 3994 in
2538 3943 2695 4009 aquis
2743 3940 2960 4003 vivunt,
2997 3941 3277 4010 primaque
3305 3939 3427 3993 vita:

1843 4036 2084 4091 subsidia
2131 4036 2384 4089 omnibus
2439 4035 2820 4102 copiOsissime
2881 4033 3104 4102 largmts
3147 4043 3266 4096 est,
3321 4047 3426 4086 non

1844 4125 2157 4193 cujusquam
2188 4124 2416 4193 imperio
2445 4124 2684 4184 detenta,
2727 4122 2887 4192 2'75
2915 4122 3165 4192 non'lege
3191 4125 3427 4176 circum-

1843 4219 2087 4287 scripta,
2133 4233 2239 4271 non
2296 4217 2494 4272 linibus
2541 4216 2829 4278 distincta;
2878 4217 2970 4268 sed
3017 4222 3070 4267 et
3123 4215 3428 4268 communia

1844 4312 2031 4364 eadem
2052 4349 2067 4373 ,
2102 4319 2157 4364 et
2185 4309 2363 4378 ampla
2401 4318 2565 4377 atque
2602 4308 2848 4374 copiosa,
2887 4322 2984 4360 nec
3013 4307 3114 4359 ulla
3146 4315 3428 4374 propterea

1845 4418 1906 4456 ex
1938 4413 2093 4472 parte
2124 4400 2430 4455 deﬁcientia
2459 4399 2770 4469 proposuit;
2821 4409 2932 4453 tum
2963 4408 3020 4452 ut
3045 4398 3302 4467 aequalem
3331 4411 3428 4450 na-

1845 4509 1979 4549 turae
2024 4494 2342 4563 dignitatem
2388 4493 2626 4548 muneris
2669 4491 2974 4561 aequalitate
3014 4499 3264 4556 ornaret,
3314 4500 3424 4544 tum

1845 4584 2278 4654 utbenignitatis
2308 4599 2419 4638 sua:
2453 4598 2586 4653 opes
2614 4584 2948 4636 ostenderet.
2981 4583 3048 4635 At
3074 4582 3318 4636 homines
3339 4622 3354 4645 .
3381 4582 3426 4636 si
3509 4627 3514 4636 .

1845 4693 2031 4730 aurum
2063 4686 2116 4730 et
2146 4685 2426 4745 argentum
2477 4686 2530 4729 et
2583 4674 2929 4728 mollissimas
2965 4688 3209 4742 quasque
3242 4689 3304 4727 ac
3333 4687 3425 4727 Su-

1846 4766 2073 4834 perﬂuas
2100 4776 2310 4828 vestes,
2355 4780 2704 4835 gemmasque
2747 4765 3077 4833 pellucidas,
3125 4771 3429 4834 caeteraque

1848 4859 1897 4910 id
1929 4872 2132 4927 genus,
2165 4871 2283 4925 qua:
2315 4857 2439 4911 belli
2483 4872 2547 4911 ac
2597 4857 2944 4911 dissidiorum
2975 4898 2991 4922 ,
3023 4859 3316 4927 primasque
3350 4865 3430 4926 ty-

135 4967 239 5023 της
269 4953 605 5023 τυραννίδος
632 4948 747 5006 ἐστὶ
783 4953 1137 5024 γνωρίσματα
1167 4952 1264 5021 (7),
1309 4951 1496 5003 ἔπειτα
1530 4948 1731 5022 αἴρουσι

1847 4949 2087 5002 rannidis
2117 4957 2433 5018 argumenta
2464 4957 2610 5011 sunt,
2641 4948 2694 5001 in
2727 4961 2926 5003 terram
2960 4925 3286 5011 abdiderint,
3315 4925 3428 5002 sta-

202 5069 411 5142 '_Gen.
441 5085 496 5129 ι,
638 5073 658 5102 ¹
686 5068 846 5125 Num.
875 5085 993 5135 xm,
1023 5073 1110 5128 29.
1191 5075 1210 5107 ³
1244 5075 1317 5128 Ex
1352 5074 1533 5142 Apost.
1574 5082 1741 5127 ronsl.
1787 5067 2102 5126 Clementis.
2183 5065 2203 5095 ‘
2232 5067 2395 5120 Amos
2418 5083 2536 5130 vni,
2568 5066 2623 5120 5.

135 5139 156 5157 '
185 5139 402 5193 Matth.
433 5154 483 5202 ν,
515 5139 604 5193 45.

209 5249 338 5320 (97)
371 5245 472 5303 το.
511 5253 670 5308 Deest
692 5255 745 5308 in
771 5253 906 5320 Reg.
931 5255 1040 5310 bm.
1076 5267 1128 5310 et
1158 5257 1251 5312 0r.
1280 5260 1336 5312 2.

208 5321 339 5399 (9§)
367 5321 695 5399 prﬁdiam.
729 5325 823 5399 0r.
852 5321 908 5388 Ξ,
923 5325 1178 5399 ῥνειδίσει
1207 5325 1414 5399 [male].

364 5393 591 5468 :Ayo’iq.
612 5393 745 5468 Reg.
779 5398 887 5460 bm,
921 5396 1179 5468 Μιχαίας.
1208 5392 1304 5452 sed
1330 5392 1630 5468 perperam.

206 5461 292 5538 (ί)
320 5461 856 5538 ³Εμπωλήοςώμεν.
873 5505 887 5519 .
907 5503 920 5517 .
955 5461 1306 5538 άῶἷοίξῳμεν.
1330 5461 1534 5525 Ῥίύτθε
1574 5470 1738 5538 Regg.

128 5543 190 5590 et
230 5535 337 5584 Or.
405 5531 460 5595 ‘2,
497 5531 960 5611 έμπωλῆσομεν...
1014 5531 1328 5610 ἀνοίξόμεν,
1380 5558 1399 5591 ι
1449 5531 1744 5612 ιιρεοιίέῦἱ-

129 5616 314 5660 mur..
352 5616 684 5666 aperiemus.
701 5627 718 5658 ι

208 5673 296 5744 (Ξ)
333 5674 649 5744 Μιχαίας-η
670 5677 760 5732 Sic
801 5693 932 5733 mss.
960 5687 1012 5733 et
1041 5679 1171 5732 edit.
1205 5679 1377 5734 Verba
1409 5689 1584 5736 tamen
1614 5692 1738 5735 sunt

129 5749 340 5822 Arnus.
382 5744 612 5822 idcirco,
672 5747 1092 5822 chDGregorius
1122 5751 1376 5822 memoria
1428 5751 1608 5821 lapsus
1633 5764 1736 5813 ess,

131 5818 220 5872 vel
264 5815 628 5882 antiquat'ius
665 5815 950 5877 scribendo
975 5819 1259 5876 aberravit.

2694 5065 2714 5096 ⁸
2745 5067 2909 5120 Amos
2940 5082 3012 5130 γι,
3046 5067 3096 5119 4.
3174 5067 3194 5094 ⁵
3221 5065 3342 5118 ibid.
3375 5066 3429 5120 6.

1915 5263 1993 5342 μῆ)
2024 5263 2171 5314 Νῦν.
2224 5260 2313 5314 Sic
2366 5260 2526 5331 Regg.
2571 5261 2772 5330 plures,
2825 5273 2876 5314 et
2918 5258 3011 5314 0r.
3063 5261 3118 5316 ἓ.
3173 5259 3328 5312 Deest
3379 5259 3429 5312 in

1845 5331 2460 5470 είὶὶῗῖΟΔιειργομέιοας.
2486 5402 2654 5455 Coisl.
2694 5401 2747 5465 1,
2776 5401 3145 5522 διειργμένας.

1921 5471 1996 5522 (5)
2041 5471 2248 5522 Τιιιών.
2282 5475 2352 5522 lla
2382 5488 2570 5522 omnes
2601 5471 2838 5522 codices.
2911 5469 3134 5522 lenduse

2041 5469 2352 5540 Τιμῶνζίιιι
2382 5488 2570 5526 omnes
2601 5471 2838 5526 codices.
2881 5469 3134 5525 Μειιιίυδϐ
3177 5471 3227 5524 itt
3275 5471 3430 5532 edit.,

1851 5545 2390 5682 ήμὶἴὶ)’7ὀιοι,ιιτω·...
2417 5626 2710 5676 (taceam.
2757 5611 2848 5682 Sic
2895 5609 3061 5682 chg.
3100 5626 3154 5674 a,
3204 5612 3312 5673 lim,
3342 5611 3436 5682 pit.

1853 5683 1906 5734 ltt
1937 5679 2123 5748 editis,
2156 5683 2437 5734 τοιοῦτο...
2475 5681 2728 5734 στάσεων.
2755 5681 2810 5734 In
2854 5679 3171 5749 quibusdam
3193 5721 3207 5747 ,
3249 5679 3434 5736 τοσοῦ⁶
3463 5693 3482 5706 ³

1864 5771 1942 5804 εον

1921 5821 1992 5874 l7)
2020 5823 2428 5891 Γνωρίσματα.
2463 5819 2553 5876 Or.
2592 5820 2648 5887 2,
2677 5822 2980 5891 γνώρισμα.
