3844 6390
489 347 586 403 891

1691 347 1749 402 S.
1789 345 2120 401 GREGORII
2162 344 2505 402 THEOLOGI

3616 349 3696 403 89?.

493 464 587 516 tim
619 459 966 528 supercilium
997 473 1105 524 prae
1127 461 1364 514 amentia
1389 460 1603 528 tollunt,
1629 461 2061 530 calamitosisque

2178 459 2262 531 τὴν
2292 461 2464 530 ὀφρὺν
2489 457 2593 512 ὑπὸ
2614 457 2688 528 (8)
2714 457 2914 522 ἀνοίας,
2951 458 3043 511 καὶ
3067 459 3178 519 τοῖς
3202 457 3457 528 ἀτυχοῦσι
3479 458 3576 511 τῶν
3597 477 3698 529 σόγ-

487 551 730 622 cngnatis
764 549 1189 603 misericordiam
1223 551 1511 606 occludunt
1533 594 1547 618 ,
1578 568 1696 606 cum
1741 569 1839 608 nec
1868 569 1931 608 ex
1968 567 2060 605 su-

488 642 705 712 pcrﬂttis
756 641 971 708 quidem
1026 640 1190 692 rebus
1247 642 1312 693 ad
1375 643 1711 727 necessarios
1757 645 1878 696 vita:
1931 656 2060 695 usus

485 749 641 802 opem
685 733 816 798 ipsis
853 732 996 785 ferre
1025 732 1076 784 in
1114 733 1353 784 animum
1389 733 1757 806 i_nducant,(o
1787 736 2058 805 ingentem

487 825 814 879 stultitiam!
855 839 887 877 0
916 824 1240 893 singularem
1268 818 1648 895 vecordiam!)
1711 843 1829 890 nec,
1859 828 1902 880 si
1928 827 2059 880 nihil

486 918 629 971 aliud
659 959 673 981 ,
715 918 839 970 illud
889 918 1103 986 quidem
1153 917 1430 985 cogitent,
1482 921 1623 987 quod
1678 929 1966 988 paupertas
2007 929 2060 972 et

486 1010 688 1063 divitiae
710 1048 724 1069 ,
763 1008 1124 1076 libertasque,
1165 1018 1221 1060 ut
1256 1007 1610 1075 appellamus,
1639 1018 1693 1063 et
1716 1011 1969 1072 servitus,
1999 1024 2061 1062 ac

487 1112 682 1154 cmteru
730 1100 890 1167 hujus
930 1101 1144 1167 generis
1194 1099 1444 1165 nomina,
1486 1111 1670 1169 postea
1701 1102 1752 1155 in
1785 1101 2057 1156 hominum

488 1210 694 1261 genus,
727 1194 885 1246 simul
918 1209 1040 1247 cum
1073 1194 1202 1245 vitio
1251 1196 1623 1261 irrepserunt,
1659 1209 1766 1247 non
1813 1208 1967 1248 secus
1997 1209 2059 1247 ac

487 1287 804 1336 comm'ttnes
835 1283 1006 1335 morbi
1038 1284 1279 1350 quidam,
1317 1285 1527 1351 illapsa,
1558 1292 1721 1351 atque
1748 1284 1816 1336 ab
1851 1283 1943 1337 illo
1975 1283 2057 1336 in-

485 1385 666 1428 venta.
701 1376 740 1455 ,ιδ
775 1377 1030 1443 principio
1055 1389 1262 1439 autent,
1291 1376 1466 1444 inquit
1494 1375 1602 1440 ille,
1636 1392 1736 1428 non
1771 1374 1869 1443 fuit
1894 1375 2007 1427 εἰεδ
2045 1399 2056 1428 ;

486 1479 672 1518 verum
719 1466 793 1529 is,
830 1467 916 1534 qui
952 1467 1222 1520 hominem
1266 1467 1498 1535 primum
1551 1467 1791 1529 creavit,
1831 1466 2056 1519 liberum

485 1574 651 1622 etuu,
701 1557 892 1622 suique
927 1556 1135 1609 arbitrii
1176 1557 1435 1626 reliquit,
1489 1556 1600 1610 sola
1659 1552 1896 1609 mandati
1944 1555 2060 1625 lege

487 1648 824 1708 coercitmn,
860 1658 1021 1715 atque
1063 1648 1116 1700 in
1163 1648 1398 1715 paradisi
1441 1646 1653 1701 deliciis
1698 1647 2055 1715 opulentum:

487 1741 738 1807 idemque
782 1741 990 1806 reliquo
1031 1740 1339 1793 mortalium
1387 1740 1569 1808 generi
1606 1755 1701 1808 per
1733 1755 1895 1793 unum
1931 1739 2057 1792 illud

2161 552 2333 619 γενῶν
2366 552 2455 604 τὸν
2485 549 2630 603 ἔλεον
2659 551 3055 612 ἀποκλείουσιν,
3081 550 3201 604 οὐδὲ
3223 553 3336 613 τοῖς
3365 555 3622 620 περιττοῖς
3640 558 3698 618 εἰς

2161 648 2227 700 τά
2251 648 2520 715 ἀναγκαῖα
2547 644 2754 714 βοηθεῖν
2785 644 3048 708 θέλοντες,
3073 643 3137 714 (ὦ
3155 645 3252 714 τῆς
3273 643 3642 719 ἀπαιδευσίαςῐ
3668 647 3701 698 ὦ

2160 740 2257 808 τῆς
2284 738 2628 809 σκαιότητοςί
2655 736 2673 806 )
2729 735 2833 788 οὐδ’
2880 737 2928 788 εἰ
2961 738 3033 806 μή
3065 753 3116 788 τι
3145 735 3288 798 ἄλλο,
3309 736 3485 788 ἐκεῖνό
3505 752 3561 803 γε
3587 737 3703 789 ἐνθυ-

2165 830 2440 900 μούμενοι,
2485 829 2565 881 ὅτι
2611 827 2766 880 πενία
2812 826 2904 878 καὶ
2950 826 3195 892 πλοῦτος,
3234 826 3519 896 ἐλευθερία
3561 831 3702 900 τε,ἧν

2161 937 2358 989 φαμεν,
2401 919 2493 972 καὶ
2526 916 2758 980 δουλεία,
2795 918 2884 968 καὶ
2918 917 2986 968 τά
3024 915 3246 968 τοιαῦτα
3292 914 3401 968 τῶν
3435 917 3701 985 ὀνομάτων,

2163 1010 2283 1062 ῦστε
2295 1027 2384 1081 ρον
2425 1006 2711 1076 ἐπεισῆλθε
2745 1007 2823 1077 τῷ
2864 1007 3009 1075 γένει
3043 1005 3150 1058 τῶν
3184 1006 3504 1077 ἀνθρώπων,
3547 1007 3701 1079 ὥσπερ

2161 1104 2570 1175 ἀρρωστήματα
2603 1100 2758 1153 κοινά
2777 1117 2897 1152 τινα
2922 1099 2996 1170 (9)
3020 1103 3083 1169 τῇ
3107 1099 3271 1169 κακία
3293 1099 3700 1159 συνεισπεσόντει,

2162 1193 2416 1263 κάκείνης
2463 1191 2592 1244 ὄντα
2647 1192 2989 1261 ἐπινοήματα
3049 1191 3181 1260 (10).
3240 1190 3354 1242 Ἀπ’
3397 1187 3584 1257 ἀρχῆς
3630 1188 3697 1251 δέ,

2162 1287 2346 1355 φησὶν,
2377 1286 2447 1337 οὺ
2474 1282 2720 1352 γέγονεν
2749 1283 2962 1348 οὕτως·
2991 1282 3104 1336 ἀλλ’
3131 1285 3160 1335 ό
3185 1282 3396 1345 πλάσας
3435 1282 3527 1334 ἀπ’
3557 1281 3698 1351 ἀρχῆς

2159 1376 2249 1428 τὸν
2274 1373 2579 1446 ἄνθρωπον,
2607 1373 2889 1444 ἐλεύθερον
2929 1374 3108 1444 ἀφῆκε
3139 1374 3232 1426 καὶ
3256 1371 3605 1436 αὐτεξούσιον,
3629 1372 3697 1423 νό-

2164 1482 2247 1534 μῳ
2286 1465 2363 1535 τῷ
2389 1466 2485 1535 τῆς
2513 1463 2733 1534 ἐντολῆς
2767 1465 2910 1534 μόνῳ
2941 1464 3329 1534 κρατούμενον,
3359 1464 3452 1517 καὶ
3484 1462 3696 1518 πλούσιον

2161 1557 2217 1608 ὲν
2251 1556 2573 1626 παραδείσου
2597 1558 2776 1626 τρυφῇ
2805 1571 2819 1584 ·
2851 1554 3006 1606 τοῦτο
3028 1556 3121 1606 καὶ
3157 1554 3234 1625 τῷ
3252 1553 3423 1623 λοιπῴ
3454 1554 3586 1621 γένει
3613 1555 3697 1606 τῶν

2161 1646 2460 1718 ἀνθρώπων
2492 1647 2770 1716 βουληθείς
2805 1663 2865 1698 τε
2893 1647 2985 1699 καὶ
3011 1648 3378 1718 χαρισάμενος
3401 1647 3468 1698 δι’
3485 1646 3601 1710 ⁴ἑνὸς
3623 1647 3694 1699 τοῦ

2162 1737 2378 1809 πρώτου
2409 1737 2742 1809 σπέρματος,
2779 1737 3088 1807 Ἐλευθερία
3109 1738 3164 1790 δὲ
3188 1738 3278 1790 καὶ
3302 1736 3543 1799 πλοῦτος,
3570 1740 3597 1807 ἡ
3621 1739 3696 1808 τῆς

485 1833 718 1898 primum
753 1846 934 1884 semen
972 1831 1197 1899 largitus
1229 1839 1330 1885 est.
1363 1829 1612 1884 Libertas
1645 1845 1806 1900 porro
1838 1840 1894 1885 et
1925 1831 2059 1886 divi-

2178 1805 2386 1898 ἐντολῆς
2415 1805 2565 1899 μόνη
2584 1828 2696 1898 (11)
2723 1829 2954 1899 τήρησις
2985 1805 3052 1897 ἦν
3079 1845 3090 1857 ·
3127 1829 3286 1880 πενία
3329 1826 3386 1880 δὲ
3416 1805 3604 1897 ἀληθὴς
3625 1805 3696 1880 uti:

485 1922 634 1976 vitia;
670 1923 720 1974 in
745 1921 854 1974 sola
887 1921 1125 1975 mandati
1157 1923 1533 1976 observatione
1563 1922 1680 1976 sitae
1709 1931 1901 1989 erant;
1932 1937 2059 1978 vera

486 2020 666 2063 autem
697 2022 984 2078 paupertas
1013 2022 1068 2065 et
1090 2012 1324 2064 servitus
1357 2012 1408 2064 in
1440 2011 1580 2065 illius
1611 2013 2058 2082 transgressione.

564 2099 755 2157 XXVI.
795 2102 871 2154 lix
901 2116 1006 2169 quo
1031 2113 1210 2156 autem
1248 2103 1446 2156 invidia
1483 2111 1536 2156 et
1569 2103 1978 2168 contentiones,
2009 2115 2062 2156 et

483 2193 707 2246 subdola
753 2195 1020 2261 serpentis
1048 2196 1313 2264 tyrannis,
1341 2209 1435 2263 per
1459 2195 1750 2263 voluptatis
1779 2195 2061 2248 illecebras

484 2283 671 2336 furtim
732 2299 830 2338 nos
885 2299 1100 2352 semper
1154 2286 1475 2351 attrahens,
1533 2293 1693 2353 atque
1747 2284 2062 2338 audaciores

486 2375 746 2429 adversus
791 2377 1121 2430 inﬁrmiores
1166 2377 1484 2440 concitans,
1524 2375 1578 2429 in
1625 2375 1791 2428 vitam
1836 2376 2064 2444 irrepse-

485 2475 645 2531 runt,
687 2467 754 2520 ab
788 2483 851 2521 eo
890 2476 1134 2536 tempore
1179 2469 1231 2521 in
1273 2468 1549 2522 nominum
1591 2467 1932 2521 diversitates
1967 2481 2063 2521 eo-

483 2566 702 2626 gaatum
734 2572 900 2625 genus
924 2559 1211 2612 dissectum
1237 2568 1344 2621 est,
1374 2574 1438 2612 ac
1487 2567 1698 2613 naturae
1728 2557 2062 2612 nobilitatem

485 2646 714 2698 avaritia
769 2645 1016 2713 discidit,
1066 2647 1235 2716 legem
1268 2649 1430 2703 etiam
1465 2661 1783 2713 assumens,
1810 2646 2062 2715 potentia.-

486 2749 650 2801 atque
712 2737 924 2808 imperii
981 2739 1320 2808 adjutricem.
1391 2744 1458 2794 At
1516 2750 1569 2793 tu
1631 2739 1860 2808 primam
1918 2738 2061 2794 illaut

484 2828 928 2897 aequabilitatem,
963 2846 1067 2884 non
1098 2831 1792 2900 pustremamdivisionem,
1819 2833 2062 2897 intuere;

484 2920 784 2986 Creatoris,
817 2937 923 2976 non
960 2924 1307 2992 potentioris,
1347 2924 1517 2994 legem
1552 2925 1647 2979 tibi
1667 2939 1924 2993 propone.
1955 2922 2064 2977 Na-

486 3023 620 3064 turae
644 3028 739 3080 pro
773 3014 977 3068 viribus
1002 3029 1267 3068 succurre
1289 3055 1303 3078 ,
1334 3025 1572 3069 veterem
1622 3014 1927 3069 libertatem
1964 3014 2063 3068 ho-

2161 1920 2393 1984 δουλεία,
2427 1922 2459 1990 ἡ
2486 1919 2684 1990 ταύτης
2709 1919 3038 1990 παράϐασις.

2233 2102 2377 2166 KQ".
2423 2091 2620 2169 Ἀφόῦ
2653 2099 2709 2153 δὲ
2741 2097 2852 2168 (12)
2885 2098 2978 2151 καὶ
3006 2096 3207 2166 φθόνοι,
3234 2098 3328 2150 καὶ
3360 2095 3547 2166 ἔριδες,
3576 2096 3698 2166 καὶὴ

2162 2191 2355 2262 δολερά
2386 2192 2478 2245 τοῦ
2507 2191 2688 2260 ὄφεως
2719 2191 2993 2260 τυραννὶς,
3025 2188 3110 2241 ἀεὶ
3138 2187 3215 2258 τῷ
3237 2187 3405 2258 λίχνῳ
3433 2187 3525 2257 τῆς
3546 2186 3701 2257 ἡδονῆς

2165 2280 2531 2352 ὑποσύρουσα,
2559 2280 2653 2333 καὶ
2674 2279 3017 2334 ὲπανιστῶσα
3052 2278 3162 2348 (15)
3191 2280 3302 2340 τοῖς
3336 2277 3701 2346 ἀσθενεστέροις

2163 2375 2287 2435 τοὺς
2310 2372 2696 2444 θρασυτέρους,
2731 2373 2938 2444 ὲρῤἀγη
2977 2372 3038 2425 τὸ
3066 2371 3323 2439 συγγενὲς
3361 2370 3441 2431 είς
3467 2369 3703 2438 ὀνομάτων

2163 2463 2597 2534 ἀλλοτριότητας,
2655 2463 2748 2520 καὶ
2799 2462 2859 2514 τὸ
2899 2463 3000 2532 τῆς
3041 2463 3254 2532 φύσεως
3282 2460 3500 2528 εὐγενὲς
3522 2459 3704 2512 πλεονε-

2168 2554 2254 2620 ξία
2291 2554 2402 2624 (1-1)
2437 2554 2724 2625 κατέτεμε,
2761 2552 3141 2625 προσλαϐοῦσα
3175 2553 3268 2606 καὶ
3294 2551 3480 2641 ηόμον,
3517 2551 3608 2621 τῆς
3633 2551 3708 2602 δυ-

2167 2648 2421 2710 ναστείας
2449 2647 2638 2700 ὲπίκου
2649 2663 2758 2718 ρον.
2801 2647 2959 2699 Ἀλλά
2985 2646 3048 2699 σὺ
3075 2646 3234 2716 βλέπε
3270 2663 3359 2714 μοι
3395 2644 3492 2716 τὴν
3520 2643 3709 2715 πρώτην

2170 2737 2446 2809 ἰσονομίαν
2483 2738 2614 2809 (15),
2657 2739 2730 2810 μὴ
2762 2739 2860 2810 τὴν
2888 2739 3200 2792 τελευταίαν
3223 2738 3482 2810 διαίρεσιν
3501 2755 3514 2767 ·
3544 2739 3611 2807 μὴ
3635 2737 3711 2789 τὸν

2165 2828 2259 2881 τοῦ
2303 2832 2676 2901 κρατήσαντος
2728 2831 2917 2901 νόμον,
2963 2831 3099 2884 ἀλλά
3159 2830 3250 2884 τὸν
3291 2829 3388 2882 τοῦ
3439 2830 3708 2890 κτίσαντος.

2167 2922 2438 2992 Βοήθησον
2464 2923 2605 2976 κατὰ
2624 2923 2853 2993 δύναμιν
2885 2926 2949 2994 τῇ
2975 2922 3155 2993 φύσει,
3191 2922 3290 2993 τὴν
3317 2921 3546 2992 ἀρχαίαν
3579 2920 3702 2972 ἐλευο

2167 3014 2352 3082 θερίαν
2399 3012 2647 3084 τίμησον,
2697 3013 2971 3084 αἰδέσθητι
3023 3012 3237 3077 σαυτὸν,
3278 3011 3612 3080 συγκάλυψον
3649 3009 3713 3078 τῷ

484 3118 622 3157 nore
645 3119 994 3173 prosequere,
1017 3106 1244 3174 teipsum
1271 3121 1480 3172 verere,
1507 3106 1856 3176 ignominiam
1880 3105 2061 3176 generi

2178 3105 2312 3173 γένει
2350 3105 2448 3177 τὴν
2498 3105 2740 3176 ἀτιμίαν,
2775 3106 3081 3178 ἐπάρκεσον
3117 3107 3181 3176 τῇ
3220 3104 3381 3174 νόσῳ,
3411 3104 3507 3172 τὴν
3540 3101 3713 3154 ἔνδειαν

489 3206 582 3247 tuo
631 3207 895 3266 contege,
947 3200 1139 3251 morbo
1191 3197 1456 3263 subveni,
1523 3199 1752 3268 egestati
1815 3199 2061 3253 solatium

485 3286 621 3340 affer
648 3304 662 3340 :
694 3287 784 3356 qui
819 3289 974 3340 lirmo
1006 3303 1238 3356 corpore
1273 3304 1355 3352 es,
1382 3289 1684 3358 opibusque
1715 3287 2062 3354 circumﬂuis,

485 3379 765 3447 {egrotanti
817 3389 871 3433 et
916 3379 1101 3448 inopi;
1157 3381 1246 3449 qui
1301 3381 1524 3434 minime
1555 3381 1719 3451 276
1761 3380 2063 3445 oﬂ‘endisti,

491 3469 733 3537 collapso
776 3478 829 3524 et
860 3473 1226 3537 comminuto;
1273 3471 1364 3540 qui
1419 3472 1539 3526 laeto
1587 3484 1641 3526 et
1689 3473 1846 3526 hilari
1887 3473 2067 3527 animo

492 3574 578 3625 es,
615 3561 866 3614 mmrenti
899 3571 951 3614 et
985 3560 1215 3622 aﬂlicto;
1261 3535 1350 3630 qdi
1393 3564 1556 3618 rebus
1597 3563 1848 3619 secundis
1877 3565 2064 3631 uteris,

489 3650 736 3704 adversis
772 3651 1055 3705 laboranti.
1108 3652 1216 3706 Deo
1267 3655 1620 3722 gratitudinis
1665 3670 1826 3718 causa
1867 3653 2065 3724 aliquid

491 3744 693 3807 tribue,
725 3743 868 3811 quod
891 3759 954 3797 ex
980 3732 1167 3798 eorum
1195 3761 1420 3800 numero
1446 3746 1541 3812 sis,
1570 3746 1662 3814 qui
1690 3747 1756 3800 de
1786 3746 1908 3801 aliis
1932 3748 2070 3800 bene

491 3837 689 3890 mereri
721 3846 968 3907 possunt,
1001 3854 1105 3892 non
1141 3837 1233 3906 qui
1270 3838 1497 3892 aliorum
1532 3838 1887 3893 beneficentia
1933 3852 2068 3907 opus

491 3928 762 3993 habeant;
803 3929 945 3998 quod
981 3943 1087 3981 non
1123 3929 1174 3981 in
1216 3929 1425 3983 alienas
1454 3945 1646 3983 manus
1671 3929 1857 3984 oculos
1887 3928 2071 3996 conje-

493 4028 613 4074 ctos
641 4021 891 4090 habeasA
923 4022 1018 4076 sed
1065 4021 1153 4074 alii
1204 4022 1256 4075 in
1299 4032 1435 4077 tuas.
1484 4023 1558 4076 Da
1590 4037 1844 4090 operam,
1883 4032 1938 4075 ut
1967 4035 2069 4076 non

495 4063 613 4074 ην..
641 4063 842 4075 .....,.,...,
923 4063 1018 4076 ..νυ
1065 4063 1153 4074 .....
1300 4063 1435 4077 ......,.
1484 4063 1558 4076 υ..
1590 4063 1844 4090 ..νυ-..η
1967 4063 2069 4076 ..νη

494 4110 668 4165 solum
701 4063 894 4180 opib’s
922 4151 936 4175 ,
974 4112 1067 4166 sed
1094 4111 1258 4166 etiam
1294 4113 1522 4180 pietate,
1566 4129 1669 4168 non
1708 4113 1879 4167 solum
1917 4128 2103 4176 auro,-

493 4202 588 4256 sed
625 4201 786 4256 etiam
840 4203 1074 4268 virtute,
1123 4203 1231 4258 imo
1282 4204 1479 4258 virtute
1529 4204 1640 4258 sola
1688 4203 1765 4258 sis
1815 4204 2069 4273 locuples.

401 4330 406 4334 -
492 4294 633 4347 Cura
670 4302 729 4348 ιιι
758 4295 1006 4362 proximo
1050 4304 1144 4350 tuo
1180 4294 1381 4348 idcirco
1419 4296 1766 4363 praestantior
1799 4297 1910 4358 sis,
1948 4296 2072 4363 quia

491 4380 794 4451 benignior.
827 4383 939 4438 Fac
965 4383 1285 4438 calamitose
1313 4384 1389 4439 sis
1414 4386 1548 4439 deus
1569 4425 1584 4450 ,
1633 4384 1727 4439 Dei
1767 4385 2074 4439 misericor-

493 4472 635 4526 diam
675 4473 960 4530 imitando.

563 4561 778 4618 XXVII.
833 4565 978 4620 Nihil
1025 4567 1167 4621 enim
1207 4575 1315 4620 tam
1363 4567 1600 4622 divinum
1653 4566 1816 4621 homo
1865 4566 2064 4631 habet,

570 4743 591 4774 ⁸
621 4742 812 4798 Matth.
846 4758 961 4808 xix,
987 4743 1041 4803 8.

566 4922 639 4991 (8)
682 4922 846 4975 ’Υπά
879 4921 1010 4988 Reg.
1037 4924 1090 4982 tl,
1124 4923 1252 4979 ἀπό.

566 4993 641 5061 (9)
677 4991 856 5045 Κοινίὶ
886 5007 1037 5044 τινα.
1064 4994 1153 5045 Sic
1178 4995 1354 5058 plures
1379 4992 1546 5062 ltegg.
1569 4991 1748 5060 plures
1773 4994 1948 5060 Colb.,
1971 4992 2067 5049 0r.

490 5063 547 5128 2,
575 5075 680 5116 etc.
715 5063 866 5114 Deest
898 5078 1018 5114 τινα
1051 5065 1099 5114 in
1137 5062 1429 5125 nonnullis,
1465 5074 1517 5116 et
1548 5065 1702 5116 κοινά
1726 5065 1776 5117 in
1807 5065 1938 5120 edit.

494 5202 541 5258 Β
567 5131 676 5202 (10)
706 5131 1000 5199 Κάκείνης
1031 5131 1174 5185 ὄντα
1204 5132 1590 5201 ἐπινοήματα.
1623 5133 1747 5188 Ηωο
1791 5137 1982 5188 desunt
2018 5134 2069 5187 in

547 5217 629 5258 υα.
657 5220 706 5258 il.

547 5217 706 5264 υα.η.

593 5273 678 5337 11)
708 5273 895 5338 Μόνη.
924 5272 1089 5340 Deest
1122 5273 1172 5324 in
1204 5271 1446 5340 pluribus
1469 5273 1625 5326 codd.

593 5273 678 5337 11)
708 5273 895 5338 Μόνη.
931 5273 1089 5325 Deest
1122 5273 1172 5324 in
1204 5273 1446 5340 pluribus
1469 5273 1625 5326 codd.

568 5273 681 5410 (1:2)
712 5342 829 5409 Ἀφ’
877 5337 948 5394 οὗ
984 5340 1068 5397 δέ.
1126 5342 1216 5395 Sic
1265 5343 1428 5409 ltegg.
1474 5343 1584 5402 bm,
1615 5344 1703 5409 ph,
1734 5341 1826 5397 Or.
1858 5344 1912 5408 Ξ,
1965 5355 2070 5396 etc.

500 5411 687 5464 Billius
720 5410 947 5482 supplet,
991 5411 1442 5482 παρεφθάρησαν,
1481 5431 1499 5462 α
1543 5413 1794 5482 ἰιιᾷνὶιειιιι
1838 5416 2074 5482 irrepse-

499 5491 646 5548 runt,
671 5500 688 5530 ι
730 5480 880 5551 (imo,
921 5481 971 5533 iu
1002 5480 1186 5536 vitium
1219 5481 1420 5550 delapsi
1455 5480 1631 5552 sunt,]
1659 5486 1800 5550 quod
1846 5480 2076 5539 non—ha-

501 5553 620 5604 bent
653 5555 885 5604 codices.

573 5620 685 5706 (15)
735 5619 1165 5675 Ἐπανιστῶσα.
1205 5621 1367 5692 Regg.
1419 5638 1471 5685 a,
1505 5624 1614 5687 bm,
1651 5633 1703 5676 et
1733 5623 1866 5679 Jes..
1915 5626 2080 5677 ἐπαν-

504 5706 717 5744 ιστασα.

577 5759 688 5829 (11)
719 5763 1060 5828 "daorsis/.21,
1099 5773 1200 5818 etc.
1243 5780 1260 5812 ‹
1295 5761 1479 5833 Iniqua
1508 5765 1609 5831 vis,
1655 5764 1884 5820 habendi
1927 5765 2078 5833 cupi-

2168 3194 2562 3265 παραμύθησαι
2584 3210 2598 3223 ο
2631 3196 2659 3247 ὁ
2691 3194 2978 3266 εὐρωστῶν
3010 3193 3142 3266 (16),
3165 3196 3192 3247 ὁ
3222 3193 3488 3256 πλουτῶν,
3512 3194 3604 3261 τὴν
3636 3189 3712 3243 τοῦ

2168 3287 2466 3352 νοσοῦντος,
2503 3287 2600 3358 τὴν
2627 3287 2737 3358 (17)
2765 3286 2854 3340 τοῦ
2887 3287 3211 3358 πενομένου·
3242 3289 3270 3339 ό
3315 3286 3388 3357 μὴ
3437 3285 3706 3356 προσπταί-

2169 3397 2285 3444 σας,
2315 3380 2414 3450 τὴν
2437 3379 2530 3432 τοῦ
2559 3380 2815 3442 πεσόντος
2838 3381 2932 3433 καὶ
2968 3379 3341 3451 συντριϐέντος
3365 3397 3376 3409 ·
3409 3381 3437 3431 ὁ
3469 3377 3712 3445 εὐθυμῶν,

2165 3470 2264 3540 τὴν
2325 3470 2416 3523 τοῦ
2487 3470 2822 3541 ἀθυμοῦντος
2855 3489 2868 3503 ·
2912 3475 2940 3525 ὀ
2999 3476 3110 3536 τοῖς
3169 3471 3363 3537 δεξιοῖς
3420 3469 3716 3540 εὐθηνούμε-

2167 3579 2254 3625 νος
2310 3562 2443 3634 (18),
2496 3564 2590 3615 τοῦ
2638 3563 2748 3626 τοῖς
2801 3563 3112 3635 ἀριστέροις
3168 3563 3488 3633 κάμνοντος.
3545 3562 3631 3623 Δός
3673 3577 3714 3610 τι

2169 3653 2244 3724 τῷ
2283 3654 2392 3724 (19)
2424 3654 2541 3724 Θεῷ
2573 3655 2942 3726 χαριστήριον,
2971 3655 3052 3706 ὅτι
3085 3654 3188 3706 τῶν
3229 3650 3286 3706 εὖ
3320 3656 3492 3706 ποιεῖν
3512 3650 3714 3722 δυναμέ-

2169 3764 2273 3800 νων
2300 3747 2506 3815 ὲγένου,
2534 3747 2645 3799 ἀλλ’
2673 3751 2733 3801 οὐ
2763 3748 2871 3800 τῶν
2899 3743 2956 3800 εὖ
2991 3747 3182 3800 παθεῖν
3222 3747 3490 3817 δεομένων
3509 3763 3520 3775 ·
3555 3747 3627 3798 δτι
3656 3743 3718 3813 μὴ

2172 3840 2385 3911 βλέπεις
2416 3839 2528 3908 (20)
2567 3843 2646 3904 είς
2680 3840 2961 3911 ἀλλοτρίας
3003 3841 3210 3908 χεῖρας,
3249 3837 3362 3890 ἀλλ’
3394 3839 3473 3899 είς
3508 3836 3599 3899 τὰς
3634 3835 3716 3894 σὰς

2169 3933 2368 4003 ἕτεροι.
2411 3932 2719 4004 Πλούτησον
2763 3933 2836 4003 μὴ
2875 3931 3194 4002 περιουσίαν
3242 3931 3424 4001 μόνον,
3464 3928 3592 3982 ἀλλά
3640 3926 3718 3980 καὶ

2173 4025 2457 4079 εὐσέϐειαν
2481 4043 2494 4056 ·
2535 4026 2609 4096 μὴ
2643 4026 2702 4077 τὸ
2730 4026 2950 4096 χρυσίον
2977 4023 3156 4094 μόνον,
3193 4022 3329 4076 ἀλλά
3359 4023 3452 4075 καὶ
3485 4021 3575 4090 τὴν
3607 4021 3714 4088 ἀρε-

2171 4116 2302 4186 τὴν,
2355 4116 2552 4186 μᾶλλον
2587 4116 2642 4168 δὲ
2683 4116 2888 4186 ταύτην
2927 4115 3084 4186 μόνον
3119 4114 3253 4184 (Ἃ).
3288 4112 3451 4166 Γενοῦ
3486 4111 3576 4164 τοῦ
3605 4109 3718 4176 πλη-

2177 4208 2290 4260 σίον
2329 4206 2673 4278 τιμιώτερος,
2722 4210 2785 4261 ὲκ
2819 4207 2913 4260 τοῦ
2949 4207 3184 4276 φανῆναι
3219 4205 3602 4276 χρηστότεροςο
3649 4218 3719 4267 γε·

2175 4297 2264 4349 νοῦ
2303 4297 2381 4368 τῷ
2432 4297 2720 4368 ἀτυχοῦντι
2758 4297 2898 4362 θεὸς,
2953 4299 3043 4350 τὸν
3083 4297 3227 4350 ἔλεον
3262 4295 3398 4348 Θεοῦ
3435 4291 3718 4366 μιμησάμε·

2176 4406 2282 4450 νος.

2247 4575 2372 4626 ΚΖ’.
2416 4571 2582 4628 Οὐδὲν
2617 4578 2724 4647 γὰρ
2749 4574 2940 4639 οὕτως,
2965 4575 3121 4638 ὡς’τδ
3151 4571 3207 4628 εὗ
3245 4573 3438 4639 ποιεῖν,
3468 4571 3717 4642 ἄνθρωπος

2179 4925 2338 4978 ditas.
2376 4943 2393 4974 ι
2437 4924 2531 4977 llic
2556 4924 2694 4977 enim
2733 4939 2910 4976 sermo
2939 4933 3016 4977 est
3040 4922 3182 4977 de.vi
3211 4922 3443 4992 publica,
3484 4935 3583 4990 qua
3630 4933 3724 4986 pri-

2181 5011 2344 5047 tnaeva
2377 4995 2596 5048 libertas
2631 5009 2884 5060 oppressa
2912 5005 3011 5046 est.

2182 5135 2195 5186 ἰ
2249 5063 2751 5203 (15)”Ιιῖονομίαν.
2800 5063 2966 5134 negg.
3011 5079 3064 5129 a,
3100 5078 3150 5117 c.
3186 5061 3243 5127 d,
3286 5061 3560 5132 ίσοτομίαν
3605 5059 3724 5131 [lege

2203 5151 2448 5201 σοτιμιαν
2482 5175 2494 5186 .
2774 5202 2782 5203 η
3113 5202 3120 5203 7
3205 5202 3211 5203 γ
3427 5200 3445 5203 Ἰ
3539 5199 3553 5203 -
3647 5197 3658 5203 ᾳ
3691 5193 3704 5203 ‘

2279 5193 2358 5269 16)
2389 5193 2738 5270 Εὗρωστῶν.
2772 5202 2932 5269 Rege.
2966 5219 3069 5268 a,c,
3094 5200 3486 5272 ι1,εύῤῥιυστῶν
3537 5193 3723 5271 [male].

2277 5274 2362 5337 17)
2401 5275 2541 5337 Τήν.
2577 5278 2728 5326 Dcesl
2761 5279 2808 5324 in
2846 5276 3008 5340 liegg.
3039 5291 3088 5332 ιι,
3127 5274 3236 5339 bm,
3271 5274 3362 5339 ph.

2254 5337 2366 5412 (18)
2401 5345 2877 5412 Εὺθηινούμενος.
2919 5337 3004 5395 Sic
3035 5343 3196 5410 ltegg.
3222 5337 3385 5412 ale,
3426 5341 3482 5412 d,_
3521 5341 3626 5401 bin,
3649 5337 3724 5404 pb.
3797 5364 3803 5368 -

2185 5409 2348 5468 Coisl.
2381 5414 2433 5472 5,
2459 5427 2510 5482 et
2541 5409 2650 5468 Jes.
2677 5409 2842 5472 Editt,
2874 5412 3258 5482 εύθυνούμενος
3301 5409 3504 5482 [unde].

2260 5485 2370 5550 (19)
2406 5481 2512 5547 Τῷ.
2548 5485 2705 5536 Deest
2740 5484 2790 5534 in
2827 5485 3087 5552 pluribus.

2259 5543 2668 5622 (21))Βλέπεις.
2705 5553 2795 5605 Sic
2827 5543 3000 5621 Ἆρες.
3037 5568 3100 5616 a,
3139 5552 3250 5616 bm,
3296 5565 3345 5615 c,
3386 5552 3436 5614 ιι,
3473 5559 3528 5602 et
3559 5545 3647 5601 0r.
3680 5543 3724 5595 Ξ.

2189 5621 2244 5675 In
2272 5621 2404 5694 dedit.
2441 5623 2640 5694 βλέπῃς
2672 5623 3024 5694 [perperatlt[.
3148 5691 3156 5694 Α
3333 5689 3372 5694 __
3497 5690 3509 5694 Α
3647 5693 3651 5694 ν
3689 5683 3692 5688 .

2261 5693 2372 5760 (21)
2399 5689 2651 5746 Mill-0'1-
2673 5689 2760 5746 ’δὲ
2795 5689 3037 5758 ’ταύτην
3077 5691 3285 5759 μόνον.
3333 5689 3449 5744 [hcc
3478 5690 3659 5743 desunt
3685 5697 3728 5733 ιιι

2191 5763 2456 5832 plcriSque
2490 5764 2642 5817 Cedd.

3746 4821 3773 4886 ι
