3892 6522
120 426 213 486 833

1028 434 1284 491 ORATIO
1321 437 1462 493 XIV.
1504 471 1567 481 —-
1613 441 1699 494 DE
1742 440 2117 501 PAUPERUM
2155 447 2411 503 AMORE.

3246 448 3350 503 89$

122 555 214 622 ἔχει
253 554 392 607 Θεοῦ
416 573 432 586 ε
475 555 578 609 κᾶν
618 559 648 610 ὁ
680 557 792 623 (29.)
831 558 927 627 μὲν
971 559 1161 628 μείζω,
1199 562 1291 614 καὶ
1328 564 1355 614 ὁ
1396 562 1450 616 δὲ
1484 563 1690 617 ἐλάττω

1804 587 1954 641 quam
1988 573 2052 624 de
2085 571 2206 626 aliis
2235 571 2372 625 bene
2399 571 2592 626 mereri
2621 592 2635 629 :
2665 577 2872 632 tametsi
2901 579 2985 634 ille
3012 578 3236 648 majora,
3263 579 3350 633 hic

120 649 390 718 εὐεργετῇ,
440 648 718 718 ἑκάτερος,
756 643 930 718 οἶμαι,
966 651 1107 702 κατὰ
1146 651 1241 721 τὴν
1288 653 1480 707 ἑαυτοῦ
1527 655 1684 708 δύνα-

127 757 218 808 μιν.
263 738 321 790 '0
361 739 466 808 μὲν
518 740 762 810 ἐποίησε,
813 739 907 791 καὶ
950 739 1059 810 (25)
1106 739 1272 804 λύσας
1319 744 1536 811 συνάγει
1572 745 1683 813 (9.4)

126 830 264 881 πάλιν
285 845 296 857 ·
328 830 396 881 σὺ
441 830 496 882 δὲ
519 830 749 883 πεσόντα
787 830 860 900 μὴ
891 831 1124 902 παρίδῃς
1158 833 1292 902 (25).
1336 834 1396 885 ’0
1423 834 1522 905 μὲν
1561 835 1685 905 ὴλέ-

126 939 236 990 ηςεν
291 923 373 984 εἰς
423 922 491 975 τὰ
533 923 786 992 μέγιστα,
840 923 964 987 δούς
1021 924 1114 977 ἐπὶ
1157 927 1289 977 πᾶσι
1337 926 1521 996 νόμον,
1555 943 1687 998 προ-

127 1017 302 1083 φήτας,
344 1015 445 1067 καὶ
473 1015 577 1085 πρὸ
596 1016 822 1080 τούτων,
844 1017 934 1068 τὸν
968 1015 1193 1085 φυσικὸν
1224 1017 1384 1087 νόμον
1418 1017 1684 1088 ἡρωίδοῆ

126 1107 214 1158 τῶν
253 1099 684 1184 πψραττομένων
714 1107 1026 1177 ἐξεταστὴν,
1060 1107 1303 1176 ἐλέγξας,
1332 1109 1684 1180 νουθετήσας,

66 1203 94 1220 ’·
127 1200 543 1270 παιδαγωγήσας
565 1218 577 1229 ·
612 1201 671 1252 τὸ
704 1196 1032 1267 τελευταῖον,
1061 1201 1252 1272 λύτρον
1284 1201 1471 1254 ἑαυτὸν
1512 1219 1689 1272 παρα-

127 1291 233 1352 δοὺς
265 1290 414 1361 ὑπὲρ
443 1291 539 1360 τῆς
571 1291 661 1344 τοῦ
692 1291 896 1362 κόσμου
938 1290 1110 1361 ζωῆς·
1145 1291 1509 1362 χαρισάμενος
1551 1295 1689 1345 ἁπο-

131 1382 352 1446 στὸλους,
409 1383 818 1451 εὐαγγελιστάς,
858 1383 1228 1446 διδασκάλους,
1275 1383 1558 1454 ποιμένας,
1606 1384 1688 1436 ἰά-

133 1490 247 1536 σεις,
280 1475 508 1544 τέρατα,
545 1475 801 1527 ἐπάνοδον
826 1475 959 1546 πρὸς
991 1474 1154 1546 ζωὴν,
1196 1474 1424 1528 Θανάτου
1459 1475 1692 1529 κατάλυ-

132 1583 220 1628 σιν,
243 1567 514 1635 τῴπαιον
545 1565 683 1618 κατὰ
713 1565 803 1618 τοῦ
834 1567 1172 1635 νικήσαντος,
1203 1565 1465 1636 διαθήκην
1504 1564 1601 1636 τὴν
1633 1566 1691 1618 ἐν

131 1658 261 1726 σκιᾷ,
293 1658 563 1728 διαθήην
598 1658 696 1728 τὴν
716 1658 778 1708 ἐν
805 1656 1053 1728 ἀληθείᾳ,
1088 1657 1398 1726 Πνεύματος
1420 1657 1575 1726 ἁγίου
1605 1675 1693 1728 μεο

134 1751 371 1819 ρισμούς,
415 1749 475 1802 τὸ
510 1749 610 1818 τῆς
649 1749 839 1818 καινῆς
871 1749 1141 1819 σωτηρίας
1172 1751 1484 1819 μυστήριον.
1514 1750 1584 1800 Σὺ
1611 1749 1691 1814 δὲ,

133 1844 171 1893 εί
204 1842 300 1910 μὲν
325 1843 422 1893 καὶ
449 1841 560 1912 (Ξϋ)
595 1840 665 1892 τά
692 1839 860 1911 μείζω
885 1839 1107 1902 δυνατὸς
1130 1835 1196 1901 εἷ,
1234 1841 1326 1893 καὶ
1352 1837 1432 1904 οἷς
1475 1841 1699 1912 εὐεργει

1792 662 2000 715 minora
2053 662 2310 716 beneﬁcia
2361 665 2638 731 conferat,
2687 677 2952 738 uterque,
2988 672 3199 741 opinor,
3253 687 3351 741 pro

1790 754 1904 806 suis
1952 748 2173 808 viribus.
2231 753 2324 808 llle
2368 755 2640 813 hominem
2692 760 2964 825 condidit,
3015 777 3081 817 ac
3123 763 3350 817 solutum

1795 858 1979 896 rursus
2010 844 2214 914 colligit
2258 858 2273 896 :
2317 854 2372 898 tu
2408 845 2615 916 lapsum
2661 863 2726 902 ne
2757 848 3048 919 despicias.
3091 851 3183 904 Ille
3229 867 3350 906 eum

1792 933 2044 986 nmximis
2071 933 2123 986 in
2155 933 2314 988 rebus
2342 935 2752 990 commiseratus
2783 948 2887 1002 est,
2910 955 3028 992 eum
3056 941 3126 1004 ei,
3161 950 3355 1008 praeter

1792 1037 2009 1089 canora,
2045 1024 2250 1092 legem,
2287 1027 2608 1094 prophetas,
2643 1043 2706 1082 ac
2738 1029 2884 1096 prius
2911 1031 3070 1084 etiam
3092 1071 3106 1093 ,
3135 1042 3355 1085 natura-

1792 1116 1898 1170 lem
1947 1117 2155 1186 legem,
2209 1133 2314 1171 non
2346 1119 2638 1187 scriptam,
2690 1133 2873 1173 eormn
2920 1136 3038 1190 quae
3074 1131 3350 1192 geruntur,

1795 1208 2074 1264 censorem
2106 1247 2120 1273 ,
2155 1209 2337 1271 dedit,
2370 1222 2599 1278 arguens
2621 1249 2634 1273 ,
2680 1211 2973 1265 admonens
2994 1251 3008 1274 ,
3045 1213 3351 1280 castigans;

1795 1311 2070 1370 postremo
2104 1300 2340 1370 seipsum
2379 1316 2478 1370 pro
2503 1302 2684 1354 mundi
2717 1303 3080 1369 redemptione
3102 1303 3351 1366 tradens;
3408 1328 3413 1332 -

1795 1405 1956 1461 atque
1992 1392 2210 1460 insuper
2237 1391 2505 1460 apostolos
2541 1391 2806 1456 tribuens,
2841 1393 3220 1460 evangelistas,
3254 1394 3353 1447 do-

1796 1496 1995 1546 ctores,
2029 1493 2274 1550 pastores
2291 1484 2334 1549 ’,
2367 1485 2675 1535 morborum
2707 1483 3046 1546 curationes,
3081 1492 3352 1553 portenta,

1799 1572 1987 1625 mortis
2011 1572 2458 1634 destructionem,
2501 1571 2793 1638 trophmum
2833 1574 3089 1626 adversus
3116 1587 3234 1626 eum
3264 1577 3354 1639 qui

1799 1665 2019 1724 vicerat,
2055 1660 2232 1714 l'cedus
2258 1660 2308 1713 in
2347 1660 2532 1714 umbra
2556 1701 2570 1720 ,
2606 1658 2780 1714 ftedus
2810 1660 2862 1712 in
2894 1660 3146 1724 veritate,
3182 1658 3356 1728 Spiri-

1799 1763 1882 1806 tus
1907 1751 2078 1806 sancti
2112 1750 2518 1805 distributiones
2541 1791 2554 1815 ,
2589 1767 2739 1804 novae
2780 1749 2972 1805 salutis
3003 1750 3316 1822 mysterium
3343 1771 3355 1804 :

1802 1853 1856 1896 tu
1892 1857 2041 1906 vero,
2079 1842 2122 1895 si
2153 1841 2368 1910 quidem
2393 1841 2600 1910 majora
2635 1856 2845 1910 quoque
2876 1849 3049 1910 potes,
3080 1850 3134 1894 et
3167 1840 3360 1910 quibus

134 1935 288 1984 τεῖται
315 1932 466 2001 ψυχὴ
501 1931 787 2001 (πεποίηκε
817 1930 925 2001 γάρ
956 1947 1013 1982 σε
1059 1930 1153 1983 καὶ
1190 1931 1358 1983 ταῦτα
1389 1931 1638 1984 πλούσιον
1670 1933 1698 1984 ὁ

1804 1935 1980 1987 anima
2009 1932 2270 1986 beneﬁcio
2297 1931 2526 1985 aﬂicitur
2556 1933 2700 2001 (nam
2732 1931 2816 1986 his
2847 1932 3009 1985 etiam
3042 1932 3200 1985 rebus
3224 1931 3360 1984 divi-

132 2021 268 2085 Θεᾷ,
293 2023 342 2073 εἰ
375 2020 707 2090 θελήσειας),
741 2020 872 2092 μηδὲ
903 2020 1074 2074 ταῦτα
1093 2016 1152 2074 εὖ
1176 2025 1346 2075 ποιεῖν
1368 2022 1580 2094 ἀπόσχῃ
1605 2021 1694 2074 τὸν

132 2113 271 2182 ἐειδεῆ
301 2113 418 2183 (9.7)
444 2128 457 2140 '
495 2113 692 2182 μᾶλλον
731 2111 788 2164 δὲ
837 2112 1028 2182 πρῶτα
1073 2117 1166 2164 καὶ
1221 2112 1450 2182 μάλιστα
1497 2113 1574 2183 τῷ
1615 2115 1697 2166 αἱ-

133 2203 296 2255 τοῦντί
326 2220 387 2255 σε
410 2203 574 2264 δίδου,
604 2205 697 2256 καὶ
722 2204 848 2274 πρὶν
876 2197 1182 2274 αἰτηθῆναὶ,
1207 2205 1334 2274 δλην
1361 2205 1456 2274 τὴν
1487 2205 1696 2275 ἡμέραν

134 2295 279 2346 ἐλεῶν
312 2297 410 2348 καὶ
449 2296 708 2358 δανείζων
732 2295 842 2364 (28)
875 2295 964 2348 τὸν
1001 2294 1175 2362 λόγον.
1210 2296 1302 2348 καὶ
1331 2295 1576 2348 ἁπαιτῶν
1611 2313 1698 2364 φι-

134 2386 352 2449 λοπόνως
411 2387 474 2439 τὸ
517 2388 725 2439 δάνειον
771 2385 908 2456 μετὰ
947 2385 1106 2438 τόκου
1152 2386 1252 2456 τῆς
1284 2386 1377 2439 τοῦ
1412 2386 1700 2456 ὠφελημέο

140 2494 214 2528 νου
244 2478 355 2547 (29)
392 2478 728 2548 προσθήκης.
786 2479 851 2546 ἣν
895 2477 981 2529 ἀεὶ
1025 2478 1102 2548 τῷ
1143 2478 1284 2548 λόγῳ
1326 2478 1695 2548 προστίθησιν,

140 2570 298 2635 αὔξων
344 2570 524 2640 ἑαυτῷ
580 2571 690 2640 (50)
743 2570 881 2623 κατὰ
936 2563 1141 2642 μικρὸν
1175 2569 1244 2623 τά
1286 2569 1384 2638 τῆς
1422 2570 1700 2642 εὐσεϐείας

141 2661 438 2731 σπέρματα.
474 2663 535 2714 Εἰ
560 2662 615 2714 δὲ
644 2662 737 2732 μὴ,
757 2665 822 2715 τά
853 2681 915 2732 γε
944 2663 1060 2733 (51)
1083 2661 1307 2732 δεύτερα
1332 2662 1424 2714 καὶ
1451 2639 1702 2732 μίκρότε-

142 2768 199 2821 ρα
220 2751 347 2820 (52),
375 2754 470 2805 καὶ
498 2752 598 2804 ὅσα
621 2755 697 2815 εἰς
723 2752 950 2823 δύναμιν
973 2755 1095 2824 ἥκει
1123 2753 1218 2824 τὴν
1251 2754 1350 2823 σήν
1370 2770 1384 2784 ’
1411 2750 1703 2822 ἐπικούρη-

138 2863 230 2908 σον,
254 2845 442 2916 ὄρεξον
458 2845 683 2916 τροφὴν,
707 2845 891 2916 ὄρεξον
916 2847 1100 2918 ῥάκος,
1125 2845 1455 2916 προσένεγκε
1474 2844 1700 2914 φάρμα-

137 2957 236 3001 κον,
256 2938 561 3006 κατάδησον
590 2937 898 3008 τραύματα,
927 2938 1198 3008 ἐρώτησον
1215 2955 1268 2990 τι
1294 2937 1422 3007 περί
1444 2936 1544 3005 τῆς
1562 2953 1701 3006 συμ-

141 3034 312 3098 ιξορᾶς,
343 3030 475 3099 περὶ
497 3029 790 3100 καρτερίας
811 3029 1188 3100 φιλοσόφησον,
1226 3028 1516 3098 θάρσησον,
1534 3027 1703 3100 πρόσ-

137 3089 240 3172 ελθε
259 3089 356 3173 ⁸οὐ
384 3089 459 3192 μὴ
477 3089 657 3191 χεῖρόν
673 3089 732 3172 ’τι
757 3089 980 3173 σεαυτοῦ
1002 3089 1150 3190 ἑτάρά
1165 3089 1318 3172 τοῦτο
1346 3089 1477 3188 γένῃ
1497 3089 1510 3146 έ
1536 3089 1596 3169 οὐ
1626 3089 1699 3188 μδὴ

141 3211 450 3280 μεταλάϐοις
484 3212 592 3282 (55)
616 3209 708 3263 τοῦ
742 3212 965 3274 πάθους,
997 3210 1097 3264 κᾶν
1125 3212 1173 3262 οἱ
1205 3210 1323 3262 λίαν
1357 3208 1516 3279 ἁδροὶ
1546 3208 1703 3261 τοῦτο

141 3304 381 3372 νομίζωσι
439 3303 616 3370 λόγοις
669 3302 917 3373 ματαίοις
960 3302 1330 3373 ἠπατημένοι·
1401 3299 1598 3370 μᾶλλον
1643 3299 1699 3352 δὲ
1728 3279 1768 3336 C

139 3395 324 3465 ταύτην
356 3394 748 3464 προϐάλλονται
769 3394 870 3463 τῆς
895 3392 1102 3447 ἑαυτῶν
1127 3393 1234 3445 εἴτε
1261 3391 1543 3454 εὐλαϐείας
1563 3390 1698 3460 (54),

142 3487 233 3536 εἴτε
261 3486 520 3548 ἀσεϐείας
549 3485 868 3552 ἀπολογίαν,
913 3484 1005 3537 ἐπὶ
1048 3483 1144 3555 τὴν
1173 3483 1392 3546 δειλίαν,
1440 3483 1514 3544 ὡς
1551 3481 1612 3551 δή
1648 3498 1700 3533 τι

146 3576 269 3643 μέγα
315 3578 410 3629 καὶ
446 3576 608 3642 σοφὸν
653 3575 1105 3644 καταφεύγοντες.
1155 3574 1323 3627 Τοῦτο
1372 3572 1700 3626 πειθέτωσάν

147 3683 192 3717 σε
231 3669 320 3720 καὶ
349 3669 397 3719 οἱ
429 3666 597 3734 λόγοι,
645 3667 735 3719 καὶ
773 3667 970 3738 ἰατρῶν
1015 3665 1202 3728 παῖδες
1234 3665 1368 3735 (55),
1404 3665 1496 3718 καὶ
1536 3663 1703 3716 σύνοι-

145 3774 214 3810 κοι
242 3761 348 3829 (56)
380 3759 586 3811 τούτων
619 3758 970 3828 θεραπευταὶ,
1001 3751 1074 3810 ὧν
1099 3756 1270 3820 οὐδείς
1298 3774 1383 3808 πω
1403 3758 1513 3819 τοῖς
1538 3753 1704 3807 τοιού-

146 3867 238 3912 τοις
264 3849 502 3920 προσιὼν
541 3849 901 3903 ἐκινδύνευσε.
954 3850 1025 3900 Σὺ
1052 3848 1248 3911 τοίνυν,
1281 3847 1328 3898 εί
1357 3847 1448 3898 καὶ
1474 3846 1534 3898 τὸ
1568 3847 1702 3917 πρᾶ-

147 3955 243 4007 γμα
280 3942 508 4013 φοϐερὸν
547 3943 641 3994 κοιλ⁵
681 3940 932 4002 ὑπονοίας
979 3940 1148 4005 ἄξιον,
1184 3932 1228 3990 ὦ
1261 3937 1412 3990 δοῦλε
1443 3937 1698 4008 Χριστοῦ,

148 4032 224 4082 καὶ
246 4033 478 4100 φιλόθεε,
509 4033 602 4085 καὶ
632 4031 996 4104 ιριλάνθρωπε,
1036 4031 1109 4100 μὴ
1139 4029 1315 4101 πάθῃς
1348 4029 1513 4100 μηδὲν
1538 4030 1698 4096 ἀγεν-

149 4122 250 4183 νέςι
292 4129 355 4194 τῇ
391 4125 573 4178 πίστει
620 4125 924 4194 θάρσησον⁵
949 4111 1240 4192 ’νικησάτω
1284 4122 1384 4191 τὴν
1437 4121 1634 4174 δειλίαν
1674 4123 1702 4173 ὁ

150 4210 322 4281 οἶκτος,
351 4220 378 4268 ὁ
407 4219 499 4271 τοῦ
529 4217 662 4270 Θεοῦ
691 4218 852 4285 φόϐος
880 4216 976 4287 τὴν
1008 4215 1322 4286 ἁπαλότητα
1345 4231 1357 4244 ο
1389 4215 1566 4285 στήτω
1590 4214 1697 4286 πρὸ

149 4309 237 4360 τῶν
267 4311 609 4382 φιλοσάρκων
641 4308 914 4379 λογισμῶν
954 4309 987 4378 ἡ
1024 4306 1274 4360 εὐσέϐεια
1295 4323 1307 4336 ·
1350 4305 1423 4377 μὴ
1448 4305 1699 4376 παρίδτς.

153 4400 212 4470 μὴ
242 4403 605 4474 παραδράμῃς
653 4402 742 4455 τὸν
787 4399 1032 4468 ἀδελφὸν,
1092 4397 1165 4468 μὴ
1215 4399 1568 4468 ἀποστραφῇς
1627 4399 1722 4459 ὡς·

150 4492 281 4559 ἄγος,
313 4496 386 4558 ὡς
421 4496 655 4566 μίασμα,
687 4494 762 4556 ὡς
793 4492 918 4546 ἄλλο
948 4510 998 4544 τι
1027 4491 1133 4542 τῶν
1156 4489 1400 4559 φευκτῶν
1429 4490 1522 4542 καὶ
1554 4489 1702 4541 ἀπει-

154 4587 402 4654 ρημένων·
448 4586 538 4639 σόν
574 4588 687 4638 ἐστι
728 4583 904 4646 μέλος.
944 4584 1035 4635 καὶ
1080 4583 1126 4635 εί
1169 4585 1234 4654 τῇ
1273 4580 1526 4650 συμφορᾷ
1561 4580 1700 4650 acip.-

1299 4701 1331 4749 L

211 4787 230 4815 '
257 4788 448 4857 Ephes.
475 4802 549 4848 tv,
581 4786 663 4840 ll.

167 5035 176 5047 ~
211 4966 316 5036 (ἓὲ)
352 4968 424 5021 Ὀ.
461 4967 554 5022 Sic
585 4967 747 5036 Regg.
781 4982 830 5031 a,
867 4966 986 5033 bm,
1035 4968 1122 5036 ph,
1163 4976 1267 5021 etc.
1307 4966 1462 5019 Deest
1505 4964 1556 5018 in
1591 4965 1700 5019 edi-
1731 4965 1781 5026 D

144 5044 222 5091 tis.

205 5108 312 5178 (23)
339 5110 468 5162 Kal.
507 5109 664 5162 Deest
693 5109 743 5162 in
771 5108 1024 5176 pluribus.

204 5180 310 5246 (24)
337 5179 613 5246 Συνάγει.
644 5178 776 5239 Jes.,
810 5179 1131 5245 συνεισάγει,

204 5250 310 5318 (25)
347 5250 636 5318 Πιιρίδῃς.
673 5249 801 5314 Reg.
827 5248 934 5310 but,
967 5247 1246 5319 παρείδῃς.

144 5389 153 5399 .
202 5321 308 5399 (2(5)
331 5323 466 5373 Καί.
494 5320 585 5374 Sic
619 5319 785 5388 Regg.
822 5333 874 5384 a,
908 5321 1017 5384 bm,
1055 5318 1104 5383 e,
1141 5318 1230 5388 ph,
1265 5327 1316 5371 et
1353 5318 1439 5372 Or.
1468 5319 1520 5371 2.
1552 5320 1705 5373 Deest

144 5392 187 5441 in
215 5392 341 5444 etlit.

203 5459 311 5526 (‘27)
338 5458 574 5530 ’Erdsr}.
604 5456 737 5525 Reg.
764 5460 855 5529 ph,
896 5458 1047 5513 ὲνδέα
1079 5457 1237 5530 [lege,
1269 5457 1466 5512 Isv8-35'tl.

203 5531 311 5596 (:28)
346 5527 652 5589 Δανείζων.
687 5527 778 5584 Or.
813 5537 832 5586 1
870 5542 923 5584 et
949 5533 1003 5595 ‘2,
1034 5527 1278 5592 δάνίζων.

203 5598 312 5666 (‘29;
355 5599 778 5668 Ὠφελημένοω
809 5602 941 5670 Reg.
980 5603 1088 5664 bm,
1119 5598 1509 5669 ὠφελουμένου.

204 5671 311 5736 (50)
341 5667 796 5735 Αὗξωνίέαυτῷ.
821 5667 925 5726 etc.
960 5671 1089 5738 Reg.
1124 5667 1298 5735 a,’0r.
1326 5667 1391 5731 2,
1425 5681 1478 5722 et
1512 5667 1696 5730 Gabr.,

145 5741 392 5811 νουνεχῶς
415 5741 595 5805 αὔξων
630 5743 688 5793 ὲν
715 5741 911 5811 ἐαυτῷ,
948 5758 966 5791 t
998 5741 1088 5808 qui
1113 5747 1403 5807 prudenter
1434 5742 1484 5793 in
1525 5740 1699 5806 seipse

148 5812 346 5873 βιμιιιιίδ
385 5815 596 5867 semina
632 5813 830 5866 sensim
863 5812 1111 5878 adauget.
1147 5828 1164 5860 ι

212 5882 316 5952 (31)
350 5883 429 5936 Τά
460 5901 542 5952 γε.
577 5884 709 5954 Reg.
743 5884 833 5952 ph,
863 5882 1020 5950 τάχα,
1061 5900 1076 5929 ‹
1119 5880 1363 5934 fortasse.
1392 5898 1408 5928 ι

1800 2036 1904 2079 tem
1939 2037 2024 2089 te,
2061 2027 2104 2079 si
2133 2024 2387 2088 volueris,
2428 2025 2567 2078 Deus
2608 2023 2804 2093 fecit),
2841 2040 2907 2078 ne
2933 2024 3016 2078 his
3049 2039 3264 2093 quoque
3295 2013 3361 2078 de

1799 2116 2071 2183 indigente
2097 2117 2232 2168 bene
2262 2115 2456 2169 mereri
2492 2114 2720 2168 absiste.
2755 2113 2864 2168 Imo
2896 2113 3128 2183 primurn
3171 2127 3234 2167 ac
3265 2127 3362 2182 po-

1800 2207 2068 2261 tissimum
2101 2207 2214 2260 haec
2242 2205 2313 2272 ei,
2358 2205 2446 2274 qui
2477 2204 2574 2258 abs
2601 2215 2652 2259 te
2689 2205 2840 2273 petit,
2873 2205 3071 2269 tribue,
3107 2204 3362 2274 priusque

1799 2298 1960 2351 etiam
2003 2312 2162 2364 quam
2209 2296 2479 2366 postulet,
2514 2306 2620 2351 tota
2648 2297 2734 2352 die
2775 2297 3040 2350 miserans
3065 2312 3126 2351 ac
3154 2310 3363 2350 sermo-

1801 2403 1918 2440 nem
1960 2387 2347 2453 commodans,
2393 2388 2738 2457 debitumque
2787 2403 2907 2441 cum
2957 2387 3140 2442 fenore
3178 2385 3363 2442 sedulo

1799 2479 2051 2546 exigens,
2081 2472 2328 2543 hocest,
2356 2478 2506 2547 ejus,
2535 2479 2619 2532 cui
2661 2477 2864 2544 utilitas
2903 2475 3142 2543 aﬂertur,
3187 2477 3365 2530 inere-

1801 2581 2038 2624 mentum
2061 2610 2076 2635 ,
2118 2571 2258 2639 quod
2296 2570 2510 2638 quidem
2559 2569 2814 2623 doctrina:
2847 2583 3059 2636 semper
3087 2567 3360 2636 adjungit,

1801 2662 1926 2714 dum
1979 2661 2195 2730 pictatis
2234 2662 2439 2715 semina
2468 2662 2522 2714 in
2564 2662 2739 2730 seipso
2774 2659 3027 2729 paulatim
3058 2669 3233 2728 auget.
3267 2659 3362 2713 Sin

1802 2755 1914 2808 haec
1941 2754 2124 2826 largiri
2154 2753 2360 2824 nequis,
2388 2761 2441 2806 at
2465 2763 2611 2808 certe
2641 2754 2758 2807 haze
2785 2751 3021 2807 secunda
3051 2761 3104 2805 et
3133 2751 3363 2816 minora,

1802 2858 1854 2900 et
1888 2863 2006 2917 qua:
2039 2847 2138 2902 sub
2169 2847 2480 2901 facultatem
2527 2855 2670 2898 tuam
2711 2844 2941 2910 cadunt,
2974 2853 3168 2910 praesta
3190 2859 3209 2898 :
3239 2843 3364 2898 sub-

1802 2939 1944 3000 veni,
1976 2939 2155 2992 cibum
2183 2939 2382 3006 prrebe,
2415 2937 2668 2992 detritum
2707 2951 2940 3006 pannum
2970 2937 3217 3005 porrige,
3253 2948 3366 2991 [τῶν

1803 3027 2164 3080 dicameutum
2196 3027 2428 3085 adhibe.
2469 3027 2663 3079 vulnus
2708 3025 2902 3095 alliga,
2953 3025 3020 3079 de.
3063 3025 3366 3080 calamitate

1803 3116 2005 3184 aliquid
2040 3126 2396 3185 percunctare
2420 3155 2436 3180 ,
2477 3116 2543 3169 de
2585 3115 2840 3184 patientia
2866 3117 3163 3170 orationem
3193 3113 3360 3178 babe,

1804 3207 1944 3262 bono
1970 3209 2149 3263 animo
2175 3218 2313 3275 esto,
2338 3209 2562 3274 accede;
2589 3207 3000 3276 haudquaquam
3024 3207 3184 3277 277
3212 3220 3276 3260 ex
3301 3221 3364 3260 ea

1804 3316 1862 3355 re
1907 3279 2141 3355 deterior
2195 3299 2366 3368 teipso
2431 3300 2575 3363 eris;
2645 3298 3053 3366 haudquaquam
3119 3297 3362 3350 morbmu

1805 3394 2090 3447 contrahes
2112 3433 2127 3457 ,
2155 3393 2365 3447 etiamsi
2419 3392 2663 3446 homines
2697 3390 2919 3443 nimium
2953 3388 3202 3452 delicati,
3244 3387 3364 3440 ina-

1803 3486 2192 3554 nibusideccpti
2225 3483 2545 3561 rationibus,
2579 3483 2677 3536 hoc
2707 3481 3051 3546 existiment;
3081 3479 3162 3534 vel
3188 3479 3364 3548 potius
3423 3502 3426 3506 -

1803 3579 1904 3632 hoc
1926 3578 2038 3632 sive
2067 3576 2329 3640 mollitiei,
2359 3577 2473 3631 sive
2509 3576 2770 3645 impietati
2805 3589 2918 3629 suae
2949 3573 3363 3644 przetexant,-ad

1805 3670 2142 3724 timiditatem
2164 3711 2178 3735 ,
2217 3670 2360 3724 velut
2387 3670 2454 3723 ad
2487 3683 2737 3739 magnum
2775 3666 2976 3736 aliquid
3011 3673 3065 3720 et
3108 3665 3362 3736 prudens,

1757 3809 1764 3815 .
1803 3760 2191 3828 confugientes.
2228 3758 2339 3814 lloc
2369 3759 2462 3814 tibi
2498 3760 2893 3828 persuadeant,
2922 3767 2978 3813 et
3004 3758 3242 3812 rationes
3263 3798 3277 3821 ,
3311 3765 3366 3810 et

1804 3851 2019 3916 medici,
2042 3860 2096 3905 et
2133 3850 2550 3905 contubernales
2574 3850 2662 3918 qui
2691 3864 2786 3904 eos
2815 3860 3008 3903 curant
3033 3890 3048 3914 ,
3076 3863 3140 3902 ex
3173 3847 3366 3917 quibus

1804 3944 2036 3997 nondum
2086 3943 2224 3997 ullus
2278 3957 2339 3996 ea
2386 3943 2452 3996 de
2500 3957 2661 3996 causa
2704 3941 2758 3996 in
2805 3940 3102 4010 periculum
3155 3938 3363 4002 incidit,

1801 4035 1942 4106 quod
1977 4036 2042 4088 ad
2070 4049 2164 4089 eos
2193 4035 2502 4089 accesserit.
2558 4033 2732 4104 Atque
2766 4044 2824 4088 ut
2855 4034 3043 4088 demus
3081 4049 3193 4088 rem
3226 4033 3364 4086 hanc

1805 4137 1947 4180 metu
1986 4135 2042 4180 et
2075 4125 2377 4194 suspicione
2411 4141 2512 4180 non
2547 4141 2769 4192 carere,
2803 4135 2859 4180 tu
2896 4135 3071 4207 tamen
3094 4164 3110 4190 ,
3147 4141 3179 4180 o
3212 4139 3366 4180 serve

1803 4213 2038 4276 Christi,
2072 4214 2273 4283 Deique
2311 4224 2365 4269 et
2409 4215 2683 4269 hominum
2712 4225 2944 4282 amator,
2976 4230 3044 4270 ne
3085 4225 3364 4287 propterea

1805 4307 2121 4372 degenerem
2151 4315 2313 4374 atque
2358 4307 2614 4373 ignavum
2661 4307 2898 4360 animum
2933 4321 3090 4375 geras
3123 4320 3138 4359 :
3180 4321 3363 4360 verum

1806 4395 2095 4461 conﬁdito;
2166 4396 2504 4450 timiditatem
2562 4395 2968 4460 misericordia,
3037 4395 3128 4450 Dei
3193 4403 3367 4448 metus

1807 4487 2083 4542 mollitiem
2136 4488 2354 4551 vincat;
2401 4487 2638 4541 rationes
2682 4501 2801 4549 eas,
2839 4501 2956 4554 qua:
2983 4487 3131 4540 carni
3165 4486 3362 4549 favent,

1808 4580 1980 4648 pietas
2011 4590 2245 4649 superet.
2279 4578 2354 4634 Ne
2383 4579 2604 4633 fratrem
2637 4577 2898 4646 despicias
2919 4617 2936 4644 ,
2967 4593 3032 4633 ne
3057 4589 3362 4646 pratereas,

1880 4963 1990 5032 (59.)
2023 4964 2131 5017 Kal
2151 4963 2482 5032 μικρότερα.
2513 4961 2734 5014 Deestin
2771 4958 2901 5032 Reg.
2932 4959 3021 5032 ph.

1879 5025 1992 5104 (55)
2029 5025 2410 5097 Μετᾶλᾶϐοιςζ
2451 5031 2617 5100 llrgg.
2666 5046 2717 5095 a,
2757 5030 2810 5096 d,
2851 5025 2904 5083 et
2927 5027 3018 5082 Or.
3043 5025 3097 5093 2,
3141 5025 3370 5096 μεταλά-

1842 5123 1989 5244 nail)
2019 5174 2365 5244 Εὐλαϐείζις.
2396 5171 2561 5244 Rogg.
2591 5187 2640 5236 a,
2667 5186 2716 5232 e,
2751 5170 2802 5233 ιι,
2831 5169 2935 5244 duo
2972 5167 3134 5244 (ἰδίει,
3185 5175 3244 5244 et
3271 5165 3365 5220 Or.

1806 5249 1862 5305 ει,
1886 5237 2162 5307 ’πλακείας
2185 5243 2246 5314 (Γ,
2281 5237 2575 5314 βλακείας),
2617 5262 2633 5290 ι
2674 5241 2950 5306 socordiae,
2981 5239 3094 5294 sive
3119 5237 3367 5306 impieta-

1811 5332 1877 5372 lts
1908 5317 2308 5369 excusationem
2339 5323 2652 5373 praetexunt.
2678 5330 2693 5360 ι

1880 5388 1991 5454 (55)
2023 5386 2219 5454 Λόγοι,
2264 5383 2358 5436 καὶ
2410 5382 2619 5454 ἰατρῶν
2659 5377 3099 5454 παῖδες-..ΑΕιἯθ
3143 5378 3228 5430 but
3255 5417 3268 5438 ,
3303 5378 3366 5454 οἱ

1812 5447 1984 5525 >.ὁγοι.’
2016 5475 2033 5506 ‹
2068 5447 2344 5525 Rationes,
2369 5465 2422 5506 et
2455 5447 2969 5525 niedicorumhlilii,»
2994 5447 3175 5525 idest,
3198 5450 3366 5502 medi-

1810 5517 1894 5581 ei:
1931 5528 2020 5580 Sic
2051 5524 2362 5591 Gregorius,
2401 5534 2536 5577 orat.
2587 5539 2638 5585 ι,
2674 5521 2738 5573 de
2782 5518 2911 5591 lilio,
2953 5517 3207 5591 (Graecos
3231 5531 3370 5591 Lap-

1811 5597 1989 5665 petlat,
2029 5586 2292 5665 Ἑλλήνων
2320 5594 2539 5665 παῖδας,
2576 5591 2667 5665 Sic
2683 5605 2834 5665 sacra
2857 5589 3169 5665 Scriptura:
3195 5606 3214 5639 ι
3247 5586 3368 5665 Dal-

1811 5658 1987 5736 iiebrae
2019 5669 2131 5736 eius
2160 5658 2492 5736 interrogant
2515 5663 2650 5716 ﬁlios
2682 5660 2979 5721 hominum.
3005 5676 3023 5707 ι
3049 5658 3099 5712 id
3132 5667 3236 5723 est,
3271 5659 3367 5714 lto~

1811 5734 1978 5790 iuiues
2000 5735 2116 5804 (1’s.
2155 5753 2206 5798 χ,
2239 5734 2313 5799 ὅ).

1881 5798 2307 5879 (56)’Σύιν”οικοι.
2353 5805 2517 5873 ltegg.
2550 5820 2598 5870 a,
2639 5803 2748 5868 bm,
2777 5801 2865 5872 ph,
2893 5800 2941 5853 oi
2972 5798 3227 5854 σύνοικοι.
