3844 6390
494 380 600 437 895

1700 377 1757 432 S.
1802 372 2128 432 GREGORII
2171 369 2514 426 TIIEOLOGI
3619 377 3697 431 896

495 505 659 561 ne,ut
688 496 882 563 scelus,
912 505 969 550 ut
1010 495 1299 566 piaculum,
1328 506 1386 550 ut
1414 495 1555 550 aliud
1585 494 1836 564 quiddam
1869 491 2076 563 fugien-

2208 505 2378 542 ιτεται
2400 504 2412 517 ·
2444 487 2544 540 Σοὶ
2580 486 3101 556 ἐγκαταλέλειπται
3137 487 3248 558 (57)
3297 490 3330 542 ό
3373 492 3610 570 πτωχός,
3645 497 3701 560 ὼς

497 589 623 642 dum
671 598 727 643 et
771 589 1162 643 exsecrandum
1215 588 1505 643 averseris.
1562 584 1857 641 Membrum
1915 594 2062 636 tuum

495 694 602 746 est,
635 683 851 736 tametsi
884 681 1197 736 calamitate
1231 687 1486 735 curvetur
1516 698 1530 734 :
1560 689 1617 733 ut
1642 679 1772 744 Deo,
1804 677 1897 730 tibi
1920 677 2066 730 dere-

503 773 660 826 lictus
689 783 763 826 eu
793 789 991 841 pauper
1011 773 1077 837 ¹⁰,
1107 773 1233 826 licet
1259 772 1439 826 animo
1464 771 1749 824 admodum
1774 769 1896 824 l'orti
1927 782 2062 836 pra:-

501 874 715 929 tereas;
760 866 843 920 his
870 865 1013 920 enim
1046 865 1224 919 verbis
1251 865 1452 936 pudore
1480 872 1530 916 te
1558 862 1784 916 fortasse
1815 859 2061 915 alliciam.

2171 582 2310 652 Θεῷ,
2363 581 2458 635 καὶ
2513 583 2560 634 εξ
2614 580 2734 634 λίαν
2780 581 3140 652 παρατρέχεις
3180 581 3290 652 (58)
3326 583 3703 655 μεγαλοψύχως,

2173 676 2312 744 τάχα
2348 676 2457 744 γάρ
2509 691 2566 726 σε
2606 673 2813 738 τούτοις
2866 675 3172 748 δυσωπήσω
3222 680 3334 741 τοῖς
3390 679 3604 747 ῥήμασι.
3642 682 3707 734 ω

2173 768 2459 838 πρόκειται
2485 765 2893 840 φιλανθρωπίας
2916 769 3188 836 ὑπόθεσις,
3216 771 3310 824 καὶ
3333 771 3380 822 εἱ
3401 759 3647 840 ἀλλοτριοῖ
3667 791 3706 826 σε

2172 859 2266 912 τοῦ
2302 855 2361 913 εὖ
2392 858 2582 913 παθεῖν
2611 861 2640 912 ὁ
2660 858 2933 930 ἀλλότριος
2963 863 3096 930 (59).

497 959 861 1014 Humanitatis
899 959 996 1012 tibi
1045 968 1419 1027 argumentum
1472 957 1812 1025 proponitur,
1859 954 2074 1008 etiamsi
2119 963 2230 1034 Ita-:1
2265 953 2526 1006 beneﬁcio
2553 951 2868 1019 accipiendo
2905 953 3114 1008 alienus
3143 963 3352 1009 avertat
3383 964 3438 1009 et
3468 954 3666 1010 alienet.

571 1047 809 1102 XXVIII.
846 1048 1100 1119 Quisquis
1129 1048 1376 1118 navigat,
1417 1046 1705 1114 naufragio
1742 1045 2070 1113 propinquus

500 1151 582 1194 est
608 1180 623 1204 ,
652 1155 822 1207 eoque
853 1140 1023 1209 magis
1047 1179 1063 1204 ,
1093 1155 1200 1208 quo
1231 1137 1487 1191 audacius
1530 1136 1748 1203 navigat
1778 1152 1792 1188 :
1830 1143 1883 1188 et
1919 1134 2067 1202 quis-

508 1231 629 1298 quis
659 1245 857 1298 corpus
887 1232 1062 1300 gerit,
1094 1228 1338 1297 corporis
1383 1226 1538 1280 malis
1587 1225 1917 1294 propinquus
1965 1232 2070 1284 est,

505 1334 678 1387 eoque
705 1318 900 1388 magis,
932 1332 1041 1386 quo
1069 1317 1299 1371 erectior
1326 1315 1544 1376 incedit,
1570 1329 1668 1368 nec
1693 1328 1806 1378 eos,
1835 1311 1926 1381 qui
1949 1321 2073 1384 ante

505 1425 566 1464 se
598 1409 802 1478 jar-ent,
835 1409 1094 1463 intuetur.
1127 1407 1262 1462 Dum
1296 1408 1530 1462 secundo
1554 1415 1712 1461 vento
1738 1405 1982 1473 navigas,
2022 1404 2069 1456 ei

506 1501 598 1570 qui
634 1499 970 1570 naufragium
1006 1501 1170 1563 facit,
1203 1515 1419 1554 manum
1449 1498 1706 1567 porrige:
1750 1496 1876 1549 dum
1912 1510 2074 1550 sanus

509 1607 569 1646 es
594 1601 649 1647 et
681 1592 939 1662 locuples,
965 1590 1160 1646 amicto
1188 1592 1266 1646 fer
1290 1606 1466 1659 opem.
1496 1588 1570 1644 Ne
1599 1599 1900 1657 exspectes,
1926 1588 2074 1648 dum,

443 1703 449 1711 δ
509 1691 772 1752 quantum
811 1683 1010 1737 malum
1039 1683 1109 1736 sit
1141 1681 1505 1735 inhumanitas
1528 1719 1542 1744 ,
1577 1680 1629 1733 in
1663 1680 1832 1747 teipso
1863 1677 2040 1732 discas
2061 1715 2076 1740 ,

2247 1042 2379 1094 KH'.
2423 1041 2536 1104 Πᾶς
2579 1041 2608 1092 ὁ
2652 1041 2830 1094 πλέων
2879 1041 3043 1113 ἐγγύς
3082 1043 3197 1124 ἐστι
3225 1043 3318 1096 τοῦ
3350 1045 3620 1112 ναυαγίου,
3647 1051 3714 1101 καὶ

2175 1135 2316 1202 τόσῳ
2360 1131 2579 1202 μᾶλλον,
2637 1132 2856 1203 ὅσῳπερ
2893 1131 2956 1186 ἂν
2991 1133 3386 1206 τολμηρότερον
3436 1135 3603 1206 πλέῃ³
3646 1142 3714 1192 καὶ

2176 1225 2282 1287 πᾶς
2310 1225 2338 1276 ὁ
2368 1222 2528 1293 σῶμα
2561 1223 2942 1294 περικείμενος
2975 1225 3141 1294 ἐγγυς
3175 1229 3289 1279 ἐστι
3315 1227 3422 1280 τῶν
3444 1227 3535 1280 τοῦ
3563 1228 3715 1299 σῶμα·

2174 1330 2264 1376 τος
2299 1312 2502 1375 κακῶν,
2546 1313 2640 1366 καὶ
2676 1314 2814 1384 τόσῳ
2844 1313 2956 1384 (40)
2989 1315 3208 1385 μᾶλλον,
3253 1317 3479 1387 ὅσῳπερ
3506 1317 3566 1369 ἂν
3581 1319 3718 1388 ὀρθῶς

2183 1404 2392 1475 βαδίζῃ,
2421 1403 2514 1457 καὶ
2539 1404 2611 1474 μὴ
2641 1403 2811 1475 βλέπῃ
2835 1406 2959 1467 τοὺς
2989 1407 3092 1477 πρὸ
3113 1408 3272 1460 αὑτοῦ
3298 1408 3720 1476 κειμένους.Ἔως

2183 1496 2318 1566 πλῇς
2340 1495 2524 1566 (41)ὲξ
2551 1495 2761 1564 οὐρίας,
2791 1496 2866 1566 τῷ
2885 1497 3202 1566 ναυαγοῦντι
3231 1499 3317 1562 δὸς
3346 1503 3522 1570 χεῖρα·
3544 1499 3635 1559 ἕως
3653 1503 3719 1553 50-

2182 1588 2345 1655 εκτῇς
2389 1586 2482 1638 καὶ
2531 1586 2765 1658 πλουτῇς
2809 1588 2940 1658 (42),
2988 1588 3064 1658 τῷ
3101 1589 3503 1642 κακοπαθοῦντι
3557 1591 3721 1660 βοήθη-

2187 1693 2297 1730 σον.
2350 1677 2440 1746 Μὴ
2484 1677 2780 1748 ἀναμείνῃς
2823 1678 2914 1730 ἐπὶ
2965 1678 3189 1732 σεαυτοῦ
3238 1679 3450 1749 μαθεῖν,
3484 1681 3598 1733 ὅσον
3631 1684 3722 1734 ἐστὶ

443 1817 445 1822 .
510 1783 881 1845 quantumque
924 1775 1140 1830 bonum.
1166 1773 1374 1828 viscera
1411 1772 1691 1843 egentibus
1720 1771 1954 1840 aperire.
2002 1767 2080 1822 Ne

2208 1767 2353 1821 ιακὸν
2381 1767 2764 1838 ἀπανθρωπία,
2809 1769 2904 1820 καὶ
2933 1763 3042 1822 οἷον
3089 1770 3296 1838 ἀγαθὸν
3331 1771 3607 1840 σπλάγχνα
3637 1777 3723 1834 τοῖς

511 1865 747 1935 experiri
782 1864 915 1919 velis
947 1862 1115 1918 Deum
1159 1876 1379 1916 manum
1413 1860 1790 1916 extendentem
1827 1858 2084 1910 adversus

507 1970 628 2034 eos,
652 1955 744 2025 qui
769 1955 1035 2010 cervicem
1058 1953 1332 2016 attollunt,
1360 1967 1422 2006 ac
1446 1966 1714 2022 pauperes
1736 1957 2082 2018 praetereunt.

511 2048 568 2101 In
602 2046 796 2102 alienis
825 2046 1229 2100 calamitatibus
1257 2044 1370 2098 hate
1412 2044 1593 2108 disce;
1638 2041 1818 2110 egenti,
1864 2055 2084 2110 parvum

513 2136 720 2204 aliquid
755 2135 963 2201 tribue;
1005 2149 1177 2203 neque
1211 2134 1355 2188 enim
1387 2147 1610 2202 parvum
1641 2141 1726 2186 est
1750 2132 1821 2193 ei,
1854 2130 1944 2198 qui
1971 2145 2088 2183 om-

513 2225 672 2280 nibus
705 2225 866 2279 rebus
891 2235 1074 2287 caret,
1118 2223 1225 2277 imo
1271 2236 1339 2276 ne
1369 2222 1468 2291 ipsi
1503 2221 1717 2290 quidem
1752 2219 1893 2282 Deo,
1931 2219 2089 2272 modo

514 2317 720 2372 viribus
772 2330 878 2370 non
925 2315 1120 2385 impar.
1175 2311 1258 2368 Sit
1308 2313 1400 2367 tibi
1447 2315 1642 2368 summi
1687 2311 1927 2366 muneris
1973 2310 2088 2365 loco

515 2407 680 2463 animi
731 2407 1028 2462 alacritas:
1078 2405 1124 2460 si
1180 2405 1316 2460 nihil
1363 2408 1567 2471 habes,
1621 2404 1922 2473 illacryma.
1979 2401 2078 2455 Ma-

525 2514 688 2569 gnum
721 2497 1040 2562 calamitoso
1087 2495 1382 2551 remedium
1427 2506 1512 2550 est
1564 2496 1838 2550 miseratio
1869 2511 1933 2549 ex
1972 2495 2091 2548 ani-

459 2625 462 2634 ι
519 2605 608 2642 mo
657 2588 898 2642 collata:
956 2604 1018 2642 ac
1070 2603 1194 2642 vere
1242 2598 1296 2640 et
1345 2587 1557 2642 sincere
1590 2586 1910 2650 condolere,
1947 2585 2092 2639 cala-

519 2681 767 2734 mitatem
813 2693 1004 2747 magna
1050 2693 1114 2732 ex
1153 2688 1308 2747 parte
1347 2677 1506 2732 levat.
1552 2677 1722 2733 Homo
1759 2677 1901 2745 apud
1937 2675 2092 2746 teju-

521 2781 704 2824 mento
731 2770 897 2840 278
927 2770 1086 2824 vilior
1119 2785 1224 2824 non
1252 2778 1367 2834 est,
1410 2784 1442 2824 ο
1475 2770 1666 2832 homo,
1698 2769 1838 2838 quod
1876 2784 1999 2822 cum
2037 2768 2090 2820 in

523 2861 740 2914 foveam
772 2860 985 2926 incidit,
1017 2871 1108 2914 aut
1133 2860 1439 2923 aberravit,
1470 2860 1679 2926 erigere
1701 2898 1728 2923 ,.
1747 2873 1808 2912 ac
1840 2862 2094 2912 reducere

525 2953 619 3005 tibi
668 2951 752 3006 lex
805 2953 1195 3021 prmscribit“.
1248 2952 1302 3006 Si
1361 2952 1486 3020 quid
1545 2961 1722 3006 autem
1781 2951 2094 3018 profundius

528 3042 708 3108 aliud,
750 3053 805 3097 et
847 3044 1020 3114 magis
1062 3058 1318 3098 arcanum
1347 3042 1611 3108 occultet,
1637 3042 1933 3110 cuiusmodi
1969 3052 2094 3095 sunt

526 3135 692 3188 multa
725 3133 909 3203 legalis
945 3133 1329 3204 profunditatis
1357 3149 1420 3189 ac
1445 3133 1674 3203 duplicis
1718 3149 1910 3188 sensus
1930 3173 1945 3196 ,
1991 3149 2095 3188 non
2125 3123 2164 3178 C

529 3237 612 3280 est
638 3242 812 3280 meum
845 3242 1030 3288 nosse,
1067 3243 1251 3282 verum
1289 3226 1520 3296 Spiritus
1543 3227 1721 3282 omnia
1754 3237 2096 3296 perscrutan—

533 3321 601 3373 tis
632 3329 686 3374 et
719 3320 1096 3390 cognoscentis
1130 3337 1143 3372 :
1179 3329 1437 3389 quantum
1467 3334 1596 3374 vero
1635 3320 1747 3387 ipse
1778 3321 1987 3373 ratione
2018 3327 2102 3371 at-

532 3427 634 3478 que
665 3411 1014 3480 intelligentia
1043 3411 1297 3480 consequi
1331 3425 1572 3480 possunt,
1605 3411 1705 3464 hoc
1741 3411 1861 3464 ideo
1897 3409 2098 3472 sanxit,

530 3513 590 3556 ut
621 3519 715 3558 nos
749 3505 817 3558 ab
854 3504 1223 3567 humanitate,
1252 3518 1412 3572 quam
1445 3505 1496 3556 in
1537 3503 1694 3558 rebus
1733 3502 1914 3570 parvis
1945 3503 2100 3556 adhi-

531 3598 748 3663 bemus,
805 3598 872 3651 ad
930 3597 1191 3666 majorem
1253 3596 1658 3666 plenioremque
1716 3595 2099 3664 benignitatem

534 3697 804 3742 exerceat.
850 3688 1057 3754 Quanta
1105 3688 1246 3742 enim
1273 3728 1286 3749 ,
1326 3702 1540 3756 quaeso,
1575 3687 1696 3752 his,
1741 3687 1832 3755 qui
1859 3686 2102 3756 ejusdem

538 3780 815 3835 nobiscum
844 3780 1060 3850 generis
1089 3791 1250 3848 atque
1275 3781 1502 3835 honoris
1535 3789 1681 3846 sunt,
1709 3779 1952 3841 debetur,
1985 3794 2104 3848 qua:

536 3876 615 3925 vel
646 3887 816 3941 usque
847 3874 913 3927 ad
943 3889 1026 3936 ea,
1056 3887 1174 3941 qua:
1200 3873 1406 3928 ratione
1438 3882 1648 3939 carent,
1675 3871 1952 3942 exigitur?

608 3961 799 4020 XXIX.
841 3962 1014 4031 Atque
1038 3963 1149 4016 haec
1185 3962 1400 4031 quidem
1443 3963 1669 4016 suadent
1734 3963 1892 4025 ratio,
1919 3968 1974 4012 et
2000 3959 2106 4023 lex,

541 4063 594 4105 et
626 4053 900 4105 hominum
930 4052 1350 4106 moderatissimi
1382 4053 1605 4121 quique,
1645 4051 1785 4120 apud
1815 4065 1948 4118 quos
1973 4064 2108 4118 prte-

540 4139 786 4194 stahilius
823 4127 1050 4195 habetur
1093 4140 1413 4197 beneﬁcium
1463 4142 1590 4196 dare
1629 4154 1788 4210 quam
1825 4143 2106 4208 accipere,

542 4229 838 4301 Inajoriqtte
872 4231 1048 4286 studio
1094 4241 1176 4285 est
1224 4231 1629 4296 misericordia,
1673 4245 1832 4298 quam
1876 4229 2103 4283 lucrum.

541 4323 680 4388 Quid
711 4338 835 4379 vero
861 4323 925 4378 de
951 4326 1150 4380 nostris
1182 4324 1512 4392 sapientibus
1535 4324 1777 4378 dixeris?
1803 4322 1946 4377 Nihil
1966 4325 2106 4377 enim

540 4415 607 4467 de
629 4415 828 4470 exteris
853 4415 1000 4481 dico,
1035 4417 1127 4485 qui
1157 4417 1302 4472 vitiis
1328 4415 1443 4471 suis
1481 4427 1738 4484 patronos
1782 4415 1908 4470 deos
1945 4428 2108 4468 exeo-

615 4534 658 4564 ¹⁶
690 4531 829 4587 Psal.
863 4549 918 4597 ι,
954 4533 1038 4599 I4,
1065 4551 1171 4589 sec.
1209 4534 1378 4589 Ilehr.
1447 4537 1487 4567 “
1520 4535 1675 4590 Deut.
1702 4551 1837 4601 xxn,
1871 4536 1892 4588 I
1924 4550 2074 4604 seqq.

2189 1857 2480 1931 χρῄζουσιν
2534 1861 2881 1930 ἀνοιγόμενα.
2925 1862 3014 1932 Μὴ
3052 1861 3316 1933 βουληθῇς
3364 1863 3564 1932 ἐπᾶραι
3601 1868 3724 1934 χεῖρα

2183 1953 2314 2006 Θεὸν
2347 1953 2459 2023 (45)
2488 1953 2626 2006 κατά
2645 1953 2752 2007 τῶν
2777 1953 3237 2024 ὑψαυχενοῦντων,
3272 1957 3366 2008 κα)⁵
3399 1959 3728 2028 παρατρεχονο

2185 2060 2292 2096 των
2341 2047 2466 2107 τοὺς
2505 2044 2738 2114 πένητας
2779 2043 2913 2114 (44).
2973 2046 3059 2097 Ἐν
3104 2045 3409 2116 ἀλλοτρίαις
3466 2051 3730 2117 συμφοραῖς

2187 2132 2357 2187 ταῦτα
2382 2132 2700 2204 παιδεύθητι
2721 2151 2735 2165 ·
2773 2133 2861 2197 δός
2894 2151 2945 2186 τι
2979 2134 3074 2187 καὶ
3109 2133 3218 2204 (45)
3259 2133 3457 2205 μικρὸν
3479 2135 3554 2203 τῷ
3577 2134 3731 2203 655p:-

2185 2241 2294 2294 νῳ·
2351 2225 2411 2276 οὐ
2459 2223 2570 2294 γὰρ
2613 2225 2806 2294 μικρὸν
2863 2224 2941 2294 τῷ
2991 2226 3208 2276 πάντων
3249 2224 3470 2288 ὲπιδεεί,
3502 2225 3606 2276 ἀλλ’

2187 2317 2264 2386 τῷ
2295 2317 2407 2387 (46)
2442 2316 2581 2386 Θεῷ,
2610 2315 2676 2369 ἂν
2765 2316 2904 2372 κατὰ
2945 2317 3194 2387 δύναμιν.
3237 2318 3336 2379 Δὸς
3375 2318 3494 2369 ἀντὶ
3530 2318 3733 2387 μεγάλου

2188 2408 2286 2477 τὴν
2319 2407 2650 2478 προθυμίαν·
2679 2411 2726 2460 εί
2759 2409 2922 2479 μηδὲν
2970 2409 3100 2480 ἔχῃς
3137 2409 3270 2478 (47),
3301 2409 3569 2479 δάκρυσον
3608 2408 3732 2477 (48)·

2195 2499 2334 2568 μέγα
2363 2498 2439 2568 τῷ
2478 2499 2589 2568 (49)
2621 2499 2904 2568 ἀτυχοῦντι
2933 2501 3242 2570 φάρμακον,
3272 2499 3419 2561 ἕλεος
3447 2498 3549 2553 ἀπὸ
3585 2498 3736 2567 ψυχῆς

2190 2591 2614 2661 είσφερόμενοςο
2673 2590 2766 2644 καὶ
2815 2590 2875 2642 τὸ
2914 2591 3194 2657 συναλγεῖν
3236 2589 3494 2659 γνησίως,
3537 2588 3656 2641 πολύ
3696 2607 3739 2639 τι

2192 2683 2438 2751 κουφίζει
2471 2684 2568 2753 τῆς
2617 2684 2918 2754 συμφορᾶς.
2979 2683 3090 2735 Οὐκ
3130 2683 3274 2734 ἔστιν
3308 2681 3634 2752 ἀτιμώτεώς
3673 2699 3739 2732 τοι

2192 2774 2284 2826 τοῦ
2309 2775 2534 2844 κτήνους
2559 2773 2588 2825 ὅ
2617 2773 2920 2844 ἄνθρωπος,
2942 2772 2987 2825 ὦ
3011 2773 3121 2843 (50)
3151 2772 3422 2843 ἄνθρωπε,
3446 2772 3474 2823 δ
3507 2772 3654 2823 πεσὸν
3677 2774 3742 2832 εἰς

2195 2862 2404 2934 βόθρον,
2439 2862 2470 2933 ἢ
2501 2862 2789 2934 πλανηθὲν,
2829 2864 3130 2935 ἀνεγείρειν
3163 2880 3241 2915 σοι
3273 2864 3366 2915 καὶ
3413 2863 3688 2929 ἐπανάγειν
3723 2865 3744 2913 ὁ

2193 2953 2353 3022 νόμος
2405 2953 2807 3006 διακελεύεται·
2843 2956 2891 3007 εἱ
2951 2954 3048 3024 μέν
3101 2972 3151 3006 τι
3212 2954 3302 3006 καὶ
3337 2953 3461 3006 ἄλλο
3516 2952 3746 3022 κρύπτων

2195 3045 2636 3116 ἁπορῤητὸτερον
2675 3047 2768 3098 καὶ
2807 3045 3117 3116 βαθύτερον,
3150 3033 3324 3098 οἷα’τὰ
3349 3045 3516 3097 πολλά
3541 3044 3746 3114 (51)τοῦ

2199 3136 2422 3208 νομικοῦ
2453 3137 2650 3208 βάθους
2683 3139 2775 3190 καὶ
2805 3139 2900 3208 τῆς
2931 3139 3175 3208 διπλόης,
3207 3139 3307 3190 οὐκ
3339 3137 3469 3208 ἐμὸν
3506 3137 3650 3190 τοῦτο
3682 3140 3749 3189 εἰ·

2199 3229 2367 3290 δέναι,
2409 3229 2544 3283 ἀλλὰ
2581 3229 2676 3283 τοῦ
2716 3231 2892 3282 πάντα
2925 3230 3255 3299 ὲρευνῶντος
3293 3231 3387 3284 καὶ
3419 3230 3754 3298 γινώσκοντος

2201 3320 2338 3372 Πνεύ
2348 3339 2516 3391 ματος
2534 3339 2547 3354 ο
2578 3322 2607 3374 ὃ
2627 3322 2670 3374 δ’
2700 3317 2791 3374 οὖν
2818 3321 2926 3390 ἐγὼ
2952 3323 3062 3392 (52)
3092 3322 3511 3394 καταλαμϐάνω,
3536 3324 3621 3375 καὶ
3641 3323 3756 3373 ὅσον

2203 3414 2280 3476 είς
2313 3413 2400 3466 τὸν
2434 3413 2564 3483 ἐμὸν
2586 3413 2707 3483 ἥκει
2743 3413 2918 3481 λόγον,
2948 3415 3238 3484 γυμνάζων
3266 3416 3416 3484 ἡμᾶς
3439 3415 3543 3468 ἀπὸ
3565 3415 3655 3483 τῆς
3687 3415 3755 3474 εἰς

2201 3505 2268 3558 τὰ
2327 3505 2499 3576 μικρὰ
2547 3505 2974 3576 φιλανθρωπίας,
3024 3508 3115 3560 ἐπὶ
3158 3509 3255 3577 τὴν
3285 3507 3617 3577 τελειοτέραν
3654 3506 3755 3572 (55)

2204 3599 2296 3650 καὶ
2348 3598 2587 3666 μείζονα.
2643 3591 2788 3669 Πόση
2840 3600 2956 3672 γάρ,
3005 3599 3274 3670 ὀφείλεται
3335 3602 3447 3663 τοῖς
3489 3599 3760 3668 ὁμοφύλοις

2205 3691 2296 3741 καὶ
2355 3689 2633 3760 ὁμοτίμοις
2681 3692 2713 3762 ἡ
2760 3691 2854 3743 καί
2901 3691 3058 3761 μέχρι
3102 3691 3210 3743 τῶν
3265 3691 3471 3759 ἀλόγων
3521 3693 3763 3742 ἀπαιτου-

2211 3783 2344 3851 μένη
2368 3799 2382 3845 ;

2286 3957 2410 4010 KG'.
2452 3958 2632 4012 Ταῦτα
2659 3960 2755 4029 μὲν
2778 3956 2869 4014 οὖν
2901 3961 2929 4012 ὁ
2960 3960 3132 4028 λόγος,
3170 3961 3261 4013 καὶ
3284 3963 3312 4012 ὁ
3335 3962 3513 4030 νόμος,
3549 3960 3641 4012 καὶ
3669 3961 3768 4010 τῶν

2212 4048 2511 4119 ἀνθρώπων
2539 4053 2586 4104 οἱ
2615 4052 2988 4124 μετριώτατοι,
3022 4053 3150 4121 παρ’
3181 4047 3262 4115 οἷς
3290 4053 3350 4104 τὸ
3391 4049 3447 4105 εὖ
3485 4055 3650 4105 ποιεῖν
3685 4052 3770 4102 τοῦ

2211 4140 2441 4210 πάσχειν
2466 4141 2807 4212 τιμιώτερον,
2833 4142 2926 4194 καὶ
2950 4142 3532 4214 περισπουδαστότερος
3553 4141 3776 4212 κέρδους

2211 4231 2376 4294 ἔλεος.
2427 4232 2489 4283 Τί
2519 4233 2563 4285 δ’
2587 4233 2651 4285 ἂν
2699 4234 2871 4296 εἴποις
2919 4235 3046 4304 περὶ
3094 4234 3200 4286 τῶν
3233 4234 3352 4287 καθ’
3385 4236 3528 4304 ἡμᾶς
3570 4234 3776 4301 σοᾳέγη

2225 4321 2329 4373 Ἐὦ
2365 4322 2473 4391 γὰρ
2499 4323 2677 4390 λέγειν
2707 4323 2830 4387 τοὺς
2853 4323 3069 4389 ἔξωθεν,
3100 4323 3148 4376 οἳ
3179 4324 3504 4395 συνηγόρους
3531 4326 3643 4385 τοῖς
3683 4325 3778 4373 πά-

2214 4411 2328 4466 θεσι
2364 4413 2516 4477 θεοὺς
2552 4413 2912 4484 εὑρίσκοντες,
2949 4415 3039 4466 καὶ
3068 4412 3145 4483 τῷ
3168 4411 3406 4483 Κερδώῳ
3435 4412 3563 4482 (54),
3592 4405 3642 4477 ᾧ
3674 4411 3776 4480 (ὧι

613 4627 722 4695 (57)
752 4625 1330 4695 Ἐγκαταλ-ἐλειπται.
1371 4627 1503 4695 Reg.
1545 4630 1666 4692 bm,
1719 4627 2110 4695 ὲγκαταλείπε-
2144 4630 2186 4684 D
2217 4637 2402 4695 xpuoy.

539 4714 649 4749 ται.

615 4765 728 4836 (58)
756 4765 1170 4834 Παρατρέχεις.
1209 4765 1299 4822 Sic
1334 4765 1498 4836 Regg.
1537 4782 1588 4831 a,
1617 4768 1728 4832 hrn,
1761 4781 1812 4830 c,
1843 4767 1898 4830 d,
1933 4776 1984 4821 et
2016 4765 2109 4821 Or.

542 4837 595 4890 2.
641 4835 756 4907 Ed”
782 4837 1143 4907 παρατρέχῃς.

615 4905 723 4974 (59)
759 4905 1110 4972 Ἀλλότριοζέ.
1133 4925 1149 4954 t
1174 4905 1442 4968 Alienus,»
1465 4922 1654 4972 nempe
1674 4947 1686 4970 ,
1715 4925 1732 4956 t
1762 4905 2059 4960 Diabolus.»

615 4975 725 5048 (λίθ)
764 4974 948 5048 Τόοξῳ.
983 4978 1035 5048 I_n
1067 4976 1403 5048 quibusdam,
1427 4976 1684 5048 τοσούτω.

617 5044 727 5117 (il)
759 5044 946 5111 Πλῄς.
967 5045 1043 5117 kin
1068 5045 1207 5117 aliis,
1249 5044 1694 5117 πλεῖςίμκιιιιίιιέ]⁶

620 5052 696 5114 (ιι
759 5052 946 5111 nam.
990 5052 1043 5097 1η
1068 5052 1207 5106 aliis,
1249 5052 1398 5108 πλεῖς
1426 5052 1694 5117 [reetius].

620 5052 730 5186 (4:!)
761 5114 1025 5182 Εὐεκτῇς
1056 5115 1152 5168 καὶ
1191 5116 1478 5186 πλουτῇς.
1513 5117 1676 5185 Regg.
1709 5129 1825 5180 a,c,
1855 5117 1908 5178 d,
1941 5114 2034 5170 0r.
2056 5115 2107 5166 2.

549 5184 800 5248 Matutae“
831 5187 1071 5248 εὑεκτείς
1101 5186 1192 5238 καὶ
1218 5184 1486 5248 πλουτεῖς.

621 5256 730 5324 (45)
763 5255 858 5323 Μὴ
906 5254 1220 5323 βουληθῇς
1268 5253 1478 5323 ἐπᾶραι
1517 5255 1683 5323 χεῖρα
1733 5255 1900 5308 Θεόν.
1936 5255 2106 5324 (Pan,

553 5328 624 5395 μὴ
664 5324 938 5396 βουληθεὶς
969 5327 1241 5398 ξπαρᾴραι
1264 5328 1416 5394 χεῖρα
1449 5327 1566 5398 Θεῷ
1597 5325 1908 5398 [corrupte].
1936 5333 1988 5391 )t
2032 5325 2104 5379 Ne

550 5398 851 5450 eomtnittas
886 5409 941 5450 ut
973 5396 1110 5450 Deus
1141 5412 1352 5450 manum
1377 5396 1630 5451 extendat
1662 5397 1712 5449 in
1744 5412 1854 5459 eos,
1896 5416 1912 5447 ›
1952 5408 2058 5449 etc.

621 5465 737 5535 (44)
767 5466 916 5532 Τοὺς
937 5465 1214 5533 πένητας.
1256 5467 1376 5520 Haec
1401 5469 1592 5520 desunt
1613 5468 1663 5520 in
1697 5464 1827 5533 Reg.
1860 5469 1966 5520 Iun.

622 5535 731 5602 (45)
766 5535 825 5588 Tt
857 5537 976 5590 καί.
1013 5535 1213 5589 Desunt
1247 5537 1296 5589 in
1331 5537 1597 5590 nonnullis
1621 5539 1776 5590 codd.

623 5605 735 5674 (46)
769 5605 868 5670 Τῷ.
891 5609 979 5658 Sic
1009 5604 1171 5676 Ilegg.
1192 5621 1240 5669 a,
1261 5621 1288 5676 e_
1306 5645 1318 5664 ,
1339 5611 1368 5658 tl
1387 5647 1400 5670 ,
1419 5619 1468 5660 et
1496 5609 1642 5662 Orat.
1662 5606 1716 5658 2.
1743 5606 1896 5658 Deest
1921 5606 1966 5658 in
1985 5606 2108 5676 etiil.

558 5745 577 5758 ν
627 5676 1034 5745 (οηιέἱμηδὲν
1072 5674 1236 5744 ἔχῃς.
1274 5674 1435 5746 Regg.
1486 5680 1552 5740 (Ι,
1602 5678 1709 5738 btn,
1758 5677 1804 5726 εί
1847 5676 1900 5728 δὲ
1952 5675 2113 5745 μηδὲν

556 5762 714 5806 ειγεις.

587 5764 734 5885 xiiii)
771 5815 1095 5883 Δάκρυσον.
1136 5804 1300 5885 Itegg.
1345 5833 1404 5880 a,
1450 5834 1508 5884 e,
1547 5817 1610 5880 d,
1653 5826 1700 5871 et
1743 5814 1891 5868 Orat.
1935 5815 1988 5879 2,
2025 5815 2113 5866 δά-

2292 4691 2403 4759 (49)
2435 4688 2538 4760 Τῷ.
2562 4690 2662 4760 γείο
2695 4689 2860 4760 Regg.
2898 4706 2948 4752 a,
2982 4706 3087 4743 om.
3123 4689 3281 4744 Deest
3310 4688 3361 4742 in
3391 4688 3519 4743 edit.

2560 4759 2717 4846 D‘eest
2752 4755 3096 4846 iit'pluribus.

2287 4824 2396 4901 (51)
2424 4825 2526 4882 Οἷα
2546 4829 2619 4901 τὰ
2655 4824 2886 4894 πολλά,
2921 4843 3024 4884 etc.
3067 4851 3084 4880 ε
3119 4829 3426 4895 Cuiusmodi
3467 4833 3592 4879 sunt
3625 4824 3786 4877 multa

2222 4899 2410 4969 legalis
2438 4899 2841 4968 profunditatis,
2880 4916 2940 4953 ac
2982 4900 3208 4966 duplicis
3249 4915 3472 4959 sensus,
3511 4915 3526 4946 ι
3553 4911 3788 4969 -ιιβῳβε,

2225 4991 2240 5018 ι
2271 4965 2565 5039 spiritualis
2596 4979 2649 5023 et
2672 4970 2966 5038 allegorici.
2993 4987 3009 5020 ι
3050 4965 3162 5022 Non
3184 4971 3318 5022 bene
3359 4970 3521 5033 igitur
3549 4965 3784 5018 Billins:

2226 5059 2242 5089 ι
2275 5039 2578 5109 Cuiusmodi
2618 5039 2901 5107 plerasque
2942 5041 3126 5109 legalis
3155 5041 3486 5108 profunditas
3507 5052 3788 5090 sensuum-

2223 5128 2326 5178 que
2349 5110 2634 5177 duplicitas
2659 5109 2839 5178 habet.
2887 5129 2905 5161 ι

2289 5179 2397 5249 (52)
2427 5173 2500 5231 ⁷’Ὁ
2530 5179 2579 5231 δ’
2614 5175 2726 5233 οὖν
2745 5179 2874 5249 ἐπί).
2907 5181 2978 5232 Ila
3013 5179 3176 5249 Regg.
3213 5194 3263 5242 a,
3299 5179 3406 5249 lini,
3435 5190 3486 5231 et
3517 5180 3621 5231 0r.
3653 5177 3708 5229 Ξ.
3740 5173 3786 5224 In

2218 5246 2559 5318 quihusdam,
2593 5250 2668 5311 ὡς
2700 5249 2742 5302 δ’
2772 5246 2863 5303 οὖν
2889 5249 3014 5317 ἐγώ.
3040 5246 3194 5303 Deest
3226 5246 3335 5316 ἐγώ
3366 5249 3416 5300 in
3445 5251 3576 5302 edit.

2283 5321 2392 5389 (55)
2424 5319 2820 5386 Ίέλειοτέραν.
2847 5318 3011 5389 Regg.
3045 5335 3096 5379 a.
3125 5336 3172 5382 e,
3203 5320 3258 5383 tl,
3290 5331 3344 5372 et
3375 5322 3468 5376 Ur.
3494 5318 3551 5379 2,
3603 5317 3790 5370 τελεω-

2215 5392 2395 5445 τέοαν.

2435 5458 2696 5526 Κερδώῳ.
2739 5479 2755 5510 ι
2789 5460 2999 5525 Lucrio,
3037 5459 3321 5514 Mercurio.
3352 5478 3370 5510 ι
3412 5459 3580 5528 ltegg.
3616 5458 3788 5518 bm,r,

2219 5535 2272 5594 d,
2304 5529 2502 5599 κέρδει,
2535 5547 2552 5578 t
2587 5531 2751 5584 lucro.
2780 5551 2798 5581 ι

2288 5595 2398 5670 (55)
2440 5595 2529 5669 ᾮ.
2568 5599 2723 5670 Deest
2773 5603 2824 5654 in
2871 5599 3002 5670 Reg.
3040 5615 3091 5655 e.
3145 5600 3206 5653 Et
3247 5610 3416 5663 certo,
3457 5612 3521 5651 eo
3583 5597 3793 5670 sublato

2220 5665 2548 5724 commodior
2583 5683 2664 5724 est
2715 5669 2892 5729 lectio.
2940 5665 3001 5724 ac
3042 5673 3118 5725 sic
3158 5673 3292 5724 verti
3351 5677 3526 5738 potest
3575 5687 3589 5721 :
3628 5687 3648 5719 ι
3690 5665 3793 5718 ιιιεη

2225 5758 2380 5805 tero,
2413 5741 2554 5808 quod
2596 5741 2768 5794 adhuc
2812 5748 2961 5810 pejus
3011 5751 3114 5806 est,
3163 5741 3274 5810 lege
3306 5752 3358 5794 et
3397 5754 3545 5794 more
3595 5754 3791 5792 sanxe—

2223 5821 2393 5877 ι·ιιιιι,ι
2433 5821 2532 5866 etc.
