  <div class='ocr_page' id='page_1' title='image "/cluster/home/n/w/nwhite01/storage/ocr_20150623/35/hvd.32044024473308/455.png"; bbox 0 0 3844 6390; ppageno 0'>
   <div class='ocr_carea' id='block_1_1' title="bbox 509 249 613 304">
    <p class='ocr_par' dir='ltr' id='par_1_1' title="bbox 509 249 613 304">
     <span class='ocr_line' id='line_1_1' title="bbox 509 249 613 304; baseline 0 -1"><span class='ocrx_word' id='word_1_1' title='bbox 509 249 613 304; x_wconf 81' lang='lat'><strong>899</strong></span> 
     </span>
    </p>
   </div>
   <div class='ocr_carea' id='block_1_2' title="bbox 1660 197 2079 302">
    <p class='ocr_par' dir='ltr' id='par_1_2' title="bbox 1660 216 2079 294">
     <span class='ocr_line' id='line_1_2' title="bbox 1660 216 2079 294; baseline -0.012 -1"><span class='ocrx_word' id='word_1_2' title='bbox 1660 216 2079 294; x_wconf 61' lang='lat' dir='ltr'><strong>&#39;s.Gaecon</strong></span> 
     </span>
    </p>
   </div>
   <div class='ocr_carea' id='block_1_3' title="bbox 2188 197 3709 302">
    <p class='ocr_par' dir='ltr' id='par_1_3' title="bbox 2188 197 3709 287">
     <span class='ocr_line' id='line_1_3' title="bbox 2188 197 3709 287; baseline -0.004 0"><span class='ocrx_word' id='word_1_3' title='bbox 2188 197 2518 287; x_wconf 80' lang='lat' dir='ltr'><strong>ruEOLocI</strong></span> <span class='ocrx_word' id='word_1_4' title='bbox 3632 235 3709 287; x_wconf 65' lang='grc' dir='ltr'><strong>θαι</strong></span> 
     </span>
    </p>
   </div>
   <div class='ocr_carea' id='block_1_4' title="bbox 508 343 2079 428">
    <p class='ocr_par' dir='ltr' id='par_1_4' title="bbox 508 353 2074 428">
     <span class='ocr_line' id='line_1_4' title="bbox 508 353 2074 428; baseline -0.012 -8"><span class='ocrx_word' id='word_1_5' title='bbox 508 378 615 421; x_wconf 88' lang='lat' dir='ltr'><strong>tem</strong></span> <span class='ocrx_word' id='word_1_6' title='bbox 648 361 825 417; x_wconf 84' lang='lat' dir='ltr'><strong>metiri</strong></span> <span class='ocrx_word' id='word_1_7' title='bbox 867 361 948 425; x_wconf 78' lang='lat'>“;</span> <span class='ocrx_word' id='word_1_8' title='bbox 985 358 1105 428; x_wconf 88' lang='lat' dir='ltr'><strong>quis</strong></span> <span class='ocrx_word' id='word_1_9' title='bbox 1153 357 1348 411; x_wconf 68' lang='lat' dir='ltr'><strong>divina:</strong></span> <span class='ocrx_word' id='word_1_10' title='bbox 1381 355 1430 407; x_wconf 91' lang='lat' dir='ltr'><strong>in</strong></span> <span class='ocrx_word' id='word_1_11' title='bbox 1472 353 1722 407; x_wconf 89' lang='lat' dir='ltr'><strong>omnibus</strong></span> <span class='ocrx_word' id='word_1_12' title='bbox 1774 353 1936 406; x_wconf 83' lang='lat' dir='ltr'><strong>rebus</strong></span> <span class='ocrx_word' id='word_1_13' title='bbox 1989 367 2074 402; x_wconf 87' lang='lat' dir='ltr'><strong>sa-</strong></span> 
     </span>
    </p>
   </div>
   <div class='ocr_carea' id='block_1_5' title="bbox 2188 343 3715 428">
    <p class='ocr_par' dir='ltr' id='par_1_5' title="bbox 2188 343 3715 418">
     <span class='ocr_line' id='line_1_5' title="bbox 2188 343 3715 418; baseline 0.003 -19"><span class='ocrx_word' id='word_1_14' title='bbox 2188 348 2268 400; x_wconf 75' lang='grc' dir='ltr'><strong>καὶ</strong></span> <span class='ocrx_word' id='word_1_15' title='bbox 2292 347 2555 415; x_wconf 76' lang='grc' dir='ltr'>πεποίηκε</span> <span class='ocrx_word' id='word_1_16' title='bbox 2579 343 2644 397; x_wconf 66' lang='grc' dir='ltr'>τὰ</span> <span class='ocrx_word' id='word_1_17' title='bbox 2681 345 2878 409; x_wconf 76' lang='grc' dir='ltr'>πάντα,</span> <span class='ocrx_word' id='word_1_18' title='bbox 2917 346 3007 400; x_wconf 56' lang='grc' dir='ltr'><strong>καὶ⁸</strong></span> <span class='ocrx_word' id='word_1_19' title='bbox 3036 346 3232 399; x_wconf 86' lang='grc' dir='ltr'>διοικεῖ</span> <span class='ocrx_word' id='word_1_20' title='bbox 3265 346 3484 418; x_wconf 78' lang='grc' dir='ltr'><strong>τρόπον,</strong></span> <span class='ocrx_word' id='word_1_21' title='bbox 3512 346 3566 399; x_wconf 80' lang='grc' dir='ltr'>ὃν</span> <span class='ocrx_word' id='word_1_22' title='bbox 3589 351 3715 416; x_wconf 64' lang='grc' dir='ltr'>αὐτὸς</span> 
     </span>
    </p>
   </div>
   <div class='ocr_carea' id='block_1_6' title="bbox 507 439 2072 529">
    <p class='ocr_par' dir='ltr' id='par_1_6' title="bbox 507 439 2072 529">
     <span class='ocr_line' id='line_1_6' title="bbox 507 439 2072 529; baseline -0.013 -17"><span class='ocrx_word' id='word_1_23' title='bbox 507 439 724 529; x_wconf 71' lang='grc' dir='ltr'>ρίθιιιίὲο</span> <span class='ocrx_word' id='word_1_24' title='bbox 750 449 1187 522; x_wconf 72' lang='lat' dir='ltr'><strong>profunditatem,</strong></span> <span class='ocrx_word' id='word_1_25' title='bbox 1220 460 1316 516; x_wconf 90' lang='lat' dir='ltr'><strong>per</strong></span> <span class='ocrx_word' id='word_1_26' title='bbox 1339 460 1499 515; x_wconf 90' lang='lat' dir='ltr'><strong>quam</strong></span> <span class='ocrx_word' id='word_1_27' title='bbox 1529 454 1583 498; x_wconf 90' lang='lat' dir='ltr'><strong>et</strong></span> <span class='ocrx_word' id='word_1_28' title='bbox 1616 443 1797 497; x_wconf 83' lang='lat' dir='ltr'><strong>omnia</strong></span> <span class='ocrx_word' id='word_1_29' title='bbox 1837 439 2072 504; x_wconf 86' lang='lat' dir='ltr'><strong>creavit,</strong></span> 
     </span>
    </p>
   </div>
   <div class='ocr_carea' id='block_1_7' title="bbox 508 531 2074 613">
    <p class='ocr_par' dir='ltr' id='par_1_7' title="bbox 508 531 2074 613">
     <span class='ocr_line' id='line_1_7' title="bbox 508 531 2074 613; baseline -0.013 -12"><span class='ocrx_word' id='word_1_30' title='bbox 508 557 563 602; x_wconf 89' lang='lat' dir='ltr'><strong>ct</strong></span> <span class='ocrx_word' id='word_1_31' title='bbox 585 561 671 611; x_wconf 91' lang='lat' dir='ltr'><strong>ea,</strong></span> <span class='ocrx_word' id='word_1_32' title='bbox 691 540 1144 613; x_wconf 80' lang='lat' dir='ltr'><strong>quemadmodum</strong></span> <span class='ocrx_word' id='word_1_33' title='bbox 1171 539 1286 606; x_wconf 91' lang='lat' dir='ltr'><strong>ipse</strong></span> <span class='ocrx_word' id='word_1_34' title='bbox 1307 536 1417 590; x_wconf 92' lang='lat' dir='ltr'><strong>vult</strong></span> <span class='ocrx_word' id='word_1_35' title='bbox 1464 550 1526 590; x_wconf 91' lang='lat' dir='ltr'><strong>ac</strong></span> <span class='ocrx_word' id='word_1_36' title='bbox 1550 535 1718 600; x_wconf 88' lang='lat' dir='ltr'><strong>novit,</strong></span> <span class='ocrx_word' id='word_1_37' title='bbox 1747 531 2074 590; x_wconf 88' lang='lat' dir='ltr'><strong>moderatur,</strong></span> 
     </span>
    </p>
   </div>
   <div class='ocr_carea' id='block_1_8' title="bbox 508 618 2076 701">
    <p class='ocr_par' dir='ltr' id='par_1_8' title="bbox 508 618 2076 701">
     <span class='ocr_line' id='line_1_8' title="bbox 508 618 2076 701; baseline -0.011 -13"><span class='ocrx_word' id='word_1_38' title='bbox 508 632 838 701; x_wconf 80' lang='lat' dir='ltr'><strong>investigare</strong></span> <span class='ocrx_word' id='word_1_39' title='bbox 892 627 1090 697; x_wconf 89' lang='lat' dir='ltr'><strong>queat?</strong></span> <span class='ocrx_word' id='word_1_40' title='bbox 1140 626 1285 680; x_wconf 84' lang='lat' dir='ltr'><strong>Satis</strong></span> <span class='ocrx_word' id='word_1_41' title='bbox 1329 626 1470 680; x_wconf 89' lang='lat' dir='ltr'><strong>enim</strong></span> <span class='ocrx_word' id='word_1_42' title='bbox 1508 623 1663 677; x_wconf 90' lang='lat' dir='ltr'><strong>nobis</strong></span> <span class='ocrx_word' id='word_1_43' title='bbox 1687 631 1789 688; x_wconf 90' lang='lat' dir='ltr'><strong>est,</strong></span> <span class='ocrx_word' id='word_1_44' title='bbox 1834 618 2076 688; x_wconf 80' lang='lat' dir='ltr'><strong>Apostoli</strong></span> 
     </span>
    </p>
   </div>
   <div class='ocr_carea' id='block_1_9' title="bbox 507 708 2077 789">
    <p class='ocr_par' dir='ltr' id='par_1_9' title="bbox 507 708 2077 789">
     <span class='ocr_line' id='line_1_9' title="bbox 507 708 2077 789; baseline -0.01 -13"><span class='ocrx_word' id='word_1_45' title='bbox 507 718 776 788; x_wconf 69' lang='lat' dir='ltr'><strong>exemplo,</strong></span> <span class='ocrx_word' id='word_1_46' title='bbox 803 717 968 786; x_wconf 80' lang='lat' dir='ltr'><strong>ipsius</strong></span> <span class='ocrx_word' id='word_1_47' title='bbox 1005 715 1438 789; x_wconf 41' lang='lat' dir='ltr'><strong>conﬁciendae-et</strong></span> <span class='ocrx_word' id='word_1_48' title='bbox 1467 711 1900 781; x_wconf 82' lang='lat' dir='ltr'><strong>contemplandae</strong></span> <span class='ocrx_word' id='word_1_49' title='bbox 1942 708 2077 762; x_wconf 88' lang='lat' dir='ltr'><strong>dilli-</strong></span> 
     </span>
    </p>
   </div>
   <div class='ocr_carea' id='block_1_10' title="bbox 509 801 2078 873">
    <p class='ocr_par' dir='ltr' id='par_1_10' title="bbox 509 801 2078 873">
     <span class='ocr_line' id='line_1_10' title="bbox 509 801 2078 873; baseline -0.009 -7"><span class='ocrx_word' id='word_1_50' title='bbox 509 810 767 866; x_wconf 90' lang='lat' dir='ltr'><strong>cultatem</strong></span> <span class='ocrx_word' id='word_1_51' title='bbox 801 807 1124 861; x_wconf 85' lang='lat' dir='ltr'><strong>admirando</strong></span> <span class='ocrx_word' id='word_1_52' title='bbox 1165 806 1337 860; x_wconf 90' lang='lat' dir='ltr'><strong>solum</strong></span> <span class='ocrx_word' id='word_1_53' title='bbox 1373 805 1740 873; x_wconf 88' lang='lat' dir='ltr'><strong>pertransire:</strong></span> <span class='ocrx_word' id='word_1_54' title='bbox 1779 801 1822 856; x_wconf 92' lang='lat'><em>0</em></span> <span class='ocrx_word' id='word_1_55' title='bbox 1855 801 2078 854; x_wconf 79' lang='lat' dir='ltr'><strong>altitudo</strong></span> 
     </span>
    </p>
   </div>
   <div class='ocr_carea' id='block_1_11' title="bbox 509 895 2074 967">
    <p class='ocr_par' dir='ltr' id='par_1_11' title="bbox 509 895 2074 967">
     <span class='ocr_line' id='line_1_11' title="bbox 509 895 2074 967; baseline -0.009 -9"><span class='ocrx_word' id='word_1_56' title='bbox 509 902 811 958; x_wconf 79' lang='lat' dir='ltr'><strong>divitiarum</strong></span> <span class='ocrx_word' id='word_1_57' title='bbox 843 900 1112 967; x_wconf 77' lang='lat' dir='ltr'><strong>sapientiw</strong></span> <span class='ocrx_word' id='word_1_58' title='bbox 1142 908 1190 951; x_wconf 86' lang='lat' dir='ltr'><strong>et</strong></span> <span class='ocrx_word' id='word_1_59' title='bbox 1230 899 1462 952; x_wconf 75' lang='lat' dir='ltr'><strong>scientia:</strong></span> <span class='ocrx_word' id='word_1_60' title='bbox 1511 896 1608 950; x_wconf 89' lang='lat' dir='ltr'><strong>Dei</strong></span> <span class='ocrx_word' id='word_1_61' title='bbox 1634 898 1654 949; x_wconf 90' lang='lat'><strong><em>!</em></strong></span> <span class='ocrx_word' id='word_1_62' title='bbox 1683 910 1838 964; x_wconf 81' lang='lat' dir='ltr'><strong>quam</strong></span> <span class='ocrx_word' id='word_1_63' title='bbox 1877 895 2074 948; x_wconf 77' lang='lat' dir='ltr'><strong>inscru-</strong></span> 
     </span>
    </p>
   </div>
   <div class='ocr_carea' id='block_1_12' title="bbox 510 985 2073 1060">
    <p class='ocr_par' dir='ltr' id='par_1_12' title="bbox 510 985 2073 1060">
     <span class='ocr_line' id='line_1_12' title="bbox 510 985 2073 1060; baseline -0.006 -12"><span class='ocrx_word' id='word_1_64' title='bbox 510 993 692 1048; x_wconf 84' lang='lat' dir='ltr'><strong>tabilia</strong></span> <span class='ocrx_word' id='word_1_65' title='bbox 723 1002 842 1045; x_wconf 87' lang='lat' dir='ltr'><strong>sunt</strong></span> <span class='ocrx_word' id='word_1_66' title='bbox 858 991 1067 1060; x_wconf 85' lang='lat' dir='ltr'><strong>judicia</strong></span> <span class='ocrx_word' id='word_1_67' title='bbox 1103 990 1238 1058; x_wconf 79' lang='lat' dir='ltr'><strong>ejus,</strong></span> <span class='ocrx_word' id='word_1_68' title='bbox 1266 999 1312 1043; x_wconf 85' lang='lat' dir='ltr'><strong>et</strong></span> <span class='ocrx_word' id='word_1_69' title='bbox 1343 988 1726 1056; x_wconf 80' lang='lat' dir='ltr'><strong>investigabiles</strong></span> <span class='ocrx_word' id='word_1_70' title='bbox 1752 990 1847 1041; x_wconf 77' lang='lat' dir='ltr'><strong>vite</strong></span> <span class='ocrx_word' id='word_1_71' title='bbox 1876 985 2073 1056; x_wconf 81' lang='lat' dir='ltr'><strong>ejus”!</strong></span> 
     </span>
    </p>
   </div>
   <div class='ocr_carea' id='block_1_13' title="bbox 511 1079 2079 1149">
    <p class='ocr_par' dir='ltr' id='par_1_13' title="bbox 511 1079 2079 1149">
     <span class='ocr_line' id='line_1_13' title="bbox 511 1079 2079 1149; baseline -0.006 -10"><span class='ocrx_word' id='word_1_72' title='bbox 511 1085 608 1149; x_wconf 86' lang='lat' dir='ltr'><strong>Et,</strong></span> <span class='ocrx_word' id='word_1_73' title='bbox 647 1086 778 1149; x_wconf 84' lang='lat' dir='ltr'><strong>Quis</strong></span> <span class='ocrx_word' id='word_1_74' title='bbox 820 1081 954 1136; x_wconf 87' lang='lat' dir='ltr'><strong>novit</strong></span> <span class='ocrx_word' id='word_1_75' title='bbox 987 1091 1210 1136; x_wconf 80' lang='lat' dir='ltr'><strong>mentem</strong></span> <span class='ocrx_word' id='word_1_76' title='bbox 1260 1081 1472 1142; x_wconf 78' lang='lat' dir='ltr'><strong>Domini</strong></span> <span class='ocrx_word' id='word_1_77' title='bbox 1503 1081 1585 1134; x_wconf 65' lang='lat'><strong>‘5?</strong></span> <span class='ocrx_word' id='word_1_78' title='bbox 1633 1079 1798 1145; x_wconf 84' lang='lat' dir='ltr'><strong>Quis,</strong></span> <span class='ocrx_word' id='word_1_79' title='bbox 1855 1089 1914 1133; x_wconf 87' lang='lat' dir='ltr'><strong>ut</strong></span> <span class='ocrx_word' id='word_1_80' title='bbox 1959 1094 2079 1132; x_wconf 85' lang='lat' dir='ltr'><strong>com</strong></span> 
     </span>
    </p>
   </div>
   <div class='ocr_carea' id='block_1_14' title="bbox 509 1167 2082 1242">
    <p class='ocr_par' dir='ltr' id='par_1_14' title="bbox 509 1167 2082 1242">
     <span class='ocr_line' id='line_1_14' title="bbox 509 1167 2082 1242; baseline -0.005 -14"><span class='ocrx_word' id='word_1_81' title='bbox 509 1174 610 1229; x_wconf 83' lang='lat' dir='ltr'><strong>Job</strong></span> <span class='ocrx_word' id='word_1_82' title='bbox 638 1173 849 1242; x_wconf 78' lang='lat' dir='ltr'><strong>loquar,</strong></span> <span class='ocrx_word' id='word_1_83' title='bbox 878 1172 947 1224; x_wconf 83' lang='lat' dir='ltr'><strong>ad</strong></span> <span class='ocrx_word' id='word_1_84' title='bbox 984 1187 1244 1224; x_wconf 84' lang='lat' dir='ltr'><strong>sumntum</strong></span> <span class='ocrx_word' id='word_1_85' title='bbox 1284 1171 1554 1238; x_wconf 74' lang='lat' dir='ltr'><strong>sapientia:</strong></span> <span class='ocrx_word' id='word_1_86' title='bbox 1610 1170 1722 1238; x_wconf 82' lang='lat' dir='ltr'><strong>ejus</strong></span> <span class='ocrx_word' id='word_1_87' title='bbox 1759 1169 1970 1221; x_wconf 80' lang='lat' dir='ltr'><strong>accessit</strong></span> <span class='ocrx_word' id='word_1_88' title='bbox 2002 1167 2082 1219; x_wconf 69' lang='lat'><strong>‘7?</strong></span> 
     </span>
    </p>
   </div>
   <div class='ocr_carea' id='block_1_15' title="bbox 513 1259 2080 1334">
    <p class='ocr_par' dir='ltr' id='par_1_15' title="bbox 513 1259 2080 1334">
     <span class='ocr_line' id='line_1_15' title="bbox 513 1259 2080 1334; baseline -0.006 -15"><span class='ocrx_word' id='word_1_89' title='bbox 513 1265 646 1332; x_wconf 70' lang='lat' dir='ltr'><strong>Qui:</strong></span> <span class='ocrx_word' id='word_1_90' title='bbox 673 1265 903 1334; x_wconf 77' lang='lat' dir='ltr'><strong>sapiens,</strong></span> <span class='ocrx_word' id='word_1_91' title='bbox 949 1272 998 1316; x_wconf 86' lang='lat' dir='ltr'><strong>et</strong></span> <span class='ocrx_word' id='word_1_92' title='bbox 1041 1263 1291 1330; x_wconf 84' lang='lat' dir='ltr'><strong>intelliget</strong></span> <span class='ocrx_word' id='word_1_93' title='bbox 1315 1263 1426 1315; x_wconf 71' lang='lat' dir='ltr'><strong>licet:</strong></span> <span class='ocrx_word' id='word_1_94' title='bbox 1480 1262 1546 1327; x_wconf 84' lang='grc'>¹⁸,</span> <span class='ocrx_word' id='word_1_95' title='bbox 1599 1277 1662 1316; x_wconf 83' lang='lat' dir='ltr'><strong>ac</strong></span> <span class='ocrx_word' id='word_1_96' title='bbox 1696 1276 1801 1314; x_wconf 90' lang='lat' dir='ltr'><strong>non</strong></span> <span class='ocrx_word' id='word_1_97' title='bbox 1857 1275 1954 1330; x_wconf 89' lang='lat' dir='ltr'><strong>per</strong></span> <span class='ocrx_word' id='word_1_98' title='bbox 1992 1259 2080 1324; x_wconf 87' lang='lat' dir='ltr'><strong>id,</strong></span> 
     </span>
    </p>
   </div>
   <div class='ocr_carea' id='block_1_16' title="bbox 2179 438 3714 511">
    <p class='ocr_par' dir='ltr' id='par_1_16' title="bbox 2179 438 3714 511">
     <span class='ocr_line' id='line_1_16' title="bbox 2179 438 3714 511; baseline 0.002 -19"><span class='ocrx_word' id='word_1_99' title='bbox 2179 441 2273 492; x_wconf 77' lang='grc' dir='ltr'><strong>καὶ</strong></span> <span class='ocrx_word' id='word_1_100' title='bbox 2301 438 2545 509; x_wconf 79' lang='grc' dir='ltr'>βούλεται</span> <span class='ocrx_word' id='word_1_101' title='bbox 2589 440 2684 490; x_wconf 66' lang='grc' dir='ltr'><strong>καὶ¹</strong></span> <span class='ocrx_word' id='word_1_102' title='bbox 2725 439 3046 504; x_wconf 58' lang='lat' dir='ltr'><strong>Exierant;</strong></span> <span class='ocrx_word' id='word_1_103' title='bbox 3087 439 3270 510; x_wconf 84' lang='grc' dir='ltr'>Ἀρκεῖ</span> <span class='ocrx_word' id='word_1_104' title='bbox 3309 439 3436 511; x_wconf 81' lang='grc' dir='ltr'>γὰρ,</span> <span class='ocrx_word' id='word_1_105' title='bbox 3480 441 3609 493; x_wconf 69' lang='grc' dir='ltr'>κατὰ</span> <span class='ocrx_word' id='word_1_106' title='bbox 3647 445 3714 496; x_wconf 75' lang='grc' dir='ltr'>τὸν</span> 
     </span>
    </p>
   </div>
   <div class='ocr_carea' id='block_1_17' title="bbox 2181 530 3718 604">
    <p class='ocr_par' dir='ltr' id='par_1_17' title="bbox 2181 530 3718 604">
     <span class='ocr_line' id='line_1_17' title="bbox 2181 530 3718 604; baseline 0.002 -20"><span class='ocrx_word' id='word_1_107' title='bbox 2181 531 2322 584; x_wconf 85' lang='grc' dir='ltr'>θεῖον</span> <span class='ocrx_word' id='word_1_108' title='bbox 2382 531 2724 596; x_wconf 87' lang='grc' dir='ltr'>Ἀπόστολον,</span> <span class='ocrx_word' id='word_1_109' title='bbox 2781 530 3167 600; x_wconf 76' lang='grc' dir='ltr'><strong>θαυμάσαντας</strong></span> <span class='ocrx_word' id='word_1_110' title='bbox 3231 531 3388 602; x_wconf 82' lang='grc' dir='ltr'>μόνον</span> <span class='ocrx_word' id='word_1_111' title='bbox 3446 532 3508 584; x_wconf 84' lang='grc' dir='ltr'>τὺ</span> <span class='ocrx_word' id='word_1_112' title='bbox 3554 534 3718 604; x_wconf 68' lang='grc' dir='ltr'>ταύτης</span> 
     </span>
    </p>
   </div>
   <div class='ocr_carea' id='block_1_18' title="bbox 2178 621 3719 694">
    <p class='ocr_par' dir='ltr' id='par_1_18' title="bbox 2178 621 3719 694">
     <span class='ocr_line' id='line_1_18' title="bbox 2178 621 3719 694; baseline 0.004 -21"><span class='ocrx_word' id='word_1_113' title='bbox 2178 621 2585 693; x_wconf 78' lang='grc' dir='ltr'><strong>δυστέκμαρτον</strong></span> <span class='ocrx_word' id='word_1_114' title='bbox 2606 622 2698 674; x_wconf 77' lang='grc' dir='ltr'><strong>καὶ</strong></span> <span class='ocrx_word' id='word_1_115' title='bbox 2715 621 3092 693; x_wconf 74' lang='grc' dir='ltr'><strong>δυσθεώρητον</strong></span> <span class='ocrx_word' id='word_1_116' title='bbox 3123 623 3413 693; x_wconf 82' lang='grc' dir='ltr'>παρελθεῖν</span> <span class='ocrx_word' id='word_1_117' title='bbox 3439 640 3451 653; x_wconf 91' lang='grc'><strong>·</strong></span> <span class='ocrx_word' id='word_1_118' title='bbox 3471 621 3538 676; x_wconf 78' lang='grc' dir='ltr'>Ὦ</span> <span class='ocrx_word' id='word_1_119' title='bbox 3559 626 3719 694; x_wconf 66' lang='grc' dir='ltr'><strong>,ϐᾶθί-ς</strong></span> 
     </span>
    </p>
   </div>
   <div class='ocr_carea' id='block_1_19' title="bbox 2181 714 3719 784">
    <p class='ocr_par' dir='ltr' id='par_1_19' title="bbox 2181 714 3719 784">
     <span class='ocr_line' id='line_1_19' title="bbox 2181 714 3719 784; baseline 0.003 -18"><span class='ocrx_word' id='word_1_120' title='bbox 2181 714 2467 778; x_wconf 77' lang='grc' dir='ltr'>πλούτου,</span> <span class='ocrx_word' id='word_1_121' title='bbox 2493 714 2588 766; x_wconf 78' lang='grc' dir='ltr'>καὶ</span> <span class='ocrx_word' id='word_1_122' title='bbox 2614 714 2855 781; x_wconf 67' lang='grc' dir='ltr'>σοφίας,</span> <span class='ocrx_word' id='word_1_123' title='bbox 2889 715 2986 784; x_wconf 68' lang='grc' dir='ltr'>καὶ</span> <span class='ocrx_word' id='word_1_124' title='bbox 3020 715 3294 784; x_wconf 65' lang='grc' dir='ltr'>γνώσεως</span> <span class='ocrx_word' id='word_1_125' title='bbox 3321 716 3471 768; x_wconf 80' lang='grc' dir='ltr'>Θεοῦ</span> <span class='ocrx_word' id='word_1_126' title='bbox 3497 716 3517 767; x_wconf 91' lang='lat'><strong>.&#39;</strong></span> <span class='ocrx_word' id='word_1_127' title='bbox 3542 717 3614 781; x_wconf 83' lang='grc' dir='ltr'><strong>ὡς</strong></span> <span class='ocrx_word' id='word_1_128' title='bbox 3639 720 3719 771; x_wconf 76' lang='grc' dir='ltr'><strong>ἀν-</strong></span> 
     </span>
    </p>
   </div>
   <div class='ocr_carea' id='block_1_20' title="bbox 2181 782 3722 874">
    <p class='ocr_par' dir='ltr' id='par_1_20' title="bbox 2181 782 3722 874">
     <span class='ocr_line' id='line_1_20' title="bbox 2181 782 3722 874; baseline 0.003 -17"><span class='ocrx_word' id='word_1_129' title='bbox 2181 804 2544 872; x_wconf 79' lang='grc' dir='ltr'>εξερεύνητα</span> <span class='ocrx_word' id='word_1_130' title='bbox 2589 805 2661 857; x_wconf 83' lang='grc' dir='ltr'>τὰ</span> <span class='ocrx_word' id='word_1_131' title='bbox 2709 782 2962 873; x_wconf 55' lang='grc' dir='ltr'>κριζαατῖα</span> <span class='ocrx_word' id='word_1_132' title='bbox 3008 807 3212 872; x_wconf 81' lang='grc' dir='ltr'>αὐτοῦ,</span> <span class='ocrx_word' id='word_1_133' title='bbox 3262 807 3359 859; x_wconf 81' lang='grc' dir='ltr'>καὶ</span> <span class='ocrx_word' id='word_1_134' title='bbox 3419 807 3722 874; x_wconf 77' lang='grc' dir='ltr'>ἀνεξιχνιά-</span> 
     </span>
    </p>
   </div>
   <div class='ocr_carea' id='block_1_21' title="bbox 2182 895 3721 966">
    <p class='ocr_par' dir='ltr' id='par_1_21' title="bbox 2182 895 3721 966">
     <span class='ocr_line' id='line_1_21' title="bbox 2182 895 3721 966; baseline 0.002 -16"><span class='ocrx_word' id='word_1_135' title='bbox 2182 913 2316 950; x_wconf 87' lang='grc' dir='ltr'>στοι</span> <span class='ocrx_word' id='word_1_136' title='bbox 2361 896 2472 964; x_wconf 85' lang='lat'><strong>(71)</strong></span> <span class='ocrx_word' id='word_1_137' title='bbox 2501 899 2560 949; x_wconf 82' lang='lat' dir='ltr'><strong>al</strong></span> <span class='ocrx_word' id='word_1_138' title='bbox 2596 895 2723 950; x_wconf 78' lang='grc' dir='ltr'>ὁδοὶ</span> <span class='ocrx_word' id='word_1_139' title='bbox 2757 896 2980 950; x_wconf 73' lang='grc' dir='ltr'>αὐτοῦ]</span> <span class='ocrx_word' id='word_1_140' title='bbox 3005 898 3115 960; x_wconf 79' lang='grc' dir='ltr'>καὶ,</span> <span class='ocrx_word' id='word_1_141' title='bbox 3149 898 3244 964; x_wconf 85' lang='grc' dir='ltr'>Τίς</span> <span class='ocrx_word' id='word_1_142' title='bbox 3270 899 3422 966; x_wconf 71' lang='grc' dir='ltr'>ἔγνω</span> <span class='ocrx_word' id='word_1_143' title='bbox 3458 899 3603 953; x_wconf 80' lang='grc' dir='ltr'><em>νοῦν</em></span> <span class='ocrx_word' id='word_1_144' title='bbox 3629 904 3721 953; x_wconf 76' lang='grc' dir='ltr'><strong>Κυ-</strong></span> 
     </span>
    </p>
   </div>
   <div class='ocr_carea' id='block_1_22' title="bbox 2174 987 3722 1060">
    <p class='ocr_par' dir='ltr' id='par_1_22' title="bbox 2174 987 3722 1060">
     <span class='ocr_line' id='line_1_22' title="bbox 2174 987 3722 1060; baseline 0.003 -20"><span class='ocrx_word' id='word_1_145' title='bbox 2174 988 2311 1057; x_wconf 80' lang='grc' dir='ltr'>ρίου</span> <span class='ocrx_word' id='word_1_146' title='bbox 2335 1004 2352 1050; x_wconf 90' lang='grc'><em>;</em></span> <span class='ocrx_word' id='word_1_147' title='bbox 2380 991 2478 1054; x_wconf 78' lang='grc' dir='ltr'><strong>Εἰς</strong></span> <span class='ocrx_word' id='word_1_148' title='bbox 2515 987 2568 1040; x_wconf 77' lang='grc' dir='ltr'>δὲ</span> <span class='ocrx_word' id='word_1_149' title='bbox 2591 989 2662 1041; x_wconf 84' lang='grc' dir='ltr'>τὰ</span> <span class='ocrx_word' id='word_1_150' title='bbox 2686 990 2914 1056; x_wconf 80' lang='grc' dir='ltr'><strong>ἔσχατα</strong></span> <span class='ocrx_word' id='word_1_151' title='bbox 2944 989 3054 1056; x_wconf 85' lang='grc' dir='ltr'>τῆς</span> <span class='ocrx_word' id='word_1_152' title='bbox 3083 992 3301 1058; x_wconf 58' lang='grc' dir='ltr'>σοφίας</span> <span class='ocrx_word' id='word_1_153' title='bbox 3321 990 3508 1044; x_wconf 85' lang='grc' dir='ltr'><strong>αὑτοῦ</strong></span> <span class='ocrx_word' id='word_1_154' title='bbox 3535 992 3617 1056; x_wconf 80' lang='grc' dir='ltr'><strong>τίς</strong></span> <span class='ocrx_word' id='word_1_155' title='bbox 3637 994 3722 1060; x_wconf 58' lang='grc' dir='ltr'><strong>ἀρ-</strong></span> 
     </span>
    </p>
   </div>
   <div class='ocr_carea' id='block_1_23' title="bbox 2184 1077 3720 1150">
    <p class='ocr_par' dir='ltr' id='par_1_23' title="bbox 2184 1077 3720 1150">
     <span class='ocr_line' id='line_1_23' title="bbox 2184 1077 3720 1150; baseline 0.002 -16"><span class='ocrx_word' id='word_1_156' title='bbox 2184 1081 2380 1144; x_wconf 83' lang='grc' dir='ltr'>ίκετο;</span> <span class='ocrx_word' id='word_1_157' title='bbox 2417 1080 2578 1150; x_wconf 65' lang='grc' dir='ltr'>φησιν</span> <span class='ocrx_word' id='word_1_158' title='bbox 2607 1082 2636 1132; x_wconf 87' lang='grc' dir='ltr'>ὁ</span> <span class='ocrx_word' id='word_1_159' title='bbox 2680 1079 2816 1133; x_wconf 80' lang='grc' dir='ltr'><strong>Ἰὼϐ.</strong></span> <span class='ocrx_word' id='word_1_160' title='bbox 2853 1077 2946 1146; x_wconf 82' lang='grc' dir='ltr'>Τίς</span> <span class='ocrx_word' id='word_1_161' title='bbox 2967 1081 3179 1149; x_wconf 61' lang='grc' dir='ltr'>σοφὸς,</span> <span class='ocrx_word' id='word_1_162' title='bbox 3216 1082 3314 1136; x_wconf 79' lang='grc' dir='ltr'>καὶ</span> <span class='ocrx_word' id='word_1_163' title='bbox 3341 1083 3595 1148; x_wconf 69' lang='grc' dir='ltr'>συνήθει</span> <span class='ocrx_word' id='word_1_164' title='bbox 3617 1086 3720 1137; x_wconf 80' lang='grc' dir='ltr'>ταῦ-</span> 
     </span>
    </p>
   </div>
   <div class='ocr_carea' id='block_1_24' title="bbox 2183 1171 3718 1252">
    <p class='ocr_par' dir='ltr' id='par_1_24' title="bbox 2183 1171 3718 1252">
     <span class='ocr_line' id='line_1_24' title="bbox 2183 1171 3718 1252; baseline 0.003 -25"><span class='ocrx_word' id='word_1_165' title='bbox 2183 1189 2273 1235; x_wconf 83' lang='grc' dir='ltr'><strong>τα,</strong></span> <span class='ocrx_word' id='word_1_166' title='bbox 2306 1174 2397 1225; x_wconf 71' lang='grc' dir='ltr'><strong>καὶ</strong></span> <span class='ocrx_word' id='word_1_167' title='bbox 2421 1173 2539 1252; x_wconf 50' lang='grc' dir='ltr'>ουχὶ</span> <span class='ocrx_word' id='word_1_168' title='bbox 2567 1171 2644 1243; x_wconf 83' lang='grc' dir='ltr'>τῷ</span> <span class='ocrx_word' id='word_1_169' title='bbox 2673 1173 2946 1244; x_wconf 83' lang='grc' dir='ltr'>ἀνεφίκτῳ</span> <span class='ocrx_word' id='word_1_170' title='bbox 2981 1173 3092 1245; x_wconf 70' lang='lat'><strong>(7‘2)</strong></span> <span class='ocrx_word' id='word_1_171' title='bbox 3115 1177 3375 1248; x_wconf 75' lang='grc' dir='ltr'><strong>μετρήσει</strong></span> <span class='ocrx_word' id='word_1_172' title='bbox 3401 1174 3462 1228; x_wconf 67' lang='grc' dir='ltr'>τὸ</span> <span class='ocrx_word' id='word_1_173' title='bbox 3494 1175 3623 1248; x_wconf 79' lang='grc' dir='ltr'>ὑπὲρ</span> <span class='ocrx_word' id='word_1_174' title='bbox 3643 1178 3718 1247; x_wconf 83' lang='grc' dir='ltr'><strong>μὲ-</strong></span> 
     </span>
    </p>
   </div>
   <div class='ocr_carea' id='block_1_25' title="bbox 2184 1280 2422 1336">
    <p class='ocr_par' dir='ltr' id='par_1_25' title="bbox 2184 1280 2422 1336">
     <span class='ocr_line' id='line_1_25' title="bbox 2184 1280 2422 1336; baseline -0.004 -20"><span class='ocrx_word' id='word_1_175' title='bbox 2184 1281 2376 1336; x_wconf 84' lang='grc' dir='ltr'>τρησιν</span> <span class='ocrx_word' id='word_1_176' title='bbox 2409 1280 2422 1292; x_wconf 89' lang='grc'>·</span> 
     </span>
    </p>
   </div>
   <div class='ocr_carea' id='block_1_26' title="bbox 513 1349 2080 1424">
    <p class='ocr_par' dir='ltr' id='par_1_26' title="bbox 513 1349 2080 1424">
     <span class='ocr_line' id='line_1_26' title="bbox 513 1349 2080 1424; baseline -0.001 -18"><span class='ocrx_word' id='word_1_177' title='bbox 513 1357 654 1422; x_wconf 85' lang='lat' dir='ltr'><strong>quod</strong></span> <span class='ocrx_word' id='word_1_178' title='bbox 688 1354 887 1424; x_wconf 85' lang='lat' dir='ltr'><strong>percipi</strong></span> <span class='ocrx_word' id='word_1_179' title='bbox 925 1369 1030 1408; x_wconf 90' lang='lat' dir='ltr'><strong>non</strong></span> <span class='ocrx_word' id='word_1_180' title='bbox 1059 1362 1252 1424; x_wconf 86' lang='lat' dir='ltr'><strong>potest,</strong></span> <span class='ocrx_word' id='word_1_181' title='bbox 1293 1353 1365 1416; x_wconf 90' lang='lat' dir='ltr'><strong>id,</strong></span> <span class='ocrx_word' id='word_1_182' title='bbox 1397 1349 1540 1423; x_wconf 81' lang='lat' dir='ltr'><strong>qd’od</strong></span> <span class='ocrx_word' id='word_1_183' title='bbox 1577 1368 1736 1423; x_wconf 82' lang='lat' dir='ltr'><strong>supra</strong></span> <span class='ocrx_word' id='word_1_184' title='bbox 1772 1367 2080 1406; x_wconf 78' lang='lat' dir='ltr'><strong>mensuram</strong></span> 
     </span>
    </p>
   </div>
   <div class='ocr_carea' id='block_1_27' title="bbox 509 1448 2008 1512">
    <p class='ocr_par' dir='ltr' id='par_1_27' title="bbox 509 1448 2008 1512">
     <span class='ocr_line' id='line_1_27' title="bbox 509 1448 2008 1512; baseline -0.003 -8"><span class='ocrx_word' id='word_1_185' title='bbox 509 1459 612 1512; x_wconf 86' lang='lat' dir='ltr'><strong>cst,</strong></span> <span class='ocrx_word' id='word_1_186' title='bbox 644 1448 935 1503; x_wconf 88' lang='lat' dir='ltr'><strong>metietur?</strong></span> <span class='ocrx_word' id='word_1_187' title='bbox 1935 1467 1942 1477; x_wconf 77' lang='grc' dir='ltr'><strong>ι</strong></span> <span class='ocrx_word' id='word_1_188' title='bbox 1997 1449 2008 1456; x_wconf 89' lang='grc'><strong>’</strong></span> 
     </span>
    </p>
   </div>
   <div class='ocr_carea' id='block_1_28' title="bbox 584 1536 2084 1610">
    <p class='ocr_par' dir='ltr' id='par_1_28' title="bbox 584 1536 2084 1610">
     <span class='ocr_line' id='line_1_28' title="bbox 584 1536 2084 1610; baseline -0.003 -16"><span class='ocrx_word' id='word_1_189' title='bbox 584 1538 781 1594; x_wconf 78' lang='lat' dir='ltr'><strong>XXXI.</strong></span> <span class='ocrx_word' id='word_1_190' title='bbox 811 1540 965 1594; x_wconf 85' lang='lat' dir='ltr'><strong>Alius</strong></span> <span class='ocrx_word' id='word_1_191' title='bbox 991 1539 1154 1610; x_wconf 82' lang='lat' dir='ltr'><strong>igitur</strong></span> <span class='ocrx_word' id='word_1_192' title='bbox 1176 1539 1229 1592; x_wconf 92' lang='lat' dir='ltr'><strong>in</strong></span> <span class='ocrx_word' id='word_1_193' title='bbox 1263 1538 1347 1592; x_wconf 85' lang='lat' dir='ltr'><strong>his</strong></span> <span class='ocrx_word' id='word_1_194' title='bbox 1380 1536 1538 1592; x_wconf 90' lang='lat' dir='ltr'><strong>rebus</strong></span> <span class='ocrx_word' id='word_1_195' title='bbox 1567 1545 1886 1592; x_wconf 78' lang='lat' dir='ltr'><strong>temerarius</strong></span> <span class='ocrx_word' id='word_1_196' title='bbox 1911 1545 1966 1591; x_wconf 92' lang='lat' dir='ltr'><strong>et</strong></span> <span class='ocrx_word' id='word_1_197' title='bbox 1989 1550 2084 1590; x_wconf 89' lang='lat' dir='ltr'><strong>au-</strong></span> 
     </span>
    </p>
   </div>
   <div class='ocr_carea' id='block_1_29' title="bbox 512 1629 2082 1702">
    <p class='ocr_par' dir='ltr' id='par_1_29' title="bbox 512 1629 2082 1702">
     <span class='ocr_line' id='line_1_29' title="bbox 512 1629 2082 1702; baseline -0.001 -18"><span class='ocrx_word' id='word_1_198' title='bbox 512 1631 615 1686; x_wconf 80' lang='lat' dir='ltr'><strong>dax</strong></span> <span class='ocrx_word' id='word_1_199' title='bbox 635 1632 727 1696; x_wconf 91' lang='lat' dir='ltr'><strong>sit,</strong></span> <span class='ocrx_word' id='word_1_200' title='bbox 757 1633 842 1686; x_wconf 92' lang='lat' dir='ltr'><strong>vel</strong></span> <span class='ocrx_word' id='word_1_201' title='bbox 869 1633 1045 1702; x_wconf 90' lang='lat' dir='ltr'><strong>potius</strong></span> <span class='ocrx_word' id='word_1_202' title='bbox 1078 1646 1236 1685; x_wconf 92' lang='lat' dir='ltr'><strong>nemo</strong></span> <span class='ocrx_word' id='word_1_203' title='bbox 1269 1632 1339 1684; x_wconf 88' lang='lat' dir='ltr'><strong>sit</strong></span> <span class='ocrx_word' id='word_1_204' title='bbox 1370 1647 1385 1684; x_wconf 90' lang='lat'><strong>:</strong></span> <span class='ocrx_word' id='word_1_205' title='bbox 1425 1645 1524 1700; x_wconf 80' lang='lat' dir='ltr'><strong>ego</strong></span> <span class='ocrx_word' id='word_1_206' title='bbox 1555 1639 1733 1683; x_wconf 89' lang='lat' dir='ltr'><strong>autem</strong></span> <span class='ocrx_word' id='word_1_207' title='bbox 1755 1669 1770 1692; x_wconf 93' lang='lat'><strong>,</strong></span> <span class='ocrx_word' id='word_1_208' title='bbox 1801 1629 1881 1683; x_wconf 87' lang='lat' dir='ltr'><strong>vel</strong></span> <span class='ocrx_word' id='word_1_209' title='bbox 1927 1629 2082 1700; x_wconf 84' lang='lat' dir='ltr'><strong>hujus</strong></span> 
     </span>
    </p>
   </div>
   <div class='ocr_carea' id='block_1_30' title="bbox 512 1723 2079 1795">
    <p class='ocr_par' dir='ltr' id='par_1_30' title="bbox 512 1723 2079 1795">
     <span class='ocr_line' id='line_1_30' title="bbox 512 1723 2079 1795; baseline 0 -19"><span class='ocrx_word' id='word_1_210' title='bbox 512 1725 637 1779; x_wconf 69' lang='lat' dir='ltr'><strong>vitae</strong></span> <span class='ocrx_word' id='word_1_211' title='bbox 657 1726 958 1781; x_wconf 89' lang='lat' dir='ltr'><strong>cruciatum</strong></span> <span class='ocrx_word' id='word_1_212' title='bbox 1002 1724 1353 1795; x_wconf 85' lang='lat' dir='ltr'><strong>improbitati,</strong></span> <span class='ocrx_word' id='word_1_213' title='bbox 1387 1723 1470 1778; x_wconf 85' lang='lat' dir='ltr'><strong>vel</strong></span> <span class='ocrx_word' id='word_1_214' title='bbox 1501 1737 1587 1777; x_wconf 92' lang='lat' dir='ltr'><strong>res</strong></span> <span class='ocrx_word' id='word_1_215' title='bbox 1613 1723 1762 1776; x_wconf 68' lang='lat' dir='ltr'><strong>laetas</strong></span> <span class='ocrx_word' id='word_1_216' title='bbox 1794 1730 1849 1776; x_wconf 92' lang='lat' dir='ltr'><strong>et</strong></span> <span class='ocrx_word' id='word_1_217' title='bbox 1885 1737 2079 1776; x_wconf 86' lang='lat' dir='ltr'><strong>secun-</strong></span> 
     </span>
    </p>
   </div>
   <div class='ocr_carea' id='block_1_31' title="bbox 513 1816 2083 1887">
    <p class='ocr_par' dir='ltr' id='par_1_31' title="bbox 513 1816 2083 1887">
     <span class='ocr_line' id='line_1_31' title="bbox 513 1816 2083 1887; baseline 0.001 -19"><span class='ocrx_word' id='word_1_218' title='bbox 513 1817 611 1872; x_wconf 88' lang='lat' dir='ltr'><strong>das</strong></span> <span class='ocrx_word' id='word_1_219' title='bbox 636 1819 823 1887; x_wconf 86' lang='lat' dir='ltr'><strong>pietati</strong></span> <span class='ocrx_word' id='word_1_220' title='bbox 847 1818 1068 1872; x_wconf 90' lang='lat' dir='ltr'><strong>omnino</strong></span> <span class='ocrx_word' id='word_1_221' title='bbox 1096 1818 1369 1872; x_wconf 87' lang='lat' dir='ltr'><strong>ascribere</strong></span> <span class='ocrx_word' id='word_1_222' title='bbox 1400 1831 1626 1880; x_wconf 90' lang='lat' dir='ltr'><strong>vereor;</strong></span> <span class='ocrx_word' id='word_1_223' title='bbox 1661 1816 1770 1868; x_wconf 91' lang='lat' dir='ltr'><strong>imo</strong></span> <span class='ocrx_word' id='word_1_224' title='bbox 1792 1829 1921 1869; x_wconf 88' lang='lat' dir='ltr'><strong>vero</strong></span> <span class='ocrx_word' id='word_1_225' title='bbox 1945 1831 2083 1869; x_wconf 81' lang='lat' dir='ltr'><strong>non-</strong></span> 
     </span>
    </p>
   </div>
   <div class='ocr_carea' id='block_1_32' title="bbox 513 1907 2082 1979">
    <p class='ocr_par' dir='ltr' id='par_1_32' title="bbox 513 1907 2082 1979">
     <span class='ocr_line' id='line_1_32' title="bbox 513 1907 2082 1979; baseline -0.004 -15"><span class='ocrx_word' id='word_1_226' title='bbox 513 1925 813 1979; x_wconf 88' lang='lat' dir='ltr'><strong>nunquam,</strong></span> <span class='ocrx_word' id='word_1_227' title='bbox 854 1920 908 1964; x_wconf 90' lang='lat' dir='ltr'><strong>et</strong></span> <span class='ocrx_word' id='word_1_228' title='bbox 945 1911 1045 1965; x_wconf 92' lang='lat' dir='ltr'><strong>hoc</strong></span> <span class='ocrx_word' id='word_1_229' title='bbox 1075 1911 1143 1963; x_wconf 89' lang='lat' dir='ltr'><strong>ob</strong></span> <span class='ocrx_word' id='word_1_230' title='bbox 1169 1909 1407 1978; x_wconf 82' lang='lat' dir='ltr'><strong>aliquam</strong></span> <span class='ocrx_word' id='word_1_231' title='bbox 1455 1907 1747 1961; x_wconf 91' lang='lat' dir='ltr'><strong>utilitatem</strong></span> <span class='ocrx_word' id='word_1_232' title='bbox 1781 1907 2082 1977; x_wconf 80' lang='lat' dir='ltr'><strong>contingit,</strong></span> 
     </span>
    </p>
   </div>
   <div class='ocr_carea' id='block_1_33' title="bbox 473 1998 2083 2070">
    <p class='ocr_par' dir='ltr' id='par_1_33' title="bbox 473 1998 2083 2070">
     <span class='ocr_line' id='line_1_33' title="bbox 473 1998 2083 2070; baseline -0.001 -17"><span class='ocrx_word' id='word_1_233' title='bbox 473 2050 476 2053; x_wconf 89' lang='lat'><strong>.</strong></span> <span class='ocrx_word' id='word_1_234' title='bbox 514 2016 706 2070; x_wconf 86' lang='lat' dir='ltr'><strong>nempe</strong></span> <span class='ocrx_word' id='word_1_235' title='bbox 751 2010 808 2054; x_wconf 95' lang='lat' dir='ltr'><strong>ut</strong></span> <span class='ocrx_word' id='word_1_236' title='bbox 859 2001 940 2055; x_wconf 85' lang='lat' dir='ltr'><strong>vel</strong></span> <span class='ocrx_word' id='word_1_237' title='bbox 988 2017 1085 2070; x_wconf 90' lang='lat' dir='ltr'><strong>pcr</strong></span> <span class='ocrx_word' id='word_1_238' title='bbox 1133 2000 1497 2069; x_wconf 90' lang='lat' dir='ltr'><strong>improborum</strong></span> <span class='ocrx_word' id='word_1_239' title='bbox 1545 1999 1910 2053; x_wconf 83' lang='lat' dir='ltr'><strong>calamitatem</strong></span> <span class='ocrx_word' id='word_1_240' title='bbox 1969 1998 2083 2052; x_wconf 89' lang='lat' dir='ltr'><strong>vitii</strong></span> 
     </span>
    </p>
   </div>
   <div class='ocr_carea' id='block_1_34' title="bbox 511 2088 2087 2161">
    <p class='ocr_par' dir='ltr' id='par_1_34' title="bbox 511 2088 2087 2161">
     <span class='ocr_line' id='line_1_34' title="bbox 511 2088 2087 2161; baseline -0.003 -15"><span class='ocrx_word' id='word_1_241' title='bbox 511 2106 705 2146; x_wconf 89' lang='lat' dir='ltr'><strong>cursus</strong></span> <span class='ocrx_word' id='word_1_242' title='bbox 730 2091 1081 2161; x_wconf 85' lang='lat' dir='ltr'><strong>reprimatur,</strong></span> <span class='ocrx_word' id='word_1_243' title='bbox 1111 2090 1192 2144; x_wconf 91' lang='lat' dir='ltr'><strong>vel</strong></span> <span class='ocrx_word' id='word_1_244' title='bbox 1224 2106 1319 2159; x_wconf 86' lang='lat' dir='ltr'><strong>per</strong></span> <span class='ocrx_word' id='word_1_245' title='bbox 1345 2091 1610 2144; x_wconf 92' lang='lat' dir='ltr'><strong>bonorum</strong></span> <span class='ocrx_word' id='word_1_246' title='bbox 1634 2088 1948 2144; x_wconf 81' lang='lat' dir='ltr'><strong>felicitatem</strong></span> <span class='ocrx_word' id='word_1_247' title='bbox 1977 2091 2087 2143; x_wconf 89' lang='lat' dir='ltr'><strong>vir-</strong></span> 
     </span>
    </p>
   </div>
   <div class='ocr_carea' id='block_1_35' title="bbox 513 2176 2084 2250">
    <p class='ocr_par' dir='ltr' id='par_1_35' title="bbox 513 2176 2084 2250">
     <span class='ocr_line' id='line_1_35' title="bbox 513 2176 2084 2250; baseline 0.001 -16"><span class='ocrx_word' id='word_1_248' title='bbox 513 2181 612 2234; x_wconf 92' lang='lat' dir='ltr'><strong>tuti</strong></span> <span class='ocrx_word' id='word_1_249' title='bbox 647 2181 728 2234; x_wconf 83' lang='lat' dir='ltr'><strong>via</strong></span> <span class='ocrx_word' id='word_1_250' title='bbox 762 2176 1070 2248; x_wconf 85' lang='lat' dir='ltr'><strong>muniatur;</strong></span> <span class='ocrx_word' id='word_1_251' title='bbox 1102 2181 1194 2234; x_wconf 90' lang='lat' dir='ltr'><strong>sed</strong></span> <span class='ocrx_word' id='word_1_252' title='bbox 1228 2180 1282 2233; x_wconf 91' lang='lat' dir='ltr'><strong>id</strong></span> <span class='ocrx_word' id='word_1_253' title='bbox 1318 2195 1422 2233; x_wconf 92' lang='lat' dir='ltr'><strong>non</strong></span> <span class='ocrx_word' id='word_1_254' title='bbox 1449 2193 1685 2250; x_wconf 87' lang='lat' dir='ltr'><strong>semper,</strong></span> <span class='ocrx_word' id='word_1_255' title='bbox 1714 2196 1812 2236; x_wconf 91' lang='lat' dir='ltr'><strong>nec</strong></span> <span class='ocrx_word' id='word_1_256' title='bbox 1837 2181 2084 2244; x_wconf 89' lang='lat' dir='ltr'><strong>omnino,</strong></span> 
     </span>
    </p>
   </div>
   <div class='ocr_carea' id='block_1_36' title="bbox 513 2271 2084 2342">
    <p class='ocr_par' dir='ltr' id='par_1_36' title="bbox 513 2271 2084 2342">
     <span class='ocr_line' id='line_1_36' title="bbox 513 2271 2084 2342; baseline 0 -18"><span class='ocrx_word' id='word_1_257' title='bbox 513 2286 700 2326; x_wconf 91' lang='lat' dir='ltr'><strong>verum</strong></span> <span class='ocrx_word' id='word_1_258' title='bbox 728 2273 829 2326; x_wconf 91' lang='lat' dir='ltr'><strong>hoc</strong></span> <span class='ocrx_word' id='word_1_259' title='bbox 859 2273 1024 2342; x_wconf 76' lang='lat'><strong>280</strong></span> <span class='ocrx_word' id='word_1_260' title='bbox 1047 2271 1231 2326; x_wconf 81' lang='lat' dir='ltr'><strong>futuro</strong></span> <span class='ocrx_word' id='word_1_261' title='bbox 1257 2271 1484 2341; x_wconf 89' lang='lat' dir='ltr'><strong>tempori</strong></span> <span class='ocrx_word' id='word_1_262' title='bbox 1521 2279 1730 2326; x_wconf 91' lang='lat' dir='ltr'><strong>tantum</strong></span> <span class='ocrx_word' id='word_1_263' title='bbox 1756 2283 2084 2336; x_wconf 85' lang='lat' dir='ltr'><strong>reservatur,</strong></span> 
     </span>
    </p>
   </div>
   <div class='ocr_carea' id='block_1_37' title="bbox 515 2362 2089 2434">
    <p class='ocr_par' dir='ltr' id='par_1_37' title="bbox 515 2362 2089 2434">
     <span class='ocr_line' id='line_1_37' title="bbox 515 2362 2089 2434; baseline 0 -16"><span class='ocrx_word' id='word_1_264' title='bbox 515 2363 570 2418; x_wconf 89' lang='lat' dir='ltr'><strong>in</strong></span> <span class='ocrx_word' id='word_1_265' title='bbox 613 2378 720 2433; x_wconf 91' lang='lat' dir='ltr'><strong>quo</strong></span> <span class='ocrx_word' id='word_1_266' title='bbox 754 2364 846 2418; x_wconf 89' lang='lat' dir='ltr'><strong>alii</strong></span> <span class='ocrx_word' id='word_1_267' title='bbox 878 2364 1094 2417; x_wconf 88' lang='lat' dir='ltr'><strong>virtutis</strong></span> <span class='ocrx_word' id='word_1_268' title='bbox 1129 2362 1368 2434; x_wconf 79' lang='lat' dir='ltr'><strong>praemiis</strong></span> <span class='ocrx_word' id='word_1_269' title='bbox 1395 2402 1410 2428; x_wconf 92' lang='lat'><strong>,</strong></span> <span class='ocrx_word' id='word_1_270' title='bbox 1459 2362 1550 2416; x_wconf 90' lang='lat' dir='ltr'><strong>alii</strong></span> <span class='ocrx_word' id='word_1_271' title='bbox 1602 2365 1869 2434; x_wconf 78' lang='lat' dir='ltr'><strong>scelerum</strong></span> <span class='ocrx_word' id='word_1_272' title='bbox 1915 2364 2089 2433; x_wconf 78' lang='lat' dir='ltr'><strong>pcetiis</strong></span> 
     </span>
    </p>
   </div>
   <div class='ocr_carea' id='block_1_38' title="bbox 516 2452 2090 2522">
    <p class='ocr_par' dir='ltr' id='par_1_38' title="bbox 516 2452 2090 2522">
     <span class='ocr_line' id='line_1_38' title="bbox 516 2452 2090 2522; baseline 0 -15"><span class='ocrx_word' id='word_1_273' title='bbox 516 2452 839 2518; x_wconf 80' lang='lat' dir='ltr'><strong>allicientur.</strong></span> <span class='ocrx_word' id='word_1_274' title='bbox 885 2452 1173 2522; x_wconf 85' lang='lat' dir='ltr'><strong>Resurgent</strong></span> <span class='ocrx_word' id='word_1_275' title='bbox 1216 2455 1355 2507; x_wconf 85' lang='lat' dir='ltr'><strong>enim</strong></span> <span class='ocrx_word' id='word_1_276' title='bbox 1382 2492 1397 2516; x_wconf 94' lang='lat'><strong>,</strong></span> <span class='ocrx_word' id='word_1_277' title='bbox 1431 2453 1643 2522; x_wconf 89' lang='lat' dir='ltr'><strong>inquit,</strong></span> <span class='ocrx_word' id='word_1_278' title='bbox 1681 2455 1735 2506; x_wconf 88' lang='lat' dir='ltr'><strong>hi</strong></span> <span class='ocrx_word' id='word_1_279' title='bbox 1769 2454 1825 2506; x_wconf 84' lang='lat' dir='ltr'><strong>in</strong></span> <span class='ocrx_word' id='word_1_280' title='bbox 1860 2470 2090 2508; x_wconf 77' lang='lat' dir='ltr'><strong>resurre-</strong></span> 
     </span>
    </p>
   </div>
   <div class='ocr_carea' id='block_1_39' title="bbox 516 2545 2086 2614">
    <p class='ocr_par' dir='ltr' id='par_1_39' title="bbox 516 2545 2086 2614">
     <span class='ocr_line' id='line_1_39' title="bbox 516 2545 2086 2614; baseline 0 -16"><span class='ocrx_word' id='word_1_281' title='bbox 516 2545 737 2599; x_wconf 81' lang='lat' dir='ltr'><strong>ctionem</strong></span> <span class='ocrx_word' id='word_1_282' title='bbox 760 2547 894 2608; x_wconf 62' lang='lat' dir='ltr'><strong>vitae,</strong></span> <span class='ocrx_word' id='word_1_283' title='bbox 921 2546 1004 2604; x_wconf 83' lang='lat' dir='ltr'><strong>illi</strong></span> <span class='ocrx_word' id='word_1_284' title='bbox 1035 2547 1090 2598; x_wconf 89' lang='lat' dir='ltr'><strong>in</strong></span> <span class='ocrx_word' id='word_1_285' title='bbox 1124 2545 1553 2598; x_wconf 78' lang='lat' dir='ltr'><strong>resurrectionem</strong></span> <span class='ocrx_word' id='word_1_286' title='bbox 1568 2545 1762 2614; x_wconf 84' lang='lat' dir='ltr'><strong>judicii</strong></span> <span class='ocrx_word' id='word_1_287' title='bbox 1793 2546 1856 2598; x_wconf 68' lang='lat'><strong>‘9.</strong></span> <span class='ocrx_word' id='word_1_288' title='bbox 1891 2545 2086 2599; x_wconf 83' lang='lat' dir='ltr'><strong>Rerum</strong></span> 
     </span>
    </p>
   </div>
   <div class='ocr_carea' id='block_1_40' title="bbox 519 2635 2088 2714">
    <p class='ocr_par' dir='ltr' id='par_1_40' title="bbox 519 2635 2088 2714">
     <span class='ocr_line' id='line_1_40' title="bbox 519 2635 2088 2714; baseline 0.001 -25"><span class='ocrx_word' id='word_1_289' title='bbox 519 2647 700 2692; x_wconf 88' lang='lat' dir='ltr'><strong>autem</strong></span> <span class='ocrx_word' id='word_1_290' title='bbox 729 2635 888 2705; x_wconf 85' lang='lat' dir='ltr'><strong>hujus</strong></span> <span class='ocrx_word' id='word_1_291' title='bbox 909 2637 1007 2691; x_wconf 75' lang='lat' dir='ltr'><strong>aevi</strong></span> <span class='ocrx_word' id='word_1_292' title='bbox 1030 2637 1134 2690; x_wconf 89' lang='lat' dir='ltr'><strong>alia</strong></span> <span class='ocrx_word' id='word_1_293' title='bbox 1168 2635 1343 2689; x_wconf 80' lang='lat' dir='ltr'><strong>forma</strong></span> <span class='ocrx_word' id='word_1_294' title='bbox 1366 2646 1472 2698; x_wconf 88' lang='lat' dir='ltr'><strong>est,</strong></span> <span class='ocrx_word' id='word_1_295' title='bbox 1506 2636 1718 2704; x_wconf 87' lang='lat' dir='ltr'><strong>aliaque</strong></span> <span class='ocrx_word' id='word_1_296' title='bbox 1750 2637 2088 2714; x_wconf 81' lang='lat' dir='ltr'><strong>gubernatio,</strong></span> 
     </span>
    </p>
   </div>
   <div class='ocr_carea' id='block_1_41' title="bbox 519 2727 2091 2798">
    <p class='ocr_par' dir='ltr' id='par_1_41' title="bbox 519 2727 2091 2798">
     <span class='ocr_line' id='line_1_41' title="bbox 519 2727 2091 2798; baseline -0.001 -16"><span class='ocrx_word' id='word_1_297' title='bbox 519 2729 737 2784; x_wconf 88' lang='lat' dir='ltr'><strong>tametsi</strong></span> <span class='ocrx_word' id='word_1_298' title='bbox 767 2729 942 2783; x_wconf 86' lang='lat' dir='ltr'><strong>omnia</strong></span> <span class='ocrx_word' id='word_1_299' title='bbox 990 2744 1054 2783; x_wconf 90' lang='lat' dir='ltr'><strong>eo</strong></span> <span class='ocrx_word' id='word_1_300' title='bbox 1091 2729 1265 2783; x_wconf 81' lang='lat' dir='ltr'><strong>ferant</strong></span> <span class='ocrx_word' id='word_1_301' title='bbox 1289 2769 1302 2792; x_wconf 93' lang='lat'><strong>,</strong></span> <span class='ocrx_word' id='word_1_302' title='bbox 1335 2739 1496 2798; x_wconf 89' lang='lat' dir='ltr'><strong>atque</strong></span> <span class='ocrx_word' id='word_1_303' title='bbox 1528 2730 1670 2797; x_wconf 88' lang='lat' dir='ltr'><strong>apud</strong></span> <span class='ocrx_word' id='word_1_304' title='bbox 1706 2727 1872 2782; x_wconf 91' lang='lat' dir='ltr'><strong>Deum</strong></span> <span class='ocrx_word' id='word_1_305' title='bbox 1913 2744 2091 2798; x_wconf 64' lang='lat' dir='ltr'><strong>aequa-</strong></span> 
     </span>
    </p>
   </div>
   <div class='ocr_carea' id='block_1_42' title="bbox 517 2807 2079 2895">
    <p class='ocr_par' dir='ltr' id='par_1_42' title="bbox 517 2807 2079 2888">
     <span class='ocr_line' id='line_1_42' title="bbox 517 2807 2079 2888; baseline -0.002 -13"><span class='ocrx_word' id='word_1_306' title='bbox 517 2819 627 2875; x_wconf 91' lang='lat' dir='ltr'><strong>bile</strong></span> <span class='ocrx_word' id='word_1_307' title='bbox 646 2819 899 2888; x_wconf 88' lang='lat' dir='ltr'><strong>quiddam</strong></span> <span class='ocrx_word' id='word_1_308' title='bbox 931 2807 1120 2888; x_wconf 82' lang='lat' dir='ltr'><strong>procul</strong></span> <span class='ocrx_word' id='word_1_309' title='bbox 1153 2819 1316 2874; x_wconf 91' lang='lat' dir='ltr'><strong>dubio</strong></span> <span class='ocrx_word' id='word_1_310' title='bbox 1338 2819 1536 2874; x_wconf 85' lang='lat' dir='ltr'><strong>habeat</strong></span> <span class='ocrx_word' id='word_1_311' title='bbox 1569 2819 1619 2872; x_wconf 91' lang='lat' dir='ltr'><strong>id</strong></span> <span class='ocrx_word' id='word_1_312' title='bbox 1651 2820 1790 2887; x_wconf 89' lang='lat' dir='ltr'><strong>quod</strong></span> <span class='ocrx_word' id='word_1_313' title='bbox 1822 2819 1975 2874; x_wconf 91' lang='lat' dir='ltr'><strong>nobis</strong></span> <span class='ocrx_word' id='word_1_314' title='bbox 2009 2820 2079 2872; x_wconf 89' lang='lat' dir='ltr'><strong>in-</strong></span> 
     </span>
    </p>
   </div>
   <div class='ocr_carea' id='block_1_43' title="bbox 2188 2807 3726 2895">
    <p class='ocr_par' dir='ltr' id='par_1_43' title="bbox 2195 2821 3726 2895">
     <span class='ocr_line' id='line_1_43' title="bbox 2195 2821 3726 2895; baseline 0.001 -21"><span class='ocrx_word' id='word_1_315' title='bbox 2195 2821 2387 2890; x_wconf 78' lang='grc' dir='ltr'>ἐξοχάς</span> <span class='ocrx_word' id='word_1_316' title='bbox 2429 2838 2487 2873; x_wconf 89' lang='grc' dir='ltr'><strong>τε</strong></span> <span class='ocrx_word' id='word_1_317' title='bbox 2531 2822 2624 2873; x_wconf 77' lang='grc' dir='ltr'><strong>καὶ</strong></span> <span class='ocrx_word' id='word_1_318' title='bbox 2667 2821 2904 2890; x_wconf 77' lang='grc' dir='ltr'>είσοχὰς,</span> <span class='ocrx_word' id='word_1_319' title='bbox 2953 2824 3157 2893; x_wconf 79' lang='grc' dir='ltr'>μεγέθη</span> <span class='ocrx_word' id='word_1_320' title='bbox 3191 2842 3247 2876; x_wconf 87' lang='grc' dir='ltr'><strong>τε</strong></span> <span class='ocrx_word' id='word_1_321' title='bbox 3285 2828 3377 2877; x_wconf 75' lang='grc' dir='ltr'><strong>καὶ</strong></span> <span class='ocrx_word' id='word_1_322' title='bbox 3411 2825 3726 2895; x_wconf 72' lang='grc' dir='ltr'>μικρότητας,</span> 
     </span>
    </p>
   </div>
   <div class='ocr_carea' id='block_1_44' title="bbox 517 2911 2079 2983">
    <p class='ocr_par' dir='ltr' id='par_1_44' title="bbox 517 2911 2079 2980">
     <span class='ocr_line' id='line_1_44' title="bbox 517 2911 2079 2980; baseline -0.001 -15"><span class='ocrx_word' id='word_1_323' title='bbox 517 2911 725 2980; x_wconf 67' lang='lat' dir='ltr'><strong>aequale</strong></span> <span class='ocrx_word' id='word_1_324' title='bbox 751 2925 871 2965; x_wconf 92' lang='lat' dir='ltr'><strong>esse</strong></span> <span class='ocrx_word' id='word_1_325' title='bbox 898 2911 1116 2966; x_wconf 90' lang='lat' dir='ltr'><strong>videtur</strong></span> <span class='ocrx_word' id='word_1_326' title='bbox 1146 2928 1160 2965; x_wconf 90' lang='lat'><strong>:</strong></span> <span class='ocrx_word' id='word_1_327' title='bbox 1207 2911 1348 2964; x_wconf 87' lang='lat' dir='ltr'><strong>haud</strong></span> <span class='ocrx_word' id='word_1_328' title='bbox 1385 2911 1542 2964; x_wconf 90' lang='lat' dir='ltr'><strong>aliter</strong></span> <span class='ocrx_word' id='word_1_329' title='bbox 1567 2919 1728 2979; x_wconf 88' lang='lat' dir='ltr'><strong>atque</strong></span> <span class='ocrx_word' id='word_1_330' title='bbox 1756 2911 1808 2964; x_wconf 92' lang='lat' dir='ltr'><strong>in</strong></span> <span class='ocrx_word' id='word_1_331' title='bbox 1849 2912 2079 2979; x_wconf 85' lang='lat' dir='ltr'><strong>corpori-</strong></span> 
     </span>
    </p>
   </div>
   <div class='ocr_carea' id='block_1_45' title="bbox 2188 2911 3736 2983">
    <p class='ocr_par' dir='ltr' id='par_1_45' title="bbox 2192 2911 3736 2983">
     <span class='ocr_line' id='line_1_45' title="bbox 2192 2911 3736 2983; baseline -0.012 -20"><span class='ocrx_word' id='word_1_332' title='bbox 2192 2913 2284 2963; x_wconf 79' lang='grc' dir='ltr'>καὶ</span> <span class='ocrx_word' id='word_1_333' title='bbox 2305 2911 2408 2980; x_wconf 83' lang='grc' dir='ltr'>γῆς</span> <span class='ocrx_word' id='word_1_334' title='bbox 2429 2912 2822 2974; x_wconf 76' lang='grc' dir='ltr'>ἐπαναστάσεις</span> <span class='ocrx_word' id='word_1_335' title='bbox 2845 2929 2903 2964; x_wconf 89' lang='grc' dir='ltr'><strong>τε</strong></span> <span class='ocrx_word' id='word_1_336' title='bbox 2934 2915 3025 2966; x_wconf 73' lang='grc' dir='ltr'><strong>καὶ</strong></span> <span class='ocrx_word' id='word_1_337' title='bbox 3047 2915 3264 2983; x_wconf 68' lang='grc' dir='ltr'>ὑφέσεις</span> <span class='ocrx_word' id='word_1_338' title='bbox 3311 2914 3370 2978; x_wconf 78' lang='grc' dir='ltr'>ἐξ</span> <span class='ocrx_word' id='word_1_339' title='bbox 3396 2911 3470 2967; x_wconf 76' lang='grc' dir='ltr'><strong>ὧν</strong></span> <span class='ocrx_word' id='word_1_340' title='bbox 3495 2915 3552 2967; x_wconf 71' lang='grc' dir='ltr'><strong>τὸ</strong></span> <span class='ocrx_word' id='word_1_341' title='bbox 3571 2915 3736 2975; x_wconf 42' lang='grc' dir='ltr'><strong>κάλλος*</strong></span> 
     </span>
    </p>
   </div>
   <div class='ocr_carea' id='block_1_46' title="bbox 517 2994 2079 3104">
    <p class='ocr_par' dir='ltr' id='par_1_46' title="bbox 517 2994 2079 3072">
     <span class='ocr_line' id='line_1_46' title="bbox 517 2994 2079 3072; baseline -0.001 -14"><span class='ocrx_word' id='word_1_342' title='bbox 517 3002 620 3058; x_wconf 90' lang='lat' dir='ltr'><strong>bus</strong></span> <span class='ocrx_word' id='word_1_343' title='bbox 664 2994 966 3057; x_wconf 90' lang='lat' dir='ltr'><strong>eminentes</strong></span> <span class='ocrx_word' id='word_1_344' title='bbox 1013 3018 1076 3057; x_wconf 91' lang='lat' dir='ltr'><strong>ac</strong></span> <span class='ocrx_word' id='word_1_345' title='bbox 1127 3002 1376 3057; x_wconf 70' lang='lat' dir='ltr'><strong>demissa:</strong></span> <span class='ocrx_word' id='word_1_346' title='bbox 1429 3011 1633 3072; x_wconf 86' lang='lat' dir='ltr'><strong>partes,</strong></span> <span class='ocrx_word' id='word_1_347' title='bbox 1691 3003 2079 3072; x_wconf 74' lang='lat' dir='ltr'><strong>magnitudines</strong></span> 
     </span>
    </p>
   </div>
   <div class='ocr_carea' id='block_1_47' title="bbox 2188 2994 3730 3104">
    <p class='ocr_par' dir='ltr' id='par_1_47' title="bbox 2191 3005 3730 3078">
     <span class='ocr_line' id='line_1_47' title="bbox 2191 3005 3730 3078; baseline -0.007 -8"><span class='ocrx_word' id='word_1_348' title='bbox 2191 3007 2257 3075; x_wconf 72' lang='grc' dir='ltr'><strong>τῇ</strong></span> <span class='ocrx_word' id='word_1_349' title='bbox 2289 3006 2424 3075; x_wconf 73' lang='grc' dir='ltr'>πρὸς</span> <span class='ocrx_word' id='word_1_350' title='bbox 2456 3005 2657 3076; x_wconf 78' lang='grc' dir='ltr'>ἄλληλα</span> <span class='ocrx_word' id='word_1_351' title='bbox 2693 3008 2871 3078; x_wconf 78' lang='grc' dir='ltr'>σχέσει</span> <span class='ocrx_word' id='word_1_352' title='bbox 2903 3007 3286 3077; x_wconf 81' lang='grc' dir='ltr'>συνιστάμενόν</span> <span class='ocrx_word' id='word_1_353' title='bbox 3315 3026 3372 3061; x_wconf 84' lang='grc' dir='ltr'><strong>τε</strong></span> <span class='ocrx_word' id='word_1_354' title='bbox 3412 3012 3505 3062; x_wconf 72' lang='grc' dir='ltr'>καὶ</span> <span class='ocrx_word' id='word_1_355' title='bbox 3535 3009 3730 3077; x_wconf 60' lang='lat' dir='ltr'><strong>eampo)-</strong></span> 
     </span>
    </p>
   </div>
   <div class='ocr_carea' id='block_1_48' title="bbox 515 3094 2079 3170">
    <p class='ocr_par' dir='ltr' id='par_1_48' title="bbox 515 3094 2079 3164">
     <span class='ocr_line' id='line_1_48' title="bbox 515 3094 2079 3164; baseline 0 -17"><span class='ocrx_word' id='word_1_356' title='bbox 515 3094 648 3148; x_wconf 91' lang='lat' dir='ltr'><strong>item</strong></span> <span class='ocrx_word' id='word_1_357' title='bbox 677 3103 732 3148; x_wconf 90' lang='lat' dir='ltr'><strong>et</strong></span> <span class='ocrx_word' id='word_1_358' title='bbox 757 3095 1056 3163; x_wconf 84' lang='lat' dir='ltr'><strong>parvitates</strong></span> <span class='ocrx_word' id='word_1_359' title='bbox 1076 3135 1092 3161; x_wconf 90' lang='lat'><strong>,</strong></span> <span class='ocrx_word' id='word_1_360' title='bbox 1123 3103 1287 3163; x_wconf 88' lang='lat' dir='ltr'><strong>atque</strong></span> <span class='ocrx_word' id='word_1_361' title='bbox 1321 3095 1371 3146; x_wconf 94' lang='lat' dir='ltr'><strong>in</strong></span> <span class='ocrx_word' id='word_1_362' title='bbox 1402 3104 1570 3159; x_wconf 91' lang='lat' dir='ltr'><strong>terra,</strong></span> <span class='ocrx_word' id='word_1_363' title='bbox 1606 3102 1713 3146; x_wconf 91' lang='lat' dir='ltr'><strong>tam</strong></span> <span class='ocrx_word' id='word_1_364' title='bbox 1739 3109 1802 3147; x_wconf 90' lang='lat' dir='ltr'><strong>ea</strong></span> <span class='ocrx_word' id='word_1_365' title='bbox 1831 3109 1950 3164; x_wconf 69' lang='lat' dir='ltr'><strong>quae</strong></span> <span class='ocrx_word' id='word_1_366' title='bbox 1984 3095 2079 3147; x_wconf 76' lang='lat' dir='ltr'><strong>alte</strong></span> 
     </span>
    </p>
   </div>
   <div class='ocr_carea' id='block_1_49' title="bbox 2188 3094 3729 3170">
    <p class='ocr_par' dir='ltr' id='par_1_49' title="bbox 2200 3095 3729 3170">
     <span class='ocr_line' id='line_1_49' title="bbox 2200 3095 3729 3170; baseline 0.003 -25"><span class='ocrx_word' id='word_1_367' title='bbox 2200 3111 2385 3163; x_wconf 69' lang='grc' dir='ltr'>μενονο</span> <span class='ocrx_word' id='word_1_368' title='bbox 2425 3095 2547 3146; x_wconf 74' lang='grc' dir='ltr'>ἐπεὶ</span> <span class='ocrx_word' id='word_1_369' title='bbox 2586 3097 2679 3147; x_wconf 77' lang='grc' dir='ltr'><strong>καὶ</strong></span> <span class='ocrx_word' id='word_1_370' title='bbox 2706 3097 2948 3166; x_wconf 80' lang='grc' dir='ltr'>τεχνίτου</span> <span class='ocrx_word' id='word_1_371' title='bbox 2974 3096 3082 3167; x_wconf 69' lang='grc'>(74)</span> <span class='ocrx_word' id='word_1_372' title='bbox 3111 3098 3170 3149; x_wconf 78' lang='grc' dir='ltr'><strong>τὸ</strong></span> <span class='ocrx_word' id='word_1_373' title='bbox 3198 3099 3324 3168; x_wconf 77' lang='grc' dir='ltr'>περὶ</span> <span class='ocrx_word' id='word_1_374' title='bbox 3347 3100 3446 3168; x_wconf 75' lang='grc' dir='ltr'><strong>τὴν</strong></span> <span class='ocrx_word' id='word_1_375' title='bbox 3476 3098 3597 3170; x_wconf 77' lang='grc' dir='ltr'>ὕλην</span> <span class='ocrx_word' id='word_1_376' title='bbox 3620 3099 3729 3160; x_wconf 77' lang='grc' dir='ltr'>τέως</span> 
     </span>
    </p>
   </div>
   <div class='ocr_carea' id='block_1_50' title="bbox 517 3184 2079 3260">
    <p class='ocr_par' dir='ltr' id='par_1_50' title="bbox 517 3184 2079 3254">
     <span class='ocr_line' id='line_1_50' title="bbox 517 3184 2079 3254; baseline -0.003 -14"><span class='ocrx_word' id='word_1_377' title='bbox 517 3201 578 3240; x_wconf 88' lang='lat' dir='ltr'><strong>se</strong></span> <span class='ocrx_word' id='word_1_378' title='bbox 608 3185 862 3252; x_wconf 81' lang='lat' dir='ltr'><strong>ell‘erunt,</strong></span> <span class='ocrx_word' id='word_1_379' title='bbox 893 3200 1053 3254; x_wconf 90' lang='lat' dir='ltr'><strong>quam</strong></span> <span class='ocrx_word' id='word_1_380' title='bbox 1108 3199 1229 3254; x_wconf 86' lang='lat' dir='ltr'><strong>quae</strong></span> <span class='ocrx_word' id='word_1_381' title='bbox 1263 3185 1568 3248; x_wconf 88' lang='lat' dir='ltr'><strong>subsidunt,</strong></span> <span class='ocrx_word' id='word_1_382' title='bbox 1621 3198 1688 3238; x_wconf 82' lang='lat' dir='ltr'><strong>ex</strong></span> <span class='ocrx_word' id='word_1_383' title='bbox 1729 3184 1923 3252; x_wconf 90' lang='lat' dir='ltr'><strong>quibus</strong></span> <span class='ocrx_word' id='word_1_384' title='bbox 1972 3184 2079 3252; x_wconf 87' lang='lat' dir='ltr'><strong>pul-</strong></span> 
     </span>
    </p>
   </div>
   <div class='ocr_carea' id='block_1_51' title="bbox 2188 3184 3728 3260">
    <p class='ocr_par' dir='ltr' id='par_1_51' title="bbox 2196 3185 3728 3260">
     <span class='ocr_line' id='line_1_51' title="bbox 2196 3185 3728 3260; baseline 0.002 -22"><span class='ocrx_word' id='word_1_385' title='bbox 2196 3186 2426 3238; x_wconf 83' lang='grc' dir='ltr'>ἄτακτον</span> <span class='ocrx_word' id='word_1_386' title='bbox 2461 3187 2552 3238; x_wconf 80' lang='grc' dir='ltr'><strong>καὶ</strong></span> <span class='ocrx_word' id='word_1_387' title='bbox 2577 3187 2879 3257; x_wconf 85' lang='grc' dir='ltr'>ἀνώμαλον,</span> <span class='ocrx_word' id='word_1_388' title='bbox 2905 3187 3023 3240; x_wconf 88' lang='grc' dir='ltr'>λίαν</span> <span class='ocrx_word' id='word_1_389' title='bbox 3052 3188 3296 3259; x_wconf 80' lang='grc' dir='ltr'>ἔντεχνον</span> <span class='ocrx_word' id='word_1_390' title='bbox 3327 3185 3415 3260; x_wconf 78' lang='grc' dir='ltr'>ἦν,</span> <span class='ocrx_word' id='word_1_391' title='bbox 3449 3189 3514 3243; x_wconf 83' lang='grc' dir='ltr'>ἂν</span> <span class='ocrx_word' id='word_1_392' title='bbox 3539 3191 3658 3260; x_wconf 79' lang='grc' dir='ltr'>πρός</span> <span class='ocrx_word' id='word_1_393' title='bbox 3673 3207 3728 3241; x_wconf 82' lang='grc' dir='ltr'>τιο</span> 
     </span>
    </p>
   </div>
   <div class='ocr_carea' id='block_1_52' title="bbox 518 3273 2079 3353">
    <p class='ocr_par' dir='ltr' id='par_1_52' title="bbox 518 3273 2079 3332">
     <span class='ocr_line' id='line_1_52' title="bbox 518 3273 2079 3332; baseline -0.003 0"><span class='ocrx_word' id='word_1_394' title='bbox 518 3277 771 3332; x_wconf 88' lang='lat' dir='ltr'><strong>chritudo</strong></span> <span class='ocrx_word' id='word_1_395' title='bbox 821 3287 1004 3331; x_wconf 88' lang='lat' dir='ltr'><strong>mutua</strong></span> <span class='ocrx_word' id='word_1_396' title='bbox 1060 3277 1201 3330; x_wconf 90' lang='lat' dir='ltr'><strong>inter</strong></span> <span class='ocrx_word' id='word_1_397' title='bbox 1238 3291 1296 3330; x_wconf 91' lang='lat' dir='ltr'><strong>se</strong></span> <span class='ocrx_word' id='word_1_398' title='bbox 1349 3274 1669 3329; x_wconf 88' lang='lat' dir='ltr'><strong>habitudine</strong></span> <span class='ocrx_word' id='word_1_399' title='bbox 1709 3273 1977 3329; x_wconf 85' lang='lat' dir='ltr'><strong>conﬂatur</strong></span> <span class='ocrx_word' id='word_1_400' title='bbox 2029 3292 2079 3329; x_wconf 79' lang='lat' dir='ltr'><strong>at</strong></span> 
     </span>
    </p>
   </div>
   <div class='ocr_carea' id='block_1_53' title="bbox 2188 3273 3730 3353">
    <p class='ocr_par' dir='ltr' id='par_1_53' title="bbox 2195 3277 3730 3353">
     <span class='ocr_line' id='line_1_53' title="bbox 2195 3277 3730 3353; baseline 0.003 -25"><span class='ocrx_word' id='word_1_401' title='bbox 2195 3294 2281 3340; x_wconf 89' lang='grc' dir='ltr'><strong>νος</strong></span> <span class='ocrx_word' id='word_1_402' title='bbox 2331 3277 2492 3348; x_wconf 79' lang='grc' dir='ltr'>ἔργου</span> <span class='ocrx_word' id='word_1_403' title='bbox 2539 3281 2883 3349; x_wconf 80' lang='grc' dir='ltr'>κατασκευὴν</span> <span class='ocrx_word' id='word_1_404' title='bbox 2917 3281 3300 3353; x_wconf 79' lang='grc' dir='ltr'>εὐτρεπίσαιτο</span> <span class='ocrx_word' id='word_1_405' title='bbox 3338 3281 3480 3352; x_wconf 83' lang='grc'>(75)·</span> <span class='ocrx_word' id='word_1_406' title='bbox 3525 3284 3633 3334; x_wconf 87' lang='grc' dir='ltr'>τότε</span> <span class='ocrx_word' id='word_1_407' title='bbox 3657 3282 3730 3334; x_wconf 70' lang='grc' dir='ltr'><strong>καὶ</strong></span> 
     </span>
    </p>
   </div>
   <div class='ocr_carea' id='block_1_54' title="bbox 517 3367 2079 3445">
    <p class='ocr_par' dir='ltr' id='par_1_54' title="bbox 517 3367 2079 3440">
     <span class='ocr_line' id='line_1_54' title="bbox 517 3367 2079 3440; baseline -0.005 -16"><span class='ocrx_word' id='word_1_408' title='bbox 517 3370 876 3440; x_wconf 88' lang='lat' dir='ltr'><strong>perspicitur;</strong></span> <span class='ocrx_word' id='word_1_409' title='bbox 936 3369 1374 3438; x_wconf 88' lang='lat' dir='ltr'><strong>quandoquidem</strong></span> <span class='ocrx_word' id='word_1_410' title='bbox 1417 3367 1560 3434; x_wconf 89' lang='lat' dir='ltr'><strong>quod</strong></span> <span class='ocrx_word' id='word_1_411' title='bbox 1627 3367 1995 3422; x_wconf 88' lang='lat' dir='ltr'><strong>inordinatum</strong></span> <span class='ocrx_word' id='word_1_412' title='bbox 2040 3382 2079 3421; x_wconf 80' lang='lat' dir='ltr'><strong>e:</strong></span> 
     </span>
    </p>
   </div>
   <div class='ocr_carea' id='block_1_55' title="bbox 2188 3367 3731 3445">
    <p class='ocr_par' dir='ltr' id='par_1_55' title="bbox 2195 3370 3731 3445">
     <span class='ocr_line' id='line_1_55' title="bbox 2195 3370 3731 3445; baseline 0.002 -24"><span class='ocrx_word' id='word_1_413' title='bbox 2195 3371 2323 3439; x_wconf 78' lang='grc' dir='ltr'>ἡμῖν</span> <span class='ocrx_word' id='word_1_414' title='bbox 2353 3370 2898 3443; x_wconf 76' lang='grc' dir='ltr'>καταλαμϐανόμενόν</span> <span class='ocrx_word' id='word_1_415' title='bbox 2925 3391 2984 3426; x_wconf 86' lang='grc' dir='ltr'><strong>τε</strong></span> <span class='ocrx_word' id='word_1_416' title='bbox 3023 3374 3116 3427; x_wconf 78' lang='grc' dir='ltr'><strong>καὶ</strong></span> <span class='ocrx_word' id='word_1_417' title='bbox 3149 3375 3590 3445; x_wconf 68' lang='grc' dir='ltr'>ὁμολογούμενον,</span> <span class='ocrx_word' id='word_1_418' title='bbox 3629 3376 3731 3426; x_wconf 78' lang='grc' dir='ltr'>ὅταν</span> 
     </span>
    </p>
   </div>
   <div class='ocr_carea' id='block_1_56' title="bbox 519 3459 2079 3538">
    <p class='ocr_par' dir='ltr' id='par_1_56' title="bbox 519 3459 2079 3532">
     <span class='ocr_line' id='line_1_56' title="bbox 519 3459 2079 3532; baseline -0.004 -16"><span class='ocrx_word' id='word_1_419' title='bbox 519 3462 784 3532; x_wconf 85' lang='lat' dir='ltr'><strong>inaequale</strong></span> <span class='ocrx_word' id='word_1_420' title='bbox 812 3472 896 3516; x_wconf 91' lang='lat' dir='ltr'><strong>est</strong></span> <span class='ocrx_word' id='word_1_421' title='bbox 942 3462 996 3516; x_wconf 91' lang='lat' dir='ltr'><strong>in</strong></span> <span class='ocrx_word' id='word_1_422' title='bbox 1031 3462 1203 3528; x_wconf 90' lang='lat' dir='ltr'><strong>prima</strong></span> <span class='ocrx_word' id='word_1_423' title='bbox 1239 3459 1467 3513; x_wconf 81' lang='lat' dir='ltr'><strong>artificis</strong></span> <span class='ocrx_word' id='word_1_424' title='bbox 1499 3459 1644 3512; x_wconf 84' lang='lat' dir='ltr'><strong>circa</strong></span> <span class='ocrx_word' id='word_1_425' title='bbox 1679 3460 1960 3512; x_wconf 88' lang='lat' dir='ltr'><strong>materiam</strong></span> <span class='ocrx_word' id='word_1_426' title='bbox 1998 3461 2079 3512; x_wconf 47' lang='lat' dir='ltr'><strong>ad.</strong></span> 
     </span>
    </p>
   </div>
   <div class='ocr_carea' id='block_1_57' title="bbox 2188 3459 3733 3538">
    <p class='ocr_par' dir='ltr' id='par_1_57' title="bbox 2196 3462 3733 3538">
     <span class='ocr_line' id='line_1_57' title="bbox 2196 3462 3733 3538; baseline 0.003 -24"><span class='ocrx_word' id='word_1_427' title='bbox 2196 3462 2258 3514; x_wconf 85' lang='grc' dir='ltr'><strong>τὸ</strong></span> <span class='ocrx_word' id='word_1_428' title='bbox 2284 3462 2392 3532; x_wconf 87' lang='grc'>(76)</span> <span class='ocrx_word' id='word_1_429' title='bbox 2427 3464 2782 3518; x_wconf 82' lang='grc' dir='ltr'>ἀποτελεσθὲν</span> <span class='ocrx_word' id='word_1_430' title='bbox 2811 3466 3001 3529; x_wconf 83' lang='grc' dir='ltr'>κάλλος</span> <span class='ocrx_word' id='word_1_431' title='bbox 3027 3467 3118 3520; x_wconf 81' lang='grc' dir='ltr'>τοῦ</span> <span class='ocrx_word' id='word_1_432' title='bbox 3139 3467 3608 3538; x_wconf 70' lang='grc' dir='ltr'>δημιουργήματος</span> <span class='ocrx_word' id='word_1_433' title='bbox 3630 3467 3733 3518; x_wconf 82' lang='grc' dir='ltr'>θεω-</span> 
     </span>
    </p>
   </div>
   <div class='ocr_carea' id='block_1_58' title="bbox 518 3550 2079 3632">
    <p class='ocr_par' dir='ltr' id='par_1_58' title="bbox 518 3550 2079 3618">
     <span class='ocr_line' id='line_1_58' title="bbox 518 3550 2079 3618; baseline -0.001 -12"><span class='ocrx_word' id='word_1_434' title='bbox 518 3554 875 3618; x_wconf 88' lang='lat' dir='ltr'><strong>umbratione,</strong></span> <span class='ocrx_word' id='word_1_435' title='bbox 927 3553 1083 3606; x_wconf 85' lang='lat' dir='ltr'><strong>valde</strong></span> <span class='ocrx_word' id='word_1_436' title='bbox 1129 3561 1306 3606; x_wconf 88' lang='lat' dir='ltr'><strong>tamen</strong></span> <span class='ocrx_word' id='word_1_437' title='bbox 1353 3550 1706 3604; x_wconf 78' lang='lat' dir='ltr'><strong>artificiosum</strong></span> <span class='ocrx_word' id='word_1_438' title='bbox 1757 3550 1916 3614; x_wconf 75' lang='lat' dir='ltr'><strong>foret,</strong></span> <span class='ocrx_word' id='word_1_439' title='bbox 1947 3553 1989 3605; x_wconf 91' lang='lat' dir='ltr'><strong>si</strong></span> <span class='ocrx_word' id='word_1_440' title='bbox 2022 3553 2079 3604; x_wconf 85' lang='lat' dir='ltr'><strong>ad</strong></span> 
     </span>
    </p>
   </div>
   <div class='ocr_carea' id='block_1_59' title="bbox 2188 3550 3730 3632">
    <p class='ocr_par' dir='ltr' id='par_1_59' title="bbox 2199 3555 3730 3632">
     <span class='ocr_line' id='line_1_59' title="bbox 2199 3555 3730 3632; baseline 0.003 -27"><span class='ocrx_word' id='word_1_441' title='bbox 2199 3555 2472 3625; x_wconf 80' lang='grc' dir='ltr'>ρήσωμεν.</span> <span class='ocrx_word' id='word_1_442' title='bbox 2519 3557 2654 3609; x_wconf 80' lang='grc' dir='ltr'>Ἀλλ’</span> <span class='ocrx_word' id='word_1_443' title='bbox 2678 3557 2800 3610; x_wconf 73' lang='grc' dir='ltr'>οὔτε</span> <span class='ocrx_word' id='word_1_444' title='bbox 2820 3560 3023 3622; x_wconf 78' lang='grc' dir='ltr'>ἐκεῖνος</span> <span class='ocrx_word' id='word_1_445' title='bbox 3046 3557 3318 3632; x_wconf 80' lang='grc' dir='ltr'>ἄτεχνοςῇ</span> <span class='ocrx_word' id='word_1_446' title='bbox 3348 3561 3459 3629; x_wconf 89' lang='grc'>(77)</span> <span class='ocrx_word' id='word_1_447' title='bbox 3486 3561 3557 3623; x_wconf 82' lang='grc' dir='ltr'>ὡς</span> <span class='ocrx_word' id='word_1_448' title='bbox 3575 3561 3730 3628; x_wconf 72' lang='grc' dir='ltr'>ἡμεῖς,</span> 
     </span>
    </p>
   </div>
   <div class='ocr_carea' id='block_1_60' title="bbox 516 3643 2079 3724">
    <p class='ocr_par' dir='ltr' id='par_1_60' title="bbox 516 3643 2079 3715">
     <span class='ocr_line' id='line_1_60' title="bbox 516 3643 2079 3715; baseline -0.003 -16"><span class='ocrx_word' id='word_1_449' title='bbox 516 3646 698 3715; x_wconf 90' lang='lat' dir='ltr'><strong>operis</strong></span> <span class='ocrx_word' id='word_1_450' title='bbox 748 3644 1025 3713; x_wconf 88' lang='lat' dir='ltr'><strong>cujusdam</strong></span> <span class='ocrx_word' id='word_1_451' title='bbox 1061 3653 1390 3698; x_wconf 84' lang='lat' dir='ltr'><strong>structuram</strong></span> <span class='ocrx_word' id='word_1_452' title='bbox 1409 3644 1923 3698; x_wconf 86' lang='lat' dir='ltr'><strong>accommodaretur</strong></span> <span class='ocrx_word' id='word_1_453' title='bbox 1965 3660 1978 3695; x_wconf 91' lang='lat'><strong>:</strong></span> <span class='ocrx_word' id='word_1_454' title='bbox 2036 3643 2079 3696; x_wconf 81' lang='lat' dir='ltr'><strong>id</strong></span> 
     </span>
    </p>
   </div>
   <div class='ocr_carea' id='block_1_61' title="bbox 2188 3643 3729 3724">
    <p class='ocr_par' dir='ltr' id='par_1_61' title="bbox 2193 3646 3729 3724">
     <span class='ocr_line' id='line_1_61' title="bbox 2193 3646 3729 3724; baseline 0.002 -25"><span class='ocrx_word' id='word_1_455' title='bbox 2193 3646 2315 3700; x_wconf 75' lang='grc' dir='ltr'>οὔτε</span> <span class='ocrx_word' id='word_1_456' title='bbox 2360 3649 2529 3701; x_wconf 81' lang='grc' dir='ltr'>ταῦτα</span> <span class='ocrx_word' id='word_1_457' title='bbox 2561 3649 2838 3704; x_wconf 82' lang='grc' dir='ltr'>διοικεῖται</span> <span class='ocrx_word' id='word_1_458' title='bbox 2878 3653 3148 3716; x_wconf 85' lang='grc' dir='ltr'>ἀτάκτως,</span> <span class='ocrx_word' id='word_1_459' title='bbox 3183 3656 3266 3706; x_wconf 80' lang='grc' dir='ltr'>ὅτι</span> <span class='ocrx_word' id='word_1_460' title='bbox 3316 3654 3391 3724; x_wconf 79' lang='grc' dir='ltr'>μὴ</span> <span class='ocrx_word' id='word_1_461' title='bbox 3440 3653 3532 3706; x_wconf 70' lang='grc' dir='ltr'>καὶ</span> <span class='ocrx_word' id='word_1_462' title='bbox 3564 3655 3678 3723; x_wconf 77' lang='grc' dir='ltr'>ἡμῖν</span> <span class='ocrx_word' id='word_1_463' title='bbox 3709 3655 3729 3702; x_wconf 86' lang='grc' dir='ltr'>ὁ</span> 
     </span>
    </p>
   </div>
   <div class='ocr_carea' id='block_1_62' title="bbox 515 3732 2079 3812">
    <p class='ocr_par' dir='ltr' id='par_1_62' title="bbox 515 3732 2079 3806">
     <span class='ocr_line' id='line_1_62' title="bbox 515 3732 2079 3806; baseline -0.001 -18"><span class='ocrx_word' id='word_1_464' title='bbox 515 3735 659 3806; x_wconf 85' lang='lat' dir='ltr'><strong>quod</strong></span> <span class='ocrx_word' id='word_1_465' title='bbox 687 3747 796 3789; x_wconf 92' lang='lat' dir='ltr'><strong>tum</strong></span> <span class='ocrx_word' id='word_1_466' title='bbox 830 3737 1044 3790; x_wconf 89' lang='lat' dir='ltr'><strong>demum</strong></span> <span class='ocrx_word' id='word_1_467' title='bbox 1091 3733 1444 3802; x_wconf 80' lang='lat' dir='ltr'><strong>intelligimus</strong></span> <span class='ocrx_word' id='word_1_468' title='bbox 1471 3743 1634 3801; x_wconf 88' lang='lat' dir='ltr'><strong>atque</strong></span> <span class='ocrx_word' id='word_1_469' title='bbox 1677 3732 1932 3797; x_wconf 85' lang='lat' dir='ltr'><strong>fatemur,</strong></span> <span class='ocrx_word' id='word_1_470' title='bbox 1965 3749 2079 3787; x_wconf 87' lang='lat' dir='ltr'><strong>cum</strong></span> 
     </span>
    </p>
   </div>
   <div class='ocr_carea' id='block_1_63' title="bbox 2188 3732 2680 3812">
    <p class='ocr_par' dir='ltr' id='par_1_63' title="bbox 2193 3739 2680 3812">
     <span class='ocr_line' id='line_1_63' title="bbox 2193 3739 2680 3812; baseline 0.008 -21"><span class='ocrx_word' id='word_1_471' title='bbox 2193 3739 2348 3808; x_wconf 83' lang='grc' dir='ltr'>λόγος</span> <span class='ocrx_word' id='word_1_472' title='bbox 2386 3741 2680 3812; x_wconf 85' lang='grc' dir='ltr'>γνώριμος.</span> 
     </span>
    </p>
   </div>
   <div class='ocr_carea' id='block_1_64' title="bbox 513 3831 3730 3905">
    <p class='ocr_par' dir='ltr' id='par_1_64' title="bbox 513 3831 3730 3905">
     <span class='ocr_line' id='line_1_64' title="bbox 513 3831 3730 3905; baseline -0.001 -12"><span class='ocrx_word' id='word_1_473' title='bbox 513 3836 778 3893; x_wconf 82' lang='lat' dir='ltr'><strong>elaborati</strong></span> <span class='ocrx_word' id='word_1_474' title='bbox 827 3835 1007 3905; x_wconf 84' lang='lat' dir='ltr'><strong>cperis</strong></span> <span class='ocrx_word' id='word_1_475' title='bbox 1046 3833 1368 3903; x_wconf 79' lang='lat' dir='ltr'><strong>elegantiam</strong></span> <span class='ocrx_word' id='word_1_476' title='bbox 1409 3831 1643 3900; x_wconf 88' lang='lat' dir='ltr'><strong>undique</strong></span> <span class='ocrx_word' id='word_1_477' title='bbox 1688 3831 1986 3900; x_wconf 81' lang='lat' dir='ltr'><strong>perlectam</strong></span> <span class='ocrx_word' id='word_1_478' title='bbox 2019 3843 2072 3885; x_wconf 91' lang='lat' dir='ltr'><strong>ct</strong></span> <span class='ocrx_word' id='word_1_479' title='bbox 2112 3834 2412 3890; x_wconf 84' lang='lat' dir='ltr'><strong>absolutam</strong></span> <span class='ocrx_word' id='word_1_480' title='bbox 2483 3837 2777 3890; x_wconf 88' lang='lat' dir='ltr'><strong>intuemur.</strong></span> <span class='ocrx_word' id='word_1_481' title='bbox 2811 3837 2879 3889; x_wconf 79' lang='lat' dir='ltr'><strong>At</strong></span> <span class='ocrx_word' id='word_1_482' title='bbox 2919 3851 3018 3891; x_wconf 91' lang='lat' dir='ltr'><strong>nec</strong></span> <span class='ocrx_word' id='word_1_483' title='bbox 3094 3836 3181 3889; x_wconf 89' lang='lat' dir='ltr'><strong>ille</strong></span> <span class='ocrx_word' id='word_1_484' title='bbox 3242 3838 3376 3890; x_wconf 85' lang='lat' dir='ltr'><strong>artis</strong></span> <span class='ocrx_word' id='word_1_485' title='bbox 3421 3838 3613 3892; x_wconf 86' lang='lat' dir='ltr'><strong>inscius</strong></span> <span class='ocrx_word' id='word_1_486' title='bbox 3646 3845 3730 3905; x_wconf 68' lang='lat' dir='ltr'><strong>est,</strong></span> 
     </span>
    </p>
   </div>
   <div class='ocr_carea' id='block_1_65' title="bbox 517 3922 3731 3997">
    <p class='ocr_par' dir='ltr' id='par_1_65' title="bbox 517 3922 3731 3997">
     <span class='ocr_line' id='line_1_65' title="bbox 517 3922 3731 3997; baseline -0.001 -15"><span class='ocrx_word' id='word_1_487' title='bbox 517 3939 578 3982; x_wconf 81' lang='lat' dir='ltr'><strong>ut</strong></span> <span class='ocrx_word' id='word_1_488' title='bbox 601 3942 700 3982; x_wconf 91' lang='lat' dir='ltr'><strong>nos</strong></span> <span class='ocrx_word' id='word_1_489' title='bbox 727 3941 948 3990; x_wconf 86' lang='lat' dir='ltr'><strong>sumus;</strong></span> <span class='ocrx_word' id='word_1_490' title='bbox 989 3939 1087 3977; x_wconf 86' lang='lat' dir='ltr'><strong>nec</strong></span> <span class='ocrx_word' id='word_1_491' title='bbox 1115 3937 1199 3977; x_wconf 91' lang='lat' dir='ltr'><strong>res</strong></span> <span class='ocrx_word' id='word_1_492' title='bbox 1226 3923 1383 3990; x_wconf 81' lang='lat' dir='ltr'><strong>hujus</strong></span> <span class='ocrx_word' id='word_1_493' title='bbox 1402 3922 1523 3975; x_wconf 83' lang='lat' dir='ltr'><strong>vitae</strong></span> <span class='ocrx_word' id='word_1_494' title='bbox 1563 3931 1848 3990; x_wconf 86' lang='lat' dir='ltr'><strong>propterea</strong></span> <span class='ocrx_word' id='word_1_495' title='bbox 1880 3931 2078 3977; x_wconf 88' lang='lat' dir='ltr'><strong>temere</strong></span> <span class='ocrx_word' id='word_1_496' title='bbox 2112 3937 2271 3993; x_wconf 87' lang='lat' dir='ltr'><strong>atque</strong></span> <span class='ocrx_word' id='word_1_497' title='bbox 2298 3928 2568 3983; x_wconf 88' lang='lat' dir='ltr'><strong>incondite</strong></span> <span class='ocrx_word' id='word_1_498' title='bbox 2589 3930 2978 3997; x_wconf 77' lang='lat' dir='ltr'><strong>gubernantur,</strong></span> <span class='ocrx_word' id='word_1_499' title='bbox 3037 3929 3161 3996; x_wconf 85' lang='lat' dir='ltr'><strong>quia</strong></span> <span class='ocrx_word' id='word_1_500' title='bbox 3203 3928 3514 3997; x_wconf 82' lang='lat' dir='ltr'><strong>exploratas</strong></span> <span class='ocrx_word' id='word_1_501' title='bbox 3571 3943 3731 3982; x_wconf 82' lang='lat' dir='ltr'><strong>earum</strong></span> 
     </span>
    </p>
   </div>
   <div class='ocr_carea' id='block_1_66' title="bbox 520 4019 2888 4075">
    <p class='ocr_par' dir='ltr' id='par_1_66' title="bbox 520 4019 2888 4075">
     <span class='ocr_line' id='line_1_66' title="bbox 520 4019 2888 4075; baseline -0.007 -2"><span class='ocrx_word' id='word_1_502' title='bbox 520 4021 755 4075; x_wconf 86' lang='lat' dir='ltr'><strong>rationes</strong></span> <span class='ocrx_word' id='word_1_503' title='bbox 804 4033 906 4072; x_wconf 89' lang='lat' dir='ltr'><strong>non</strong></span> <span class='ocrx_word' id='word_1_504' title='bbox 945 4019 1222 4072; x_wconf 90' lang='lat' dir='ltr'><strong>habemus.</strong></span> <span class='ocrx_word' id='word_1_505' title='bbox 1522 4046 1528 4054; x_wconf 91' lang='lat'><strong>-</strong></span> <span class='ocrx_word' id='word_1_506' title='bbox 2883 4023 2888 4027; x_wconf 94' lang='grc'>·</span> 
     </span>
    </p>
   </div>
   <div class='ocr_carea' id='block_1_67' title="bbox 586 4103 2079 4179">
    <p class='ocr_par' dir='ltr' id='par_1_67' title="bbox 586 4107 2079 4179">
     <span class='ocr_line' id='line_1_67' title="bbox 586 4107 2079 4179; baseline -0.005 -12"><span class='ocrx_word' id='word_1_507' title='bbox 586 4111 803 4167; x_wconf 79' lang='lat' dir='ltr'><strong>XXXII.</strong></span> <span class='ocrx_word' id='word_1_508' title='bbox 849 4112 955 4165; x_wconf 89' lang='lat' dir='ltr'><strong>Sed</strong></span> <span class='ocrx_word' id='word_1_509' title='bbox 986 4119 1039 4164; x_wconf 91' lang='lat' dir='ltr'><strong>et</strong></span> <span class='ocrx_word' id='word_1_510' title='bbox 1070 4111 1112 4164; x_wconf 91' lang='lat' dir='ltr'><strong>si</strong></span> <span class='ocrx_word' id='word_1_511' title='bbox 1140 4107 1384 4179; x_wconf 69' lang='lat' dir='ltr'><strong>quaedam</strong></span> <span class='ocrx_word' id='word_1_512' title='bbox 1416 4122 1533 4175; x_wconf 63' lang='lat' dir='ltr'><strong>ejus</strong></span> <span class='ocrx_word' id='word_1_513' title='bbox 1556 4145 1572 4172; x_wconf 95' lang='lat'><strong>,</strong></span> <span class='ocrx_word' id='word_1_514' title='bbox 1611 4121 1716 4175; x_wconf 87' lang='lat' dir='ltr'><strong>qua</strong></span> <span class='ocrx_word' id='word_1_515' title='bbox 1746 4107 2079 4172; x_wconf 75' lang='lat' dir='ltr'><strong>laboramus,</strong></span> 
     </span>
    </p>
   </div>
   <div class='ocr_carea' id='block_1_68' title="bbox 2188 4103 3733 4179">
    <p class='ocr_par' dir='ltr' id='par_1_68' title="bbox 2267 4103 3733 4175">
     <span class='ocr_line' id='line_1_68' title="bbox 2267 4103 3733 4175; baseline -0.003 -15"><span class='ocrx_word' id='word_1_516' title='bbox 2267 4109 2388 4160; x_wconf 85' lang='lat' dir='ltr'><strong>AB&#39;.</strong></span> <span class='ocrx_word' id='word_1_517' title='bbox 2442 4105 2579 4158; x_wconf 81' lang='grc' dir='ltr'>Ἀλλ’</span> <span class='ocrx_word' id='word_1_518' title='bbox 2621 4107 2672 4158; x_wconf 79' lang='grc' dir='ltr'>εἴ</span> <span class='ocrx_word' id='word_1_519' title='bbox 2704 4123 2822 4158; x_wconf 90' lang='grc' dir='ltr'>τινα</span> <span class='ocrx_word' id='word_1_520' title='bbox 2866 4103 2975 4175; x_wconf 79' lang='grc'>(78)</span> <span class='ocrx_word' id='word_1_521' title='bbox 3017 4104 3096 4156; x_wconf 89' lang='grc' dir='ltr'><strong>δεῖ</strong></span> <span class='ocrx_word' id='word_1_522' title='bbox 3139 4105 3230 4156; x_wconf 74' lang='grc' dir='ltr'><strong>καὶ</strong></span> <span class='ocrx_word' id='word_1_523' title='bbox 3257 4105 3441 4158; x_wconf 81' lang='grc' dir='ltr'>εἰκόνα</span> <span class='ocrx_word' id='word_1_524' title='bbox 3470 4106 3733 4158; x_wconf 59' lang='lat' dir='ltr'><strong>laesi-.103</strong></span> 
     </span>
    </p>
   </div>
   <div class='ocr_carea' id='block_1_69' title="bbox 2240 1538 3718 1614">
    <p class='ocr_par' dir='ltr' id='par_1_69' title="bbox 2240 1538 3718 1614">
     <span class='ocr_line' id='line_1_69' title="bbox 2240 1538 3718 1614; baseline 0 -18"><span class='ocrx_word' id='word_1_525' title='bbox 2240 1545 2379 1596; x_wconf 75' lang='lat' dir='ltr'><strong>-AA&#39;.</strong></span> <span class='ocrx_word' id='word_1_526' title='bbox 2427 1543 2616 1610; x_wconf 78' lang='grc' dir='ltr'>’Ἄλλος</span> <span class='ocrx_word' id='word_1_527' title='bbox 2651 1542 2746 1614; x_wconf 80' lang='grc' dir='ltr'>μὲν</span> <span class='ocrx_word' id='word_1_528' title='bbox 2768 1538 2861 1596; x_wconf 79' lang='grc' dir='ltr'><strong>οὖν</strong></span> <span class='ocrx_word' id='word_1_529' title='bbox 2894 1540 2979 1614; x_wconf 85' lang='grc' dir='ltr'>εἴη</span> <span class='ocrx_word' id='word_1_530' title='bbox 3018 1542 3145 1614; x_wconf 72' lang='grc' dir='ltr'>περὶ</span> <span class='ocrx_word' id='word_1_531' title='bbox 3175 1541 3344 1597; x_wconf 76' lang='grc' dir='ltr'>ταῦτα</span> <span class='ocrx_word' id='word_1_532' title='bbox 3374 1542 3632 1614; x_wconf 72' lang='grc' dir='ltr'>τολμηρὸς</span> <span class='ocrx_word' id='word_1_533' title='bbox 3648 1547 3718 1598; x_wconf 66' lang='grc' dir='ltr'><strong>καὶ</strong></span> 
     </span>
    </p>
   </div>
   <div class='ocr_carea' id='block_1_70' title="bbox 2185 1634 3718 1707">
    <p class='ocr_par' dir='ltr' id='par_1_70' title="bbox 2185 1634 3718 1707">
     <span class='ocr_line' id='line_1_70' title="bbox 2185 1634 3718 1707; baseline 0.001 -20"><span class='ocrx_word' id='word_1_534' title='bbox 2185 1635 2465 1703; x_wconf 78' lang='grc' dir='ltr'>γεννάδας,</span> <span class='ocrx_word' id='word_1_535' title='bbox 2506 1636 2702 1705; x_wconf 85' lang='grc' dir='ltr'>μᾶλλον</span> <span class='ocrx_word' id='word_1_536' title='bbox 2738 1636 2794 1688; x_wconf 81' lang='grc' dir='ltr'><strong>δὲ</strong></span> <span class='ocrx_word' id='word_1_537' title='bbox 2819 1635 2900 1706; x_wconf 77' lang='grc' dir='ltr'><strong>εἴη</strong></span> <span class='ocrx_word' id='word_1_538' title='bbox 2931 1635 3118 1706; x_wconf 84' lang='grc' dir='ltr'>μηδείς</span> <span class='ocrx_word' id='word_1_539' title='bbox 3140 1653 3153 1666; x_wconf 86' lang='grc'><strong>·</strong></span> <span class='ocrx_word' id='word_1_540' title='bbox 3189 1634 3299 1704; x_wconf 80' lang='grc' dir='ltr'><strong>ἐγὼ</strong></span> <span class='ocrx_word' id='word_1_541' title='bbox 3338 1635 3394 1687; x_wconf 77' lang='grc' dir='ltr'><strong>δὲ</strong></span> <span class='ocrx_word' id='word_1_542' title='bbox 3423 1634 3564 1687; x_wconf 76' lang='grc' dir='ltr'>ὀκνῶ</span> <span class='ocrx_word' id='word_1_543' title='bbox 3588 1638 3718 1707; x_wconf 63' lang='grc' dir='ltr'>κακίᾳ</span> 
     </span>
    </p>
   </div>
   <div class='ocr_carea' id='block_1_71' title="bbox 2185 1726 3719 1798">
    <p class='ocr_par' dir='ltr' id='par_1_71' title="bbox 2185 1726 3719 1798">
     <span class='ocr_line' id='line_1_71' title="bbox 2185 1726 3719 1798; baseline -0.001 -18"><span class='ocrx_word' id='word_1_544' title='bbox 2185 1727 2365 1780; x_wconf 76' lang='grc' dir='ltr'>δοῦναι</span> <span class='ocrx_word' id='word_1_545' title='bbox 2399 1729 2612 1788; x_wconf 83' lang='grc' dir='ltr'>πάντως</span> <span class='ocrx_word' id='word_1_546' title='bbox 2639 1729 2734 1798; x_wconf 85' lang='grc' dir='ltr'><strong>τὴν</strong></span> <span class='ocrx_word' id='word_1_547' title='bbox 2763 1729 3008 1782; x_wconf 74' lang='grc' dir='ltr'>ἐντεῦθεν</span> <span class='ocrx_word' id='word_1_548' title='bbox 3039 1727 3280 1790; x_wconf 80' lang='grc' dir='ltr'>κόλασιν,</span> <span class='ocrx_word' id='word_1_549' title='bbox 3320 1726 3353 1796; x_wconf 83' lang='grc' dir='ltr'><strong>ἢ</strong></span> <span class='ocrx_word' id='word_1_550' title='bbox 3381 1726 3620 1797; x_wconf 71' lang='grc' dir='ltr'>εὐσεϐείᾳ</span> <span class='ocrx_word' id='word_1_551' title='bbox 3644 1728 3719 1796; x_wconf 73' lang='grc' dir='ltr'><strong>τὴν</strong></span> 
     </span>
    </p>
   </div>
   <div class='ocr_carea' id='block_1_72' title="bbox 2185 1818 3719 1891">
    <p class='ocr_par' dir='ltr' id='par_1_72' title="bbox 2185 1818 3719 1891">
     <span class='ocr_line' id='line_1_72' title="bbox 2185 1818 3719 1891; baseline -0.002 -17"><span class='ocrx_word' id='word_1_552' title='bbox 2185 1822 2399 1875; x_wconf 76' lang='grc' dir='ltr'>ἄνεσινο</span> <span class='ocrx_word' id='word_1_553' title='bbox 2450 1820 2563 1873; x_wconf 84' lang='grc' dir='ltr'>ἀλλ’</span> <span class='ocrx_word' id='word_1_554' title='bbox 2594 1821 2708 1873; x_wconf 76' lang='grc' dir='ltr'>ἔστι</span> <span class='ocrx_word' id='word_1_555' title='bbox 2743 1822 2840 1891; x_wconf 78' lang='grc' dir='ltr'>μὲν</span> <span class='ocrx_word' id='word_1_556' title='bbox 2873 1822 2961 1874; x_wconf 82' lang='grc' dir='ltr'><strong>ὅτε</strong></span> <span class='ocrx_word' id='word_1_557' title='bbox 3006 1821 3099 1874; x_wconf 71' lang='grc' dir='ltr'><strong>καὶ</strong></span> <span class='ocrx_word' id='word_1_558' title='bbox 3139 1818 3274 1891; x_wconf 83' lang='grc' dir='ltr'>πρός</span> <span class='ocrx_word' id='word_1_559' title='bbox 3312 1838 3362 1872; x_wconf 88' lang='grc' dir='ltr'><strong>τι</strong></span> <span class='ocrx_word' id='word_1_560' title='bbox 3406 1821 3719 1891; x_wconf 71' lang='grc' dir='ltr'>χρήσιμον,ἧ</span> 
     </span>
    </p>
   </div>
   <div class='ocr_carea' id='block_1_73' title="bbox 2186 1911 3718 1982">
    <p class='ocr_par' dir='ltr' id='par_1_73' title="bbox 2186 1911 3718 1982">
     <span class='ocr_line' id='line_1_73' title="bbox 2186 1911 3718 1982; baseline -0.001 -17"><span class='ocrx_word' id='word_1_561' title='bbox 2186 1913 2383 1976; x_wconf 76' lang='grc' dir='ltr'>κακίας</span> <span class='ocrx_word' id='word_1_562' title='bbox 2435 1913 2840 1982; x_wconf 76' lang='grc' dir='ltr'>ἐγκοπτομένης</span> <span class='ocrx_word' id='word_1_563' title='bbox 2896 1911 3195 1982; x_wconf 69' lang='grc' dir='ltr'>δυσπαθείᾳ</span> <span class='ocrx_word' id='word_1_564' title='bbox 3249 1911 3357 1963; x_wconf 83' lang='grc' dir='ltr'><strong>τῶν</strong></span> <span class='ocrx_word' id='word_1_565' title='bbox 3406 1912 3718 1982; x_wconf 75' lang='grc' dir='ltr'>πονηρῶν,ἣ</span> 
     </span>
    </p>
   </div>
   <div class='ocr_carea' id='block_1_74' title="bbox 2187 2000 3720 2071">
    <p class='ocr_par' dir='ltr' id='par_1_74' title="bbox 2187 2000 3720 2071">
     <span class='ocr_line' id='line_1_74' title="bbox 2187 2000 3720 2071; baseline 0.001 -19"><span class='ocrx_word' id='word_1_566' title='bbox 2187 2000 2385 2070; x_wconf 83' lang='grc' dir='ltr'>ἀρετῆς</span> <span class='ocrx_word' id='word_1_567' title='bbox 2423 2000 2838 2070; x_wconf 75' lang='grc' dir='ltr'>ὁδοποιουμένης</span> <span class='ocrx_word' id='word_1_568' title='bbox 2869 2001 3133 2071; x_wconf 69' lang='grc' dir='ltr'>εὐπαθείᾳ</span> <span class='ocrx_word' id='word_1_569' title='bbox 3162 2001 3270 2054; x_wconf 78' lang='grc' dir='ltr'><strong>τῶν</strong></span> <span class='ocrx_word' id='word_1_570' title='bbox 3299 2001 3578 2070; x_wconf 72' lang='grc' dir='ltr'>βελτιόνων</span> <span class='ocrx_word' id='word_1_571' title='bbox 3596 2019 3608 2031; x_wconf 72' lang='grc' dir='ltr'><strong>ο</strong></span> <span class='ocrx_word' id='word_1_572' title='bbox 3645 2004 3720 2054; x_wconf 67' lang='grc' dir='ltr'>οὐκ</span> 
     </span>
    </p>
   </div>
   <div class='ocr_carea' id='block_1_75' title="bbox 2186 2089 3718 2162">
    <p class='ocr_par' dir='ltr' id='par_1_75' title="bbox 2186 2089 3718 2162">
     <span class='ocr_line' id='line_1_75' title="bbox 2186 2089 3718 2162; baseline -0.002 -16"><span class='ocrx_word' id='word_1_573' title='bbox 2186 2095 2274 2146; x_wconf 73' lang='grc' dir='ltr'>ἀεὶ</span> <span class='ocrx_word' id='word_1_574' title='bbox 2311 2093 2388 2154; x_wconf 76' lang='grc' dir='ltr'><strong>δὲ,</strong></span> <span class='ocrx_word' id='word_1_575' title='bbox 2419 2091 2535 2144; x_wconf 78' lang='grc' dir='ltr'>οὐδὲ</span> <span class='ocrx_word' id='word_1_576' title='bbox 2572 2092 2806 2154; x_wconf 80' lang='grc' dir='ltr'>πάντως,</span> <span class='ocrx_word' id='word_1_577' title='bbox 2849 2092 2964 2144; x_wconf 84' lang='grc' dir='ltr'>ἀλλ’</span> <span class='ocrx_word' id='word_1_578' title='bbox 2996 2089 3135 2145; x_wconf 80' lang='grc' dir='ltr'>εἶναι</span> <span class='ocrx_word' id='word_1_579' title='bbox 3169 2092 3326 2145; x_wconf 74' lang='grc' dir='ltr'>τοῦτο</span> <span class='ocrx_word' id='word_1_580' title='bbox 3369 2094 3526 2162; x_wconf 78' lang='grc' dir='ltr'>μόνον</span> <span class='ocrx_word' id='word_1_581' title='bbox 3566 2094 3718 2162; x_wconf 72' lang='grc' dir='ltr'>καεροῦ</span> 
     </span>
    </p>
   </div>
   <div class='ocr_carea' id='block_1_76' title="bbox 2185 2178 3721 2252">
    <p class='ocr_par' dir='ltr' id='par_1_76' title="bbox 2185 2178 3721 2252">
     <span class='ocr_line' id='line_1_76' title="bbox 2185 2178 3721 2252; baseline 0 -19"><span class='ocrx_word' id='word_1_582' title='bbox 2185 2181 2280 2233; x_wconf 75' lang='grc' dir='ltr'>τοῦ</span> <span class='ocrx_word' id='word_1_583' title='bbox 2319 2179 2622 2250; x_wconf 71' lang='grc' dir='ltr'>μέλλοντος,</span> <span class='ocrx_word' id='word_1_584' title='bbox 2649 2181 2770 2232; x_wconf 84' lang='grc' dir='ltr'>καθ’</span> <span class='ocrx_word' id='word_1_585' title='bbox 2801 2181 2859 2233; x_wconf 84' lang='grc' dir='ltr'>ὃν</span> <span class='ocrx_word' id='word_1_586' title='bbox 2882 2183 2930 2233; x_wconf 84' lang='grc' dir='ltr'>οἱ</span> <span class='ocrx_word' id='word_1_587' title='bbox 2966 2182 3070 2251; x_wconf 80' lang='grc' dir='ltr'>’μὲν</span> <span class='ocrx_word' id='word_1_588' title='bbox 3094 2181 3160 2234; x_wconf 79' lang='grc' dir='ltr'>τὰ</span> <span class='ocrx_word' id='word_1_589' title='bbox 3181 2182 3279 2251; x_wconf 78' lang='grc' dir='ltr'>τῆς</span> <span class='ocrx_word' id='word_1_590' title='bbox 3311 2183 3513 2252; x_wconf 83' lang='grc' dir='ltr'>ἀρετῆς</span> <span class='ocrx_word' id='word_1_591' title='bbox 3535 2178 3668 2244; x_wconf 85' lang='grc' dir='ltr'>ἆθλα,</span> <span class='ocrx_word' id='word_1_592' title='bbox 3685 2184 3721 2235; x_wconf 79' lang='grc' dir='ltr'>οἱ</span> 
     </span>
    </p>
   </div>
   <div class='ocr_carea' id='block_1_77' title="bbox 2186 2272 3723 2344">
    <p class='ocr_par' dir='ltr' id='par_1_77' title="bbox 2186 2272 3723 2344">
     <span class='ocr_line' id='line_1_77' title="bbox 2186 2272 3723 2344; baseline 0.001 -18"><span class='ocrx_word' id='word_1_593' title='bbox 2186 2273 2240 2326; x_wconf 87' lang='grc' dir='ltr'><strong>δὲ</strong></span> <span class='ocrx_word' id='word_1_594' title='bbox 2279 2274 2348 2326; x_wconf 80' lang='grc' dir='ltr'>τὰ</span> <span class='ocrx_word' id='word_1_595' title='bbox 2377 2272 2474 2342; x_wconf 83' lang='grc' dir='ltr'><strong>τῆς</strong></span> <span class='ocrx_word' id='word_1_596' title='bbox 2502 2273 2698 2336; x_wconf 85' lang='grc' dir='ltr'>κακίας</span> <span class='ocrx_word' id='word_1_597' title='bbox 2734 2274 2983 2344; x_wconf 79' lang='grc' dir='ltr'>ἐπιτίμια</span> <span class='ocrx_word' id='word_1_598' title='bbox 3032 2275 3142 2344; x_wconf 82' lang='grc'>(75)</span> <span class='ocrx_word' id='word_1_599' title='bbox 3177 2275 3442 2339; x_wconf 80' lang='grc' dir='ltr'>δέξονται.</span> <span class='ocrx_word' id='word_1_600' title='bbox 3487 2273 3723 2340; x_wconf 73' lang='grc' dir='ltr'>Ἀναστή-</span> 
     </span>
    </p>
   </div>
   <div class='ocr_carea' id='block_1_78' title="bbox 2187 2362 3721 2436">
    <p class='ocr_par' dir='ltr' id='par_1_78' title="bbox 2187 2362 3721 2436">
     <span class='ocr_line' id='line_1_78' title="bbox 2187 2362 3721 2436; baseline 0.001 -18"><span class='ocrx_word' id='word_1_601' title='bbox 2187 2382 2396 2418; x_wconf 72' lang='lat' dir='ltr'><strong>cornu</strong></span> <span class='ocrx_word' id='word_1_602' title='bbox 2454 2365 2562 2434; x_wconf 80' lang='grc' dir='ltr'>γὰρ</span> <span class='ocrx_word' id='word_1_603' title='bbox 2619 2362 2803 2427; x_wconf 85' lang='grc' dir='ltr'>οὗτοι,</span> <span class='ocrx_word' id='word_1_604' title='bbox 2863 2368 3044 2436; x_wconf 80' lang='grc' dir='ltr'>φησὶν,</span> <span class='ocrx_word' id='word_1_605' title='bbox 3087 2369 3175 2433; x_wconf 77' lang='grc' dir='ltr'>εὶς</span> <span class='ocrx_word' id='word_1_606' title='bbox 3219 2367 3561 2421; x_wconf 73' lang='grc' dir='ltr'>ἀνάστασιν</span> <span class='ocrx_word' id='word_1_607' title='bbox 3589 2367 3721 2433; x_wconf 83' lang='grc' dir='ltr'>ζωῆς,</span> 
     </span>
    </p>
   </div>
   <div class='ocr_carea' id='block_1_79' title="bbox 2189 2451 3724 2522">
    <p class='ocr_par' dir='ltr' id='par_1_79' title="bbox 2189 2451 3724 2522">
     <span class='ocr_line' id='line_1_79' title="bbox 2189 2451 3724 2522; baseline 0 -17"><span class='ocrx_word' id='word_1_608' title='bbox 2189 2456 2283 2507; x_wconf 76' lang='grc' dir='ltr'>καὶ</span> <span class='ocrx_word' id='word_1_609' title='bbox 2315 2451 2476 2510; x_wconf 82' lang='grc' dir='ltr'>οὗτοι</span> <span class='ocrx_word' id='word_1_610' title='bbox 2501 2457 2588 2519; x_wconf 86' lang='grc' dir='ltr'>εὶς</span> <span class='ocrx_word' id='word_1_611' title='bbox 2616 2456 2955 2510; x_wconf 74' lang='grc' dir='ltr'>ἀνάστασιν</span> <span class='ocrx_word' id='word_1_612' title='bbox 2978 2457 3228 2522; x_wconf 76' lang='grc' dir='ltr'>κρίσεως</span> <span class='ocrx_word' id='word_1_613' title='bbox 3248 2472 3262 2485; x_wconf 75' lang='grc'><strong>⁸</strong></span> <span class='ocrx_word' id='word_1_614' title='bbox 3312 2457 3379 2509; x_wconf 83' lang='grc' dir='ltr'>τὰ</span> <span class='ocrx_word' id='word_1_615' title='bbox 3425 2455 3482 2508; x_wconf 80' lang='grc' dir='ltr'>δὲ</span> <span class='ocrx_word' id='word_1_616' title='bbox 3516 2456 3724 2508; x_wconf 74' lang='grc' dir='ltr'>ἐντεῦθεν</span> 
     </span>
    </p>
   </div>
   <div class='ocr_carea' id='block_1_80' title="bbox 2191 2542 3726 2619">
    <p class='ocr_par' dir='ltr' id='par_1_80' title="bbox 2191 2542 3726 2619">
     <span class='ocr_line' id='line_1_80' title="bbox 2191 2542 3726 2619; baseline 0 -21"><span class='ocrx_word' id='word_1_617' title='bbox 2191 2547 2377 2616; x_wconf 80' lang='grc' dir='ltr'>ἐτέρου</span> <span class='ocrx_word' id='word_1_618' title='bbox 2407 2545 2576 2598; x_wconf 81' lang='grc' dir='ltr'>τύπου</span> <span class='ocrx_word' id='word_1_619' title='bbox 2612 2542 2770 2609; x_wconf 79' lang='grc' dir='ltr'>εἶναι,</span> <span class='ocrx_word' id='word_1_620' title='bbox 2805 2548 2895 2600; x_wconf 72' lang='grc' dir='ltr'><strong>καὶ</strong></span> <span class='ocrx_word' id='word_1_621' title='bbox 2920 2548 3142 2618; x_wconf 78' lang='grc' dir='ltr'>ἀγωγῆς</span> <span class='ocrx_word' id='word_1_622' title='bbox 3175 2550 3385 2619; x_wconf 79' lang='grc' dir='ltr'>ἑτέρας,</span> <span class='ocrx_word' id='word_1_623' title='bbox 3419 2549 3586 2601; x_wconf 80' lang='grc' dir='ltr'>πάντα</span> <span class='ocrx_word' id='word_1_624' title='bbox 3614 2552 3726 2601; x_wconf 78' lang='grc' dir='ltr'>ἐκεῖ·</span> 
     </span>
    </p>
   </div>
   <div class='ocr_carea' id='block_1_81' title="bbox 2195 2637 3727 2716">
    <p class='ocr_par' dir='ltr' id='par_1_81' title="bbox 2195 2637 3727 2716">
     <span class='ocr_line' id='line_1_81' title="bbox 2195 2637 3727 2716; baseline 0 -26"><span class='ocrx_word' id='word_1_625' title='bbox 2195 2655 2252 2690; x_wconf 89' lang='grc' dir='ltr'><strong>σε</strong></span> <span class='ocrx_word' id='word_1_626' title='bbox 2281 2637 2533 2709; x_wconf 80' lang='grc' dir='ltr'>φέροντα,</span> <span class='ocrx_word' id='word_1_627' title='bbox 2562 2638 2789 2716; x_wconf 77' lang='grc' dir='ltr'>ἐχούσης</span> <span class='ocrx_word' id='word_1_628' title='bbox 2819 2637 3020 2708; x_wconf 84' lang='grc' dir='ltr'>ὁμαλόν</span> <span class='ocrx_word' id='word_1_629' title='bbox 3044 2655 3094 2690; x_wconf 83' lang='grc' dir='ltr'><strong>τι</strong></span> <span class='ocrx_word' id='word_1_630' title='bbox 3123 2639 3269 2710; x_wconf 81' lang='grc' dir='ltr'>παρὰ</span> <span class='ocrx_word' id='word_1_631' title='bbox 3291 2639 3409 2710; x_wconf 82' lang='grc' dir='ltr'><strong>Θεῷ</strong></span> <span class='ocrx_word' id='word_1_632' title='bbox 3435 2641 3634 2702; x_wconf 77' lang='grc' dir='ltr'>πάντως</span> <span class='ocrx_word' id='word_1_633' title='bbox 3654 2641 3727 2692; x_wconf 70' lang='grc' dir='ltr'><strong>καὶ</strong></span> 
     </span>
    </p>
   </div>
   <div class='ocr_carea' id='block_1_82' title="bbox 2189 2729 3726 2802">
    <p class='ocr_par' dir='ltr' id='par_1_82' title="bbox 2189 2729 3726 2802">
     <span class='ocr_line' id='line_1_82' title="bbox 2189 2729 3726 2802; baseline 0.002 -22"><span class='ocrx_word' id='word_1_634' title='bbox 2189 2729 2288 2798; x_wconf 77' lang='grc' dir='ltr'>τῆς</span> <span class='ocrx_word' id='word_1_635' title='bbox 2315 2729 2575 2798; x_wconf 77' lang='grc' dir='ltr'>δοκούσης</span> <span class='ocrx_word' id='word_1_636' title='bbox 2604 2732 2735 2799; x_wconf 81' lang='grc' dir='ltr'>ἡμῖν</span> <span class='ocrx_word' id='word_1_637' title='bbox 2757 2729 3102 2798; x_wconf 88' lang='grc' dir='ltr'>ἀνωμαλίας·</span> <span class='ocrx_word' id='word_1_638' title='bbox 3140 2730 3329 2801; x_wconf 79' lang='grc' dir='ltr'>ὥσπερ</span> <span class='ocrx_word' id='word_1_639' title='bbox 3359 2735 3416 2783; x_wconf 84' lang='grc' dir='ltr'><strong>ὲν</strong></span> <span class='ocrx_word' id='word_1_640' title='bbox 3439 2731 3634 2802; x_wconf 77' lang='grc' dir='ltr'>σώματι</span> <span class='ocrx_word' id='word_1_641' title='bbox 3650 2732 3726 2792; x_wconf 76' lang='grc' dir='ltr'>τὰς</span> 
     </span>
    </p>
   </div>
   <div class='ocr_carea' id='block_1_83' title="bbox 2113 1693 2156 1747">
    <p class='ocr_par' dir='ltr' id='par_1_83' title="bbox 2113 1693 2156 1747">
     <span class='ocr_line' id='line_1_83' title="bbox 2113 1693 2156 1747; baseline 0 0"><span class='ocrx_word' id='word_1_642' title='bbox 2113 1693 2156 1747; x_wconf 87' lang='grc' dir='ltr'>Β</span> 
     </span>
    </p>
   </div>
   <div class='ocr_carea' id='block_1_84' title="bbox 518 4198 2083 4273">
    <p class='ocr_par' dir='ltr' id='par_1_84' title="bbox 518 4198 2083 4273">
     <span class='ocr_line' id='line_1_84' title="bbox 518 4198 2083 4273; baseline -0.004 -15"><span class='ocrx_word' id='word_1_643' title='bbox 518 4202 819 4259; x_wconf 73' lang='lat' dir='ltr'><strong>affectionis</strong></span> <span class='ocrx_word' id='word_1_644' title='bbox 860 4203 1038 4273; x_wconf 85' lang='lat' dir='ltr'><strong>imago</strong></span> <span class='ocrx_word' id='word_1_645' title='bbox 1073 4201 1375 4256; x_wconf 80' lang='lat' dir='ltr'><strong>exhibenda</strong></span> <span class='ocrx_word' id='word_1_646' title='bbox 1410 4209 1513 4264; x_wconf 90' lang='lat' dir='ltr'><strong>est,</strong></span> <span class='ocrx_word' id='word_1_647' title='bbox 1558 4214 1666 4252; x_wconf 91' lang='lat' dir='ltr'><strong>non</strong></span> <span class='ocrx_word' id='word_1_648' title='bbox 1715 4198 1941 4252; x_wconf 89' lang='lat' dir='ltr'><strong>multum</strong></span> <span class='ocrx_word' id='word_1_649' title='bbox 1978 4200 2044 4253; x_wconf 93' lang='lat' dir='ltr'><strong>iis</strong></span> <span class='ocrx_word' id='word_1_650' title='bbox 2069 4241 2083 4263; x_wconf 89' lang='lat'><strong>,</strong></span> 
     </span>
    </p>
   </div>
   <div class='ocr_carea' id='block_1_85' title="bbox 518 4288 2083 4366">
    <p class='ocr_par' dir='ltr' id='par_1_85' title="bbox 518 4288 2083 4366">
     <span class='ocr_line' id='line_1_85' title="bbox 518 4288 2083 4366; baseline -0.005 -15"><span class='ocrx_word' id='word_1_651' title='bbox 518 4295 610 4366; x_wconf 86' lang='lat' dir='ltr'><strong>qui</strong></span> <span class='ocrx_word' id='word_1_652' title='bbox 632 4309 832 4350; x_wconf 87' lang='lat' dir='ltr'><strong>nausea</strong></span> <span class='ocrx_word' id='word_1_653' title='bbox 857 4305 911 4350; x_wconf 89' lang='lat' dir='ltr'><strong>et</strong></span> <span class='ocrx_word' id='word_1_654' title='bbox 941 4293 1206 4362; x_wconf 80' lang='lat' dir='ltr'><strong>vertigine</strong></span> <span class='ocrx_word' id='word_1_655' title='bbox 1234 4291 1504 4353; x_wconf 88' lang='lat' dir='ltr'><strong>laborant,</strong></span> <span class='ocrx_word' id='word_1_656' title='bbox 1543 4288 1841 4344; x_wconf 86' lang='lat' dir='ltr'><strong>dissimiles</strong></span> <span class='ocrx_word' id='word_1_657' title='bbox 1875 4303 2083 4350; x_wconf 89' lang='lat' dir='ltr'><strong>sumus,</strong></span> 
     </span>
    </p>
   </div>
   <div class='ocr_carea' id='block_1_86' title="bbox 515 4382 2086 4461">
    <p class='ocr_par' dir='ltr' id='par_1_86' title="bbox 515 4382 2086 4461">
     <span class='ocr_line' id='line_1_86' title="bbox 515 4382 2086 4461; baseline -0.006 -18"><span class='ocrx_word' id='word_1_658' title='bbox 515 4388 614 4461; x_wconf 87' lang='lat' dir='ltr'><strong>qui</strong></span> <span class='ocrx_word' id='word_1_659' title='bbox 644 4389 823 4443; x_wconf 92' lang='lat' dir='ltr'><strong>omnia</strong></span> <span class='ocrx_word' id='word_1_660' title='bbox 856 4386 1068 4441; x_wconf 75' lang='lat' dir='ltr'><strong>surSum</strong></span> <span class='ocrx_word' id='word_1_661' title='bbox 1112 4386 1479 4453; x_wconf 89' lang='lat' dir='ltr'><strong>deorsumque</strong></span> <span class='ocrx_word' id='word_1_662' title='bbox 1522 4382 1660 4437; x_wconf 88' lang='lat' dir='ltr'><strong>verti</strong></span> <span class='ocrx_word' id='word_1_663' title='bbox 1703 4390 1932 4451; x_wconf 85' lang='lat' dir='ltr'><strong>putant,</strong></span> <span class='ocrx_word' id='word_1_664' title='bbox 1965 4385 2086 4435; x_wconf 86' lang='lat' dir='ltr'><strong>cum</strong></span> 
     </span>
    </p>
   </div>
   <div class='ocr_carea' id='block_1_87' title="bbox 518 4472 2088 4546">
    <p class='ocr_par' dir='ltr' id='par_1_87' title="bbox 518 4472 2088 4546">
     <span class='ocr_line' id='line_1_87' title="bbox 518 4472 2088 4546; baseline -0.003 -15"><span class='ocrx_word' id='word_1_665' title='bbox 518 4479 619 4546; x_wconf 87' lang='lat' dir='ltr'><strong>ipsi</strong></span> <span class='ocrx_word' id='word_1_666' title='bbox 648 4486 947 4532; x_wconf 90' lang='lat' dir='ltr'><strong>vertantur.</strong></span> <span class='ocrx_word' id='word_1_667' title='bbox 972 4476 1117 4530; x_wconf 89' lang='lat' dir='ltr'><strong>Idem</strong></span> <span class='ocrx_word' id='word_1_668' title='bbox 1139 4475 1301 4529; x_wconf 86' lang='lat' dir='ltr'><strong>etiam</strong></span> <span class='ocrx_word' id='word_1_669' title='bbox 1331 4475 1435 4540; x_wconf 90' lang='lat' dir='ltr'><strong>his,</strong></span> <span class='ocrx_word' id='word_1_670' title='bbox 1475 4473 1540 4528; x_wconf 90' lang='lat' dir='ltr'><strong>de</strong></span> <span class='ocrx_word' id='word_1_671' title='bbox 1567 4472 1765 4542; x_wconf 90' lang='lat' dir='ltr'><strong>quibus</strong></span> <span class='ocrx_word' id='word_1_672' title='bbox 1797 4472 2088 4541; x_wconf 90' lang='lat' dir='ltr'><strong>loquimur,</strong></span> 
     </span>
    </p>
   </div>
   <div class='ocr_carea' id='block_1_88' title="bbox 517 4563 2092 4638">
    <p class='ocr_par' dir='ltr' id='par_1_88' title="bbox 517 4563 2092 4638">
     <span class='ocr_line' id='line_1_88' title="bbox 517 4563 2092 4638; baseline -0.004 -14"><span class='ocrx_word' id='word_1_673' title='bbox 517 4568 732 4626; x_wconf 86' lang='lat' dir='ltr'><strong>accidit.</strong></span> <span class='ocrx_word' id='word_1_674' title='bbox 758 4567 940 4638; x_wconf 84' lang='lat' dir='ltr'><strong>Neque</strong></span> <span class='ocrx_word' id='word_1_675' title='bbox 959 4567 1102 4621; x_wconf 88' lang='lat' dir='ltr'><strong>enim</strong></span> <span class='ocrx_word' id='word_1_676' title='bbox 1128 4565 1292 4618; x_wconf 89' lang='lat' dir='ltr'><strong>Deum</strong></span> <span class='ocrx_word' id='word_1_677' title='bbox 1323 4563 1704 4638; x_wconf 73' lang='lat' dir='ltr'><strong>sapientiorem</strong></span> <span class='ocrx_word' id='word_1_678' title='bbox 1741 4579 1798 4618; x_wconf 92' lang='lat' dir='ltr'><strong>se</strong></span> <span class='ocrx_word' id='word_1_679' title='bbox 1825 4579 1947 4620; x_wconf 89' lang='lat' dir='ltr'><strong>esse</strong></span> <span class='ocrx_word' id='word_1_680' title='bbox 1972 4580 2092 4620; x_wconf 83' lang='lat' dir='ltr'><strong>sus-</strong></span> 
     </span>
    </p>
   </div>
   <div class='ocr_carea' id='block_1_89' title="bbox 2186 4196 3734 4271">
    <p class='ocr_par' dir='ltr' id='par_1_89' title="bbox 2186 4196 3734 4271">
     <span class='ocr_line' id='line_1_89' title="bbox 2186 4196 3734 4271; baseline -0.003 -19"><span class='ocrx_word' id='word_1_681' title='bbox 2186 4200 2454 4271; x_wconf 78' lang='grc' dir='ltr'>ἡμετέρου</span> <span class='ocrx_word' id='word_1_682' title='bbox 2490 4197 2715 4264; x_wconf 82' lang='grc' dir='ltr'>πάθους,</span> <span class='ocrx_word' id='word_1_683' title='bbox 2761 4199 2820 4251; x_wconf 81' lang='grc' dir='ltr'><strong>οὐ</strong></span> <span class='ocrx_word' id='word_1_684' title='bbox 2854 4197 3041 4268; x_wconf 80' lang='grc' dir='ltr'>πόρῤω</span> <span class='ocrx_word' id='word_1_685' title='bbox 3083 4196 3190 4248; x_wconf 82' lang='grc' dir='ltr'>τῶν</span> <span class='ocrx_word' id='word_1_686' title='bbox 3223 4198 3562 4251; x_wconf 82' lang='grc' dir='ltr'>ναυτιώντων</span> <span class='ocrx_word' id='word_1_687' title='bbox 3595 4198 3734 4267; x_wconf 75' lang='grc' dir='ltr'>ἐσμὲν</span> 
     </span>
    </p>
   </div>
   <div class='ocr_carea' id='block_1_90' title="bbox 2188 4288 3734 4362">
    <p class='ocr_par' dir='ltr' id='par_1_90' title="bbox 2188 4288 3734 4362">
     <span class='ocr_line' id='line_1_90' title="bbox 2188 4288 3734 4362; baseline -0.005 -17"><span class='ocrx_word' id='word_1_688' title='bbox 2188 4293 2281 4345; x_wconf 73' lang='grc' dir='ltr'>καὶ</span> <span class='ocrx_word' id='word_1_689' title='bbox 2314 4292 2685 4360; x_wconf 84' lang='grc' dir='ltr'>ἱλιγγιώντων,</span> <span class='ocrx_word' id='word_1_690' title='bbox 2716 4291 2764 4344; x_wconf 85' lang='grc' dir='ltr'>οἳ</span> <span class='ocrx_word' id='word_1_691' title='bbox 2799 4290 3126 4362; x_wconf 78' lang='grc' dir='ltr'>στρέφεσθαι</span> <span class='ocrx_word' id='word_1_692' title='bbox 3155 4290 3265 4360; x_wconf 84' lang='grc'>(79)</span> <span class='ocrx_word' id='word_1_693' title='bbox 3292 4290 3360 4342; x_wconf 82' lang='grc' dir='ltr'>τὰ</span> <span class='ocrx_word' id='word_1_694' title='bbox 3389 4291 3560 4342; x_wconf 78' lang='grc' dir='ltr'>πάντα</span> <span class='ocrx_word' id='word_1_695' title='bbox 3580 4288 3734 4342; x_wconf 73' lang='grc' dir='ltr'>δοκοῦ-</span> 
     </span>
    </p>
   </div>
   <div class='ocr_carea' id='block_1_91' title="bbox 2191 4370 3734 4452">
    <p class='ocr_par' dir='ltr' id='par_1_91' title="bbox 2191 4370 3734 4452">
     <span class='ocr_line' id='line_1_91' title="bbox 2191 4370 3734 4452; baseline -0.007 -17"><span class='ocrx_word' id='word_1_696' title='bbox 2191 4400 2294 4443; x_wconf 90' lang='grc' dir='ltr'>σιν,</span> <span class='ocrx_word' id='word_1_697' title='bbox 2325 4383 2478 4435; x_wconf 75' lang='grc' dir='ltr'>αὐτοὶ</span> <span class='ocrx_word' id='word_1_698' title='bbox 2509 4381 2866 4452; x_wconf 79' lang='grc' dir='ltr'>στρεφόμενοι</span> <span class='ocrx_word' id='word_1_699' title='bbox 2902 4395 2916 4409; x_wconf 75' lang='grc' dir='ltr'><strong>ο</strong></span> <span class='ocrx_word' id='word_1_700' title='bbox 2951 4380 3027 4442; x_wconf 78' lang='grc' dir='ltr'>ὡς</span> <span class='ocrx_word' id='word_1_701' title='bbox 3058 4380 3114 4431; x_wconf 82' lang='grc' dir='ltr'><strong>δὲ</strong></span> <span class='ocrx_word' id='word_1_702' title='bbox 3146 4380 3238 4432; x_wconf 60' lang='grc' dir='ltr'><strong>καὶ¹</strong></span> <span class='ocrx_word' id='word_1_703' title='bbox 3272 4373 3438 4442; x_wconf 70' lang='grc' dir='ltr'>οὗτοι,</span> <span class='ocrx_word' id='word_1_704' title='bbox 3471 4379 3590 4448; x_wconf 78' lang='grc' dir='ltr'>περὶ</span> <span class='ocrx_word' id='word_1_705' title='bbox 3625 4370 3734 4428; x_wconf 81' lang='grc' dir='ltr'><strong>ὦνὸ</strong></span> 
     </span>
    </p>
   </div>
   <div class='ocr_carea' id='block_1_92' title="bbox 2190 4465 3733 4543">
    <p class='ocr_par' dir='ltr' id='par_1_92' title="bbox 2190 4465 3733 4543">
     <span class='ocr_line' id='line_1_92' title="bbox 2190 4465 3733 4543; baseline -0.006 -18"><span class='ocrx_word' id='word_1_706' title='bbox 2190 4474 2364 4541; x_wconf 86' lang='grc' dir='ltr'>λόγος.</span> <span class='ocrx_word' id='word_1_707' title='bbox 2399 4473 2472 4526; x_wconf 84' lang='grc' dir='ltr'><strong>Οὐ</strong></span> <span class='ocrx_word' id='word_1_708' title='bbox 2497 4473 2603 4543; x_wconf 81' lang='grc' dir='ltr'>γὰρ</span> <span class='ocrx_word' id='word_1_709' title='bbox 2637 4471 2920 4541; x_wconf 81' lang='grc' dir='ltr'>ἀνέχονται</span> <span class='ocrx_word' id='word_1_710' title='bbox 2949 4471 3255 4542; x_wconf 81' lang='grc' dir='ltr'>σοφώτερον</span> <span class='ocrx_word' id='word_1_711' title='bbox 3285 4471 3462 4522; x_wconf 72' lang='grc' dir='ltr'>αὐτῶν</span> <span class='ocrx_word' id='word_1_712' title='bbox 3503 4465 3632 4520; x_wconf 78' lang='grc' dir='ltr'>εἶναι</span> <span class='ocrx_word' id='word_1_713' title='bbox 3660 4467 3733 4517; x_wconf 67' lang='grc' dir='ltr'><strong>τὶν</strong></span> 
     </span>
    </p>
   </div>
   <div class='ocr_carea' id='block_1_93' title="bbox 2192 4557 3731 4635">
    <p class='ocr_par' dir='ltr' id='par_1_93' title="bbox 2192 4557 3731 4635">
     <span class='ocr_line' id='line_1_93' title="bbox 2192 4557 3731 4635; baseline -0.005 -18"><span class='ocrx_word' id='word_1_714' title='bbox 2192 4563 2345 4629; x_wconf 81' lang='grc' dir='ltr'>Θεὸν,</span> <span class='ocrx_word' id='word_1_715' title='bbox 2371 4564 2435 4617; x_wconf 85' lang='grc' dir='ltr'><strong>ἂν</strong></span> <span class='ocrx_word' id='word_1_716' title='bbox 2463 4564 2597 4635; x_wconf 84' lang='grc' dir='ltr'>πρός</span> <span class='ocrx_word' id='word_1_717' title='bbox 2625 4580 2676 4614; x_wconf 84' lang='grc' dir='ltr'><strong>τι</strong></span> <span class='ocrx_word' id='word_1_718' title='bbox 2715 4563 2819 4614; x_wconf 81' lang='grc' dir='ltr'>τῶν</span> <span class='ocrx_word' id='word_1_719' title='bbox 2859 4561 3260 4632; x_wconf 72' lang='grc' dir='ltr'>συμϐαινόντων</span> <span class='ocrx_word' id='word_1_720' title='bbox 3298 4557 3731 4629; x_wconf 66' lang='grc' dir='ltr'>ἰλιγγιάσωσιεθ·ἦ</span> 
     </span>
    </p>
   </div>
   <div class='ocr_carea' id='block_1_94' title="bbox 590 4697 2079 4773">
    <p class='ocr_par' dir='ltr' id='par_1_94' title="bbox 590 4703 2079 4773">
     <span class='ocr_line' id='line_1_94' title="bbox 590 4703 2079 4773; baseline -0.005 -10"><span class='ocrx_word' id='word_1_721' title='bbox 590 4710 632 4740; x_wconf 72' lang='grc'>¹⁸</span> <span class='ocrx_word' id='word_1_722' title='bbox 673 4709 834 4763; x_wconf 81' lang='lat' dir='ltr'><strong>Eccli.</strong></span> <span class='ocrx_word' id='word_1_723' title='bbox 867 4725 902 4773; x_wconf 91' lang='grc' dir='ltr'><strong>ι,</strong></span> <span class='ocrx_word' id='word_1_724' title='bbox 930 4708 984 4761; x_wconf 70' lang='grc' dir='ltr'><strong>Ξ.</strong></span> <span class='ocrx_word' id='word_1_725' title='bbox 1066 4707 1106 4737; x_wconf 78' lang='grc'><strong>’³</strong></span> <span class='ocrx_word' id='word_1_726' title='bbox 1136 4705 1290 4760; x_wconf 74' lang='lat' dir='ltr'><strong>Rom.</strong></span> <span class='ocrx_word' id='word_1_727' title='bbox 1337 4721 1411 4770; x_wconf 73' lang='grc' dir='ltr'>ιι,</span> <span class='ocrx_word' id='word_1_728' title='bbox 1463 4705 1552 4758; x_wconf 79' lang='lat'><strong>&#39;55.</strong></span> <span class='ocrx_word' id='word_1_729' title='bbox 1632 4704 1674 4734; x_wconf 83' lang='grc'><strong>¹⁶</strong></span> <span class='ocrx_word' id='word_1_730' title='bbox 1710 4703 1838 4758; x_wconf 88' lang='lat' dir='ltr'><strong>ibid.</strong></span> <span class='ocrx_word' id='word_1_731' title='bbox 1873 4705 1962 4758; x_wconf 76' lang='grc'><strong>54.</strong></span> <span class='ocrx_word' id='word_1_732' title='bbox 2040 4704 2079 4734; x_wconf 88' lang='grc'><strong>¹¹¹</strong></span> 
     </span>
    </p>
   </div>
   <div class='ocr_carea' id='block_1_95' title="bbox 2188 4697 3479 4773">
    <p class='ocr_par' dir='ltr' id='par_1_95' title="bbox 2188 4697 3479 4766">
     <span class='ocr_line' id='line_1_95' title="bbox 2188 4697 3479 4766; baseline -0.007 -8"><span class='ocrx_word' id='word_1_733' title='bbox 2188 4721 2208 4758; x_wconf 78' lang='lat' dir='ltr'><strong>J</strong></span> <span class='ocrx_word' id='word_1_734' title='bbox 2246 4719 2334 4766; x_wconf 78' lang='lat' dir='ltr'><strong>XV,</strong></span> <span class='ocrx_word' id='word_1_735' title='bbox 2365 4702 2418 4756; x_wconf 89' lang='grc'><strong>8.</strong></span> <span class='ocrx_word' id='word_1_736' title='bbox 2496 4701 2539 4734; x_wconf 78' lang='grc'><strong>³⁸</strong></span> <span class='ocrx_word' id='word_1_737' title='bbox 2570 4700 2694 4755; x_wconf 74' lang='lat' dir='ltr'><strong>Ose.</strong></span> <span class='ocrx_word' id='word_1_738' title='bbox 2744 4716 2852 4766; x_wconf 76' lang='lat' dir='ltr'><strong>xtv,</strong></span> <span class='ocrx_word' id='word_1_739' title='bbox 2892 4698 2976 4755; x_wconf 87' lang='lat' dir='ltr'><strong>I0.</strong></span> <span class='ocrx_word' id='word_1_740' title='bbox 3056 4701 3098 4731; x_wconf 85' lang='grc'><strong>¹⁹</strong></span> <span class='ocrx_word' id='word_1_741' title='bbox 3126 4697 3282 4752; x_wconf 82' lang='lat' dir='ltr'><strong>Joan.</strong></span> <span class='ocrx_word' id='word_1_742' title='bbox 3313 4712 3366 4760; x_wconf 78' lang='grc' dir='ltr'><strong>ν,</strong></span> <span class='ocrx_word' id='word_1_743' title='bbox 3391 4698 3479 4751; x_wconf 74' lang='lat'><strong>‘29.</strong></span> 
     </span>
    </p>
   </div>
   <div class='ocr_carea' id='block_1_96' title="bbox 585 4839 2079 4919">
    <p class='ocr_par' dir='ltr' id='par_1_96' title="bbox 585 4839 2079 4919">
     <span class='ocr_line' id='line_1_96' title="bbox 585 4839 2079 4919; baseline -0.002 -20"><span class='ocrx_word' id='word_1_744' title='bbox 585 4847 696 4919; x_wconf 79' lang='lat' dir='ltr'><strong>(7t)</strong></span> <span class='ocrx_word' id='word_1_745' title='bbox 728 4846 1218 4919; x_wconf 75' lang='grc' dir='ltr'>Ἀνεξιχνίαστοι.</span> <span class='ocrx_word' id='word_1_746' title='bbox 1243 4843 1354 4919; x_wconf 91' lang='lat' dir='ltr'><strong>_Sic</strong></span> <span class='ocrx_word' id='word_1_747' title='bbox 1391 4842 1558 4912; x_wconf 79' lang='lat' dir='ltr'><strong>Regg.</strong></span> <span class='ocrx_word' id='word_1_748' title='bbox 1599 4842 1708 4906; x_wconf 89' lang='lat' dir='ltr'><strong>bm,</strong></span> <span class='ocrx_word' id='word_1_749' title='bbox 1753 4841 1846 4910; x_wconf 91' lang='lat' dir='ltr'><strong>ph,</strong></span> <span class='ocrx_word' id='word_1_750' title='bbox 1891 4839 1983 4895; x_wconf 91' lang='lat' dir='ltr'><strong>Or.</strong></span> <span class='ocrx_word' id='word_1_751' title='bbox 2024 4842 2079 4906; x_wconf 71' lang='lat'><strong>2,</strong></span> 
     </span>
    </p>
   </div>
   <div class='ocr_carea' id='block_1_97' title="bbox 511 4915 1433 4995">
    <p class='ocr_par' dir='ltr' id='par_1_97' title="bbox 511 4915 1433 4995">
     <span class='ocr_line' id='line_1_97' title="bbox 511 4915 1433 4995; baseline -0.007 -23"><span class='ocrx_word' id='word_1_752' title='bbox 511 4915 855 4995; x_wconf 42' lang='grc' dir='ltr'><strong>Αροδξξη-οις.</strong></span> <span class='ocrx_word' id='word_1_753' title='bbox 886 4917 1045 4995; x_wconf 38' lang='grc' dir='ltr'>ις-ιιιιι,</span> <span class='ocrx_word' id='word_1_754' title='bbox 1080 4915 1433 4995; x_wconf 58' lang='grc' dir='ltr'>ἀνιχνίαστοι.</span> 
     </span>
    </p>
   </div>
   <div class='ocr_carea' id='block_1_98' title="bbox 583 4981 2084 5058">
    <p class='ocr_par' dir='ltr' id='par_1_98' title="bbox 583 4981 2084 5058">
     <span class='ocr_line' id='line_1_98' title="bbox 583 4981 2084 5058; baseline -0.004 -18"><span class='ocrx_word' id='word_1_755' title='bbox 583 4981 697 5058; x_wconf 74' lang='grc'>(72)</span> <span class='ocrx_word' id='word_1_756' title='bbox 726 4986 836 5041; x_wconf 77' lang='grc' dir='ltr'><strong>Καὶ</strong></span> <span class='ocrx_word' id='word_1_757' title='bbox 876 4987 1010 5058; x_wconf 60' lang='grc' dir='ltr'>οὐχί</span> <span class='ocrx_word' id='word_1_758' title='bbox 1056 4985 1136 5050; x_wconf 85' lang='grc' dir='ltr'>τῷ</span> <span class='ocrx_word' id='word_1_759' title='bbox 1161 4981 1488 5058; x_wconf 67' lang='grc' dir='ltr'>ᾇνεφίκτῳ,</span> <span class='ocrx_word' id='word_1_760' title='bbox 1521 4993 1625 5058; x_wconf 75' lang='lat' dir='ltr'><strong>etc.</strong></span> <span class='ocrx_word' id='word_1_761' title='bbox 1665 5000 1683 5032; x_wconf 80' lang='grc' dir='ltr'><strong>ι</strong></span> <span class='ocrx_word' id='word_1_762' title='bbox 1734 4981 1811 5035; x_wconf 83' lang='lat' dir='ltr'><strong>Ac</strong></span> <span class='ocrx_word' id='word_1_763' title='bbox 1854 4997 1957 5058; x_wconf 83' lang='lat' dir='ltr'><strong>non</strong></span> <span class='ocrx_word' id='word_1_764' title='bbox 1991 4997 2084 5050; x_wconf 85' lang='lat' dir='ltr'><strong>per</strong></span> 
     </span>
    </p>
   </div>
   <div class='ocr_carea' id='block_1_99' title="bbox 515 5053 2081 5126">
    <p class='ocr_par' dir='ltr' id='par_1_99' title="bbox 515 5053 2081 5126">
     <span class='ocr_line' id='line_1_99' title="bbox 515 5053 2081 5126; baseline -0.005 -15"><span class='ocrx_word' id='word_1_765' title='bbox 515 5053 600 5120; x_wconf 59' lang='lat' dir='ltr'><strong>id,</strong></span> <span class='ocrx_word' id='word_1_766' title='bbox 623 5053 765 5126; x_wconf 87' lang='lat' dir='ltr'><strong>quod</strong></span> <span class='ocrx_word' id='word_1_767' title='bbox 797 5057 1010 5124; x_wconf 90' lang='lat' dir='ltr'><strong>assequi</strong></span> <span class='ocrx_word' id='word_1_768' title='bbox 1041 5073 1144 5126; x_wconf 80' lang='lat' dir='ltr'><strong>non</strong></span> <span class='ocrx_word' id='word_1_769' title='bbox 1174 5057 1316 5126; x_wconf 90' lang='lat' dir='ltr'><strong>licet,</strong></span> <span class='ocrx_word' id='word_1_770' title='bbox 1360 5053 1697 5126; x_wconf 78' lang='lat' dir='ltr'><strong>id_metietur</strong></span> <span class='ocrx_word' id='word_1_771' title='bbox 1727 5053 1868 5126; x_wconf 76' lang='lat' dir='ltr'><strong>quod</strong></span> <span class='ocrx_word' id='word_1_772' title='bbox 1919 5067 2081 5120; x_wconf 85' lang='lat' dir='ltr'><strong>supra</strong></span> 
     </span>
    </p>
   </div>
   <div class='ocr_carea' id='block_1_100' title="bbox 510 5121 2080 5181">
    <p class='ocr_par' dir='ltr' id='par_1_100' title="bbox 510 5121 2080 5181">
     <span class='ocr_line' id='line_1_100' title="bbox 510 5121 2080 5181; baseline -0.004 -1"><span class='ocrx_word' id='word_1_773' title='bbox 510 5121 825 5181; x_wconf 81' lang='lat' dir='ltr'><strong>mensuram</strong></span> <span class='ocrx_word' id='word_1_774' title='bbox 876 5121 994 5181; x_wconf 73' lang='lat' dir='ltr'><strong>est?</strong></span> <span class='ocrx_word' id='word_1_775' title='bbox 1030 5145 1048 5177; x_wconf 74' lang='grc' dir='ltr'><strong>ι</strong></span> <span class='ocrx_word' id='word_1_776' title='bbox 1093 5124 1186 5178; x_wconf 81' lang='lat' dir='ltr'><strong>Vel</strong></span> <span class='ocrx_word' id='word_1_777' title='bbox 1224 5140 1344 5177; x_wconf 85' lang='lat' dir='ltr'><strong>cum</strong></span> <span class='ocrx_word' id='word_1_778' title='bbox 1394 5121 1664 5177; x_wconf 86' lang='lat' dir='ltr'><strong>Gabrielio</strong></span> <span class='ocrx_word' id='word_1_779' title='bbox 1714 5138 1729 5176; x_wconf 91' lang='lat'><strong>:</strong></span> <span class='ocrx_word' id='word_1_780' title='bbox 1786 5139 1804 5172; x_wconf 82' lang='grc' dir='ltr'><strong>ι</strong></span> <span class='ocrx_word' id='word_1_781' title='bbox 1841 5122 1918 5174; x_wconf 81' lang='lat' dir='ltr'><strong>Ac</strong></span> <span class='ocrx_word' id='word_1_782' title='bbox 1975 5137 2080 5175; x_wconf 91' lang='lat' dir='ltr'><strong>non</strong></span> 
     </span>
    </p>
   </div>
   <div class='ocr_carea' id='block_1_101' title="bbox 508 5191 2084 5282">
    <p class='ocr_par' dir='ltr' id='par_1_101' title="bbox 508 5191 2084 5282">
     <span class='ocr_line' id='line_1_101' title="bbox 508 5191 2084 5282; baseline -0.004 -31"><span class='ocrx_word' id='word_1_783' title='bbox 508 5197 696 5282; x_wconf 53' lang='lat' dir='ltr'><strong>potius.</strong></span> <span class='ocrx_word' id='word_1_784' title='bbox 719 5195 1365 5282; x_wconf 53' lang='lat' dir='ltr'><strong>incomprehncnsibilitate</strong></span> <span class='ocrx_word' id='word_1_785' title='bbox 1416 5193 1688 5255; x_wconf 87' lang='lat' dir='ltr'><strong>metietur,</strong></span> <span class='ocrx_word' id='word_1_786' title='bbox 1717 5191 1770 5244; x_wconf 91' lang='lat' dir='ltr'><strong>id</strong></span> <span class='ocrx_word' id='word_1_787' title='bbox 1822 5194 1964 5261; x_wconf 80' lang='lat' dir='ltr'><strong>quod</strong></span> <span class='ocrx_word' id='word_1_788' title='bbox 2001 5199 2084 5247; x_wconf 91' lang='lat' dir='ltr'><strong>est</strong></span> 
     </span>
    </p>
   </div>
   <div class='ocr_carea' id='block_1_102' title="bbox 507 5266 1079 5337">
    <p class='ocr_par' dir='ltr' id='par_1_102' title="bbox 507 5266 1079 5337">
     <span class='ocr_line' id='line_1_102' title="bbox 507 5266 1079 5337; baseline -0.007 -15"><span class='ocrx_word' id='word_1_789' title='bbox 507 5266 1007 5337; x_wconf 36' lang='lat' dir='ltr'><strong>suprafluensnram</strong></span> <span class='ocrx_word' id='word_1_790' title='bbox 1025 5266 1079 5318; x_wconf 66' lang='grc' dir='ltr'><strong>ἲ»</strong></span> 
     </span>
    </p>
   </div>
   <div class='ocr_carea' id='block_1_103' title="bbox 579 5329 2081 5409">
    <p class='ocr_par' dir='ltr' id='par_1_103' title="bbox 579 5329 2081 5409">
     <span class='ocr_line' id='line_1_103' title="bbox 579 5329 2081 5409; baseline -0.005 -16"><span class='ocrx_word' id='word_1_791' title='bbox 579 5329 692 5409; x_wconf 71' lang='grc'>(75)</span> <span class='ocrx_word' id='word_1_792' title='bbox 723 5339 786 5409; x_wconf 72' lang='lat' dir='ltr'><strong>Ol</strong></span> <span class='ocrx_word' id='word_1_793' title='bbox 826 5336 895 5389; x_wconf 85' lang='grc' dir='ltr'>δὲ</span> <span class='ocrx_word' id='word_1_794' title='bbox 935 5335 1006 5388; x_wconf 81' lang='grc' dir='ltr'>τὰ</span> <span class='ocrx_word' id='word_1_795' title='bbox 1046 5333 1420 5409; x_wconf 39' lang='grc' dir='ltr'>τῆςᾼκαξιίας</span> <span class='ocrx_word' id='word_1_796' title='bbox 1464 5332 1745 5409; x_wconf 59' lang='grc' dir='ltr'>ἐπιτίμια,</span> <span class='ocrx_word' id='word_1_797' title='bbox 1789 5329 2081 5409; x_wconf 57' lang='lat' dir='ltr'><strong>Siqﬂegg.</strong></span> 
     </span>
    </p>
   </div>
   <div class='ocr_carea' id='block_1_104' title="bbox 505 5401 2079 5531">
    <p class='ocr_par' dir='ltr' id='par_1_104' title="bbox 505 5401 2079 5531">
     <span class='ocr_line' id='line_1_104' title="bbox 505 5401 2079 5474; baseline -0.003 -14"><span class='ocrx_word' id='word_1_798' title='bbox 505 5422 560 5469; x_wconf 85' lang='lat' dir='ltr'><strong>a,</strong></span> <span class='ocrx_word' id='word_1_799' title='bbox 587 5401 636 5473; x_wconf 67' lang='grc' dir='ltr'>ἒ,</span> <span class='ocrx_word' id='word_1_800' title='bbox 671 5401 726 5470; x_wconf 67' lang='lat' dir='ltr'><strong>il,</strong></span> <span class='ocrx_word' id='word_1_801' title='bbox 764 5407 877 5466; x_wconf 88' lang='lat' dir='ltr'><strong>bm,</strong></span> <span class='ocrx_word' id='word_1_802' title='bbox 903 5412 996 5474; x_wconf 89' lang='lat' dir='ltr'><strong>ph,</strong></span> <span class='ocrx_word' id='word_1_803' title='bbox 1024 5401 1129 5460; x_wconf 69' lang='lat' dir='ltr'><strong>etc.</strong></span> <span class='ocrx_word' id='word_1_804' title='bbox 1163 5404 1256 5460; x_wconf 91' lang='lat' dir='ltr'><strong>0r.</strong></span> <span class='ocrx_word' id='word_1_805' title='bbox 1279 5405 1332 5464; x_wconf 77' lang='lat'><strong>‘2,</strong></span> <span class='ocrx_word' id='word_1_806' title='bbox 1366 5404 1562 5465; x_wconf 88' lang='grc' dir='ltr'>κακίας</span> <span class='ocrx_word' id='word_1_807' title='bbox 1605 5404 1674 5455; x_wconf 80' lang='grc' dir='ltr'><strong>τὰ</strong></span> <span class='ocrx_word' id='word_1_808' title='bbox 1714 5401 2079 5472; x_wconf 78' lang='grc' dir='ltr'>ἐπιτηδεύμα-</span> 
     </span>
     <span class='ocr_line' id='line_1_105' title="bbox 506 5471 1692 5531; baseline -0.003 -1"><span class='ocrx_word' id='word_1_809' title='bbox 506 5493 594 5531; x_wconf 80' lang='grc' dir='ltr'>τα.</span> <span class='ocrx_word' id='word_1_810' title='bbox 627 5478 792 5531; x_wconf 88' lang='lat' dir='ltr'><strong>Edit..</strong></span> <span class='ocrx_word' id='word_1_811' title='bbox 827 5479 875 5529; x_wconf 84' lang='grc' dir='ltr'>οἱ</span> <span class='ocrx_word' id='word_1_812' title='bbox 901 5475 958 5530; x_wconf 84' lang='grc' dir='ltr'>δὲ</span> <span class='ocrx_word' id='word_1_813' title='bbox 980 5477 1078 5531; x_wconf 67' lang='grc' dir='ltr'>τῆς</span> <span class='ocrx_word' id='word_1_814' title='bbox 1109 5476 1304 5531; x_wconf 85' lang='grc' dir='ltr'>κακίας</span> <span class='ocrx_word' id='word_1_815' title='bbox 1331 5474 1398 5527; x_wconf 80' lang='grc' dir='ltr'>τὰ</span> <span class='ocrx_word' id='word_1_816' title='bbox 1423 5471 1692 5531; x_wconf 76' lang='grc' dir='ltr'>ἐπιτίμια.</span> 
     </span>
    </p>
   </div>
   <div class='ocr_carea' id='block_1_105' title="bbox 579 5490 2081 5623">
    <p class='ocr_par' dir='ltr' id='par_1_105' title="bbox 579 5490 2081 5623">
     <span class='ocr_line' id='line_1_106' title="bbox 579 5490 1692 5546; baseline -0.004 -15"><span class='ocrx_word' id='word_1_817' title='bbox 579 5515 594 5531; x_wconf 92' lang='grc'><strong>.</strong></span> <span class='ocrx_word' id='word_1_818' title='bbox 627 5490 792 5540; x_wconf 63' lang='lat' dir='ltr'><strong>Edit..</strong></span> <span class='ocrx_word' id='word_1_819' title='bbox 827 5490 875 5529; x_wconf 84' lang='grc' dir='ltr'><strong>οι</strong></span> <span class='ocrx_word' id='word_1_820' title='bbox 901 5490 958 5530; x_wconf 86' lang='grc' dir='ltr'><strong>οε</strong></span> <span class='ocrx_word' id='word_1_821' title='bbox 980 5494 1078 5546; x_wconf 80' lang='grc' dir='ltr'>της</span> <span class='ocrx_word' id='word_1_822' title='bbox 1109 5490 1304 5537; x_wconf 89' lang='grc' dir='ltr'>κακιας</span> <span class='ocrx_word' id='word_1_823' title='bbox 1331 5491 1398 5527; x_wconf 88' lang='grc' dir='ltr'><strong>τα</strong></span> <span class='ocrx_word' id='word_1_824' title='bbox 1423 5490 1692 5542; x_wconf 83' lang='grc' dir='ltr'>επιτιμια.</span> 
     </span>
     <span class='ocr_line' id='line_1_107' title="bbox 580 5542 2081 5623; baseline -0.003 -21"><span class='ocrx_word' id='word_1_825' title='bbox 580 5548 692 5623; x_wconf 76' lang='grc'>(74)</span> <span class='ocrx_word' id='word_1_826' title='bbox 731 5547 896 5623; x_wconf 61' lang='grc' dir='ltr'><strong>Ἐπεὶ</strong></span> <span class='ocrx_word' id='word_1_827' title='bbox 919 5547 1024 5623; x_wconf 63' lang='grc' dir='ltr'><strong>Δκαὶ</strong></span> <span class='ocrx_word' id='word_1_828' title='bbox 1048 5548 1344 5616; x_wconf 78' lang='grc' dir='ltr'>τεχνίτου,</span> <span class='ocrx_word' id='word_1_829' title='bbox 1378 5555 1482 5623; x_wconf 66' lang='lat' dir='ltr'><strong>etc.</strong></span> <span class='ocrx_word' id='word_1_830' title='bbox 1512 5543 1697 5597; x_wconf 85' lang='lat' dir='ltr'><strong>Billius</strong></span> <span class='ocrx_word' id='word_1_831' title='bbox 1727 5561 1741 5623; x_wconf 68' lang='grc' dir='ltr'><strong>ς</strong></span> <span class='ocrx_word' id='word_1_832' title='bbox 1776 5563 1792 5595; x_wconf 82' lang='grc' dir='ltr'><strong>ι</strong></span> <span class='ocrx_word' id='word_1_833' title='bbox 1831 5542 2081 5623; x_wconf 76' lang='lat' dir='ltr'><strong>Quando-</strong></span> 
     </span>
    </p>
   </div>
   <div class='ocr_carea' id='block_1_106' title="bbox 507 5615 2080 5687">
    <p class='ocr_par' dir='ltr' id='par_1_106' title="bbox 507 5615 2080 5687">
     <span class='ocr_line' id='line_1_108' title="bbox 507 5615 2080 5687; baseline -0.006 -15"><span class='ocrx_word' id='word_1_834' title='bbox 507 5615 724 5685; x_wconf 84' lang='lat' dir='ltr'><strong>quidem</strong></span> <span class='ocrx_word' id='word_1_835' title='bbox 754 5619 963 5687; x_wconf 89' lang='lat' dir='ltr'><strong>opilicis</strong></span> <span class='ocrx_word' id='word_1_836' title='bbox 987 5615 1202 5687; x_wconf 86' lang='lat' dir='ltr'><strong>quoque</strong></span> <span class='ocrx_word' id='word_1_837' title='bbox 1231 5615 1478 5679; x_wconf 72' lang='lat' dir='ltr'><strong>materia,</strong></span> <span class='ocrx_word' id='word_1_838' title='bbox 1499 5628 1616 5679; x_wconf 74' lang='lat' dir='ltr'><strong>qua:</strong></span> <span class='ocrx_word' id='word_1_839' title='bbox 1658 5615 1809 5681; x_wconf 91' lang='lat' dir='ltr'><strong>prius</strong></span> <span class='ocrx_word' id='word_1_840' title='bbox 1843 5617 2080 5687; x_wconf 53' lang='lat' dir='ltr'><strong>inaequa-</strong></span> 
     </span>
    </p>
   </div>
   <div class='ocr_carea' id='block_1_107' title="bbox 509 5683 2075 5757">
    <p class='ocr_par' dir='ltr' id='par_1_107' title="bbox 509 5683 2075 5757">
     <span class='ocr_line' id='line_1_109' title="bbox 509 5683 2075 5757; baseline -0.004 -13"><span class='ocrx_word' id='word_1_841' title='bbox 509 5683 628 5744; x_wconf 80' lang='lat' dir='ltr'><strong>bilis</strong></span> <span class='ocrx_word' id='word_1_842' title='bbox 661 5683 823 5757; x_wconf 78' lang='lat' dir='ltr'><strong>atque</strong></span> <span class='ocrx_word' id='word_1_843' title='bbox 853 5683 1129 5743; x_wconf 81' lang='lat' dir='ltr'><strong>incondita</strong></span> <span class='ocrx_word' id='word_1_844' title='bbox 1155 5696 1293 5751; x_wconf 90' lang='lat' dir='ltr'><strong>erat,</strong></span> <span class='ocrx_word' id='word_1_845' title='bbox 1326 5699 1583 5755; x_wconf 88' lang='lat' dir='ltr'><strong>perquam</strong></span> <span class='ocrx_word' id='word_1_846' title='bbox 1613 5693 1792 5738; x_wconf 86' lang='lat' dir='ltr'><strong>tamen</strong></span> <span class='ocrx_word' id='word_1_847' title='bbox 1816 5683 2075 5741; x_wconf 83' lang='lat' dir='ltr'><strong>artiﬁcio-</strong></span> 
     </span>
    </p>
   </div>
   <div class='ocr_carea' id='block_1_108' title="bbox 2186 4853 3730 4984">
    <p class='ocr_par' dir='ltr' id='par_1_108' title="bbox 2186 4853 3730 4984">
     <span class='ocr_line' id='line_1_110' title="bbox 2186 4853 2636 4905; baseline -0.004 -8"><span class='ocrx_word' id='word_1_848' title='bbox 2186 4860 2242 4897; x_wconf 85' lang='lat' dir='ltr'><strong>sa</strong></span> <span class='ocrx_word' id='word_1_849' title='bbox 2282 4854 2446 4905; x_wconf 88' lang='lat' dir='ltr'><strong>esset,</strong></span> <span class='ocrx_word' id='word_1_850' title='bbox 2477 4863 2495 4894; x_wconf 72' lang='grc' dir='ltr'><strong>ι</strong></span> <span class='ocrx_word' id='word_1_851' title='bbox 2529 4853 2636 4896; x_wconf 90' lang='lat' dir='ltr'><strong>etc.</strong></span> 
     </span>
     <span class='ocr_line' id='line_1_111' title="bbox 2200 4905 3730 4984; baseline -0.009 -16"><span class='ocrx_word' id='word_1_852' title='bbox 2200 4983 2212 4984; x_wconf 18' lang='grc' dir='ltr'>ί</span> <span class='ocrx_word' id='word_1_853' title='bbox 2255 4915 2368 4984; x_wconf 80' lang='lat'><strong>(75)</strong></span> <span class='ocrx_word' id='word_1_854' title='bbox 2406 4915 2860 4981; x_wconf 78' lang='grc' dir='ltr'>Εὐτρεπίσαιτο.</span> <span class='ocrx_word' id='word_1_855' title='bbox 2899 4913 2990 4967; x_wconf 88' lang='lat' dir='ltr'><strong>Sic</strong></span> <span class='ocrx_word' id='word_1_856' title='bbox 3018 4909 3184 4984; x_wconf 81' lang='lat' dir='ltr'><strong>Regg.</strong></span> <span class='ocrx_word' id='word_1_857' title='bbox 3226 4924 3277 4971; x_wconf 87' lang='lat' dir='ltr'><strong>a,</strong></span> <span class='ocrx_word' id='word_1_858' title='bbox 3329 4925 3380 4973; x_wconf 92' lang='lat' dir='ltr'><strong>c,</strong></span> <span class='ocrx_word' id='word_1_859' title='bbox 3422 4908 3475 4973; x_wconf 91' lang='lat' dir='ltr'><strong>d,</strong></span> <span class='ocrx_word' id='word_1_860' title='bbox 3514 4906 3626 4971; x_wconf 89' lang='lat' dir='ltr'><strong>bm,</strong></span> <span class='ocrx_word' id='word_1_861' title='bbox 3655 4905 3730 4974; x_wconf 89' lang='lat' dir='ltr'><strong>ph.</strong></span> 
     </span>
    </p>
   </div>
   <div class='ocr_carea' id='block_1_109' title="bbox 2185 4981 3304 5053">
    <p class='ocr_par' dir='ltr' id='par_1_109' title="bbox 2185 4981 3304 5053">
     <span class='ocr_line' id='line_1_112' title="bbox 2185 4981 3304 5053; baseline -0.004 -15"><span class='ocrx_word' id='word_1_862' title='bbox 2185 4981 2276 5038; x_wconf 72' lang='lat' dir='ltr'><strong>Or.</strong></span> <span class='ocrx_word' id='word_1_863' title='bbox 2299 4985 2353 5047; x_wconf 72' lang='grc'>2,</span> <span class='ocrx_word' id='word_1_864' title='bbox 2394 4984 2529 5051; x_wconf 82' lang='lat' dir='ltr'><strong>Jes.,</strong></span> <span class='ocrx_word' id='word_1_865' title='bbox 2561 4996 2664 5040; x_wconf 88' lang='lat' dir='ltr'><strong>etc.</strong></span> <span class='ocrx_word' id='word_1_866' title='bbox 2697 4985 2856 5048; x_wconf 85' lang='lat' dir='ltr'><strong>Editi,</strong></span> <span class='ocrx_word' id='word_1_867' title='bbox 2893 4981 3304 5053; x_wconf 72' lang='grc' dir='ltr'>εὐτρεπίσηται.</span> 
     </span>
    </p>
   </div>
   <div class='ocr_carea' id='block_1_110' title="bbox 2185 5045 3735 5136">
    <p class='ocr_par' dir='ltr' id='par_1_110' title="bbox 2185 5045 3735 5136">
     <span class='ocr_line' id='line_1_113' title="bbox 2185 5045 3735 5136; baseline -0.009 -26"><span class='ocrx_word' id='word_1_868' title='bbox 2185 5124 2196 5135; x_wconf 39' lang='lat'><strong><em>.</em></strong></span> <span class='ocrx_word' id='word_1_869' title='bbox 2256 5045 2368 5136; x_wconf 61' lang='lat' dir='ltr'><strong>(7o)</strong></span> <span class='ocrx_word' id='word_1_870' title='bbox 2390 5053 2491 5136; x_wconf 36' lang='grc' dir='ltr'><strong>,Τά</strong></span> <span class='ocrx_word' id='word_1_871' title='bbox 2517 5045 2616 5109; x_wconf 76' lang='grc' dir='ltr'><strong>’5ἱο</strong></span> <span class='ocrx_word' id='word_1_872' title='bbox 2656 5045 2919 5126; x_wconf 50' lang='grc' dir='ltr'>Βεθεζε,</span> <span class='ocrx_word' id='word_1_873' title='bbox 2948 5045 3058 5116; x_wconf 73' lang='lat' dir='ltr'><strong>hin,</strong></span> <span class='ocrx_word' id='word_1_874' title='bbox 3089 5045 3188 5120; x_wconf 66' lang='lat' dir='ltr'><strong>ph,</strong></span> <span class='ocrx_word' id='word_1_875' title='bbox 3221 5048 3315 5103; x_wconf 92' lang='lat' dir='ltr'><strong>0r.</strong></span> <span class='ocrx_word' id='word_1_876' title='bbox 3362 5048 3416 5111; x_wconf 71' lang='lat'><strong>2,</strong></span> <span class='ocrx_word' id='word_1_877' title='bbox 3449 5055 3560 5102; x_wconf 88' lang='lat' dir='ltr'><strong>etc.</strong></span> <span class='ocrx_word' id='word_1_878' title='bbox 3599 5045 3735 5099; x_wconf 75' lang='lat' dir='ltr'><strong>DeeSt</strong></span> 
     </span>
    </p>
   </div>
   <div class='ocr_carea' id='block_1_111' title="bbox 2184 5127 3576 5268">
    <p class='ocr_par' dir='ltr' id='par_1_111' title="bbox 2184 5127 3576 5268">
     <span class='ocr_line' id='line_1_114' title="bbox 2184 5127 2455 5178; baseline 0 0"><span class='ocrx_word' id='word_1_879' title='bbox 2184 5127 2235 5178; x_wconf 83' lang='lat' dir='ltr'><strong>in</strong></span> <span class='ocrx_word' id='word_1_880' title='bbox 2273 5127 2455 5178; x_wconf 78' lang='lat' dir='ltr'><strong>editis.</strong></span> 
     </span>
     <span class='ocr_line' id='line_1_115' title="bbox 2255 5189 3576 5268; baseline -0.002 -22"><span class='ocrx_word' id='word_1_881' title='bbox 2255 5193 2369 5268; x_wconf 66' lang='grc' dir='ltr'>(Π)</span> <span class='ocrx_word' id='word_1_882' title='bbox 2394 5189 2492 5268; x_wconf 81' lang='grc' dir='ltr'><strong>ᾟ.</strong></span> <span class='ocrx_word' id='word_1_883' title='bbox 2525 5194 2756 5268; x_wconf 72' lang='lat' dir='ltr'><strong>Deestin</strong></span> <span class='ocrx_word' id='word_1_884' title='bbox 2799 5194 2969 5249; x_wconf 89' lang='lat' dir='ltr'><strong>tribus</strong></span> <span class='ocrx_word' id='word_1_885' title='bbox 2992 5191 3157 5268; x_wconf 57' lang='grc' dir='ltr'>δοες.</span> <span class='ocrx_word' id='word_1_886' title='bbox 3393 5259 3403 5268; x_wconf 83' lang='lat'><em>_</em></span> <span class='ocrx_word' id='word_1_887' title='bbox 3541 5256 3576 5268; x_wconf 34' lang='grc' dir='ltr'><em>Α</em></span> 
     </span>
    </p>
   </div>
   <div class='ocr_carea' id='block_1_112' title="bbox 2253 5259 3734 5333">
    <p class='ocr_par' dir='ltr' id='par_1_112' title="bbox 2253 5259 3734 5333">
     <span class='ocr_line' id='line_1_116' title="bbox 2253 5259 3734 5333; baseline -0.014 -12"><span class='ocrx_word' id='word_1_888' title='bbox 2253 5259 2366 5333; x_wconf 78' lang='grc'>(78)</span> <span class='ocrx_word' id='word_1_889' title='bbox 2393 5259 2556 5319; x_wconf 73' lang='grc' dir='ltr'><strong>’Ᾰλλ’</strong></span> <span class='ocrx_word' id='word_1_890' title='bbox 2584 5265 2640 5318; x_wconf 80' lang='grc' dir='ltr'>εἴ</span> <span class='ocrx_word' id='word_1_891' title='bbox 2666 5282 2818 5326; x_wconf 79' lang='grc' dir='ltr'>τινα,</span> <span class='ocrx_word' id='word_1_892' title='bbox 2853 5273 2959 5318; x_wconf 88' lang='lat' dir='ltr'><strong>etc.</strong></span> <span class='ocrx_word' id='word_1_893' title='bbox 2997 5259 3180 5314; x_wconf 81' lang='lat' dir='ltr'><strong>Billiits</strong></span> <span class='ocrx_word' id='word_1_894' title='bbox 3207 5274 3223 5310; x_wconf 87' lang='lat'><strong>:</strong></span> <span class='ocrx_word' id='word_1_895' title='bbox 3262 5277 3282 5333; x_wconf 70' lang='grc' dir='ltr'><strong>ι</strong></span> <span class='ocrx_word' id='word_1_896' title='bbox 3316 5259 3441 5327; x_wconf 84' lang='grc' dir='ltr'><strong>(ιιιῑη</strong></span> <span class='ocrx_word' id='word_1_897' title='bbox 3464 5259 3663 5325; x_wconf 87' lang='lat' dir='ltr'><strong>potius,</strong></span> <span class='ocrx_word' id='word_1_898' title='bbox 3689 5262 3734 5302; x_wconf 82' lang='lat' dir='ltr'><strong>ut</strong></span> 
     </span>
    </p>
   </div>
   <div class='ocr_carea' id='block_1_113' title="bbox 2181 5331 3730 5404">
    <p class='ocr_par' dir='ltr' id='par_1_113' title="bbox 2181 5331 3730 5404">
     <span class='ocr_line' id='line_1_117' title="bbox 2181 5331 3730 5404; baseline -0.008 -16"><span class='ocrx_word' id='word_1_899' title='bbox 2181 5331 2344 5388; x_wconf 86' lang='lat' dir='ltr'><strong>animi</strong></span> <span class='ocrx_word' id='word_1_900' title='bbox 2378 5337 2546 5390; x_wconf 70' lang='lat' dir='ltr'><strong>nosul</strong></span> <span class='ocrx_word' id='word_1_901' title='bbox 2582 5335 2828 5389; x_wconf 59' lang='lat' dir='ltr'><strong>allectum</strong></span> <span class='ocrx_word' id='word_1_902' title='bbox 2873 5333 3104 5404; x_wconf 76' lang='lat' dir='ltr'><strong>imagine</strong></span> <span class='ocrx_word' id='word_1_903' title='bbox 3139 5331 3370 5400; x_wconf 88' lang='lat' dir='ltr'><strong>quadam</strong></span> <span class='ocrx_word' id='word_1_904' title='bbox 3401 5333 3730 5397; x_wconf 68' lang='lat' dir='ltr'><strong>exprimam.»</strong></span> 
     </span>
    </p>
   </div>
   <div class='ocr_carea' id='block_1_114' title="bbox 2181 5419 3736 5546">
    <p class='ocr_par' dir='ltr' id='par_1_114' title="bbox 2181 5419 3736 5546">
     <span class='ocr_line' id='line_1_118' title="bbox 2181 5419 3736 5546; baseline -0.006 -19"><span class='ocrx_word' id='word_1_905' title='bbox 2181 5419 2367 5546; x_wconf 33' lang='lat' dir='ltr'><strong>cu3(079)</strong></span> <span class='ocrx_word' id='word_1_906' title='bbox 2409 5475 2478 5529; x_wconf 79' lang='grc' dir='ltr'><strong>ΟΣ</strong></span> <span class='ocrx_word' id='word_1_907' title='bbox 2503 5475 2888 5546; x_wconf 71' lang='grc' dir='ltr'>στρέφεσθαι,</span> <span class='ocrx_word' id='word_1_908' title='bbox 2921 5483 3028 5527; x_wconf 90' lang='lat' dir='ltr'><strong>etc.</strong></span> <span class='ocrx_word' id='word_1_909' title='bbox 3069 5471 3199 5546; x_wconf 64' lang='lat' dir='ltr'><strong>Reg.</strong></span> <span class='ocrx_word' id='word_1_910' title='bbox 3234 5485 3290 5533; x_wconf 92' lang='lat' dir='ltr'><strong>u,</strong></span> <span class='ocrx_word' id='word_1_911' title='bbox 3325 5462 3407 5546; x_wconf 66' lang='grc' dir='ltr'>οἷς</span> <span class='ocrx_word' id='word_1_912' title='bbox 3430 5461 3736 5546; x_wconf 65' lang='grc' dir='ltr'>στρέφεσθαι</span> 
     </span>
    </p>
   </div>
   <div class='ocr_carea' id='block_1_115' title="bbox 2178 5537 3732 5614">
    <p class='ocr_par' dir='ltr' id='par_1_115' title="bbox 2178 5537 3732 5614">
     <span class='ocr_line' id='line_1_119' title="bbox 2178 5537 3732 5614; baseline -0.011 -15"><span class='ocrx_word' id='word_1_913' title='bbox 2178 5537 2459 5600; x_wconf 69' lang='grc' dir='ltr'>τά’πάντα</span> <span class='ocrx_word' id='word_1_914' title='bbox 2502 5537 2667 5599; x_wconf 69' lang='grc' dir='ltr'>δοκεῖ’</span> <span class='ocrx_word' id='word_1_915' title='bbox 2693 5545 2874 5607; x_wconf 81' lang='grc' dir='ltr'>αὐτοῖς</span> <span class='ocrx_word' id='word_1_916' title='bbox 2926 5537 3331 5614; x_wconf 65' lang='grc' dir='ltr'>στρεφομένας.</span> <span class='ocrx_word' id='word_1_917' title='bbox 3369 5537 3511 5604; x_wconf 70' lang='lat' dir='ltr'><strong>Quae</strong></span> <span class='ocrx_word' id='word_1_918' title='bbox 3540 5537 3732 5604; x_wconf 84' lang='lat' dir='ltr'><strong>quidem</strong></span> 
     </span>
    </p>
   </div>
   <div class='ocr_carea' id='block_1_116' title="bbox 2179 5615 3436 5688">
    <p class='ocr_par' dir='ltr' id='par_1_116' title="bbox 2179 5615 3436 5688">
     <span class='ocr_line' id='line_1_120' title="bbox 2179 5615 3436 5688; baseline -0.006 -17"><span class='ocrx_word' id='word_1_919' title='bbox 2179 5617 2342 5674; x_wconf 90' lang='lat' dir='ltr'><strong>lectio</strong></span> <span class='ocrx_word' id='word_1_920' title='bbox 2381 5617 2607 5688; x_wconf 90' lang='lat' dir='ltr'><strong>optima.</strong></span> <span class='ocrx_word' id='word_1_921' title='bbox 2643 5626 2698 5671; x_wconf 88' lang='lat' dir='ltr'><strong>et</strong></span> <span class='ocrx_word' id='word_1_922' title='bbox 2734 5615 2947 5669; x_wconf 78' lang='lat' dir='ltr'><strong>svntaxi</strong></span> <span class='ocrx_word' id='word_1_923' title='bbox 2975 5616 3148 5683; x_wconf 78' lang='lat' dir='ltr'><strong>magis</strong></span> <span class='ocrx_word' id='word_1_924' title='bbox 3174 5624 3436 5666; x_wconf 84' lang='lat' dir='ltr'><strong>consona.</strong></span> 
     </span>
    </p>
   </div>
  </div>
