3844 6390
130 324 207 382 901

987 303 1244 360 ORATIO
1282 301 1421 357 XIV.
1465 333 1532 341 —
1575 297 1659 351 DE
1700 295 2080 353 PAUI‘ERUM
2122 295 2381 351 AMOIIE.

3207 301 3314 358 90?.

129 434 284 507 καμεῖν
309 425 421 498 περὶ
451 422 536 477 τὸν
560 421 716 490 λόγον
744 421 883 483 δέον,
915 421 990 484 ὡς
1021 421 1139 489 τάχ’
1171 419 1236 472 ἂν
1261 421 1326 489 τῇ
1357 415 1638 485 φιλοπονίᾳ

1767 413 1950 474 inent;
2001 411 2181 466 statim
2213 421 2270 464 ut
2311 410 2642 480 inopinatum
2685 412 2813 482 quid
2844 412 3124 478 acciderit,
3161 414 3315 482 quasi

127 520 434 596 δοθησομένης
485 513 586 584 τῆς
642 513 918 583 ἀληθείας,
971 515 1003 584 ἥ
1057 512 1380 582 σοφωτέροις
1431 507 1634 562 ἑαυτῶν

125 617 258 670 ταῦτα
295 603 694 677 συμφιλοσοφεῖν
740 603 831 656 καὶ
885 600 1438 673 πνευματικωτέροις,
1490 600 1634 650 ἐπει·

125 711 173 778 δὴ
221 701 316 774 (80)
365 697 452 751 καὶ
492 692 650 748 τοῦτο
684 695 927 765 χάρισμα
959 694 1037 756 ἒν,
1066 693 1158 747 καὶ
1191 693 1312 763 οὐχ).
1351 692 1563 745 πάντων

129 777 357 866 rinam
387 784 644 853 καθάρσει
673 781 787 851 βίου
822 781 1022 852 ταύτην
1050 780 1320 852 θηρεύειν,
1357 779 1450 833 καὶ
1486 777 1635 848 παρὰ

125 892 195 959 τῆς
241 886 389 943 (mw;
433 877 625 946 Σοφίας
673 875 862 944 σοφίαν
911 875 1203 946 ἐπιζητεῖν.
1255 873 1317 926 Οἱ
1352 871 1407 928 δὲ
1443 869 1508 938 (ὣ
1538 869 1639 939 τῆς

122 969 489 1037 ἀπαιδευσίαςῑ)
546 966 637 1019 ἐπὶ
678 967 737 1019 τὸ
784 967 1123 1038 ἑτοιμότερον
1178 964 1486 1036 τρέπονται,
1545 961 1638 1013 καὶ

120 1067 300 1136 ἀλογίαν
339 1059 426 1114 τοῦ
469 1059 668 1122 παντὸς
696 1058 1142 1136 καταψεύδονται,
1171 1056 1324 1109 αὐτοὶ
1366 1055 1454 1107 τὸν
1483 1054 1637 1122 λόγον

120 1163 196 1215 οὐκ
231 1151 592 1222 ἐπιστάμενοι·
625 1150 718 1202 κα).
745 1151 851 1203 εἰσ).
888 1150 954 1203 δι’
1003 1147 1353 1202 ἀπαιδευσίαν
1396 1147 1568 1214 σοφοὶ,
1604 1144 1636 1215 ἢ

115 1249 184 1304 δή
209 1243 399 1312 σοφίαν,
456 1240 541 1292 ἵνα
580 1237 751 1301 οὕτως
785 1239 943 1303 εἴπω,
979 1237 1077 1308 τὴν
1123 1236 1404 1309 περιττὴν.
1448 1235 1637 1302 ἄσοφοι

118 1335 434 1396 καὶάσύνετοι
482 1330 613 1402 (8|).
656 1329 932 1383 Ἐντεῦθεν
973 1331 1021 1382 οξ
1064 1329 1161 1401 μὲν
1206 1328 1313 1399 (8‘2)
1346 1326 1513 1398 τύχην
1550 1327 1640 1379 καὶ

113 1432 159 1485 τὸ
183 1427 455 1497 αὐτόματον
495 1422 874 1493 ὲδογμάτισαν,
920 1421 1089 1483 ὄντως
1123 1420 1404 1489 αὐτόματα
1439 1418 1533 1471 καλ.
1563 1418 1640 1480 ὡς

115 1526 263 1593 ἔτυχεν
286 1515 688 1572 ἀναπλασθέντα
726 1515 1064 1584 ἐπινοήματα
1087 1528 1099 1540 ο
1135 1513 1183 1564 οἱ
1214 1511 1269 1564 δὲ
1294 1511 1535 1582 ἀστέρων
1563 1527 1640 1561 τι·
1677 1521 1680 1523 ‘

112 1611 162 1665 νᾶ
183 1605 473 1662 δυναστείαν
519 1604 710 1672 ἄλογόν
749 1621 808 1656 τε
853 1603 945 1656 καὶ
978 1602 1170 1655 ἄλυτον
1203 1600 1531 1661 πλεκόντων,
1565 1599 1640 1662 ὡς

114 1703 162 1755 ἂν
188 1697 456 1770 βούλωνται
483 1695 616 1766 (85),
648 1693 718 1746 τὰ
753 1694 1014 1764 ἡμέτερα,
1060 1692 1256 1763 μᾶλλον
1289 1692 1344 1744 δὲ
1388 1693 1481 1744 καὶ
1511 1691 1640 1744 αὐτὸ

1742 500 2007 570 vertigine
2038 500 2275 568 correpti
2335 499 2575 565 ha'rent,
2617 515 2740 553 eum
2775 511 2992 554 econtra
3048 511 3320 570 oporteret

1743 608 1854 655 eos,
1893 592 1974 666 vel
2007 591 2060 644 in
2103 591 2399 660 indaganda
2441 593 2647 646 ratione
2694 593 2966 658 laborare,
3010 601 3066 647 ut
3091 610 3221 647 cura
3255 608 3319 647 ac

1743 684 2020 754 diligentia
2067 683 2352 738 veritatem
2383 682 2610 737 fortasse
2651 686 2905 754 consequi
2961 687 3202 754 possint:
3235 683 3321 738 vel

1745 777 1808 830 de
1835 777 1916 829 his
1941 776 2098 830 rebus
2124 777 2484 844 sapientiores
2512 779 2658 830 viros
2695 780 2973 847 magisque
3004 779 3316 845 spirituales

1746 867 2048 931 consulere,
2088 867 2526 937 quandoquidem
2565 869 2615 921 id
2649 885 2864 938 quoque
2901 869 3042 922 inter
3085 870 3319 938 Spiritus

1745 962 1881 1015 dona
1917 970 2249 1027 numeratur,
2282 977 2380 1014 nec
2407 961 2646 1014 omnium
2676 971 2759 1015 est
2793 963 3055 1015 scientia:
3087 961 3168 1014 vel
3201 978 3318 1014 eam

1745 1055 1979 1122 denique
2011 1069 2107 1122 per
2145 1055 2270 1108 vita}
2323 1055 2698 1122 purgationem
2753 1056 3048 1124 aucupari,
3080 1041 3249 1123 atque
3291 1068 3321 1106 a

1744 1160 1876 1198 vera
1909 1144 2185 1215 Sapientia
2231 1145 2552 1213 sapientiam
2599 1146 2896 1215 postulare.
2954 1146 3042 1198 Isti
3079 1128 3250 1214 vero)
3287 1160 3322 1197 ο

1747 1237 1936 1290 miram
1980 1237 2332 1305 stultitiamt)
2377 1239 2443 1291 ad
2487 1239 2538 1289 id
2579 1238 2718 1306 quod
2755 1238 2995 1305 paratius
3031 1248 3084 1290 et
3124 1239 3320 1306 procli-

1744 1331 1864 1385 vius
1886 1339 1988 1393 est,
2019 1345 2078 1384 se
2107 1328 2423 1394 conferunt,
2453 1344 2550 1382 nec
2581 1331 2789 1382 ratione
2820 1331 3077 1382 mundum
3121 1331 3318 1398 guber-

1746 1423 1860 1476 nari
1912 1422 2047 1475 falso
2094 1430 2374 1485 asserunt,
2419 1433 2540 1473 cum
2572 1420 2680 1490 ipsi
2723 1421 2986 1472 rationem
3041 1421 3317 1486 ignorent:

1745 1523 1908 1581 atque
1963 1513 2036 1566 ita
2069 1520 2286 1582 propter
2333 1513 2596 1567 inscitiam
2661 1513 2937 1580 sapientes
2990 1523 3152 1575 sunt,
3218 1521 3314 1563 aut

1747 1613 1966 1676 propter
2007 1619 2458 1674 supervacaneam
2497 1605 2855 1672 sapientiam,
2893 1613 2949 1657 ut
2997 1605 3068 1656 ita
3107 1594 3318 1672 loquar,

1747 1697 2058 1765 insipientes
2085 1712 2147 1749 ac
2174 1696 2372 1750 stolidi.
2407 1695 2540 1750 IIinc
2575 1696 2664 1748 alii
2693 1695 2910 1763 quidem
2937 1711 3119 1746 casum
3152 1705 3318 1764 atque

110 1795 155 1846 τὸ
177 1790 376 1843 πλέκειν
403 1785 930 1856 συνηναγκασμένων
955 1801 968 1812 ·
1007 1786 1100 1836 καὶ
1134 1783 1421 1853 πλανητῶν
1455 1783 1519 1852 δή
1554 1799 1638 1834 τι-

1759 1785 2050 1850 'ortunam,
2085 1787 2308 1839 fortuito
2353 1801 2480 1840 sane
2531 1795 2844 1852 temereque
2876 1783 3194 1849 coulictam,
3243 1798 3325 1835 in-

111 1900 190 1936 νων
211 1879 293 1932 καὶ
315 1877 567 1932 ἀπλανῶν
590 1876 838 1939 συνόδους
865 1875 957 1928 κα).
984 1875 1377 1945 ὑποχωρήσεις,
1422 1873 1515 1926 καὶ
1548 1891 1644 1926 κυ-

109 1974 206 2046 ρίαν
231 1970 314 2024 τοῦ
350 1969 548 2031 παντὸς
571 1969 800 2037 κίνησιν.
833 1969 894 2018 Οί
924 1967 1000 2031 δὲ,
1037 1967 1064 2018 ὃ
1088 1983 1139 2017 τι
1177 1965 1240 2018 ἂν
1271 1963 1378 2035 (84)
1415 1965 1644 2028 ἕκαστος

108 2061 499 2132 ὲςαντάσθησαν,
540 2060 616 2131 τῷ
649 2058 982 2130 ταλαιπώρῳ
1011 2059 1153 2126 γένει
1191 2057 1298 2110 τῶν
1343 2057 1644 2127 ἀνθρώπων

108 2155 340 2225 φέροντες,
367 2152 755 2222 ὲπεισήγαγον,
781 2151 903 2202 ὅσον
931 2151 1108 2212 αὐτοῖς
1131 2149 1239 2220 (85)
1262 2149 1356 2220 τῆς
1386 2149 1646 2219 Προνοίας

105 2243 350 2312 ἀνέφικτόν
383 2259 441 2294 τε
474 2241 569 2294 καὶ
586 2240 916 2312 ἀθεώρητον,
951 2241 1030 2303 εἰς
1056 2239 1339 2310 διαφόρους
1369 2237 1524 2301 δόξας
1553 2237 1646 2290 καὶ

106 2333 432 2405 προσηγορίας
470 2332 957 2404 καταμερίσαντες.
995 2331 1114 2384 Εἰσὶ
1146 2329 1200 2382 δὲ
1247 2329 1296 2382 οἳ
1334 2329 1426 2382 καὶ
1456 2330 1644 2382 πενίαν

103 2425 268 2495 πολλὴν
305 2424 402 2494 τῆς
428 2423 693 2494 Προνοίας
717 2422 1086 2490 κατέγνωσαν,
1112 2420 1178 2474 τά
1206 2421 1302 2491 μὲν
1332 2421 1470 2492 ὑπὲρ
1497 2421 1647 2490 ήμᾶς

105 2516 239 2588 ταύτῃ
269 2517 588 2570 διοικεῖσθαι
623 2515 962 2586 νομίσαντες,
989 2515 1116 2586 ἄχρι
1150 2513 1194 2566 δ’
1232 2513 1388 2584 ήμῶν
1411 2513 1519 2566 τῶν
1554 2513 1648 2565 καὶ

103 2609 300 2680 μάλιστα
321 2609 595 2680 δεομένων
616 2608 872 2676 κατάγειν
894 2608 1062 2679 αὐτὴν
1085 2609 1516 2678 ἀποκνήσαντες,
1541 2605 1649 2658 ὦσ-

101 2718 184 2772 περ
207 2700 516 2764 δεδοικότες,
570 2700 643 2774 μὴ
677 2699 753 2770 τῷ
784 2699 1034 2764 πλείονας
1069 2699 1176 2769 (86)
1224 2697 1645 2771 εὐεργετεῖσθαι,

99 2793 409 2865 ἁγαθὼτερον
440 2794 768 2864 ἀποφήνωσι
797 2793 887 2848 τὸν
925 2793 1240 2865 εὐεργέτην,
1269 2792 1302 2863 ἢ
1345 2792 1648 2862 ἀποκάμνοι

99 2885 251 2948 αὐτοῖς
283 2885 391 2957 (87)
415 2887 445 2938 ὀ
474 2885 612 2948 Θεὸς
645 2881 703 2939 εὖ
734 2885 901 2938 ποιῶν
925 2885 1193 2948 πλείονας.

1745 1879 2049 1944 duxerunt;
2087 1878 2178 1931 alii
2223 1878 2461 1931 siderum
2504 1877 2864 1946 principatum
2907 1875 3193 1944 quemdam
3227 1891 3317 1927 ra-

1749 1969 1910 2024 tionis
1931 1979 2206 2037 eripertem
2235 1979 2394 2037 atque
2418 1969 2576 2038 281
2608 1967 3055 2032 indissolubilem,
3085 1982 3203 2035 qua:
3232 1982 3317 2018 res

1749 2071 1966 2116 nostras
1993 2061 2260 2116 arbitratu
2288 2077 2409 2126 suo,
2441 2062 2546 2114 imo
2574 2061 2735 2113 etiam
2767 2060 3092 2121 necessu'io,
3121 2074 3322 2110 conne-

1748 2162 1916 2216 ctant,
1942 2163 1997 2208 et
2031 2154 2325 2208 errantium
2351 2153 2700 2221 quarumdam
2733 2163 2893 2219 atque
2923 2149 3152 2202 [irarum
3183 2150 3318 2203 stel-

1749 2245 1919 2298 larum
1953 2260 2282 2314 congressus
2313 2255 2366 2297 et
2393 2244 2750 2309 recessioues,
2775 2259 2837 2297 ac
2876 2254 3078 2297 motum
3105 2286 3114 2305 ,
3145 2243 3288 2296 omni
3310 2271 3322 2282 -

1752 2335 1851 2389 bus
1884 2329 1936 2388 in
1972 2335 2132 2390 rebus
2160 2335 2524 2390 dominantem
2566 2334 2943 2389 conﬁnxerunt
2971 2352 2985 2398 ;
3016 2334 3103 2386 alii
3134 2375 3146 2396 ,
3179 2333 3322 2401 quod

1754 2425 1981 2495 quisque
2027 2441 2211 2480 secum
2260 2426 2619 2496 excogitavit,
2690 2439 2994 2477 mrutnnoso
3051 2426 3324 2478 hominum

1755 2518 1940 2588 generi
1982 2518 2336 2582 invexerunt;
2379 2518 2639 2586 quidquid
2671 2516 2926 2597 nimirum
2957 2531 3019 2568 ex
3049 2517 3162 2584 ipsa
3188 2516 3318 2568 Pro-

1757 2609 1993 2664 videntia
2027 2609 2406 2679 comprehendi
2439 2609 2785 2677 conspiciqne
2814 2608 3021 2675 nequit,
3049 2607 3101 2660 in
3140 2608 3319 2660 varias

1755 2701 2054 2789 epinipnes,
2087 2702 2343 2770 variaque
2373 2699 2942 2780 nominadividentes.
2986 2697 3094 2753 Nec
3140 2698 3324 2763 delue-

1756 2801 1903 2856 runt,
1930 2793 2019 2862 qui
2055 2809 2261 2860 magna:
2293 2807 2507 2862 quoque
2543 2791 2877 2861 paupertatis
2928 2789 3329 2845 Providentiam

1701 2921 1705 2928 υ
1757 2884 2100 2950 damnarent,
2142 2886 2267 2940 dum
2301 2900 2366 2940 ea
2397 2885 2613 2955 quidem
2641 2925 2655 2947 ,
2683 2899 2802 2952 qua:
2830 2899 2992 2952 supra
3026 2899 3124 2938 nos
3162 2893 3287 2937 sunt
3314 2922 3328 2942 .

105 2973 158 3027 ab
211 2974 320 3043 ipsa
388 2974 505 3044 regi
559 2985 718 3043 atque
759 2975 1046 3044 gubernari
1074 2974 1385 3042 judicarunt
1408 3013 1423 3036 ,
1454 2981 1706 3027 cmterum
1747 2988 1865 3028 eam
1895 2974 1959 3028 ad
1994 2989 2092 3030 nos
2126 2991 2328 3044 usque,
2377 2976 2464 3041 qui
2497 2991 2557 3028 ea
2590 2975 2668 3027 vel
2702 2977 2936 3028 maxime
2975 2977 3280 3044 indigemus
3306 3020 3324 3042 ,

95 3061 346 3119 demittere
369 3066 590 3136 gravati
622 3074 788 3132 sunt;
818 3066 1044 3138 perinde
1106 3081 1170 3120 ac
1233 3074 1570 3132 vererentur,
1606 3080 1704 3130 ne,

1750 3065 1796 3121 si
1845 3066 2026 3134 plures
2075 3069 2351 3122 beneficiis
2393 3067 2771 3134 afﬁcerentur,
2805 3068 2970 3122 nimis
3017 3069 3319 3123 beneﬁcum

93 3155 380 3212 uhihereut
404 3137 836 3223 benefactorem,
862 3166 954 3212 aut
988 3173 1054 3212 ne
1093 3158 1234 3213 Deus
1260 3157 1395 3211 bene
1424 3157 1488 3211 de
1515 3157 1758 3226 pluribus
1791 3159 2045 3213 merendo
2071 3137 2474 3228 defaiigaretur.

146 3250 252 3304 AI".
298 3251 438 3304 Ἀλλ’
471 3247 621 3306 οὗτοι
650 3251 769 3322 μὲν,
813 3253 946 3324 ὅπερ
978 3249 1150 3320 εἷπον,
1182 3250 1477 3324 ὲρῤίφθων,
1530 3252 1650 3304 ἐπεὶ

1832 3252 2068 3307 XXXIII.
2115 3254 2314 3309 Verum
2365 3254 2500 3320 hos,
2555 3262 2613 3308 ut
2661 3253 2806 3319 dixi,
2835 3255 3014 3310 valere
3041 3257 3335 3324 sinamus;

89 3343 164 3396 καὶ
191 3343 365 3408 καλῶς
388 3341 598 3408 αὐτοὺς
615 3344 910 3416 ’προλαϐὼν
948 3347 976 3398 ὁ
997 3345 1152 3412 λόγος
1175 3343 1420 3415 ἠμύνατο
1437 3361 1451 3375 ·
1481 3346 1656 3420 »Ἐμα-

89 3433 275 3502 ταιώθη
325 3435 463 3504 γὰρ,
523 3437 711 3506 φησιν,
761 3437 798 3503 ἡ
845 3437 1139 3502 ἀσύνετος
1173 3435 1372 3489 αὐτῶν
1405 3437 1650 3504 καρδία⁶

87 3524 403 3592 φάσκοντες
432 3523 596 3580 εἶναι
615 3527 815 3596 σοφοὶ,
850 3527 1303 3597 ἐμωράνθησαν,
1337 3527 1433 3581 καὶ
1466 3528 1657 3596 ἤλλα-

88 3614 183 3678 ξαν
220 3616 334 3684 τὴν
386 3619 592 3682 δόξαν
626 3620 732 3672 τοῦ
766 3619 1068 3688 ἀφθάρτου
1113 3619 1220 3690 (88)
1259 3619 1424 3684 Θεοῦ,
1470 3619 1656 3690 μύθοις

86 3707 174 3760 τισὶ
203 3708 293 3761 καὶ
329 3711 522 3772 σκιαῖς
568 3708 664 3780 τὴν
701 3709 792 3762 διὰ
829 3709 1046 3763 πάντων
1096 3709 1359 3780 Πρόνοιαν
1393 3709 1655 3780 καθυϐρί-

89 3813 271 3861 σαντες.
311 3800 514 3870 Ἡμεῖς
547 3799 605 3852 δὲ
648 3801 786 3871 μήτε
821 3801 974 3853 αὐτοὶ
1009 3800 1181 3854 ταῦτα
1209 3801 1652 3872 τερατευώμεθα,

85 3888 219 3960 εἴπερ
248 3907 300 3942 τι
328 3890 492 3961 μέλει
532 3888 627 3942 τοῦ
657 3890 814 3959 λόγου
841 3891 1078 3960 λογικοῖς
1103 3888 1251 3944 οὖσιν
1275 3895 1426 3963 ἡμῖν,
1456 3893 1549 3946 καὶ
1575 3893 1659 3946 λό-

85 3995 164 4045 γου
201 3981 603 4052 θεραπευταῖς·
639 3982 773 4053 μήτε
806 3982 912 4052 (89)
936 3983 1060 4046 τοὺς
1083 3984 1356 4054 οἰομένους
1388 3984 1659 4054 ἀποδεχώ-

85 4070 223 4140 μεθα,
256 4072 360 4126 κᾶν
395 4072 718 4143 εὐδρομῶσι
759 4073 855 4145 τὴν
889 4073 1133 4142 γλῶτταν
1191 4077 1247 4127 ὲν
1287 4079 1396 4138 τοῖς
1439 4077 1656 4140 ἀτόποις

81 4160 238 4231 λόγοις
292 4165 392 4218 καὶ
432 4165 702 4234 δόγμασι,
741 4165 835 4218 καὶ
877 4164 954 4235 τῷ
1001 4161 1171 4236 καινῷ
1221 4165 1328 4237 (90)
1365 4166 1654 4237 τέρπωσιν.

93 4253 232 4308 Ἀλλά
273 4257 368 4309 καὶ
398 4256 548 4309 Θεὸν
599 4252 739 4310 εἶναι
782 4256 872 4310 τὸν
909 4258 1124 4311 πάντων
1159 4257 1385 4329 ποιητὴν
1424 4258 1532 4327 (91)
1567 4260 1659 4312 καὶ

79 4342 391 4417 δημιουργὸν
419 4347 819 4422 πιστεύωμεν)
862 4347 979 4412 πῶς
999 4349 1108 4422 γὰρ
1138 4348 1202 4402 ἂν
1233 4348 1341 4420 (92)
1367 4349 1574 4419 ὑπέστη
1601 4351 1661 4402 τὸ

83 4435 192 4498 πᾶν,
229 4438 300 4508 μή
339 4455 496 4502 τινος
543 4414 908 4504 οὑσιώσαντός
955 4458 1012 4493 τε
1052 4440 1145 4494 καὶ
1182 4440 1658 4512 συναρμόσαντος;

79 4525 172 4578 Καὶ
201 4529 484 4599 Πρόνοιαν
535 4531 963 4601 συνεισάγωμεν,
1001 4533 1098 4604 τὴν
1130 4532 1283 4586 τοῦδε
1327 4531 1417 4585 τοῦ
1461 4534 1661 4595 παντὸς

83 4622 390 4691 συνεκτικὴν
428 4638 495 4674 τε
549 4621 644 4675 καὶ
687 4622 997 4694 συνδετικήν
1019 4641 1033 4655 ·
1079 4625 1202 4678 ἐπε)⁸
1234 4625 1327 4677 καὶ
1365 4625 1667 4696 προνοητὴν

131 4775 172 4806 ³⁸
197 4773 354 4830 Rom.
385 4791 429 4842 ι,
465 4777 540 4830 21
579 4791 730 4846 seqq.

140 4932 586 5004 (80)Ἐπειδή.ᾼ
616 4933 710 5004 Sic
767 4931 936 5002 Itegg.
991 4945 1042 4994 a,
1108 4930 1216 4995 bm,
1258 4930 1346 4996 pb,
1400 4937 1451 4983 et
1481 4926 1574 4983 Or.
1607 4926 1660 4979 2.

78 4998 208 5074 Editi
227 4998 396 5066 'vero,
428 4998 762 5074 ἐπειδήπερ.

135 5071 241 5144 (81)
271 5067 635 5129 Ἀσύνετοιζ
670 5067 838 5138 R'egg.
889 5086 942 5134 a,
977 5085 1027 5136 c,
1070 5073 1124 5133 (Ι,
1155 5079 1209 5124 et
1239 5068 1373 5134 Jes.,
1413 5067 1670 5121 ἀπαίδευ-

74 5157 160 5192 τοι.

136 5211 241 5284 (82)
279 5215 628 5270 Ἐντεῦθεν
658 5216 711 5284 ol
738 5211 883 5284 μέν,
919 5217 1023 5263 etc.
1074 5227 1127 5284 (_
1153 5208 1285 5264 llinc
1322 5207 1410 5261 alii
1455 5207 1668 5276 quidem

73 5279 359 5338 Fortunam
388 5297 450 5340 et
471 5300 670 5340 casum
700 5279 1080 5342 instituerunt,
1115 5281 1327 5334 inventa
1372 5293 1498 5333 vere
1543 5291 1669 5330 casn

71 5358 117 5402 et
149 5353 374 5423 [minito
400 5355 728 5423 excogitata
764 5363 925 5423 atque
947 5348 1174 5423 amata.»

132 5421 242 5492 (85)
269 5418 670 5478 Βούλωνίαι.
705 5423 796 5479 Sic
837 5420 1005 5489 Regg.
1033 5419 1089 5482 d,
1118 5423 1228 5487 bm,
1261 5419 1352 5489 ph,
1391 5428 1444 5474 et
1484 5418 1577 5474 Or.
1609 5419 1665 5471 2.

68 5489 184 5555 Alii,
221 5489 556 5562 βούλονται.

282 5564 361 5616 Ὃ
388 5581 466 5635 τι-
495 5563 604 5635 dr.
648 5565 814 5635 Regg.
847 5584 902 5630 a,
931 5568 1042 5630 bm,
1073 5565 1164 5635 ph,
1193 5564 1274 5616 ὅτι
1302 5561 1347 5635 δ’
1374 5561 1460 5635 ἄν.

108 5628 242 5716 ,(85)
266 5633 535 5700 Αὐτοῖς.
582 5634 668 5688 Sic
696 5628 866 5706 B'e'gg.
889 5628 943 5701 'a,
963 5628 1190 5704 bntfph,
1215 5643 1267 5688 et
1293 5634 1388 5688 Or.
1414 5631 1470 5683 2.
1508 5628 1671 5689 Editi,

68 5715 250 5766 αυτηςο

106 5719 382 5846 ἙζῇΜὴ
419 5775 512 5841 τῷ
551 5776 857 5842 πλείονας,
892 5785 994 5832 etc.
1022 5774 1205 5830 Billius
1241 5791 1252 5826 :
1291 5790 1308 5823 ι
1345 5786 1410 5827 ue
1453 5767 1674 5824 benefav

1762 3344 1958 3413 quippe
1981 3359 2116 3412 quos
2134 3343 2247 3412 jam
2274 3345 2557 3414 Scriptura
2583 3346 2802 3415 egregie
2827 3347 2935 3400 ulta
2965 3348 3068 3402 sit:
3096 3350 3329 3401 Evanuit

1761 3439 1896 3490 enim
1923 3477 1939 3502 ,
1966 3437 2136 3515 inquit
2156 3477 2172 3501 ,
2205 3437 2458 3504 insipiens
2489 3453 2578 3490 cor
2621 3454 2835 3502 eorum;
2870 3440 3101 3493 dicentes
3137 3456 3192 3493 se
3221 3457 3334 3494 esse

1760 3528 2039 3597 sapientes,
2097 3527 2246 3582 stulti
2285 3529 2414 3594 facti
2464 3541 2621 3593 sunt,
2673 3529 2872 3595 Deique
2916 3532 3334 3599 incorruptibilis

1760 3619 1984 3690 gloriam
2023 3622 2369 3674 immutarunt
2415 3619 2790 3690 ’°,'ligmentis
2818 3622 3139 3688 quibusdam
3175 3632 3338 3691 atque

1762 3704 1971 3758 umbris
2018 3705 2421 3761 Providentiam
2461 3707 2527 3760 ad
2569 3709 2750 3761 omnia
2803 3724 2926 3764 sese
2969 3711 3335 3780 porrigentem

1761 3797 2612 3869 contnmeliose'proscindentes.
2644 3800 2754 3856 Nos
2784 3811 2988 3868 autem,
3024 3818 3201 3873 neque
3234 3805 3340 3858 hu-

1758 3893 1996 3964 jusmodi
2043 3893 2353 3963 dogmatum
2400 3901 2650 3962 portenta
2689 3894 3098 3972 conlingamus,
3132 3896 3178 3951 si
3207 3898 3336 3966 quisl

1765 3986 1939 4051 nobis,
1966 3985 2056 4056 qui
2085 3985 2295 4039 ratione
2329 3985 2556 4049 utimur,
2592 4001 2654 4040 ac
2686 4002 2914 4040 summa:
2955 3988 3183 4044 rationis
3223 3990 3338 4044 cul-

1765 4087 1876 4132 tum
1918 4076 2250 4146 profitemur,
2301 4077 2442 4131 ratio
2485 4093 2630 4132 cura:
2672 4085 2786 4140 est,
2830 4092 2897 4131 ne
2944 4077 3028 4143 iis,
3075 4080 3166 4148 qui
3222 4080 3338 4134 haec

1763 4178 1972 4239 putant,
2007 4169 2401 4236 assentiamur;
2434 4170 2647 4224 tametsi
2681 4170 2736 4223 in
2767 4171 3020 4225 absurdis
3065 4173 3337 4226 sermoni-

1762 4261 1864 4314 bus
1899 4268 1953 4313 et
1997 4257 2340 4329 dogmatibus
2379 4259 2611 4313 celerem
2647 4269 2702 4313 et
2745 4260 3054 4326 expeditam
3102 4260 3338 4330 linguam

1764 4349 2019 4412 habeant,
2044 4355 2100 4401 et
2123 4345 2363 4400 novitate
2383 4346 2668 4400 delectent.
2694 4345 2776 4411 Qu
2796 4345 2844 4398 in
2873 4347 3068 4413 potius,
3095 4356 3148 4399 et
3173 4346 3338 4400 Deum
3418 4339 3428 4361 '

1764 4455 1944 4514 rerum
1989 4437 2230 4492 omnium
2285 4435 2595 4491 effectorem
2642 4446 2697 4490 et
2740 4438 3098 4491 architectum
3151 4439 3343 4492 creda-

1770 4547 1909 4584 mus.
1943 4528 2187 4596 Quonam
2214 4527 2358 4582 enim
2399 4531 2557 4581 modo
2602 4527 2912 4582 universum
2953 4530 3058 4581 hoc
3091 4530 3340 4583 exstitis-

1699 4597 1742 4652 θ
1775 4631 1878 4687 set,
1919 4619 2022 4674 nisi
2062 4619 2129 4673 ab
2165 4618 2346 4687 alique
2381 4627 2723 4686 procreatum
2759 4625 2922 4686 atque
2949 4616 3334 4671 concinnatum

1765 4929 1967 4983 factore
1996 4945 2060 4984 eo
2085 4924 2358 4984 meliorem
2379 4944 2497 4984 esse
2525 4931 2954 4995 pronuntiarent,
2979 4930 3127 5000 quod
3156 4929 3339 4999 plures

1768 5001 2048 5055 beneﬁciis
2080 5000 2332 5053 alliceret.
2365 5018 2383 5048 ι

1841 5070 1954 5141 (87)
1988 5069 2220 5136 Αὑτοῖς.
2261 5089 2279 5120 ‹
2319 5068 2453 5139 Ipsis
2501 5069 2889 5140 defatigaretur
2916 5111 2930 5136 ,
2990 5067 3341 5137 defatigatum

1769 5140 1950 5194 dicere
1991 5141 2350 5193 viderentur.»

1842 5209 1951 5280 (88)
1984 5210 2310 5279 Ἀφθάρτου
2343 5209 2510 5280 Θεοῦ.
2541 5209 2634 5265 Or.
2662 5210 2697 5263 2
2734 5211 2916 5264 addit:
2950 5209 3008 5260 ὲν
3034 5206 3342 5280 ὁμοιώματι

1773 5278 1975 5345 εἰκόνος
2007 5278 2243 5352 φθαρτοῦ
2273 5278 2577 5352 ἀνθρώπου·
2617 5299 2632 5330 ι
2679 5281 2730 5334 in
2766 5279 3170 5336 similitudinem
3216 5296 3346 5330 nua-

1775 5351 2291 5422 ginisirorrnjptibilis
2315 5351 2565 5422 hominis.
2582 5367 2600 5400 ι

1847 5420 1959 5493 (89)
1987 5421 2168 5493 Μήτεέ
2204 5421 2296 5493 Sic
2337 5419 2501 5493 ltegg.
2529 5421 2720 5493 athm,
2755 5421 2848 5490 ph.
2885 5421 2940 5474 In
2972 5424 3083 5484 ed.,
3119 5421 3274 5493 μηδέ.

1845 5490 1956 5559 (99)
1979 5489 2191 5554 Καινῷ.
2229 5489 2321 5544 0r.
2361 5489 2415 5552 9.,
2451 5489 2632 5559 κοινῷ,
2662 5511 2680 5538 σ
2721 5489 3166 5546 οὸηὶιηυιιίοιιο.ἰ

1847 5558 1959 5628 (91)
1992 5561 2107 5614 Τὸν
2130 5559 2376 5632 ,πάντων
2404 5558 2677 5632 ποιητήν.
2717 5563 2807 5615 Sic
2837 5562 3004 5632 Regg.
3030 5579 3081 5628 a,
3107 5573 3158 5617 et
3177 5562 3268 5632 ph.
3290 5558 3348 5613 In

1780 5631 1914 5698 Reg.
1945 5633 2052 5693 bm,
2085 5631 2190 5683 τῶν
2225 5631 2462 5698 πάντων.
2492 5631 2649 5684 Deest
2680 5633 2769 5685 τόν
2794 5633 2844 5685 in
2875 5635 2960 5688 ed.

1850 5697 1960 5774 (9‘2)
1996 5703 2124 5754 "Ar.
2160 5701 2316 5756 Deest
2345 5701 2394 5753 in
2425 5697 2518 5754 Or.
2547 5700 2600 5754 9..
