3844 6390
176 380 278 436 905

1088 372 1343 429 onmo
1378 370 1519 425 xw.
1559 401 1629 412 —
1669 373 1759 426 DE
1796 354 2171 429 PAUPEBUM
2213 371 2471 426 anuus.

3294 379 3402 434 906

173 503 222 555 οἱ
255 493 312 554 δὲ
341 495 521 573 ἦττον,
546 501 619 565 ὡς
649 500 713 554 ἂν
743 498 816 570 μὴ
848 497 974 568 περὶ
1006 496 1239 566 μεγάλου
1269 495 1431 556 τινὸς,
1471 491 1601 562 μηδὲ
1637 492 1738 546 τῶν

1849 511 1943 549 nec
1969 495 2186 564 quidam
2212 494 2476 547 duntaxat
2519 493 2584 546 de
2634 494 2719 547 his
2748 485 2909 549 rebus
2940 494 3100 549 verba
3135 493 3400 564 fecerunt,

177 593 378 665 σφόδρα
415 593 870 660 κατεπειγόντων,
924 588 1060 642 ἀλλά
1103 589 1196 641 καὶ
1228 587 1445 648 πάντες,
1473 585 1566 638 καὶ
1605 584 1744 653 μετὰ

177 683 410 753 σπουδῆς
455 683 705 746 ⁹ἕκαστος,
749 681 782 752 ἢ
831 679 1065 749 πρῶτον,
1101 677 1134 747 ἢ
1194 679 1251 729 ὲν
1287 673 1542 746 πρώτοις,
1584 672 1743 726 τοῦτο

173 774 628 844 διακελευόμενοι,
660 773 753 826 καὶ
783 772 910 825 ποτὲ
945 773 1042 842 μὲν
1069 769 1488 841 προτρέποντες,
1519 765 1650 819 ποτὲ
1685 765 1743 816 δὲ

173 865 541 928 ἀπειλοῦντες,
572 864 706 916 ποτὲ
741 863 798 916 δὲ
833 861 1208 926 ὀνειδίζοντες·
1251 858 1365 911 ἐστι
1416 857 1472 910 δὲ
1517 857 1604 909 ὅτε
1649 856 1743 908 καὶ

174 957 297 1019 τοὺς
321 955 716 1026 κατορθοῦντας
742 951 1154 1022 ἀποδεχόμενοι,
1195 951 1271 1013 ὡς
1310 949 1376 1002 ἂν
1410 948 1487 1017 τῷ
1532 949 1745 1017 συνεχεῖ

173 1048 268 1116 τῆς
289 1045 650 1117 ὑπομνήσεως
681 1045 778 1116 τὴν
814 1044 1033 1113 ἐντολὴν
1059 1043 1446 1113 ὲνεργήσωσιν.
1490 1041 1744 1092 ’Ἐνεκεν

168 1137 285 1205 μὲν
306 1136 415 1204 τῆς
449 1137 846 1204 ταλαιπωρίας
883 1135 1000 1188 τῶν
1032 1132 1302 1201 πτωχῶν,
1328 1131 1428 1184 καὶ
1469 1131 1574 1184 τοῦ
1605 1145 1742 1183 στε-

173 1227 401 1296 ναγμοῦ
433 1227 549 1280 τῶν
576 1226 851 1293 πενήτων
878 1227 993 1280 νῦν
1016 1224 1451 1293 ἀναστήσομαι.
1486 1223 1618 1292 φησὶ
1643 1221 1738 1290 (6)»

170 1301 331 1386 ,λέγει
368 1320 600 1385 Κύριος.
637 1319 736 1382 Τίς
766 1319 827 1370 οὐ
848 1316 1080 1370 δέδοικεν
1112 1316 1467 1382 ἀνιστάμενον
1511 1313 1741 1383 Κύριονς

173 1410 300 1474 Καὶ,
343 1409 671 1476 Ἀνάστηθι,
705 1411 876 1475 Κύριε
902 1412 936 1462 ό
964 1411 1107 1474 Θεός
1127 1427 1239 1477 μου
1267 1408 1364 1478 (7),
1389 1405 1679 1475 ὑψωθήτω
1705 1405 1741 1470 ἡ

171 1502 300 1569 χειᾏ)
323 1517 475 1554 σου·
504 1501 588 1570 μὴ
619 1499 873 1569 ἐπιλάϐῃ
896 1499 1015 1553 τῶν
1034 1499 1311 1566 πενήτων
1340 1499 1439 1569 (8).
1485 1497 1747 1563 Ἀπευξὼ-

173 1592 312 1660 μεΘα
339 1592 435 1664 τὴν
456 1592 711 1662 τοιαύτην
745 1591 972 1660 ὖψωσιν,
1006 1592 1197 1662 καὶμὴ
1230 1591 1576 1662 βουληθῶμεν
1618 1590 1745 1642 ἰδεῖν

167 1683 536 1754 ἐπαιρομένην
555 1685 710 1753 χεῖρα
730 1682 869 1735 κατά
883 1681 990 1734 τῶν
1003 1682 1392 1747 ἀπειθούντων,
1427 1683 1505 1734 ἔτι
1531 1682 1587 1734 δὲ
1613 1681 1745 1750 μᾶλ-

167 1774 256 1826 λον
277 1775 648 1845 ὲπαφιεμένην
670 1776 781 1836 τοῖς
806 1773 1185 1843 σκληροτέροις
1224 1773 1320 1844 (9).
1371 1773 1480 1824 Καὶ
1514 1773 1612 1824 οὐκ
1652 1771 1747 1821 ἐπ·

1846 589 2038 657 reliqui
2066 588 2310 652 minime,
2333 593 2426 639 aut
2456 584 2547 638 alii
2575 585 2864 655 copiosius,
2890 585 2978 639 alii
3003 588 3239 655 parcius,
3261 588 3404 644 velut

1844 681 1910 734 de
1945 696 2000 733 re
2037 696 2138 734 non
2176 679 2245 732 ita
2291 693 2480 747 magna
2508 719 2522 743 ,
2572 692 2672 736 nec
2719 679 3005 733 admodum
3058 681 3398 746 necessaria;

1845 783 2052 833 verum,
2093 775 2147 821 et
2167 781 2356 821 omnes
2389 765 2774 820 in'universum
2796 807 2810 832 ,
2839 776 2894 822 et
2923 767 3111 822 sedulo
3148 770 3397 840 quisque,

1845 859 1930 914 vel
1971 859 2223 928 primum,
2257 858 2340 912 vel
2375 858 2426 911 in
2458 859 2647 926 primis
2679 859 2745 912 ad
2783 874 2899 914 eam
2936 873 3046 915 rem
3083 877 3182 917 nos
3203 865 3398 918 cohor-

1847 960 2051 1017 tantur,
2084 965 2227 1004 nunc
2259 950 2630 1013 admonentes,
2658 965 2800 1004 nunc
2824 951 3234 1019 comminantes,
3262 971 3401 1010 nunc

1843 1044 2258 1113 exprobrantes;
2293 1057 2679 1111 nonnunquam
2715 1043 2875 1096 etiam
2903 1056 3017 1107 eos,
3059 1045 3149 1113 qui
3178 1046 3397 1100 virtutis

1849 1135 2072 1204 hujusce
2106 1150 2329 1190 munere
2356 1135 2668 1213 ltitiguntur,
2704 1134 2952 1190 laudibus
2980 1133 3282 1200 efferentes,
3323 1140 3403 1191 ni-

1848 1229 2040 1280 mirum
2070 1237 2127 1282 ut
2172 1241 2266 1296 per
2305 1227 2686 1282 admonitionis
2725 1227 3096 1283 assiduitatem
3140 1229 3300 1299 283
3338 1245 3402 1282 eo

1846 1331 1945 1372 nos
1971 1317 2255 1381 adducant,
2289 1326 2344 1370 ut
2379 1317 2481 1370 hoc
2514 1317 2820 1369 mandatum
2848 1331 3226 1386 exsequamur.
3261 1316 3402 1371 Pro-

1846 1420 1960 1479 pter
1999 1409 2265 1462 miseriam
2307 1409 2514 1476 inopum
2561 1419 2606 1460 et
2651 1408 2894 1475 gemitum
2939 1425 3222 1477 pauperum
3266 1427 3402 1464 nunc

1845 1515 2142 1570 exsurgant,
2174 1499 2302 1551 dicit
2343 1497 2596 1550 Dominus
2620 1497 2686 1550 ’³.
2719 1495 2853 1563 Quis
2886 1507 3262 1565 exsurgentem
3301 1499 3404 1552 Du-

1849 1592 2052 1644 minum
2107 1605 2210 1642 non
2251 1588 2618 1644 extimescat?
2662 1587 2722 1640 Et
2772 1587 2878 1641 alio
2927 1587 3086 1642 loco:
3126 1586 3398 1656 Exsurge,

1848 1683 2069 1735 Domine
2121 1681 2258 1735 Deus
2296 1695 2480 1746 meus,
2526 1691 2571 1733 et
2623 1679 2882 1732 exalletur
2923 1695 3106 1732 manus
3157 1693 3291 1732 tua:
3341 1696 3402 1732 ne

1849 1775 2168 1828 obliviscaris
2202 1789 2487 1842 pauperum
2513 1773 2579 1826 ".
2615 1772 2916 1826 lilationem
2965 1771 3268 1842 huiusmodi
3315 1772 3405 1826 de-

167 1865 391 1918 ελάοετο
427 1867 530 1936 τῆς
556 1870 798 1936 κραυγῆς
841 1864 948 1917 τῶν
997 1865 1274 1932 πενήτων·
1321 1866 1456 1927 Καὶ,
1506 1866 1625 1917 Οὐκ
1659 1865 1738 1925 εἰς

1851 1881 2153 1935 precemur,
2191 1875 2243 1919 et
2273 1881 2341 1920 ne
2375 1864 2602 1918 velimus
2635 1879 2856 1919 cernere
2885 1878 3100 1918 manum
3139 1864 3279 1918 illam
3310 1868 3404 1918 ad-

169 1959 343 2022 τέλος
359 1958 825 2022 ἐπιλησθήσεται
857 1957 967 2026 (10)
989 1959 1020 2010 d
1051 1958 1311 2026 πτωχός·
1350 1956 1462 2018 καὶ,
1498 1958 1740 2024 Ὀφθαλ-

161 2051 258 2119 yol
276 2050 398 2120 μὲν
418 2050 604 2103 αὐτοῦ
629 2050 725 2102 ἐπὶ
747 2048 854 2102 τὸν
879 2049 1107 2117 πένητα
1129 2049 1559 2103 ἐπιϐλέπουσιν
1585 2047 1737 2117 (ὃτοῦ

167 2139 442 2210 βλεφάρου
463 2142 705 2213 κρεῖττον
730 2139 822 2192 καὶ
846 2156 913 2190 κυ
923 2137 1209 2210 ριὼτερον[
1218 2136 1349 2208 11]),
1373 2143 1448 2191 τὰ
1460 2139 1742 2207 βλέφαρα

165 2230 232 2284 δὲ
277 2230 470 2284 αὐτοῦ
511 2229 761 2295 ἐξετάζει
787 2230 928 2296 τοὺς
965 2231 1133 2295 υἱοὺς
1175 2229 1284 2283 τῶν
1321 2230 1678 2299 ἀνθρώπωνο
1706 2235 1739 2303 ἡ

167 2323 433 2387 ἐλάσσων,
455 2323 529 2386 ὡς
555 2322 618 2375 ἂν
646 2321 786 2374 εἴποι
818 2339 921 2386 τις,
956 2321 1224 2392 ὲπισκοπὴ
1241 2322 1331 2375 καὶ
1353 2321 1581 2393 δευτέρα
1605 2323 1736 2394 (12).

1849 1973 2040 2013 versus
2066 1957 2510 2012 inbhedienteset
2538 1968 2883 2011 contumaces
2905 1971 3023 2011 sese
3048 1957 3399 2018 attollentem,

1844 2050 2092 2118 quodque
2123 2063 2187 2102 eo
2218 2048 2434 2116 gravius
2463 2057 2564 2114 est,
2601 2047 2651 2100 in
2685 2050 2847 2102 duros
2879 2057 2932 2100 et
2963 2047 3268 2116 pertinaces
3296 2049 3402 2101 im-

1846 2142 2084 2195 missam.
2124 2140 2186 2193 Et
2223 2154 2451 2194 rursus:
2485 2137 2606 2193 Non
2646 2148 2720 2194 est
2748 2140 2936 2193 oblitus
2964 2141 3241 2194 clamorem
3271 2158 3401 2209 pau-

1841 2249 2020 2302 perum
2047 2233 2129 2296 ";
2167 2241 2241 2297 et,
2287 2229 2407 2285 Non
2453 2233 2505 2284 in
2535 2231 2693 2298 ﬁnem
2722 2230 2908 2284 oblivio
2928 2231 3024 2284 erit
3055 2233 3294 2300 pauperis
3309 2234 3398 2299 ’σς

1843 2335 1919 2391 et,
1946 2325 2098 2378 Oculi
2127 2325 2240 2393 ejus
2266 2323 2321 2376 in
2359 2338 2634 2391 pauperem
2675 2323 2953 2391 respiciunt
2995 2323 3157 2394 (quod
3186 2323 3402 2393 quidem

170 2417 441 2484 palpebris
511 2417 702 2471 "mlius
759 2426 871 2482 est.
928 2431 991 2471 ac
1044 2418 1450 2488 PI‘IBSIanliIIS);
1515 2421 1776 2490 Palpebrae
1807 2436 1979 2480 autem
2022 2426 2136 2493 ejus
2171 2424 2496 2482 interroqant
2549 2420 2680 2472 ftlios
2725 2421 2990 2473 hominum
3034 2421 3114 2485 ¹⁷;
3183 2421 3232 2474 id
3275 2432 3400 2486 est,

163 2508 370 2570 minor,
414 2517 472 2560 ut
507 2508 580 2560 ita
610 2508 806 2572 dicam,
832 2518 888 2562 et
920 2509 1236 2563 secundaria
1271 2509 1555 2576 inspectio.

238 2598 382 2666 AG”.
426 2601 576 2672 Τάχα
604 2600 668 2655 ἂν
701 2600 842 2654 εἴποι
869 2619 982 2666 τις·
1027 2603 1196 2674 ’Υπὲρ
1233 2608 1342 2656 τῶν
1373 2605 1743 2677 ἀδικουμένων

168 2691 340 2744 ταῦτα
386 2693 616 2762 πτωχῶν
663 2693 755 2746 καὶ
798 2695 1061 2764 πενήτων.
1109 2696 1182 2748 Οὐ
1221 2695 1544 2766 διαφέρομαι
1587 2698 1697 2767 (15)
1724 2712 1739 2728 ⁸

167 2782 309 2834 ἀλλά
339 2781 397 2833 σέ
428 2799 488 2850 γε
515 2783 836 2853 κεντριζέτω
869 2784 976 2854 (14)
1009 2785 1101 2836 καὶ
1127 2783 1285 2837 τοῦτο
1310 2785 1444 2855 πρὸς
1472 2787 1531 2838 τὸ
1558 2788 1744 2856 φιλάν-

168 2873 410 2943 θρωπον.
432 2868 531 2926 Ὧν
559 2876 665 2943 γὰρ
695 2874 1060 2944 ἀδικουμένων
1094 2874 1343 2937 τοσοῦτος
1362 2876 1392 2926 ὁ
1417 2876 1592 2944 λόγος,
1614 2879 1741 2931 τού-

157 2970 273 3017 ’των
306 2965 403 3017 καὶ
437 2961 496 3017 εὖ
526 2965 840 3034 πασχόντων
869 2963 1065 3035 δηλαδὴ
1104 2965 1300 3017 πλείων
1328 2965 1438 3036 (15)
1475 2969 1506 3036 ἡ
1556 2968 1733 3040 χάρις.

167 3056 228 3107 Εἰ
260 3055 373 3126 γὰρ
403 3058 435 3108 ὁ
464 3054 749 3124 ἀτιμάζων
777 3055 1022 3122 πένητα,
1057 3055 1377 3122 παροξύνει
1421 3057 1525 3109 τὸν
1569 3058 1740 3125 axoni-

1917 2608 2158 2666 XXXVI.
2196 2605 2394 2661 Verum
2410 2605 2601 2660 dixerit
2631 2603 2857 2659 fortasse
2882 2604 3074 2673 aliquis
3104 2621 3118 2657 :
3145 2603 3268 2660 Haac
3307 2622 3404 2676 pro

1845 2700 2168 2772 pauperibus
2198 2699 2300 2753 illis
2326 2708 2379 2752 et
2407 2696 2652 2766 inopibus
2692 2697 2835 2750 dicta
2882 2704 3026 2763 sunt,
3065 2696 3155 2764 qui
3212 2696 3405 2765 injuria

1842 2794 2171 2849 afficiuntur.
2208 2792 2323 2846 Non
2377 2790 2730 2856 contradico;
2769 2798 2824 2842 at
2863 2789 2964 2842 hoc
2998 2803 3206 2856 quoque
3226 2800 3404 2845 tamen

1844 2890 1910 2942 ad
1939 2887 2161 2941 colenda
2195 2882 2544 2939 humanitatis
2582 2879 2751 2934 cilicia
2799 2892 2850 2934 te
2883 2880 3208 2934 exstimulet.
3259 2880 3404 2947 Quo-

1838 2995 1965 3031 rum
1989 2979 2154 3042 enim,
2190 2977 2234 3031 si
2263 2977 2389 3045 quid
2418 2977 2497 3030 eis
2527 2973 2734 3041 injuria:
2757 2973 3035 3035 inferatur,
3073 2983 3219 3025 tanta
3266 2977 3405 3030 ratio

1849 3070 2099 3131 habetur,
2134 3068 2321 3121 iisdem
2356 3077 2502 3119 certe
2529 3062 2790 3117 beneficio
2835 3060 3059 3122 allectis,
3101 3061 3406 3128 amplioret

166 3166 366 3201 σαντα
419 3151 624 3213 αὐτὸν,
683 3152 817 3220 τιμᾷ
879 3150 971 3202 τὸν
1019 3150 1243 3220 ποιητὴν
1289 3152 1318 3202 ὁ
1357 3153 1627 3224 περιέπων
1679 3156 1738 3208 τὸ

1849 3160 2066 3214 uberior
2098 3168 2182 3213 est
2203 3157 2395 3225 gratia.
2424 3154 2554 3209 Nam
2582 3156 2652 3217 si,
2700 3155 2792 3224 qui
2845 3167 3121 3221 pauperem
3161 3152 3400 3220 despicit,

167 3242 404 3312 ποίημα.
435 3241 602 3295 Πάλιν
640 3241 747 3314 (16)
774 3241 831 3294 δὲ
855 3244 980 3295 ὅταν
1012 3242 1212 3315 ἀκούῃς
1245 3243 1384 3312 (17)·
1422 3243 1615 3313 Πένης
1640 3249 1739 3301 καὶ

165 3335 470 3399 πλούσιος
499 3333 895 3402 συνήντησαν
921 3333 1232 3401 ἀλλήλοις,
1273 3335 1637 3403 ἀμφοτέρους
1673 3337 1740 3389 δὲ

165 3430 197 3477 ὁ
248 3427 473 3494 Κύριος
514 3427 830 3493 ἐποίησεν·
885 3427 960 3496 μὴ
1011 3427 1102 3479 τὸν
1138 3425 1236 3496 μὲν
1277 3427 1498 3498 πένητα,
1547 3429 1637 3482 τὸν
1683 3431 1740 3483 δὲ

165 3510 427 3570 πλούσιον
469 3519 764 3591 ὑπολάϐῃς,
817 3520 902 3571 ἵνα
944 3520 1038 3570 καὶ
1087 3519 1287 3588 μᾶλλον
1338 3521 1740 3592 κατεξαναστῇς

162 3609 257 3661 τοῦ
285 3610 518 3681 πένητος
539 3627 555 3640 ο
590 3612 648 3662 οὐ
681 3609 789 3682 γὰρ
826 3608 1002 3680 δῆλον,
1038 3611 1086 3661 εξ
1122 3609 1302 3662 Θεόθεν
1337 3615 1366 3681 ἡ
1399 3612 1620 3682 τοιαύτη
1658 3614 1741 3665 δι-

162 3702 378 3771 αίρεσις
398 3720 410 3732 ·
447 3702 670 3773 πλάσμα
699 3703 754 3755 δὲ
793 3701 948 3765 Θεοῦ,
979 3703 1160 3772 φησιν,
1191 3703 1392 3773 ὁμοίως
1421 3693 1738 3775 ἀμφότεροι,

163 3795 258 3846 καὶ
322 3795 372 3847 εἰ
421 3795 485 3847 τὰ
535 3795 730 3860 ἔξωθεν
767 3796 943 3850 ἄνισα.
989 3795 1158 3849 Τοῦτό
1200 3813 1257 3849 σε
1285 3797 1600 3850 δυσωπεξτω
1630 3796 1740 3867 (18)

160 3887 304 3952 πρὸς·
339 3886 400 3938 τὸ
437 3887 715 3956 συμπαθὲς
738 3889 831 3942 καὶ
858 3887 1195 3957 φιλάδελφον,
1219 3888 1304 3940 ἵνα
1331 3887 1458 3940 ὅταν
1484 3890 1574 3941 ὑπ’
1602 3888 1744 3942 ἐκεί-

159 3994 271 4030 νων
326 3977 593 4048 ὲπαρθῇς,
638 3979 743 4032 ὑπὸ
774 3979 961 4032 τούτου
1003 3980 1114 4049 (19)
1163 3980 1448 4050 συσταλῇς,
1481 3981 1576 4033 καὶ
1609 3981 1740 4050 γένῃ

162 4065 401 4117 σεαυτοῦ
445 4064 824 4136 μετριώτερος.
864 4069 928 4120 Τί
971 4068 1085 4133 Eat;
1133 4070 1196 4120 "0
1248 4068 1435 4122 ἐλεῶν
1481 4070 1741 4139 πτωχὸν,

150 4153 288 4219 Θεῷ
319 4153 588 4222 δανείζει,
641 4158 804 4228 φησίν
849 4159 982 4229 (20).
1014 4161 1110 4223 Τίς
1157 4161 1218 4212 οὐ
1251 4159 1464 4230 δέχεται
1505 4161 1743 4216 τοιοῦτον

157 4247 469 4318 χρεώστην,
504 4248 842 4302 ἀποδώσοντα
878 4253 935 4304 ἐν
977 4251 1154 4323 καιρῷ
1191 4253 1329 4323 μετά
1368 4253 1465 4322 τῆς
1514 4256 1742 4324 ἐπικαρ-

158 4339 296 4402 πίας
336 4339 400 4391 τὸ
443 4339 685 4405 δάνειον;
723 4343 834 4395 Καὶ
875 4342 1032 4396 πάλιν
1064 4343 1209 4413 (21)·
1270 4345 1742 4413 Ἐλεημοσύναις

148 4430 260 4484 καὶ
303 4431 594 4485 πίστεσιν
615 4434 1112 4501 ἀποκαθαιρονται
1146 4436 1420 4504 ἁμαρτίαι
1454 4436 1565 4507 (ἓὲ)

1783 3311 1785 3313 _
1833 3267 1959 3304 eum
1987 3266 2017 3301 a
2046 3266 2147 3319 quo
2180 3251 2352 3317 [actus
2381 3262 2479 3314 est,
2505 3251 2573 3302 ad
2625 3251 2758 3302 iram
2803 3255 3026 3308 concitat
3046 3256 3123 3324 ³⁸,
3163 3271 3265 3309 non
3304 3255 3403 3307 du-

1835 3343 1988 3397 bium
2016 3349 2120 3404 est,
2149 3343 2276 3409 quin
2312 3340 2561 3409 Opificem
2617 3343 2820 3396 honore
2865 3344 3079 3406 alliciat,
3119 3346 3209 3414 qui
3239 3345 3403 3415 ipsius

1841 3449 1976 3500 opus
2004 3431 2397 3500 complectit-ur.
2447 3431 2654 3485 Rursus
2701 3447 2821 3487 cum
2869 3436 3065 3489 audis:
3121 3435 3328 3505 Pauper
3352 3445 3403 3489 et

1835 3525 1982 3576 dives
2007 3534 2346 3576 occurrerunt
2376 3523 2496 3590 sibi,
2529 3536 2805 3594 utrumque
2851 3537 3023 3580 autem
3071 3530 3264 3581 creavit
3294 3527 3402 3581 Do-

1838 3615 2015 3668 minus
2045 3615 2124 3672 ”:
2164 3629 2227 3668 ne
2258 3614 2404 3668 illum
2441 3616 2652 3684 quidem
2696 3633 3004 3687 pauperem,
3053 3620 3192 3672 hunc
3223 3629 3401 3673 autem

1843 3705 2059 3757 divitem
2085 3706 2152 3758 ab
2183 3719 2246 3758 eo
2279 3714 2518 3758 creatum
2553 3705 2816 3774 intelligas
2843 3749 2855 3771 ,
2893 3721 3054 3777 atque
3079 3723 3141 3761 ex
3169 3723 3230 3762 ea
3258 3723 3314 3762 re
3348 3708 3403 3761 in

1844 3808 2132 3862 pauperem
2166 3794 2471 3864 insurgeudi
2500 3812 2686 3850 ansam
2737 3798 3002 3865 arripias;
3038 3814 3212 3868 neque
3258 3799 3405 3852 enim

1844 3897 2079 3950 constat,
2107 3902 2171 3939 an
2203 3903 2231 3940 a
2269 3889 2373 3941 Deo
2400 3888 2702 3956 huiusmodi
2739 3891 3009 3944 distinctio
3051 3890 3288 3960 profecta
3312 3890 3400 3946 sit.

1846 3976 2043 4030 Verum
2079 3978 2167 4030 Dei
2225 3978 2554 4046 figmentum,
2603 3981 2809 4049 inquit,
2855 3992 3078 4050 uterque
3127 3996 3276 4049 teque
3297 3992 3402 4042 est,

1849 4068 2082 4134 tametsi,
2115 4071 2254 4138 quod
2281 4073 2349 4123 ad
2389 4086 2474 4126 res
2517 4085 2766 4128 extenuas
2794 4077 3004 4138 attinet,
3049 4075 3245 4144 dispari
3273 4088 3403 4127 con-

1845 4159 2050 4213 ditione
2079 4161 2206 4213 sint.
2241 4159 2354 4214 lloc
2407 4170 2456 4215 te
2500 4161 2566 4216 ad
2599 4164 3123 4218 commiserationem
3150 4173 3202 4217 et
3229 4159 3407 4218 chari-

1848 4259 2013 4305 tatem
2060 4250 2314 4315 inflectat,
2375 4262 2431 4306 ut
2483 4269 2602 4308 cum
2657 4257 2910 4322 cogitatio
2934 4256 3020 4309 illa
3061 4255 3155 4308 tibi
3197 4255 3405 4309 animos

1845 4343 2120 4404 extulerit,
2157 4343 2268 4396 hazc
2299 4345 2512 4398 eosdem
2568 4345 2840 4408 demittat,
2898 4356 3056 4413 teque
3083 4345 3406 4398 moderatio-

1847 4449 1959 4489 rem
1992 4433 2206 4488 efliciat.
2242 4433 2376 4500 Quid
2407 4438 2707 4502 praeterea?
2745 4435 2848 4501 Qui
2897 4437 3167 4490 miseretur
3208 4452 3404 4504 paupe-

159 4521 255 4584 ris,
290 4520 491 4589 inquit,
521 4522 624 4574 Deo
650 4521 918 4590 feneratur
945 4523 989 4554 "
1067 4530 1197 4590 Quis
1266 4524 1567 4591 huiusmodi
1598 4523 1896 4578 debitorem
1924 4531 2157 4584 recuset,
2185 4521 2424 4575 debitum
2492 4523 2543 4575 in
2611 4532 2851 4591 tempore
2901 4538 3006 4577 non
3038 4523 3154 4578 sine
3218 4524 3403 4578 fenore

156 4618 548 4670 redditurum?
579 4617 643 4670 Et
677 4633 898 4673 rursus:
932 4617 1036 4673 Per
1060 4619 1470 4672 misericordiam
1500 4631 1547 4672 et
1583 4620 1736 4675 ﬁdem
1775 4628 1986 4685 peccata
2021 4616 2396 4686 purgantur".

177 4765 198 4779 .
225 4731 278 4762 ’³
311 4729 458 4784 Psal.
494 4747 570 4794 ιι,
595 4731 647 4785 6.
745 4732 791 4763 ’τ’
825 4732 968 4786 l’sal.
1005 4749 1080 4796 ιιι,
1133 4733 1221 4786 55.
1320 4733 1364 4762 ’δ
1395 4731 1520 4785 ibid.
1555 4733 1636 4786 l5.

155 4816 299 4865 nu,
337 4800 390 4852 2.
469 4800 514 4831 “
547 4803 705 4855 Prov.
737 4801 948 4867 xux,l7.
1029 4803 1069 4833 ³⁸
1098 4802 1256 4857 Prov.
1288 4816 1377 4866 xv,
1407 4800 1498 4875 27.

227 4956 322 5088 (6)
351 4957 527 5021 Φησί.
557 4956 710 5009 Deest
743 4956 794 5008 in
826 4954 957 5026 Reg.
989 4973 1037 5011 c.

229 5029 287 5088 (7
357 5026 411 5076 '0
441 5026 585 5088 Θεός
611 5044 748 5088 μου.
779 5026 901 5080 "ate
931 5029 1037 5080 desr

229 5024 322 5093 (7)
357 5026 411 5076 '0
441 5026 585 5096 Θεός
611 5044 748 5094 μου.
779 5024 1122 5096 "ate—desunt
1148 5027 1199 5079 in
1230 5024 1362 5096 Reg.
1397 5029 1504 5079 hin.

231 5097 318 5167 (8)
347 5094 646 5155 Πενήτων.
681 5095 914 5150 Colbert.
945 5095 972 5148 l
1006 5097 1173 5160 addit,
1211 5098 1292 5159 εἰς
1319 5094 1498 5161 τέλος,
1536 5115 1554 5146 ι
1588 5098 1648 5148 in
1680 5095 1741 5146 fi-

151 5181 318 5305 ῃεῖἓ)
339 5182 796 5303 ζεκλτιροτέροις.
831 5233 994 5303 Regg.
1025 5250 1078 5298 a,
1114 5234 1170 5300 b,
1218 5249 1269 5298 c,
1296 5237 1381 5289 bm
1403 5275 1418 5296 .
1451 5235 1543 5302 ph,
1573 5233 1737 5302 σκληο

227 5346 351 5445 ait)
381 5374 900 5442 Ἐπιλησθήσεται.
929 5371 1020 5426 Sic
1046 5372 1210 5443 Regg.
1230 5375 1338 5439 hm,
1369 5374 1461 5443 ph,
1486 5382 1539 5428 et
1561 5372 1655 5428 0r.
1679 5373 1735 5426 2.

145 5447 290 5511 Alii,
319 5445 728 5515 ὲπιληθήσεται.

228 5515 356 5585 (ll)
379 5511 763 5583 Kububtrpor.
798 5513 1054 5570 Coislian.
1104 5515 1160 5580 2,
1209 5523 1262 5569 et
1305 5511 1452 5577 les.,
1485 5511 1741 5583 τιμιώτες

146 5602 494 5735 ροῖῘΞ)Ιςαὶ
540 5653 804 5723 δευτέρα.
860 5656 1017 5710 Deest
1052 5654 1144 5708 καί
1201 5655 1255 5708 in
1307 5653 1463 5710 Colb.
1513 5653 1563 5707 1.
1617 5650 1735 5706 Bifl.

149 5743 173 5776 ε
216 5734 520 5791 posterior.
555 5743 575 5776 ι

224 5793 356 5865 (15)
391 5797 474 5847 Οὐ
496 5793 855 5863 διαφέρομαι.
889 5793 1088 5855 Billius.
1123 5813 1140 5843 ε
1185 5794 1256 5847 sit
1291 5796 1364 5850 ita
1407 5810 1538 5851 sane
1572 5809 1581 5851 :
1618 5804 1734 5848 nat!-

507 5889 766 5946 ΡΑι-ιιοι..
816 5887 934 5945 Gtt.
981 5885 1246 5945 XXXV.

1737 4734 1783 4764 ¹⁶
1821 4732 1948 4787 ibid».
1983 4731 2068 4786 19.
2144 4733 2186 4764 ³⁷
2219 4731 2358 4785 Psal.
2388 4748 2441 4791 ι.
2478 4732 2532 4784 5.

2612 4733 2654 4767 ’⁸
2679 4731 2837 4787 Prov.
2867 4749 2996 4801 xvu,
3027 4735 3078 4788 5.
3184 4733 3226 4763 ³⁸
3245 4731 3402 4786 Prov.

1775 4960 1818 5014 ι)
1846 4954 1909 5007 de
1939 4954 2040 5006 hoc
2065 4952 2210 5004 litem
2248 4950 2444 5004 nullam
2480 4950 2757 5004 movebo.»

1915 5023 2026 5093 (14)
2060 5019 2425 5093 Κεντριζέτω.
2443 5019 2548 5093 _0r.
2586 5019 2645 5084 2,
2678 5021 3086 5093 ἐκκεντριζέτω.

1914 5091 2027 5178 (15)
2060 5092 2308 5145 Πλείων.
2330 5091 2421 5145 Sic
2443 5091 2609 5161 Regg.
2634 5106 2682 5155 a,
2699 5091 2945 5156 c,bm,’et
2970 5094 3059 5160 ph.
3085 5093 3225 5148 Edit.
3259 5110 3403 5159 vero,

1843 5170 2028 5214 πλεῖον

1914 5232 2024 5300 (16)
2054 5231 2262 5285 Πάλιν.
2296 5229 2427 5298 Reg.
2457 5231 2548 5299 ph.
2575 5231 2743 5294 addit,
2767 5229 2840 5282 δέ.

1915 5303 2027 5375 (17)
2052 5303 2321 5375 Ἀσιούῃς.
2354 5300 2518 5375 Regg.
2545 5303 2652 5375 bm,
2686 5302 2785 5375 ph,
2811 5301 3066 5375 ἀκούσῃς.

1913 5368 2354 5454 (18)”Τοῦτόήσε
2379 5368 2739 5424 δινσωπείτω.
2757 5368 2922 5442 Regg.
2951 5368 3103 5436 οἷα,
3134 5388 3304 5443 τουτῳ
3346 5389 3405 5426 σε

1833 5443 2119 5495 δυσωπῶν.

1911 5513 2023 5581 (19)
2060 5513 2295 5566 Τούτου.
2324 5510 2460 5574 Jes.,
2501 5511 2728 5568 τούτων.

1913 5581 2025 5653 (30}
2049 5584 2264 5653 φησιν.
2302 5583 2457 5653 Deest
2481 5584 2530 5635 in
2565 5583 2696 5653 Reg.
2726 5581 2835 5645 bm,
2861 5592 2918 5653 et
2937 5581 3028 5637 Or.
3058 5581 3113 5635 2.

1935 5649 2026 5721 2f)
2053 5649 2162 5706 Kal
2183 5651 2386 5705 πάλιν.
2427 5652 2583 5706 Deest
2613 5649 2671 5706 ἰιῖ
2695 5653 2863 5708 tribus
2895 5652 3092 5721 Regiis,
3125 5659 3177 5706 et
3199 5650 3293 5706 Or.
3318 5649 3374 5707 2.

1935 5653 2026 5708 2|)
2053 5653 2162 5706 Kal
2183 5653 2386 5705 πάλιν.
2427 5653 2583 5706 Deest
2613 5655 2664 5706 in
2695 5653 2863 5708 tribus
2895 5653 3092 5721 Regiis,
3125 5671 3137 5704 ι

1911 5653 2026 5792 192)
2064 5722 2377 5792 Ἀμαρτίαι.
2410 5722 2468 5774 In
2491 5723 2749 5791 pluribus,
2777 5724 2833 5774 αἱ
2857 5721 3137 5794 ἁμαρτίαι.

3005 5882 3083 5944 29

3452 5581 3498 5616 ει
