3844 6390
442 443 539 501 9H
1670 453 1728 507 8.
1771 449 2094 507 GREGORII
2136 448 2477 505 TIIEOLOGI
3572 454 3662 507 θιε

1020 785 1184 856 2⁸⁸
1242 799 1813 891 ΜΟΝΙΤΗΜ
1894 799 2017 887 ΙΝ
2097 796 2538 888 ORATIO

1577 802 1813 889 TUM
1894 799 2017 887 IN
2097 796 2815 888 ORATIONEM
2892 799 3095 889 XV.

522 1126 567 1185 Ι.
623 1126 989 1202 Gregorius,
1046 1124 1106 1184 in
1159 1126 1271 1186 hac
1330 1125 1643 1194 oratione,
1694 1125 1984 1202 praeclara
2035 1126 2355 1188 Eleazaris
2419 1126 2619 1195 senis,
2671 1130 3047 1201 septemque
3106 1125 3369 1185 fratrum
3424 1125 3671 1185 Macha-

441 1207 750 1273 breorum,
790 1224 860 1265 ac
893 1221 1111 1264 eorum
1143 1221 1468 1281 generosae
1494 1222 1683 1281 supra
1722 1204 2024 1264 feminam
2062 1206 2281 1265 matris
2319 1206 2533 1271 verba,
2583 1203 2861 1264 facinora
2904 1212 2966 1264 et
3001 1203 3294 1264 victorias
3339 1220 3667 1278 enarrans,

438 1285 695 1343 illorum
726 1283 1113 1359 triumphum
1154 1282 1456 1343 omnibus
1496 1282 1881 1359 eloquentiae
1914 1283 2294 1343 Christianae
2330 1300 2399 1343 ac
2438 1283 2754 1355 religiosae
2789 1281 3116 1342 coloribus
3148 1291 3440 1342 exornat.
3476 1282 3669 1353 Quasi

443 1380 514 1421 ex
548 1362 813 1435 abrupto
852 1363 943 1423 sic
994 1362 1215 1433 incipit
1259 1366 1469 1420 orator
1514 1361 1597 1437 (ιι.
1642 1360 1696 1439 1)
1749 1383 1764 1421 :
1801 1374 1861 1424 Ti
1897 1363 1951 1422 δέ

2152 1368 2455 1432 umentia;
2511 1384 2537 1416 α
2568 1361 2737 1434 Quid
2787 1368 2999 1421 autem
3039 1360 3430 1422 Machabmi?
3466 1382 3495 1413 η
3541 1361 3670 1432 Qua

438 1441 938 1518 interrogatione
982 1440 1393 1516 significatur,
1440 1450 1508 1518 ut
1546 1441 1786 1516 optime
1836 1442 2136 1502 observat
2172 1440 2452 1500 Basilius
2484 1439 2856 1509 scholiasta,
2891 1457 2921 1499 a
2959 1440 3289 1518 nonnullis
3325 1440 3669 1518 quaesitum

442 1536 583 1579 esse
630 1517 706 1579 ac
740 1520 1123 1590 dubitatum,
1176 1541 1204 1576 α
1234 1527 1445 1578 utrum
1496 1517 1562 1578 in
1617 1526 1961 1596 martyrum
2006 1536 2273 1579 numero
2315 1519 2621 1579 censendi
2682 1524 2896 1578 essent
2942 1517 3673 1596 Machabaei,’utrumne

440 1597 626 1655 etiam
672 1599 801 1672 pari
840 1607 1055 1659 essent
1086 1615 1226 1657 cum
1264 1597 1359 1656 eis
1401 1596 1641 1656 honore
1683 1595 2142 1672 prcsequendi,
2179 1614 2466 1657 necne.»
2504 1595 2934 1668 Ουωειὶοηεῐη
2976 1596 3133 1656 hanc
3172 1597 3529 1666 subtiliter,
3562 1595 3676 1657 hoc

437 1675 780 1753 incipiendi
824 1677 1035 1743 modo,
1070 1684 1129 1737 et
1165 1676 1480 1751 proponit,
1510 1682 1577 1753 et
1614 1675 1804 1735 solvit
1842 1676 2233 1752 Theologus.
2261 1676 2441 1735 Prius
2472 1674 2642 1736 enim
2679 1691 2866 1750 quam
2902 1674 3409 1735 Machabreorum
3455 1675 3673 1734 laudes

440 1752 726 1829 attingat.
769 1755 1070 1830 espensis
1123 1754 1330 1814 obiter
1368 1770 1437 1813 ac
1486 1752 1723 1814 diserte
1765 1754 2038 1815 diversis
2084 1753 2387 1831 utrinque
2418 1754 2800 1822 rationibus,
2846 1754 3073 1813 asserit
3128 1754 3275 1814 ideo
3313 1754 3672 1814 laudandos

440 1848 580 1891 esse
619 1831 1009 1893 Machabzeos
1058 1833 1145 1902 (n.
1180 1832 1264 1909 2),
1315 1832 1746 1911 ηυηλριωοὶςο
1796 1833 1963 1911 quod
2014 1854 2046 1890 ι(
2082 1839 2227 1893 ante
2272 1849 2523 1893 crucem
2569 1833 2726 1893 tales
2775 1832 3167 1911 exstiterint,
3214 1831 3337 1911 sed
3374 1831 3553 1909 quod
3604 1832 3674 1911 ad

439 1911 646 1970 crucis
693 1928 973 1971 normam
1009 1911 1153 1970 vitm
1184 1926 1316 1970 suae
1356 1909 1667 1971 rationem
1704 1909 2113 1988 exegerint.»
2144 1911 2403 1971 Fatetur
2439 1920 2645 1971 tamen
2683 1910 2848 1988 apud
2884 1910 3117 1971 multos
3159 1926 3287 1971 non
3328 1910 3670 1982 honorari;

439 2006 547 2049 eos
589 2007 735 2049 vero
784 1990 1009 2067 dignos
1041 1989 1308 2067 judicat,
1346 1988 1453 2064 qui
1496 1988 1573 2048 ab
1608 1991 1910 2050 omnibus
1945 1990 2189 2050 honoro
2237 1988 2614 2050 afﬁciantur.

517 2067 598 2126 ll.
643 2068 782 2139 Quo
824 2064 1013 2141 anno,
1045 2064 1263 2145 quove
1310 2067 1549 2145 inloco
1596 2067 1801 2129 habita
1833 2069 1917 2129 sit
1963 2068 2093 2129 haec
2124 2068 2351 2135 oratio,
2393 2074 2566 2128 certo
2604 2066 2869 2127 deﬁnire
2902 2082 3028 2127 non
3068 2082 3435 2143 possumus.
3474 2064 3671 2135 Nihil,

438 2162 550 2203 nt-c
589 2146 649 2205 in
697 2146 810 2206 ista
859 2143 1172 2220 oratione,
1221 2163 1336 2206 nec
1378 2143 1443 2203 in
1480 2146 1935 2223 interpretibus
1968 2146 2269 2217 occurrit,
2309 2162 2436 2223 quo
2474 2145 2865 2223 exploratam
2900 2145 3014 2206 hac
3053 2149 3131 2205 de
3180 2163 3244 2205 re
3282 2146 3667 2205 sententiam

435 2223 804 2303 habeamus.
860 2224 995 2286 Hoc
1039 2232 1280 2285 tantum
1335 2222 1656 2297 conjicere
1697 2225 1879 2296 licet,
1923 2243 2058 2285 eam
2081 2242 2157 2285 ex
2197 2224 2275 2303 iis
2318 2222 2503 2283 uuam
2534 2222 2840 2303 esse(li8),
2870 2240 3138 2303 quarum
3175 2246 3201 2277 ‹‹
3235 2232 3610 2299 argumenta
3642 2244 3668 2277 ι

434 2301 741 2377 Gregorio
776 2302 1045 2364 Basilius
1084 2320 1540 2381 nonnunquam
1606 2325 1633 2357 α
1662 2303 2135 2381 suppeditabat.
2172 2325 2200 2357 »
2238 2302 2482 2363 Idcirco
2522 2301 2908 2381 hanccoram
2940 2302 3470 2381 Caesariensibus,
3507 2317 3667 2361 anno

432 2381 697 2441 forsitan
727 2400 799 2443 ac
834 2382 1247 2443 verisimilius
1292 2380 1407 2439 373
1471 2380 1936 2457 pronuntiatam
1998 2383 2200 2441 fuisse
2244 2396 2369 2441 non
2412 2381 2573 2441 male
2606 2380 3144 2441 existimabimus.
3178 2380 3432 2457 Nicetes
3467 2388 3668 2440 tamen

434 2476 571 2519 eam
598 2460 1145 2536 ConstantinOpoli
1182 2459 1414 2521 dictam
1450 2459 1705 2531 scribit;
1734 2459 1842 2520 sed
1876 2460 2071 2522 nullis
2105 2460 2543 2520 monumentis
2577 2459 2785 2536 ipsius
2824 2458 3140 2519 sententia
3167 2456 3464 2531 fulcitur;
3500 2458 3668 2518 ideo-

433 2555 558 2611 quo
604 2536 882 2676 proéecto
927 2540 1108 2611 banc,
1156 2554 1284 2599 non
1326 2536 1449 2596 nisi
1505 2536 1933 2615 conjicienda.
1964 2537 2345 2600 inmedium
2389 2538 2741 2615 producere
2790 2537 3038 2615 potuit;
3077 2536 3224 2598 hinc
3272 2552 3385 2615 pro
3451 2536 3654 2598 nihilo

437 2625 699 2676 renutat]
751 2634 807 2676 a.

437 2625 807 2691 reputando.

504 2736 614 2806 (£8)
651 2738 742 2791 Or.
777 2754 926 2802 xun,
957 2755 1009 2792 η.
1042 2740 1089 2790 1.

889 3061 1267 3137 ORATIO
1304 3058 1492 3138 XV“-

2494 3055 2855 3139 ΛΟΓΟΣ
2893 3047 3011 3137 ΙΕ’
3087 3080 3226 3148 (te).

811 3237 877 3291 In
908 3237 1333 3293 Illic/tabworum
1371 3239 1603 3293 laudem.
2019 3246 2064 3303 Α

2019 3246 2064 3303 Α
2438 3241 2537 3304 Εἰς
2564 3238 2699 3302 τοὺς
2734 3236 2846 3308 (50)
2878 3236 3259 3289 Μακκασαίου
3286 3258 3296 3269 -

498 3395 536 3450 1.
567 3394 701 3459 Quid
732 3403 905 3446 autem
954 3393 1286 3446 Machabmi?
1336 3390 1534 3446 Horum
1587 3392 1728 3445 enim
1779 3393 1995 3447 nomine

2164 3397 2241 3450 A'.
2282 3396 2345 3448 Τί
2375 3396 2430 3448 δὲ
2460 3395 2572 3465 (51)
2599 3398 2646 3447 οἱ
2674 3394 3052 3457 Μακκαϐαῖος
3086 3392 3288 3445 τούτων
3323 3392 3487 3463 γὰρή
3519 3409 3656 3461 παρ-

430 3489 565 3539 dieni
616 3487 755 3539 hunc
808 3486 999 3539 festum
1041 3486 1344 3554 agitamus;
1408 3485 1495 3553 qui
1555 3484 1801 3553 quamvis
1852 3500 1948 3554 apii

2142 3485 2224 3538 ὅσα
2244 3487 2565 3557 πανήγυρις.
2595 3485 2655 3537 οὐ
2679 3484 2829 3555 παρὰ
2859 3482 3069 3545 πολλοῖς
3097 3484 3192 3552 μὲν
3216 3482 3555 3551 τιμωμένων,
3573 3483 3660 3533 ὅτι

430 3583 626 3633 multos
684 3597 784 3632 non
824 3580 1178 3643 honorentur,
1226 3579 1350 3647 quia
1404 3594 1506 3629 non
1564 3588 1682 3646 post
1715 3577 1948 3631 Christui

2142 3578 2168 3647 ὴ
2230 3578 2369 3647 μετὰ
2417 3575 2647 3648 Χριστὸν
2702 3580 2736 3647 ἡ
2788 3575 3047 3645 ἄθλησις·
3108 3576 3241 3626 πᾶσι
3289 3574 3346 3626 δὲ
3401 3573 3660 3642 τιμᾶσθαι

426 3673 787 3732 decertarunt,
820 3671 963 3739 digni
995 3680 1167 3723 tamen
1204 3680 1329 3723 sunt
1356 3670 1441 3736 qui
1475 3672 1541 3721 ah
1590 3671 1841 3723 omnibus
1885 3670 1944 3722 lic

2144 3665 2275 3729 ξίων,
2305 3668 2385 3719 ὃτι
2418 3667 2545 3735 περὶ
2585 3665 2692 3717 τῶν
2722 3664 2967 3734 πατρίων
3015 3662 3126 3731 (5⁵2)
3168 3665 3198 3730 ἡ
3241 3663 3527 3733 καρτερία’
3559 3663 3662 3714 καὶ

429 3777 560 3813 ltOl‘c
585 3762 904 3824 afliciantur,
936 3761 1189 3828 quoniam
1224 3775 1320 3828 pro
1372 3759 1577 3828 legibus
1622 3760 1947 3828 institutiqu

2180 3755 2284 3825 πρὸ
2319 3755 2426 3807 τῶν
2457 3753 2691 3825 Χριστοῦ
2724 3752 2908 3805 παθῶν
2946 3753 3409 3821 μαρτυρήσαντες,
3452 3752 3501 3802 τί
3524 3767 3660 3802 ποτε

426 3848 616 3912 patriis
646 3846 835 3900 fortem
870 3848 1106 3900 animum
1142 3848 1528 3915 praestiterunt.
1560 3850 1658 3914 Qui
1688 3864 1847 3916 porro
1866 3859 1944 3902 aut

2145 3846 2305 3899 ta'toatv
2329 3844 2550 3914 ἔμελλον
2598 3844 2734 3913 μετὰ
2766 3842 2998 3909 Χριστὸν
3036 3843 3376 3911 διωκόμενοι,
3425 3844 3513 3895 καὶ
3560 3843 3663 3893 τὸν

426 3939 625 3993 Christi
660 3940 939 4007 passiones
969 3942 1280 4011 martyrium
1306 3943 1602 4007 subierunt,
1622 3942 1747 4010 quid
1776 3944 1944 3997 tande:

2145 3936 2296 3987 ιείνου
2338 3934 2478 4005 ὑπὲρ
2507 3935 2660 4006 ἡμῶν
2689 3934 3010 4004 μιμούμενοι
3042 3934 3270 3987 θάνατον
3293 3951 3307 3998 ;
3332 3937 3395 3988 Οἰ
3418 3935 3522 4005 γὰρ
3550 3954 3663 4006 χωρ

425 4031 615 4082 facturi
648 4039 825 4093 erant,
851 4032 895 4083 si
931 4038 1051 4097 post
1081 4028 1356 4084 Christum
1394 4032 1820 4100 persecutionem
1844 4047 1938 4101 pas

2150 4044 2174 4090 ς
2207 4026 2598 4097 ὑποδείγματος
2624 4026 2883 4091 τοιούτου,
2906 4026 3146 4079 τοσοῦτοι
3166 4028 3263 4097 τὴν
3291 4028 3510 4099 ἀρετὴν,
3541 4029 3663 4090 πῶς

425 4120 674 4184 fuissent,
704 4119 926 4187 ejusque
959 4129 1185 4173 mortem
1216 4131 1411 4174 nostrm
1458 4120 1645 4174 salutis
1679 4137 1837 4175 causa
1869 4136 1943 4174 sui

2145 4135 2185 4170 ικ
2215 4118 2278 4170 ἂν
2301 4118 2557 4189 ὤφθησαν
2578 4118 2959 4188 γενναιότεροι,
2992 4118 3128 4187 μετὰ
3149 4117 3242 4170 τοῦ
3269 4120 3663 4189 ὑποδείγματος

406 4223 631 4280 ‘ceptam
650 4212 715 4264 ad
736 4212 1050 4267 imitandum
1068 4213 1396 4281 propositam
1429 4213 1783 4267 habuissent?
1818 4214 1924 4282 28

2147 4209 2522 4273 νδυνεύοντες;
2559 4210 2667 4263 Καὶ
2704 4210 2817 4279 ἅμα
2862 4209 3119 4279 μυστικός
3166 4227 3251 4272 τις
3290 4211 3383 4263 καὶ
3416 4212 3664 4279 ἀπόρρη-

424 4304 557 4356 Nam
587 4305 676 4371 qui
730 4305 846 4358 sine
903 4305 1211 4374 hujusniodi
1270 4304 1517 4373 exemplo
1578 4312 1724 4357 tanta
1771 4304 1936 4357 virtut

2152 4319 2176 4363 ς
2202 4296 2353 4363 οὗτος
2373 4305 2399 4353 ό
2422 4301 2597 4369 λόγος,
2624 4300 2715 4353 καὶ
2745 4300 2853 4371 (55)
2894 4301 3096 4371 σφόδρα
3123 4300 3347 4361 πιθανὸς
3378 4303 3500 4370 ἐμοὶ
3524 4300 3664 4367 γοῦν

422 4396 578 4449 laude
606 4394 925 4461 ﬂoruerunt,
985 4412 1051 4448 an
1088 4412 1189 4449 non
1222 4397 1389 4449 multo
1451 4395 1699 4450 fortiores
1728 4412 1785 4449 se
1845 4411 1940 4465 pra

2147 4389 2178 4439 ti.
2209 4392 2341 4441 nisi.
2368 4392 2479 4451 τοῖς
2513 4389 2776 4457 φιλοθέοις
2802 4405 2813 4418 ·
2854 4388 3053 4459 μηδένα
3090 4389 3199 4441 τῶν
3229 4390 3333 4460 πρὸ
3370 4390 3471 4459 τῆς
3516 4392 3665 4459 Χρι-

422 4488 679 4547 buissent,
711 4488 754 4541 si
786 4504 904 4541 cum
932 4486 1179 4554 exemplo
1203 4487 1499 4557 periculum
1526 4486 1675 4539 adire
1702 4486 1830 4555 ipsis
1854 4502 1940 4540 cor

2154 4480 2212 4531 οὗ
2251 4480 2547 4551 παρουσίας
2573 4479 2962 4533 τελειωθέντων
2986 4480 3121 4549 (54),
3146 4480 3268 4550 δίχα
3296 4483 3394 4549 τῆς
3421 4482 3497 4541 εἰς
3522 4482 3669 4549 Χρι-

418 4575 664 4644 tigisset?
693 4577 768 4629 Ac
794 4574 952 4629 simul
1005 4575 1265 4643 mysticus
1315 4585 1367 4628 et
1400 4588 1632 4627 arcanus
1685 4576 1770 4627 hic
1801 4590 1936 4628 scrm

2151 4570 2206 4624 ὸν
2242 4572 2471 4635 πίστεως
2504 4572 2693 4625 τούτου
2733 4576 2931 4642 τυχεῖν.
2977 4574 3036 4624 Ὀ
3070 4572 3177 4643 γὰρ
3209 4573 3378 4638 Λόγος
3403 4572 3516 4637 (55)
3566 4574 3668 4623 ἐπα

419 4677 523 4729 cst,
550 4666 679 4720 mihi
705 4667 942 4735 quidem,
981 4675 1141 4733 atque
1193 4666 1443 4723 omnibus
1481 4667 1570 4722 Dei
1623 4681 1806 4721 amore
1839 4681 1937 4735 prta

2149 4664 2427 4734 ιρησιὰσθη
2494 4665 2589 4734 μὲν
2640 4662 2862 4736 ὕστερον
2925 4668 3136 4732 καιροῖς
3195 4663 3367 4725 ἰδίοις,
3422 4664 3667 4732 ἐγνωρί-

419 4758 561 4822 ditis,
596 4758 883 4814 admodum
915 4757 1209 4828 probabilis
1240 4774 1255 4812 :
1302 4759 1572 4811 neminem
1612 4757 1858 4811 videlicet
1888 4770 1937 4809 et

2155 4774 2184 4825 η
2238 4754 2345 4825 (56)
2387 4755 2442 4809 δὲ
2489 4757 2581 4810 καὶ
2625 4755 2885 4827 πρότερον
2933 4758 3045 4818 τοῖς
3106 4754 3362 4825 καθαροῖς
3401 4754 3494 4826 τὴν
3544 4757 3672 4809 διὰ.

488 4968 511 5027 ε
543 4954 683 5027 Alias
730 4955 887 5017 XXII,
945 4966 1268 5027 quzeiautetn
1303 4955 1371 5011 15
1420 4964 1555 5020 erat,
1604 4970 1745 5010 nunc
1779 4954 1861 5008 16.
1914 4984 1983 4996 —-
2094 4970 2215 5023 ρες;
2255 4972 2273 5005 ι
2298 4952 2501 5027 ΔΝοηιιιξ
2522 4955 2665 5025 digni
2698 4963 2819 5009 sunt
2855 4954 2943 5025 qui
2972 4956 3039 5009 ab
3065 4958 3335 5020 omnibus,
3367 4966 3420 5009 ul
3444 4969 3675 5027 marty-

420 5024 609 5077 llabita
637 5025 780 5079 circa
806 5042 1004 5078 annum
1039 5025 1163 5080 575.
2091 5038 2196 5079 res.
2229 5024 2506 5077 colantur?
2531 5044 2548 5075 ι

2159 5092 2579 5161 (52)Πατρίων.
2618 5092 2709 5149 Sic
2760 5108 2945 5149 omnes
2990 5095 3220 5150 codices.
3264 5097 3317 5150 In
3362 5097 3471 5160 ed.,
3514 5115 3676 5167 παρ·

410 5158 509 5210 νῦν
542 5160 635 5211 καὶ
654 5158 757 5221 ἀεὶ,
793 5160 886 5212 καὶ
908 5160 985 5223 εἰς
1018 5161 1143 5221 τοὺς
1171 5161 1369 5223 αἰῶνας
1404 5158 1630 5213 αἰώνων.
1662 5162 1851 5229 Ἀμήν·
1884 5180 1899 5210 ι
1926 5168 1977 5213 et
2092 5158 2202 5215 ἔων.

416 5239 675 5293 potestas,
712 5246 851 5284 nunc
880 5240 933 5285 ct
966 5246 1195 5299 semper,
1227 5242 1281 5284 et
1320 5232 1373 5285 in
1404 5232 1596 5284 saecula
1631 5231 1929 5284 steculorun

1662 5231 1964 5283 teculorum.
2157 5232 2267 5299 (55)
2301 5232 2430 5285 Καί.
2464 5230 2550 5285 Sir
2582 5233 2709 5299 Reg.
2737 5250 2785 5285 τι.
2818 5232 2980 5286 Deest
3013 5235 3063 5287 in
3094 5236 3180 5288 ed.

415 5239 675 5349 gulosus,
712 5246 851 5284 nunc
880 5240 933 5285 ct
966 5246 1195 5299 semper,
1227 5242 1281 5284 et
1320 5235 1373 5285 in
1404 5235 1596 5284 saecula
1631 5235 1929 5284 steculorun

469 5316 604 5351 lllPtt.
646 5318 663 5349 ι

2179 5235 2267 5291 55)
2301 5235 2430 5285 Καί.
2464 5235 2550 5285 Sir
2582 5235 2709 5299 Reg.
2737 5250 2785 5285 τι.
2818 5235 2980 5286 Deest
3013 5235 3063 5287 in
3094 5236 3181 5288 ed.

2156 5235 2266 5369 ibi)
2304 5302 2748 5355 Τελειωθέντων.
2799 5322 2815 5351 ι
2875 5304 2973 5368 Qui
3017 5316 3204 5357 sancto
3259 5302 3363 5359 fine
3410 5306 3674 5361 defuncti

485 5369 593 5433 (ιί9)
617 5370 820 5437 Λόγος.
868 5368 1079 5423 Nicetas
1134 5368 1330 5437 aliique
1384 5368 1583 5421 addunt
1622 5387 1633 5422 :
1670 5368 1879 5438 λεχθεὶς
1919 5370 1978 5419 ὲν

2159 5382 2229 5433 ut,
2263 5375 2637 5423 consummati.
2680 5392 2698 5422 ι
2742 5372 2865 5425 "mc
2898 5386 2977 5427 εει
3008 5375 3084 5423 vis
3114 5374 3270 5437 hujus
3316 5376 3487 5439 varis,
3518 5384 3677 5432 etsic

416 5437 975 5492 Κωνσταντινουπόλει
999 5480 1013 5503 ,
1054 5456 1071 5488 ι
1115 5439 1572 5506 (Ξυηειίιιιιὶιιοιιυιὶ
1608 5437 1810 5504 habita,
1838 5458 1854 5488 ι
1884 5454 1934 5492 se

1912 5440 1976 5492 ed
2084 5450 2165 5493 est
2197 5442 2528 5505 accipienda,
2568 5458 2685 5494 cum
2714 5446 2777 5495 de
2803 5443 3116 5496 Machabacis
3144 5446 3207 5496 sit
3235 5460 3427 5497 sermo.

412 5522 711 5579 perperam.
736 5511 864 5562 Vide
896 5511 1169 5562 Munitum.
1574 5578 1579 5579 γ

2157 5510 2266 5577 (55)
2295 5512 2503 5579 Λόγος.
2541 5529 2558 5560 ι
2610 5509 2878 5576 Verbum,
2915 5532 2931 5563 ι
2961 5513 3012 5566 id
3039 5522 3121 5566 est
3144 5552 3159 5577 ,
3194 5533 3211 5564 ι
3247 5514 3451 5567 Christi
3504 5514 3673 5579 ﬁdes,

486 5577 538 5641 (5'
580 5583 596 5644 )
634 5579 796 5643 Τούς.
833 5580 1100 5649 Chrysan.
1137 5580 1327 5645 codex,
1368 5587 1421 5633 et
1443 5580 1533 5632 Or.
1561 5578 1595 5632 2
1631 5579 1866 5643 addunt,
1912 5580 1976 5632 ἁ-

998 5598 1100 5632 ὶῖιΙΙ.
1137 5580 1327 5645 codex,
1368 5587 1421 5633 et
1443 5580 1533 5632 Or.
1561 5578 1595 5632 2
1631 5579 1866 5643 addunt,
1912 5580 1976 5632 ἁ·
2088 5577 2456 5645 Evangeliuiu.
2501 5598 2516 5630 i

409 5645 583 5723 γίοος,
623 5659 913 5723 Lszuictos.
946 5645 992 5723 i__
1303 5718 1331 5723 __
1428 5719 1440 5723 _
1800 5718 1827 5723 λ

2158 5649 2693 5723 (ὕωγἘῗνῳρζσθη,
2727 5659 2830 5723 etc.
2878 5648 3018 5723 Idem
3064 5650 3220 5704 docet
3249 5651 3383 5722 Aug.
3445 5669 3670 5723 passim

485 5717 597 5787 (5i)
626 5718 683 5787 Tt'
714 5717 798 5779 δέ,
823 5731 926 5771 etc.
962 5718 1124 5786 llegg.
1149 5729 1202 5772 et
1223 5718 1371 5773 Coll).
1393 5719 1591 5787 plures.
1612 5723 1700 5772 Or.
1723 5720 1775 5775 2.
1796 5718 1971 5781 Pass.,
2088 5717 2159 5770 De
2189 5721 2325 5771 civil.
2363 5719 2479 5775 Dei.
2518 5719 2549 5769 Ι.
2589 5735 2642 5783 x,
2668 5734 2714 5773 c.
2740 5718 2828 5780 25,
2859 5721 3061 5773 scilicet
3086 5736 3276 5775 omnes
3303 5717 3535 5779 saucius
3561 5728 3670 5781 sub

409 5783 629 5857 Camb,
655 5785 719 5839 Tt
748 5787 852 5843 δαί.
883 5796 986 5840 etc.
1024 5783 1172 5854 Quod
1215 5791 1291 5842 sic
1313 5783 1530 5857 exponit
1575 5789 1786 5842 Nicelas
1815 5807 1826 5841 :
1860 5789 1972 5842 Οὐκ
2085 5787 2222 5855 lege,
2260 5804 2321 5842 ac
2367 5788 2633 5857 prioribus
2670 5788 2877 5845 saeculis
2904 5789 3102 5846 Christi
3144 5791 3249 5847 (ide
3300 5791 3664 5853 iustificata».

409 5852 550 5917 ἄξιοί
588 5856 689 5909 εἰσι
745 5857 836 5908 τοῦ
890 5852 1297 5925 παρέίπάντων
1346 5852 1621 5925 τίμᾶσοαι,
1660 5859 1729 5920 ὡς
1764 5859 1927 5927 μὰρ-τι

1240 5875 1297 5909 ον
1346 5852 1621 5925 τίμᾶσοαι,
1660 5859 1729 5920 ὡς
1764 5859 1969 5927 pip-rw
2081 5852 2219 5912 Lictu
2246 5852 2460 5913 sanctus
2486 5856 2609 5923 Leo,
2638 5867 2758 5940 etc.-

1989 5976 2037 5988 κε
