3852 6408
412 225 518 290 919

1607 223 1664 280 S.
1706 225 2034 282 GREGORII
2076 226 2432 286 THEOLOGI

3541 223 3643 280 9‘20.

411 348 610 417 quibus
652 346 974 419 epitaphiis?
1011 345 1266 413 Quamvis
1297 344 1444 400 enim
1494 346 1700 410 pulchri
1737 362 1972 417 quoque,

2094 351 2168 401 ιαὶ
2193 349 2266 419 (l)
2285 349 2334 402 οἱ
2351 349 2448 418 τῆς
2471 345 2691 417 μητρὸς,
2726 345 2818 397 καὶ
2838 343 3232 417 παρακλητικοὶ
3251 343 3411 414 πῶτε
3421 359 3532 414 ρον,
3553 345 3639 396 καὶ

418 448 581 506 atque
616 439 749 494 adeo
790 437 1138 508 pulcherrimi
1164 434 1392 490 ﬁliorum
1422 435 1486 490 ad
1537 446 1819 506 tyrannum
1862 453 1978 493 ser-

419 544 610 585 mones
645 529 863 594 fuerint,
897 544 1015 583 cum
1056 529 1250 598 quibus
1302 529 1470 582 aciem
1512 529 1897 594 instruxerunt,
1928 540 1983 584 et

417 621 616 690 quibus
661 629 943 691 tyrannum
975 621 1312 676 conlixerunt
1359 637 1373 673 :
1418 619 1757 690 pulchriores
1805 630 1980 674 tamen

423 714 612 766 matris
642 727 922 766 sermones
954 712 1192 777 fuerunt,
1217 712 1415 780 quibus
1447 726 1542 767 eos
1572 714 1721 782 prius
1746 713 1812 766 ad
1842 727 1985 766 mar—

422 804 617 874 tyrium
635 803 921 857 cobortata
943 813 1043 868 est,
1064 819 1127 856 ac
1147 803 1337 859 deinde
1365 804 1521 859 funus
1546 818 1730 858 eorum
1756 817 1986 858 exorna-

421 897 518 949 vit.
557 895 782 960 Quinam
814 895 976 965 igitur
1009 895 1241 963 filiorum
1266 909 1540 950 sermones
1565 893 1807 949 fuerunt?
1828 893 1987 948 Com-

407 989 643 1041 modum
679 979 822 1042 enim
863 986 1024 1041 fuerit
1064 1002 1157 1043 eos
1202 1002 1416 1057 quoque
1463 988 1616 1042 vobis
1671 1002 1996 1050 commemos

427 1092 570 1141 rarc,
609 1086 666 1130 ut
696 1076 1148 1146 quemadmodum
1183 1078 1519 1143 certaminis,
1566 1077 1640 1131 ita
1679 1093 1987 1133 sermonum

423 1171 611 1233 etiam,
641 1169 733 1238 qui
790 1178 1054 1238 martyres
1086 1171 1335 1235 deceant,
1367 1172 1670 1239 exemplum
1722 1171 1986 1235 habeatis,

423 1261 470 1317 si
507 1261 559 1314 in
595 1260 780 1316 eadem
819 1271 1054 1330 tempora
1108 1261 1428 1317 incideritis.
1470 1262 1575 1316 Alii
1620 1263 1833 1331 quidem
1886 1261 1991 1316 alio

425 1348 692 1403 sermonis
721 1365 917 1419 genere
953 1351 1262 1411 utebantur,
1301 1360 1461 1420 prout
1483 1365 1766 1420 quemque,
1798 1352 1877 1405 vel
1911 1361 1990 1420 ty-

428 1440 583 1492 ranni
612 1440 802 1504 verba,
837 1441 916 1496 vel
967 1441 1329 1509 periculorum
1383 1443 1536 1507 ordo,
1566 1442 1648 1496 vel
1687 1443 1848 1499 animi
1885 1443 1988 1496 ala-

427 1530 590 1593 critas
622 1529 894 1607 armabat.)
920 1533 1206 1596 Caeterum,
1243 1543 1299 1587 ut
1335 1536 1642 1588 summatim
1690 1550 1782 1590 eos
1838 1551 1989 1590 com-

427 1623 652 1692 plectar,
684 1626 819 1681 tales
853 1638 1006 1680 erant
1054 1647 1066 1680 :
1114 1647 1132 1678 ι
1166 1627 1349 1690 Nobis,
1399 1643 1432 1682 o
1457 1629 1744 1690 Antioche,
1793 1629 1994 1683 cazteri-

429 1731 539 1787 que
588 1719 678 1788 qui
707 1719 922 1780 adestis,
977 1719 1093 1774 Rex
1123 1735 1258 1774 unus
1313 1730 1395 1774 est
1453 1719 1614 1782 Deus,
1650 1736 1680 1774 a
1712 1736 1820 1789 quo
1871 1736 1993 1791 pro-

429 1810 593 1863 creati
626 1825 832 1876 sumus,
861 1820 914 1866 et
946 1815 1010 1865 ad
1041 1827 1198 1880 quem
1231 1821 1582 1872 revertemur.
1635 1813 1785 1869 Unus
1832 1813 1996 1882 legis-

428 1897 569 1954 lator
619 1900 852 1971 Moyses,
883 1917 1040 1970 quem
1085 1917 1187 1956 non
1227 1905 1534 1971 prodemus,
1576 1920 1673 1958 nec
1728 1914 1998 1958 contume-

427 1992 494 2048 lia
537 1992 861 2060 alliciemus;
903 2010 1010 2048 non
1068 2009 1164 2063 per
1208 2010 1268 2048 ea
1337 1996 1598 2065 pericula,
1629 2011 1747 2064 quae
1795 1997 1878 2049 vir
1907 1995 1995 2050 ille

421 2082 648 2137 'virturis
677 2099 840 2138 causa
874 2088 1130 2154 suscepit,
1160 2100 1223 2142 ac
1283 2089 1540 2142 miracula
1591 2105 1709 2159 quae
1764 2089 1994 2158 plurima

424 2177 686 2243 patravit,
724 2191 793 2231 ne
830 2178 874 2231 si
905 2177 1042 2230 alius
1095 2179 1308 2248 quidem
1343 2180 1642 2235 Antiochus
1673 2191 1722 2235 te
1764 2181 1996 2235 atrocior

430 2269 585 2322 nobis
620 2269 917 2324 minitetur.
976 2269 1148 2324 Unum
1183 2273 1511 2340 praesidium,
1546 2274 1708 2328 divini
1759 2273 1992 2328 mandati

429 2359 757 2424 observatio,
791 2375 850 2414 ac
885 2376 951 2414 ne
979 2361 1084 2425 lex,
1117 2378 1219 2431 qua
1265 2362 1471 2433 obsepti
1499 2381 1704 2429 sumus,
1738 2367 1990 2433 infringa-

428 2457 536 2502 tur.
569 2447 678 2502 Una
705 2463 865 2516 porro
894 2450 1085 2518 gloria,
1121 2460 1176 2504 ut
1224 2468 1321 2520 pro
1361 2454 1526 2507 tantis
1559 2455 1719 2507 rebus
1773 2455 1994 2521 gloriam

427 2553 638 2592 omnem
667 2549 1094 2594 contemnamus.
1127 2540 1265 2595 Sola:
1288 2543 1518 2609 denique
1534 2559 1662 2612 opes
1687 2555 1740 2598 et
1767 2546 1992 2607 divitiae.

426 2631 568 2684 bona
599 2645 682 2694 ea,
712 2646 831 2701 quae
863 2633 914 2684 in
941 2647 1036 2701 spe
1083 2633 1365 2689 habemus.
1402 2633 1511 2689 Nec
1542 2651 1670 2689 vero
1703 2637 1993 2705 quidquam

430 2722 740 2778 aliudnobis
765 2723 1099 2790 formidabile
1119 2735 1222 2790 est,
1247 2741 1403 2794 quam
1421 2742 1486 2781 ne
1512 2727 1637 2795 quid
1657 2730 1824 2798 magis
1837 2744 1994 2797 quam

429 2811 599 2866 Deum
661 2814 1031 2868 formidemus.
1087 2814 1219 2868 Cum
1262 2815 1346 2868 his
1398 2813 1698 2869 rationibus
1732 2816 1784 2869 in
1826 2816 1995 2871 aciem

429 2905 734 2976 prodimus:
767 2905 850 2960 his
888 2907 1054 2960 armis
1080 2906 1558 2961 instructisumus:
1584 2922 1703 2960 cum
1733 2907 1998 2974 hujusmo—

2084 438 2305 510 ὕστερον
2344 438 2641 504 ἐπιτάφιοι.
2684 435 2838 496 Τίνες
2870 431 2962 488 οὖν
3001 437 3048 488 οἱ
3079 434 3184 487 τῶν
3219 434 3423 486 παίδων
3457 432 3640 499 λόγοι;

2083 530 2260 582 Καλὸν
2292 529 2400 600 γὰρ
2427 528 2498 598 (Ξ)
2525 527 3002 598 ἀπομνημονεῦσαι
3041 527 3136 580 καὶ
3169 525 3372 578 τούτων
3396 525 3548 594 ὑμῖν,
3579 525 3640 576 ἶν’

2084 623 2240 692 ἔχητε
2266 621 2456 684 τύπον,
2481 620 2667 690 ὥσπερ
2697 619 2995 690 ἀθλήσεως,
3020 619 3162 671 οὕτω
3187 619 3280 671 καὶ
3312 617 3490 683 λόγων
3516 633 3646 686 μαρ-

2083 714 2318 784 τυρικῶν
2341 714 2398 766 ὲν
2431 715 2540 776 τοῖς
2569 711 2828 772 τοιούτοις
2863 714 3095 782 καιροῖς.
3133 710 3324 762 Ἀλλου
3354 710 3456 780 μὲν
3483 708 3646 768 ἄλλοι,

2087 808 2178 859 καὶ
2199 806 2271 869 ὡς
2299 806 2526 858 ἕκαστον
2554 807 2602 856 οἱ
2629 803 2722 856 τοῦ
2756 803 3042 868 διώκοντος
3071 803 3241 872 λόγοι,
3274 803 3306 871 ἢ
3338 802 3448 855 τῶν
3478 799 3652 853 κινδύ-

2087 916 2192 954 νων
2217 899 2249 967 ἡ
2286 896 2458 961 τάξις,
2491 895 2523 965 ἢ
2549 895 2644 965 τῆς
2676 893 2853 964 ψυχῆς
2884 893 2944 946 τὸ
2977 893 3256 963 φιλότιμον
3276 890 3515 954 ὥπλιζεν
3538 905 3551 917 ο
3583 889 3650 949 ὡς

2087 990 2130 1052 δ’
2169 985 2260 1042 οὖν
2293 987 2445 1058 τύπῳ
2479 987 2786 1058 περιλαϐεῖν
2821 988 2917 1057 (5),
2947 983 3085 1057 ἦσαν
3104 985 3362 1039 τοιοῦτον
3399 1002 3419 1034 ι
3469 983 3652 1050 Ἡμῖν,

2101 1081 2356 1151 Ἀντίοχε,
2386 1082 2480 1133 καὶ
2504 1081 2702 1142 πάντες
2727 1081 2776 1132 οἱ
2806 1079 3244 1149 περιεστηκότες,
3271 1073 3350 1140 εἷς
3377 1077 3479 1146 μὲν
3507 1073 3654 1142 βασι-

2089 1175 2210 1236 λεὺς
2256 1177 2284 1226 6
2329 1173 2482 1236 Θεὸς,
2515 1175 2644 1244 παρ’
2676 1168 2735 1226 οὗ
2766 1173 3086 1243 γεγόναμεν,
3130 1171 3223 1224 καὶ
3274 1169 3410 1240 πρὸς
3448 1167 3507 1218 ὃν
3537 1167 3654 1217 ἐπι-

2092 1265 2408 1337 στρέψομεν.
2438 1259 2533 1327 Εἷς
2559 1265 2615 1317 δὲ
2635 1265 2928 1335 νομοθέτης
2957 1267 2984 1317 6
3007 1263 3262 1332 Μωῦσῆς,
3288 1262 3345 1312 ὃν
3371 1261 3433 1312 ού
3457 1257 3654 1328 προδῶ

2093 1373 2275 1426 σομεν,
2317 1355 2432 1408 οὐδὲ
2458 1354 2875 1424 κοιθυὸρίσομεν⁶
2915 1355 2973 1407 ού
3007 1353 3082 1424 μὰ
3112 1354 3236 1414 τοὺς
3264 1352 3340 1420 (ό)
3363 1350 3506 1418 ὑπὲρ
3529 1349 3655 1416 ἀρε-

2091 1445 2190 1512 τῆς
2239 1445 2330 1498 τοῦ
2364 1445 2553 1514 ἀνδρὸς
2595 1444 2890 1508 κινδύνους,
2933 1445 3026 1498 καὶ
3069 1443 3136 1496 τὰ
3173 1443 3339 1494 πολλὰ
3381 1440 3656 1510 Θαύματιι,

2092 1535 2198 1588 οὐδ’
2232 1533 2296 1587 ἂν
2340 1536 2470 1605 ἡμῖν
2508 1534 2663 1598 ἄλλος
2699 1536 2965 1604 Ἀντίοχος
3005 1534 3198 1604 ἀπειλῇ
3230 1551 3322 1586 σου
3353 1529 3659 1601 χαλεπώτε-

2101 1645 2207 1698 ρος.
2244 1625 2357 1681 Μία
2376 1627 2433 1678 δὲ
2457 1628 2743 1696 ἀσφάλεια,
2771 1627 2867 1696 τῆς
2905 1625 3123 1694 ἐντολῆς
3149 1627 3182 1695 ἡ
3205 1626 3456 1694 τήρησις,
3486 1621 3584 1674 καὶ
3601 1621 3657 1672 τὸ

2067 1722 2070 1742 "
2100 1719 2174 1790 μὴ
2205 1719 2438 1790 ῥαγῆναι
2469 1719 2560 1771 τὸν
2593 1720 2774 1790 νόμον,
2804 1712 2848 1785 ᾧ
2875 1717 3266 1788 τετειχίσμεθα.
3294 1716 3407 1768 Μία
3429 1714 3484 1767 δὲ
3514 1713 3657 1776 δόξα,

2097 1809 2155 1860 τὸ
2183 1808 2338 1879 δόξης
2371 1810 2586 1881 ἁπάσης
2623 1810 2895 1880 ὑπεριδεῖν
2939 1809 3015 1877 (5)
3057 1809 3150 1861 ἐπὶ
3178 1807 3536 1877 τηλικούτοις.
3571 1805 3658 1865 Εἷς

2095 1899 2150 1952 δὲ
2195 1901 2443 1964 πλοῦτος,
2485 1903 2553 1953 τὰ
2584 1901 2912 1971 ἐλπιζόμενα
2932 1919 2945 1931 ·
2977 1900 3201 1971 φοϐερὸν
3229 1899 3284 1951 δὲ
3311 1898 3486 1956 οὐδὲν,
3535 1896 3566 1965 ἦ
3605 1896 3660 1947 τὸ

2098 1990 2395 2061 φοϐηθῆναί
2427 2009 2479 2044 τι
2506 1991 2610 2061 πρὸ
2641 1990 2797 2043 Θεοῦ.
2830 1989 2986 2044 Μετὰ
3008 1988 3209 2042 τούτων
3243 1986 3661 2058 παρατεταγμέ-

2097 2079 2165 2133 θα
2188 2081 2292 2134 τῶν
2316 2081 2610 2152 λογισμῶν,
2640 2082 2732 2135 καὶ
2757 2081 2926 2144 οὓτως
2951 2079 3270 2150 ιῦπλὶσμεθα
3289 2096 3300 2108 ·
3332 2078 3468 2148 πρὸς
3493 2075 3665 2128 τοιού-

2095 2189 2219 2237 τους
2250 2191 2330 2226 σοι
2359 2174 2574 2236 νεανίας
2603 2175 2631 2226 6
2661 2173 2833 2242 λόγος.
2877 2173 3004 2226 Ἡδὺ
3041 2172 3137 2242 μὲν
3163 2171 3258 2224 καὶ
3287 2173 3314 2223 ὁ
3344 2170 3548 2236 κόσμος
3575 2161 3663 2218 οῦ-

2094 2283 2203 2333 τος,
2239 2267 2331 2320 καὶ
2364 2267 2424 2320 τὸ
2457 2267 2707 2338 πατρῷον
2751 2266 2963 2334 ἔδαφος,
2999 2267 3090 2317 καὶ
3129 2264 3290 2333 φίλοι,
3328 2262 3422 2315 καὶ
3470 2277 3662 2328 συγγε-

2096 2362 2224 2424 νεῖς,
2260 2359 2351 2411 καὶ
2377 2351 2682 2429 ἡλικιῶται,
2710 2358 2803 2410 καὶ
2827 2359 2855 2408 6
2875 2357 2998 2420 ναὸς
3021 2350 3171 2419 οὗτος
3192 2354 3252 2406 τὸ
3279 2354 3421 2424 μέγα
3452 2351 3545 2403 καὶ
3575 2367 3664 2402 πει

2099 2450 2346 2520 ριὸόητον
2411 2450 2610 2519 δνομα,
2675 2449 2767 2502 καὶ⁸
2823 2447 3156 2516 πανηγύρεις
3223 2444 3508 2514 πατρικαὶ,
3572 2443 3664 2493 καὶ

2099 2542 2394 2612 μυστήρια,
2423 2543 2515 2593 καὶ
2539 2542 2715 2594 πάντα
2742 2532 2821 2602 οἷς
2850 2540 3008 2608 ἡμεῖς
3041 2539 3146 2590 τῶν
3176 2537 3348 2590 ἄλλων
3387 2535 3664 2603 διαφέρειν

2098 2632 2375 2704 δοκοῦμεν.
2401 2632 2565 2685 Οὔπω
2587 2633 2642 2684 δὲ
2673 2632 2804 2701 ἡδίω
2834 2630 2988 2694 Θεοῦ,
3030 2631 3120 2682 καὶ
3147 2629 3252 2682 τῶν
3277 2628 3416 2698 ὑπὲρ
3446 2627 3540 2679 τοῦ
3571 2643 3662 2677 κα-

2097 2722 2189 2774 λοῦ
2222 2720 2477 2774 κινδύνων
2499 2738 2511 2750 ·
2549 2721 2622 2790 μὴ
2642 2720 2797 2773 τοῦτο
2836 2722 3078 2793 νομίσῃς.
3104 2719 3321 2789 Κόσμος
3354 2735 3411 2769 τε
3558 2716 3664 2786 γὰρ

2097 2813 2250 2877 ἄλλος
2285 2814 2436 2883 ἡμῖν,
2480 2812 2613 2865 πολὺ
2645 2813 2751 2866 τῶν
2784 2812 3075 2883 ὁρωμένων
3109 2810 3437 2881 ὑψηλότερός
3475 2826 3531 2860 τε
3572 2809 3664 2860 καὶ

2103 2903 2500 2975 μονιμώτερος·
2549 2905 2745 2974 πατρίς
2775 2922 2831 2956 τε
2864 2905 2938 2973 (7)
2976 2907 3007 2974 ἡ
3046 2903 3156 2956 ἄνω
3195 2901 3568 2972 Ἰερουσαλὴμ.
3599 2900 3672 2970 ἣν.

431 2996 483 3048 di
513 2997 804 3064 juvenibus
844 2995 938 3054 tlbi
980 3010 1160 3050 sermo
1190 3010 1254 3049 ac
1291 2996 1565 3064 negotium
1599 3003 1700 3056 est.
1728 2995 1992 3052 Jucundus

2100 2995 2272 3056 οὐδεὶς
2305 2993 2570 3064 Ἀντίοχος
2612 2993 2978 3064 πολιορκήσει,
3013 2992 3133 3044 οὐδὲ
3165 2990 3526 3061 προσδοκήσει
3559 3004 3661 3037 πα-

431 3088 650 3155 quidem
681 3096 734 3140 et
771 3088 952 3144 suavis
989 3087 1073 3141 hic
1117 3088 1348 3142 mundus
1385 3097 1489 3150 est,
1521 3096 1574 3140 et
1615 3088 1849 3157 patrium
1906 3103 1998 3144 so-

431 3181 564 3244 lum,
595 3189 645 3235 et
679 3180 860 3242 amici,
901 3187 953 3232 et
984 3180 1217 3248 cognati,
1266 3188 1319 3233 et
1360 3179 1615 3249 aaquales,
1645 3187 1698 3232 et
1739 3180 1993 3250 templum

433 3273 560 3336 hoc,
587 3270 737 3338 cujus
781 3286 1031 3339 magnum
1078 3286 1140 3325 ac
1179 3271 1389 3325 celebre
1434 3287 1628 3325 nomen
1667 3280 1768 3337 est,
1802 3284 1852 3326 et
1881 3287 1995 3341 pa-

434 3363 533 3416 tria
567 3362 726 3428 festa,
756 3373 810 3417 et
838 3364 1128 3439 mysteria,
1150 3374 1310 3432 atque
1352 3373 1566 3428 caztera,
1595 3363 1752 3433 291
1785 3365 1852 3419 ob
1879 3380 1997 3433 quze

436 3457 691 3508 mortales
749 3469 936 3510 omnes
976 3455 1300 3526 antecellere
1340 3456 1604 3508 videmur.
1633 3453 1832 3508 Verum
1874 3455 1996 3517 ista,

434 3548 543 3601 Deo
588 3547 946 3618 periculisque
1012 3549 1112 3613 iis,
1159 3564 1278 3618 qua;
1328 3564 1425 3618 pro
1475 3549 1671 3602 virtute
1718 3551 2000 3610 adeuntur,

435 3639 843 3708 haudquaquam
885 3639 1132 3694 suaviora
1194 3649 1318 3694 sunt
1363 3657 1375 3693 :
1427 3654 1559 3693 cave
1601 3640 1652 3693 id
1699 3639 1996 3694 existimes.

434 3729 587 3782 Alius
617 3730 758 3783 enim
787 3730 941 3785 nobis
964 3731 1193 3784 mundus
1225 3739 1328 3795 est,
1364 3730 1616 3786 omnibus
1668 3728 1846 3794 rebus,
1882 3745 2002 3800 quae

435 3821 607 3886 oculis
653 3829 966 3886 cernuntur,
1017 3820 1176 3890 longe
1235 3822 1518 3876 sublimior
1567 3837 1630 3874 ac
1673 3821 1998 3876 diuturnior.

2103 3082 2484 3155 ραστήσεσθαι,
2505 3086 2538 3153 ἡ
2565 3084 2806 3153 καρτερὰ
2840 3083 2932 3135 καὶ
2954 3083 3242 3144 ἀνάλωτος.
3275 3080 3568 3148 Συγγένεια
3589 3078 3660 3142 δὲ,

2100 3179 2133 3245 ἡ
2163 3175 2478 3245 ἐμπνευσις,
2507 3176 2600 3227 καὶ
2640 3176 2687 3226 οἱ
2723 3177 2840 3226 κατ’
2871 3173 3066 3245 ἀρετὴν
3102 3171 3468 3242 γεννηθέντες.
3521 3169 3660 3222 Φᾶοι

2101 3268 2178 3331 δὲ,
2214 3267 2508 3340 προφῆται,
2542 3268 2636 3320 καὶ
2679 3267 3030 3340 πατριάρχαι,
3071 3269 3198 3336 παρ’
3240 3259 3314 3317 ὧν
3348 3265 3478 3334 ἡμῖν
3517 3264 3604 3314 καὶ
3637 3262 3662 3311 ό

2101 3360 2269 3423 τύπος
2297 3362 2396 3430 τῆς
2422 3359 2721 3421 εὐσεϐείας.
2759 3357 3072 3411 Ἦλικιῶται
3093 3358 3168 3420 δὲ,
3202 3358 3248 3410 οἱ
3272 3357 3513 3426 σήμερον
3541 3355 3664 3423 ἡμῖν

2105 3454 2629 3522 συγκινδυνεύοντες,
2692 3454 2784 3506 καὶ
2847 3451 2946 3524 τὴν
3006 3451 3298 3523 καρτερταν
3361 3448 3658 3519 ὀμόχρονοι.

2099 3545 2245 3599 Ναοῦ
2281 3546 2356 3609 δὲ,
2380 3547 2605 3616 οὐρανὸς
2630 3545 3222 3617 μεγαλοπρεπέστερος,
3255 3543 3560 3613 πανήγυρις
3587 3537 3660 3600 δὲ,

2100 3637 2347 3706 ἀγγέλων
2404 3637 2724 3709 χοροστασξα
2779 3637 2887 3706 (8)·
2946 3637 3038 3689 καὶ
3101 3636 3397 3706 μυστήριον
3447 3631 3505 3683 ἓν
3571 3629 3662 3698 μὲ-

2100 3748 2191 3798 γα,
2241 3731 2331 3785 καὶ
2381 3731 2656 3800 μέγιστον,
2704 3730 2797 3783 και
2839 3730 2950 3792 τοῖς
3000 3727 3214 3790 πολλοῖς
3254 3723 3589 3794 ἀπόκροτον,
3636 3721 3664 3771 6

2100 3823 2248 3885 Θεὸς,
2276 3823 2408 3892 πρὸς
2432 3822 2489 3874 ὃν
2515 3821 2698 3892 βλέπει
2727 3821 2820 3874 καὶ
2841 3819 2910 3873 τὰ
2938 3821 3061 3890 τῇδε
3093 3821 3385 3890 μυστήρια.

435 3911 616 3966 Patria
668 3921 866 3977 autem,
937 3927 1168 3982 superna
1214 3912 1507 3967 Jerusalem
1534 3915 1602 3978 ⁸ο,
1649 3928 1808 3981 quam
1859 3911 2031 3967 nullus
2067 3911 2366 3968 Antiochus
2420 3913 2766 3983 expugnabit,
2835 3927 2932 3966 nec
2982 3927 3132 3981 spem
3184 3909 3400 3964 habebit
3446 3921 3577 3970 tore,
3609 3913 3663 3954 ut

437 4007 624 4061 ditioni
668 4016 829 4077 atque
873 4007 1098 4078 imperio
1129 4022 1227 4061 suo
1269 4007 1536 4077 subjiciat,
1574 4005 1754 4077 utpOte
1788 4008 1996 4061 firmam
2039 4015 2093 4061 et
2124 4007 2610 4088 inexpugnabilem.
2653 4006 2914 4076 Cognatio
2945 4007 3094 4069 item,
3154 4001 3434 4072 inspiratio
3490 4001 3571 4054 illa
3597 4000 3662 4063 θ’,

437 4111 492 4154 et
544 4100 635 4169 qui
673 4101 965 4155 secundum
1013 4100 1264 4155 virtutem
1316 4101 1578 4170 progeniti
1631 4110 1775 4155 sunt.
1828 4101 2000 4155 Amici
2065 4115 2244 4170 porro,
2299 4103 2568 4170 prophetae
2621 4111 2672 4156 et
2758 4099 3095 4170 patriarchae.
3138 4114 3165 4151 a
3215 4098 3408 4168 quibus
3453 4094 3667 4164 pietatis

436 4193 668 4247 formam
712 4200 766 4246 et
810 4190 1112 4260 exemplum
1183 4190 1506 4259 accepimus.
1558 4189 1813 4260 [Eqnales
1877 4202 2161 4257 praeterea,
2224 4191 2312 4258 qui
2357 4191 2632 4259 nobiscum
2686 4190 2845 4244 hodie
2895 4190 2947 4244 in
2990 4190 3179 4243 iisdem
3231 4186 3487 4258 periculis
3541 4199 3663 4236 ver-

438 4295 650 4350 santur,
679 4293 839 4353 atque
891 4284 944 4338 in
988 4283 1261 4338 doloribus
1300 4284 1566 4337 constanti
1619 4284 1799 4339 animo
1837 4283 2169 4354 perferendis
2234 4285 2666 4352 contemporauei
2735 4292 2880 4340 sunt.
2954 4281 3085 4336 Nam
3112 4281 3255 4351 quod
3289 4281 3354 4333 ad
3390 4281 3492 4333 hoc
3523 4288 3665 4331 tem-

434 4379 580 4447 plum
611 4379 822 4443 attinel,
854 4377 1049 4433 malum
1082 4376 1237 4445 longe
1266 4376 1694 4445 magnificentius
1732 4386 1832 4431 est.
1881 4375 1998 4431 Jam
2040 4392 2166 4430 vero
2206 4378 2358 4431 nobis
2389 4392 2485 4447 pro
2517 4377 2653 4434 festo
2681 4387 2736 4430 et
2765 4375 3100 4437 celebritate,
3157 4371 3466 4441 angelorum
3530 4369 3656 4421 cbo-

438 4485 534 4524 rus
563 4479 646 4524 est
694 4487 707 4522 :
749 4485 810 4523 ac
853 4477 1124 4538 postremo
1171 4469 1483 4544 mysterium
1532 4484 1699 4522 unum
1751 4485 2001 4537 maguum
2045 4479 2207 4539 atque
2239 4469 2372 4523 adeo
2403 4471 2692 4523 maximum
2745 4483 2808 4524 ac
2875 4467 3157 4538 plerisque.
3190 4475 3388 4520 tectum
3418 4472 3471 4518 et
3518 4462 3666 4514 inco-

436 4563 662 4634 gnitum,
700 4565 812 4633 ipse
857 4563 1017 4628 Deus,
1068 4550 1348 4646 ad‘q'uem
1393 4561 1552 4630 hujus
1603 4577 1823 4645 quoque
1885 4565 2007 4618 vita:
2043 4575 2243 4619 nostra:
2271 4565 2522 4635 mysteria
2563 4566 2885 4619 referuntur.

507 4657 594 4712 Vl.
641 4677 660 4709 ι
691 4656 952 4724 Quocirca
987 4673 1075 4713 res
1099 4639 1294 4726 parvas
1325 4639 1638 4727 nulliusque
1660 4660 1815 4725 pretii
1843 4659 1992 4714 nobis

2175 4660 2244 4713 Σ’.
2288 4677 2306 4710 ι
2346 4659 2556 4712 Παῦσαι
2612 4660 2788 4713 τοίνυν
2840 4656 3260 4728 ὑπισχνούμενος
3308 4653 3438 4722 ἡμῖν
3490 4649 3563 4720 (9)
3603 4646 3668 4700 τὰ

435 4748 677 4819 polliceri
707 4750 907 4808 desine.
934 4750 1048 4804 Nec
1071 4749 1215 4804 enim
1245 4749 1494 4817 turpibus
1528 4759 1580 4802 et
1623 4749 1992 4819 ignominiosis

2105 4752 2294 4822 μικρὰ,
2313 4752 2406 4805 καὶ
2427 4753 2519 4805 τοῦ
2551 4752 2775 4823 μηδενὸς
2800 4752 2942 4816 ἄξια.
2959 4752 3032 4804 Ού
3059 4749 3166 4819 γὰρ
3191 4743 3529 4818 τιμησόμεθα
3555 4743 3669 4802 τῶς

438 4839 735 4914 honoribus
764 4836 900 4892 aﬂici
935 4837 1343 4901 sustinebimus,
1386 4851 1483 4892 nec
1515 4853 1634 4892 cum
1668 4839 1992 4909 detrimento

2101 4843 2349 4915 ἀτίμοις,
2413 4845 2532 4898 οὐδὲ
2589 4843 2953 4916 κερδανοῦμεν
3002 4840 3302 4911 ἐπιζήμια·
3356 4839 3452 4908 οὐχ
3494 4836 3670 4896 οὕτως

507 4997 551 5028 ⁵⁹
584 4992 756 5050 Galat.
789 5008 863 5058 tv,
893 4992 979 5048 26.
1055 4992 1099 5022 ⁸ο
1133 4990 1266 5061 Gen.
1301 5005 1361 5054 ιι,
1387 4991 1437 5044 7-.

510 5155 586 5224 (Ι)
609 5154 741 5224 Καίι
769 5153 859 5224 Sic
887 5161 1000 5224 tres
1028 5149 1159 5220 Reg.
1193 5149 1365 5224 et__(_)r.
1393 5149 1446 5202 2.
1489 5150 1646 5204 Deest
1679 5150 1728 5203 in
1770 5150 1858 5204 ed.

2182 5151 2257 5224 (ξ)
2293 5149 2640 5224 Ὺπεριδεῖν.
2671 5148 2803 5218 Reg.
2837 5147 3214 5224 (1,-ῥπερορᾷν.

509 5217 586 5296 (2)
625 5222 769 5296 Γάρ.
799 5217 1358 5296 Deestin‘njmnlillis.
1621 5289 1641 5296 _
1794 5289 1806 5296 _
2180 5217 2255 5296 (ﬁ)
2298 5217 2585 5296 TenDeest
2622 5217 2998 5296 in-nonnullis.

507 5287 584 5362 (3)
615 5287 783 5360 Τύπῳ
813 5291 1165 5360 περιλαϐεῖν.
1203 5289 1383 5343 Dillius
1419 5310 1433 5346 :
1483 5309 1499 5340 ι
1528 5299 1585 5342 ιιι
1617 5289 1839 5356 formula
1869 5305 1992 5360 qua-

2177 5287 2253 5362 (7)
2283 5296 2367 5347 Τε.
2398 5292 2452 5344 In
2475 5289 2816 5362 quibusdam,
2855 5287 2935 5362 δέ.

2237 5152 2257 5355 ξ

441 5354 682 5420 ι1;ιιιιἐοε
713 5354 1056 5432 complectar.
1082 5379 1100 5412 ι
1265 5429 1304 5432 __
1657 5354 1659 5356 ’
1787 5430 1795 5432 4
1875 5354 1902 5432 μ’
2285 5354 2679 5432 Χοροσὲασία.
2711 5356 2941 5432 Βεεηὸζ
2958 5354 3320 5432 χορρστοισῐαι.

513 5433 588 5500 (4)
631 5436 712 5486 Οὺ
736 5432 820 5502 μὰ
838 5419 1012 5495 ’τούς,
1038 5439 1177 5503 etc.”
1217 5429 1392 5503 gNon
1433 5445 1546 5503 νει*Δ
1569 5444 1638 5503 ea_
1689 5429 1944 5503 pericula.
1974 5449 1992 5480 ι

2177 5419 2251 5501 (9)
2292 5419 2992 5503 ’Υὲτισχνούμενοςνήμῖιλῖ
3017 5419 3300 5503 _'_S_i_c_Reg.
3336 5439 3386 5484 a,
3415 5437 3461 5487 ι’,
3582 5419 3673 5474 0r.

445 5494 674 5556 llch'est
708 5494 1186 5571 q'medamjurandi
1211 5494 1456 5554 l‘nrmula.
1495 5499 1584 5553 Sic
1617 5494 1834 5566 Joseph,
1861 5499 1992 5552 Gen.

2102 5494 2192 5555 2.‘
2233 5494 2392 5559 Deest
2456 5494 2687 5571 ἡμῖν,’ἱη
2751 5494 2949 5570 multis.
3016 5495 3177 5568 Edili,
3253 5494 3676 5563 ὑπισχνούμενος

446 5587 578 5643 ξιιι,
609 5572 693 5637 15,
727 5569 755 5623 ίι
783 5586 878 5643 per
909 5573 1130 5624 salutem
1168 5569 1459 5643 Pharaonis
1523 5585 1624 5622 non
1656 5570 1992 5640 cgrcdiemini

2105 5574 2137 5642 ἡ
2149 5573 2252 5643 μῖν.

446 5641 571 5706 huic
705 5642 1067 5712 exploratores
1111 5640 1295 5693 estis.)
