3852 6408
555 272 658 328 927

1786 268 1844 323 5.
1887 268 2118 324 GREGO

2255 268 2600 328 THEOLOGI
3673 277 3761 333 923

558 385 928 442 sacratissima
986 382 1174 438 elTecta
1232 396 1374 440 sum.
1446 381 1589 437 Nihil
1649 383 1847 437 mundo
1908 383 2118 453 reliqui,

2231 384 2602 456 παραδέδωκα,
2639 383 2726 436 τὸν
2770 382 2900 454 ἐμὸν
2935 383 3221 455 θησαυρὸν,
3251 383 3347 447 τὰς
3389 384 3524 453 ἐμὰς
3555 394 3760 456 γηροκό-

557 478 737 531 omnia
768 475 874 530 Deo
911 474 1124 538 tradidi,
1159 472 1469 527 thesaurum
1497 489 1695 538 meum,
1723 489 1843 544 spes
1876 485 2121 530 senectu-

559 571 629 621 tis
669 583 799 622 meae
847 566 1083 620 altrices.
1135 567 1302 631 Quam
1350 567 1630 633 magnifice
1672 565 1930 619 honorata
1962 567 2115 620 sum!

559 655 727 720 Quam
769 653 1096 707 excellenter
1126 663 1374 707 senectus
1412 668 1527 706 mea
1579 655 1789 706 exculta
1838 664 1890 708 et
1937 666 2118 709 curata

555 745 675 799 est!
712 744 894 798 llabeo
923 744 1255 796 educationis
1285 754 1471 797 vestrae
1508 745 1745 812 pnemia,
1786 760 1818 799 ο
1848 745 1970 799 lilii!
2017 744 2120 800 Vos

556 851 744 890 omnes
790 835 1006 888 virtutis
1053 850 1210 888 causa
1259 839 1598 889 decertantes
1627 837 1762 900 vidi,
1812 853 1905 891 vos
1932 853 2121 893 omnes

555 927 790 980 victores
830 930 1034 992 aspexi.
1069 928 1388 990 Carnifices,
1442 929 1584 981 velut
1613 927 2004 992 benefactores,
2035 930 2118 982 in-

559 1024 744 1078 tueor;
792 1015 1030 1082 nihilque
1066 1019 1285 1085 propius
1337 1017 1416 1081 ﬁt,
1463 1033 1620 1086 quam
1673 1028 1730 1072 ut
1770 1019 1870 1073 hoc
1905 1021 2120 1074 nomine

558 1115 789 1175 tyranno
831 1110 1033 1176 gratias
1069 1109 1326 1174 habeam,
1375 1111 1513 1176 quod
1557 1111 1696 1164 hunc
1739 1112 2118 1179 suppliciorum

557 1200 799 1252 ordinem
873 1201 1142 1263 tenuerit,
1217 1212 1274 1253 ut
1330 1219 1411 1254 me
1470 1203 1708 1255 ultimam
1765 1205 1829 1256 ad
1885 1204 2117 1272 pericula

557 1292 883 1355 reservarit;
935 1307 1061 1360 quo,
1111 1301 1456 1359 posteaquam
1504 1304 1714 1361 partum
1759 1309 1934 1347 meum
1972 1296 2120 1363 prius

557 1383 816 1449 spectavi,
843 1396 1005 1452 atque
1033 1385 1084 1436 in
1115 1401 1434 1462 unoquoque
1468 1387 1695 1440 ﬁliorum
1728 1389 2012 1452 dimicavi,
2043 1389 2120 1442 sic

556 1467 770 1522 demum
843 1488 963 1524 cum
1005 1474 1238 1542 perfecta
1309 1478 1598 1530 securitate
1672 1486 1793 1545 post
1858 1477 2120 1546 perfectas

560 1561 807 1614 victimas
851 1565 973 1616 hinc
1011 1567 1289 1619 excedam.
1347 1567 1460 1619 Non
1510 1582 1720 1620 comam
1770 1569 1930 1638 295
1977 1570 2120 1622 avel-

557 1649 687 1715 lam,
747 1669 849 1706 non
902 1664 1077 1708 vestes
1128 1658 1393 1720 scindam,
1453 1673 1558 1710 non
1615 1673 1807 1712 carnes
1858 1662 2119 1727 unguibus

2225 493 2360 545 μους
2408 475 2644 539 ἐλπίδας.
2710 475 2797 540 Ὠς
2855 475 3284 546 μεγαλοπρεπῶς
3333 476 3649 546 τετίμημαιῑ
3700 481 3759 544 ὡς

2223 566 2666 637 ὑπερϐαλλόντως
2691 567 3037 638 γεγηροκόμη
3047 584 3142 635 μαι
3166 566 3276 635 (50)
3303 569 3315 619 !
3353 567 3560 637 Ἀπέχω
3577 569 3640 621 τὰ
3658 587 3759 641 τρο-

2221 659 2368 725 φεῖα,
2401 651 2444 710 ὧ
2489 658 2694 721 παῖδες.
2747 654 2899 710 Εἶδον
2937 659 3076 728 ὑπὲρ
3119 659 3320 728 ἀρετῆς
3362 659 3760 726 ἀγωνιζομένους

2223 748 2252 799 ὑ
2263 749 2390 816 μᾶς,
2417 749 2625 812 πάντας
2661 749 2983 817 στεφανίτας
3015 749 3345 819 ἐθεασάμην.
3385 751 3473 812 Ὠς
3503 752 3759 822 εὐεργέτας

2219 838 2330 909 ὁρῶ
2355 840 2480 902 τοὺς
2514 841 2839 909 βασανιστάς
2860 857 2872 869 ·
2915 839 3110 910 μικροῦ
3139 841 3231 893 καὶ
3259 839 3335 909 τῷ
3362 842 3605 911 nipin
3633 845 3762 913 χάρι-

2218 944 2318 990 τας
2347 927 2589 998 ὁμολογῶ
2611 929 2710 998 τῆς
2729 929 2950 992 τάξεως,
2981 929 3062 980 ὅτι
3105 945 3168 998 με
3206 927 3518 982 τελευταίαν
3549 933 3763 1001 ὲταμιεύο

2222 1034 2351 1069 σατο
2397 1021 2508 1082 τοῖς
2552 1019 2842 1081 κινδύνοις·
2885 1020 2970 1070 ἵνα
3016 1019 3106 1070 τὸν
3154 1018 3282 1087 ἐμὸν
3327 1019 3484 1070 τόκον
3529 1021 3762 1090 πρότεφν

2221 1107 2552 1178 θεατρίσασα
2585 1109 2717 1180 (51).
2749 1111 2840 1162 καὶ
2861 1110 2980 1162 καθ’
3009 1109 3233 1163 ἕκαστον
3261 1109 3366 1160 τῶν
3401 1111 3604 1161 παίῖων
3627 1111 3764 1182 ἀθλή-

2223 1216 2399 1263 σασα,
2450 1199 2621 1263 οὕτως
2672 1200 2958 1253 ἐπαπέλθω
3013 1201 3108 1253 σὺν
3152 1200 3422 1270 ἀσψαλείᾳ
3469 1202 3646 1270 τελεία
3690 1221 3761 1255 τε-

2219 1291 2384 1354 λείοις
2412 1291 2666 1361 θύμασιν.
2697 1293 2770 1345 Οὐ
2808 1289 3164 1362 ’σπαράξομαι
3195 1293 3392 1362 κόμην,
3423 1293 3483 1344 οὐ
3519 1293 3764 1362 διαρῤἦξω

2220 1385 2441 1456 χιτῶνα,
2475 1385 2534 1436 οὐ
2570 1383 2712 1450 ξανῶ
2747 1384 2950 1455 σάρκας
2989 1383 3185 1448 ὄνυξιν,
3231 1384 3330 1436 οὐκ
3363 1383 3546 1453 ἐγερῶ
3576 1384 3762 1453 θρῆνον,

2220 1476 2280 1527 οὺ
2337 1473 2550 1526 καλέσω
2599 1472 2696 1535 τὰς
2755 1471 3174 1543 συνθρηνούσας.
3229 1473 3287 1523 οὑ
3355 1471 3656 1538 συγκλείσω
3702 1478 3764 1537 εἰς

2225 1563 2411 1626 σκότος
2435 1564 2567 1630 (ἓιὲ),
2602 1563 2688 1614 ἴνα
2723 1563 2814 1614 καὶ
2849 1563 2956 1632 ἀὴρ
3005 1561 3349 1634 συνθρηνὴσῃ
3391 1579 3504 1632 μοι,
3535 1565 3632 1614 οὐκ
3662 1565 3765 1615 ἁνα-

2225 1653 2367 1724 μενῶ
2402 1653 2842 1725 παρακλήτορας,
2877 1654 2976 1704 οὐκ
3020 1653 3182 1723 ἄρτον
3233 1651 3497 1721 πένθιμον
3543 1654 3764 1724 παραθή-

558 1742 827 1808 lacerabo,
859 1763 962 1799 non
994 1746 1190 1800 luctum
1247 1749 1518 1812 excitabo,
1562 1765 1666 1803 non
1715 1753 1891 1806 luctus
1945 1755 2118 1810 socias

2231 1761 2413 1813 σομαι.
2459 1742 2642 1796 Ταῦτα
2691 1743 2798 1813 γὰρ
2846 1742 2953 1794 τῶν
2987 1741 3224 1809 ἀγεννῶν
3250 1742 3359 1811 (55)
3416 1741 3680 1811 μητέρων,
3721 1744 3764 1795 αῖ

555 1849 858 1901 accersam,
889 1853 988 1891 non
1024 1841 1274 1892 tenebras
1311 1841 1644 1916 conchulam.
1688 1852 1744 1896 ut
1771 1844 1883 1910 ipse
1908 1859 2121 1912 quoque

555 1941 648 1980 aer
693 1944 900 1982 mecum
956 1930 1168 1999 lugeat,
1205 1948 1307 1984 non
1365 1935 1730 1989 consolatores
1773 1938 2118 2003 exspectabo,

554 2035 660 2072 non
693 2018 964 2085 lugubrem
995 2037 1186 2090 panem
1217 2038 1500 2090 apponam.
1548 2025 1668 2081 llaec
1713 2028 1856 2080 enim
1893 2027 2118 2097 ignavis,

555 2112 856 2178 abjeclique
885 2112 1048 2164 animi
1089 2115 1348 2167 matribus
1379 2118 1743 2181 conveniunt,
1784 2133 1900 2187 quae
1941 2118 2119 2172 carnis

553 2202 809 2256 duntaxat
840 2214 1040 2258 matres
1079 2214 1224 2269 Sunt,
1249 2207 1447 2274 quibus
1480 2209 1568 2262 lilii
1607 2210 1722 2263 sine
1769 2211 1870 2263 ulla
1914 2225 1970 2264 re
2011 2225 2120 2264 me-

553 2305 761 2346 moratu
793 2294 952 2362 digna
990 2296 1279 2352 intereunt.
1311 2299 1436 2352 Mihi
1474 2315 1619 2365 vero,
1661 2302 1963 2354 charissimi
1999 2302 2114 2366 filii,

554 2384 964 2454 haudquaquam
1006 2389 1198 2441 mortui
1237 2400 1290 2443 et
1327 2393 1583 2445 exs‘tincti
1614 2433 1628 2455 ,
1668 2394 1758 2446 sed
1810 2397 1917 2446 Deo
1955 2392 2117 2448 oblati

553 2478 682 2526 estis
712 2491 725 2526 :
758 2490 857 2527 nec
885 2475 1177 2540 defecistis,
1217 2479 1309 2531 sed
1355 2481 1458 2531 alio
1488 2482 1760 2550 migrastis
1792 2501 1804 2534 :
1843 2498 1940 2535 nec
1980 2483 2119 2537 lace-

554 2563 679 2623 rati,
731 2566 822 2616 sed
851 2571 1113 2634 cmnpacti
1150 2581 1201 2624 et
1235 2574 1592 2639 coagmentati
1634 2573 1785 2626 estis.
1843 2573 1955 2626 Non
2005 2575 2117 2628 fera

556 2666 652 2704 vos
681 2655 876 2721 rapuit,
905 2671 1010 2708 non
1049 2657 1240 2710 fluctus
1280 2661 1479 2719 obruit,
1534 2677 1635 2712 non
1673 2662 1806 2714 latro
1834 2661 2114 2732 jngnlavit,

558 2757 662 2794 non
709 2745 926 2799 morbus
956 2752 1242 2816 oppressit,
1290 2765 1392 2802 non
1424 2751 1502 2802 vis
1540 2751 1682 2814 belli,
1743 2767 1846 2806 non
1895 2754 2120 2820 denique

555 2848 733 2887 rerum
766 2833 1282 2906 humanarumaliud
1321 2841 1611 2908 quidquam
1647 2841 1725 2892 vel
1761 2857 1982 2910 parvum
2021 2843 2107 2896 vel

557 2940 804 2992 Magnum
867 2929 1100 2982 sustulit.
1163 2929 1221 2983 In
1279 2932 1527 2985 I'naxiinis
1585 2933 1832 3000 equidem
1886 2934 2117 2988 luctibus

557 3017 798 3082 fuissem,
825 3019 868 3071 si
901 3021 1026 3087 quid
1061 3022 1251 3075 hortnn
1287 3024 1438 3077 vobis
1473 3025 1778 3078 accidisset.
1811 3025 1944 3079 Tum
1992 3041 2118 3079 vero

556 3107 924 3177 lacrymando,
966 3123 1021 3164 ut
1052 3129 1192 3166 lllltlc
1244 3113 1512 3183 lacrymas
1544 3117 1964 3184 comprimendo,
2003 3135 2118 3170 ma-

557 3201 695 3253 terni
741 3203 942 3256 amoris
983 3205 1252 3268 specimen
1300 3207 1609 3260 edidissem.
1656 3208 1761 3262 Sed
1810 3211 1918 3263 ba-c
1949 3211 2121 3263 adhuc

554 3302 737 3358 parva.
794 3288 930 3344 Vere
963 3293 1125 3361 igitur
1161 3295 1330 3349 vicem
1371 3307 1602 3350 vestram
1638 3299 2022 3367 deplorassem,
2075 3303 2120 3355 si

555 3380 694 3432 male
734 3385 954 3446 servati,
996 3384 1038 3438 si
1075 3388 1358 3441 tormentis
1392 3388 1545 3442 fracti
1577 3390 1836 3454 fuissetis,
1889 3393 1932 3446 si
1961 3407 2118 3460 quem

555 3482 790 3526 vestrum
827 3488 1205 3544 persecutores
1255 3490 1621 3548 superassent,
1669 3485 2119 3550 quemadmodum

556 3563 655 3630 ipsi
685 3569 917 3634 superati
945 3578 1089 3623 sunt.
1128 3569 1198 3622 At
1225 3586 1389 3636 nunc,
1427 3587 1546 3640 qua:
1577 3574 1729 3626 vobis
1752 3575 2121 3644 contigerunt,

552 3653 816 3723 ejusmodi
867 3668 1007 3724 sunt,
1047 3669 1105 3713 ut
1136 3660 1340 3728 Iaudes,
1373 3664 1648 3731 gaudium,
1682 3665 1906 3733 gloriam
1929 3705 1943 3729 ,
1997 3666 2124 3719 cho-

554 3758 697 3810 reas,
739 3761 801 3799 ac
857 3747 1090 3800 laetitiam
1146 3764 1358 3804 omnem
1415 3761 1468 3806 et
1509 3753 1834 3808 hilaritatem
1889 3756 1974 3821 iis,
2033 3756 2121 3825 qui

554 3839 874 3905 superstites
919 3841 1088 3895 relicti
1139 3841 1369 3908 fuerint,
1418 3845 1657 3897 excitare
1705 3845 1952 3899 debeant.
1988 3845 2123 3899 Nam

556 3927 669 3993 ipSa
710 3937 830 3992 post
863 3943 957 3982 vos
986 3929 1209 3983 delibor.
1247 3929 1366 3984 Jam
1410 3947 1528 3984 cum
1575 3931 1806 3987 Phinees
1835 3935 2124 3988 collocabi-

556 4034 676 4070 mm
709 4020 774 4084 θ’,
805 4034 926 4072 cum
959 4020 1110 4072 Anna
1139 4021 1535 4075 celebrabimur
1561 4024 1606 4055 '°
1637 4043 1650 4078 :
1681 4025 1780 4078 nisi
1811 4026 2036 4079 fortasse
2061 4041 2125 4080 eo

553 4109 718 4162 etiam
755 4111 948 4178 magis,
980 4112 1120 4177 quod
1153 4111 1243 4165 ille
1277 4128 1414 4164 unus
1443 4124 1591 4176 erat;
1631 4130 1725 4167 vos
1755 4125 1941 4168 contra
1971 4116 2123 4169 multi

551 4201 668 4264 zelo
721 4201 925 4269 praediti
980 4204 1134 4268 estis,
1190 4218 1253 4256 ac
1311 4215 1671 4258 scortatorum
1725 4206 2122 4269 interfectores,

555 4309 658 4348 non
692 4301 1003 4362 corporum,
1051 4295 1143 4347 sed
1175 4295 1474 4348 animarum
1527 4300 1910 4351 scortationem
1949 4298 2126 4366 gladio

2229 1835 2444 1905 σαρκῶν
2505 1836 2661 1905 μόνον
2711 1835 2816 1886 εἰσὶ
2871 1835 3124 1904 μητέρες,
3175 1828 3262 1896 αἷς
3316 1834 3558 1903 οἴχονται
3609 1835 3763 1898 παῖδες

2227 1927 2352 1982 ἄνευ
2375 1926 2482 1997 (54)
2500 1926 2696 1997 σεμνοῦ
2713 1943 2855 1990 τινος
2873 1927 3226 1996 διηγήματος.
3263 1925 3418 1995 Ἐμοὶ
3442 1925 3498 1977 δὲ
3525 1928 3585 1978 οὐ
3611 1926 3764 1997 136%.-

2227 2036 2379 2080 κατε,
2418 2020 2659 2088 φίλτατοι
2706 2017 2930 2078 παίδων,
2972 2016 3088 2068 ἀλλ’
3135 2017 3658 2086 ὲκαρποφορήθητεο
3689 2021 3765 2070 οὐκ

2226 2110 2594 2172 ὲκλελοίπατε,
2641 2109 2775 2162 ἀλλὰ
2832 2107 3259 2178 μετεληλύθατε·
3309 2108 3369 2159 οὺ
3406 2108 3765 2179 κατεξάνθητε,

2226 2198 2360 2251 ἀλλὰ
2398 2199 2736 2267 συνεπαγητε
2758 2214 2770 2227 ·
2806 2199 2865 2249 οὐ
2896 2197 3081 2268 θηρίον
3107 2198 3351 2267 ἥρπασεν
3373 2199 3544 2266 ὑμᾶς,
3567 2199 3623 2250 οὐ
3644 2199 3768 2267 acip:

2226 2287 2520 2340 ἐπέκλυσεν
2544 2288 2675 2359 (55),
2717 2288 2776 2340 οὐ
2820 2287 3022 2358 λῃστὴς
3055 2286 3378 2358 διέφθειρεν,
3416 2288 3480 2339 οὐ
3540 2288 3680 2351 νόσος
3705 2289 3766 2341 δε-

2226 2379 2436 2443 ἐλυσεν,
2469 2380 2528 2432 οὐ
2562 2380 2796 2449 πόλεμος
2839 2379 3247 2450 παρανάλωσεν,
3283 2381 3384 2431 οὐκ
3427 2379 3560 2432 ἄλλο
3590 2380 3766 2447 οὐδὲνῆ

2230 2470 2478 2541 μικρὸνῆ
2514 2471 2695 2538 μεῖζον
2729 2470 2833 2522 τῶν
2866 2469 3238 2538 ἀνθρωπίνων.
3271 2469 3582 2538 Ἐθρήνησα
3613 2468 3670 2520 ἂν
3694 2471 3766 2519 7.x".

2229 2559 2373 2630 μάλα
2419 2559 2682 2630 σφοδρῶς,
2734 2560 2788 2612 εἴ
2835 2575 2886 2610 τι
2925 2559 3127 2611 τούτων
3161 2560 3287 2629 ὑμῖν
3332 2560 3626 2611 συνέπεσεν
3656 2563 3762 2627 (ἕεις).

2239 2651 2469 2720 Ἐφάνην
2508 2650 2572 2703 ἂν
2601 2651 2719 2703 τότε
2768 2652 2876 2709 τοῖς
2923 2651 3202 2720 δάκρυσιν,
3249 2651 3324 2714 ὡς
3357 2651 3450 2704 νῦν
3498 2650 3576 2720 τῷ
3606 2653 3672 2721 μὴ
3693 2651 3768 2702 δα-

2226 2743 2444 2814 κρῦσαι,
2478 2742 2756 2812 φιλότεκνο
2768 2760 2809 2804 ς.
2835 2743 2953 2794 Ἔτι
2971 2744 3062 2794 καὶ
3081 2742 3248 2795 ταῦτα
3276 2744 3466 2813 μικρά,
3507 2745 3699 2804 Ὄντως
3721 2744 3768 2794 iv

2227 2835 2369 2904 ὑμᾶς
2409 2834 2855 2904 ἀπεκλαυσάμην,
2885 2836 2932 2886 εί
2960 2833 3143 2896 κακῶς
3176 2833 3436 2904 ἐσώθητε,
3484 2836 3535 2886 εξ
3569 2835 3667 2885 τῶν
3691 2832 3766 2902 βα-

2229 2927 2403 2979 σάνων
2442 2926 2861 2996 ἠττήθητε(57),
2898 2925 2950 2977 εί
2994 2943 3136 2988 τινος
3171 2926 3322 2995 ὑμῶν
3357 2927 3682 2997 ἐκράτησαν,
3709 2927 3768 2988 ὡς

2227 3017 2537 3087 ἡττήθησαν
2575 3015 2668 3068 νῦν
2717 3018 2766 3069 οἱ
2816 3016 3120 3079 διώκοντες.
3158 3017 3239 3068 Τὰ
3279 3016 3336 3069 δὲ
3379 3015 3498 3082 νῦν,
3539 3018 3766 3086 εὐφημία,

2223 3108 2386 3179 χαρὰ,
2431 3105 2576 3171 δόξα,
2623 3108 2990 3179 χοροστασίαι,
3038 3107 3390 3178 φαιδρότητες
3433 3111 3552 3169 τοῖς
3587 3107 3769 3158 ὑπολει-

2223 3196 2448 3265 φθεῖσιν.
2495 3195 2634 3265 Ἐγὼ
2666 3196 2773 3267 γὰρ
2807 3198 2932 3268 ὑμῖν
2978 3198 3388 3268 ὲπισπένδομαι.
3428 3199 3588 3251 Μετὰ
3616 3199 3768 3259 Φινεὲς

2221 3287 2638 3356 ταχθησόμεθα,
2695 3288 2832 3358 μετὰ
2882 3290 3082 3359 Ἀννης
3129 3288 3595 3358 δοξασθησὸμεθα.
3650 3289 3767 3357 Πλὴν

2223 3380 2343 3432 ὅσον
2373 3381 2400 3431 ὁ
2433 3381 2530 3450 μὲν
2564 3374 2661 3444 εἷς,
2698 3380 2853 3449 ὑμεῖς
2877 3380 2987 3450 (58)
3023 3380 3078 3433 δὲ
3118 3380 3359 3433 τοσοῦτοι
3391 3380 3629 3451 ζηλωταὶ
3659 3396 3767 3448 πορ-

2225 3470 2478 3535 νοκτόνοι,
2511 3471 2568 3523 οὐ
2603 3470 2868 3541 σωμάτων
2905 3471 3182 3542 πορνείαν,
3217 3470 3351 3524 ἀλλὰ
3380 3471 3573 3541 ψυχῶν
3605 3473 3767 3539 ἐγκενο

2222 3563 2486 3632 τήσαντες
2513 3563 2641 3633 (59).
2681 3564 2848 3635 Καὶὴ
2907 3563 3026 3635 μὲν,
3075 3564 3169 3616 ἕνα
3199 3563 3498 3625 θεόσδοτον,
3545 3561 3769 3632 ἀρτιγενῆ

2225 3654 2317 3707 καὶ
2347 3655 2532 3708 τοῦτον
2553 3673 2564 3685 ·
2602 3655 2710 3724 ἐγὼ
2744 3655 2799 3708 δὲ
2830 3656 3027 3723 ἄνδρας
3072 3654 3229 3717 ἑπτὰ,
3262 3654 3357 3707 καὶ
3392 3654 3617 3716 τούτους
3645 3654 3769 3706 ἐκόν-

2224 3764 2321 3810 τας
2358 3746 2474 3817 Θεῷ
2516 3747 2846 3820 καθιέρωσα.
2891 3746 3302 3818 Συμπληρούτω
3349 3763 3440 3816 μοι
3498 3746 3589 3797 καὶ
3633 3746 3768 3812 Ἱερε-

2229 3837 2356 3908 μίας
2390 3839 2480 3891 τδν
2514 3839 2820 3907 ἐπιτάφιον,
2870 3838 2930 3890 οὑ
2975 3836 3207 3909 θρηνῶν,
3243 3836 3356 3888 ἀλλ’
3402 3836 3660 3905 εὐφημῶν
3680 3835 3768 3902 (60)

2224 3929 2478 4000 τελευτὴν
2513 3929 2684 3982 ὁσίαν.
2731 3927 2900 3999 Ὑπὲρ
2950 3927 3103 3997 χιόνα
3140 3927 3440 3996 ἑλάμψατε,
3481 3928 3620 3997 ὑπὲρ
3657 3925 3770 3992 γάλα

2227 4019 2556 4091 ἐτυρώθητε,
2607 4018 2746 4088 ὑπὲρ
2778 4017 2924 4070 λίθον
2965 4018 3391 4087 σάπφειρον(61)
3423 4019 3486 4070 τὸ
3520 4017 3770 4085 σύνταγμα

2227 4113 2398 4183 ὑμῶν,
2424 4111 2541 4183 Θεῷ
2580 4112 2673 4164 καὶ
2705 4111 3115 4182 γεγεννημένων
3139 4111 3232 4164 κα)⁵
3254 4109 3576 4180 δεδομένων.
3600 4110 3659 4161 Τί
3678 4108 3768 4170 En;

2226 4204 2485 4275 Πρόσθες,
2525 4197 2568 4255 ὦ
2604 4202 2854 4274 τύραννε,
2890 4203 3035 4272 κάμὲ
3084 4205 3196 4266 τοῖς
3233 4202 3444 4264 παισὶν,
3491 4200 3547 4254 εἴ
3587 4217 3665 4260 τις
3697 4200 3771 4250 καὶ

2227 4293 2356 4364 παρ’
2388 4292 2596 4363 ἐχθρῶν
2629 4294 2810 4364 χάρις,
2844 4293 2909 4346 ἵν’
3011 4309 3090 4345 σοι
3127 4293 3450 4362 σεμνότερον
3483 4291 3545 4343 τὸ
3571 4289 3771 4357 ἀγώνισ-

551 4384 936 4438 eonfodienles.
995 4385 1200 4438 Rursus
1256 4386 1342 4439 illa
1401 4402 1564 4440 unum
1611 4391 1891 4451 duntaxat,
1943 4389 2118 4442 divino

2231 4402 2325 4454 μα.
2354 4383 2479 4435 Εἴθε
2510 4385 2605 4454 μὲν
2649 4384 2742 4436 καὶ
2790 4383 2877 4436 διὰ
2911 4383 3098 4436 πασῶν
3134 4378 3296 4453 ἦλθον
3345 4382 3452 4435 τῶν
3503 4382 3769 4436 κολάσεων.

553 4476 818 4542 beneficio
865 4477 965 4530 sib=
1011 4491 1330 4531 concessum
1409 4493 1642 4532 eumuue
1684 4479 1979 4546 infantem;
2025 4493 2125 4549 ego

621 4673 668 4712 β’
704 4672 860 4727 Num.
889 4691 1013 4741 xxv,
1049 4675 1080 4728 7
1116 4691 1266 4746 seqq.
1343 4676 1393 4708 '°
1417 4676 1433 4730 l
1460 4676 1589 4748 Reg.
1627 4693 1664 4744 ι,
1691 4676 1762 4731 ‘22
1789 4693 1941 4748 seqq.

620 4861 731 4932 (50)
764 4865 1146 4932 Γηροκόμους
1177 4899 1191 4916 .
1213 4902 1229 4917 .
1255 4903 1270 4917 .
1303 4865 1800 4933 γεγηροκόμημαι.
1829 4864 1961 4935 Reg.
1989 4877 2038 4931 c,
2069 4864 2122 4930 d,

547 4935 1066 5015 ele2_7nemx6poog
1185 4936 1679 5015 vempwxépqpat.
1758 5013 1765 5015 Α
2039 5003 2050 5015 .

619 5005 732 5073 (51)
792 5004 1184 5071 Θεατρίσασα.
1255 5003 1489 5059 Ni'eetas‘
1518 5003 1597 5058 sic
1661 5013 1805 5058 recte
1860 5003 2122 5070 exponit-z

553 5089 879 5140 «postquam
914 5090 1086 5126 meam
1147 5073 1380 5127 sobolem
1447 5075 1496 5127 in
1562 5075 1772 5129 theatro
1828 5087 2124 5143 pompaque

549 5146 796 5211 produxi,
852 5154 1010 5212 atque
1042 5145 1094 5196 in
1127 5143 1455 5211 singulorum
1498 5144 1788 5198 liberorum
1833 5158 2006 5214 agone.
2040 5145 2125 5197 de-

551 5216 680 5265 suda
694 5215 761 5269 vi.
791 5233 808 5266 ι
1975 5240 1977 5242 ’

621 5284 731 5351 (52)
762 5285 864 5350 Εἰς
897 5284 1137 5348 σκότος.
1199 5280 1354 5337 Deest
1398 5284 1476 5346 είς
1536 5283 1586 5336 in
1629 5283 1898 5352 plerisque
1931 5283 2124 5335 codici-

551 5351 668 5407 bus.
707 5353 806 5418 Qui
860 5357 1007 5423 gravi
1049 5356 1229 5408 dolore
1262 5363 1597 5422 premuntur,
1629 5351 1688 5406 Se
1719 5354 2037 5422 quandoque
2072 5353 2124 5404 iu

550 5423 850 5476 cubiculum
887 5425 1181 5487 includunt,
1230 5425 1408 5477 aditus
1441 5424 1751 5487 obstruunt,
1799 5433 1851 5477 et
1882 5423 2019 5476 intra
2052 5431 2129 5475 te-

551 5493 744 5544 nebras
774 5509 831 5545 se
859 5494 1194 5547 excruciant.

627 5560 736 5630 (55)
781 5561 1092 5630 Ἀγεννῶν,
1130 5563 1263 5630 Reg.
1297 5563 1409 5628 bm,
1441 5561 1669 5631 ἀγενῶν.

629 5631 744 5697 (54)
775 5633 977 5695 Ἄνευ,
1003 5644 1108 5686 etc.
1167 5634 1371 5698 Billius,
1407 5653 1422 5684 ι
1478 5633 1595 5688 sine
1639 5632 1744 5688 ulla
1798 5631 1944 5703 gravi
1971 5638 2129 5701 atque

557 5699 779 5760 honesta
813 5704 1131 5757 narratione.
1167 5720 1185 5754 ι

2236 4477 2321 4528 ἵνα
2371 4473 2744 4545 ἁναμίξωωέ)
2790 4476 2914 4539 τοὺς
2964 4476 3128 4546 ἐμοὺς
3178 4474 3378 4546 ἰχῶρας
3418 4475 3533 4537 τοῖς
3579 4472 3770 4523 ἐκείνων

2300 4858 2414 4928 (55)
2445 4857 2834 4911 Ἐπέκλυσεν.
2861 4855 3012 4928 Pan,
3045 4853 3355 4928 ἐπέκλεισεν
3389 4849 3600 4928 [male].

2302 4919 2414 4996 (56)
2445 4928 2518 4982 ΕΖ
2554 4945 2608 4980 τι
2644 4928 2867 4980 τούτων
2903 4925 3044 4996 ὑμῖν
3089 4919 3449 4996 συνέπεσεὶ.
3490 4919 3582 4996 S_é
3623 4919 3775 4988 plures

2231 4992 2522 5064 Regnetc.
2564 4997 2706 5069 Editi
2742 5014 2754 5050 :
2797 4997 2845 5069 εἰ
2879 4992 3079 5069 τούτων
3109 4995 3235 5069 δμῖν
3277 5010 3328 5046 τι
3353 4992 3742 5069 συνενέπεεενη

2433 5070 2500 5119 El
2522 5069 2640 5120 τῶν
2663 5065 2959 5131 ,ϐασάνων
2981 5064 3292 5133 τ’)ττήθητε.
3352 5063 3473 5117 llzcc
3526 5066 3708 5116 desunt
3734 5063 3772 5111 in

2232 5137 2652 5284 “asiam.
2680 5204 2812 5284 Tres
2847 5204 3205 5284 ηδε-ιῂμεῖςς
3373 5282 3381 5284 -
3430 5270 3464 5284 η
3506 5271 3574 5284 .-
3626 5270 3657 5284 η
3709 5269 3719 5280 ~

2305 5270 2415 5363 (Si?)
2460 5270 2986 5346 Ἔγκεντήσαντες.
3021 5270 3151 5343 Reg.
3181 5277 3290 5339 bm,
3336 5282 3388 5326 et
3427 5270 3595 5326 Coisl.
3626 5270 3676 5333 2,

2233 5364 2608 5418 κεντησαντες.
3533 5411 3552 5423 η

2239 5486 2271 5492 _
2303 5414 2782 5492 ((ibLEggmyér.
2981 5414 3252 5492 quinqueq
3276 5410 3434 5480 Reg.,
3512 5411 3773 5478 (.hrysarn.

2232 5483 2396 5541 Coisl.
2420 5487 2475 5549 9.,
2509 5485 2684 5549 Pass.,
2713 5497 2814 5537 etc.
2855 5484 3015 5548 Editi,
3045 5483 3289 5552 εὐφητῶν

2307 5556 2421 5626 (61)
2453 5541 2630 5609 λίθον
2665 5541 3017 5622 ὲάπφειρονξ
3067 5541 3198 5620 Reg.
3239 5554 3348 5616 bm,
3385 5549 3538 5602 λίθου
3572 5541 3770 5611 σαπςει,

2236 5644 2327 5697 Ρου
2338 5662 2351 5697 τ

2308 5695 2418 5765 (62)
2462 5693 2761 5761 Ἁναμίεω.
2801 5693 2970 5755 Pass,
3011 5693 3146 5760 μίξω
