3892 6526
69 432 161 484 $29

921 420 1181 484 ORATIO
1223 428 1336 484 XV.
1376 461 1445 469 —
1482 428 1549 482 IN
1588 425 2135 488 MACIIABEORUM
2174 431 2478 492 LAUDEM.

3206 445 3310 503 950

72 547 274 615 ὶχιῖιρσι,
306 545 402 600 καὶ
425 545 545 609 ταῖς
577 541 737 616 σαρξὶ
760 542 860 606 τάς
890 543 1123 614 γηραιάς
1153 543 1380 614 σάρκας.
1423 541 1645 611 Ἀγαπῶ

1750 554 1936 598 contra
1981 552 2184 614 septem
2237 547 2402 612 viros,
2446 563 2647 619 eosque
2692 550 2934 608 volentes
2974 553 3082 610 Deo
3121 570 3314 613 consc-

70 641 140 689 62‘1
164 639 299 700 τοὺς
331 638 530 700 παῖδας
560 636 655 688 καὶ
683 635 751 688 τά
781 634 1115 707 κολαστήρια
1135 651 1148 665 '
1190 637 1237 688 εἰ
1265 636 1320 688 δὲ
1359 636 1434 707 μὴ
1462 635 1639 699 τοῦτο,

72 727 188 780 αλλὰ
213 729 324 797 τήν
355 744 422 794 γε
451 727 598 779 κόνιν
620 728 686 796 τῇ
721 725 886 790 κύνει,
917 726 1011 778 καὶ
1037 725 1204 794 τάφος
1232 720 1313 788 εἷς
1340 727 1486 796 ἡμᾶς
1509 726 1642 778 ὑπο-

69 817 273 887 δέξηται
310 817 424 887 (65)
479 816 570 887 Μὴ
609 816 882 886 φθονήσῃς
922 814 1179 885 τελευτῆς
1210 817 1494 887 ὁμοτίμου,
1527 818 1640 880 τοῖς

71 909 343 978 ὁμοτίμοις
373 908 474 980 τήν
501 909 722 980 ἀρετήν.
748 906 1000 978 Χαίρετε,
1033 900 1076 958 ὧ
1114 908 1366 979 μητέρες,
1398 908 1636 978 χαίρετε,

70 998 105 1054 ὦ
137 1002 346 1064 παῖδες.
398 1002 588 1064 Οὕτως
637 1000 932 1070 ἐκτρέφετε
976 1000 1100 1063 τοὺς
1145 998 1204 1064 ἐξ
1251 1000 1402 1070 ὑμῶν
1443 999 1638 1070 προελ-

71 1090 274 1153 θόντας·
311 1089 491 1154 οὕτως
533 1088 879 1160 ἐκτρέφεσθε.
928 1089 1104 1143 Καλὸν
1145 1090 1449 1158 ὑπόδειγμα
1477 1090 1638 1143 δεδώ-

69 1198 228 1249 καμεν
263 1182 403 1252 ὑμῖν
425 1199 437 1210 ”
466 1179 798 1249 ἀγωνίζεσθε
815 1178 980 1248 (64).)

1753 635 1924 690 cravi.
1952 638 2145 706 Atque,
2169 647 2224 692 ut
2254 637 2518 695 Jeremias
2544 655 2758 714 quoque
2780 643 2892 713 ipse
2919 645 3048 700 mihi
3077 647 3309 716 elogium

1747 726 1970 782 funebre
2025 728 2329 796 concludat,
2377 747 2484 787 non
2535 730 2756 804 lugens,
2808 735 2899 790 sed
2955 735 3200 792 laudibus
3249 755 3312 794 ac

1747 815 1941 872 faustis
1969 819 2244 875 ominibus
2273 823 2416 890 pium
2448 833 2571 878 Vitae
2593 825 2794 879 exitum
2821 841 3172 897 prosequens.
3206 829 3312 884 Su-

1747 921 1846 973 per
1891 909 2067 964 nivem
2104 912 2471 980 splenduistis,
2522 929 2686 984 super
2719 917 2804 972 lac
2833 921 3100 988 coagulati
3153 924 3308 987 estis,

1746 1013 1908 1067 super
1951 1003 2260 1072 sapphirum
2307 1018 2478 1061 ctBttls
2532 1019 2714 1064 vester
2762 995 2847 1064 est
2885 1011 2954 1074 τι,
2982 1013 3178 1082 quippe
3215 1014 3310 1082 qui

1747 1089 1854 1143 Deo
1887 1096 2150 1162 progeniti
2177 1105 2338 1164 atque
2363 1099 2528 1154 oblati
2558 1101 2708 1156 estis.
2738 1101 2873 1168 Quid
2893 1103 3001 1172 jam
3026 1105 3311 1174 superest?

1744 1180 1986 1253 Adjunge
2023 1201 2125 1246 me,
2159 1203 2362 1255 quzeso,
2393 1189 2536 1250 ﬁliis,
2568 1206 2601 1245 ο
2639 1200 2892 1261 lyranue,
2933 1196 2975 1249 si
3009 1197 3128 1263 quis
3159 1197 3300 1264 apud

73 1274 240 1326 hostes
288 1289 513 1342 quoque
565 1273 755 1341 gratiae
805 1274 953 1326 locus
997 1284 1100 1335 est,
1149 1285 1205 1326 ιιι
1244 1273 1500 1326 illustrius
1533 1272 1625 1326 tibi
1667 1273 1767 1326 hoc
1824 1286 2102 1330 certamen
2169 1280 2383 1334 evadat.
2410 1284 2585 1350 Atque
2611 1284 2813 1338 utinam
2847 1285 2974 1339 mihi
2999 1301 3096 1356 per
3124 1289 3306 1342 omnia

72 1382 119 1419 ea
151 1366 453 1434 supplicia,
503 1367 700 1435 quibus
727 1365 799 1418 illi
832 1367 1006 1420 allecti
1038 1377 1198 1427 Sunt,
1245 1365 1479 1434 grassari
1508 1364 1804 1434 contingat,
1853 1375 1910 1420 ut
1971 1369 2171 1423 saniem
2236 1387 2405 1424 meam
2473 1390 2592 1428 cum
2629 1389 2816 1429 eorum
2845 1379 3014 1442 sanie,
3035 1390 3298 1435 etCarnes

71 1471 210 1510 amne
261 1457 551 1511 confectas
623 1473 745 1511 cum
809 1459 1063 1512 carnibus
1110 1460 1511 1512 commisceam.
1571 1454 1703 1508 Nam
1773 1458 1882 1526 ipsa
1946 1475 2158 1529 quoque
2219 1466 2598 1532 suppliciorum
2663 1468 3016 1523 instrumenta
3085 1484 3307 1541 propter

75 1553 189 1604 ﬁlios
217 1568 372 1604 amo.
420 1551 568 1616 Quod
615 1551 657 1604 si
704 1552 832 1604 mihi
867 1567 971 1605 non
999 1553 1349 1615 concedatur,
1402 1560 1458 1603 at
1524 1551 1650 1603 illud
1690 1561 1836 1605 certe
1883 1555 2150 1621 optarim,
2194 1565 2252 1609 ut
2312 1560 2522 1614 cineres
2568 1575 2692 1614 cum
2762 1560 3035 1618 cineribus
3077 1565 3304 1631 conjun-

72 1655 267 1710 gantur,
305 1660 520 1714 nosque
553 1644 719 1714 296
745 1661 906 1697 unum
939 1647 1186 1714 idemque
1231 1653 1632 1698 monumentum
1669 1645 1923 1711 excipiat.
1960 1645 2076 1700 Noli
2139 1648 2204 1701 iis
2257 1651 2347 1717 qui
2415 1651 2530 1718 pari
2567 1651 2764 1704 virtute
2793 1653 2999 1720 praediti
3031 1665 3174 1718 sunt,
3209 1668 3308 1722 par

75 1740 241 1789 "tortis
270 1751 452 1804 genus
489 1736 748 1789 invidere.
806 1735 1009 1800 Valete,
1067 1747 1283 1801 matres,
1316 1737 1505 1799 valete,
1547 1734 1661 1787 lilii.
1705 1733 1795 1786 Sic
1833 1750 1862 1787 a
1924 1737 2077 1790 vobis
2113 1747 2403 1807 prognatos
2430 1741 2656 1796 educate
2689 1759 2704 1796 :
2737 1743 2814 1797 sic
2843 1741 2943 1812 ipsi
2976 1744 3303 1802 educetnini.

73 1830 350 1881 l'ulcbrutu
387 1829 538 1883 vobis
562 1830 866 1896 exemplum
894 1830 1167 1891 dedimus;
1215 1839 1435 1882 certate.
1470 1845 1488 1878 ι

126 1921 176 1970 l'.
208 1916 414 1970 Ταῦτα
453 1916 605 1984 ἔλεγε
628 1959 642 1981 ,
689 1919 784 1971 καὶ
829 1918 1136 1989 προσετίθει
1166 1917 1276 1987 (65)
1319 1919 1428 1980 τοῖς
1458 1918 1643 1970 παισὶν

1817 1909 1881 1963 Χ.
1913 1911 2023 1966 [lac
2077 1913 2322 1968 oratione
2384 1915 2588 1982 habita,
2639 1917 2762 1972 t'iliis
2797 1919 3028 1987 seipsam
3083 1921 3301 1987 adjecit.

73 2011 269 2079 ἑωτήν.
307 2009 450 2059 Τίνα
478 2009 707 2077 τρόπον;
743 2008 830 2071 Ὠς
856 2010 947 2061 ἐπὶ
967 2009 1229 2079 νυμφῶνα
1247 2008 1344 2076 τὴν
1370 2007 1642 2076 πυρκαῖάν

71 2100 340 2170 δραμοῦσα
395 2098 620 2169 (ταύτην
652 2099 760 2168 γὰρ
821 2099 1167 2170 κατεκρίθη),
1221 2100 1315 2151 καὶ
1359 2097 1479 2150 οὐδὲ
1518 2099 1642 2160 τοὺς
1692 2146 1693 2149 η

71 2193 280 2257 ἄγοντας
312 2191 683 2261 ἁναμείνασα,
745 2191 832 2243 ἵνα
869 2191 1001 2262 μηδὲ
1051 2191 1207 2261 σῶμα
1249 2190 1505 2260 ψαύσειεν
1551 2190 1642 2244 ἄν·

71 2301 212 2352 αγνον
243 2283 423 2351 ἁγνοῦ
451 2283 544 2335 καὶ
583 2283 833 2349 γενναίου
863 2281 1133 2353 σώματος.
1160 2282 1344 2346 Οὖτως
1371 2281 1640 2336 ἀπέλαυσε

71 2374 150 2444 τῆς
196 2368 511 2443 ἱερωσύνης
575 2371 859 2442 Ἐλεάζαρ,
902 2372 1131 2442 μυηθεὶς
1180 2374 1274 2425 καὶ
1326 2373 1539 2442 μυήσας
1572 2371 1642 2424 τά

71 2465 385 2534 ἐπουράνια,
404 2464 498 2516 καὶ
517 2463 578 2515 ού
604 2466 716 2526 τοῖς
742 2462 940 2528 ἔξωθεν
959 2467 1270 2534 ῥαντισμοῖς
1296 2463 1385 2515 τὸν
1427 2462 1640 2533 Ἰσραὴλ

72 2557 309 2620 ἁγιάσας,
362 2555 478 2607 ἀλλ’
510 2554 733 2618 οἰκείοις
779 2555 996 2624 αἵμασι,
1033 2557 1126 2608 καὶ
1168 2556 1398 2626 ποιήσας
1425 2555 1523 2626 τὴν
1553 2572 1640 2607 τε-

72 2647 245 2716 λευτὴν
291 2645 611 2698 τελευταῖον
655 2645 951 2715 μυστήριον
979 2645 1089 2713 (66)
1111 2661 1125 2676 ⁶
1155 2644 1297 2698 οὕτω
1333 2649 1428 2715 τῆς
1455 2645 1639 2715 νεότη-

73 2749 144 2794 1-5;
192 2735 240 2785 οί
295 2733 510 2796 παῖδες,
563 2733 626 2785 ού
673 2736 792 2796 ταῖς
833 2734 1044 2804 ἡδοναῖς
1076 2734 1474 2798 δουλεύσαντες,
1504 2735 1639 2788 ἀλλά

73 2822 160 2872 τὶν
188 2821 388 2876 παθῶν
420 2821 829 2893 κυριεύσαντες,
857 2823 950 2876 καὶ
983 2824 1041 2876 τὸ
1081 2824 1237 2894 σῶμα
1281 2824 1638 2892 καθαγνίσαν-

47 2929 164 2975 ¹τες,
199 2914 299 2966 καὶ
339 2913 477 2984 πρὸς
520 2913 620 2982 τὴν
648 2915 826 2985 ἀπαθῆ
859 2913 1026 2985 ζωὴν
1039 2915 1413 2986 μεταθέμενοι.
1452 2915 1636 2979 Οὕτως

77 3005 340 3058 ἀπέλαυσε
376 3006 477 3075 τῆς
508 3005 863 3068 πολυτεκνίας
888 3009 920 3078 ή
954 3010 1156 3079 μήτηρ
1178 3008 1318 3061 οὕτω
1349 3009 1441 3062 καὶ
1471 3008 1636 3073 ζῶσιν

76 3093 495 3152 ἑκαλλωπίσατο,
544 3093 636 3146 καὶ
687 3093 978 3146 ἀπελθοῦσι
1020 3095 1491 3148 συνανεπαύσατο·
1542 3096 1637 3160 οὓς

76 3184 315 3252 ἐγέννησε
373 3181 585 3250 κόσμῳ,
618 3181 736 3252 Θεῷ
773 3185 1190 3253 παραστήσασα,
1235 3202 1329 3238 και
1368 3185 1466 3249 τὰς
1504 3187 1634 3240 ὲαυ-

1743 2001 1986 2067 Qttonattt
2013 2003 2210 2071 pacto?
2242 2006 2332 2060 Sic
2367 2021 2576 2074 nempe,
2612 2018 2668 2063 ut
2709 2011 2774 2063 ad
2813 2024 2995 2078 rogum
3021 2009 3143 2082 (hoc
3159 2013 3303 2068 enim

1743 2092 1987 2160 supplicii
2035 2108 2230 2160 genere
2282 2097 2502 2150 multata
2538 2096 2758 2166 fuerat),
2801 2116 2905 2153 ttott
2955 2115 3112 2154 secus
3140 2111 3305 2171 atque

1741 2183 1806 2236 ad
1841 2183 2132 2252 nuptialem
2172 2185 2464 2239 thalamum
2520 2198 2788 2253 curreret,
2840 2203 2902 2244 ac
2933 2205 2996 2245 ne
3021 2193 3303 2246 carniliccs

1741 2276 1956 2344 quidem
1985 2287 2346 2344 exspectaret,
2379 2296 2444 2334 ne
2481 2292 2724 2335 sanctqu
2761 2292 2813 2336 et
2839 2298 3154 2352 generosum
3183 2302 3303 2340 cor-

1741 2375 1842 2427 pus
1873 2362 2078 2424 profani
2109 2367 2352 2420 homines
2380 2369 2772 2437 contingereut.
2825 2370 2974 2426 llunc
3015 2375 3304 2429 sacerdotii

1743 2452 1976 2508 fructum
2011 2458 2154 2526 cepit
2192 2458 2502 2525 Eleazarus,
2533 2462 2621 2528 qui
2650 2463 2889 2517 ctelestia
2919 2466 3174 2535 mysteria
3221 2469 3304 2519 di-

1739 2542 1948 2598 dicerat
1978 2561 2043 2600 ac
2072 2548 2349 2612 docuerat,
2411 2562 2574 2619 atque
2627 2553 2878 2607 Israelem
2929 2571 3032 2609 non
3063 2558 3302 2612 externis

1739 2637 2161 2704 aspersionibus,
2211 2641 2304 2693 sed
2339 2643 2558 2710 proprio
2613 2659 2806 2699 cruore
2862 2645 3218 2711 lustraverat,
3251 2659 3306 2702 et

1740 2735 1962 2779 mortem
1989 2739 2288 2783 extremum
2318 2735 2632 2801 mysterium
2668 2735 2894 2792 fecerat.
2924 2735 3076 2791 llunc
3106 2737 3303 2806 juven-

1740 2817 1868 2870 tutis
1894 2819 2124 2872 fructum
2189 2821 2421 2875 tulerunt
2467 2823 2580 2887 lilii,
2639 2826 2729 2893 qui
2781 2841 2885 2879 non
2945 2827 3306 2896 voluptatibus

1738 2907 2119 2972 inservierunt,
2156 2912 2250 2964 sed
2284 2913 2624 2968 turbulentos
2657 2917 2824 2970 animi
2860 2929 3036 2973 motus
3082 2921 3306 2975 rationis

1739 2998 1964 3066 imperio
1996 3012 2463 3070 compresserunt,
2514 3021 2868 3076 corpusquea
2920 3013 3120 3078 peccati
3184 3028 3304 3066 sor-

1741 3089 1902 3143 dibus
1931 3105 2122 3158 purum
2156 3105 2460 3158 servarunt,
2522 3107 2684 3167 atque
2713 3100 2780 3152 ad
2840 3102 3001 3153 vitam
3036 3120 3064 3154 a
3096 3105 3304 3159 vitiosis

1739 3183 2044 3236 animorum
2101 3185 2525 3253 permotionibus
2582 3188 2806 3241 liberam
2863 3199 3104 3243 translati
3155 3202 3300 3248 sunt.

76 3275 152 3341 τῆς
186 3251 393 3336 ὠδῖνας
444 3276 550 3336 τοῖς
583 3251 762 3337 ἄθλοις
790 3275 1222 3347 ἀπαριθμήσασα
1241 3277 1372 3347 (67),
1417 3279 1511 3331 καὶ
1540 3279 1632 3332 τοῦ

1746 3274 1848 3328 Hoc
1881 3275 2148 3328 commodi
2178 3293 2243 3329 ex
2274 3277 2554 3345 multiplici
2607 3280 2788 3333 sobole
2816 3281 2956 3347 cepit
2987 3292 3188 3335 mater:
3221 3283 3302 3336 sic

76 3368 204 3419 trima
235 3367 349 3436 τὴν
371 3366 688 3419 ἀκολουθίαν
713 3369 822 3430 τοῖς
851 3367 1098 3430 θανάτοις
1123 3370 1458 3437 γνωρίσασα.
1504 3370 1635 3422 Ἀπὸ

74 3461 159 3529 γὰρ
185 3458 283 3512 τοῦ
335 3457 551 3528 πρώτου
601 3457 708 3510 τῶν
758 3457 961 3511 παίδων
1002 3459 1161 3530 μέχρι
1191 3459 1283 3511 τοῦ
1316 3459 1630 3512 τελευταίου

75 3551 124 3603 τὰ
146 3552 237 3620 τῆς
270 3549 580 3621 ἀθλήσεως,
619 3551 710 3602 καὶ
735 3547 921 3620 ὥσπερ
949 3552 1004 3602 ἐν
1037 3548 1296 3619 κυμάτων
1324 3550 1632 3604 ἐπαναστά-

77 3659 213 3703 ςεσιν,
245 3642 415 3704 ἄλλος
447 3643 532 3694 ἐπ’
576 3641 720 3710 ἄλλῳ
768 3639 867 3711 τὴν
903 3640 1100 3712 ἀρετὴν
1139 3642 1502 3702 ἐπεδείκνυτο,
1539 3642 1632 3694 κα)⁵

74 3737 133 3794 εἰς
160 3736 214 3788 τὸ
249 3737 491 3805 πάσχειν
510 3735 617 3806 (68)
644 3729 710 3805 ἦν
743 3735 1162 3806 προθυμότερος,
1196 3737 1306 3796 τοῖς
1331 3733 1421 3786 τοῦ
1450 3751 1632 3805 προει-

73 3824 280 3894 ληφότος
329 3826 594 3890 κινδύνοις
637 3826 1037 3896 στομούμενος·
1093 3823 1230 3876 ὥστε
1277 3826 1496 3896 ἀγαπᾷν
1535 3825 1628 3878 τὸν

73 3919 338 3985 ττὶραννον,
382 3919 463 3970 ὅτι
499 3918 572 3988 μὴ
604 3917 861 3970 πλειόνων
910 3915 1147 3984 ἐγεγόνει
1179 3916 1391 3986 μήτηρο
1433 3915 1630 3986 μᾶλλον

72 4006 157 4076 γὰρ
187 4008 254 4060 ἂν
288 4005 506 4075 ἀπῆλθε
539 4004 1013 4078 κατῃσχυμμένος,
1049 4003 1141 4055 καὶ
1169 4001 1492 4072 ἡττημένος.
1522 4001 1632 4055 Καὶ

73 4101 166 4151 tite
209 4099 438 4170 πρῶτον
483 4098 643 4166 ἔγνω,
691 4098 766 4170 μὴ
815 4098 990 4151 πάντα
1035 4097 1146 4158 τοῖς
1175 4094 1360 4158 ὅπλοις
1408 4094 1628 4165 ἰσχύων,

71 4191 204 4242 ὁπότε
235 4190 434 4242 παισὶν
459 4188 678 4252 ἀόπλοις
705 4187 1056 4259 προσέϐαλεν,
1087 4187 1167 4239 ἑνὶ
1197 4186 1360 4257 μόνῳ,
1391 4189 1457 4257 τῇ
1483 4187 1634 4238 εύσε-

73 4279 190 4351 εεία,
240 4279 740 4350 καθωπλισμένοις,
779 4279 872 4331 καὶ
905 4276 982 4347 τῷ
1014 4276 1192 4328 πάντα
1237 4276 1467 4344 πάσχειν
1500 4293 1632 4346 προ-

1735 3374 1788 3420 et
1813 3367 1952 3419 vivis
1977 3364 2202 3436 gloriata
2233 3375 2335 3430 est,
2356 3377 2546 3421 etcum
2576 3369 2706 3436 ipsis
2740 3371 2878 3422 diem
2906 3371 3024 3424 vitae
3055 3373 3301 3427 ultimum

1735 3457 1958 3522 clausit;
2009 3473 2112 3510 non
2143 3469 2267 3510 ante
2297 3468 2493 3526 tamen,
2523 3474 2707 3528 quam,
2759 3476 2893 3528 quos
2947 3465 3144 3514 mundo
3175 3479 3301 3531 pro-

1737 3559 2046 3612 creaverat,
2074 3547 2182 3604 Deo
2211 3550 2568 3610 exhibuisset.
2607 3551 2925 3620 doloresque
2965 3568 3101 3620 quos
3137 3554 3186 3605 in
3209 3570 3303 3620 pa-

1735 3641 1920 3695 riendo
1952 3642 2271 3711 pertulerat,
2291 3643 2646 3695 certaminum
2672 3657 2896 3696 numero
2919 3643 3300 3707 recensuisset,

1735 3740 2094 3800 partuumque
2126 3733 2321 3786 seriem
2352 3747 2416 3785 ex
2448 3732 2682 3800 ipsorum
2731 3742 2902 3788 morte
2955 3736 3304 3802 recognovis-

1734 3832 1836 3878 set.
1871 3827 1909 3876 A
1938 3825 2111 3892 primo
2138 3823 2282 3877 enim
2309 3823 2376 3877 ad
2408 3824 2649 3878 ultimum
2682 3839 2874 3892 usque,
2910 3840 3098 3879 omnes
3145 3825 3303 3878 dimi-

1735 3925 1947 3978 carunt,
1977 3914 2220 3983 aliusque
2255 3915 2368 3978 alii,
2399 3915 2543 3968 velut
2597 3915 2647 3968 in
2685 3914 2940 3968 [luctuum
2984 3917 3298 3985 jactatione,

1733 4004 2052 4068 succedens,
2087 4007 2305 4058 virtutis
2335 4020 2446 4059 sme
2469 4004 2740 4072 specimen
2785 4007 3098 4068 exhibebat,
3135 4008 3301 4076 majo-

1736 4107 1962 4160 retnque
1997 4094 2061 4145 ad
2091 4094 2442 4160 perferendos
2497 4096 2706 4148 dolores
2753 4095 3086 4150 alacritatem
3115 4095 3302 4151 καριδο-

1734 4182 1850 4247 bat,
1880 4180 1996 4250 ejus
2025 4185 2303 4250 nimirum,
2353 4185 2442 4254 qui
2471 4196 2845 4254 praecesserat,
2878 4189 3135 4256 periculis
3165 4189 3302 4242 ittci-

1736 4281 1878 4328 tatus
1903 4286 1958 4330 et
1980 4287 2274 4329 exacutus:
2307 4277 2440 4330 adeo
2459 4285 2514 4330 ut
2533 4285 2793 4348 tyrannus
2812 4279 3090 4331 commode
3113 4293 3298 4331 secum

72 4372 377 4442 τιλμοτέοοις
418 4369 548 4442 (69),
605 4369 638 4441 ἢ
693 4370 825 4441 δρᾷν
866 4366 1196 4438 ἐκεῖνο-(70)
1229 4364 1634 4436 παρεσκευάζε-

1746 4366 1822 4436 agi
1854 4367 2090 4432 duceret,
2119 4368 2259 4436 quod
2287 4383 2392 4422 non
2428 4367 2608 4437 plures
2632 4368 2718 4420 illa
2756 4368 2954 4422 liberos
2983 4369 3296 4438 peperisset;

1738 4456 1816 4511 sic
1850 4459 1992 4512 enim
2026 4459 2214 4528 majori
2243 4475 2364 4513 cum
2389 4460 2652 4514 dedecore
2681 4470 2734 4514 et
2757 4460 2910 4514 clade
2936 4459 3294 4514 discessisset.

70 4561 274 4612 Actum
311 4556 544 4626 primum
576 4570 768 4610 senon
825 4569 1005 4610 omnia
1057 4553 1107 4607 vi
1155 4561 1316 4621 atque
1369 4549 1537 4604 armis
1595 4553 1851 4621 consequi
1911 4570 2070 4623 posse
2097 4557 2367 4625 cognovit,
2423 4570 2542 4610 cum
2615 4555 2849 4610 inermes
2901 4569 3096 4623 pueros
3123 4569 3296 4624 appu-

69 4664 214 4713 gnare
255 4665 546 4719 aggressus
576 4657 678 4716 est,
710 4649 839 4704 solis
871 4648 1087 4718 pietatis
1145 4647 1312 4700 armis
1371 4645 1683 4712 instructos,
1726 4638 1986 4716 atqueita
2017 4648 2256 4715 allectos,
2311 4661 2368 4704 ut
2422 4650 2488 4704 ad
2537 4649 2738 4719 quaevis
2788 4657 3049 4704 tormenta
3104 4663 3295 4718 perpe-

71 4745 253 4808 tienda,
296 4757 456 4810 quam
490 4742 579 4796 ille
621 4742 687 4794 ad
741 4739 1040 4803 inferenda,
1093 4740 1392 4808 paratiores
1425 4747 1623 4793 essent.

121 4837 218 4888 lA'.
250 4834 428 4888 Τοῦτο
452 4834 550 4904 τῆς
606 4831 813 4902 Ἰεφθάε
859 4829 1047 4894 θυσίας
1076 4828 1498 4901 ἀσφαλέστερον,
1536 4827 1633 4882 καὶ

129 4951 170 4981 τι
202 4948 410 5003 Thren.
441 4962 514 5010 tv,
551 4945 602 5000 7.
679 4945 724 4977 τ’
753 4943 928 4998 Judic.
962 4958 1038 5008 ιιι,
1070 4941 1139 4997 50
1179 4955 1332 5013 seqq.

125 5085 234 5155 (65)
281 5081 674 5149 Ὑποδέξηται.
729 5081 822 5136 Or.
862 5079 918 5144 2,
954 5079 1129 5146 Pass.,
1189 5073 1456 5140 Combel'.,
1493 5074 1627 5126 ὑπο-

66 5153 286 5209 δέξεται.

113 5177 628 5294 ⁴ῇὶτιῦῗὶὶεδώιιαμιεν·Δ
661 5220 832 5294 ῠμῒνς
879 5217 1248 5294 drop-((5098.
1305 5214 1394 5271 Sic
1449 5216 1629 5294 plures

69 5286 256 5363 Re'ggf,
308 5286 568 5363 tredecim
592 5286 763 5363 Colb.,
795 5286 962 5363 Coisl.
998 5288 1020 5340 1
1062 5297 1115 5363 et
1158 5286 1213 5347 2,
1245 5286 1627 5363 etc.,_omis_sis

69 5365 140 5436 bis
173 5355 418 5436 iiot-ibus,
479 5360 613 5430 πρὸς
671 5359 760 5413 τὸν
798 5359 983 5427 ἀγῶνα
1041 5356 1132 5436 τδν
1182 5355 1342 5407 καλὸν
1368 5355 1623 5436 ᾲγωνςςξ-

71 5432 204 5496 σθαι,
240 5450 261 5482 ι
287 5442 344 5485 ιιι
369 5425 566 5485 bonum
595 5425 862 5484 certamen
907 5428 1142 5491 certetis,
1169 5443 1188 5477 ι
1232 5440 1350 5492 quze
1384 5426 1434 5480 in
1469 5425 1626 5478 editis

67 5499 334 5555 leguntur.

112 5545 631 5638 ῖῖίέῖᾖροσετίθει.
662 5569 793 5636 Reg.
823 5569 930 5638 bin,
965 5567 1279 5638 προσετίθη.

129 5630 241 5712 (66)
279 5630 956 5738 Τὲλξιιτὴνρτεῖλεῖιξαζοιν
972 5630 1468 5738 έὶυιῑὶτήξότᾙείιὶ

99 5703 265 5774 lares,
293 5703 540 5764 undecittt
580 5709 752 5771 Culb.,
781 5708 943 5762 Coisl.
972 5703 1026 5766 9..
1083 5703 1237 5764 (ιτξὲ
1259 5718 1307 5759 et
1342 5703 1490 5758 Pass.
1517 5703 1624 5774 Bil-

86 5781 161 5832 ius
193 5772 291 5852 pro
321 5779 597 5847 τελευτήν,
623 5778 748 5852 legit
778 5794 898 5852 eum
930 5779 1112 5845 editis,
1149 5775 1462 5830 τελευταίαν
1488 5772 1627 5847 ape-

73 5848 210 5917 paw,’
231 5869 250 5903 ι
271 5859 574 5908 extremum
606 5848 726 5903 vita:
761 5849 918 5904 diem.
943 5865 962 5898 ι

1814 4823 1904 4878 XI.
1937 4823 2047 4879 Hoc
2071 4822 2297 4892 facinus,
2329 4825 2524 4894 Jephte
2556 4825 2824 4881 sacrificio
2867 4830 2912 4860 "
2966 4837 3177 4880 cauttus
3217 4834 3298 4879 at-

1797 5071 1906 5142 (67)
1949 5067 2454 5147 ᾉπαριθμήσασα.
2481 5069 2693 5142 Βεεεὰ,
2728 5068 3098 5192 ἀριθμήσασα.

1803 5140 1911 5192 (68)
1939 5139 2155 5192 Italelc
2185 5139 2250 5192 τὸ
2278 5137 2557 5192 ardorem.
2606 5151 2710 5192 etc.
2808 5151 2920 5192 eest
2945 5143 3043 5192 είς.
3085 5140 3098 5192 i

1803 5137 1911 5210 (68)
1939 5138 2049 5192 Καὶ
2070 5137 2155 5205 εις
2184 5137 2250 5192 τὸ
2278 5137 2582 5210 πάσχειν(
2606 5137 2710 5193 étc.
2767 5137 3043 5204 Deest'elg,
3085 5140 3137 5193 in
3165 5157 3298 5208 qun-

1727 5209 1848 5266 tuor
1875 5209 2066 5280 ltegg.,
2094 5218 2148 5263 et
2189 5210 2249 5280 in
2267 5210 2361 5280 Or_.
2385 5209 2438 5262 Ξ.
2474 5210 2574 5264 Alii
2610 5210 2806 5280 legunt.
2853 5210 2946 5262 κα)¹
2975 5211 3055 5273 είς
3086 5210 3164 5280 τῷ
3195 5212 3298 5264 πά-

1803 5229 1848 5263 H'
1875 5229 2066 5280 “883.,
2094 5229 2148 5263 Cl
2189 5229 2240 5260 Ill
2267 5229 2361 5264 Ul'.
2385 5229 2438 5262 Ζ.
2474 5229 2574 5264 Alll
2610 5229 2806 5280 tegunt,
2853 5229 2946 5262 και
2975 5229 3055 5273 εις
3086 5229 3164 5331 TE)
3195 5229 3297 5264 πα-

1797 5298 1875 5333 ειν
1923 5277 2273 5350 [perperam].
2337 5278 2550 5350 Nicetas
2603 5282 2653 5333 in
2695 5281 3028 5348 expositione
3073 5299 3086 5333 :
3170 5281 3215 5342 ίς
3237 5282 3297 5333 τὸ

1726 5347 1959 5420 πάσχειν
1981 5351 2092 5413 τοῖς
2117 5347 2210 5420 τοῦ
2231 5347 2642 5420 ίπροειληφότος
2696 5347 2958 5410 κινδύνοις
2992 5349 3296 5420 στομούμε-

1725 5438 1811 5484 νος
1830 5418 1903 5471 Vt
1932 5418 2360 5473 Pra-cedentibus
2394 5418 2646 5485 periculis
2684 5421 2989 5485 roboratus,
3039 5418 3296 5472 oblirtua-

1730 5501 1830 5552 lus,
1856 5491 1920 5542 ad
1953 5489 2264 5556 perferenda
2299 5487 2546 5544 alacrior.
2573 5509 2592 5542 ι

1799 5561 1906 5628 (69)
1941 5557 2423 5628 Προθυμοτέροις.
2483 5560 2572 5614 Sic
2603 5557 2768 5612 Coisl.
2801 5557 2855 5628 2,
2913 5567 2965 5612 et
3009 5555 3103 5628 0r.
3135 5557 3188 5612 ‘2.
3238 5555 3295 5612 In

1730 5626 1866 5689 aliis,
1895 5626 2335 5700 προθυμοτέροις,
2369 5627 2542 5700 Ειιίιὶ,
2575 5627 2996 5700 προθυῌμύτερον.
3035 5695 3060 5700 _
3083 5626 3094 5634 ’

1799 5695 2228 5771 (70)ςῈκείῐνος’.
2275 5699 2365 5753 Sic
2397 5714 2489 5755 sex
2517 5695 2671 5769 3e31,
2721 5695 2895 5754 Coisl.
2922 5699 2976 5766 1,
3025 5695 3120 5756 Or.
3159 5698 3214 5764 2,
3241 5706 3298 5754 et

1727 5768 1877 5828 Pass.
1911 5769 2071 5835 Editi,
2099 5768 2340 5832 ἐκείνοις.
