  <div class='ocr_page' id='page_1' title='image "/cluster/home/n/w/nwhite01/storage/ocr_20150623/35/hvd.32044024473308/473.png"; bbox 0 0 3852 6408; ppageno 0'>
   <div class='ocr_carea' id='block_1_1' title="bbox 636 359 742 418">
    <p class='ocr_par' dir='ltr' id='par_1_1' title="bbox 636 359 742 418">
     <span class='ocr_line' id='line_1_1' title="bbox 636 359 742 418; baseline 0 -1"><span class='ocrx_word' id='word_1_1' title='bbox 636 359 742 418; x_wconf 74' lang='lat'><strong>935</strong></span> 
     </span>
    </p>
   </div>
   <div class='ocr_carea' id='block_1_2' title="bbox 1868 350 3798 416">
    <p class='ocr_par' dir='ltr' id='par_1_2' title="bbox 1868 350 3798 416">
     <span class='ocr_line' id='line_1_2' title="bbox 1868 350 3798 416; baseline -0.011 -8"><span class='ocrx_word' id='word_1_2' title='bbox 1868 353 1930 408; x_wconf 86' lang='lat' dir='ltr'><strong>S.</strong></span> <span class='ocrx_word' id='word_1_3' title='bbox 1969 350 2296 408; x_wconf 75' lang='lat' dir='ltr'><strong>GREGORII</strong></span> <span class='ocrx_word' id='word_1_4' title='bbox 2338 350 2682 407; x_wconf 82' lang='lat' dir='ltr'><strong>THEOLOGI</strong></span> <span class='ocrx_word' id='word_1_5' title='bbox 3737 361 3798 416; x_wconf 58' lang='lat'><strong>955</strong></span> 
     </span>
    </p>
   </div>
   <div class='ocr_carea' id='block_1_3' title="bbox 640 469 2202 553">
    <p class='ocr_par' dir='ltr' id='par_1_3' title="bbox 640 473 2201 553">
     <span class='ocr_line' id='line_1_3' title="bbox 640 473 2201 553; baseline -0.006 -17"><span class='ocrx_word' id='word_1_6' title='bbox 640 484 741 553; x_wconf 87' lang='lat' dir='ltr'><strong>legi</strong></span> <span class='ocrx_word' id='word_1_7' title='bbox 772 480 1028 536; x_wconf 91' lang='lat' dir='ltr'><strong>servienti</strong></span> <span class='ocrx_word' id='word_1_8' title='bbox 1069 478 1174 531; x_wconf 93' lang='lat' dir='ltr'><strong>vim</strong></span> <span class='ocrx_word' id='word_1_9' title='bbox 1202 477 1440 530; x_wconf 80' lang='lat' dir='ltr'><strong>aﬂ&#39;ertis?</strong></span> <span class='ocrx_word' id='word_1_10' title='bbox 1488 474 1625 542; x_wconf 83' lang='lat' dir='ltr'><strong>Quid</strong></span> <span class='ocrx_word' id='word_1_11' title='bbox 1655 488 1961 529; x_wconf 83' lang='lat' dir='ltr'><strong>sermonem</strong></span> <span class='ocrx_word' id='word_1_12' title='bbox 1987 473 2201 542; x_wconf 79' lang='lat' dir='ltr'><strong>spiritui</strong></span> 
     </span>
    </p>
   </div>
   <div class='ocr_carea' id='block_1_4' title="bbox 2313 469 3800 553">
    <p class='ocr_par' dir='ltr' id='par_1_4' title="bbox 2313 469 3800 543">
     <span class='ocr_line' id='line_1_4' title="bbox 2313 469 3800 543; baseline 0.001 -18"><span class='ocrx_word' id='word_1_13' title='bbox 2313 490 2405 525; x_wconf 83' lang='grc' dir='ltr'><strong>σαν</strong></span> <span class='ocrx_word' id='word_1_14' title='bbox 2448 474 2600 543; x_wconf 81' lang='grc' dir='ltr'>νόμῳ</span> <span class='ocrx_word' id='word_1_15' title='bbox 2640 469 3026 533; x_wconf 79' lang='grc' dir='ltr'>δουλεύουσαν;</span> <span class='ocrx_word' id='word_1_16' title='bbox 3071 470 3121 523; x_wconf 89' lang='grc' dir='ltr'><strong>τί</strong></span> <span class='ocrx_word' id='word_1_17' title='bbox 3169 471 3531 542; x_wconf 82' lang='grc' dir='ltr'>προκαλεῖσθε</span> <span class='ocrx_word' id='word_1_18' title='bbox 3568 471 3665 541; x_wconf 83' lang='grc'>(89)</span> <span class='ocrx_word' id='word_1_19' title='bbox 3703 473 3800 543; x_wconf 66' lang='grc' dir='ltr'><strong>λξτω</strong></span> 
     </span>
    </p>
   </div>
   <div class='ocr_carea' id='block_1_5' title="bbox 641 567 2210 640">
    <p class='ocr_par' dir='ltr' id='par_1_5' title="bbox 641 567 2210 640">
     <span class='ocr_line' id='line_1_5' title="bbox 641 567 2210 640; baseline -0.006 -10"><span class='ocrx_word' id='word_1_20' title='bbox 641 575 920 630; x_wconf 76' lang='lat' dir='ltr'><strong>cedentem</strong></span> <span class='ocrx_word' id='word_1_21' title='bbox 959 569 1300 640; x_wconf 83' lang='lat' dir='ltr'><strong>provocatis?</strong></span> <span class='ocrx_word' id='word_1_22' title='bbox 1323 567 1482 632; x_wconf 85' lang='lat' dir='ltr'><strong>Quid,</strong></span> <span class='ocrx_word' id='word_1_23' title='bbox 1516 567 1701 621; x_wconf 89' lang='lat' dir='ltr'><strong>relicto</strong></span> <span class='ocrx_word' id='word_1_24' title='bbox 1722 567 1916 635; x_wconf 92' lang='lat' dir='ltr'><strong>capite,</strong></span> <span class='ocrx_word' id='word_1_25' title='bbox 1951 568 2016 620; x_wconf 87' lang='lat' dir='ltr'><strong>ad</strong></span> <span class='ocrx_word' id='word_1_26' title='bbox 2051 567 2210 635; x_wconf 86' lang='lat' dir='ltr'><strong>pedes</strong></span> 
     </span>
    </p>
   </div>
   <div class='ocr_carea' id='block_1_6' title="bbox 643 657 2207 730">
    <p class='ocr_par' dir='ltr' id='par_1_6' title="bbox 643 657 2207 730">
     <span class='ocr_line' id='line_1_6' title="bbox 643 657 2207 730; baseline -0.004 -13"><span class='ocrx_word' id='word_1_27' title='bbox 643 661 969 718; x_wconf 76' lang='lat' dir='ltr'><strong>accurritis?</strong></span> <span class='ocrx_word' id='word_1_28' title='bbox 991 660 1128 726; x_wconf 85' lang='lat' dir='ltr'><strong>Quid</strong></span> <span class='ocrx_word' id='word_1_29' title='bbox 1153 661 1419 714; x_wconf 82' lang='lat' dir='ltr'><strong>Aaronem</strong></span> <span class='ocrx_word' id='word_1_30' title='bbox 1447 667 1872 728; x_wconf 65' lang='lat' dir='ltr'><strong>praetereuntes,</strong></span> <span class='ocrx_word' id='word_1_31' title='bbox 1889 657 2207 730; x_wconf 56' lang='lat' dir='ltr'><strong>ﬁleazarum</strong></span> 
     </span>
    </p>
   </div>
   <div class='ocr_carea' id='block_1_7' title="bbox 636 747 2206 824">
    <p class='ocr_par' dir='ltr' id='par_1_7' title="bbox 636 747 2206 824">
     <span class='ocr_line' id='line_1_7' title="bbox 636 747 2206 824; baseline -0.003 -17"><span class='ocrx_word' id='word_1_32' title='bbox 636 754 799 824; x_wconf 82' lang='lat'><strong>300</strong></span> <span class='ocrx_word' id='word_1_33' title='bbox 826 755 876 807; x_wconf 92' lang='lat' dir='ltr'><strong>in</strong></span> <span class='ocrx_word' id='word_1_34' title='bbox 916 752 1151 807; x_wconf 90' lang='lat' dir='ltr'><strong>medium</strong></span> <span class='ocrx_word' id='word_1_35' title='bbox 1207 749 1564 820; x_wconf 77' lang='lat' dir='ltr'><strong>producitis?</strong></span> <span class='ocrx_word' id='word_1_36' title='bbox 1612 747 1728 802; x_wconf 83' lang='lat' dir='ltr'><strong>Non</strong></span> <span class='ocrx_word' id='word_1_37' title='bbox 1783 748 1960 817; x_wconf 88' lang='lat' dir='ltr'><strong>patior</strong></span> <span class='ocrx_word' id='word_1_38' title='bbox 2006 747 2206 802; x_wconf 80' lang='lat' dir='ltr'><strong>fontem</strong></span> 
     </span>
    </p>
   </div>
   <div class='ocr_carea' id='block_1_8' title="bbox 638 837 2209 908">
    <p class='ocr_par' dir='ltr' id='par_1_8' title="bbox 638 837 2209 908">
     <span class='ocr_line' id='line_1_8' title="bbox 638 837 2209 908; baseline -0.006 -9"><span class='ocrx_word' id='word_1_39' title='bbox 638 844 869 908; x_wconf 79' lang='lat' dir='ltr'><strong>obstrui,</strong></span> <span class='ocrx_word' id='word_1_40' title='bbox 895 851 950 896; x_wconf 89' lang='lat' dir='ltr'><strong>et</strong></span> <span class='ocrx_word' id='word_1_41' title='bbox 982 849 1278 896; x_wconf 86' lang='lat' dir='ltr'><strong>torrentem</strong></span> <span class='ocrx_word' id='word_1_42' title='bbox 1306 853 1530 893; x_wconf 89' lang='lat' dir='ltr'><strong>currere</strong></span> <span class='ocrx_word' id='word_1_43' title='bbox 1570 854 1584 902; x_wconf 87' lang='lat'><strong>;</strong></span> <span class='ocrx_word' id='word_1_44' title='bbox 1641 837 1807 891; x_wconf 91' lang='lat' dir='ltr'><strong>solem</strong></span> <span class='ocrx_word' id='word_1_45' title='bbox 1842 837 2124 899; x_wconf 88' lang='lat' dir='ltr'><strong>occultari,</strong></span> <span class='ocrx_word' id='word_1_46' title='bbox 2153 845 2209 890; x_wconf 85' lang='lat' dir='ltr'><strong>et</strong></span> 
     </span>
    </p>
   </div>
   <div class='ocr_carea' id='block_1_9' title="bbox 636 926 2206 996">
    <p class='ocr_par' dir='ltr' id='par_1_9' title="bbox 636 926 2206 996">
     <span class='ocr_line' id='line_1_9' title="bbox 636 926 2206 996; baseline -0.007 -5"><span class='ocrx_word' id='word_1_47' title='bbox 636 936 852 995; x_wconf 83' lang='lat' dir='ltr'><strong>stellam</strong></span> <span class='ocrx_word' id='word_1_48' title='bbox 883 935 1098 996; x_wconf 86' lang='lat' dir='ltr'><strong>lucere;</strong></span> <span class='ocrx_word' id='word_1_49' title='bbox 1127 931 1382 986; x_wconf 82' lang='lat' dir='ltr'><strong>canitiem</strong></span> <span class='ocrx_word' id='word_1_50' title='bbox 1408 944 1466 984; x_wconf 93' lang='lat' dir='ltr'><strong>se</strong></span> <span class='ocrx_word' id='word_1_51' title='bbox 1489 929 1810 991; x_wconf 87' lang='lat' dir='ltr'><strong>subducere,</strong></span> <span class='ocrx_word' id='word_1_52' title='bbox 1840 935 1894 983; x_wconf 90' lang='lat' dir='ltr'><strong>et</strong></span> <span class='ocrx_word' id='word_1_53' title='bbox 1915 926 2206 994; x_wconf 89' lang='lat' dir='ltr'><strong>juvenilem</strong></span> 
     </span>
    </p>
   </div>
   <div class='ocr_carea' id='block_1_10' title="bbox 637 1018 2207 1097">
    <p class='ocr_par' dir='ltr' id='par_1_10' title="bbox 637 1018 2207 1097">
     <span class='ocr_line' id='line_1_10' title="bbox 637 1018 2207 1097; baseline -0.007 -16"><span class='ocrx_word' id='word_1_54' title='bbox 637 1037 848 1081; x_wconf 64' lang='lat' dir='ltr'><strong>aetatem</strong></span> <span class='ocrx_word' id='word_1_55' title='bbox 878 1026 1022 1097; x_wconf 86' lang='lat' dir='ltr'><strong>leges</strong></span> <span class='ocrx_word' id='word_1_56' title='bbox 1057 1023 1230 1088; x_wconf 76' lang='lat' dir='ltr'><strong>ferre;</strong></span> <span class='ocrx_word' id='word_1_57' title='bbox 1262 1021 1581 1092; x_wconf 83' lang='lat' dir='ltr'><strong>sapientiam</strong></span> <span class='ocrx_word' id='word_1_58' title='bbox 1605 1019 1855 1085; x_wconf 88' lang='lat' dir='ltr'><strong>silere,et</strong></span> <span class='ocrx_word' id='word_1_59' title='bbox 1887 1018 2207 1090; x_wconf 79' lang='lat' dir='ltr'><strong>imperitiam</strong></span> 
     </span>
    </p>
   </div>
   <div class='ocr_carea' id='block_1_11' title="bbox 640 1109 2209 1184">
    <p class='ocr_par' dir='ltr' id='par_1_11' title="bbox 640 1109 2209 1184">
     <span class='ocr_line' id='line_1_11' title="bbox 640 1109 2209 1184; baseline -0.006 -11"><span class='ocrx_word' id='word_1_60' title='bbox 640 1119 940 1174; x_wconf 83' lang='lat' dir='ltr'><strong>insolenter</strong></span> <span class='ocrx_word' id='word_1_61' title='bbox 965 1131 1023 1171; x_wconf 89' lang='lat' dir='ltr'><strong>se</strong></span> <span class='ocrx_word' id='word_1_62' title='bbox 1045 1114 1275 1184; x_wconf 84' lang='lat' dir='ltr'><strong>jactare.</strong></span> <span class='ocrx_word' id='word_1_63' title='bbox 1303 1113 1436 1168; x_wconf 87' lang='lat' dir='ltr'><strong>Nam</strong></span> <span class='ocrx_word' id='word_1_64' title='bbox 1471 1111 1716 1184; x_wconf 80' lang='lat' dir='ltr'><strong>profecto</strong></span> <span class='ocrx_word' id='word_1_65' title='bbox 1748 1126 1845 1166; x_wconf 90' lang='lat' dir='ltr'><strong>nec</strong></span> <span class='ocrx_word' id='word_1_66' title='bbox 1895 1111 2063 1180; x_wconf 86' lang='lat' dir='ltr'><strong>major</strong></span> <span class='ocrx_word' id='word_1_67' title='bbox 2092 1109 2209 1179; x_wconf 91' lang='lat' dir='ltr'><strong>plu-</strong></span> 
     </span>
    </p>
   </div>
   <div class='ocr_carea' id='block_1_12' title="bbox 641 1199 2208 1270">
    <p class='ocr_par' dir='ltr' id='par_1_12' title="bbox 641 1199 2208 1270">
     <span class='ocr_line' id='line_1_12' title="bbox 641 1199 2208 1270; baseline -0.004 -8"><span class='ocrx_word' id='word_1_68' title='bbox 641 1211 744 1264; x_wconf 69' lang='lat' dir='ltr'><strong>viae</strong></span> <span class='ocrx_word' id='word_1_69' title='bbox 770 1210 852 1262; x_wconf 89' lang='lat' dir='ltr'><strong>vis</strong></span> <span class='ocrx_word' id='word_1_70' title='bbox 888 1208 1096 1262; x_wconf 87' lang='lat' dir='ltr'><strong>minore</strong></span> <span class='ocrx_word' id='word_1_71' title='bbox 1129 1206 1318 1259; x_wconf 90' lang='lat' dir='ltr'><strong>utilior</strong></span> <span class='ocrx_word' id='word_1_72' title='bbox 1370 1213 1475 1258; x_wconf 89' lang='lat' dir='ltr'><strong>est.</strong></span> <span class='ocrx_word' id='word_1_73' title='bbox 1532 1202 1672 1270; x_wconf 89' lang='lat' dir='ltr'><strong>Quid</strong></span> <span class='ocrx_word' id='word_1_74' title='bbox 1719 1199 1908 1256; x_wconf 81' lang='lat' dir='ltr'><strong>enim?</strong></span> <span class='ocrx_word' id='word_1_75' title='bbox 1957 1201 2013 1256; x_wconf 89' lang='lat' dir='ltr'><strong>Si</strong></span> <span class='ocrx_word' id='word_1_76' title='bbox 2041 1201 2208 1255; x_wconf 88' lang='lat' dir='ltr'><strong>vehe-</strong></span> 
     </span>
    </p>
   </div>
   <div class='ocr_carea' id='block_1_13' title="bbox 644 1291 2208 1364">
    <p class='ocr_par' dir='ltr' id='par_1_13' title="bbox 644 1291 2208 1364">
     <span class='ocr_line' id='line_1_13' title="bbox 644 1291 2208 1364; baseline -0.007 -7"><span class='ocrx_word' id='word_1_77' title='bbox 644 1303 878 1357; x_wconf 87' lang='lat' dir='ltr'><strong>mentior</strong></span> <span class='ocrx_word' id='word_1_78' title='bbox 899 1299 1080 1364; x_wconf 76' lang='lat' dir='ltr'><strong>fuerit,</strong></span> <span class='ocrx_word' id='word_1_79' title='bbox 1103 1308 1301 1354; x_wconf 88' lang='lat' dir='ltr'><strong>terram</strong></span> <span class='ocrx_word' id='word_1_80' title='bbox 1331 1296 1618 1357; x_wconf 82' lang='lat' dir='ltr'><strong>abstrahit,</strong></span> <span class='ocrx_word' id='word_1_81' title='bbox 1635 1304 1690 1349; x_wconf 88' lang='lat' dir='ltr'><strong>et</strong></span> <span class='ocrx_word' id='word_1_82' title='bbox 1712 1293 1967 1364; x_wconf 78' lang='lat' dir='ltr'><strong>agricolae</strong></span> <span class='ocrx_word' id='word_1_83' title='bbox 1998 1291 2208 1346; x_wconf 76' lang='lat' dir='ltr'><strong>fructus</strong></span> 
     </span>
    </p>
   </div>
   <div class='ocr_carea' id='block_1_14' title="bbox 638 1382 2207 1454">
    <p class='ocr_par' dir='ltr' id='par_1_14' title="bbox 638 1382 2207 1454">
     <span class='ocr_line' id='line_1_14' title="bbox 638 1382 2207 1454; baseline -0.009 -4"><span class='ocrx_word' id='word_1_84' title='bbox 638 1393 948 1451; x_wconf 87' lang='lat' dir='ltr'><strong>summatim</strong></span> <span class='ocrx_word' id='word_1_85' title='bbox 982 1389 1336 1454; x_wconf 84' lang='lat' dir='ltr'><strong>comminuit;</strong></span> <span class='ocrx_word' id='word_1_86' title='bbox 1369 1389 1484 1442; x_wconf 73' lang='lat' dir='ltr'><strong>hazc</strong></span> <span class='ocrx_word' id='word_1_87' title='bbox 1517 1395 1693 1440; x_wconf 89' lang='lat' dir='ltr'><strong>autem</strong></span> <span class='ocrx_word' id='word_1_88' title='bbox 1723 1385 1924 1440; x_wconf 88' lang='lat' dir='ltr'><strong>sensim</strong></span> <span class='ocrx_word' id='word_1_89' title='bbox 1966 1398 2030 1438; x_wconf 90' lang='lat' dir='ltr'><strong>ac</strong></span> <span class='ocrx_word' id='word_1_90' title='bbox 2068 1382 2207 1438; x_wconf 88' lang='lat' dir='ltr'><strong>leni-</strong></span> 
     </span>
    </p>
   </div>
   <div class='ocr_carea' id='block_1_15' title="bbox 642 1474 2210 1549">
    <p class='ocr_par' dir='ltr' id='par_1_15' title="bbox 642 1474 2210 1549">
     <span class='ocr_line' id='line_1_15' title="bbox 642 1474 2210 1549; baseline -0.01 -7"><span class='ocrx_word' id='word_1_91' title='bbox 642 1499 725 1542; x_wconf 90' lang='lat' dir='ltr'><strong>ter</strong></span> <span class='ocrx_word' id='word_1_92' title='bbox 747 1487 953 1548; x_wconf 85' lang='lat' dir='ltr'><strong>labens,</strong></span> <span class='ocrx_word' id='word_1_93' title='bbox 982 1493 1038 1538; x_wconf 91' lang='lat' dir='ltr'><strong>et</strong></span> <span class='ocrx_word' id='word_1_94' title='bbox 1073 1483 1138 1536; x_wconf 88' lang='lat' dir='ltr'><strong>ad</strong></span> <span class='ocrx_word' id='word_1_95' title='bbox 1165 1483 1271 1536; x_wconf 89' lang='lat' dir='ltr'><strong>ima</strong></span> <span class='ocrx_word' id='word_1_96' title='bbox 1302 1494 1474 1549; x_wconf 90' lang='lat' dir='ltr'><strong>usque</strong></span> <span class='ocrx_word' id='word_1_97' title='bbox 1522 1487 1832 1546; x_wconf 85' lang='lat' dir='ltr'><strong>penetrans,</strong></span> <span class='ocrx_word' id='word_1_98' title='bbox 1868 1491 2055 1546; x_wconf 82' lang='lat' dir='ltr'><strong>agrum</strong></span> <span class='ocrx_word' id='word_1_99' title='bbox 2090 1474 2210 1542; x_wconf 82' lang='lat' dir='ltr'><strong>pin-</strong></span> 
     </span>
    </p>
   </div>
   <div class='ocr_carea' id='block_1_16' title="bbox 639 1563 2206 1644">
    <p class='ocr_par' dir='ltr' id='par_1_16' title="bbox 639 1563 2206 1644">
     <span class='ocr_line' id='line_1_16' title="bbox 639 1563 2206 1644; baseline -0.006 -18"><span class='ocrx_word' id='word_1_100' title='bbox 639 1590 797 1644; x_wconf 84' lang='lat' dir='ltr'><strong>gnem</strong></span> <span class='ocrx_word' id='word_1_101' title='bbox 853 1573 1063 1636; x_wconf 87' lang='lat' dir='ltr'><strong>reddit,</strong></span> <span class='ocrx_word' id='word_1_102' title='bbox 1108 1581 1268 1640; x_wconf 89' lang='lat' dir='ltr'><strong>atque</strong></span> <span class='ocrx_word' id='word_1_103' title='bbox 1328 1566 1625 1636; x_wconf 79' lang='lat' dir='ltr'><strong>agricolam</strong></span> <span class='ocrx_word' id='word_1_104' title='bbox 1697 1566 1979 1619; x_wconf 90' lang='lat' dir='ltr'><strong>commodo</strong></span> <span class='ocrx_word' id='word_1_105' title='bbox 2023 1563 2206 1626; x_wconf 83' lang='lat' dir='ltr'><strong>allicit,</strong></span> 
     </span>
    </p>
   </div>
   <div class='ocr_carea' id='block_1_17' title="bbox 639 1657 2206 1737">
    <p class='ocr_par' dir='ltr' id='par_1_17' title="bbox 639 1657 2206 1737">
     <span class='ocr_line' id='line_1_17' title="bbox 639 1657 2206 1737; baseline -0.006 -17"><span class='ocrx_word' id='word_1_106' title='bbox 639 1668 947 1737; x_wconf 83' lang='lat' dir='ltr'><strong>spicamque</strong></span> <span class='ocrx_word' id='word_1_107' title='bbox 973 1667 1037 1719; x_wconf 91' lang='lat' dir='ltr'><strong>ad</strong></span> <span class='ocrx_word' id='word_1_108' title='bbox 1071 1674 1337 1718; x_wconf 88' lang='lat' dir='ltr'><strong>maturum</strong></span> <span class='ocrx_word' id='word_1_109' title='bbox 1389 1664 1624 1716; x_wconf 78' lang='lat' dir='ltr'><strong>fructum</strong></span> <span class='ocrx_word' id='word_1_110' title='bbox 1660 1659 1778 1712; x_wconf 87' lang='lat' dir='ltr'><strong>alit.</strong></span> <span class='ocrx_word' id='word_1_111' title='bbox 1835 1657 1946 1712; x_wconf 84' lang='lat' dir='ltr'><strong>Nec</strong></span> <span class='ocrx_word' id='word_1_112' title='bbox 1993 1659 2122 1712; x_wconf 84' lang='lat' dir='ltr'><strong>item</strong></span> <span class='ocrx_word' id='word_1_113' title='bbox 2152 1658 2206 1711; x_wconf 92' lang='lat' dir='ltr'><strong>in</strong></span> 
     </span>
    </p>
   </div>
   <div class='ocr_carea' id='block_1_18' title="bbox 637 1751 2208 1825">
    <p class='ocr_par' dir='ltr' id='par_1_18' title="bbox 637 1751 2208 1825">
     <span class='ocr_line' id='line_1_18' title="bbox 637 1751 2208 1825; baseline -0.007 -10"><span class='ocrx_word' id='word_1_114' title='bbox 637 1761 998 1821; x_wconf 85' lang='lat' dir='ltr'><strong>sermonibus,</strong></span> <span class='ocrx_word' id='word_1_115' title='bbox 1031 1757 1097 1819; x_wconf 91' lang='lat' dir='ltr'><strong>is,</strong></span> <span class='ocrx_word' id='word_1_116' title='bbox 1129 1757 1221 1825; x_wconf 91' lang='lat' dir='ltr'><strong>qui</strong></span> <span class='ocrx_word' id='word_1_117' title='bbox 1263 1754 1476 1809; x_wconf 89' lang='lat' dir='ltr'><strong>dicendi</strong></span> <span class='ocrx_word' id='word_1_118' title='bbox 1500 1753 1654 1821; x_wconf 85' lang='lat' dir='ltr'><strong>c0pia</strong></span> <span class='ocrx_word' id='word_1_119' title='bbox 1684 1762 1908 1821; x_wconf 73' lang='lat' dir='ltr'><strong>przeSIat</strong></span> <span class='ocrx_word' id='word_1_120' title='bbox 1931 1791 1946 1816; x_wconf 91' lang='lat'><strong>,</strong></span> <span class='ocrx_word' id='word_1_121' title='bbox 1991 1751 2208 1821; x_wconf 86' lang='lat' dir='ltr'><strong>sapien-</strong></span> 
     </span>
    </p>
   </div>
   <div class='ocr_carea' id='block_1_19' title="bbox 2315 562 3800 636">
    <p class='ocr_par' dir='ltr' id='par_1_19' title="bbox 2315 562 3800 636">
     <span class='ocr_line' id='line_1_19' title="bbox 2315 562 3800 636; baseline 0.001 -18"><span class='ocrx_word' id='word_1_122' title='bbox 2315 566 2528 618; x_wconf 74' lang='grc' dir='ltr'>εἴκοντα</span> <span class='ocrx_word' id='word_1_123' title='bbox 2563 564 2867 635; x_wconf 78' lang='grc' dir='ltr'>πνεύματις</span> <span class='ocrx_word' id='word_1_124' title='bbox 2907 562 2960 614; x_wconf 89' lang='grc' dir='ltr'><strong>τί</strong></span> <span class='ocrx_word' id='word_1_125' title='bbox 2986 562 3082 632; x_wconf 68' lang='grc' dir='ltr'>τὴν</span> <span class='ocrx_word' id='word_1_126' title='bbox 3113 565 3350 636; x_wconf 80' lang='grc' dir='ltr'>κεφαλὴν</span> <span class='ocrx_word' id='word_1_127' title='bbox 3382 565 3713 633; x_wconf 48' lang='lat' dir='ltr'><strong>arpi-Evenit“:</strong></span> <span class='ocrx_word' id='word_1_128' title='bbox 3727 574 3800 636; x_wconf 60' lang='lat' dir='ltr'><strong>te);</strong></span> 
     </span>
    </p>
   </div>
   <div class='ocr_carea' id='block_1_20' title="bbox 2315 653 3801 727">
    <p class='ocr_par' dir='ltr' id='par_1_20' title="bbox 2315 653 3801 727">
     <span class='ocr_line' id='line_1_20' title="bbox 2315 653 3801 727; baseline 0.002 -17"><span class='ocrx_word' id='word_1_129' title='bbox 2315 657 2482 720; x_wconf 84' lang='grc' dir='ltr'><strong>πόδας</strong></span> <span class='ocrx_word' id='word_1_130' title='bbox 2513 655 2814 709; x_wconf 81' lang='grc' dir='ltr'>ὲσπεύσατε</span> <span class='ocrx_word' id='word_1_131' title='bbox 2849 653 2988 725; x_wconf 87' lang='grc'>(90);</span> <span class='ocrx_word' id='word_1_132' title='bbox 3020 655 3072 708; x_wconf 92' lang='grc' dir='ltr'><strong>τί</strong></span> <span class='ocrx_word' id='word_1_133' title='bbox 3091 656 3180 707; x_wconf 84' lang='grc' dir='ltr'><strong>τὸν</strong></span> <span class='ocrx_word' id='word_1_134' title='bbox 3196 655 3408 727; x_wconf 79' lang='grc' dir='ltr'>’Δαρὼν</span> <span class='ocrx_word' id='word_1_135' title='bbox 3430 657 3801 726; x_wconf 74' lang='grc' dir='ltr'>παρατρέχοντες,</span> 
     </span>
    </p>
   </div>
   <div class='ocr_carea' id='block_1_21' title="bbox 2313 746 3801 820">
    <p class='ocr_par' dir='ltr' id='par_1_21' title="bbox 2313 746 3801 820">
     <span class='ocr_line' id='line_1_21' title="bbox 2313 746 3801 820; baseline -0.005 -19"><span class='ocrx_word' id='word_1_136' title='bbox 2313 749 2405 802; x_wconf 80' lang='grc' dir='ltr'><strong>τὸν</strong></span> <span class='ocrx_word' id='word_1_137' title='bbox 2437 746 2697 818; x_wconf 77' lang='grc' dir='ltr'>Ἐλεάζαρ</span> <span class='ocrx_word' id='word_1_138' title='bbox 2720 746 3084 819; x_wconf 80' lang='grc' dir='ltr'>προϐάλλεσθε</span> <span class='ocrx_word' id='word_1_139' title='bbox 3106 764 3119 809; x_wconf 90' lang='lat'><strong>;</strong></span> <span class='ocrx_word' id='word_1_140' title='bbox 3146 749 3222 800; x_wconf 74' lang='grc' dir='ltr'><strong>Οὐ</strong></span> <span class='ocrx_word' id='word_1_141' title='bbox 3246 748 3472 818; x_wconf 82' lang='grc' dir='ltr'>δέχομαι</span> <span class='ocrx_word' id='word_1_142' title='bbox 3502 749 3671 818; x_wconf 74' lang='grc' dir='ltr'>πηγὴν</span> <span class='ocrx_word' id='word_1_143' title='bbox 3694 754 3801 820; x_wconf 62' lang='grc' dir='ltr'><strong>ξράπ.</strong></span> 
     </span>
    </p>
   </div>
   <div class='ocr_carea' id='block_1_22' title="bbox 2316 840 3802 912">
    <p class='ocr_par' dir='ltr' id='par_1_22' title="bbox 2316 840 3802 912">
     <span class='ocr_line' id='line_1_22' title="bbox 2316 840 3802 912; baseline 0.002 -17"><span class='ocrx_word' id='word_1_144' title='bbox 2316 843 2525 904; x_wconf 89' lang='grc' dir='ltr'>σεσθαι,</span> <span class='ocrx_word' id='word_1_145' title='bbox 2557 842 2650 893; x_wconf 77' lang='grc' dir='ltr'><strong>καὶ</strong></span> <span class='ocrx_word' id='word_1_146' title='bbox 2681 840 2978 912; x_wconf 74' lang='grc' dir='ltr'>χείμαρρον</span> <span class='ocrx_word' id='word_1_147' title='bbox 3009 841 3300 912; x_wconf 81' lang='grc' dir='ltr'>φέρεσθαι·</span> <span class='ocrx_word' id='word_1_148' title='bbox 3329 841 3479 911; x_wconf 72' lang='grc' dir='ltr'>ἥλιον</span> <span class='ocrx_word' id='word_1_149' title='bbox 3522 841 3802 910; x_wconf 72' lang='grc' dir='ltr'>κρύπτεσθαι,</span> 
     </span>
    </p>
   </div>
   <div class='ocr_carea' id='block_1_23' title="bbox 2315 930 3805 1002">
    <p class='ocr_par' dir='ltr' id='par_1_23' title="bbox 2315 930 3805 1002">
     <span class='ocr_line' id='line_1_23' title="bbox 2315 930 3805 1002; baseline 0.001 -17"><span class='ocrx_word' id='word_1_150' title='bbox 2315 932 2408 985; x_wconf 77' lang='grc' dir='ltr'>καὶ</span> <span class='ocrx_word' id='word_1_151' title='bbox 2444 931 2648 1002; x_wconf 80' lang='grc' dir='ltr'><strong>ἀστέρα</strong></span> <span class='ocrx_word' id='word_1_152' title='bbox 2685 930 3012 983; x_wconf 79' lang='grc' dir='ltr'><strong>δείκνυσθαι·</strong></span> <span class='ocrx_word' id='word_1_153' title='bbox 3061 931 3160 1001; x_wconf 85' lang='grc' dir='ltr'>τὴν</span> <span class='ocrx_word' id='word_1_154' title='bbox 3210 930 3397 983; x_wconf 81' lang='grc' dir='ltr'>πολιάν</span> <span class='ocrx_word' id='word_1_155' title='bbox 3423 932 3722 1002; x_wconf 77' lang='grc' dir='ltr'><strong>ὑποχωρεῖν,</strong></span> <span class='ocrx_word' id='word_1_156' title='bbox 3750 940 3805 989; x_wconf 77' lang='lat' dir='ltr'><strong>ui</strong></span> 
     </span>
    </p>
   </div>
   <div class='ocr_carea' id='block_1_24' title="bbox 2313 1022 3807 1096">
    <p class='ocr_par' dir='ltr' id='par_1_24' title="bbox 2313 1022 3807 1096">
     <span class='ocr_line' id='line_1_24' title="bbox 2313 1022 3807 1096; baseline 0 -20"><span class='ocrx_word' id='word_1_157' title='bbox 2313 1023 2412 1093; x_wconf 76' lang='grc' dir='ltr'><strong>τὴν</strong></span> <span class='ocrx_word' id='word_1_158' title='bbox 2437 1022 2664 1094; x_wconf 84' lang='grc' dir='ltr'>νεότητα</span> <span class='ocrx_word' id='word_1_159' title='bbox 2685 1022 3016 1092; x_wconf 86' lang='grc' dir='ltr'>νομοθετεῖν·</span> <span class='ocrx_word' id='word_1_160' title='bbox 3047 1022 3144 1092; x_wconf 85' lang='grc' dir='ltr'>τὴν</span> <span class='ocrx_word' id='word_1_161' title='bbox 3169 1022 3358 1091; x_wconf 82' lang='grc' dir='ltr'>σοφίαν</span> <span class='ocrx_word' id='word_1_162' title='bbox 3391 1024 3623 1093; x_wconf 75' lang='grc' dir='ltr'>σιωπᾷν,</span> <span class='ocrx_word' id='word_1_163' title='bbox 3654 1026 3726 1076; x_wconf 75' lang='grc' dir='ltr'><strong>καί</strong></span> <span class='ocrx_word' id='word_1_164' title='bbox 3747 1029 3807 1096; x_wconf 58' lang='grc' dir='ltr'><strong>τις,</strong></span> 
     </span>
    </p>
   </div>
   <div class='ocr_carea' id='block_1_25' title="bbox 2313 1111 3804 1186">
    <p class='ocr_par' dir='ltr' id='par_1_25' title="bbox 2313 1111 3804 1186">
     <span class='ocr_line' id='line_1_25' title="bbox 2313 1111 3804 1186; baseline 0.001 -19"><span class='ocrx_word' id='word_1_165' title='bbox 2313 1113 2566 1186; x_wconf 79' lang='grc' dir='ltr'>ἀπειρίαν</span> <span class='ocrx_word' id='word_1_166' title='bbox 2592 1111 2980 1167; x_wconf 82' lang='grc' dir='ltr'>νεανιεύεσθαι.</span> <span class='ocrx_word' id='word_1_167' title='bbox 3009 1111 3145 1165; x_wconf 79' lang='grc' dir='ltr'>Οὔτε</span> <span class='ocrx_word' id='word_1_168' title='bbox 3176 1113 3331 1165; x_wconf 78' lang='grc' dir='ltr'>ὑετοῦ</span> <span class='ocrx_word' id='word_1_169' title='bbox 3357 1113 3575 1176; x_wconf 77' lang='grc' dir='ltr'>παντως</span> <span class='ocrx_word' id='word_1_170' title='bbox 3605 1115 3630 1165; x_wconf 99' lang='lat'><strong>6</strong></span> <span class='ocrx_word' id='word_1_171' title='bbox 3657 1113 3804 1180; x_wconf 77' lang='grc' dir='ltr'>πλείων,</span> 
     </span>
    </p>
   </div>
   <div class='ocr_carea' id='block_1_26' title="bbox 2313 1202 3806 1276">
    <p class='ocr_par' dir='ltr' id='par_1_26' title="bbox 2313 1202 3806 1276">
     <span class='ocr_line' id='line_1_26' title="bbox 2313 1202 3806 1276; baseline 0.001 -20"><span class='ocrx_word' id='word_1_172' title='bbox 2313 1203 2410 1257; x_wconf 82' lang='grc' dir='ltr'>τοῦ</span> <span class='ocrx_word' id='word_1_173' title='bbox 2441 1204 2717 1268; x_wconf 75' lang='grc' dir='ltr'>ἐλάττονος</span> <span class='ocrx_word' id='word_1_174' title='bbox 2743 1203 3152 1276; x_wconf 82' lang='grc' dir='ltr'>χρησιμώτερος</span> <span class='ocrx_word' id='word_1_175' title='bbox 3173 1220 3186 1232; x_wconf 93' lang='grc'><strong>·</strong></span> <span class='ocrx_word' id='word_1_176' title='bbox 3226 1203 3279 1255; x_wconf 90' lang='grc' dir='ltr'><strong>τί</strong></span> <span class='ocrx_word' id='word_1_177' title='bbox 3313 1202 3419 1274; x_wconf 84' lang='grc' dir='ltr'>γάρ</span> <span class='ocrx_word' id='word_1_178' title='bbox 3452 1203 3599 1271; x_wconf 73' lang='grc'>(91),</span> <span class='ocrx_word' id='word_1_179' title='bbox 3629 1203 3683 1255; x_wconf 83' lang='grc' dir='ltr'>Εἰ</span> <span class='ocrx_word' id='word_1_180' title='bbox 3709 1207 3728 1256; x_wconf 76' lang='grc' dir='ltr'>ὁ</span> <span class='ocrx_word' id='word_1_181' title='bbox 3750 1210 3806 1274; x_wconf 64' lang='grc' dir='ltr'><strong>μὲι</strong></span> 
     </span>
    </p>
   </div>
   <div class='ocr_carea' id='block_1_27' title="bbox 2315 1294 3810 1369">
    <p class='ocr_par' dir='ltr' id='par_1_27' title="bbox 2315 1294 3810 1369">
     <span class='ocr_line' id='line_1_27' title="bbox 2315 1294 3810 1369; baseline -0.001 -19"><span class='ocrx_word' id='word_1_182' title='bbox 2315 1298 2667 1368; x_wconf 80' lang='grc' dir='ltr'><strong>σφοδρότερος</strong></span> <span class='ocrx_word' id='word_1_183' title='bbox 2713 1295 2811 1360; x_wconf 83' lang='grc' dir='ltr'><strong>ὢν,</strong></span> <span class='ocrx_word' id='word_1_184' title='bbox 2844 1295 3147 1367; x_wconf 82' lang='grc' dir='ltr'>παρασύρει</span> <span class='ocrx_word' id='word_1_185' title='bbox 3175 1295 3272 1365; x_wconf 80' lang='grc' dir='ltr'>τὴν</span> <span class='ocrx_word' id='word_1_186' title='bbox 3315 1295 3440 1365; x_wconf 79' lang='grc' dir='ltr'>γῆν,</span> <span class='ocrx_word' id='word_1_187' title='bbox 3501 1294 3597 1347; x_wconf 73' lang='grc' dir='ltr'>καὶ</span> <span class='ocrx_word' id='word_1_188' title='bbox 3642 1300 3810 1369; x_wconf 70' lang='grc' dir='ltr'>προςζη.</span> 
     </span>
    </p>
   </div>
   <div class='ocr_carea' id='block_1_28' title="bbox 2317 1388 3811 1460">
    <p class='ocr_par' dir='ltr' id='par_1_28' title="bbox 2317 1388 3811 1460">
     <span class='ocr_line' id='line_1_28' title="bbox 2317 1388 3811 1460; baseline -0.001 -18"><span class='ocrx_word' id='word_1_189' title='bbox 2317 1392 2430 1460; x_wconf 88' lang='grc' dir='ltr'>μιοῖ</span> <span class='ocrx_word' id='word_1_190' title='bbox 2453 1388 2531 1460; x_wconf 82' lang='grc' dir='ltr'>τῷ</span> <span class='ocrx_word' id='word_1_191' title='bbox 2560 1388 2840 1459; x_wconf 79' lang='grc' dir='ltr'>κεφαλαίῳ</span> <span class='ocrx_word' id='word_1_192' title='bbox 2870 1388 2959 1441; x_wconf 75' lang='grc' dir='ltr'><strong>τὸν</strong></span> <span class='ocrx_word' id='word_1_193' title='bbox 2981 1389 3245 1459; x_wconf 87' lang='grc' dir='ltr'>γεωργόν·</span> <span class='ocrx_word' id='word_1_194' title='bbox 3267 1390 3294 1440; x_wconf 92' lang='lat'><strong>6</strong></span> <span class='ocrx_word' id='word_1_195' title='bbox 3315 1388 3372 1440; x_wconf 80' lang='grc' dir='ltr'><strong>δὲ</strong></span> <span class='ocrx_word' id='word_1_196' title='bbox 3394 1388 3577 1459; x_wconf 75' lang='grc' dir='ltr'>ἡρέμα</span> <span class='ocrx_word' id='word_1_197' title='bbox 3605 1388 3811 1457; x_wconf 69' lang='grc' dir='ltr'>χεόμενος,</span> 
     </span>
    </p>
   </div>
   <div class='ocr_carea' id='block_1_29' title="bbox 2313 1479 3812 1552">
    <p class='ocr_par' dir='ltr' id='par_1_29' title="bbox 2313 1479 3812 1552">
     <span class='ocr_line' id='line_1_29' title="bbox 2313 1479 3812 1552; baseline -0.001 -18"><span class='ocrx_word' id='word_1_198' title='bbox 2313 1482 2409 1535; x_wconf 78' lang='grc' dir='ltr'><strong>καὶ</strong></span> <span class='ocrx_word' id='word_1_199' title='bbox 2435 1483 2514 1544; x_wconf 87' lang='grc' dir='ltr'><strong>είς</strong></span> <span class='ocrx_word' id='word_1_200' title='bbox 2552 1480 2619 1534; x_wconf 79' lang='grc' dir='ltr'>τὰ</span> <span class='ocrx_word' id='word_1_201' title='bbox 2654 1480 2790 1552; x_wconf 85' lang='grc' dir='ltr'><strong>βάθη</strong></span> <span class='ocrx_word' id='word_1_202' title='bbox 2822 1480 3098 1551; x_wconf 77' lang='grc' dir='ltr'>δυόμενος,</span> <span class='ocrx_word' id='word_1_203' title='bbox 3130 1480 3330 1532; x_wconf 78' lang='grc' dir='ltr'>πιαίνει</span> <span class='ocrx_word' id='word_1_204' title='bbox 3359 1479 3456 1550; x_wconf 79' lang='grc' dir='ltr'><strong>τὴν</strong></span> <span class='ocrx_word' id='word_1_205' title='bbox 3501 1480 3732 1550; x_wconf 78' lang='grc' dir='ltr'>ἄρουραν,</span> <span class='ocrx_word' id='word_1_206' title='bbox 3757 1487 3812 1534; x_wconf 75' lang='lat' dir='ltr'><strong>ni</strong></span> 
     </span>
    </p>
   </div>
   <div class='ocr_carea' id='block_1_30' title="bbox 2312 1571 3812 1645">
    <p class='ocr_par' dir='ltr' id='par_1_30' title="bbox 2312 1571 3812 1645">
     <span class='ocr_line' id='line_1_30' title="bbox 2312 1571 3812 1645; baseline -0.001 -18"><span class='ocrx_word' id='word_1_207' title='bbox 2312 1574 2514 1645; x_wconf 82' lang='grc' dir='ltr'>ὀνίνησι</span> <span class='ocrx_word' id='word_1_208' title='bbox 2547 1573 2638 1627; x_wconf 80' lang='grc' dir='ltr'><strong>τὸν</strong></span> <span class='ocrx_word' id='word_1_209' title='bbox 2669 1572 2961 1644; x_wconf 85' lang='grc' dir='ltr'>ἀρόσαντα,</span> <span class='ocrx_word' id='word_1_210' title='bbox 2993 1572 3085 1625; x_wconf 73' lang='grc' dir='ltr'><strong>καὶ</strong></span> <span class='ocrx_word' id='word_1_211' title='bbox 3117 1571 3304 1642; x_wconf 78' lang='grc' dir='ltr'>τρέφει</span> <span class='ocrx_word' id='word_1_212' title='bbox 3345 1572 3548 1641; x_wconf 80' lang='grc' dir='ltr'>στάχυν</span> <span class='ocrx_word' id='word_1_213' title='bbox 3571 1574 3648 1634; x_wconf 87' lang='grc' dir='ltr'><strong>είς</strong></span> <span class='ocrx_word' id='word_1_214' title='bbox 3667 1578 3812 1644; x_wconf 58' lang='lat' dir='ltr'><strong>impria</strong></span> 
     </span>
    </p>
   </div>
   <div class='ocr_carea' id='block_1_31' title="bbox 2312 1665 3815 1737">
    <p class='ocr_par' dir='ltr' id='par_1_31' title="bbox 2312 1665 3815 1737">
     <span class='ocr_line' id='line_1_31' title="bbox 2312 1665 3815 1737; baseline 0.001 -19"><span class='ocrx_word' id='word_1_215' title='bbox 2312 1665 2538 1737; x_wconf 82' lang='grc' dir='ltr'>ὦριμον.</span> <span class='ocrx_word' id='word_1_216' title='bbox 2561 1666 2698 1718; x_wconf 75' lang='grc' dir='ltr'>Οὖτε</span> <span class='ocrx_word' id='word_1_217' title='bbox 2726 1669 2784 1719; x_wconf 85' lang='grc' dir='ltr'>ὲν</span> <span class='ocrx_word' id='word_1_218' title='bbox 2815 1665 2926 1736; x_wconf 67' lang='grc'>(92)</span> <span class='ocrx_word' id='word_1_219' title='bbox 2947 1666 3126 1735; x_wconf 83' lang='grc' dir='ltr'>λόγοις</span> <span class='ocrx_word' id='word_1_220' title='bbox 3155 1667 3184 1718; x_wconf 92' lang='lat'><strong>6</strong></span> <span class='ocrx_word' id='word_1_221' title='bbox 3214 1665 3615 1736; x_wconf 77' lang='grc' dir='ltr'>δαψιλέστερος,</span> <span class='ocrx_word' id='word_1_222' title='bbox 3662 1667 3735 1718; x_wconf 73' lang='grc' dir='ltr'>τοῦ</span> <span class='ocrx_word' id='word_1_223' title='bbox 3759 1685 3815 1719; x_wconf 68' lang='grc' dir='ltr'>σοι</span> 
     </span>
    </p>
   </div>
   <div class='ocr_carea' id='block_1_32' title="bbox 2291 1745 3813 1828">
    <p class='ocr_par' dir='ltr' id='par_1_32' title="bbox 2291 1745 3813 1828">
     <span class='ocr_line' id='line_1_32' title="bbox 2291 1745 3813 1828; baseline 0 -19"><span class='ocrx_word' id='word_1_224' title='bbox 2291 1745 2556 1826; x_wconf 77' lang='grc' dir='ltr'>’φωτέρου</span> <span class='ocrx_word' id='word_1_225' title='bbox 2579 1756 3032 1828; x_wconf 81' lang='grc' dir='ltr'>λυσιτελέστερος.</span> <span class='ocrx_word' id='word_1_226' title='bbox 3079 1758 3138 1809; x_wconf 83' lang='lat'><strong>&#39;0</strong></span> <span class='ocrx_word' id='word_1_227' title='bbox 3158 1757 3253 1826; x_wconf 81' lang='grc' dir='ltr'><strong>μὲν</strong></span> <span class='ocrx_word' id='word_1_228' title='bbox 3273 1757 3379 1828; x_wconf 82' lang='grc' dir='ltr'>γὰρ</span> <span class='ocrx_word' id='word_1_229' title='bbox 3409 1757 3542 1820; x_wconf 71' lang='grc' dir='ltr'>ἴσως</span> <span class='ocrx_word' id='word_1_230' title='bbox 3571 1756 3727 1825; x_wconf 80' lang='grc' dir='ltr'>ὀλίγον</span> <span class='ocrx_word' id='word_1_231' title='bbox 3742 1760 3813 1826; x_wconf 70' lang='grc'>(93)</span> 
     </span>
    </p>
   </div>
   <div class='ocr_carea' id='block_1_33' title="bbox 642 1835 2202 1920">
    <p class='ocr_par' dir='ltr' id='par_1_33' title="bbox 642 1840 2200 1907">
     <span class='ocr_line' id='line_1_33' title="bbox 642 1840 2200 1907; baseline -0.005 -7"><span class='ocrx_word' id='word_1_232' title='bbox 642 1848 780 1902; x_wconf 82' lang='lat' dir='ltr'><strong>tiore</strong></span> <span class='ocrx_word' id='word_1_233' title='bbox 814 1847 1140 1900; x_wconf 77' lang='lat' dir='ltr'><strong>fructuosior</strong></span> <span class='ocrx_word' id='word_1_234' title='bbox 1181 1854 1234 1899; x_wconf 91' lang='lat' dir='ltr'><strong>et</strong></span> <span class='ocrx_word' id='word_1_235' title='bbox 1290 1842 1681 1898; x_wconf 89' lang='lat' dir='ltr'><strong>conducibilior</strong></span> <span class='ocrx_word' id='word_1_236' title='bbox 1731 1850 1836 1894; x_wconf 89' lang='lat' dir='ltr'><strong>est.</strong></span> <span class='ocrx_word' id='word_1_237' title='bbox 1890 1840 1982 1895; x_wconf 86' lang='lat' dir='ltr'><strong>Ille</strong></span> <span class='ocrx_word' id='word_1_238' title='bbox 2033 1840 2200 1907; x_wconf 89' lang='lat' dir='ltr'><strong>enim,</strong></span> 
     </span>
    </p>
   </div>
   <div class='ocr_carea' id='block_1_34' title="bbox 2313 1835 3818 1920">
    <p class='ocr_par' dir='ltr' id='par_1_34' title="bbox 2313 1847 3818 1920">
     <span class='ocr_line' id='line_1_34' title="bbox 2313 1847 3818 1920; baseline -0.001 -19"><span class='ocrx_word' id='word_1_239' title='bbox 2313 1848 2578 1920; x_wconf 83' lang='grc' dir='ltr'>εὐφράνας</span> <span class='ocrx_word' id='word_1_240' title='bbox 2606 1848 2839 1919; x_wconf 81' lang='grc' dir='ltr'>ἀπῆλθε,</span> <span class='ocrx_word' id='word_1_241' title='bbox 2875 1849 2971 1902; x_wconf 69' lang='grc' dir='ltr'><strong>καὶ</strong></span> <span class='ocrx_word' id='word_1_242' title='bbox 3007 1847 3144 1918; x_wconf 82' lang='grc' dir='ltr'>όμοῦ</span> <span class='ocrx_word' id='word_1_243' title='bbox 3178 1848 3256 1919; x_wconf 84' lang='grc' dir='ltr'><strong>τῷ</strong></span> <span class='ocrx_word' id='word_1_244' title='bbox 3277 1847 3537 1916; x_wconf 76' lang='grc' dir='ltr'>πληγέντι</span> <span class='ocrx_word' id='word_1_245' title='bbox 3565 1847 3680 1918; x_wconf 83' lang='grc' dir='ltr'>ἀέρι</span> <span class='ocrx_word' id='word_1_246' title='bbox 3701 1849 3818 1901; x_wconf 68' lang='grc' dir='ltr'>διελὺ-</span> 
     </span>
    </p>
   </div>
   <div class='ocr_carea' id='block_1_35' title="bbox 642 1932 2204 2005">
    <p class='ocr_par' dir='ltr' id='par_1_35' title="bbox 642 1932 2204 2005">
     <span class='ocr_line' id='line_1_35' title="bbox 642 1932 2204 2005; baseline -0.005 -13"><span class='ocrx_word' id='word_1_247' title='bbox 642 1955 764 1993; x_wconf 92' lang='lat' dir='ltr'><strong>cum</strong></span> <span class='ocrx_word' id='word_1_248' title='bbox 798 1939 1100 1991; x_wconf 88' lang='lat' dir='ltr'><strong>auditorem</strong></span> <span class='ocrx_word' id='word_1_249' title='bbox 1129 1936 1325 2005; x_wconf 81' lang='lat' dir='ltr'><strong>exigua</strong></span> <span class='ocrx_word' id='word_1_250' title='bbox 1376 1935 1561 1991; x_wconf 81' lang='lat' dir='ltr'><strong>forsan</strong></span> <span class='ocrx_word' id='word_1_251' title='bbox 1615 1934 1890 2003; x_wconf 87' lang='lat' dir='ltr'><strong>voluptate</strong></span> <span class='ocrx_word' id='word_1_252' title='bbox 1942 1932 2204 1998; x_wconf 79' lang='lat' dir='ltr'><strong>aﬂecerit,</strong></span> 
     </span>
    </p>
   </div>
   <div class='ocr_carea' id='block_1_36' title="bbox 639 2027 2204 2098">
    <p class='ocr_par' dir='ltr' id='par_1_36' title="bbox 639 2027 2204 2098">
     <span class='ocr_line' id='line_1_36' title="bbox 639 2027 2204 2098; baseline -0.003 -14"><span class='ocrx_word' id='word_1_253' title='bbox 639 2033 931 2089; x_wconf 77' lang='lat' dir='ltr'><strong>abscessit.</strong></span> <span class='ocrx_word' id='word_1_254' title='bbox 961 2028 1230 2097; x_wconf 86' lang='lat' dir='ltr'><strong>simulque</strong></span> <span class='ocrx_word' id='word_1_255' title='bbox 1259 2044 1378 2082; x_wconf 90' lang='lat' dir='ltr'><strong>cum</strong></span> <span class='ocrx_word' id='word_1_256' title='bbox 1409 2043 1670 2098; x_wconf 89' lang='lat' dir='ltr'><strong>percusso</strong></span> <span class='ocrx_word' id='word_1_257' title='bbox 1700 2043 1824 2082; x_wconf 91' lang='lat' dir='ltr'><strong>acre</strong></span> <span class='ocrx_word' id='word_1_258' title='bbox 1863 2027 2076 2082; x_wconf 91' lang='lat' dir='ltr'><strong>solutus</strong></span> <span class='ocrx_word' id='word_1_259' title='bbox 2101 2036 2204 2093; x_wconf 91' lang='lat' dir='ltr'><strong>est,</strong></span> 
     </span>
    </p>
   </div>
   <div class='ocr_carea' id='block_1_37' title="bbox 639 2118 2208 2189">
    <p class='ocr_par' dir='ltr' id='par_1_37' title="bbox 639 2118 2208 2189">
     <span class='ocr_line' id='line_1_37' title="bbox 639 2118 2208 2189; baseline -0.001 -15"><span class='ocrx_word' id='word_1_260' title='bbox 639 2121 774 2174; x_wconf 89' lang='lat' dir='ltr'><strong>nihil</strong></span> <span class='ocrx_word' id='word_1_261' title='bbox 806 2120 952 2174; x_wconf 87' lang='lat' dir='ltr'><strong>aliud</strong></span> <span class='ocrx_word' id='word_1_262' title='bbox 985 2135 1146 2189; x_wconf 88' lang='lat' dir='ltr'><strong>supra</strong></span> <span class='ocrx_word' id='word_1_263' title='bbox 1184 2119 1284 2172; x_wconf 89' lang='lat' dir='ltr'><strong>hoc</strong></span> <span class='ocrx_word' id='word_1_264' title='bbox 1312 2119 1507 2173; x_wconf 88' lang='lat' dir='ltr'><strong>virium</strong></span> <span class='ocrx_word' id='word_1_265' title='bbox 1556 2120 1760 2174; x_wconf 86' lang='lat' dir='ltr'><strong>habens</strong></span> <span class='ocrx_word' id='word_1_266' title='bbox 1803 2133 1866 2173; x_wconf 89' lang='lat' dir='ltr'><strong>ac</strong></span> <span class='ocrx_word' id='word_1_267' title='bbox 1892 2133 1986 2188; x_wconf 89' lang='lat' dir='ltr'><strong>per</strong></span> <span class='ocrx_word' id='word_1_268' title='bbox 2013 2118 2208 2188; x_wconf 66' lang='lat' dir='ltr'><strong>linguae</strong></span> 
     </span>
    </p>
   </div>
   <div class='ocr_carea' id='block_1_38' title="bbox 641 2210 2206 2282">
    <p class='ocr_par' dir='ltr' id='par_1_38' title="bbox 641 2210 2206 2282">
     <span class='ocr_line' id='line_1_38' title="bbox 641 2210 2206 2282; baseline -0.003 -15"><span class='ocrx_word' id='word_1_269' title='bbox 641 2214 878 2282; x_wconf 87' lang='lat' dir='ltr'><strong>leporem</strong></span> <span class='ocrx_word' id='word_1_270' title='bbox 899 2213 1072 2266; x_wconf 90' lang='lat' dir='ltr'><strong>avidis</strong></span> <span class='ocrx_word' id='word_1_271' title='bbox 1090 2212 1311 2266; x_wconf 87' lang='lat' dir='ltr'><strong>auribus</strong></span> <span class='ocrx_word' id='word_1_272' title='bbox 1332 2220 1586 2279; x_wconf 85' lang='lat' dir='ltr'><strong>tanquam</strong></span> <span class='ocrx_word' id='word_1_273' title='bbox 1614 2211 1917 2280; x_wconf 68' lang='lat' dir='ltr'><strong>prtL-stigias</strong></span> <span class='ocrx_word' id='word_1_274' title='bbox 1947 2210 2206 2279; x_wconf 78' lang='lat' dir='ltr'><strong>quasdam</strong></span> 
     </span>
    </p>
   </div>
   <div class='ocr_carea' id='block_1_39' title="bbox 636 2299 2198 2371">
    <p class='ocr_par' dir='ltr' id='par_1_39' title="bbox 636 2299 2198 2371">
     <span class='ocr_line' id='line_1_39' title="bbox 636 2299 2198 2371; baseline -0.002 -15"><span class='ocrx_word' id='word_1_275' title='bbox 636 2303 846 2361; x_wconf 68' lang='lat' dir='ltr'><strong>oﬂ’udit.</strong></span> <span class='ocrx_word' id='word_1_276' title='bbox 891 2301 986 2356; x_wconf 91' lang='lat' dir='ltr'><strong>llic</strong></span> <span class='ocrx_word' id='word_1_277' title='bbox 1009 2313 1187 2355; x_wconf 88' lang='lat' dir='ltr'><strong>autem</strong></span> <span class='ocrx_word' id='word_1_278' title='bbox 1214 2301 1264 2355; x_wconf 91' lang='lat' dir='ltr'><strong>in</strong></span> <span class='ocrx_word' id='word_1_279' title='bbox 1310 2310 1544 2355; x_wconf 90' lang='lat' dir='ltr'><strong>mentem</strong></span> <span class='ocrx_word' id='word_1_280' title='bbox 1598 2301 1921 2371; x_wconf 83' lang='lat' dir='ltr'><strong>penetravit,</strong></span> <span class='ocrx_word' id='word_1_281' title='bbox 1968 2315 2033 2354; x_wconf 92' lang='lat' dir='ltr'><strong>ac</strong></span> <span class='ocrx_word' id='word_1_282' title='bbox 2064 2299 2198 2353; x_wconf 90' lang='lat' dir='ltr'><strong>dila-</strong></span> 
     </span>
    </p>
   </div>
   <div class='ocr_carea' id='block_1_40' title="bbox 2304 1938 3817 2010">
    <p class='ocr_par' dir='ltr' id='par_1_40' title="bbox 2304 1938 3817 2010">
     <span class='ocr_line' id='line_1_40' title="bbox 2304 1938 3817 2010; baseline -0.001 -18"><span class='ocrx_word' id='word_1_283' title='bbox 2304 1939 2393 2010; x_wconf 88' lang='grc' dir='ltr'><strong>θη,</strong></span> <span class='ocrx_word' id='word_1_284' title='bbox 2427 1938 2590 2009; x_wconf 84' lang='grc' dir='ltr'>μηδὲν</span> <span class='ocrx_word' id='word_1_285' title='bbox 2622 1939 2869 2010; x_wconf 74' lang='grc' dir='ltr'>δυνηθεὶς</span> <span class='ocrx_word' id='word_1_286' title='bbox 2897 1939 3037 2010; x_wconf 82' lang='grc' dir='ltr'>ὑπὲρ</span> <span class='ocrx_word' id='word_1_287' title='bbox 3053 1939 3228 2001; x_wconf 79' lang='grc' dir='ltr'>τοῦτο,</span> <span class='ocrx_word' id='word_1_288' title='bbox 3261 1941 3355 1992; x_wconf 74' lang='grc' dir='ltr'><strong>καὶ</strong></span> <span class='ocrx_word' id='word_1_289' title='bbox 3385 1939 3484 2009; x_wconf 77' lang='grc' dir='ltr'><strong>τὴν</strong></span> <span class='ocrx_word' id='word_1_290' title='bbox 3515 1939 3683 2009; x_wconf 80' lang='grc' dir='ltr'>λίχνον</span> <span class='ocrx_word' id='word_1_291' title='bbox 3704 1942 3817 2010; x_wconf 62' lang='grc' dir='ltr'>ἀκοὴν</span> 
     </span>
    </p>
   </div>
   <div class='ocr_carea' id='block_1_41' title="bbox 2306 2029 3818 2101">
    <p class='ocr_par' dir='ltr' id='par_1_41' title="bbox 2306 2029 3818 2101">
     <span class='ocr_line' id='line_1_41' title="bbox 2306 2029 3818 2101; baseline 0 -19"><span class='ocrx_word' id='word_1_292' title='bbox 2306 2032 2370 2101; x_wconf 78' lang='grc' dir='ltr'>τῇ</span> <span class='ocrx_word' id='word_1_293' title='bbox 2402 2029 2702 2101; x_wconf 75' lang='grc' dir='ltr'>εὐγλωττίᾳ</span> <span class='ocrx_word' id='word_1_294' title='bbox 2725 2033 3169 2100; x_wconf 74' lang='grc' dir='ltr'>κατεγοήτευσεν.</span> <span class='ocrx_word' id='word_1_295' title='bbox 3217 2031 3274 2082; x_wconf 89' lang='lat'><strong>&#39;0</strong></span> <span class='ocrx_word' id='word_1_296' title='bbox 3304 2030 3356 2082; x_wconf 79' lang='grc' dir='ltr'><strong>δὲ</strong></span> <span class='ocrx_word' id='word_1_297' title='bbox 3398 2032 3478 2093; x_wconf 85' lang='grc' dir='ltr'><strong>είς</strong></span> <span class='ocrx_word' id='word_1_298' title='bbox 3524 2031 3616 2082; x_wconf 68' lang='grc' dir='ltr'><strong>τόν</strong></span> <span class='ocrx_word' id='word_1_299' title='bbox 3647 2031 3745 2082; x_wconf 69' lang='grc' dir='ltr'>νοῦν</span> <span class='ocrx_word' id='word_1_300' title='bbox 3769 2032 3818 2082; x_wconf 75' lang='grc' dir='ltr'><strong>ει-</strong></span> 
     </span>
    </p>
   </div>
   <div class='ocr_carea' id='block_1_42' title="bbox 2314 2121 3815 2195">
    <p class='ocr_par' dir='ltr' id='par_1_42' title="bbox 2314 2121 3815 2195">
     <span class='ocr_line' id='line_1_42' title="bbox 2314 2121 3815 2195; baseline 0.002 -21"><span class='ocrx_word' id='word_1_301' title='bbox 2314 2121 2412 2194; x_wconf 80' lang='grc' dir='ltr'>έϐη</span> <span class='ocrx_word' id='word_1_302' title='bbox 2459 2125 2552 2177; x_wconf 79' lang='grc' dir='ltr'>κα),</span> <span class='ocrx_word' id='word_1_303' title='bbox 2591 2123 2867 2188; x_wconf 79' lang='grc' dir='ltr'>πλατύνας</span> <span class='ocrx_word' id='word_1_304' title='bbox 2915 2124 2976 2177; x_wconf 86' lang='grc' dir='ltr'><strong>τὸ</strong></span> <span class='ocrx_word' id='word_1_305' title='bbox 3016 2124 3187 2194; x_wconf 88' lang='grc' dir='ltr'>στόμα</span> <span class='ocrx_word' id='word_1_306' title='bbox 3225 2124 3509 2195; x_wconf 80' lang='grc' dir='ltr'>ἐπλήρωσε</span> <span class='ocrx_word' id='word_1_307' title='bbox 3541 2124 3815 2195; x_wconf 73' lang='grc' dir='ltr'>Πνεῦματις,</span> 
     </span>
    </p>
   </div>
   <div class='ocr_carea' id='block_1_43' title="bbox 2307 2215 3823 2287">
    <p class='ocr_par' dir='ltr' id='par_1_43' title="bbox 2307 2215 3823 2287">
     <span class='ocr_line' id='line_1_43' title="bbox 2307 2215 3823 2287; baseline 0.001 -21"><span class='ocrx_word' id='word_1_308' title='bbox 2307 2215 2400 2266; x_wconf 77' lang='grc' dir='ltr'>κα).</span> <span class='ocrx_word' id='word_1_309' title='bbox 2438 2216 2534 2286; x_wconf 81' lang='grc' dir='ltr'>τῆς</span> <span class='ocrx_word' id='word_1_310' title='bbox 2562 2217 2865 2287; x_wconf 76' lang='grc' dir='ltr'>γεννήσεως</span> <span class='ocrx_word' id='word_1_311' title='bbox 2885 2215 3038 2286; x_wconf 79' lang='grc' dir='ltr'>ὤφθη</span> <span class='ocrx_word' id='word_1_312' title='bbox 3068 2215 3403 2286; x_wconf 81' lang='grc' dir='ltr'>μακρότερος</span> <span class='ocrx_word' id='word_1_313' title='bbox 3427 2217 3563 2287; x_wconf 71' lang='grc'>(94),</span> <span class='ocrx_word' id='word_1_314' title='bbox 3596 2217 3685 2270; x_wconf 76' lang='grc' dir='ltr'><strong>καὶ</strong></span> <span class='ocrx_word' id='word_1_315' title='bbox 3703 2219 3823 2270; x_wconf 56' lang='grc' dir='ltr'>πολλὰ</span> 
     </span>
    </p>
   </div>
   <div class='ocr_carea' id='block_1_44' title="bbox 2304 2305 3273 2378">
    <p class='ocr_par' dir='ltr' id='par_1_44' title="bbox 2304 2305 3273 2378">
     <span class='ocr_line' id='line_1_44' title="bbox 2304 2305 3273 2378; baseline 0.003 -21"><span class='ocrx_word' id='word_1_316' title='bbox 2304 2306 2362 2358; x_wconf 84' lang='grc' dir='ltr'>ἐν</span> <span class='ocrx_word' id='word_1_317' title='bbox 2394 2305 2603 2375; x_wconf 81' lang='grc' dir='ltr'>ὀλίγαις</span> <span class='ocrx_word' id='word_1_318' title='bbox 2636 2307 2928 2370; x_wconf 75' lang='grc' dir='ltr'>συλλαϐαῖς</span> <span class='ocrx_word' id='word_1_319' title='bbox 2960 2305 3273 2378; x_wconf 77' lang='grc' dir='ltr'>ὲγεώργησε</span> 
     </span>
    </p>
   </div>
   <div class='ocr_carea' id='block_1_45' title="bbox 640 2387 3827 2469">
    <p class='ocr_par' dir='ltr' id='par_1_45' title="bbox 640 2387 3827 2469">
     <span class='ocr_line' id='line_1_45' title="bbox 640 2387 3827 2469; baseline 0.003 -27"><span class='ocrx_word' id='word_1_320' title='bbox 640 2401 805 2446; x_wconf 82' lang='lat' dir='ltr'><strong>lalttm</strong></span> <span class='ocrx_word' id='word_1_321' title='bbox 838 2409 898 2447; x_wconf 90' lang='lat' dir='ltr'><strong>os</strong></span> <span class='ocrx_word' id='word_1_322' title='bbox 951 2390 1150 2459; x_wconf 88' lang='lat' dir='ltr'><strong>Spiritu</strong></span> <span class='ocrx_word' id='word_1_323' title='bbox 1189 2389 1448 2458; x_wconf 85' lang='lat' dir='ltr'><strong>implevit,</strong></span> <span class='ocrx_word' id='word_1_324' title='bbox 1511 2400 1744 2458; x_wconf 88' lang='lat' dir='ltr'><strong>ortuque</strong></span> <span class='ocrx_word' id='word_1_325' title='bbox 1798 2404 1896 2444; x_wconf 90' lang='lat' dir='ltr'><strong>suo</strong></span> <span class='ocrx_word' id='word_1_326' title='bbox 1952 2387 2124 2457; x_wconf 86' lang='lat' dir='ltr'><strong>major</strong></span> <span class='ocrx_word' id='word_1_327' title='bbox 2185 2395 2451 2462; x_wconf 85' lang='lat' dir='ltr'><strong>apparuit,</strong></span> <span class='ocrx_word' id='word_1_328' title='bbox 2490 2406 2652 2468; x_wconf 90' lang='lat' dir='ltr'><strong>atque</strong></span> <span class='ocrx_word' id='word_1_329' title='bbox 2693 2397 2964 2467; x_wconf 81' lang='lat' dir='ltr'><strong>ingentem</strong></span> <span class='ocrx_word' id='word_1_330' title='bbox 3003 2399 3190 2466; x_wconf 85' lang='lat' dir='ltr'><strong>paucis</strong></span> <span class='ocrx_word' id='word_1_331' title='bbox 3235 2397 3454 2469; x_wconf 82' lang='lat' dir='ltr'><strong>syllabis</strong></span> <span class='ocrx_word' id='word_1_332' title='bbox 3493 2408 3714 2468; x_wconf 75' lang='lat' dir='ltr'><strong>segetem</strong></span> <span class='ocrx_word' id='word_1_333' title='bbox 3746 2404 3827 2452; x_wconf 62' lang='lat' dir='ltr'><strong>eli-</strong></span> 
     </span>
    </p>
   </div>
   <div class='ocr_carea' id='block_1_46' title="bbox 637 2486 735 2539">
    <p class='ocr_par' dir='ltr' id='par_1_46' title="bbox 637 2486 735 2539">
     <span class='ocr_line' id='line_1_46' title="bbox 637 2486 735 2539; baseline -0.041 0"><span class='ocrx_word' id='word_1_334' title='bbox 637 2486 735 2539; x_wconf 87' lang='lat' dir='ltr'><strong>dit.</strong></span> 
     </span>
    </p>
   </div>
   <div class='ocr_carea' id='block_1_47' title="bbox 712 2574 2197 2645">
    <p class='ocr_par' dir='ltr' id='par_1_47' title="bbox 712 2574 2197 2645">
     <span class='ocr_line' id='line_1_47' title="bbox 712 2574 2197 2645; baseline -0.002 -14"><span class='ocrx_word' id='word_1_335' title='bbox 712 2578 772 2632; x_wconf 92' lang='lat' dir='ltr'><strong>ll.</strong></span> <span class='ocrx_word' id='word_1_336' title='bbox 805 2577 1043 2631; x_wconf 76' lang='lat' dir='ltr'><strong>Nondum</strong></span> <span class='ocrx_word' id='word_1_337' title='bbox 1072 2578 1137 2631; x_wconf 90' lang='lat' dir='ltr'><strong>de</strong></span> <span class='ocrx_word' id='word_1_338' title='bbox 1169 2591 1293 2631; x_wconf 84' lang='lat' dir='ltr'><strong>vera</strong></span> <span class='ocrx_word' id='word_1_339' title='bbox 1325 2575 1412 2629; x_wconf 90' lang='lat' dir='ltr'><strong>illa</strong></span> <span class='ocrx_word' id='word_1_340' title='bbox 1430 2585 1482 2630; x_wconf 90' lang='lat' dir='ltr'><strong>et</strong></span> <span class='ocrx_word' id='word_1_341' title='bbox 1501 2574 1670 2644; x_wconf 89' lang='lat' dir='ltr'><strong>prima</strong></span> <span class='ocrx_word' id='word_1_342' title='bbox 1699 2574 1960 2644; x_wconf 86' lang='lat' dir='ltr'><strong>sapientia</strong></span> <span class='ocrx_word' id='word_1_343' title='bbox 1988 2574 2197 2645; x_wconf 87' lang='lat' dir='ltr'><strong>loquor,</strong></span> 
     </span>
    </p>
   </div>
   <div class='ocr_carea' id='block_1_48' title="bbox 639 2667 2199 2739">
    <p class='ocr_par' dir='ltr' id='par_1_48' title="bbox 639 2667 2199 2739">
     <span class='ocr_line' id='line_1_48' title="bbox 639 2667 2199 2739; baseline -0.003 -14"><span class='ocrx_word' id='word_1_344' title='bbox 639 2671 793 2739; x_wconf 86' lang='lat' dir='ltr'><strong>cujus</strong></span> <span class='ocrx_word' id='word_1_345' title='bbox 823 2669 1111 2739; x_wconf 74' lang='lat' dir='ltr'><strong>prmclarus</strong></span> <span class='ocrx_word' id='word_1_346' title='bbox 1152 2669 1239 2723; x_wconf 89' lang='lat' dir='ltr'><strong>hic</strong></span> <span class='ocrx_word' id='word_1_347' title='bbox 1273 2678 1462 2738; x_wconf 87' lang='lat' dir='ltr'><strong>pastor</strong></span> <span class='ocrx_word' id='word_1_348' title='bbox 1491 2678 1545 2722; x_wconf 90' lang='lat' dir='ltr'><strong>et</strong></span> <span class='ocrx_word' id='word_1_349' title='bbox 1575 2667 1812 2734; x_wconf 81' lang='lat' dir='ltr'><strong>agricola</strong></span> <span class='ocrx_word' id='word_1_350' title='bbox 1841 2668 2199 2738; x_wconf 87' lang='lat' dir='ltr'><strong>principatum</strong></span> 
     </span>
    </p>
   </div>
   <div class='ocr_carea' id='block_1_49' title="bbox 642 2759 2204 2829">
    <p class='ocr_par' dir='ltr' id='par_1_49' title="bbox 642 2759 2204 2829">
     <span class='ocr_line' id='line_1_49' title="bbox 642 2759 2204 2829; baseline -0.003 -13"><span class='ocrx_word' id='word_1_351' title='bbox 642 2773 806 2816; x_wconf 88' lang='lat' dir='ltr'><strong>tenet.</strong></span> <span class='ocrx_word' id='word_1_352' title='bbox 841 2760 1018 2813; x_wconf 86' lang='lat' dir='ltr'><strong>Prima</strong></span> <span class='ocrx_word' id='word_1_353' title='bbox 1069 2769 1246 2813; x_wconf 92' lang='lat' dir='ltr'><strong>autem</strong></span> <span class='ocrx_word' id='word_1_354' title='bbox 1302 2760 1564 2828; x_wconf 87' lang='lat' dir='ltr'><strong>sapientia</strong></span> <span class='ocrx_word' id='word_1_355' title='bbox 1594 2798 1609 2820; x_wconf 88' lang='lat'><strong>,</strong></span> <span class='ocrx_word' id='word_1_356' title='bbox 1658 2769 1740 2813; x_wconf 90' lang='lat' dir='ltr'><strong>est</strong></span> <span class='ocrx_word' id='word_1_357' title='bbox 1768 2759 1875 2812; x_wconf 87' lang='lat' dir='ltr'><strong>vita</strong></span> <span class='ocrx_word' id='word_1_358' title='bbox 1920 2760 2106 2829; x_wconf 87' lang='lat' dir='ltr'><strong>proba,</strong></span> <span class='ocrx_word' id='word_1_359' title='bbox 2151 2768 2204 2814; x_wconf 86' lang='lat' dir='ltr'><strong>et</strong></span> 
     </span>
    </p>
   </div>
   <div class='ocr_carea' id='block_1_50' title="bbox 639 2849 2200 2920">
    <p class='ocr_par' dir='ltr' id='par_1_50' title="bbox 639 2849 2200 2920">
     <span class='ocr_line' id='line_1_50' title="bbox 639 2849 2200 2920; baseline -0.002 -14"><span class='ocrx_word' id='word_1_360' title='bbox 639 2856 889 2916; x_wconf 83' lang='lat' dir='ltr'><strong>honesta,</strong></span> <span class='ocrx_word' id='word_1_361' title='bbox 917 2852 1135 2920; x_wconf 85' lang='lat' dir='ltr'><strong>Deoque</strong></span> <span class='ocrx_word' id='word_1_362' title='bbox 1165 2859 1510 2920; x_wconf 82' lang='lat' dir='ltr'><strong>perpurgata,</strong></span> <span class='ocrx_word' id='word_1_363' title='bbox 1545 2849 1628 2904; x_wconf 80' lang='lat' dir='ltr'><strong>Vel</strong></span> <span class='ocrx_word' id='word_1_364' title='bbox 1658 2861 1805 2904; x_wconf 87' lang='lat' dir='ltr'><strong>certe</strong></span> <span class='ocrx_word' id='word_1_365' title='bbox 1849 2865 1908 2904; x_wconf 88' lang='lat' dir='ltr'><strong>se</strong></span> <span class='ocrx_word' id='word_1_366' title='bbox 1935 2865 2200 2920; x_wconf 80' lang='lat' dir='ltr'><strong>purgans;</strong></span> 
     </span>
    </p>
   </div>
   <div class='ocr_carea' id='block_1_51' title="bbox 643 2940 2202 3010">
    <p class='ocr_par' dir='ltr' id='par_1_51' title="bbox 643 2940 2202 3010">
     <span class='ocr_line' id='line_1_51' title="bbox 643 2940 2202 3010; baseline -0.002 -13"><span class='ocrx_word' id='word_1_367' title='bbox 643 2944 770 3005; x_wconf 89' lang='lat' dir='ltr'><strong>Deo,</strong></span> <span class='ocrx_word' id='word_1_368' title='bbox 807 2943 1048 3010; x_wconf 87' lang='lat' dir='ltr'><strong>inquam,</strong></span> <span class='ocrx_word' id='word_1_369' title='bbox 1112 2941 1204 3008; x_wconf 91' lang='lat' dir='ltr'><strong>qui</strong></span> <span class='ocrx_word' id='word_1_370' title='bbox 1262 2940 1586 3008; x_wconf 90' lang='lat' dir='ltr'><strong>purissimus</strong></span> <span class='ocrx_word' id='word_1_371' title='bbox 1629 2950 1682 2994; x_wconf 90' lang='lat' dir='ltr'><strong>et</strong></span> <span class='ocrx_word' id='word_1_372' title='bbox 1735 2940 2202 3010; x_wconf 84' lang='lat' dir='ltr'><strong>splendidissimus</strong></span> 
     </span>
    </p>
   </div>
   <div class='ocr_carea' id='block_1_52' title="bbox 638 3030 2206 3103">
    <p class='ocr_par' dir='ltr' id='par_1_52' title="bbox 638 3030 2206 3103">
     <span class='ocr_line' id='line_1_52' title="bbox 638 3030 2206 3103; baseline -0.005 -13"><span class='ocrx_word' id='word_1_373' title='bbox 638 3046 744 3098; x_wconf 86' lang='lat' dir='ltr'><strong>est,</strong></span> <span class='ocrx_word' id='word_1_374' title='bbox 772 3034 1050 3103; x_wconf 88' lang='lat' dir='ltr'><strong>solumque</strong></span> <span class='ocrx_word' id='word_1_375' title='bbox 1079 3031 1413 3101; x_wconf 76' lang='lat' dir='ltr'><strong>purgationis</strong></span> <span class='ocrx_word' id='word_1_376' title='bbox 1443 3030 1777 3084; x_wconf 79' lang='lat' dir='ltr'><strong>sacriﬁcium</strong></span> <span class='ocrx_word' id='word_1_377' title='bbox 1801 3047 1828 3084; x_wconf 88' lang='lat' dir='ltr'><strong>a</strong></span> <span class='ocrx_word' id='word_1_378' title='bbox 1846 3031 2003 3085; x_wconf 78' lang='lat' dir='ltr'><strong>nobis</strong></span> <span class='ocrx_word' id='word_1_379' title='bbox 2027 3031 2206 3100; x_wconf 89' lang='lat' dir='ltr'><strong>requi-</strong></span> 
     </span>
    </p>
   </div>
   <div class='ocr_carea' id='block_1_53' title="bbox 2372 2559 3829 2645">
    <p class='ocr_par' dir='ltr' id='par_1_53' title="bbox 2372 2559 3829 2645">
     <span class='ocr_line' id='line_1_53' title="bbox 2372 2559 3829 2645; baseline 0 -19"><span class='ocrx_word' id='word_1_380' title='bbox 2372 2559 2452 2629; x_wconf 23' lang='lat' dir='ltr'><strong>.B&#39;.</strong></span> <span class='ocrx_word' id='word_1_381' title='bbox 2477 2575 2586 2627; x_wconf 65' lang='grc' dir='ltr'>Καὶ</span> <span class='ocrx_word' id='word_1_382' title='bbox 2615 2573 2766 2627; x_wconf 75' lang='grc' dir='ltr'>οὔπω</span> <span class='ocrx_word' id='word_1_383' title='bbox 2794 2575 2936 2643; x_wconf 86' lang='grc' dir='ltr'>λέγω</span> <span class='ocrx_word' id='word_1_384' title='bbox 2967 2573 3063 2643; x_wconf 79' lang='grc' dir='ltr'>τὴν</span> <span class='ocrx_word' id='word_1_385' title='bbox 3089 2573 3345 2644; x_wconf 75' lang='grc' dir='ltr'>ἀληθινὴν</span> <span class='ocrx_word' id='word_1_386' title='bbox 3379 2573 3567 2642; x_wconf 77' lang='grc' dir='ltr'>σοφίαν</span> <span class='ocrx_word' id='word_1_387' title='bbox 3611 2575 3829 2645; x_wconf 54' lang='lat'><strong>131:9»)-</strong></span> 
     </span>
    </p>
   </div>
   <div class='ocr_carea' id='block_1_54' title="bbox 2307 2662 3826 2740">
    <p class='ocr_par' dir='ltr' id='par_1_54' title="bbox 2307 2662 3826 2740">
     <span class='ocr_line' id='line_1_54' title="bbox 2307 2662 3826 2740; baseline -0.003 -18"><span class='ocrx_word' id='word_1_388' title='bbox 2307 2686 2427 2740; x_wconf 84' lang='grc' dir='ltr'>την,</span> <span class='ocrx_word' id='word_1_389' title='bbox 2457 2662 2524 2738; x_wconf 82' lang='grc' dir='ltr'>ἦν</span> <span class='ocrx_word' id='word_1_390' title='bbox 2561 2667 2590 2720; x_wconf 92' lang='lat'><strong>6</strong></span> <span class='ocrx_word' id='word_1_391' title='bbox 2622 2666 2922 2736; x_wconf 83' lang='grc' dir='ltr'>θαυμάσιος</span> <span class='ocrx_word' id='word_1_392' title='bbox 2973 2664 3058 2717; x_wconf 85' lang='grc' dir='ltr'>ὃδε</span> <span class='ocrx_word' id='word_1_393' title='bbox 3109 2665 3352 2736; x_wconf 83' lang='grc' dir='ltr'>γεωργὸς</span> <span class='ocrx_word' id='word_1_394' title='bbox 3410 2665 3502 2717; x_wconf 70' lang='grc' dir='ltr'><strong>καὶ</strong></span> <span class='ocrx_word' id='word_1_395' title='bbox 3559 2665 3742 2735; x_wconf 68' lang='grc' dir='ltr'>ποιμὴν</span> <span class='ocrx_word' id='word_1_396' title='bbox 3781 2670 3826 2719; x_wconf 69' lang='grc' dir='ltr'>τὰ</span> 
     </span>
    </p>
   </div>
   <div class='ocr_carea' id='block_1_55' title="bbox 2312 2755 3827 2830">
    <p class='ocr_par' dir='ltr' id='par_1_55' title="bbox 2312 2755 3827 2830">
     <span class='ocr_line' id='line_1_55' title="bbox 2312 2755 3827 2830; baseline -0.002 -19"><span class='ocrx_word' id='word_1_397' title='bbox 2312 2758 2502 2830; x_wconf 84' lang='grc' dir='ltr'>πρῶτα</span> <span class='ocrx_word' id='word_1_398' title='bbox 2557 2757 2798 2828; x_wconf 87' lang='grc' dir='ltr'>φέρεται.</span> <span class='ocrx_word' id='word_1_399' title='bbox 2842 2756 3009 2825; x_wconf 84' lang='grc' dir='ltr'>Σοφία</span> <span class='ocrx_word' id='word_1_400' title='bbox 3056 2755 3266 2826; x_wconf 81' lang='grc' dir='ltr'>πρώτη,</span> <span class='ocrx_word' id='word_1_401' title='bbox 3313 2755 3422 2825; x_wconf 82' lang='grc' dir='ltr'>βίος</span> <span class='ocrx_word' id='word_1_402' title='bbox 3460 2757 3723 2820; x_wconf 66' lang='grc' dir='ltr'>ἐπαινετὸς</span> <span class='ocrx_word' id='word_1_403' title='bbox 3759 2763 3827 2809; x_wconf 67' lang='grc' dir='ltr'>καὶ</span> 
     </span>
    </p>
   </div>
   <div class='ocr_carea' id='block_1_56' title="bbox 2309 2843 3828 2918">
    <p class='ocr_par' dir='ltr' id='par_1_56' title="bbox 2309 2843 3828 2918">
     <span class='ocr_line' id='line_1_56' title="bbox 2309 2843 3828 2918; baseline -0.003 -18"><span class='ocrx_word' id='word_1_404' title='bbox 2309 2848 2426 2918; x_wconf 85' lang='grc' dir='ltr'><strong>Θεῷ</strong></span> <span class='ocrx_word' id='word_1_405' title='bbox 2448 2845 2878 2916; x_wconf 77' lang='grc' dir='ltr'>κεκαθαρμένος,</span> <span class='ocrx_word' id='word_1_406' title='bbox 2906 2844 2939 2915; x_wconf 81' lang='grc' dir='ltr'><strong>ἢ</strong></span> <span class='ocrx_word' id='word_1_407' title='bbox 2969 2843 3379 2914; x_wconf 88' lang='grc' dir='ltr'>καθαιρόμενος,</span> <span class='ocrx_word' id='word_1_408' title='bbox 3410 2844 3486 2914; x_wconf 82' lang='grc' dir='ltr'><strong>τῷ</strong></span> <span class='ocrx_word' id='word_1_409' title='bbox 3509 2844 3828 2915; x_wconf 67' lang='grc' dir='ltr'>καθαρωτάτῳ</span> 
     </span>
    </p>
   </div>
   <div class='ocr_carea' id='block_1_57' title="bbox 2310 2935 3827 3008">
    <p class='ocr_par' dir='ltr' id='par_1_57' title="bbox 2310 2935 3827 3008">
     <span class='ocr_line' id='line_1_57' title="bbox 2310 2935 3827 3008; baseline -0.005 -17"><span class='ocrx_word' id='word_1_410' title='bbox 2310 2939 2402 2992; x_wconf 72' lang='grc' dir='ltr'><strong>καὶ</strong></span> <span class='ocrx_word' id='word_1_411' title='bbox 2433 2936 2816 3008; x_wconf 81' lang='grc' dir='ltr'>λαμπροτάτῳ,</span> <span class='ocrx_word' id='word_1_412' title='bbox 2842 2937 2935 2988; x_wconf 75' lang='grc' dir='ltr'><strong>καὶ</strong></span> <span class='ocrx_word' id='word_1_413' title='bbox 2967 2935 3133 3005; x_wconf 85' lang='grc' dir='ltr'>μόνην</span> <span class='ocrx_word' id='word_1_414' title='bbox 3183 2935 3500 2989; x_wconf 73' lang='grc' dir='ltr'>ἀπαιτοῦντι</span> <span class='ocrx_word' id='word_1_415' title='bbox 3549 2938 3674 3004; x_wconf 80' lang='grc' dir='ltr'>παρ’</span> <span class='ocrx_word' id='word_1_416' title='bbox 3710 2938 3827 3005; x_wconf 63' lang='grc' dir='ltr'>ἡμῶν</span> 
     </span>
    </p>
   </div>
   <div class='ocr_carea' id='block_1_58' title="bbox 2311 3024 3832 3096">
    <p class='ocr_par' dir='ltr' id='par_1_58' title="bbox 2311 3024 3832 3096">
     <span class='ocr_line' id='line_1_58' title="bbox 2311 3024 3832 3096; baseline 0.001 -18"><span class='ocrx_word' id='word_1_417' title='bbox 2311 3026 2524 3089; x_wconf 87' lang='grc' dir='ltr'>θυσίαν,</span> <span class='ocrx_word' id='word_1_418' title='bbox 2552 3027 2650 3096; x_wconf 80' lang='grc' dir='ltr'>τὴν</span> <span class='ocrx_word' id='word_1_419' title='bbox 2687 3025 2986 3096; x_wconf 82' lang='grc' dir='ltr'>κάθαρσιν,</span> <span class='ocrx_word' id='word_1_420' title='bbox 3022 3025 3088 3094; x_wconf 82' lang='grc' dir='ltr'>ἢν</span> <span class='ocrx_word' id='word_1_421' title='bbox 3128 3024 3184 3077; x_wconf 75' lang='grc' dir='ltr'>δὲ</span> <span class='ocrx_word' id='word_1_422' title='bbox 3215 3025 3440 3094; x_wconf 75' lang='grc' dir='ltr'>καρδίαν</span> <span class='ocrx_word' id='word_1_423' title='bbox 3482 3031 3832 3096; x_wconf 71' lang='grc' dir='ltr'>συντετριμμέ-</span> 
     </span>
    </p>
   </div>
   <div class='ocr_carea' id='block_1_59' title="bbox 642 3105 2202 3194">
    <p class='ocr_par' dir='ltr' id='par_1_59' title="bbox 642 3121 2202 3194">
     <span class='ocr_line' id='line_1_59' title="bbox 642 3121 2202 3194; baseline -0.003 -16"><span class='ocrx_word' id='word_1_424' title='bbox 642 3127 748 3188; x_wconf 89' lang='lat' dir='ltr'><strong>rit,</strong></span> <span class='ocrx_word' id='word_1_425' title='bbox 794 3123 936 3194; x_wconf 86' lang='lat' dir='ltr'><strong>quod</strong></span> <span class='ocrx_word' id='word_1_426' title='bbox 971 3123 1182 3192; x_wconf 88' lang='lat' dir='ltr'><strong>quidem</strong></span> <span class='ocrx_word' id='word_1_427' title='bbox 1227 3136 1321 3176; x_wconf 89' lang='lat' dir='ltr'><strong>cor</strong></span> <span class='ocrx_word' id='word_1_428' title='bbox 1361 3123 1648 3175; x_wconf 88' lang='lat' dir='ltr'><strong>contritum</strong></span> <span class='ocrx_word' id='word_1_429' title='bbox 1665 3122 1734 3185; x_wconf 71' lang='grc' dir='ltr'>⁸ο,</span> <span class='ocrx_word' id='word_1_430' title='bbox 1763 3130 1817 3175; x_wconf 89' lang='lat' dir='ltr'><strong>et</strong></span> <span class='ocrx_word' id='word_1_431' title='bbox 1845 3121 2018 3175; x_wconf 88' lang='lat' dir='ltr'><strong>laudis</strong></span> <span class='ocrx_word' id='word_1_432' title='bbox 2045 3124 2202 3175; x_wconf 86' lang='lat' dir='ltr'><strong>sacri-</strong></span> 
     </span>
    </p>
   </div>
   <div class='ocr_carea' id='block_1_60' title="bbox 2313 3105 3830 3194">
    <p class='ocr_par' dir='ltr' id='par_1_60' title="bbox 2313 3116 3830 3191">
     <span class='ocr_line' id='line_1_60' title="bbox 2313 3116 3830 3191; baseline -0.003 -18"><span class='ocrx_word' id='word_1_433' title='bbox 2313 3136 2429 3191; x_wconf 88' lang='grc' dir='ltr'>νην,</span> <span class='ocrx_word' id='word_1_434' title='bbox 2464 3118 2560 3173; x_wconf 75' lang='grc' dir='ltr'><strong>καὶ</strong></span> <span class='ocrx_word' id='word_1_435' title='bbox 2613 3118 2801 3171; x_wconf 82' lang='grc' dir='ltr'>θυσίαν</span> <span class='ocrx_word' id='word_1_436' title='bbox 2851 3116 3125 3181; x_wconf 63' lang='grc' dir='ltr'>αίῆσεως,</span> <span class='ocrx_word' id='word_1_437' title='bbox 3179 3117 3273 3168; x_wconf 73' lang='grc' dir='ltr'><strong>καὶ</strong></span> <span class='ocrx_word' id='word_1_438' title='bbox 3329 3117 3525 3188; x_wconf 80' lang='grc' dir='ltr'>καινὴν</span> <span class='ocrx_word' id='word_1_439' title='bbox 3566 3119 3622 3170; x_wconf 75' lang='grc' dir='ltr'>ἐν</span> <span class='ocrx_word' id='word_1_440' title='bbox 3658 3119 3830 3188; x_wconf 70' lang='grc' dir='ltr'>Χριστῷ</span> 
     </span>
    </p>
   </div>
   <div class='ocr_carea' id='block_1_61' title="bbox 641 3213 2210 3280">
    <p class='ocr_par' dir='ltr' id='par_1_61' title="bbox 641 3213 2210 3280">
     <span class='ocr_line' id='line_1_61' title="bbox 641 3213 2210 3280; baseline -0.001 -10"><span class='ocrx_word' id='word_1_441' title='bbox 641 3218 819 3270; x_wconf 84' lang='lat' dir='ltr'><strong>licium</strong></span> <span class='ocrx_word' id='word_1_442' title='bbox 850 3215 918 3280; x_wconf 82' lang='grc'><strong>⁸¹,</strong></span> <span class='ocrx_word' id='word_1_443' title='bbox 977 3223 1033 3267; x_wconf 91' lang='lat' dir='ltr'><strong>et</strong></span> <span class='ocrx_word' id='word_1_444' title='bbox 1100 3227 1294 3267; x_wconf 83' lang='lat' dir='ltr'><strong>novam</strong></span> <span class='ocrx_word' id='word_1_445' title='bbox 1327 3213 1380 3266; x_wconf 91' lang='lat' dir='ltr'><strong>in</strong></span> <span class='ocrx_word' id='word_1_446' title='bbox 1443 3213 1662 3268; x_wconf 85' lang='lat' dir='ltr'><strong>Christo</strong></span> <span class='ocrx_word' id='word_1_447' title='bbox 1713 3221 2018 3267; x_wconf 73' lang='lat' dir='ltr'><strong>creaturam</strong></span> <span class='ocrx_word' id='word_1_448' title='bbox 2059 3214 2128 3278; x_wconf 77' lang='grc'>⁸²,</span> <span class='ocrx_word' id='word_1_449' title='bbox 2156 3223 2210 3268; x_wconf 85' lang='lat' dir='ltr'><strong>ct</strong></span> 
     </span>
    </p>
   </div>
   <div class='ocr_carea' id='block_1_62' title="bbox 644 3295 2208 3372">
    <p class='ocr_par' dir='ltr' id='par_1_62' title="bbox 644 3295 2208 3372">
     <span class='ocr_line' id='line_1_62' title="bbox 644 3295 2208 3372; baseline -0.001 -12"><span class='ocrx_word' id='word_1_450' title='bbox 644 3321 840 3360; x_wconf 82' lang='lat' dir='ltr'><strong>novum</strong></span> <span class='ocrx_word' id='word_1_451' title='bbox 891 3304 1162 3358; x_wconf 86' lang='lat' dir='ltr'><strong>hominem</strong></span> <span class='ocrx_word' id='word_1_452' title='bbox 1224 3301 1293 3366; x_wconf 83' lang='grc'><strong>⁸³,</strong></span> <span class='ocrx_word' id='word_1_453' title='bbox 1346 3295 1558 3371; x_wconf 81' lang='lat' dir='ltr'><strong>aliaque</strong></span> <span class='ocrx_word' id='word_1_454' title='bbox 1613 3303 1662 3355; x_wconf 92' lang='lat' dir='ltr'><strong>id</strong></span> <span class='ocrx_word' id='word_1_455' title='bbox 1690 3317 1882 3371; x_wconf 76' lang='lat' dir='ltr'><strong>genus,</strong></span> <span class='ocrx_word' id='word_1_456' title='bbox 1940 3303 2208 3372; x_wconf 87' lang='lat' dir='ltr'><strong>appellare</strong></span> 
     </span>
    </p>
   </div>
   <div class='ocr_carea' id='block_1_63' title="bbox 639 3393 2205 3466">
    <p class='ocr_par' dir='ltr' id='par_1_63' title="bbox 639 3393 2205 3466">
     <span class='ocr_line' id='line_1_63' title="bbox 639 3393 2205 3466; baseline -0.003 -14"><span class='ocrx_word' id='word_1_457' title='bbox 639 3399 917 3466; x_wconf 78' lang='lat' dir='ltr'><strong>Scriptura</strong></span> <span class='ocrx_word' id='word_1_458' title='bbox 945 3395 1243 3450; x_wconf 88' lang='lat' dir='ltr'><strong>consuevit.</strong></span> <span class='ocrx_word' id='word_1_459' title='bbox 1269 3393 1448 3447; x_wconf 88' lang='lat' dir='ltr'><strong>Prima</strong></span> <span class='ocrx_word' id='word_1_460' title='bbox 1469 3393 1731 3461; x_wconf 89' lang='lat' dir='ltr'><strong>sapientia</strong></span> <span class='ocrx_word' id='word_1_461' title='bbox 1760 3403 1860 3456; x_wconf 90' lang='lat' dir='ltr'><strong>est,</strong></span> <span class='ocrx_word' id='word_1_462' title='bbox 1887 3395 2205 3461; x_wconf 85' lang='lat' dir='ltr'><strong>sapientiam</strong></span> 
     </span>
    </p>
   </div>
   <div class='ocr_carea' id='block_1_64' title="bbox 641 3485 2207 3554">
    <p class='ocr_par' dir='ltr' id='par_1_64' title="bbox 641 3485 2207 3554">
     <span class='ocr_line' id='line_1_64' title="bbox 641 3485 2207 3554; baseline -0.003 -10"><span class='ocrx_word' id='word_1_463' title='bbox 641 3491 691 3544; x_wconf 90' lang='lat' dir='ltr'><strong>in</strong></span> <span class='ocrx_word' id='word_1_464' title='bbox 724 3504 974 3545; x_wconf 87' lang='lat' dir='ltr'><strong>sermone</strong></span> <span class='ocrx_word' id='word_1_465' title='bbox 1006 3503 1070 3541; x_wconf 90' lang='lat' dir='ltr'><strong>ac</strong></span> <span class='ocrx_word' id='word_1_466' title='bbox 1102 3486 1398 3542; x_wconf 91' lang='lat' dir='ltr'><strong>dictionum</strong></span> <span class='ocrx_word' id='word_1_467' title='bbox 1426 3485 1686 3554; x_wconf 87' lang='lat' dir='ltr'><strong>strophis,</strong></span> <span class='ocrx_word' id='word_1_468' title='bbox 1712 3495 1873 3554; x_wconf 90' lang='lat' dir='ltr'><strong>atque</strong></span> <span class='ocrx_word' id='word_1_469' title='bbox 1890 3485 2207 3540; x_wconf 78' lang='lat' dir='ltr'><strong>adulterinis</strong></span> 
     </span>
    </p>
   </div>
   <div class='ocr_carea' id='block_1_65' title="bbox 638 3575 2203 3650">
    <p class='ocr_par' dir='ltr' id='par_1_65' title="bbox 638 3575 2203 3650">
     <span class='ocr_line' id='line_1_65' title="bbox 638 3575 2203 3650; baseline -0.004 -14"><span class='ocrx_word' id='word_1_470' title='bbox 638 3594 692 3636; x_wconf 90' lang='lat' dir='ltr'><strong>et</strong></span> <span class='ocrx_word' id='word_1_471' title='bbox 727 3579 1146 3650; x_wconf 87' lang='lat' dir='ltr'><strong>supervacaneis</strong></span> <span class='ocrx_word' id='word_1_472' title='bbox 1179 3577 1367 3649; x_wconf 83' lang='lat' dir='ltr'><strong>ﬁguris</strong></span> <span class='ocrx_word' id='word_1_473' title='bbox 1401 3577 1560 3630; x_wconf 87' lang='lat' dir='ltr'><strong>sitam</strong></span> <span class='ocrx_word' id='word_1_474' title='bbox 1603 3577 1905 3645; x_wconf 88' lang='lat' dir='ltr'><strong>aspernari.</strong></span> <span class='ocrx_word' id='word_1_475' title='bbox 1938 3575 2066 3630; x_wconf 83' lang='lat' dir='ltr'><strong>Mihi</strong></span> <span class='ocrx_word' id='word_1_476' title='bbox 2106 3593 2203 3629; x_wconf 91' lang='lat' dir='ltr'><strong>au-</strong></span> 
     </span>
    </p>
   </div>
   <div class='ocr_carea' id='block_1_66' title="bbox 639 3668 2204 3739">
    <p class='ocr_par' dir='ltr' id='par_1_66' title="bbox 639 3668 2204 3739">
     <span class='ocr_line' id='line_1_66' title="bbox 639 3668 2204 3739; baseline -0.003 -13"><span class='ocrx_word' id='word_1_477' title='bbox 639 3683 746 3726; x_wconf 92' lang='lat' dir='ltr'><strong>tem</strong></span> <span class='ocrx_word' id='word_1_478' title='bbox 776 3673 981 3726; x_wconf 85' lang='lat' dir='ltr'><strong>utinam</strong></span> <span class='ocrx_word' id='word_1_479' title='bbox 1011 3671 1190 3738; x_wconf 90' lang='lat' dir='ltr'><strong>potius</strong></span> <span class='ocrx_word' id='word_1_480' title='bbox 1241 3669 1480 3739; x_wconf 89' lang='lat' dir='ltr'><strong>quinque</strong></span> <span class='ocrx_word' id='word_1_481' title='bbox 1543 3669 1705 3723; x_wconf 88' lang='lat' dir='ltr'><strong>verba</strong></span> <span class='ocrx_word' id='word_1_482' title='bbox 1753 3683 1874 3724; x_wconf 85' lang='lat' dir='ltr'><strong>cum</strong></span> <span class='ocrx_word' id='word_1_483' title='bbox 1923 3668 2204 3736; x_wconf 86' lang='lat' dir='ltr'><strong>prudentia</strong></span> 
     </span>
    </p>
   </div>
   <div class='ocr_carea' id='block_1_67' title="bbox 2311 3206 3833 3278">
    <p class='ocr_par' dir='ltr' id='par_1_67' title="bbox 2311 3206 3833 3278">
     <span class='ocr_line' id='line_1_67' title="bbox 2311 3206 3833 3278; baseline -0.003 -15"><span class='ocrx_word' id='word_1_484' title='bbox 2311 3211 2506 3272; x_wconf 83' lang='grc' dir='ltr'>κτίσιν,</span> <span class='ocrx_word' id='word_1_485' title='bbox 2549 3210 2642 3263; x_wconf 80' lang='grc' dir='ltr'>καὶ</span> <span class='ocrx_word' id='word_1_486' title='bbox 2675 3211 2792 3261; x_wconf 84' lang='grc' dir='ltr'>νέον</span> <span class='ocrx_word' id='word_1_487' title='bbox 2814 3207 3115 3278; x_wconf 78' lang='grc' dir='ltr'>ἄνθρωπον,</span> <span class='ocrx_word' id='word_1_488' title='bbox 3149 3207 3243 3258; x_wconf 76' lang='grc' dir='ltr'><strong>καὶ</strong></span> <span class='ocrx_word' id='word_1_489' title='bbox 3273 3206 3338 3260; x_wconf 79' lang='grc' dir='ltr'>τὰ</span> <span class='ocrx_word' id='word_1_490' title='bbox 3366 3206 3612 3269; x_wconf 77' lang='grc' dir='ltr'>τοιαῦτα,</span> <span class='ocrx_word' id='word_1_491' title='bbox 3639 3212 3698 3278; x_wconf 75' lang='grc' dir='ltr'>τῇ</span> <span class='ocrx_word' id='word_1_492' title='bbox 3726 3209 3756 3259; x_wconf 93' lang='grc' dir='ltr'><strong><em>Γ</em></strong></span> <span class='ocrx_word' id='word_1_493' title='bbox 3762 3227 3833 3277; x_wconf 77' lang='grc' dir='ltr'>ρα-</span> 
     </span>
    </p>
   </div>
   <div class='ocr_carea' id='block_1_68' title="bbox 2312 3299 3834 3376">
    <p class='ocr_par' dir='ltr' id='par_1_68' title="bbox 2312 3299 3834 3376">
     <span class='ocr_line' id='line_1_68' title="bbox 2312 3299 3834 3376; baseline -0.008 -17"><span class='ocrx_word' id='word_1_494' title='bbox 2312 3307 2386 3376; x_wconf 82' lang='grc' dir='ltr'>φῇ</span> <span class='ocrx_word' id='word_1_495' title='bbox 2418 3303 2602 3358; x_wconf 78' lang='grc' dir='ltr'>καλεῖν</span> <span class='ocrx_word' id='word_1_496' title='bbox 2630 3302 2800 3371; x_wconf 84' lang='grc' dir='ltr'>φίλον.</span> <span class='ocrx_word' id='word_1_497' title='bbox 2827 3300 2993 3368; x_wconf 75' lang='grc' dir='ltr'>Σοφία</span> <span class='ocrx_word' id='word_1_498' title='bbox 3017 3299 3229 3374; x_wconf 79' lang='grc' dir='ltr'>πρώτη.</span> <span class='ocrx_word' id='word_1_499' title='bbox 3264 3299 3451 3368; x_wconf 78' lang='grc' dir='ltr'>σοφίας</span> <span class='ocrx_word' id='word_1_500' title='bbox 3487 3301 3743 3371; x_wconf 67' lang='grc' dir='ltr'>ὑπερορῷ</span> 
     </span>
    </p>
   </div>
   <div class='ocr_carea' id='block_1_69' title="bbox 2320 3392 3839 3465">
    <p class='ocr_par' dir='ltr' id='par_1_69' title="bbox 2320 3392 3839 3465">
     <span class='ocr_line' id='line_1_69' title="bbox 2320 3392 3839 3465; baseline -0.005 -17"><span class='ocrx_word' id='word_1_501' title='bbox 2320 3397 2379 3448; x_wconf 81' lang='grc' dir='ltr'>ὲν</span> <span class='ocrx_word' id='word_1_502' title='bbox 2404 3395 2544 3465; x_wconf 85' lang='grc' dir='ltr'>λόγῳ</span> <span class='ocrx_word' id='word_1_503' title='bbox 2568 3393 2847 3464; x_wconf 84' lang='grc' dir='ltr'>κειμένης,</span> <span class='ocrx_word' id='word_1_504' title='bbox 2881 3392 2973 3446; x_wconf 76' lang='grc' dir='ltr'><strong>καὶ</strong></span> <span class='ocrx_word' id='word_1_505' title='bbox 2997 3393 3252 3461; x_wconf 77' lang='grc' dir='ltr'>στροφαῖς</span> <span class='ocrx_word' id='word_1_506' title='bbox 3276 3392 3495 3456; x_wconf 82' lang='grc' dir='ltr'>λέξεων,</span> <span class='ocrx_word' id='word_1_507' title='bbox 3520 3393 3616 3444; x_wconf 77' lang='grc' dir='ltr'><strong>καὶ</strong></span> <span class='ocrx_word' id='word_1_508' title='bbox 3653 3395 3757 3453; x_wconf 80' lang='grc' dir='ltr'>ταῖς</span> <span class='ocrx_word' id='word_1_509' title='bbox 3783 3410 3839 3441; x_wconf 76' lang='grc' dir='ltr'>κι-</span> 
     </span>
    </p>
   </div>
   <div class='ocr_carea' id='block_1_70' title="bbox 2309 3483 3837 3558">
    <p class='ocr_par' dir='ltr' id='par_1_70' title="bbox 2309 3483 3837 3558">
     <span class='ocr_line' id='line_1_70' title="bbox 2309 3483 3837 3558; baseline -0.004 -19"><span class='ocrx_word' id='word_1_510' title='bbox 2309 3487 2519 3558; x_wconf 78' lang='grc' dir='ltr'>ϐδήλοις</span> <span class='ocrx_word' id='word_1_511' title='bbox 2551 3487 2644 3539; x_wconf 67' lang='grc' dir='ltr'><strong>καὶ</strong></span> <span class='ocrx_word' id='word_1_512' title='bbox 2671 3489 2948 3556; x_wconf 81' lang='grc' dir='ltr'>περιτταῖς</span> <span class='ocrx_word' id='word_1_513' title='bbox 2979 3485 3307 3538; x_wconf 85' lang='grc' dir='ltr'>ἀντιθέσεσιν</span> <span class='ocrx_word' id='word_1_514' title='bbox 3335 3485 3469 3553; x_wconf 80' lang='grc'>(93).</span> <span class='ocrx_word' id='word_1_515' title='bbox 3514 3485 3664 3554; x_wconf 75' lang='grc' dir='ltr'>Ἐμοὶ</span> <span class='ocrx_word' id='word_1_516' title='bbox 3694 3484 3741 3536; x_wconf 70' lang='grc' dir='ltr'><strong>δὲ</strong></span> <span class='ocrx_word' id='word_1_517' title='bbox 3766 3483 3837 3546; x_wconf 68' lang='grc' dir='ltr'><strong>τέ-</strong></span> 
     </span>
    </p>
   </div>
   <div class='ocr_carea' id='block_1_71' title="bbox 2307 3574 3847 3647">
    <p class='ocr_par' dir='ltr' id='par_1_71' title="bbox 2307 3574 3847 3647">
     <span class='ocr_line' id='line_1_71' title="bbox 2307 3574 3847 3647; baseline -0.006 -15"><span class='ocrx_word' id='word_1_518' title='bbox 2307 3596 2450 3632; x_wconf 89' lang='grc' dir='ltr'>νοιτο</span> <span class='ocrx_word' id='word_1_519' title='bbox 2489 3579 2646 3631; x_wconf 83' lang='grc' dir='ltr'>πέντε</span> <span class='ocrx_word' id='word_1_520' title='bbox 2691 3577 2884 3644; x_wconf 85' lang='grc' dir='ltr'>λόγους</span> <span class='ocrx_word' id='word_1_521' title='bbox 2917 3579 2973 3630; x_wconf 77' lang='grc' dir='ltr'>ἐν</span> <span class='ocrx_word' id='word_1_522' title='bbox 3013 3576 3275 3647; x_wconf 67' lang='grc' dir='ltr'>ἐκκλησία</span> <span class='ocrx_word' id='word_1_523' title='bbox 3305 3576 3539 3644; x_wconf 80' lang='grc' dir='ltr'>λαλῆσαι</span> <span class='ocrx_word' id='word_1_524' title='bbox 3585 3574 3716 3645; x_wconf 82' lang='grc' dir='ltr'><strong>μετά</strong></span> <span class='ocrx_word' id='word_1_525' title='bbox 3747 3591 3847 3624; x_wconf 67' lang='lat' dir='ltr'><strong>sw-</strong></span> 
     </span>
    </p>
   </div>
   <div class='ocr_carea' id='block_1_72' title="bbox 2309 3666 3843 3742">
    <p class='ocr_par' dir='ltr' id='par_1_72' title="bbox 2309 3666 3843 3742">
     <span class='ocr_line' id='line_1_72' title="bbox 2309 3666 3843 3742; baseline -0.007 -18"><span class='ocrx_word' id='word_1_526' title='bbox 2309 3670 2496 3742; x_wconf 81' lang='grc' dir='ltr'>έσεως,</span> <span class='ocrx_word' id='word_1_527' title='bbox 2526 3669 2558 3740; x_wconf 80' lang='grc' dir='ltr'>ἢ</span> <span class='ocrx_word' id='word_1_528' title='bbox 2590 3668 2816 3740; x_wconf 88' lang='grc' dir='ltr'>μυρίους</span> <span class='ocrx_word' id='word_1_529' title='bbox 2850 3668 2959 3738; x_wconf 84' lang='grc'>(96)</span> <span class='ocrx_word' id='word_1_530' title='bbox 2993 3670 3051 3721; x_wconf 84' lang='grc' dir='ltr'>ὲν</span> <span class='ocrx_word' id='word_1_531' title='bbox 3075 3667 3313 3738; x_wconf 77' lang='grc' dir='ltr'>γλώσσῃ,</span> <span class='ocrx_word' id='word_1_532' title='bbox 3340 3669 3432 3720; x_wconf 82' lang='grc' dir='ltr'>κα).</span> <span class='ocrx_word' id='word_1_533' title='bbox 3464 3670 3618 3737; x_wconf 82' lang='grc' dir='ltr'>φωνῇ</span> <span class='ocrx_word' id='word_1_534' title='bbox 3656 3666 3843 3728; x_wconf 74' lang='grc' dir='ltr'>σάλπιγ-</span> 
     </span>
    </p>
   </div>
   <div class='ocr_carea' id='block_1_73' title="bbox 636 3757 2202 3834">
    <p class='ocr_par' dir='ltr' id='par_1_73' title="bbox 636 3760 2202 3834">
     <span class='ocr_line' id='line_1_73' title="bbox 636 3760 2202 3834; baseline -0.003 -16"><span class='ocrx_word' id='word_1_535' title='bbox 636 3765 815 3834; x_wconf 89' lang='lat' dir='ltr'><strong>eloqui</strong></span> <span class='ocrx_word' id='word_1_536' title='bbox 848 3763 1145 3832; x_wconf 85' lang='lat' dir='ltr'><strong>contingat,</strong></span> <span class='ocrx_word' id='word_1_537' title='bbox 1183 3776 1342 3831; x_wconf 84' lang='lat' dir='ltr'><strong>quam</strong></span> <span class='ocrx_word' id='word_1_538' title='bbox 1400 3761 1586 3814; x_wconf 90' lang='lat' dir='ltr'><strong>decem</strong></span> <span class='ocrx_word' id='word_1_539' title='bbox 1645 3760 1814 3814; x_wconf 87' lang='lat' dir='ltr'><strong>millia</strong></span> <span class='ocrx_word' id='word_1_540' title='bbox 1847 3761 1899 3814; x_wconf 92' lang='lat' dir='ltr'><strong>in</strong></span> <span class='ocrx_word' id='word_1_541' title='bbox 1950 3761 2130 3830; x_wconf 88' lang='lat' dir='ltr'><strong>lingua</strong></span> <span class='ocrx_word' id='word_1_542' title='bbox 2153 3771 2202 3814; x_wconf 87' lang='lat' dir='ltr'><strong>et</strong></span> 
     </span>
    </p>
   </div>
   <div class='ocr_carea' id='block_1_74' title="bbox 2313 3757 3846 3834">
    <p class='ocr_par' dir='ltr' id='par_1_74' title="bbox 2313 3757 3846 3834">
     <span class='ocr_line' id='line_1_74' title="bbox 2313 3757 3846 3834; baseline -0.008 -16"><span class='ocrx_word' id='word_1_543' title='bbox 2313 3781 2401 3834; x_wconf 88' lang='grc' dir='ltr'><strong>γος</strong></span> <span class='ocrx_word' id='word_1_544' title='bbox 2446 3764 2664 3834; x_wconf 79' lang='grc' dir='ltr'>ἀσήμῳ,</span> <span class='ocrx_word' id='word_1_545' title='bbox 2705 3761 2795 3815; x_wconf 79' lang='grc' dir='ltr'><strong>τὸν</strong></span> <span class='ocrx_word' id='word_1_546' title='bbox 2825 3763 2954 3832; x_wconf 78' lang='grc' dir='ltr'>ἐμὸν</span> <span class='ocrx_word' id='word_1_547' title='bbox 2986 3761 3206 3830; x_wconf 80' lang='grc' dir='ltr'>ὁπλίτην</span> <span class='ocrx_word' id='word_1_548' title='bbox 3257 3763 3355 3814; x_wconf 69' lang='grc' dir='ltr'><strong>οὐκ</strong></span> <span class='ocrx_word' id='word_1_549' title='bbox 3406 3760 3696 3833; x_wconf 76' lang='grc' dir='ltr'>ἐγειρούσῃ</span> <span class='ocrx_word' id='word_1_550' title='bbox 3740 3757 3846 3824; x_wconf 57' lang='lat'><strong>7:73;</strong></span> 
     </span>
    </p>
   </div>
   <div class='ocr_carea' id='block_1_75' title="bbox 638 3851 2200 3922">
    <p class='ocr_par' dir='ltr' id='par_1_75' title="bbox 638 3851 2200 3922">
     <span class='ocr_line' id='line_1_75' title="bbox 638 3851 2200 3922; baseline -0.001 -14"><span class='ocrx_word' id='word_1_551' title='bbox 638 3872 768 3910; x_wconf 88' lang='lat' dir='ltr'><strong>voce</strong></span> <span class='ocrx_word' id='word_1_552' title='bbox 812 3856 950 3909; x_wconf 72' lang='lat' dir='ltr'><strong>tuba:</strong></span> <span class='ocrx_word' id='word_1_553' title='bbox 997 3854 1117 3908; x_wconf 93' lang='lat' dir='ltr'><strong>sine</strong></span> <span class='ocrx_word' id='word_1_554' title='bbox 1180 3867 1341 3907; x_wconf 85' lang='lat' dir='ltr'><strong>sensu</strong></span> <span class='ocrx_word' id='word_1_555' title='bbox 1374 3851 1444 3916; x_wconf 76' lang='lat'><strong>“,</strong></span> <span class='ocrx_word' id='word_1_556' title='bbox 1502 3852 1917 3922; x_wconf 80' lang='lat' dir='ltr'><strong>haudquaquam</strong></span> <span class='ocrx_word' id='word_1_557' title='bbox 1977 3852 2200 3907; x_wconf 86' lang='lat' dir='ltr'><strong>militem</strong></span> 
     </span>
    </p>
   </div>
   <div class='ocr_carea' id='block_1_76' title="bbox 638 3943 2204 4014">
    <p class='ocr_par' dir='ltr' id='par_1_76' title="bbox 638 3943 2204 4014">
     <span class='ocr_line' id='line_1_76' title="bbox 638 3943 2204 4014; baseline -0.001 -14"><span class='ocrx_word' id='word_1_558' title='bbox 638 3962 814 4000; x_wconf 89' lang='lat' dir='ltr'><strong>meum</strong></span> <span class='ocrx_word' id='word_1_559' title='bbox 871 3946 937 3999; x_wconf 90' lang='lat' dir='ltr'><strong>ad</strong></span> <span class='ocrx_word' id='word_1_560' title='bbox 987 3943 1269 4014; x_wconf 86' lang='lat' dir='ltr'><strong>spirituale</strong></span> <span class='ocrx_word' id='word_1_561' title='bbox 1329 3943 1526 3997; x_wconf 90' lang='lat' dir='ltr'><strong>bellum</strong></span> <span class='ocrx_word' id='word_1_562' title='bbox 1586 3945 1877 3999; x_wconf 84' lang='lat' dir='ltr'><strong>excitante.</strong></span> <span class='ocrx_word' id='word_1_563' title='bbox 1920 3943 2068 3998; x_wconf 88' lang='lat' dir='ltr'><strong>llanc</strong></span> <span class='ocrx_word' id='word_1_564' title='bbox 2106 3961 2204 4014; x_wconf 86' lang='lat' dir='ltr'><strong>ego</strong></span> 
     </span>
    </p>
   </div>
   <div class='ocr_carea' id='block_1_77' title="bbox 638 4037 2204 4107">
    <p class='ocr_par' dir='ltr' id='par_1_77' title="bbox 638 4037 2204 4107">
     <span class='ocr_line' id='line_1_77' title="bbox 638 4037 2204 4107; baseline -0.002 -14"><span class='ocrx_word' id='word_1_565' title='bbox 638 4039 958 4107; x_wconf 77' lang='lat' dir='ltr'><strong>Sapientiam</strong></span> <span class='ocrx_word' id='word_1_566' title='bbox 995 4038 1174 4101; x_wconf 88' lang='lat' dir='ltr'><strong>laudo,</strong></span> <span class='ocrx_word' id='word_1_567' title='bbox 1214 4037 1356 4091; x_wconf 91' lang='lat' dir='ltr'><strong>hanc</strong></span> <span class='ocrx_word' id='word_1_568' title='bbox 1375 4037 1729 4105; x_wconf 87' lang='lat' dir='ltr'><strong>complector,</strong></span> <span class='ocrx_word' id='word_1_569' title='bbox 1758 4051 1852 4106; x_wconf 89' lang='lat' dir='ltr'><strong>per</strong></span> <span class='ocrx_word' id='word_1_570' title='bbox 1869 4051 2028 4105; x_wconf 88' lang='lat' dir='ltr'><strong>quam</strong></span> <span class='ocrx_word' id='word_1_571' title='bbox 2051 4037 2204 4106; x_wconf 86' lang='lat' dir='ltr'><strong>igno-</strong></span> 
     </span>
    </p>
   </div>
   <div class='ocr_carea' id='block_1_78' title="bbox 638 4129 2200 4198">
    <p class='ocr_par' dir='ltr' id='par_1_78' title="bbox 638 4129 2200 4198">
     <span class='ocr_line' id='line_1_78' title="bbox 638 4129 2200 4198; baseline 0.001 -15"><span class='ocrx_word' id='word_1_572' title='bbox 638 4131 777 4184; x_wconf 84' lang='lat' dir='ltr'><strong>biles</strong></span> <span class='ocrx_word' id='word_1_573' title='bbox 803 4129 1028 4198; x_wconf 84' lang='lat' dir='ltr'><strong>gloriam</strong></span> <span class='ocrx_word' id='word_1_574' title='bbox 1067 4129 1347 4184; x_wconf 89' lang='lat' dir='ltr'><strong>consecuti</strong></span> <span class='ocrx_word' id='word_1_575' title='bbox 1401 4137 1549 4193; x_wconf 89' lang='lat' dir='ltr'><strong>sunt,</strong></span> <span class='ocrx_word' id='word_1_576' title='bbox 1616 4140 1671 4182; x_wconf 88' lang='lat' dir='ltr'><strong>et</strong></span> <span class='ocrx_word' id='word_1_577' title='bbox 1709 4130 1774 4181; x_wconf 89' lang='lat' dir='ltr'><strong>ad</strong></span> <span class='ocrx_word' id='word_1_578' title='bbox 1813 4143 1972 4196; x_wconf 91' lang='lat' dir='ltr'><strong>quam</strong></span> <span class='ocrx_word' id='word_1_579' title='bbox 2009 4129 2065 4193; x_wconf 90' lang='lat' dir='ltr'><strong>ii,</strong></span> <span class='ocrx_word' id='word_1_580' title='bbox 2110 4131 2200 4197; x_wconf 92' lang='lat' dir='ltr'><strong>qui</strong></span> 
     </span>
    </p>
   </div>
   <div class='ocr_carea' id='block_1_79' title="bbox 637 4218 2201 4290">
    <p class='ocr_par' dir='ltr' id='par_1_79' title="bbox 637 4218 2201 4290">
     <span class='ocr_line' id='line_1_79' title="bbox 637 4218 2201 4290; baseline -0.001 -15"><span class='ocrx_word' id='word_1_581' title='bbox 637 4223 782 4276; x_wconf 89' lang='lat' dir='ltr'><strong>nullo</strong></span> <span class='ocrx_word' id='word_1_582' title='bbox 813 4224 866 4276; x_wconf 90' lang='lat' dir='ltr'><strong>in</strong></span> <span class='ocrx_word' id='word_1_583' title='bbox 905 4222 1079 4290; x_wconf 90' lang='lat' dir='ltr'><strong>pretio</strong></span> <span class='ocrx_word' id='word_1_584' title='bbox 1113 4229 1290 4284; x_wconf 86' lang='lat' dir='ltr'><strong>erant,</strong></span> <span class='ocrx_word' id='word_1_585' title='bbox 1323 4221 1534 4274; x_wconf 73' lang='lat' dir='ltr'><strong>caeteris</strong></span> <span class='ocrx_word' id='word_1_586' title='bbox 1568 4218 1772 4288; x_wconf 73' lang='lat' dir='ltr'><strong>praelati</strong></span> <span class='ocrx_word' id='word_1_587' title='bbox 1810 4227 1956 4282; x_wconf 90' lang='lat' dir='ltr'><strong>sunt,</strong></span> <span class='ocrx_word' id='word_1_588' title='bbox 1995 4229 2050 4272; x_wconf 89' lang='lat' dir='ltr'><strong>et</strong></span> <span class='ocrx_word' id='word_1_589' title='bbox 2077 4233 2201 4274; x_wconf 75' lang='lat' dir='ltr'><strong>cum</strong></span> 
     </span>
    </p>
   </div>
   <div class='ocr_carea' id='block_1_80' title="bbox 629 4310 2196 4381">
    <p class='ocr_par' dir='ltr' id='par_1_80' title="bbox 629 4310 2196 4381">
     <span class='ocr_line' id='line_1_80' title="bbox 629 4310 2196 4381; baseline 0.001 -16"><span class='ocrx_word' id='word_1_590' title='bbox 629 4327 740 4381; x_wconf 87' lang='lat' dir='ltr'><strong>qua</strong></span> <span class='ocrx_word' id='word_1_591' title='bbox 773 4312 1072 4379; x_wconf 87' lang='lat' dir='ltr'><strong>piscatores</strong></span> <span class='ocrx_word' id='word_1_592' title='bbox 1104 4310 1414 4365; x_wconf 87' lang='lat' dir='ltr'><strong>universum</strong></span> <span class='ocrx_word' id='word_1_593' title='bbox 1441 4311 1627 4364; x_wconf 86' lang='lat' dir='ltr'><strong>orbem</strong></span> <span class='ocrx_word' id='word_1_594' title='bbox 1650 4310 1921 4380; x_wconf 85' lang='lat' dir='ltr'><strong>Evangelii</strong></span> <span class='ocrx_word' id='word_1_595' title='bbox 1944 4311 2196 4376; x_wconf 86' lang='lat' dir='ltr'><strong>vinculis,</strong></span> 
     </span>
    </p>
   </div>
   <div class='ocr_carea' id='block_1_81' title="bbox 2305 3849 3846 3925">
    <p class='ocr_par' dir='ltr' id='par_1_81' title="bbox 2305 3849 3846 3925">
     <span class='ocr_line' id='line_1_81' title="bbox 2305 3849 3846 3925; baseline -0.008 -17"><span class='ocrx_word' id='word_1_596' title='bbox 2305 3854 2394 3908; x_wconf 86' lang='grc' dir='ltr'><strong>τὸν</strong></span> <span class='ocrx_word' id='word_1_597' title='bbox 2440 3853 2805 3925; x_wconf 74' lang='grc' dir='ltr'>πνευματικὸν</span> <span class='ocrx_word' id='word_1_598' title='bbox 2848 3851 3102 3922; x_wconf 86' lang='grc' dir='ltr'>πόλεμον.</span> <span class='ocrx_word' id='word_1_599' title='bbox 3151 3850 3364 3920; x_wconf 78' lang='grc' dir='ltr'>Ταύτην</span> <span class='ocrx_word' id='word_1_600' title='bbox 3415 3850 3626 3903; x_wconf 77' lang='grc' dir='ltr'>ἐπαινῶ</span> <span class='ocrx_word' id='word_1_601' title='bbox 3665 3849 3751 3916; x_wconf 70' lang='grc' dir='ltr'>τὴν</span> <span class='ocrx_word' id='word_1_602' title='bbox 3783 3863 3846 3897; x_wconf 70' lang='grc' dir='ltr'><strong>σς-</strong></span> 
     </span>
    </p>
   </div>
   <div class='ocr_carea' id='block_1_82' title="bbox 2305 3939 3847 4017">
    <p class='ocr_par' dir='ltr' id='par_1_82' title="bbox 2305 3939 3847 4017">
     <span class='ocr_line' id='line_1_82' title="bbox 2305 3939 3847 4017; baseline -0.006 -16"><span class='ocrx_word' id='word_1_603' title='bbox 2305 3949 2431 4017; x_wconf 87' lang='grc' dir='ltr'>φίαν</span> <span class='ocrx_word' id='word_1_604' title='bbox 2457 3947 2589 4016; x_wconf 81' lang='grc' dir='ltr'>εγὼ,</span> <span class='ocrx_word' id='word_1_605' title='bbox 2621 3946 2824 4017; x_wconf 74' lang='grc' dir='ltr'>ταύτην</span> <span class='ocrx_word' id='word_1_606' title='bbox 2856 3943 3192 4013; x_wconf 76' lang='grc' dir='ltr'>ἀσπάζομαι,</span> <span class='ocrx_word' id='word_1_607' title='bbox 3222 3943 3290 3994; x_wconf 82' lang='grc' dir='ltr'>δι’</span> <span class='ocrx_word' id='word_1_608' title='bbox 3321 3939 3388 4014; x_wconf 78' lang='grc' dir='ltr'>ἦν</span> <span class='ocrx_word' id='word_1_609' title='bbox 3409 3943 3659 4010; x_wconf 73' lang='grc' dir='ltr'>ἀγεννεῖς</span> <span class='ocrx_word' id='word_1_610' title='bbox 3696 3940 3847 4002; x_wconf 50' lang='lat'><strong>266‘;-</strong></span> 
     </span>
    </p>
   </div>
   <div class='ocr_carea' id='block_1_83' title="bbox 2305 4035 3850 4110">
    <p class='ocr_par' dir='ltr' id='par_1_83' title="bbox 2305 4035 3850 4110">
     <span class='ocr_line' id='line_1_83' title="bbox 2305 4035 3850 4110; baseline -0.008 -18"><span class='ocrx_word' id='word_1_611' title='bbox 2305 4040 2509 4110; x_wconf 85' lang='grc' dir='ltr'>σθησαν</span> <span class='ocrx_word' id='word_1_612' title='bbox 2541 4039 2672 4109; x_wconf 83' lang='lat'><strong>(97),</strong></span> <span class='ocrx_word' id='word_1_613' title='bbox 2704 4039 2797 4091; x_wconf 77' lang='grc' dir='ltr'><strong>καὶ</strong></span> <span class='ocrx_word' id='word_1_614' title='bbox 2827 4039 2907 4100; x_wconf 86' lang='grc' dir='ltr'><strong>είς</strong></span> <span class='ocrx_word' id='word_1_615' title='bbox 2941 4037 3008 4107; x_wconf 83' lang='grc' dir='ltr'>ἣν</span> <span class='ocrx_word' id='word_1_616' title='bbox 3054 4035 3462 4105; x_wconf 77' lang='grc' dir='ltr'>ὲξουθενήμενοι</span> <span class='ocrx_word' id='word_1_617' title='bbox 3514 4035 3632 4104; x_wconf 89' lang='lat'><strong>(98)</strong></span> <span class='ocrx_word' id='word_1_618' title='bbox 3668 4049 3850 4099; x_wconf 68' lang='grc' dir='ltr'>προετιν</span> 
     </span>
    </p>
   </div>
   <div class='ocr_carea' id='block_1_84' title="bbox 2306 4123 3849 4201">
    <p class='ocr_par' dir='ltr' id='par_1_84' title="bbox 2306 4123 3849 4201">
     <span class='ocr_line' id='line_1_84' title="bbox 2306 4123 3849 4201; baseline -0.008 -18"><span class='ocrx_word' id='word_1_619' title='bbox 2306 4129 2573 4201; x_wconf 86' lang='grc' dir='ltr'>μήθησαν,</span> <span class='ocrx_word' id='word_1_620' title='bbox 2627 4129 2719 4182; x_wconf 74' lang='grc' dir='ltr'>κα).</span> <span class='ocrx_word' id='word_1_621' title='bbox 2774 4127 2892 4198; x_wconf 80' lang='grc' dir='ltr'>μεθ’</span> <span class='ocrx_word' id='word_1_622' title='bbox 2933 4123 3002 4199; x_wconf 82' lang='grc' dir='ltr'>ἧς</span> <span class='ocrx_word' id='word_1_623' title='bbox 3049 4125 3216 4188; x_wconf 82' lang='grc' dir='ltr'>ἁλιεῖς</span> <span class='ocrx_word' id='word_1_624' title='bbox 3258 4126 3355 4196; x_wconf 77' lang='grc' dir='ltr'>τὴν</span> <span class='ocrx_word' id='word_1_625' title='bbox 3385 4125 3717 4196; x_wconf 77' lang='grc' dir='ltr'>οἰκουμένην</span> <span class='ocrx_word' id='word_1_626' title='bbox 3746 4123 3849 4190; x_wconf 57' lang='grc' dir='ltr'>ὅλην</span> 
     </span>
    </p>
   </div>
   <div class='ocr_carea' id='block_1_85' title="bbox 2301 4217 3850 4288">
    <p class='ocr_par' dir='ltr' id='par_1_85' title="bbox 2301 4217 3850 4288">
     <span class='ocr_line' id='line_1_85' title="bbox 2301 4217 3850 4288; baseline -0.006 -15"><span class='ocrx_word' id='word_1_627' title='bbox 2301 4223 2413 4284; x_wconf 88' lang='grc' dir='ltr'>τοῖς</span> <span class='ocrx_word' id='word_1_628' title='bbox 2439 4220 2534 4274; x_wconf 80' lang='grc' dir='ltr'><strong>τοῦ</strong></span> <span class='ocrx_word' id='word_1_629' title='bbox 2556 4218 2887 4287; x_wconf 84' lang='grc' dir='ltr'>Εὑαγγελίου</span> <span class='ocrx_word' id='word_1_630' title='bbox 2913 4217 3130 4288; x_wconf 84' lang='grc' dir='ltr'>δεσμοῖς</span> <span class='ocrx_word' id='word_1_631' title='bbox 3154 4218 3554 4286; x_wconf 84' lang='grc' dir='ltr'>ὲσαγήνευσαν,</span> <span class='ocrx_word' id='word_1_632' title='bbox 3585 4217 3665 4285; x_wconf 78' lang='grc' dir='ltr'>τῷ</span> <span class='ocrx_word' id='word_1_633' title='bbox 3695 4230 3850 4267; x_wconf 75' lang='grc' dir='ltr'>συντε-</span> 
     </span>
    </p>
   </div>
   <div class='ocr_carea' id='block_1_86' title="bbox 2299 4308 3852 4384">
    <p class='ocr_par' dir='ltr' id='par_1_86' title="bbox 2299 4308 3852 4384">
     <span class='ocr_line' id='line_1_86' title="bbox 2299 4308 3852 4384; baseline -0.007 -18"><span class='ocrx_word' id='word_1_634' title='bbox 2299 4313 2606 4384; x_wconf 79' lang='grc' dir='ltr'>τελεσμένῳ</span> <span class='ocrx_word' id='word_1_635' title='bbox 2637 4312 2731 4364; x_wconf 77' lang='grc' dir='ltr'><strong>καὶ</strong></span> <span class='ocrx_word' id='word_1_636' title='bbox 2766 4311 3184 4380; x_wconf 84' lang='grc' dir='ltr'>συντετμημένῳ</span> <span class='ocrx_word' id='word_1_637' title='bbox 3217 4308 3379 4378; x_wconf 88' lang='grc' dir='ltr'>λόγῳ,</span> <span class='ocrx_word' id='word_1_638' title='bbox 3419 4309 3524 4380; x_wconf 76' lang='grc' dir='ltr'>τὴν</span> <span class='ocrx_word' id='word_1_639' title='bbox 3578 4324 3852 4378; x_wconf 73' lang='grc' dir='ltr'>καταργου-</span> 
     </span>
    </p>
   </div>
   <div class='ocr_carea' id='block_1_87' title="bbox 635 4398 2202 4492">
    <p class='ocr_par' dir='ltr' id='par_1_87' title="bbox 635 4402 2199 4473">
     <span class='ocr_line' id='line_1_87' title="bbox 635 4402 2199 4473; baseline 0.001 -17"><span class='ocrx_word' id='word_1_640' title='bbox 635 4415 889 4473; x_wconf 86' lang='lat' dir='ltr'><strong>tanquam</strong></span> <span class='ocrx_word' id='word_1_641' title='bbox 923 4403 1146 4468; x_wconf 89' lang='lat' dir='ltr'><strong>retibus,</strong></span> <span class='ocrx_word' id='word_1_642' title='bbox 1182 4402 1581 4472; x_wconf 87' lang='lat' dir='ltr'><strong>implicuernnt,</strong></span> <span class='ocrx_word' id='word_1_643' title='bbox 1631 4417 1694 4456; x_wconf 92' lang='lat' dir='ltr'><strong>ac</strong></span> <span class='ocrx_word' id='word_1_644' title='bbox 1731 4418 1826 4472; x_wconf 90' lang='lat' dir='ltr'><strong>per</strong></span> <span class='ocrx_word' id='word_1_645' title='bbox 1853 4418 2199 4458; x_wconf 90' lang='lat' dir='ltr'><strong>consumma-</strong></span> 
     </span>
    </p>
   </div>
   <div class='ocr_carea' id='block_1_88' title="bbox 2313 4398 3850 4492">
    <p class='ocr_par' dir='ltr' id='par_1_88' title="bbox 2313 4398 3850 4474">
     <span class='ocr_line' id='line_1_88' title="bbox 2313 4398 3850 4474; baseline -0.005 -18"><span class='ocrx_word' id='word_1_646' title='bbox 2313 4403 2473 4474; x_wconf 77' lang='grc' dir='ltr'>μένην</span> <span class='ocrx_word' id='word_1_647' title='bbox 2505 4403 2692 4471; x_wconf 80' lang='grc' dir='ltr'>σοφίαν</span> <span class='ocrx_word' id='word_1_648' title='bbox 2726 4401 3069 4470; x_wconf 84' lang='grc' dir='ltr'>νικήσαντες.</span> <span class='ocrx_word' id='word_1_649' title='bbox 3104 4399 3179 4451; x_wconf 81' lang='grc' dir='ltr'><strong>υὺ</strong></span> <span class='ocrx_word' id='word_1_650' title='bbox 3215 4398 3322 4469; x_wconf 81' lang='grc' dir='ltr'>γὰρ</span> <span class='ocrx_word' id='word_1_651' title='bbox 3359 4400 3387 4450; x_wconf 93' lang='lat'><strong>6</strong></span> <span class='ocrx_word' id='word_1_652' title='bbox 3414 4399 3474 4451; x_wconf 83' lang='grc' dir='ltr'>ὲν</span> <span class='ocrx_word' id='word_1_653' title='bbox 3508 4399 3661 4468; x_wconf 82' lang='grc' dir='ltr'>λόγῳ</span> <span class='ocrx_word' id='word_1_654' title='bbox 3700 4399 3850 4464; x_wconf 44' lang='grc' dir='ltr'>σοῖιᾎ</span> 
     </span>
    </p>
   </div>
   <div class='ocr_carea' id='block_1_89' title="bbox 633 4489 2197 4563">
    <p class='ocr_par' dir='ltr' id='par_1_89' title="bbox 633 4489 2197 4563">
     <span class='ocr_line' id='line_1_89' title="bbox 633 4489 2197 4563; baseline 0.004 -21"><span class='ocrx_word' id='word_1_655' title='bbox 633 4497 744 4542; x_wconf 89' lang='lat' dir='ltr'><strong>tum</strong></span> <span class='ocrx_word' id='word_1_656' title='bbox 770 4499 822 4544; x_wconf 84' lang='lat' dir='ltr'><strong>et</strong></span> <span class='ocrx_word' id='word_1_657' title='bbox 845 4490 1211 4544; x_wconf 85' lang='lat' dir='ltr'><strong>abbreviatum</strong></span> <span class='ocrx_word' id='word_1_658' title='bbox 1239 4490 1456 4545; x_wconf 83' lang='lat' dir='ltr'><strong>verbum</strong></span> <span class='ocrx_word' id='word_1_659' title='bbox 1481 4489 1546 4553; x_wconf 78' lang='grc'><strong>⁸⁵,</strong></span> <span class='ocrx_word' id='word_1_660' title='bbox 1575 4492 1891 4560; x_wconf 83' lang='lat' dir='ltr'><strong>sapientiam</strong></span> <span class='ocrx_word' id='word_1_661' title='bbox 1936 4510 2053 4548; x_wconf 84' lang='lat' dir='ltr'><strong>eam</strong></span> <span class='ocrx_word' id='word_1_662' title='bbox 2078 4510 2197 4563; x_wconf 76' lang='lat' dir='ltr'><strong>qua:</strong></span> 
     </span>
    </p>
   </div>
   <div class='ocr_carea' id='block_1_90' title="bbox 631 4581 2196 4654">
    <p class='ocr_par' dir='ltr' id='par_1_90' title="bbox 631 4581 2196 4654">
     <span class='ocr_line' id='line_1_90' title="bbox 631 4581 2196 4654; baseline 0.005 -21"><span class='ocrx_word' id='word_1_663' title='bbox 631 4583 993 4637; x_wconf 80' lang='lat' dir='ltr'><strong>destruitur&quot;</strong></span> <span class='ocrx_word' id='word_1_664' title='bbox 1026 4591 1372 4652; x_wconf 87' lang='lat' dir='ltr'><strong>superarunt.</strong></span> <span class='ocrx_word' id='word_1_665' title='bbox 1409 4581 1518 4637; x_wconf 86' lang='lat' dir='ltr'><strong>Nec</strong></span> <span class='ocrx_word' id='word_1_666' title='bbox 1557 4585 1700 4638; x_wconf 87' lang='lat' dir='ltr'><strong>enim</strong></span> <span class='ocrx_word' id='word_1_667' title='bbox 1725 4586 1814 4654; x_wconf 89' lang='lat' dir='ltr'><strong>qui</strong></span> <span class='ocrx_word' id='word_1_668' title='bbox 1859 4587 1910 4640; x_wconf 91' lang='lat' dir='ltr'><strong>in</strong></span> <span class='ocrx_word' id='word_1_669' title='bbox 1942 4602 2196 4641; x_wconf 89' lang='lat' dir='ltr'><strong>sermone</strong></span> 
     </span>
    </p>
   </div>
   <div class='ocr_carea' id='block_1_91' title="bbox 700 4720 1733 4788">
    <p class='ocr_par' dir='ltr' id='par_1_91' title="bbox 700 4720 1733 4788">
     <span class='ocr_line' id='line_1_91' title="bbox 700 4720 1733 4788; baseline 0.005 -14"><span class='ocrx_word' id='word_1_670' title='bbox 700 4720 905 4774; x_wconf 73' lang='lat' dir='ltr'><strong>“Psal.</strong></span> <span class='ocrx_word' id='word_1_671' title='bbox 943 4738 992 4780; x_wconf 87' lang='grc' dir='ltr'><strong>ι..</strong></span> <span class='ocrx_word' id='word_1_672' title='bbox 1021 4720 1103 4775; x_wconf 77' lang='grc'><strong>19.</strong></span> <span class='ocrx_word' id='word_1_673' title='bbox 1214 4722 1258 4752; x_wconf 81' lang='grc'>⁸¹</span> <span class='ocrx_word' id='word_1_674' title='bbox 1293 4721 1432 4775; x_wconf 81' lang='lat' dir='ltr'><strong>Psal.</strong></span> <span class='ocrx_word' id='word_1_675' title='bbox 1474 4738 1616 4788; x_wconf 77' lang='lat' dir='ltr'><strong>xm,</strong></span> <span class='ocrx_word' id='word_1_676' title='bbox 1647 4724 1733 4780; x_wconf 70' lang='lat'><strong>23.</strong></span> 
     </span>
    </p>
   </div>
   <div class='ocr_carea' id='block_1_92' title="bbox 628 4789 1332 4858">
    <p class='ocr_par' dir='ltr' id='par_1_92' title="bbox 628 4789 1332 4858">
     <span class='ocr_line' id='line_1_92' title="bbox 628 4789 1332 4858; baseline -0.003 -12"><span class='ocrx_word' id='word_1_677' title='bbox 628 4808 704 4858; x_wconf 78' lang='lat' dir='ltr'><strong>Ix,</strong></span> <span class='ocrx_word' id='word_1_678' title='bbox 732 4792 822 4845; x_wconf 73' lang='lat'><strong>‘28.</strong></span> <span class='ocrx_word' id='word_1_679' title='bbox 899 4789 946 4820; x_wconf 81' lang='grc'><strong>⁸⁸</strong></span> <span class='ocrx_word' id='word_1_680' title='bbox 985 4793 1001 4843; x_wconf 97' lang='lat' dir='ltr'><strong>l</strong></span> <span class='ocrx_word' id='word_1_681' title='bbox 1033 4792 1159 4844; x_wconf 75' lang='lat' dir='ltr'><strong>Cor.</strong></span> <span class='ocrx_word' id='word_1_682' title='bbox 1192 4807 1250 4854; x_wconf 86' lang='grc' dir='ltr'><strong>ιι,</strong></span> <span class='ocrx_word' id='word_1_683' title='bbox 1281 4791 1332 4844; x_wconf 88' lang='grc'><strong>6.</strong></span> 
     </span>
    </p>
   </div>
   <div class='ocr_carea' id='block_1_93' title="bbox 701 4903 2004 4976">
    <p class='ocr_par' dir='ltr' id='par_1_93' title="bbox 701 4903 2004 4976">
     <span class='ocr_line' id='line_1_93' title="bbox 701 4903 2004 4976; baseline 0 -16"><span class='ocrx_word' id='word_1_684' title='bbox 701 4905 810 4974; x_wconf 77' lang='grc'>(89)</span> <span class='ocrx_word' id='word_1_685' title='bbox 846 4903 1428 4976; x_wconf 25' lang='grc' dir='ltr'>Προκιιλεῗσθεκῐὶεε.</span> <span class='ocrx_word' id='word_1_686' title='bbox 1463 4905 1552 4973; x_wconf 87' lang='lat' dir='ltr'><strong>ph.</strong></span> <span class='ocrx_word' id='word_1_687' title='bbox 1588 4904 2004 4976; x_wconf 86' lang='grc' dir='ltr'>προσκαλεῖσθε.</span> 
     </span>
    </p>
   </div>
   <div class='ocr_carea' id='block_1_94' title="bbox 701 4973 2192 5046">
    <p class='ocr_par' dir='ltr' id='par_1_94' title="bbox 701 4973 2192 5046">
     <span class='ocr_line' id='line_1_94' title="bbox 701 4973 2192 5046; baseline 0.001 -18"><span class='ocrx_word' id='word_1_688' title='bbox 701 4976 809 5046; x_wconf 91' lang='grc'>(90)</span> <span class='ocrx_word' id='word_1_689' title='bbox 847 4975 1232 5046; x_wconf 54' lang='grc' dir='ltr'>Ἑσπεύσατε.</span> <span class='ocrx_word' id='word_1_690' title='bbox 1260 4973 1350 5029; x_wconf 88' lang='lat' dir='ltr'><strong>Sic</strong></span> <span class='ocrx_word' id='word_1_691' title='bbox 1375 4974 1510 5044; x_wconf 81' lang='lat' dir='ltr'><strong>Reg.</strong></span> <span class='ocrx_word' id='word_1_692' title='bbox 1536 4992 1588 5038; x_wconf 91' lang='lat' dir='ltr'><strong>a,</strong></span> <span class='ocrx_word' id='word_1_693' title='bbox 1617 4973 1666 5040; x_wconf 77' lang='grc' dir='ltr'><strong>(Ξ,</strong></span> <span class='ocrx_word' id='word_1_694' title='bbox 1695 4976 1752 5039; x_wconf 91' lang='lat' dir='ltr'><strong>d,</strong></span> <span class='ocrx_word' id='word_1_695' title='bbox 1781 4977 1892 5046; x_wconf 80' lang='lat' dir='ltr'><strong>bm.</strong></span> <span class='ocrx_word' id='word_1_696' title='bbox 1913 5045 1919 5046; x_wconf 14' lang='grc' dir='ltr'><strong>γ</strong></span> <span class='ocrx_word' id='word_1_697' title='bbox 1947 4976 2113 5033; x_wconf 71' lang='lat' dir='ltr'><strong>Uoisl.</strong></span> <span class='ocrx_word' id='word_1_698' title='bbox 2138 4977 2192 5042; x_wconf 74' lang='grc' dir='ltr'><strong>ι,</strong></span> 
     </span>
    </p>
   </div>
   <div class='ocr_carea' id='block_1_95' title="bbox 629 5043 2194 5114">
    <p class='ocr_par' dir='ltr' id='par_1_95' title="bbox 629 5043 2194 5114">
     <span class='ocr_line' id='line_1_95' title="bbox 629 5043 2194 5114; baseline 0.001 -14"><span class='ocrx_word' id='word_1_699' title='bbox 629 5043 720 5100; x_wconf 75' lang='lat' dir='ltr'><strong>0r.</strong></span> <span class='ocrx_word' id='word_1_700' title='bbox 756 5046 804 5108; x_wconf 81' lang='lat' dir='ltr'><strong>l,</strong></span> <span class='ocrx_word' id='word_1_701' title='bbox 831 5053 936 5098; x_wconf 90' lang='lat' dir='ltr'><strong>etc.</strong></span> <span class='ocrx_word' id='word_1_702' title='bbox 978 5043 1034 5096; x_wconf 85' lang='lat' dir='ltr'><strong>lu</strong></span> <span class='ocrx_word' id='word_1_703' title='bbox 1067 5044 1184 5097; x_wconf 90' lang='lat' dir='ltr'><strong>aliis</strong></span> <span class='ocrx_word' id='word_1_704' title='bbox 1230 5060 1358 5098; x_wconf 91' lang='lat' dir='ltr'><strong>vero</strong></span> <span class='ocrx_word' id='word_1_705' title='bbox 1397 5043 1500 5098; x_wconf 81' lang='lat' dir='ltr'><strong>non</strong></span> <span class='ocrx_word' id='word_1_706' title='bbox 1533 5047 1735 5114; x_wconf 89' lang='lat' dir='ltr'><strong>paucis,</strong></span> <span class='ocrx_word' id='word_1_707' title='bbox 1765 5045 2040 5100; x_wconf 85' lang='grc' dir='ltr'>σπεύδετε.</span> <span class='ocrx_word' id='word_1_708' title='bbox 2066 5047 2194 5114; x_wconf 67' lang='lat' dir='ltr'><strong>Quae</strong></span> 
     </span>
    </p>
   </div>
   <div class='ocr_carea' id='block_1_96' title="bbox 630 5114 1862 5180">
    <p class='ocr_par' dir='ltr' id='par_1_96' title="bbox 630 5114 1862 5180">
     <span class='ocr_line' id='line_1_96' title="bbox 630 5114 1862 5180; baseline 0.001 -12"><span class='ocrx_word' id='word_1_709' title='bbox 630 5115 787 5170; x_wconf 88' lang='lat' dir='ltr'><strong>lectio</strong></span> <span class='ocrx_word' id='word_1_710' title='bbox 821 5129 924 5166; x_wconf 90' lang='lat' dir='ltr'><strong>non</strong></span> <span class='ocrx_word' id='word_1_711' title='bbox 954 5115 1130 5167; x_wconf 88' lang='lat' dir='ltr'><strong>minus</strong></span> <span class='ocrx_word' id='word_1_712' title='bbox 1157 5114 1350 5180; x_wconf 90' lang='lat' dir='ltr'><strong>placet.</strong></span> <span class='ocrx_word' id='word_1_713' title='bbox 1383 5115 1540 5178; x_wconf 91' lang='lat' dir='ltr'><strong>Editi,</strong></span> <span class='ocrx_word' id='word_1_714' title='bbox 1572 5115 1862 5170; x_wconf 83' lang='grc' dir='ltr'>ἀπεύσατε.</span> 
     </span>
    </p>
   </div>
   <div class='ocr_carea' id='block_1_97' title="bbox 702 5183 2192 5255">
    <p class='ocr_par' dir='ltr' id='par_1_97' title="bbox 702 5183 2192 5255">
     <span class='ocr_line' id='line_1_97' title="bbox 702 5183 2192 5255; baseline 0.001 -17"><span class='ocrx_word' id='word_1_715' title='bbox 702 5184 910 5255; x_wconf 73' lang='lat' dir='ltr'><strong>(9l)_Tl</strong></span> <span class='ocrx_word' id='word_1_716' title='bbox 962 5183 1092 5253; x_wconf 78' lang='grc' dir='ltr'>γάρ,</span> <span class='ocrx_word' id='word_1_717' title='bbox 1122 5193 1224 5238; x_wconf 91' lang='lat' dir='ltr'><strong>etc.</strong></span> <span class='ocrx_word' id='word_1_718' title='bbox 1270 5183 1474 5248; x_wconf 81' lang='lat' dir='ltr'><strong>Dillius,</strong></span> <span class='ocrx_word' id='word_1_719' title='bbox 1512 5201 1530 5234; x_wconf 77' lang='grc' dir='ltr'><strong>ι</strong></span> <span class='ocrx_word' id='word_1_720' title='bbox 1557 5200 1788 5252; x_wconf 92' lang='lat' dir='ltr'><strong>quonam</strong></span> <span class='ocrx_word' id='word_1_721' title='bbox 1839 5187 1981 5239; x_wconf 90' lang='lat' dir='ltr'><strong>enim</strong></span> <span class='ocrx_word' id='word_1_722' title='bbox 2017 5197 2192 5255; x_wconf 88' lang='lat' dir='ltr'><strong>pacto,</strong></span> 
     </span>
    </p>
   </div>
   <div class='ocr_carea' id='block_1_98' title="bbox 629 5253 2184 5322">
    <p class='ocr_par' dir='ltr' id='par_1_98' title="bbox 629 5253 2184 5322">
     <span class='ocr_line' id='line_1_98' title="bbox 629 5253 2184 5322; baseline 0.001 -15"><span class='ocrx_word' id='word_1_723' title='bbox 629 5253 749 5308; x_wconf 81' lang='lat' dir='ltr'><strong>cum</strong></span> <span class='ocrx_word' id='word_1_724' title='bbox 786 5253 871 5306; x_wconf 88' lang='lat' dir='ltr'><strong>illa</strong></span> <span class='ocrx_word' id='word_1_725' title='bbox 913 5255 982 5307; x_wconf 86' lang='lat' dir='ltr'><strong>ob</strong></span> <span class='ocrx_word' id='word_1_726' title='bbox 1015 5254 1406 5307; x_wconf 78' lang='lat' dir='ltr'><strong>vehementiam</strong></span> <span class='ocrx_word' id='word_1_727' title='bbox 1456 5269 1606 5306; x_wconf 85' lang='lat' dir='ltr'><strong>suam</strong></span> <span class='ocrx_word' id='word_1_728' title='bbox 1641 5265 1836 5308; x_wconf 88' lang='lat' dir='ltr'><strong>terram</strong></span> <span class='ocrx_word' id='word_1_729' title='bbox 1886 5253 2184 5322; x_wconf 80' lang='lat' dir='ltr'><strong>abstrahat,</strong></span> 
     </span>
    </p>
   </div>
   <div class='ocr_carea' id='block_1_99' title="bbox 625 5323 2035 5392">
    <p class='ocr_par' dir='ltr' id='par_1_99' title="bbox 625 5323 2035 5392">
     <span class='ocr_line' id='line_1_99' title="bbox 625 5323 2035 5392; baseline 0.003 -16"><span class='ocrx_word' id='word_1_730' title='bbox 625 5334 789 5391; x_wconf 87' lang='lat' dir='ltr'><strong>atque</strong></span> <span class='ocrx_word' id='word_1_731' title='bbox 825 5324 935 5389; x_wconf 87' lang='lat' dir='ltr'><strong>ipsa</strong></span> <span class='ocrx_word' id='word_1_732' title='bbox 966 5325 1124 5376; x_wconf 87' lang='lat' dir='ltr'><strong>etiam</strong></span> <span class='ocrx_word' id='word_1_733' title='bbox 1158 5325 1297 5377; x_wconf 75' lang='lat' dir='ltr'><strong>forte</strong></span> <span class='ocrx_word' id='word_1_734' title='bbox 1322 5323 1611 5392; x_wconf 75' lang='lat' dir='ltr'><strong>agriCOlatn</strong></span> <span class='ocrx_word' id='word_1_735' title='bbox 1648 5325 1858 5386; x_wconf 85' lang='lat' dir='ltr'><strong>multet,</strong></span> <span class='ocrx_word' id='word_1_736' title='bbox 1883 5345 1901 5377; x_wconf 79' lang='grc' dir='ltr'><strong>ι</strong></span> <span class='ocrx_word' id='word_1_737' title='bbox 1929 5335 2035 5380; x_wconf 89' lang='lat' dir='ltr'><strong>etc.</strong></span> 
     </span>
    </p>
   </div>
   <div class='ocr_carea' id='block_1_100' title="bbox 697 5391 2186 5464">
    <p class='ocr_par' dir='ltr' id='par_1_100' title="bbox 697 5391 2186 5464">
     <span class='ocr_line' id='line_1_100' title="bbox 697 5391 2186 5464; baseline 0.003 -17"><span class='ocrx_word' id='word_1_738' title='bbox 697 5394 806 5464; x_wconf 64' lang='lat'><strong>(9:!)</strong></span> <span class='ocrx_word' id='word_1_739' title='bbox 833 5393 979 5464; x_wconf 73' lang='grc' dir='ltr'>Οὔτε</span> <span class='ocrx_word' id='word_1_740' title='bbox 1007 5393 1097 5455; x_wconf 80' lang='grc' dir='ltr'>ἐν,</span> <span class='ocrx_word' id='word_1_741' title='bbox 1129 5403 1232 5464; x_wconf 78' lang='lat' dir='ltr'><strong>etc.</strong></span> <span class='ocrx_word' id='word_1_742' title='bbox 1257 5391 1607 5464; x_wconf 15' lang='grc' dir='ltr'><strong>Οι·ζ1ᾼ,νυῦτε</strong></span> <span class='ocrx_word' id='word_1_743' title='bbox 1641 5394 1669 5446; x_wconf 92' lang='lat'><strong>6</strong></span> <span class='ocrx_word' id='word_1_744' title='bbox 1692 5396 1774 5464; x_wconf 61' lang='lat' dir='ltr'><strong>sv.</strong></span> <span class='ocrx_word' id='word_1_745' title='bbox 1823 5394 2072 5452; x_wconf 85' lang='lat' dir='ltr'><strong>Fortasse</strong></span> <span class='ocrx_word' id='word_1_746' title='bbox 2109 5395 2186 5451; x_wconf 84' lang='lat' dir='ltr'><strong>le-</strong></span> 
     </span>
    </p>
   </div>
   <div class='ocr_carea' id='block_1_101' title="bbox 625 5461 2010 5535">
    <p class='ocr_par' dir='ltr' id='par_1_101' title="bbox 625 5461 2010 5535">
     <span class='ocr_line' id='line_1_101' title="bbox 625 5461 2010 5535; baseline 0.004 -23"><span class='ocrx_word' id='word_1_747' title='bbox 625 5461 879 5535; x_wconf 80' lang='lat' dir='ltr'><strong>gendum,</strong></span> <span class='ocrx_word' id='word_1_748' title='bbox 905 5462 1074 5535; x_wconf 82' lang='grc' dir='ltr'>οὓτως</span> <span class='ocrx_word' id='word_1_749' title='bbox 1111 5461 1232 5535; x_wconf 55' lang='lat' dir='ltr'><strong>agna</strong></span> <span class='ocrx_word' id='word_1_750' title='bbox 1253 5464 1281 5515; x_wconf 95' lang='lat'><strong>6</strong></span> <span class='ocrx_word' id='word_1_751' title='bbox 1314 5464 1370 5514; x_wconf 85' lang='grc' dir='ltr'>ὲν</span> <span class='ocrx_word' id='word_1_752' title='bbox 1391 5462 1581 5535; x_wconf 61' lang='grc' dir='ltr'>λόγοις</span> <span class='ocrx_word' id='word_1_753' title='bbox 1607 5463 2010 5535; x_wconf 67' lang='grc' dir='ltr'>δαψιλέστερος.</span> 
     </span>
    </p>
   </div>
   <div class='ocr_carea' id='block_1_102' title="bbox 697 5531 1557 5602">
    <p class='ocr_par' dir='ltr' id='par_1_102' title="bbox 697 5531 1557 5602">
     <span class='ocr_line' id='line_1_102' title="bbox 697 5531 1557 5602; baseline -0.002 -16"><span class='ocrx_word' id='word_1_754' title='bbox 697 5533 809 5602; x_wconf 80' lang='grc'>(95)</span> <span class='ocrx_word' id='word_1_755' title='bbox 845 5533 1101 5602; x_wconf 75' lang='grc' dir='ltr'>Ὀλίγον.</span> <span class='ocrx_word' id='word_1_756' title='bbox 1134 5532 1264 5601; x_wconf 81' lang='lat' dir='ltr'><strong>Reg.</strong></span> <span class='ocrx_word' id='word_1_757' title='bbox 1298 5548 1347 5595; x_wconf 89' lang='lat' dir='ltr'><strong>c,</strong></span> <span class='ocrx_word' id='word_1_758' title='bbox 1379 5531 1557 5601; x_wconf 83' lang='grc' dir='ltr'>όλιγα.</span> 
     </span>
    </p>
   </div>
   <div class='ocr_carea' id='block_1_103' title="bbox 697 5599 2193 5673">
    <p class='ocr_par' dir='ltr' id='par_1_103' title="bbox 697 5599 2193 5673">
     <span class='ocr_line' id='line_1_103' title="bbox 697 5599 2193 5673; baseline 0.003 -19"><span class='ocrx_word' id='word_1_759' title='bbox 697 5599 807 5668; x_wconf 77' lang='grc'>(94)</span> <span class='ocrx_word' id='word_1_760' title='bbox 835 5599 1028 5673; x_wconf 60' lang='grc' dir='ltr'>Ὠφθή</span> <span class='ocrx_word' id='word_1_761' title='bbox 1070 5599 1485 5673; x_wconf 62' lang='grc' dir='ltr'>Μκρότερος.“</span> <span class='ocrx_word' id='word_1_762' title='bbox 1524 5621 1542 5652; x_wconf 77' lang='grc' dir='ltr'><strong>ι</strong></span> <span class='ocrx_word' id='word_1_763' title='bbox 1573 5599 1884 5673; x_wconf 81' lang='lat' dir='ltr'><strong>sublimior,</strong></span> <span class='ocrx_word' id='word_1_764' title='bbox 1942 5605 2193 5673; x_wconf 87' lang='lat' dir='ltr'><strong>grandior</strong></span> 
     </span>
    </p>
   </div>
   <div class='ocr_carea' id='block_1_104' title="bbox 624 5671 1766 5740">
    <p class='ocr_par' dir='ltr' id='par_1_104' title="bbox 624 5671 1766 5740">
     <span class='ocr_line' id='line_1_104' title="bbox 624 5671 1766 5740; baseline 0.002 -17"><span class='ocrx_word' id='word_1_765' title='bbox 624 5673 892 5737; x_wconf 77' lang='lat' dir='ltr'><strong>apparuit.</strong></span> <span class='ocrx_word' id='word_1_766' title='bbox 919 5691 936 5724; x_wconf 77' lang='grc' dir='ltr'><strong>ι</strong></span> <span class='ocrx_word' id='word_1_767' title='bbox 967 5672 1152 5724; x_wconf 79' lang='lat' dir='ltr'><strong>Billius</strong></span> <span class='ocrx_word' id='word_1_768' title='bbox 1182 5691 1194 5726; x_wconf 91' lang='lat'><strong>:</strong></span> <span class='ocrx_word' id='word_1_769' title='bbox 1223 5689 1243 5722; x_wconf 77' lang='grc' dir='ltr'><strong>ι</strong></span> <span class='ocrx_word' id='word_1_770' title='bbox 1272 5672 1478 5740; x_wconf 88' lang='lat' dir='ltr'><strong>longior</strong></span> <span class='ocrx_word' id='word_1_771' title='bbox 1492 5671 1716 5726; x_wconf 80' lang='lat' dir='ltr'><strong>exstitit.</strong></span> <span class='ocrx_word' id='word_1_772' title='bbox 1746 5691 1766 5725; x_wconf 70' lang='grc' dir='ltr'><strong>ι</strong></span> 
     </span>
    </p>
   </div>
   <div class='ocr_carea' id='block_1_105' title="bbox 695 5734 2192 5810">
    <p class='ocr_par' dir='ltr' id='par_1_105' title="bbox 695 5734 2192 5810">
     <span class='ocr_line' id='line_1_105' title="bbox 695 5734 2192 5810; baseline 0.003 -17"><span class='ocrx_word' id='word_1_773' title='bbox 695 5734 808 5810; x_wconf 83' lang='grc'>(95)</span> <span class='ocrx_word' id='word_1_774' title='bbox 847 5741 1255 5796; x_wconf 77' lang='grc' dir='ltr'>Ἀντιθέσεσιν.</span> <span class='ocrx_word' id='word_1_775' title='bbox 1299 5761 1318 5794; x_wconf 81' lang='grc' dir='ltr'><strong>ι</strong></span> <span class='ocrx_word' id='word_1_776' title='bbox 1342 5734 1730 5810; x_wconf 68' lang='grc' dir='ltr'>Ᾱιιῑὶιὴεείὺυε.</span> <span class='ocrx_word' id='word_1_777' title='bbox 1757 5761 1776 5795; x_wconf 74' lang='grc' dir='ltr'><strong>ι</strong></span> <span class='ocrx_word' id='word_1_778' title='bbox 1807 5734 2011 5808; x_wconf 77' lang='grc' dir='ltr'>Βὶιιὶιις,</span> <span class='ocrx_word' id='word_1_779' title='bbox 2043 5761 2061 5794; x_wconf 81' lang='grc' dir='ltr'><strong>ι</strong></span> <span class='ocrx_word' id='word_1_780' title='bbox 2086 5743 2192 5798; x_wconf 85' lang='lat' dir='ltr'><strong>dis-</strong></span> 
     </span>
    </p>
   </div>
   <div class='ocr_carea' id='block_1_106' title="bbox 1820 4725 2304 4792">
    <p class='ocr_par' dir='ltr' id='par_1_106' title="bbox 1820 4725 2304 4792">
     <span class='ocr_line' id='line_1_106' title="bbox 1820 4725 2304 4792; baseline 0.008 -15"><span class='ocrx_word' id='word_1_781' title='bbox 1820 4725 1865 4756; x_wconf 82' lang='lat'><strong>&quot;</strong></span> <span class='ocrx_word' id='word_1_782' title='bbox 1901 4726 1940 4779; x_wconf 92' lang='lat' dir='ltr'><strong>ll</strong></span> <span class='ocrx_word' id='word_1_783' title='bbox 1975 4727 2097 4781; x_wconf 88' lang='lat' dir='ltr'><strong>Cor.</strong></span> <span class='ocrx_word' id='word_1_784' title='bbox 2131 4741 2181 4792; x_wconf 91' lang='lat' dir='ltr'><strong>v,</strong></span> <span class='ocrx_word' id='word_1_785' title='bbox 2219 4727 2304 4782; x_wconf 83' lang='grc' dir='ltr'><strong>Π.</strong></span> 
     </span>
    </p>
   </div>
   <div class='ocr_carea' id='block_1_107' title="bbox 2301 4490 3850 4566">
    <p class='ocr_par' dir='ltr' id='par_1_107' title="bbox 2301 4490 3850 4566">
     <span class='ocr_line' id='line_1_107' title="bbox 2301 4490 3850 4566; baseline -0.008 -18"><span class='ocrx_word' id='word_1_786' title='bbox 2301 4492 2454 4560; x_wconf 70' lang='grc' dir='ltr'>οὗτος</span> <span class='ocrx_word' id='word_1_787' title='bbox 2486 4496 2608 4566; x_wconf 71' lang='grc' dir='ltr'>ἐμοὶ</span> <span class='ocrx_word' id='word_1_788' title='bbox 2627 4493 2808 4562; x_wconf 76' lang='grc' dir='ltr'>σοφὸς,</span> <span class='ocrx_word' id='word_1_789' title='bbox 2835 4492 2955 4546; x_wconf 79' lang='grc' dir='ltr'>οὐδὲ</span> <span class='ocrx_word' id='word_1_790' title='bbox 2981 4491 3128 4554; x_wconf 85' lang='grc' dir='ltr'>ὅστις</span> <span class='ocrx_word' id='word_1_791' title='bbox 3152 4491 3400 4559; x_wconf 83' lang='grc' dir='ltr'>γλῶσσαν</span> <span class='ocrx_word' id='word_1_792' title='bbox 3442 4491 3550 4561; x_wconf 82' lang='grc' dir='ltr'><strong>μὲν</strong></span> <span class='ocrx_word' id='word_1_793' title='bbox 3584 4490 3850 4562; x_wconf 44' lang='lat' dir='ltr'><strong>chasma-4</strong></span> 
     </span>
    </p>
   </div>
   <div class='ocr_carea' id='block_1_108' title="bbox 2301 4581 3852 4657">
    <p class='ocr_par' dir='ltr' id='par_1_108' title="bbox 2301 4581 3852 4657">
     <span class='ocr_line' id='line_1_108' title="bbox 2301 4581 3852 4657; baseline -0.005 -19"><span class='ocrx_word' id='word_1_794' title='bbox 2301 4587 2431 4657; x_wconf 74' lang='grc' dir='ltr'>ἔχει,</span> <span class='ocrx_word' id='word_1_795' title='bbox 2460 4585 2635 4657; x_wconf 69' lang='grc' dir='ltr'>ψυχὴν</span> <span class='ocrx_word' id='word_1_796' title='bbox 2671 4585 2727 4638; x_wconf 83' lang='grc' dir='ltr'>δὲ</span> <span class='ocrx_word' id='word_1_797' title='bbox 2755 4585 2984 4638; x_wconf 82' lang='grc' dir='ltr'>ἄστατον</span> <span class='ocrx_word' id='word_1_798' title='bbox 3023 4583 3117 4637; x_wconf 82' lang='grc' dir='ltr'>καὶ</span> <span class='ocrx_word' id='word_1_799' title='bbox 3158 4582 3270 4652; x_wconf 87' lang='grc'>(99)</span> <span class='ocrx_word' id='word_1_800' title='bbox 3303 4582 3662 4645; x_wconf 71' lang='grc' dir='ltr'>ἀπαίδευτον,</span> <span class='ocrx_word' id='word_1_801' title='bbox 3697 4581 3852 4648; x_wconf 72' lang='grc' dir='ltr'>ὥσπερ</span> 
     </span>
    </p>
   </div>
   <div class='ocr_carea' id='block_1_109' title="bbox 2417 4721 3836 4795">
    <p class='ocr_par' dir='ltr' id='par_1_109' title="bbox 2417 4721 3836 4795">
     <span class='ocr_line' id='line_1_109' title="bbox 2417 4721 3836 4795; baseline -0.004 -15"><span class='ocrx_word' id='word_1_802' title='bbox 2417 4726 2461 4757; x_wconf 80' lang='grc'><strong>⁸³</strong></span> <span class='ocrx_word' id='word_1_803' title='bbox 2490 4725 2687 4795; x_wconf 88' lang='lat' dir='ltr'><strong>Ephes.</strong></span> <span class='ocrx_word' id='word_1_804' title='bbox 2723 4741 2796 4791; x_wconf 81' lang='lat' dir='ltr'><strong>tv,</strong></span> <span class='ocrx_word' id='word_1_805' title='bbox 2835 4725 2925 4782; x_wconf 68' lang='grc'><strong>24.</strong></span> <span class='ocrx_word' id='word_1_806' title='bbox 3020 4722 3105 4776; x_wconf 68' lang='grc'><strong>⁸⁵1</strong></span> <span class='ocrx_word' id='word_1_807' title='bbox 3149 4721 3276 4777; x_wconf 88' lang='lat' dir='ltr'><strong>Cor.</strong></span> <span class='ocrx_word' id='word_1_808' title='bbox 3307 4723 3518 4787; x_wconf 78' lang='lat' dir='ltr'><strong>xtv,l9.</strong></span> <span class='ocrx_word' id='word_1_809' title='bbox 3647 4722 3692 4754; x_wconf 79' lang='grc'>⁸⁸</span> <span class='ocrx_word' id='word_1_810' title='bbox 3726 4722 3836 4777; x_wconf 77' lang='lat' dir='ltr'><strong>Rom</strong></span> 
     </span>
    </p>
   </div>
   <div class='ocr_carea' id='block_1_110' title="bbox 2292 4909 2718 4979">
    <p class='ocr_par' dir='ltr' id='par_1_110' title="bbox 2292 4909 2718 4979">
     <span class='ocr_line' id='line_1_110' title="bbox 2292 4909 2718 4979; baseline -0.012 -15"><span class='ocrx_word' id='word_1_811' title='bbox 2292 4909 2677 4979; x_wconf 82' lang='lat' dir='ltr'><strong>putationibus.</strong></span> <span class='ocrx_word' id='word_1_812' title='bbox 2701 4926 2718 4959; x_wconf 74' lang='grc' dir='ltr'><strong>ι</strong></span> 
     </span>
    </p>
   </div>
   <div class='ocr_carea' id='block_1_111' title="bbox 2363 4978 3849 5068">
    <p class='ocr_par' dir='ltr' id='par_1_111' title="bbox 2363 4978 3849 5068">
     <span class='ocr_line' id='line_1_111' title="bbox 2363 4978 3849 5068; baseline 0 0"><span class='ocrx_word' id='word_1_813' title='bbox 2363 4978 2596 5068; x_wconf 55' lang='grc' dir='ltr'><strong>νέξ)ρα</strong></span> <span class='ocrx_word' id='word_1_814' title='bbox 2610 4979 2903 5068; x_wconf 41' lang='lat' dir='ltr'><strong>crassi:</strong></span> <span class='ocrx_word' id='word_1_815' title='bbox 2920 4989 3044 5068; x_wconf 58' lang='grc' dir='ltr'><strong>ξιξ·</strong></span> <span class='ocrx_word' id='word_1_816' title='bbox 3095 4981 3223 5068; x_wconf 65' lang='grc' dir='ltr'><strong>θῖξιί·</strong></span> <span class='ocrx_word' id='word_1_817' title='bbox 3251 4997 3304 5063; x_wconf 59' lang='grc' dir='ltr'><strong>θα</strong></span> <span class='ocrx_word' id='word_1_818' title='bbox 3332 4982 3644 5068; x_wconf 47' lang='lat' dir='ltr'><strong>tristris</strong></span> 
     </span>
    </p>
   </div>
   <div class='ocr_carea' id='block_1_112' title="bbox 2295 5049 3846 5120">
    <p class='ocr_par' dir='ltr' id='par_1_112' title="bbox 2295 5049 3846 5120">
     <span class='ocr_line' id='line_1_112' title="bbox 2295 5049 3846 5120; baseline 0.003 -20"><span class='ocrx_word' id='word_1_819' title='bbox 2295 5049 2519 5120; x_wconf 68' lang='lat' dir='ltr'><strong>«decem</strong></span> <span class='ocrx_word' id='word_1_820' title='bbox 2554 5050 2719 5120; x_wconf 76' lang='lat' dir='ltr'><strong>millia</strong></span> <span class='ocrx_word' id='word_1_821' title='bbox 2751 5052 3054 5120; x_wconf 83' lang='lat' dir='ltr'><strong>verborum.</strong></span> <span class='ocrx_word' id='word_1_822' title='bbox 3086 5069 3106 5102; x_wconf 73' lang='grc' dir='ltr'><strong>ι</strong></span> <span class='ocrx_word' id='word_1_823' title='bbox 3154 5049 3244 5106; x_wconf 79' lang='lat' dir='ltr'><strong>Sic</strong></span> <span class='ocrx_word' id='word_1_824' title='bbox 3278 5051 3331 5105; x_wconf 88' lang='lat' dir='ltr'><strong>in</strong></span> <span class='ocrx_word' id='word_1_825' title='bbox 3355 5049 3556 5120; x_wconf 56' lang='lat' dir='ltr'><strong>&#39;Epist.</strong></span> <span class='ocrx_word' id='word_1_826' title='bbox 3588 5054 3608 5107; x_wconf 87' lang='lat' dir='ltr'><strong>l</strong></span> <span class='ocrx_word' id='word_1_827' title='bbox 3658 5049 3846 5109; x_wconf 47' lang='lat' dir='ltr'><strong>ad&#39;Cur.</strong></span> 
     </span>
    </p>
   </div>
   <div class='ocr_carea' id='block_1_113' title="bbox 2292 5119 3847 5190">
    <p class='ocr_par' dir='ltr' id='par_1_113' title="bbox 2292 5119 3847 5190">
     <span class='ocr_line' id='line_1_113' title="bbox 2292 5119 3847 5190; baseline 0.004 -18"><span class='ocrx_word' id='word_1_828' title='bbox 2292 5133 2400 5180; x_wconf 77' lang='lat' dir='ltr'><strong>xrv,</strong></span> <span class='ocrx_word' id='word_1_829' title='bbox 2438 5119 2504 5190; x_wconf 62' lang='grc'>19</span> <span class='ocrx_word' id='word_1_830' title='bbox 2529 5137 2542 5172; x_wconf 87' lang='lat'><strong>;</strong></span> <span class='ocrx_word' id='word_1_831' title='bbox 2573 5138 2590 5168; x_wconf 79' lang='grc' dir='ltr'><strong>ι</strong></span> <span class='ocrx_word' id='word_1_832' title='bbox 2619 5119 2723 5173; x_wconf 91' lang='lat' dir='ltr'><strong>Sed</strong></span> <span class='ocrx_word' id='word_1_833' title='bbox 2752 5119 2804 5171; x_wconf 93' lang='lat' dir='ltr'><strong>in</strong></span> <span class='ocrx_word' id='word_1_834' title='bbox 2833 5119 3071 5190; x_wconf 87' lang='lat' dir='ltr'><strong>Ecclesia</strong></span> <span class='ocrx_word' id='word_1_835' title='bbox 3101 5122 3216 5175; x_wconf 94' lang='lat' dir='ltr'><strong>volo</strong></span> <span class='ocrx_word' id='word_1_836' title='bbox 3246 5119 3483 5190; x_wconf 82' lang='lat' dir='ltr'><strong>quinque</strong></span> <span class='ocrx_word' id='word_1_837' title='bbox 3517 5126 3692 5178; x_wconf 82' lang='lat' dir='ltr'><strong>verba</strong></span> <span class='ocrx_word' id='word_1_838' title='bbox 3723 5143 3847 5178; x_wconf 71' lang='lat' dir='ltr'><strong>sensu</strong></span> 
     </span>
    </p>
   </div>
   <div class='ocr_carea' id='block_1_114' title="bbox 2291 5187 3847 5260">
    <p class='ocr_par' dir='ltr' id='par_1_114' title="bbox 2291 5187 3847 5260">
     <span class='ocr_line' id='line_1_114' title="bbox 2291 5187 3847 5260; baseline 0.002 -20"><span class='ocrx_word' id='word_1_839' title='bbox 2291 5202 2412 5260; x_wconf 70' lang='lat' dir='ltr'><strong>ineo</strong></span> <span class='ocrx_word' id='word_1_840' title='bbox 2443 5187 2608 5260; x_wconf 86' lang='lat' dir='ltr'><strong>loqui,</strong></span> <span class='ocrx_word' id='word_1_841' title='bbox 2643 5197 2784 5260; x_wconf 83' lang='lat' dir='ltr'><strong>utet</strong></span> <span class='ocrx_word' id='word_1_842' title='bbox 2805 5189 2956 5260; x_wconf 58' lang='lat' dir='ltr'><strong>alios</strong></span> <span class='ocrx_word' id='word_1_843' title='bbox 3003 5187 3284 5260; x_wconf 65' lang='lat' dir='ltr'><strong>instruant,</strong></span> <span class='ocrx_word' id='word_1_844' title='bbox 3316 5187 3478 5260; x_wconf 77' lang='lat' dir='ltr'><strong>quam</strong></span> <span class='ocrx_word' id='word_1_845' title='bbox 3529 5195 3723 5247; x_wconf 84' lang='lat' dir='ltr'><strong>decem</strong></span> <span class='ocrx_word' id='word_1_846' title='bbox 3757 5197 3847 5246; x_wconf 74' lang='lat' dir='ltr'><strong>tuti-</strong></span> 
     </span>
    </p>
   </div>
   <div class='ocr_carea' id='block_1_115' title="bbox 2291 5256 3844 5331">
    <p class='ocr_par' dir='ltr' id='par_1_115' title="bbox 2291 5256 3844 5331">
     <span class='ocr_line' id='line_1_115' title="bbox 2291 5256 3844 5331; baseline 0.004 -22"><span class='ocrx_word' id='word_1_847' title='bbox 2291 5256 2678 5331; x_wconf 52' lang='lat' dir='ltr'><strong>liayerborum</strong></span> <span class='ocrx_word' id='word_1_848' title='bbox 2717 5259 2770 5311; x_wconf 93' lang='lat' dir='ltr'><strong>in</strong></span> <span class='ocrx_word' id='word_1_849' title='bbox 2805 5258 3044 5331; x_wconf 56' lang='lat' dir='ltr'><strong>lingua.»</strong></span> <span class='ocrx_word' id='word_1_850' title='bbox 3100 5259 3286 5315; x_wconf 92' lang='lat' dir='ltr'><strong>Billius</strong></span> <span class='ocrx_word' id='word_1_851' title='bbox 3322 5256 3350 5315; x_wconf 78' lang='grc'><strong>;“</strong></span> <span class='ocrx_word' id='word_1_852' title='bbox 3379 5277 3600 5331; x_wconf 75' lang='lat' dir='ltr'><strong>«quam</strong></span> <span class='ocrx_word' id='word_1_853' title='bbox 3629 5275 3844 5320; x_wconf 72' lang='lat' dir='ltr'><strong>sexcenta</strong></span> 
     </span>
    </p>
   </div>
   <div class='ocr_carea' id='block_1_116' title="bbox 2292 5326 3290 5396">
    <p class='ocr_par' dir='ltr' id='par_1_116' title="bbox 2292 5326 3290 5396">
     <span class='ocr_line' id='line_1_116' title="bbox 2292 5326 3290 5396; baseline 0.002 -16"><span class='ocrx_word' id='word_1_854' title='bbox 2292 5326 2344 5380; x_wconf 91' lang='lat' dir='ltr'><strong>in</strong></span> <span class='ocrx_word' id='word_1_855' title='bbox 2370 5327 2551 5396; x_wconf 89' lang='lat' dir='ltr'><strong>lingua</strong></span> <span class='ocrx_word' id='word_1_856' title='bbox 2573 5339 2628 5382; x_wconf 88' lang='lat' dir='ltr'><strong>et</strong></span> <span class='ocrx_word' id='word_1_857' title='bbox 2647 5343 2779 5382; x_wconf 90' lang='lat' dir='ltr'><strong>voce</strong></span> <span class='ocrx_word' id='word_1_858' title='bbox 2813 5330 2952 5382; x_wconf 76' lang='lat' dir='ltr'><strong>tubae</strong></span> <span class='ocrx_word' id='word_1_859' title='bbox 2989 5330 3238 5385; x_wconf 83' lang='lat' dir='ltr'><strong>obscura.</strong></span> <span class='ocrx_word' id='word_1_860' title='bbox 3273 5350 3290 5382; x_wconf 75' lang='grc' dir='ltr'><strong>ι</strong></span> 
     </span>
    </p>
   </div>
   <div class='ocr_carea' id='block_1_117' title="bbox 2359 5395 3845 5470">
    <p class='ocr_par' dir='ltr' id='par_1_117' title="bbox 2359 5395 3845 5470">
     <span class='ocr_line' id='line_1_117' title="bbox 2359 5395 3845 5470; baseline 0.008 -22"><span class='ocrx_word' id='word_1_861' title='bbox 2359 5395 3099 5470; x_wconf 41' lang='grc' dir='ltr'><strong>(97)]Εδοξάσθησανριιο</strong></span> <span class='ocrx_word' id='word_1_862' title='bbox 3138 5403 3378 5470; x_wconf 89' lang='lat' dir='ltr'><strong>plerique</strong></span> <span class='ocrx_word' id='word_1_863' title='bbox 3399 5414 3575 5458; x_wconf 81' lang='lat' dir='ltr'><strong>coaa.</strong></span> <span class='ocrx_word' id='word_1_864' title='bbox 3613 5421 3669 5458; x_wconf 83' lang='grc' dir='ltr'><strong>ιη</strong></span> <span class='ocrx_word' id='word_1_865' title='bbox 3701 5404 3845 5460; x_wconf 62' lang='lat' dir='ltr'><strong>editis.</strong></span> 
     </span>
    </p>
   </div>
   <div class='ocr_carea' id='block_1_118' title="bbox 2287 5466 3496 5538">
    <p class='ocr_par' dir='ltr' id='par_1_118' title="bbox 2287 5466 3496 5538">
     <span class='ocr_line' id='line_1_118' title="bbox 2287 5466 3496 5538; baseline 0.003 -18"><span class='ocrx_word' id='word_1_866' title='bbox 2287 5466 2680 5538; x_wconf 80' lang='grc' dir='ltr'>ἀδοξάσθησαν,</span> <span class='ocrx_word' id='word_1_867' title='bbox 2721 5485 2741 5518; x_wconf 76' lang='grc' dir='ltr'><strong>ι</strong></span> <span class='ocrx_word' id='word_1_868' title='bbox 2767 5469 3055 5538; x_wconf 80' lang='lat' dir='ltr'><strong>ignominia</strong></span> <span class='ocrx_word' id='word_1_869' title='bbox 3098 5466 3436 5525; x_wconf 61' lang='lat' dir='ltr'><strong>aﬂ&#39;ectiSunt.</strong></span> <span class='ocrx_word' id='word_1_870' title='bbox 3470 5491 3496 5524; x_wconf 77' lang='grc' dir='ltr'><strong>ι</strong></span> 
     </span>
    </p>
   </div>
   <div class='ocr_carea' id='block_1_119' title="bbox 2359 5537 3844 5616">
    <p class='ocr_par' dir='ltr' id='par_1_119' title="bbox 2359 5537 3844 5616">
     <span class='ocr_line' id='line_1_119' title="bbox 2359 5537 3844 5616; baseline 0 -26"><span class='ocrx_word' id='word_1_871' title='bbox 2359 5537 2469 5616; x_wconf 67' lang='grc'>(98)</span> <span class='ocrx_word' id='word_1_872' title='bbox 2499 5537 3016 5616; x_wconf 42' lang='grc' dir='ltr'>’Ἑξουθξνημρνοιε</span> <span class='ocrx_word' id='word_1_873' title='bbox 3043 5538 3132 5616; x_wconf 71' lang='lat' dir='ltr'><strong>Sic</strong></span> <span class='ocrx_word' id='word_1_874' title='bbox 3162 5542 3291 5616; x_wconf 78' lang='lat' dir='ltr'><strong>Reg.</strong></span> <span class='ocrx_word' id='word_1_875' title='bbox 3325 5543 3414 5608; x_wconf 89' lang='lat' dir='ltr'><strong>ph,</strong></span> <span class='ocrx_word' id='word_1_876' title='bbox 3446 5542 3689 5616; x_wconf 77' lang='lat' dir='ltr'><strong>Chrys.,</strong></span> <span class='ocrx_word' id='word_1_877' title='bbox 3715 5541 3844 5598; x_wconf 79' lang='lat' dir='ltr'><strong>Coisl.</strong></span> 
     </span>
    </p>
   </div>
   <div class='ocr_carea' id='block_1_120' title="bbox 2291 5606 3385 5680">
    <p class='ocr_par' dir='ltr' id='par_1_120' title="bbox 2291 5606 3385 5680">
     <span class='ocr_line' id='line_1_120' title="bbox 2291 5606 3385 5680; baseline 0.004 -20"><span class='ocrx_word' id='word_1_878' title='bbox 2291 5607 2342 5670; x_wconf 79' lang='lat' dir='ltr'><strong>l,</strong></span> <span class='ocrx_word' id='word_1_879' title='bbox 2367 5607 2462 5680; x_wconf 54' lang='grc' dir='ltr'><strong>ρετ</strong></span> <span class='ocrx_word' id='word_1_880' title='bbox 2492 5606 2544 5680; x_wconf 57' lang='grc' dir='ltr'><strong>ί,</strong></span> <span class='ocrx_word' id='word_1_881' title='bbox 2580 5617 2685 5662; x_wconf 90' lang='lat' dir='ltr'><strong>etc.</strong></span> <span class='ocrx_word' id='word_1_882' title='bbox 2729 5607 2783 5660; x_wconf 89' lang='lat' dir='ltr'><strong>In</strong></span> <span class='ocrx_word' id='word_1_883' title='bbox 2815 5609 2929 5680; x_wconf 81' lang='lat' dir='ltr'><strong>ed.,</strong></span> <span class='ocrx_word' id='word_1_884' title='bbox 2953 5606 3385 5680; x_wconf 67' lang='grc' dir='ltr'>ὲξουδενωμξένοι.</span> 
     </span>
    </p>
   </div>
   <div class='ocr_carea' id='block_1_121' title="bbox 2359 5675 3848 5800">
    <p class='ocr_par' dir='ltr' id='par_1_121' title="bbox 2359 5675 3848 5800">
     <span class='ocr_line' id='line_1_121' title="bbox 2359 5675 3848 5800; baseline 0.005 -70"><span class='ocrx_word' id='word_1_885' title='bbox 2359 5675 2472 5800; x_wconf 60' lang='grc'>(99)</span> <span class='ocrx_word' id='word_1_886' title='bbox 2503 5677 2801 5757; x_wconf 66' lang='grc' dir='ltr'>Ἀοςτατον</span> <span class='ocrx_word' id='word_1_887' title='bbox 2825 5679 2944 5733; x_wconf 83' lang='grc' dir='ltr'>καί.</span> <span class='ocrx_word' id='word_1_888' title='bbox 2989 5679 3078 5736; x_wconf 86' lang='lat' dir='ltr'><strong>Sic</strong></span> <span class='ocrx_word' id='word_1_889' title='bbox 3112 5675 3247 5750; x_wconf 76' lang='lat' dir='ltr'><strong>Reg.</strong></span> <span class='ocrx_word' id='word_1_890' title='bbox 3280 5696 3330 5737; x_wconf 91' lang='lat' dir='ltr'><strong>c.</strong></span> <span class='ocrx_word' id='word_1_891' title='bbox 3369 5683 3468 5752; x_wconf 88' lang='lat' dir='ltr'><strong>ph,</strong></span> <span class='ocrx_word' id='word_1_892' title='bbox 3528 5685 3687 5741; x_wconf 66' lang='lat' dir='ltr'><strong>Cois!</strong></span> <span class='ocrx_word' id='word_1_893' title='bbox 3740 5686 3783 5741; x_wconf 85' lang='lat' dir='ltr'><strong>l.</strong></span> <span class='ocrx_word' id='word_1_894' title='bbox 3807 5691 3848 5737; x_wconf 71' lang='grc' dir='ltr'><strong>ει</strong></span> 
     </span>
     <span class='ocr_line' id='line_1_122' title="bbox 2359 5747 2872 5800; baseline 0.002 -1"><span class='ocrx_word' id='word_1_895' title='bbox 2359 5762 2413 5799; x_wconf 57' lang='grc' dir='ltr'>ιι.</span> <span class='ocrx_word' id='word_1_896' title='bbox 2471 5764 2502 5800; x_wconf 94' lang='lat' dir='ltr'><strong>n</strong></span> <span class='ocrx_word' id='word_1_897' title='bbox 2539 5747 2667 5800; x_wconf 82' lang='lat' dir='ltr'><strong>edit.</strong></span> <span class='ocrx_word' id='word_1_898' title='bbox 2701 5747 2872 5800; x_wconf 89' lang='lat' dir='ltr'><strong>deest.</strong></span> 
     </span>
    </p>
   </div>
   <div class='ocr_carea' id='block_1_122' title="bbox 2289 5741 2872 5804">
    <p class='ocr_par' dir='ltr' id='par_1_122' title="bbox 2289 5741 2872 5804">
     <span class='ocr_line' id='line_1_123' title="bbox 2289 5741 2872 5804; baseline 0.007 -7"><span class='ocrx_word' id='word_1_899' title='bbox 2289 5741 2413 5799; x_wconf 78' lang='lat' dir='ltr'><strong>Par.</strong></span> <span class='ocrx_word' id='word_1_900' title='bbox 2447 5741 2502 5801; x_wconf 81' lang='lat' dir='ltr'><strong>In</strong></span> <span class='ocrx_word' id='word_1_901' title='bbox 2539 5747 2667 5803; x_wconf 89' lang='lat' dir='ltr'><strong>edit.</strong></span> <span class='ocrx_word' id='word_1_902' title='bbox 2701 5747 2872 5804; x_wconf 82' lang='lat' dir='ltr'><strong>deest.</strong></span> 
     </span>
    </p>
   </div>
  </div>
