3852 6408
102 380 176 437 957
923 351 1179 407 ORATIO
1218 351 1353 406 XVI.
1394 381 1460 393 -ο
1496 348 1563 402 IN
1600 349 1880 404 PATREM
1917 347 2310 404 TACENTEM.

3147 350 3260 438 938.

95 497 176 549 τῶν
212 486 395 552 τάρων,
446 477 555 529 ὅσοι
603 473 670 526 τὰ
714 469 911 536 ἔξωθεν
959 469 1111 533 ὅντες
1163 469 1457 539 εὐπρεπεῖς
1508 467 1630 528 και

1741 468 1964 536 apientia
2019 475 2257 537 praestat,
2301 465 2389 521 hic
2414 463 2542 518 mihi
2593 463 2807 534 sapiens
2855 473 2961 532 est,
3019 479 3123 520 nec
3170 444 3262 534 qu|

97 582 263 654 ὡραῖοι,
309 566 502 642 μυδῶσι
535 565 746 634 νεκροῖς
880 560 1190 654 Ϋένδονμκαι
1247 558 1446 654 πολλὴν
1472 557 1596 654 ουσ-

94 649 219 730 ωίίαν
240 656 730 735 περικαλύπτουσιν·
745 652 857 706 ἀλλ’
873 653 1018 715 ὅστις
1041 651 1196 719 ὀλίγα
1213 651 1310 720 μὲν
1331 665 1398 702 πε
1406 649 1460 719 pi.
1479 649 1600 718 ἀρε-

95 767 168 832 τῆς
199 755 484 828 φθέγγεται,
529 745 697 798 πολλὰ
725 744 781 796 δὲ
823 739 905 807 οἷς
943 745 1154 814 ἐνεργεῖ
1191 741 1596 812 παραδείκνυσι,

1701 559 1856 629 30],
1893 558 2180 614 volubilem
2203 557 2416 628 quidem
2442 557 2700 625 linguam,
2727 557 3031 611 iuStabilem
3061 571 3190 611 vero
3211 566 3268 610 et

1704 648 2011 718 imperitum
2034 647 2270 701 animum
2306 645 2488 710 habet,
2521 645 2628 700 illis
2655 646 2841 716 utique
2871 645 3133 714 sepulcris
3161 660 3266 699 nou

1704 736 1982 800 absimilis,
2000 751 2142 806 quae,
2161 751 2282 790 cum
2308 735 2437 790 foris
2456 736 2672 804 pulchra
2686 746 2739 791 et
2761 736 2952 789 deeora
2979 738 3108 801 sint,
3126 735 3269 789 intus

96 827 165 908 xxi.
269 843 564 908 ἀξιόπιστον
606 838 684 908 τῷ
721 837 863 907 λόγῳ
890 835 978 889 διὰ
1012 835 1110 888 τοῦ
1147 833 1262 905 βίου
1306 832 1599 904 προστίθη-

1741 842 1891 882 amen
1937 828 2293 882 cadaveribus
2330 828 2816 896 scatent",atque
2841 827 3110 896 ingentem
3136 827 3270 880 leto-

99 965 176 1002 σιν.

1709 935 1821 975 rem
1848 920 2342 990 obteguntzverum
2373 920 2439 985 is,
2464 919 2554 988 qui
2604 934 2770 988 pauca
2797 918 3010 987 quidem
3045 919 3112 973 de
3156 919 3270 972 vir-

97 1050 181 1091 ιυιο
226 1029 368 1082 verba
398 1023 544 1086 facit,
574 1021 732 1075 multa
767 1034 890 1073 vero
914 1020 1164 1087 operibus
1178 1018 1411 1081 exhibet,
1434 1017 1588 1070 Iidem
1615 1021 1668 1066 et
1690 1013 2060 1068 auctoritatem
2082 1013 2316 1067 sermoni
2347 1029 2444 1068 suo
2471 1029 2566 1082 per
2596 1013 2758 1065 vitam
2785 1013 3057 1067 conciliat.

147 1131 206 1182 Γ·
244 1122 512 1195 κρείσσων
568 1118 691 1186 ἐμοὶ
742 1115 1014 1186 εὐμορὶνία
1074 1114 1423 1186 θεωρουμένη
1503 1113 1606 1182 τῆς

1784 1109 1870 1163 Ill.
1914 1110 2284 1176 Praastantior,
2346 1126 2465 1165 meo
2515 1110 2728 1178 quidem
2763 1108 2984 1176 judicio,
3022 1119 3105 1164 est
3150 1108 3271 1178 pul-

94 1231 138 1278 έν
167 1221 228 1288 μ)
279 1215 413 1283 λόγῳ
461 1210 946 1281 ζωγραφουμένηςο
1012 1209 1105 1261 καὶ
1139 1208 1388 1271 πλοῦτος,
1441 1207 1498 1281 ὃν
1551 1206 1606 1258 αἱ

1741 1201 1965 1257 :hritudo
1996 1215 2057 1254 ea
2085 1215 2202 1268 quae
2227 1200 2396 1255 oculis
2420 1201 2682 1264 cernitur,
2701 1216 2860 1268 quam
2878 1217 2996 1270 quae
3026 1217 3275 1257 sermone

94 1319 235 1386 χεῖρες
254 1303 529 1377 ἕχουσιν,ἢ
556 1302 678 1354 ὃνοί
707 1301 904 1371 ὄνειροι
927 1301 1269 1355 πλάττουσιν
1302 1300 1394 1353 καὶ
1426 1299 1607 1368 σοφία,

1697 1294 1978 1365 pingitur;
2017 1302 2071 1348 et
2102 1293 2300 1346 divitiae
2329 1308 2466 1362 quas
2491 1308 2682 1346 manus
2708 1302 2912 1359 tenent,
2949 1309 3108 1362 quam
3155 1310 3275 1364 quae

195 1408 221 1474 ἡ
251 1402 320 1471 τῷ
363 1399 502 1466 λόγῳ
536 1397 611 1465 (Ξ)
664 1395 1112 1465 λαμπρυνομένη,
1161 1393 1333 1464 ἀλλ’ἢ
1369 1393 1456 1446 διὰ
1503 1391 1610 1445 τῶν

1741 1401 1807 1441 er
1836 1385 2042 1440 somnia
2075 1384 2430 1454 elliuguutur;
2459 1396 2514 1440 et
2545 1386 2807 1456 sapientia
2848 1403 2967 1456 qua:
2999 1403 3092 1456 per
3113 1402 3277 1455 opera

95 1502 230 1568 ἔργων
261 1489 604 1559 ὲλεγχομένη.
642 1488 895 1550 Σύνεσις
926 1487 1034 1557 γὰρ
1065 1485 1255 1555 ἀγαθὴ
1295 1485 1444 1540 πᾶσι
1488 1484 1613 1551 τοῖς

1741 1482 2134 1541 lemonstratur,
2165 1491 2326 1544 quam
2364 1491 2484 1560 quae
2523 1492 2773 1542 sermone
2823 1480 2957 1532 uitet
3004 1494 3066 1533 ac
3100 1481 3278 1548 splen-

94 1584 328 1640 ποιοῦσιν
357 1580 567 1645 αὐτὴν,
624 1577 808 1646 φησιν,
863 1577 976 1629 ἀλλ’
1006 1578 1066 1630 οὑ
1095 1580 1204 1640 τοῖς
1235 1577 1628 1649 κηρύττουσιν”

1741 1569 1903 1624 lescit.
1942 1567 2246 1622 Intellectus
2269 1568 2410 1622 enim
2443 1561 2632 1634 benef,
2665 1569 2837 1638 inquit
2870 1570 2983 1635 ille,
3036 1571 3276 1625 omnibus

92 1678 256 1746 ταύτης
291 1673 346 1726 δὲ
386 1671 616 1742 βάσανος
642 1669 1006 1742 ἀκριϐεστάτη
1034 1671 1133 1740 τῆς
1169 1671 1360 1740 σοφίας
1405 1670 1613 1742 χρόνος,

95 1772 163 1823 καὶ
198 1767 446 1834 στέφανος
494 1763 660 1824 ὅντως
693 1763 869 1832 γῆρας
918 1763 1254 1832 καυχήσεως.
1301 1762 1364 1815 Εἰ
1406 1763 1513 1830 γὰρ
1555 1762 1616 1814 οὐ

92 1861 171 1930 χρὴ
208 1855 519 1928 μακαρίζειν
567 1850 672 1922 πρὸ
707 1851 961 1921 τελευτῆς
1013 1850 1317 1922 ἄνθρωπον,
1357 1850 1432 1913 ὡς
1465 1849 1622 1902 Σολο-

94 1953 230 2022 μῶντι
257 1948 419 2017 κάμοὶ
448 1946 614 2007 δοκεῖ,
642 1943 735 1996 καὶ
785 1943 978 2014 ἄδηλον
1010 1943 1038 1996 ὃ
1066 1944 1217 2016 παρὰ
1237 1943 1337 2013 τῆς
1363 1943 1621 2015 ἐπιούσης

90 2043 386 2114 τεχθήσεται,
421 2037 622 2100 πολλὰς
658 2036 892 2108 στροφὰς
909 2035 1137 2107 ἐχούσης
1167 2036 1322 2106 ἡμῶν
1350 2037 1446 2108 τῆς
1475 2037 1622 2090 κάτω

92 2135 224 2203 ζωῆς,
255 2132 344 2186 καὶ
382 2131 476 2184 τοῦ
521 2131 624 2201 τῆς
661 2129 1036 2192 ταπεινώσεως
1087 2128 1340 2200 σώματος
1379 2129 1490 2182 ἄνω
1530 2129 1624 2181 καὶ

89 2229 208 2280 κάτω
246 2224 566 2294 κινουμένου
611 2224 685 2293 (5)
717 2223 809 2276 καὶ
855 2223 1302 2294 μεταπίπτοντος
1339 2223 1455 2284 πῶς
1505 2222 1625 2292 οὐχὶ

89 2323 204 2374 καὶό
227 2320 284 2372 τὸ
305 2319 440 2372 πολὺ
464 2317 562 2370 τοῦ
595 2317 709 2387 βίου
746 2316 824 2386 (ι)
869 2315 1112 2379 κενώσας
1151 2316 1477 2387 ἀμέμπτως,
1532 2315 1627 2367 καὶ

86 2409 174 2466 οἷον
197 2411 457 2484 ἦδηπρδς
479 2409 697 2480 λιμέσιν
734 2408 808 2462 ὢν
835 2408 926 2461 τοῦ
955 2407 1135 2461 κοινοῦ
1157 2409 1256 2478 τῆς
1297 2407 1439 2480 ζωῆς
1461 2405 1628 2460 πελά-

89 2521 210 2572 γους,
230 2504 319 2557 τοῦ
346 2503 519 2556 πολὺν
547 2501 760 2572 ἔχοντος
790 2501 869 2554 ἔτι
897 2501 986 2553 τὸν
1005 2499 1172 2553 πλοῦν
1201 2499 1627 2570 ἀσφαλέστερος,

88 2597 160 2650 καὶ
192 2596 273 2650 διὰ
297 2595 459 2650 τοῦτο
493 2593 944 2665 μακαριώτερος;

139 2847 201 2900 Δ’.
248 2848 337 2917 Μὴ
386 2847 578 2901 τοίνυν
632 2845 961 2917 ἁποκλείσῃς
1018 2844 1266 2914 γλῶσσαν
1312 2843 1409 2916 τὴν
1465 2843 1634 2900 πολλὰ

1721 1661 2038 1730 facientibus
2060 1677 2176 1714 eum
2193 1661 2262 1726 ⁸³,
2293 1676 2399 1715 non
2428 1671 2607 1715 autem
2641 1661 3076 1731 praedicantibus.
3111 1653 3281 1728 liuius

1721 1768 1882 1825 porro
1914 1753 2192 1823 sapientia
2219 1751 2556 1808 certissimus
2598 1752 2908 1823 explorator
2937 1763 3147 1822 tempus
3175 1765 3280 1819 est,

1718 1862 1783 1903 ac
1806 1861 1933 1902 vere
1968 1845 2307 1916 gloriationis
2348 1860 2548 1900 corona
2585 1854 2836 1902 senectus
2857 1846 2924 1902 ⁸³.
2962 1843 3095 1900 Nam
3127 1846 3194 1912 si,
3223 1855 3283 1900 ut

1719 1953 1818 2008 ego
1850 1953 1970 1993 eum
2012 1936 2302 1991 Salomone
2334 1937 2528 2001 sentio,
2563 1937 2836 1992 hominem
2887 1947 3012 1992 ante
3054 1947 3281 1992 mortem

1720 2031 1937 2085 beatum
1973 2029 2267 2097 praedicare
2296 2044 2403 2083 non
2437 2039 2652 2098 oportet
2667 2029 2738 2096 ’°,
2781 2030 3150 2098 incertmnque
3199 2039 3285 2086 est

1722 2122 1850 2190 quid
1890 2129 2288 2189 superventura
2359 2119 2477 2176 dies
2524 2123 2766 2190 paritura
2813 2122 2970 2186 sit“,
3003 2131 3284 2192 propterea

1724 2211 1864 2282 quod
1901 2221 2114 2266 terrena
2161 2203 2348 2266 nostra
2373 2215 2485 2267 vita
2527 2213 2724 2268 multas
2764 2214 3142 2268 conversiones
3181 2215 3280 2268 ha-

1725 2305 1874 2368 beat,
1914 2313 2074 2372 atque
2117 2303 2435 2358 humilitatis
2467 2317 2659 2373 corpus
2699 2319 2911 2360 sursum
2944 2311 2993 2358 et
3028 2305 3282 2360 deorsum

1728 2404 2010 2448 moveatur
2049 2409 2113 2448 ac
2160 2393 2386 2448 subinde
2422 2393 2768 2459 immutetur;
2814 2395 2940 2464 quid
2977 2395 3157 2450 all'erri
3189 2411 3287 2464 po-

1729 2494 1856 2550 test,
1887 2484 2016 2554 quin
2050 2484 2116 2548 is,
2151 2484 2245 2553 qui
2273 2499 2525 2552 magnam
2562 2484 2686 2539 vita:
2718 2494 2924 2555 partem
2966 2486 3084 2542 sine
3107 2501 3290 2556 repre-

1728 2575 1991 2630 hensione
2035 2574 2289 2640 confecit,
2351 2584 2407 2631 et
2447 2576 2556 2644 jam
2601 2579 2904 2634 communis
2964 2579 3124 2650 hujus
3165 2580 3292 2635 vitae

1730 2667 1900 2722 maris
1919 2668 2140 2722 velutiu
2165 2677 2318 2738 portu
2343 2677 2444 2735 est,
2477 2669 2640 2724 tutior
2690 2685 2755 2725 ac
2803 2671 3030 2738 proinde
3081 2673 3292 2729 beatior

1731 2759 1823 2826 sit,
1855 2774 2014 2830 quam
2047 2759 2094 2814 is
2122 2760 2206 2814 cui
2231 2760 2384 2830 longa
2418 2760 2593 2816 adhuc
2614 2763 2886 2832 navigatio
2907 2764 3190 2834 superest?

1804 2850 1891 2904 IV.
1921 2849 1998 2904 Ne
2029 2849 2190 2918 igitur
2232 2848 2469 2918 linguam
2504 2850 2740 2916 claudas,
2769 2867 2888 2920 qua:
2933 2852 3094 2906 multa
3135 2863 3283 2910 recte

87 2941 432 3011 φθεγξαμένην
465 2939 669 3014 καλῶς,
697 2935 764 3010 ἦς
802 2941 851 2996 οί
882 2938 1082 3009 καρποὶ
1108 2938 1309 3000 πολλοὶ,
1344 2939 1437 2991 καὶ
1466 2935 1630 2990 πολλὰ

1741 2941 1917 2996 locuta
1957 2950 2063 3004 est,
2093 2955 2213 3010 qua:
2240 2939 2451 2994 fructus
2494 2942 2714 3006 multos,
2753 2957 2818 2997 ac
2844 2943 3040 2999 multos
3068 2944 3294 3014 iustitia)

85 3030 135 3084 τὰ
150 3032 236 3100 τῆς
252 3029 610 3100 δικαιοσύνης
637 3031 970 3101 γεννήματα·
1005 3023 1072 3100 ἧς
1095 3028 1234 3080 πόσα
1256 3027 1323 3081 τὰ
1343 3030 1525 3092 τέκνα,
1543 3026 1630 3080 καὶ

1741 3031 1879 3087 l'etus
1909 3030 2112 3094 edidit;
2143 3030 2298 3100 cujus
2347 3039 2478 3099 quot
2523 3030 2638 3096 lilii,
2679 3043 2734 3086 et
2781 3033 2997 3128 quinam
3057 3035 3296 3091 thesauri

85 3122 201 3187 ιίνες
252 3126 301 3177 οἱ
345 3124 640 3194 Θησαυροὶ,
697 3116 843 3191 ἆρον
883 3123 1082 3188 κύκλῳ
1126 3120 1263 3186 τοὺς
1293 3120 1630 3188 ὀφθαλμούς

1741 3133 1881 3188 sunt,
1928 3123 2039 3176 leva
2085 3123 2140 3174 in
2184 3122 2413 3174 circuitu
2452 3122 2629 3175 oculos
2666 3116 2877 3188 τυπίσι
2904 3125 3110 3192 uide",
3149 3136 3296 3185 totus

83 3231 194 3277 σου,
223 3216 320 3270 καί
348 3216 462 3270 i63-
497 3217 606 3280 πᾶς
633 3217 660 3269 ὁ
677 3215 802 3278 λαὸς
819 3209 992 3278 οὗτος,
1016 3215 1074 3268 ὃν
1095 3215 1151 3266 ἐν
1183 3212 1402 3285 Χριστῴ
1434 3213 1520 3266 διὰ
1541 3211 1634 3265 τοῦ

85 3303 386 3372 Εὑαγγελίου
444 3306 767 3374 ἐγέννησας.
804 3304 895 3375 Μὴ
951 3304 1014 3376 δὴ
1046 3303 1318 3374 φθονήσῃς
1369 3305 1498 3374 ἡμῖν
1528 3302 1636 3355 τῶν

82 3395 302 3464 χρηστῶν
330 3395 502 3449 πλέον
525 3396 560 3466 ἣ
586 3395 780 3463 ὀλίγων
815 3395 1094 3466 ῥημάτων,
1111 3395 1260 3464 μηδὲ
1281 3395 1377 3464 τῆς
1409 3393 1635 3465 μελλού-

85 3500 160 3551 σης
185 3485 386 3556 ζημίας
419 3489 503 3557 (5)
543 3488 643 3560 ἤδη
663 3487 766 3558 δῷς
792 3489 850 3540 τὸ
884 3487 1186 3558 προοίμιον.
1220 3486 1472 3556 Φθέγξαι,
1503 3487 1637 3558 βρα-

79 3578 158 3644 χέι
187 3580 299 3648 μὲν,
349 3580 472 3634 ἀλλ’
517 3582 645 3650 ἐμοὶ
691 3581 820 3650 φίλα
863 3581 957 3634 καὶ
1000 3581 1192 3650 ⁴ἥδισται
1225 3579 1320 3650 (6)·
1349 3581 1448 3633 οὐκ
1474 3582 1638 3635 ἀκου-

83 3670 163 3722 στὰ
185 3672 256 3742 (7)
287 3673 412 3742 μὲν,
451 3673 596 3727 ἀλλὰ
634 3676 698 3744 τῇ
732 3675 1068 3742 πνευματικῇ
1117 3671 1210 3744 βοῇ
1255 3673 1330 3742 (8)
1379 3672 1640 3741 γινωσκὸ-

81 3779 211 3831 μενα,
238 3765 363 3818 καθ’
383 3766 453 3835 ἢν
474 3765 577 3819 καὶ
596 3765 903 3827 σιωπῶντος
932 3763 1118 3816 ἀκούει
1143 3765 1382 3828 Μωσέως
1397 3764 1524 3828 Θεὸς
1543 3766 1636 3834 (9)⁶

80 3857 171 3918 καί,
208 3857 266 3910 Τί
295 3855 464 3930 βοᾷς
489 3857 642 3925 πρὸς
672 3853 1237 3927 μέ’(ι10);τῷνοερῶς
1266 3858 1642 3927 ἐντυγχάνοντι

77 3946 682 4020 λέγεται..Κατὰρτισαί
723 3965 810 4019 μοι
842 3949 931 4003 τὸν
958 3949 1086 4004 λαὸν
1114 3948 1224 4018 (II)
1261 3949 1337 4020 τῷ
1359 3951 1435 4021 σῷ
1473 3951 1642 4020 ϐρέμ-

80 4060 202 4108 ματι,
232 4045 324 4097 καὶ
345 4044 499 4115 μετὰ
528 4043 687 4097 τοῦτο
709 4043 942 4114 ποιμένι,
963 4043 1059 4097 νῦν
1079 4044 1136 4098 δὲ
1178 4046 1272 4098 καὶ
1298 4047 1644 4117 ἀρχιποιμένι

77 4135 425 4203 (ΙΞ).Δίδαξον
447 4137 562 4207 ἐμέ
578 4154 631 4190 τι
661 4138 787 4208 περὶ
815 4137 1198 4207 ποιμαντικῆς,
1215 4137 1306 4190 τὸν
1322 4136 1449 4191 λαὸν
1460 4137 1646 4192 τοῦτον

75 4227 182 4293 περὶ
206 4228 565 4290 εὐπειθείας
597 4228 724 4296 περί
750 4226 848 4296 τῆς
870 4225 1144 4296 παρούσης
1183 4243 1236 4278 τι
1277 4227 1488 4296 πληγῆς
1535 4227 1645 4297 (15)

73 4315 441 4388 φιλοσόφησον,
488 4320 628 4389 περὶ
665 4318 772 4371 τῶν
809 4319 1032 4372 δικαίων
1070 4317 1311 4372 τοῦθεοῦ
1343 4319 1645 4388 χριμάτων,

1735 3213 1824 3269 hic
1865 3223 1947 3268 est
1993 3212 2244 3284 populus,
2278 3227 2437 3283 quem
2474 3212 2527 3266 in
2569 3213 2786 3269 Christo
2817 3229 2913 3283 per
2947 3215 3296 3287 Evangelium

1736 3306 1967 3377 genuisti
1990 3305 2058 3358 ”.
2103 3304 2369 3372 Quocirca
2420 3321 2490 3361 ne
2533 3305 2711 3374 nobis,
2749 3321 2854 3362 non
2908 3317 3014 3362 tam
3073 3325 3339 3380 paucos,,

1737 3413 1898 3468 quam
1933 3411 2128 3453 suaves
2174 3412 2454 3453 sermones
2507 3396 2768 3461 invideas,
2797 3413 2898 3453 nec
2931 3399 3042 3468 jam
3086 3401 3296 3471 impen-

1739 3491 1916 3546 dentis
1974 3491 2280 3545 detrimenti
2337 3490 2652 3560 przeludium
2714 3493 2973 3561 praebeas.
3028 3491 3295 3561 Loquere,

1741 3595 1946 3650 quaeso,
1989 3582 2089 3638 etsi
2135 3597 2326 3652 pauca,
2373 3592 2430 3638 at
2478 3585 2608 3639 mihi
2657 3585 2820 3640 chara
2861 3597 2915 3642 et
2951 3588 3293 3655 dulcissima;

1740 3675 1840 3729 etsi
1900 3675 2080 3728 minus
2144 3675 2320 3730 audiri
2373 3676 2601 3745 possint,
2665 3687 2720 3730 at
2779 3694 2898 3746 quae
2964 3688 3142 3737 tamen
3204 3695 3300 3750 per

1743 3765 2076 3834 spiritualem
2148 3765 2438 3822 clamorem
2510 3779 2919 3838 cognoscantur,
2989 3785 3084 3841 per
3141 3788 3300 3842 quem

1745 3859 1886 3913 Deus
1914 3868 2180 3914 tacentem
2213 3873 2429 3930 quoque
2457 3859 2690 3931 Moysem
2737 3862 2975 3927 audivit;
3007 3865 3090 3918 cui
3136 3865 3298 3918 etiam

1743 3952 1856 4006 sola
1905 3962 2082 4006 mente
2126 3951 2453 4021 colloquettti
2511 3955 2713 4008 dictum
2763 3964 2892 4008 est:
2927 3955 3063 4020 Quid
3114 3956 3184 4010 ad
3223 3975 3302 4012 me

1745 4041 1942 4097 clamas
1967 4042 2050 4097 9‘?
2094 4041 2247 4098 Hunc
2295 4043 2546 4114 populum
2588 4044 2716 4098 mihi
2757 4059 3033 4114 compone,
3064 4047 3166 4102 hoc
3197 4057 3299 4114 est,
3360 4110 3366 4114 _

1746 4133 1965 4190 alumno
1997 4133 2293 4204 disciplinae
2320 4145 2446 4202 tute,
2478 4135 2672 4191 deinde
2699 4139 2925 4206 pastori,
2956 4155 3096 4194 nunc
3124 4148 3303 4195 autem

1749 4235 2021 4296 pastorum
2057 4241 2268 4296 quoque
2307 4227 2554 4297 principi.
2604 4226 2686 4284 Me
2739 4228 2805 4282 de
2835 4231 3088 4298 pascendi
3127 4233 3305 4301 gregis

1749 4318 1981 4382 ratione,
2023 4319 2278 4388 populqu
2306 4320 2450 4374 hunc
2475 4319 2541 4374 de
2567 4318 2872 4375 obedientia
2899 4322 3100 4391 aliquid
3130 4323 3262 4377 doce
3287 4341 3312 4376 :,

73 4405 148 4456 ἐάν
160 4425 213 4461 τε
228 4412 452 4466 καταλα
459 4411 663 4481 μὸἀνω
669 4428 763 4480 μεν
775 4413 806 4481 ἡ
817 4412 1054 4481 μεῖς,ὲάν
1064 4428 1121 4463 τε
1131 4410 1411 4482 ἀγνοῶμεν
1422 4411 1519 4483 τὴν
1531 4411 1630 4466 πολ

1753 4413 2026 4482 quidpiam
2057 4411 2123 4466 de
2144 4411 2395 4480 prteseuti
2422 4411 2575 4482 plaga
2619 4411 3016 4482 philosophare,
3053 4413 3212 4484 302
3242 4415 3306 4469 de

72 4493 151 4565 ὶὴν
165 4500 429 4556 ἄϐυσσον.
454 4501 596 4565 Πῶς
613 4493 754 4572 καὶ
775 4500 1110 4572 ἐλεημοσύνη
1128 4502 1206 4564 είς
1225 4502 1497 4574 σταθμοὺς
1516 4502 1653 4574 (14),

140 4638 177 4666 ’⁷
208 4638 409 4699 Matth.
448 4655 622 4704 χχιιι,
650 4640 740 4694 27.

70 4719 193 4770 ηις,
225 4710 316 4766 18.
475 4712 528 4742 ⁵³
569 4711 588 4764 I
623 4708 748 4765 Cor.
786 4727 859 4764 tv.
902 4711 990 4767 I5.
1115 4711 1354 4766 “Exod.
1388 4726 1498 4777 xw,
1539 4710 1628 4766 15.

126 4819 194 4896 (ἓ)
230 4825 496 4896 Ἐν.8ῑο
534 4823 672 4895 Reg.
701 4828 791 4896 ph,
822 4825 980 4882 Deest
1007 4830 1058 4884 in
1087 4830 1172 4884 ed.

123 4893 192 4964 (ἓ)
229 4898 298 4949 01
338 4895 594 4967 ὄνειρρι-
629 4893 800 4967 ξηίτῷ
825 4898 1004 4967 λόγῳ.
1057 4899 1132 4954 Ita
1192 4895 1427 4952 nonnulli
1480 4896 1636 4950 codd.

65 4963 246 5036 Desunt
273 4969 324 5018 οἱ
355 4978 412 5020 et
458 4965 549 5036 τῷ
584 4965 634 5018 in
661 4965 751 5036 eid.

124 5035 194 5102 (5)
220 5034 653 5105 Κινουμένου.
685 5035 814 5106 Reg.
857 5037 966 5102 bm,
1012 5035 1102 5091 Or.
1137 5039 1192 5102 1,
1228 5035 1362 5103 Jcs.,
1395 5034 1646 5106 δονουμέ-

62 5121 159 5165 νου,
186 5124 204 5156 ι
231 5107 513 5173 agitetur.
553 5123 576 5156 ι

123 5175 194 5241 (ι)
220 5178 397 5230 Βίου.
434 5175 545 5230 Or.
588 5175 613 5228 1
647 5174 813 5244 addit.
845 5175 1053 5238 τούτου,
1085 5194 1104 5227 ι
1130 5176 1253 5231 vita:
1282 5175 1458 5244 hujus.
1483 5193 1503 5227 ι

121 5245 194 5314 (5)
223 5247 635 5312 Μελλούσης
672 5242 892 5312 ζημίας.
958 5247 1072 5308 Hic,
1135 5261 1231 5315 per
1297 5242 1651 5315 «impendens

61 5313 477 5379 detrimeutum,
516 5334 539 5367 ι
590 5331 715 5384 seu,
751 5333 769 5366 t
817 5313 1180 5384 periculum,»
1232 5315 1476 5384 intelligit
1520 5313 1653 5368 Gre-

795 4605 798 4608 .
835 4641 880 4672 δ·
915 4639 1057 4694 Psal.
1095 4656 1184 4704 cx,
1214 4642 1299 4696 lo.
1379 4641 1422 4672 "
1449 4639 1608 4694 Prov.
1639 4654 1748 4707 xvr,
1781 4638 1869 4693 51.
1947 4639 1994 4670 ⁸⁸
2026 4639 2195 4695 ΕοεΙῑ.
2224 4657 2301 4705 ιι,
2324 4641 2413 4696 51.

1758 4503 1918 4573 justis
1963 4501 2058 4557 Dei
2102 4502 2353 4572 iudiciis;
2383 4503 2499 4557 sive
2543 4519 2641 4558 nos
2676 4520 2738 4558 ea
2766 4506 3304 4574 comprehendamus,

2518 4639 2561 4671 ⁹¹
2585 4635 2742 4693 Prov.
2776 4655 2941 4703 xxvtt,
2973 4639 3023 4694 1.
3119 4639 3164 4670 θ’
3204 4638 3305 4694 lsa.

1744 4823 2063 4891 ἐξάκουστα.

1817 4894 1893 4962 (8)
1921 4890 2067 4960 Βοῇ.
2117 4891 2279 4948 Coisl.
2329 4891 2382 4958 2,
2433 4895 2552 4964 ῥοῇ,
2615 4909 2754 4964 «ρει-
2808 4893 3088 4964 spirituale
3145 4892 3313 4950 ﬂuen-

1751 4973 1880 5016 tum.
1905 4981 1924 5014 ι

1821 5032 1897 5100 (9)
1930 5031 2182 5098 Μωσέως
2216 5032 2379 5097 Θεός.
2409 5031 2538 5100 Reg.
2567 5033 2658 5101 ph,
2681 5033 2710 5086 ὁ
2741 5033 2874 5096 θεὸς
2898 5035 3194 5098 Μωῦσέως.

1851 5102 1934 5174 10)
1967 5102 2122 5174 Πρὸς
2141 5101 2238 5174 μέ.
2271 5101 2434 5174 C_o_isl.
2475 5105 2499 5156 I
2534 5103 2700 5174 addit,
2741 5102 2891 5174 φησί.
3272 5119 3278 5126 ·

1853 5170 1938 5240 11)
1975 5173 2084 5224 Τὸν
2109 5171 2281 5225 λαόν.
2307 5170 2538 5226 Moutac.
2575 5170 2982 5238 adtlit,'c'0'3:0v.

1853 5218 1940 5307 ξε)
1965 5218 2759 5312 ινῦν’ἑέ’ἑεάῑ“ἆξὸξῇσὶοῖρἓὶῖἷ.
2787 5218 3135 5312 ’ὲῖζεὲνοηιι
3162 5218 3319 5298 Nice-

1754 5321 1836 5366 tas
1867 5327 1880 5362 :
1915 5327 1936 5361 ι
1967 5311 2066 5381 Εκ-
2101 5315 2378 5366 sacerdote
2431 5311 2542 5381 jam
2591 5313 2894 5380 episcopus.
2935 5311 2999 5366 et:
3028 5323 3117 5366 tuo
3167 5314 3319 5379 jussu

63 5386 228 5444 gorius
271 5396 534 5462 mortem
581 5383 772 5462 patris,
817 5379 935 5454 quin
973 5379 1126 5458 longe
1153 5386 1337 5441 abesse
1363 5379 1466 5438 non
1505 5393 1657 5451 pote-
1751 5379 2172 5462 ἀρχιερατεύων,
2203 5379 2720 5458 summussacerdos
2742 5382 3093 5437 Nazianzenze
3133 5382 3320 5439 Eccle-

60 5465 131 5506 rat
156 5471 266 5522 pne
296 5455 584 5521 longaeva
621 5455 734 5521 erS
757 5463 1050 5510 senectute.

121 5519 194 5594 t6)
232 5525 351 5580 Καὶ
379 5519 659 5593 ἦδισταζ
709 5524 800 5580 Sic
852 5526 998 5592 Regii
1032 5525 1225 5592 plures.
1255 5523 1414 5579 Coisl.
1447 5519 1654 5594 γεω-2,

1752 5464 1934 5590 mag)
1958 5521 2272 5588 Παρούσης
2303 5538 2357 5573 τι
2387 5521 2644 5591 πληγῆς.
2681 5503 2770 5577 Sic
2797 5522 2958 5592 Regg.
2987 5536 3043 5587 a,
3077 5537 3126 5577 ο.
3155 5523 3318 5578 Deest

60 5589 187 5657 les},
213 5589 432 5662 aliique
489 5610 614 5648 non
643 5597 816 5662 pauci,
873 5589 1118 5657 πλεῖστα,
1170 5612 1189 5646 ι
1219 5594 1465 5664 plurima.
1490 5610 1510 5644 ι
1567 5589 1630 5643 δι

1755 5605 1806 5641 τι
1830 5607 1879 5664 ιιι
1896 5592 1993 5664 ed.

58 5666 206 5736 etiam
244 5666 384 5736 legit
411 5664 649 5719 Billius.

1827 5659 1938 5731 (II)
1983 5663 2086 5727 Εὶς
2119 5662 2439 5730 σταθμούς.
2497 5661 2663 5717 Coisl.
2710 5663 2762 5728 1,
2813 5663 2869 5713 ἐν
2915 5659 3196 5731 σταθμοῖς,
3230 5659 3346 5716 και

117 5735 193 5806 (7)
224 5729 360 5790 Οῧκ
393 5733 721 5789 ἀκουστά.
777 5734 904 5802 Reg.
937 5734 1028 5802 pb,
1057 5733 1222 5791 Coisl.
1247 5735 1300 5802 I,
1346 5731 1441 5792 Or.
1474 5732 1526 5800 1,
1563 5730 1630 5787 οὔτ

1759 5729 1900 5784 κατὰ
1918 5770 1933 5798 ,
1959 5735 2072 5786 etc.’

295 5829 621 5892 ΡΑτιιοι..
654 5827 771 5886 Gn.
815 5823 1077 5890 XXXV.

2971 5820 3046 5882 30
