3892 6514
626 397 729 457 959

1816 385 1873 441 S.
1910 380 2243 443 GREGORII
2281 377 2623 434 THEOLOGI
3722 381 3805 435 9&0

628 516 741 570 sive
790 510 1057 581 ingentem
1114 520 1299 561 eorum
1343 504 1596 575 abyssum
1647 517 1981 574 ignoremus.
2041 501 2176 556 Doce

2282 496 2421 551 κατά
2457 494 2547 547 τὸν
2590 493 2742 561 ἅγιον
2789 491 3010 544 Ἦσαῑαν
3064 490 3202 561 (οὐδὲ
3222 492 3326 563 γάρ
3359 492 3427 545 τὸ
3459 492 3653 561 ἀγαθὸν
3682 494 3807 567 ἄχρι-

625 604 895 676 quomodo
956 610 1011 657 et
1059 596 1448 661 misericordia,
1512 605 1569 651 ut
1633 606 1717 650 est
1763 596 1901 665 apud
1933 604 2179 649 sanctum

626 697 839 761 Isaiam,
872 694 939 749 ad
974 692 1162 747 libram
1206 690 1540 771 expendatur
1563 688 1609 721 "
1653 687 1849 758 (neque
1896 685 2040 740 enim
2095 684 2179 738 in-

627 791 857 844 discreta
888 785 1102 841 bonitas
1148 792 1253 849 est,
1304 782 1427 836 licet
1470 782 1537 836 iis
1580 780 1734 835 aliter
1762 780 1937 833 visum
1962 778 2056 841 sit,
2086 776 2179 845 qui

626 881 837 952 priores
876 878 930 932 in
973 875 1129 930 vinea
1156 874 1552 937 laborarunt",
1586 886 1683 927 nec
1712 871 1763 925 in
1794 870 2053 925 mercedis
2079 884 2181 938 pa-

626 970 849 1036 rilitate,
917 968 1177 1038 imparem
1241 965 1521 1021 laborandi
1573 965 1838 1019 rationem
1904 960 2180 1015 intellexe-

627 1062 768 1131 runt)
796 1101 811 1126 ,
858 1071 912 1116 et
967 1058 1237 1129 quomodo
1279 1058 1381 1124 ira,
1421 1070 1540 1126 qua:
1594 1053 1890 1126 appellatur
1936 1052 2077 1106 calix
2124 1051 2179 1104 in

627 1172 785 1211 manu
832 1152 1142 1219 Domini”;
1190 1159 1265 1218 et,
1299 1150 1441 1206 calix
1491 1148 1666 1203 ruinae
1712 1147 1803 1216 qui
1857 1141 2177 1206 ebibitur",

624 1248 860 1319 peccatis
892 1244 1240 1315 proportione
1299 1241 1645 1312 respondeat,
1682 1237 1893 1293 tametsi
1932 1234 2179 1291 omnibus

625 1340 692 1391 de
723 1337 927 1392 merita:
957 1348 1127 1404 paena:
1160 1332 1443 1388 atrocitate
1486 1330 1688 1399 aliquid
1719 1328 1985 1392 detrahat,
2018 1335 2179 1395 atque

624 1430 718 1484 ira:
766 1441 1037 1482 meracum
1092 1424 1419 1491 benignitate
1456 1430 1747 1491 temperet;
1784 1420 1854 1475 ita
1892 1429 1946 1473 ut
1997 1433 2063 1473 ex
2092 1432 2180 1472 se-

624 1518 851 1573 veritate
895 1516 964 1570 ad
1000 1515 1293 1581 .lenitatem
1345 1521 1400 1568 et
1440 1513 1664 1582 gratiam
1702 1510 1769 1566 iis
1816 1509 2050 1572 inclinet,
2086 1507 2178 1585 qui

622 1620 769 1667 metu
798 1610 1134 1673 erudiuntur,
1160 1618 1214 1664 et
1240 1623 1306 1664 ex
1334 1622 1499 1679 parva
1525 1606 1827 1662 calamitate
1848 1602 2175 1671 concipiunt,

623 1718 686 1758 ac
727 1716 936 1756 morum
979 1700 1368 1756 correctionem
1413 1697 1740 1768 parturiunt,
1771 1693 2179 1764 perfectumque

623 1793 811 1848 salutis
835 1792 1079 1863 spiritum
1117 1791 1439 1862 pariunt":
1468 1789 1652 1845 faccem
1692 1797 1898 1852 autem,
1929 1785 2033 1841 hoc
2072 1792 2173 1848 est,

624 1884 676 1938 id
702 1886 842 1954 quod
879 1884 931 1938 in
962 1883 1043 1938 ira
1077 1891 1379 1937 extremum
1424 1889 1527 1947 est,
1558 1888 1822 1944 asservet,
1857 1886 1914 1932 ut
1942 1892 2061 1932 eam
2098 1885 2175 1930 to-

2280 606 2398 654 τον,
2449 589 2497 639 εί
2564 585 2657 637 καὶ
2704 586 2817 646 τοῖς
2872 584 2931 635 ἐν
2996 581 3074 651 τῷ
3132 583 3415 653 ἀμπελῶνι
3467 588 3808 655 προκεκμηκό-

2282 696 2373 741 σιν,
2405 676 2570 743 ἔδοξε,
2620 675 2694 747 μὴ
2757 672 3109 744 συνιεῖσιῌΞί)
3159 673 3219 725 τὸ
3263 675 3318 727 ἐν
3371 676 3440 745 τῇ
3495 676 3686 745 ἰσότητι
3738 680 3809 730 ἂν·

2283 770 2459 840 ισον),
2528 768 2622 821 καὶ
2675 767 2709 837 ή
2769 766 2905 837 ὀργὴ
2955 763 3095 818 κατὰ
3149 763 3302 833 λόγον
3357 765 3473 818 τῶν
3521 766 3810 837 ἁμάρτημά·

2279 879 2405 925 των,
2457 861 2713 931 ποτήριον
2758 860 2816 910 ἐν
2857 858 2999 928 χειρὶ
3050 858 3254 928 Κυρίου
3307 860 3809 929 προσαγορευομένη,

2280 954 2373 1006 κα)⁸
2388 952 2540 1005 κόνδυ
2554 950 2811 1013 πτώσεως
2827 948 2935 1019 (l6)
2954 950 3141 1002 ἐκπινό
3147 966 3324 1019 μενον,
3344 952 3395 1003 εἰ
3413 950 3510 1004 καὶ
3524 954 3677 1004 πᾶσιν
3691 952 3813 1020 {acat-

2282 1042 2455 1114 ρείταί
2484 1059 2535 1095 τι
2558 1042 2653 1112 τῆς
2675 1039 2850 1106 ἀξίας,
2877 1039 3047 1093 καὶτὸ
3073 1040 3171 1108 τῆς
3202 1039 3372 1111 ὀργῆς
3396 1042 3633 1112 ἄκρατον
3660 1044 3813 1110 φιλαν-

2281 1135 2495 1207 θρωπίᾳ
2539 1133 2805 1205 κίρνησιν’
2840 1132 3035 1185 κλίνων
3067 1132 3163 1202 μὲν
3195 1134 3258 1186 ἐκ
3288 1132 3382 1185 τοῦ
3424 1133 3537 1205 (17)
3572 1134 3810 1203 ἀποτόμου

2279 1228 2414 1300 πρὸς
2436 1227 2496 1280 τὸ
2511 1226 2784 1296 ἐνδόσιμον
2806 1228 2915 1288 τοῖς
2933 1224 3530 1296 φόϐῳθπαιδευομένοις,
3554 1228 3643 1279 καὶ
3656 1230 3751 1289 τοῖς
3765 1230 3814 1279 ἐκ

2278 1320 2377 1390 τῆς
2395 1319 2593 1390 μικρᾶς
2624 1316 2850 1385 θλίψεως
2873 1317 2981 1387 (18)
2998 1316 3430 1387 συλλαμϐάνουσι
3459 1319 3553 1371 καὶ
3575 1318 3813 1371 ὠδίνουσιν

2279 1408 2631 1481 ἐπιστροφὴν,
2661 1410 2755 1462 καὶ
2782 1408 2998 1479 πνεῦμα
3024 1409 3294 1479 σωτηρίας
3314 1409 3522 1462 τέλειον
3542 1410 3814 1461 ἀποτίκτου-

2281 1518 2384 1556 σιν·
2422 1499 2705 1570 ὑποτηρῶν
2740 1500 2797 1553 δὲ
2827 1501 2975 1571 ὅμως
3011 1502 3258 1572 τρυγίαν,
3284 1502 3345 1553 τὸ
3378 1504 3481 1571 τῆς
3502 1501 3663 1572 ὀργῆς
3683 1502 3813 1571 ἐσχά-

2276 1610 2389 1656 τον,
2429 1592 2494 1645 ἶν’
2527 1591 2645 1645 ὅλον
2673 1592 2885 1664 κενώσῃ
2909 1595 3021 1655 τοῖς
3055 1592 3129 1663 μὴ
3167 1591 3621 1661 θεραπευομένοις
3649 1594 3706 1644 ἐκ
3733 1593 3811 1659 τῆς

2279 1684 2657 1756 χρηστότητος,
2688 1681 2821 1734 ἀλλὰ
2853 1684 2945 1735 καὶ
2975 1682 3082 1752 (19)
3102 1681 3559 1753 σκληρυνομένοις
3596 1680 3720 1735 κατὰ
3741 1683 3812 1734 τὸν

2282 1776 2637 1849 βαρυκάρδιον
2663 1773 2880 1844 Φαραὼ,
2905 1776 2998 1828 καὶ
3024 1774 3213 1845 πικρὸν
3230 1775 3542 1845 ἐργοδότην,
3560 1776 3633 1836 εἰς
3652 1772 3810 1839 δεῖγμα

2206 1851 2247 1907 Β
2272 1868 2638 1941 ταμιευθέντα
2653 1867 2748 1936 τῆς
2771 1866 2864 1920 τοῦ
2884 1866 3016 1919 Θεοῦ
3034 1867 3173 1920 κατά
3186 1867 3293 1919 τῶν
3312 1867 3528 1920 ἀσεϐῶν
3544 1864 3805 1932 δυνάμεως.

625 1986 732 2031 tam
786 1979 836 2031 in
889 1977 1008 2032 illos
1052 1975 1311 2042 eli‘undat,
1357 1976 1448 2045 qui
1502 1975 1836 2044 benignitate
1888 1982 2052 2044 atque
2103 1969 2385 2026 clementia
2448 1964 2671 2020 minime
2732 1972 3038 2029 sanantur,
3097 1964 3205 2017 imo
3249 1964 3418 2017 ctiam
3490 1961 3803 2025 obdurantur,

622 2064 1067 2138 quemadmodum
1115 2063 1206 2120 ille
1260 2067 1438 2121 cordis
1490 2065 1685 2119 duritia
1745 2063 1997 2119 laborans
2056 2059 2325 2124 Pharao‘,
2353 2066 2408 2113 et
2447 2058 2501 2112 in
2541 2052 2794 2126 operibus
2862 2052 3161 2110 indicendis
3205 2054 3437 2109 acerbus
3461 2055 3506 2121 ',
3575 2051 3637 2106 ad
3696 2050 3807 2105 divi-

622 2176 704 2218 na:
749 2159 1002 2215 adversus
1047 2158 1237 2229 impios
1286 2157 1539 2227 potentia:
1582 2159 1850 2226 specimen
1897 2158 2159 2213 edendum
2184 2163 2488 2211 reservatus
2510 2152 2553 2212 '.

690 2255 758 2311 V.
815 2253 1071 2321 Expone,
1120 2248 1261 2303 unde
1328 2247 1631 2318 huiusmodi
1681 2250 1847 2318 plagae
1896 2257 1951 2304 et
2006 2248 2177 2318 ﬂagra

622 2344 888 2407 oriantur,
934 2348 989 2394 ct
1042 2352 1163 2410 qua:
1208 2338 1283 2393 sit
1326 2351 1511 2393 eorum
1542 2340 1714 2394 ratio?
1754 2338 1942 2394 Utrum
1973 2338 2148 2393 inordi

622 2444 781 2492 natus
815 2433 1031 2503 quidam
1063 2447 1126 2486 ac
1154 2440 1510 2501 praeposterus
1539 2440 1593 2487 et
1620 2432 2026 2501 gubernationis
2054 2447 2177 2486 om-

622 2528 709 2583 nis
744 2539 937 2594 expers
968 2522 1334 2578 universitatis
1364 2532 1560 2584 motus,
1593 2538 1657 2577 ac
1704 2538 1847 2578 cazca
1881 2524 2175 2588 temeritas,

624 2628 878 2687 tanquam
908 2613 1157 2668 videlicet
1187 2627 1343 2667 nemo
1370 2613 1443 2666 sit
1486 2613 1579 2682 qni
1614 2612 1777 2667 rebus
1831 2613 2177 2669 moderandis

626 2708 826 2779 praesit,
866 2714 922 2762 et
954 2706 1182 2776 denique
1210 2720 1378 2761 casus
1421 2704 1535 2760 haec
1576 2704 1738 2770 ferat,
1768 2714 1824 2759 ut
1856 2706 2033 2776 placet
2082 2705 2181 2760 ho-

2348 2242 2421 2298 E'.
2454 2244 2609 2308 Είττέ,
2652 2243 2814 2297 πόθεν
2841 2243 2896 2295 αἱ
2931 2238 3171 2293 τοιαῦται
3192 2239 3400 2309 πληγαὶ
3432 2239 3527 2292 καὶ
3559 2239 3803 2309 μάστιγες;

2277 2340 2370 2394 καὶ
2394 2339 2478 2403 τίς
2507 2340 2534 2391 ό
2560 2338 2685 2407 περὶ
2713 2336 2887 2390 ταῦτα
2914 2335 3099 2403 λόγος;
3131 2334 3365 2403 Πότερον
3392 2332 3601 2405 κίνησίς
3628 2350 3701 2396 τις
3730 2330 3803 2384 τοῦ

2278 2431 2476 2494 παντὸς
2500 2431 2748 2495 ἄτακτος,
2766 2429 2859 2481 καὶ
2878 2425 3176 2497 ἀνώμαλος,
3204 2426 3298 2479 καὶ
3318 2424 3675 2496 ἀκυϐέρνητος
3695 2424 3805 2493 φορά

2278 2543 2338 2578 τε
2372 2525 2465 2577 καὶ
2496 2522 2707 2591 ἀλογία,
2739 2521 2813 2585 ὼς
2842 2521 3053 2584 οὐδενὸς
3085 2523 3196 2583 τοῖς
3233 2516 3387 2572 οὖσιν
3411 2516 3800 2579 ἐπιστατοῦντος,

2282 2614 2374 2669 καὶ
2403 2614 2464 2667 τὸ
2488 2613 2791 2684 αὐτόματον
2820 2612 2989 2667 ταῦτα
3020 2612 3194 2683 φέρει,
3227 2610 3301 2673 ὡς
3320 2611 3473 2663 δοκεί
3499 2611 3605 2672 τοῖς
3627 2608 3801 2673 ἀσόςιις

2285 2710 2486 2777 σοφοῖς,
2522 2706 2617 2760 καὶ
2665 2707 2777 2768 τοῖς
2820 2705 2939 2774 εἰκῆ
2979 2703 3296 2775 φερομένοις
3344 2703 3455 2755 ὑπὸ
3481 2701 3570 2754 τοῦ
3608 2700 3798 2755 ἀτάκτου

624 2797 860 2852 minibus
902 2794 1065 2850 stulte
1116 2793 1469 2862 sapientibus,
1502 2802 1557 2846 et
1600 2792 1685 2856 iis,
1729 2793 1879 2861 quia
1913 2792 2176 2862 praecipiti

2282 2799 2375 2853 καὶ
2432 2797 2702 2852 σκοτεινοῦ
2751 2796 3077 2867 πνεύματος·
3126 2795 3159 2865 ἦ
3213 2794 3356 2864 λόγῳ
3394 2795 3501 2847 τιν)⁵
3531 2794 3616 2847 καὶ
3659 2790 3797 2853 τάξει,

540 2892 547 2899 ’
626 2896 680 2944 et
724 2887 1005 2942 tenebroso
1061 2884 1251 2955 spiritu
1298 2892 1501 2939 temere
1547 2880 1823 2949 feruntur;
1873 2897 1942 2937 an
2002 2883 2176 2952 potius

2281 2887 2467 2959 ὥσπερ
2492 2888 2695 2957 ὑπέστη
2723 2886 2783 2939 τὸ
2812 2888 2919 2939 πᾶν
2938 2886 3029 2938 ἀπ’
3050 2884 3243 2955 ἀρχῆς,
3262 2884 3356 2936 καὶ
3380 2883 3583 2955 ὲκράθη
3601 2878 3796 2951 (ΞΟ),καὶ

624 2980 872 3035 universa
906 2978 1021 3032 hate
1050 2991 1230 3031 rerum
1280 2975 1466 3045 moles,
1488 2983 1548 3030 ut
1583 2975 1791 3030 ratione
1827 2985 1989 3044 atque
2028 2974 2176 3054 ordi-

2284 2978 2557 3049 συνεδέθη,
2587 2978 2679 3030 καὶ
2730 2975 2953 3046 ἐκινήθη
2995 2975 3252 3045 κοσμίως,
3282 2975 3358 3037 ὡς
3398 2975 3542 3045 μόνῳ
3577 2973 3645 3043 τῷ
3677 2972 3797 3039 κινή-

626 3087 693 3127 ne
717 3074 951 3142 primum
983 3078 1185 3134 creata,
1230 3078 1392 3137 atque
1424 3068 1689 3124 concinne
1717 3075 1771 3123 et
1800 3077 1991 3123 ornate
2040 3076 2175 3122 tem-

2282 3086 2433 3123 σαντι
2464 3068 2759 3139 γνώριμον,
2789 3067 2930 3120 οὕτω
2956 3066 3048 3119 καὶ
3078 3068 3449 3136 μετακινεῖται
3496 3068 3585 3119 καὶ
3623 3060 3798 3135 μετατί-

624 3173 831 3235 perata,
862 3172 917 3217 et
942 3162 1210 3230 colligata,
1250 3135 1470 3216 et'mota
1505 3170 1609 3225 est,
1643 3159 1794 3215 velut
1820 3161 1865 3214 is
1889 3158 2037 3213 solus
2080 3174 2176 3214 no-

2287 3159 2437 3214 θεται
2461 3135 2721 3229 Προνοίας
2739 3158 2972 3229 χαλινοῖς
2993 3135 3185 3227 ὁδηγού
3194 3174 3352 3228 μενον
3371 3174 3386 3222 ;
3408 3157 3573 3211 Πόθεν
3598 3155 3795 3224 ἀφορίαι,

624 3256 720 3321 vit,
780 3255 871 3325 qui
924 3263 1126 3309 motum
1182 3251 1379 3316 attulit,
1441 3252 1522 3306 sic
1582 3252 1766 3317 etiam,
1823 3250 2179 3305 Providentiae

588 3394 591 3403 .
623 3349 779 3405 freno
826 3364 943 3404 eam
987 3348 1237 3412 ducente,
1267 3347 1320 3400 in
1354 3346 1627 3400 diversum
1655 3351 1956 3411 moveatur,
1987 3352 2040 3397 et
2060 3342 2179 3398 col-

625 3438 863 3495 locetur?
898 3438 1049 3494 Unde
1098 3437 1435 3501 sterilitates,
1467 3445 1519 3492 et
1561 3451 1591 3490 a
1619 3436 1793 3491 ventis
1841 3436 2065 3490 invecta:
2098 3434 2177 3489 la-

623 3532 741 3595 bes,
775 3540 829 3584 et
865 3528 1170 3599 grandines,
1205 3542 1447 3596 prazsens
1492 3536 1675 3581 nostra
1710 3526 1864 3597 plaga
1897 3535 1951 3581 et
1984 3527 2175 3580 admo-

625 3621 789 3693 nitio?
810 3620 959 3676 Unde
980 3620 1119 3675 aeris
1146 3621 1536 3689 corruptiones,
1560 3629 1615 3674 ct
1639 3618 1831 3682 morbi,
1867 3626 1919 3672 et
1940 3626 2179 3687 aestuan-

624 3715 693 3769 tis
727 3724 884 3769 terrat
916 3722 1111 3777 motus,
1144 3722 1201 3767 et
1233 3712 1398 3766 maris
1432 3725 1551 3766 sese
1597 3709 1650 3763 in
1687 3710 1849 3763 altum
1882 3708 2177 3765 attollentis

625 3806 955 3874 impetus,et
982 3804 1196 3859 coalitus
1223 3803 1327 3858 orti
1368 3801 1636 3856 terrores?
1666 3800 1729 3855 Et
1755 3814 1990 3870 quonam
2022 3810 2179 3869 pacto

624 3904 904 3958 creatura,
964 3896 1032 3949 ad
1087 3894 1364 3955 hominum
1414 3908 1567 3947 usum
1620 3901 1677 3947 et
1739 3892 2176 3947 commoditatem

622 3982 834 4045 effecta,
873 3997 1205 4047 communes,
1257 3982 1498 4051 inquam,
1552 3990 1606 4035 et
1658 3981 1889 4050 aequales
1949 3980 2174 4043 delicim,

624 4071 690 4125 ad
718 4070 1003 4141 impiorum
1046 4086 1257 4141 pmnam
1294 4073 1628 4139 immutetur,
1667 4084 1745 4136 ut,
1789 4074 1984 4142 quibus
2016 4073 2176 4144 303

622 4163 801 4217 ornati
842 4163 1042 4233 gratias
1089 4178 1196 4220 non
1251 4165 1477 4235 egimus,
1529 4165 1597 4220 iis
1644 4166 1806 4221 etiam
1846 4167 2174 4231 erudiamur,

623 4263 785 4324 atque
820 4269 887 4310 ex
925 4256 1009 4311 his
1071 4272 1190 4327 quae
1248 4250 1510 4327 patimur,
1562 4259 1859 4327 potentiam
1918 4273 2178 4327 agnosca-

624 4363 784 4414 mus,
838 4347 1268 4418 quandoquidem
1323 4364 1386 4403 ex
1443 4350 1679 4418 acceptis
1736 4350 2011 4407 beneficiis
2057 4366 2176 4406 eam

624 4440 1032 4507 haudquaquam
1074 4439 1425 4507 agnovimus?
1451 4439 1694 4506 Quonam
1752 4442 1907 4497 modo
1961 4443 2082 4498 aliis
2112 4442 2179 4497 de

624 4544 785 4582 manu
812 4528 1016 4582 Domini
1048 4528 1275 4596 duplicia
1306 4539 1525 4599 peceata
1561 4530 1869 4587 tribuuntur
1890 4532 1932 4599 ⁵,
1962 4547 2028 4588 ac
2058 4532 2175 4587 vitii

623 4635 872 4672 mensura
932 4634 1026 4687 per
1071 4619 1290 4689 duplum
1340 4621 1613 4690 impletur,
1660 4625 1957 4678 secundum
2009 4639 2171 4694 quam

729 4757 775 4788 ⁸⁸
801 4755 903 4811 lsa.
936 4771 1128 4819 xxvm,
1162 4755 1249 4826 17.
1359 4760 1404 4791 ’⁸
1438 4759 1626 4813 Matth.
1665 4777 1752 4826 xx,
1802 4761 1887 4815 12.

2006 4763 2050 4796 ’⁷
2095 4761 2237 4816 Psal.
2292 4780 2475 4831 uxiv,
2508 4764 2559 4819 9.

2285 3253 2377 3307 καὶ
2408 3253 2815 3324 ἀνεμοφθορίαι,
2838 3254 2929 3306 καὶ
2948 3251 3196 3322 χάλαζαι,
3226 3253 3258 3323 ἡ
3284 3255 3381 3305 νῦν
3406 3252 3633 3323 ἡμετέρα
3653 3249 3793 3318 πληγὴ

2285 3345 2378 3399 καὶ
2409 3344 2688 3411 νουθεσία;
2736 3344 2905 3398 Πόθεν
2936 3344 3111 3415 ἀέρων
3147 3344 3364 3416 φθοραὶ,
3423 3346 3515 3397 καὶ
3538 3344 3683 3405 νόσοι,
3723 3340 3793 3391 καὶ

2287 3436 2518 3509 βρασμοὶ
2542 3438 2663 3507 γῆς,
2689 3435 2780 3489 καὶ
2818 3435 3087 3506 θαλάσσης
3110 3437 3522 3501 ἐπαναστάσεις,
3554 3434 3635 3487 καὶ
3674 3432 3727 3485 τά
3750 3428 3793 3495 ἐξ

2283 3529 2511 3601 οὐρανοῦ
2552 3529 2782 3599 δείματα
2838 3528 2981 3599 (‘21);
3032 3530 3143 3581 Kal.
3179 3528 3295 3591 πῶς
3344 3529 3379 3599 ή
3430 3531 3508 3591 είς
3547 3525 3791 3579 ἀπόλαυσιν

2283 3619 2581 3694 ἀνθρώπων
2626 3621 3086 3693 δημιουργηθεῖσα
3128 3622 3321 3686 κτίσις,
3363 3623 3428 3675 τὸ
3461 3622 3622 3676 κοινὸν
3648 3618 3791 3690 ἐντρό-

2285 3732 2356 3785 φη
2367 3733 2439 3786 μα
2462 3715 2571 3785 (Ξὲ)
2594 3716 2687 3768 καὶ
2717 3715 2972 3785 ἰσότιμον,
3002 3716 3082 3778 εἰς
3114 3714 3212 3785 τὴν
3246 3714 3353 3767 τῶν
3389 3714 3592 3769 ἀσεὸὦν
3618 3712 3791 3765 κόλασιν

2287 3804 2693 3875 μεταϐάλλεται,
2716 3800 2873 3868 ῖνόἶς
2890 3803 3207 3875 τιμηθέντες
3227 3804 3323 3857 οὐκ
3345 3804 3788 3874 ηὑχαριστήσαμενν

2282 3895 2487 3957 τούτοις
2511 3897 2603 3949 καὶ
2630 3896 3023 3967 παιδευθῶμεν,
3052 3896 3145 3949 καὶ
3172 3896 3388 3965 γνῶμεν
3420 3897 3515 3966 τὴν
3529 3894 3724 3961 δύναμιν
3741 3888 3785 3953 ἐξ

2283 3982 2357 4043 ὧν
2402 3988 2701 4057 πάσχομεν,
2746 3987 2932 4057 ἐπειδὴ
2961 3986 3035 4057 μὴ
3064 3986 3310 4055 ἔγνωμεν
3333 3986 3445 4057 (25)
3475 3984 3530 4049 ἐξ
3557 3978 3625 4037 ὧν
3643 3978 3692 4035 εὖ
3723 3995 3787 4030 περ

2284 4076 2555 4148 πόνθαμεν
2574 4094 2588 4142 ;
2610 4077 2734 4139 Πῶς
2760 4080 2871 4140 τοῖς
2903 4078 2999 4147 μὲν
3020 4077 3129 4147 (24)
3145 4078 3209 4129 ἐκ
3236 4075 3420 4147 χειρὸς
3456 4074 3639 4144 Κυρίου
3662 4068 3787 4124 διπῖᾶ

2283 4169 2352 4223 τά
2381 4169 2754 4239 ἁμαρτήματα
2780 4166 2891 4238 (25)
2925 4166 3144 4229 δίδοται,
3188 4166 3280 4218 καὶ
3319 4164 3695 4237 ἀναπληροῦται
3740 4156 3786 4209 τὸ

2282 4260 2381 4331 τῆς
2414 4258 2604 4322 κακίας
2630 4258 2823 4328 μέτρον
2875 4260 2942 4329 τῇ
2992 4256 3242 4327 διπλασία
3285 4256 3422 4327 (26),
3454 4257 3566 4310 καθ’
3586 4255 3644 4326 ἢν
3670 4250 3785 4303 καὶὸ

2296 4350 2508 4422 Ἰσραὴλ
2538 4346 2946 4420 σωφρονίζεται·
2978 4350 3091 4412 τοῖς
3121 4347 3198 4411 δὲ,
3226 4346 3315 4401 διὰ
3340 4348 3441 4419 τῆς
3470 4340 3783 4401 Exanimis;

2284 4444 2364 4507 είς
2384 4444 2475 4496 τὸν
2503 4442 2702 4495 κόλπον
2727 4441 3135 4511 ἀποδιδομένης,
3163 4438 3409 4493 κενοῦται
3430 4438 3495 4492 τά
3521 4433 3778 4507 ἁμαρτήμα-

2213 4498 2258 4553 D
2282 4498 2383 4600 trav;
2412 4534 2522 4587 Καὶ
2551 4534 2604 4587 τί
2622 4532 2681 4586 τὸ
2706 4533 2812 4586 τῶν
2863 4498 3199 4602 ’Δμορῤανίων
3232 4530 3431 4603 μέτρον
3464 4498 3605 4583 οὕτω

2289 4626 2560 4698 ρωμένον;
2595 4624 2705 4679 Καὶ
2736 4624 2851 4688 πῶς
2877 4625 2906 4676 ό
2933 4622 3251 4694 ἁμαρτωλὸς
3278 4622 3311 4693 ἢ
3336 4622 3565 4693 ἀφίεται,
3608 4611 3777 4687 ira“

2667 4732 2712 4796 ’ί
2742 4763 2939 4818 Ezech.
2976 4778 3131 4827 xxtn,
3165 4760 3254 4815 53.
3351 4760 3398 4792 "
3426 4758 3526 4815 lsa.
3559 4768 3688 4819 xm,
3714 4747 3777 4802 18.

623 4828 643 4859 ³
671 4825 835 4880 Exod.
871 4840 919 4890 ν,
960 4829 1025 4890 ὅς
1060 4842 1154 4889 vn,
1184 4825 1273 4883 22.
1352 4833 1371 4861 ¹
1397 4829 1563 4884 Exod.
1592 4846 1630 4895 I,
1662 4825 1744 4885 9.7
1794 4831 1813 4862 ⁸
1844 4832 1998 4890 Rom.
2034 4848 2111 4897 Ix,
2150 4834 2174 4886 1

2308 4835 2330 4866 δ
2361 4825 2472 4890 Ιειιξ
2498 4852 2587 4899 ιι,
2624 4834 2679 4889 2.

717 5034 803 5103 15)
844 5033 940 5100 Μὴ
1003 5032 1281 5098 συνιεῖσι,
1333 5043 1435 5089 etc.
1498 5032 1588 5088 Sic
1642 5034 1859 5102 exponit
1913 5032 2170 5088 Nicetas:

2341 5034 2453 5103 (‘21)
2484 5036 2750 5103 Δείματα.
2797 5038 2886 5092 Sic
2916 5038 3078 5106 Regg.
3108 5038 3217 5100 bm,
3250 5036 3365 5106 ph.,
3394 5034 3483 5089 Or.
3514 5030 3564 5094 2,
3586 5035 3675 5106 etc.
3705 5020 3769 5075 Sit

628 5120 648 5153 ι
698 5082 814 5157 Ειέί
856 5082 1092 5172 iniquum
1152 5082 1428 5177 videbatur
1475 5082 1776 5172 postretnbs
1840 5106 2025 5169 primis
2077 5120 2174 5177 (ζι-
2271 5082 3687 5177 etii-nn,logi—{Eilliusjln

622 5188 857 5240 :Pquare,
879 5190 982 5227 non
1012 5185 1181 5227 tamen
1204 5175 1441 5241 iniquum
1462 5182 1606 5239 erat;
1626 5183 2015 5239 postremorunt
2030 5174 2171 5227 enim

623 5244 870 5296 voluntas
904 5244 973 5311 id,
1000 5246 1139 5311 quod
1168 5243 1335 5296 labori
1368 5245 1571 5307 deerat,
1609 5242 1890 5311 supplevit.
1924 5262 1943 5295 ι

726 5312 803 5373 ιο)
838 5310 1138 5379 Πτώσὲως.
1172 5314 1264 5367 0r.
1296 5313 1350 5377 2,
1376 5313 1601 5375 πόσεως.

722 5382 806 5451 l7)
857 5383 954 5435 Ἐκ
988 5378 1113 5438 τοῦ,
1143 5383 1234 5437 OT.
1263 5383 1316 5447 2,
1355 5382 1460 5434 ἀπὸ
1490 5382 1601 5435 τοῦ.
1663 5378 1681 5402 ⁹

696 5430 803 5521 iis;
840 5430 1609 5523 signa;axungiam;
1646 5452 1699 5515 ι,
1731 5430 1986 5523 μακρᾶς,
2018 5470 2036 5502 .
2063 5452 2181 5504 diu-

625 5523 1132 5643 :iurnartialainitate.
1153 5526 1362 5578 r'Coisl.
1394 5522 1449 5587 2,
1485 5522 1685 5593 μικρᾶς
1720 5522 1972 5587 πίστεως,
2022 5540 2039 5573 ι
2066 5536 2179 5576 mo-

662 5605 743 5641 tca
796 5606 827 5642 ι(
852 5608 898 5642 e.
926 5610 942 5641 ι

662 5605 743 5641 1C8
779 5605 898 5642 ιιιιθ.
926 5610 942 5641 ὓ

694 5658 801 5732 (l9)
841 5662 967 5732 Kal.
1004 5663 1161 5732 Deest
1194 5663 1242 5715 in
1269 5662 1402 5732 Reg.
1430 5675 1481 5717 a.

625 5726 1133 5867 txgglj.’fﬂxpdd'n.
1190 5735 1277 5789 Sic
1334 5726 1497 5803 liegg.
1552 5733 1659 5797 bin,
1699 5732 1790 5802 ph,
1843 5741 1947 5788 etc.
1997 5730 2052 5786 ln
2091 5732 2174 5789 ed.

876 5864 896 5895 ι

2344 5173 2452 5243 (22)
2494 5162 2884 5247 Ἐντρύφημα.
2919 5178 3007 5233 Sic
3035 5162 3203 5247 Regg.
3237 5162 3345 5240 bui,
3378 5176 3466 5243 ph,
3493 5162 3580 5223 0r.
3607 5166 3654 5229 2,
3671 5162 3763 5215 Par.

2273 5243 2328 5297 Ῑη
2356 5246 2473 5317 ,ἓδτν
2490 5243 2744 5317 άδξντρύφη
2755 5243 2846 5315 μα·

2346 5312 2455 5387 (ξᾷ)
2487 5312 2799 5387 Ἕηλωμεὶρ.
2836 5316 3062 5387 Montac.
3112 5316 3442 5387 ἐγνώκαμεν.

2346 5367 2460 5458 (24)
2506 5367 2631 5458 Τὸῖς
2660 5367 3340 5458 ῑιέκιρξεἰέῥιῖιῖεέὶιέέέζξ
3369 5367 3523 5443 δόξει.
3561 5381 3583 5435 ι
3628 5376 3704 5431 0r.
3728 5367 3765 5425 ε.

2276 5452 2398 5507 Par.
2439 5452 2492 5505 In
2520 5456 2627 5515 ed.,
2657 5452 2764 5518 τοῖς
2793 5457 2878 5509 ἄν.

2346 5522 2457 5591 (25)
2484 5523 2672 5596 Iit-triti
2701 5526 2770 5578 τὰ
2798 5526 3198 5596 ἁμαρτήματα.
3234 5545 3252 5577 ‹
3280 5524 3507 5594 Duplicia
3538 5522 3764 5593 peccata»

2277 5593 2330 5648 id
2356 5604 2460 5665 est,
2502 5611 2519 5665 ᾳ
2548 5594 2784 5659 duplices
2821 5593 2924 5664 pro
2945 5593 3179 5665 peccatis
3206 5593 3408 5663 poenas.
3432 5613 3451 5665 ι
3684 5650 3713 5665 ν

2348 5651 2455 5731 (eti)
2484 5651 2795 5730 Auriam'gt.
2821 5651 3006 5718 'Billiiis
3032 5684 3044 5719 :
3083 5685 3100 5716 ι
3130 5651 3224 5732 νεί-
3252 5664 3654 5733 (Ιυριίοἱιιιιθηι.)
3684 5651 3765 5733 Σξοξ

2276 5724 2365 5787 hic
2412 5724 2701 5806 aéqtiivoca,
2747 5724 2894 5806 'quia
2934 5724 3193 5791 διπλασία
3235 5724 3378 5792 aliud
3431 5738 3577 5790 sonat
3620 5724 3766 5778 latine

2280 5817 2437 5867 quam
2464 5802 2667 5858 Griece.
