3852 6408
147 403 230 460 9H
784 400 788 405 ’
1015 387 1266 446 ORATIO
1304 389 1443 446 XVI.
1482 421 1550 431 —
1585 387 1652 444 IN
1689 387 1970 445 PATBEM
2007 384 2395 443 TACENTEM.
3203 377 3308 433 942

141 518 266 582 ζεται
305 506 473 562 πάλιν·
512 503 572 557 es
601 502 716 574 μὲν,
763 502 970 556 ἐκεῖθεν
1002 504 1161 573 τυχὸν
1190 502 1543 574 τηρούμενος,
1597 502 1658 554 τὸ

1784 504 1920 556 etiam
1954 499 2120 556 lsrael
2153 499 2482 568 castigatur;
2509 493 2628 550 aliis
2656 507 2842 548 rursus
2871 507 2966 562 per
3004 489 3305 582 septuplum

141 580 202 670 δὲ,
227 598 449 657 ἐντεῦθεν
483 595 894 667 ἰατρευόμενοςς
920 595 1030 648 Kal
1055 594 1168 659 πῶς
1191 598 1219 648 6
1238 594 1466 658 δίκαιος,
1501 595 1534 665 ἢ
1562 612 1661 648 κα-

1785 610 1817 648 n
1843 594 1962 648 sinu
2007 591 2270 646 redditum
2298 596 2516 659 peccata
2557 585 2942 640 exhauriuntur
2960 581 3026 636 εἳ
3052 580 3306 648 Quaenam

140 694 336 752 κοπαθεῖ
363 687 748 759 πειραζόμενος
785 686 932 751 ἴσως,
960 687 993 757 ἢ
1029 686 1256 740 εὐπαθεῖ
1289 688 1659 759 συντηρούμε-

1791 685 2195 739 tmorrhmornm
2241 694 2489 735 mensura
2521 677 2752 732 nondum
2793 675 3058 731 cumulata
3079 674 3139 728 ‘?
3165 673 3312 740 Quo-

140 802 228 848 νος,
251 775 466 850 ἄνπερῇ
499 777 710 847 πτωχὸς
761 777 858 849 τὴν
885 779 1140 844 διάνοιαν,
1191 778 1284 832 καὶ
1329 778 1403 849 μὴ
1459 779 1661 850 σφόδρα

1785 793 1882 831 tam
1936 784 2091 846 pacto
2145 784 2415 844 peccator,
2475 780 2566 826 aut
2621 768 2930 832 dimittitur,
2959 777 3051 822 aut
3093 781 3306 821 rursum

136 871 358 943 ὑπεράνω
401 868 510 938 (27)
562 867 670 922 τῶν
700 867 1015 939 ὁρωμένων,
1065 869 1161 922 καὶ
1203 870 1278 934 ὡς
1329 869 1390 922 τὸ
1428 869 1657 932 συνειδὸς

1786 867 2022 938 upplicio
2056 866 2314 931 afﬁcitur;
2343 864 2491 929 illud,
2524 861 2648 932 quia
2685 861 2915 915 fortasse
2971 857 3036 913 ad
3084 858 3307 912 alteram

136 961 340 1018 διδάσκει
389 959 590 1012 τούτων
643 958 924 1029 ἑκάτερον,
975 959 1037 1012 τὸ
1078 961 1275 1012 οἰκεῖον
1297 960 1391 1013 καὶ
1434 958 1657 1029 ἀψευδὲς

1785 960 1923 1014 νὶισιιι
1969 966 2296 1019 reservatur,
2325 957 2449 1022 hoc,
2487 965 2546 1008 ut
2579 969 2640 1009 ea
2681 953 2886 1007 ratione
2922 952 2988 1006 ad
3026 951 3306 1006 sanitatem

132 1053 412 1126 κριτήριονε
446 1050 540 1114 Τίς
571 1051 604 1122 ή
635 1049 835 1122 πληγὴ,
861 1052 953 1103 καὶ
987 1049 1179 1116 πόθεν;
1209 1051 1440 1122 Πότερον
1463 1051 1653 1122 ἀρετῆς

1791 1049 2077 1105 evocetur?
2141 1047 2384 1114 Quonam
2444 1047 2572 1100 item
2628 1053 2784 1113 pacto
2836 1045 2921 1098 vir
2965 1043 3162 1113 justus,
3226 1040 3311 1095 vel

135 1149 343 1217 ἐλεγχος,
375 1143 623 1215 ἢκακίας
642 1143 890 1214 βάσανος,
915 1144 1008 1196 καὶ
1037 1144 1117 1197 ὅτι
1142 1147 1386 1215 κρεῖττον
1409 1143 1483 1206 ὡς
1507 1143 1656 1197 κολά-

1791 1141 2015 1196 arumnis
2070 1141 2349 1211 premitur,
2398 1149 2458 1194 ut
2508 1137 2740 1194 fortasse
2783 1146 3034 1199 tentetur,
3061 1135 3145 1190 vel
3189 1134 3312 1190 laeta

133 1259 200 1295 σει
231 1235 588 1308 κάμπτεσθαι,
622 1235 726 1289 κᾶν
759 1236 834 1308 μὴ
888 1236 1061 1299 οὕτως
1106 1236 1227 1307 ἔχῃ,
1281 1236 1376 1289 καὶ
1412 1235 1516 1288 ὑπὸ
1563 1236 1654 1307 τὴν

1789 1234 1934 1288 νιῐιηῑίι
1959 1234 2140 1297 habet,
2173 1241 2231 1286 ut
2261 1241 2628 1295 conservetur,
2665 1229 2822 1312 modo
2857 1229 2929 1283 sit
2968 1229 3148 1284 animo
3177 1242 3310 1297 pan-

131 1330 365 1402 κραταιὰν
384 1325 478 1381 τοῦ
515 1326 648 1382 Θεοῦ
669 1331 826 1398 χεῖρα
847 1327 1246 1391 ταπεινοῦσθαι,
1282 1327 1314 1398 ἢ
1341 1327 1417 1391 ὡς
1438 1327 1652 1398 δοκιμα-

1788 1343 1876 1394 ter,
1907 1342 2003 1382 nec
2033 1340 2191 1396 supra
2224 1339 2309 1390 ea,
2335 1338 2452 1392 quae
2471 1323 2522 1377 in
2553 1322 2826 1377 oculorum
2854 1335 3071 1375 sensum
3090 1319 3309 1381 cadunt,

130 1425 204 1493 σία
240 1417 686 1492 μετεωρίζεσθαι.
740 1417 922 1471 Ταῦτα
949 1418 1156 1485 δίδαξον
1194 1419 1286 1472 καὶ
1323 1418 1651 1489 νουθέτησον,

1788 1419 2044 1476 ηιίηιοάιιιιι
2078 1427 2314 1482 evectus,
2343 1416 2484 1480 sicut
2511 1415 2670 1470 etiam
2701 1411 3051 1478 conscientia,
3084 1412 3186 1465 hoc
3207 1421 3309 1476 est,

134 1515 195 1584 μὴ
232 1509 424 1582 σφόδρα
443 1511 508 1580 τῇ
535 1507 782 1579 παρούσῃ
816 1508 996 1581 πληγῇ
1030 1509 1314 1581 δυσφορεῖν
1339 1511 1484 1580 ἡμᾶς
1525 1509 1655 1578 (28),

1795 1511 2110 1566 omesticum
2134 1519 2190 1564 et
2210 1523 2394 1564 verum
2426 1506 2676 1572 tribunal,
2707 1506 2894 1560 horum
2913 1514 3198 1571 utrumque
3220 1502 3315 1555 do-

130 1606 155 1675 ἢ
192 1604 266 1666 είς
310 1599 494 1654 κακῶν
543 1600 704 1670 βάθος
757 1602 1094 1671 ἐμπεσόντας
1145 1600 1266 1678 (29)
1306 1605 1651 1672 καταφρονεῖν

1792 1599 2132 1667 ct?Qua:nam
2151 1600 2264 1655 haec
2285 1599 2458 1670 plaga,
2475 1609 2527 1653 et
2545 1597 2722 1653 unde?
2745 1596 2931 1652 Utrum
2949 1595 3194 1649 utvirtus
3216 1609 3313 1648 no-

130 1694 361 1765 (ἔστιγὰρ
375 1709 429 1745 τι
455 1692 552 1744 καὶ
572 1690 780 1745 τοιοῦτο
809 1693 919 1761 (50)
943 1693 1085 1764 πάθη
1095 1711 1168 1764 μα
1185 1695 1244 1746 ἐν
1267 1693 1374 1758 ἑοῖς
1406 1693 1651 1762 πολλοῖς),

1796 1701 1870 1747 tra
1898 1697 2230 1764 exploretur,
2261 1708 2327 1746 an
2357 1703 2414 1746 ut
2442 1689 2758 1759 improbitas
2779 1687 3114 1743 vindicetur?
3133 1686 3317 1753 Quan-

124 1785 240 1838 ἀλλὰ
270 1781 562 1854 σωφρόνως
608 1781 750 1852 ἔχειν
808 1783 944 1854 πρὸς
982 1784 1081 1856 τὴν
1131 1783 1427 1851 νουθεσίαν,
1463 1785 1556 1838 καὶ
1586 1785 1645 1856 μί

1799 1799 1917 1837 nam
1943 1793 2159 1854 praestat
2210 1783 2357 1837 velut
2393 1782 2461 1837 ob
2493 1795 2704 1850 paruam
2735 1779 2918 1850 (etiam
2962 1778 3007 1832 si
3053 1777 3208 1831 aliter
3232 1791 3318 1830 res

124 1876 205 1947 τὴν
228 1873 390 1946 μείζω
433 1872 839 1944 προκαλεῖσθαι,
886 1874 972 1928 διὰ
994 1875 1094 1946 τῆς
1126 1874 1260 1947 πρὸς
1286 1876 1486 1947 ταύτην
1511 1877 1645 1930 ἀναι·

1798 1891 1822 1930 e
1850 1875 2065 1945 habeat)
2091 1875 2297 1930 animos
2347 1874 2649 1936 demittere,
2681 1887 2744 1926 ac
2778 1870 2877 1926 sub
2927 1869 3127 1939 potenti
3159 1883 3319 1921 manu

125 1966 324 2037 σθησίας
351 1965 486 2035 (5-1).

1797 1969 1856 2024 )ei
1882 1966 2208 2033 humiliari',
2234 1983 2392 2036 quam
2415 1967 2559 2021 velut
2583 1966 2650 2020 ob
2680 1964 3047 2035 probationem
3074 1961 3125 2016 in
3151 1959 3318 2014 altum

122 2060 292 2116 cll‘erri.
318 2059 442 2115 Haec
463 2062 618 2125 doce,
643 2066 803 2130 atque
828 2061 1074 2127 admone,
1098 2077 1162 2116 ne
1177 2063 1245 2117 ob
1264 2070 1578 2131 praesentem
1609 2061 1820 2132 plagam
1844 2061 2058 2134 gravius
2073 2061 2478 2127 discruciemur,
2506 2069 2599 2114 aut
2626 2059 2680 2113 in
2711 2056 3030 2127 profundum
3057 2054 3319 2108 malorum

120 2155 350 2226 prolapsi,
385 2169 508 2210 eam
535 2165 938 2211 contemnamus
969 2156 1044 2226 (id
1065 2156 1204 2210 enim
1222 2157 1487 2226 plerisque
1513 2157 1585 2212 ita
1614 2158 1772 2212 etiam
1802 2157 2028 2225 evenit),
2062 2172 2248 2212 verum
2284 2155 2573 2227 prudenter
2614 2155 2668 2209 in
2706 2153 2810 2210 hac
2840 2151 3192 2221 castigatione
3223 2162 3322 2206 nos

121 2261 363 2315 geramus,
395 2261 488 2308 ne,
520 2246 684 2300 animi
717 2245 1032 2316 stupiditate
1069 2261 1132 2302 ac
1173 2245 1289 2302 sine
1341 2262 1500 2302 sensu
1537 2263 1656 2304 eam
1687 2249 2025 2320 excipiendo,
2061 2251 2316 2319 majorem
2344 2263 2704 2305 accersamus.

180 2341 260 2407 ς’.
293 2337 478 2390 Δεινὸν
503 2337 705 2408 ἀφορία
732 2336 858 2407 γῆς,
882 2336 976 2391 καὶ
1001 2336 1228 2409 καρπῶν
1253 2324 1514 2394 ἀπώλεια·
1553 2340 1670 2404 πῶς

1851 2338 1934 2394 Vl.
1970 2343 2180 2396 Acerba
2217 2358 2302 2397 res
2331 2352 2437 2407 est,
2467 2351 2626 2397 terrae
2650 2342 2931 2407 sterilitas,
2960 2350 3018 2396 et
3051 2340 3321 2395 fructuum

113 2430 163 2484 δὲ
205 2428 284 2494 οὒ,
322 2429 426 2500 ἢδη
487 2431 611 2492 ταῖς
672 2429 882 2482 ἐλπίσιν
940 2430 1356 2500 εὐφραινόντων,
1413 2431 1508 2485 καὶ
1549 2435 1634 2486 ταῑ

1798 2441 2012 2495 actura;
2044 2432 2229 2500 quidni
2272 2443 2451 2487 autem
2475 2473 2490 2498 ,
2525 2448 2646 2488 cum
2686 2434 2797 2503 jam
2827 2448 2922 2502 spe
2962 2433 3319 2496 oblectarent,

119 2521 397 2592 ἀποθήκαις
415 2519 853 2590 πλησιαζόντων;
884 2521 994 2575 Kal
1012 2522 1180 2575 δεινὸν
1205 2523 1378 2595 ἄωρος
1395 2523 1640 2595 θερισμὸς

1810 2533 1934 2592 tque
1964 2524 2176 2579 horreis
2205 2526 2740 2597 appropinquarent?
2776 2525 2982 2582 Acerba
3027 2540 3137 2593 res,
3187 2541 3326 2594 prae-

117 2613 194 2664 καὶ
223 2613 462 2682 γεωργοὶ
501 2615 619 2675 τοῖς
667 2613 850 2676 πόνοις
872 2610 1377 2682 ὲπιστυγνάζοντες,
1410 2617 1504 2668 καὶ
1563 2611 1638 2669 οἷο

1804 2623 1986 2669 natura
2042 2615 2265 2681 messis,
2327 2625 2379 2672 et
2443 2617 2691 2686 agricola:
2743 2616 2960 2672 labores
3006 2632 3132 2671 suos
3181 2617 3325 2672 luctu

117 2707 306 2775 νεκροῖς
329 2704 445 2775 (52)
487 2703 940 2776 παρακαθήμενοι
966 2709 1076 2768 τοῖς
1095 2709 1441 2778 γεννήμασιν,
1461 2706 1497 2761 ἃ.
1519 2709 1638 2761 ὑετὸ

1804 2719 2208 2779 ιιοεοιιιιειιιεε,
2258 2725 2321 2765 ac
2369 2698 2742 2780 gerininibus,
2796 2719 3048 2779 tanquam
3095 2709 3325 2764 mortuis

114 2796 380 2868 ἐξέθρεψεν
434 2796 672 2866 ἥμερος,
719 2797 812 2850 καὶ
853 2796 1043 2868 ἄγριος
1073 2796 1395 2871 ὲξεθέρισεν·
1447 2795 1521 2854 ὧν
1571 2802 1631 2854 οὐ

1809 2800 2101 2866 ssidentes,
2137 2816 2258 2870 qua:
2294 2801 2440 2856 mitis
2468 2800 2642 2856 imber
2684 2799 2838 2864 aluit,
2867 2815 2930 2856 ac
2955 2800 3104 2856 ferus
3134 2810 3188 2854 et
3218 2797 3327 2854 im-'

113 2887 377 2957 ἐπλήρωσε
399 2887 506 2957 τὴν
531 2891 690 2960 χεῖρα
718 2887 880 2941 αὑτοῦ
916 2891 945 2941 6
984 2889 1232 2960 θερίζων,
1258 2892 1352 2944 καὶ
1373 2893 1464 2945 τὸν
1478 2893 1634 2947 κόλπε

1807 2890 1948 2945 tanis
1996 2890 2322 2956 demessuit;
2376 2891 2570 2960 quibus
2631 2907 2738 2948 non
2807 2892 3049 2961 implevit
3110 2907 3328 2946 manum

109 2977 253 3031 αὐτοῦ
284 2978 313 3030 ὁ
350 2977 423 3032 τὰ
460 2978 758 3051 δράγματα
801 2980 1094 3050 συλλέγωνο
1132 2983 1254 3036 οὐδὲ
1294 2985 1392 3055 τῆς
1427 2985 1630 3054 εὐλογία

1806 2995 1926 3033 nam
1953 2981 2042 3050 qui
2075 2983 2247 3048 metit,
2277 2991 2330 3036 et
2356 2983 2532 3037 sinum
2567 2971 2720 3038 suum
2750 2986 2838 3053 qui
2876 2983 3177 3054 manipulos
3205 2984 3324 3038 col-

111 3069 182 3120 ἐπ’
217 3071 402 3133 αὐτοῖς
450 3070 673 3141 ἔτυχεν,
708 3071 778 3142 ἢν
808 3073 1119 3144 χαρίζονται
1159 3079 1423 3145 γεωργοῖς
1456 3078 1504 3131 οί
1538 3096 1632 3149 πα(

1803 3071 1964 3141 igit';
2005 3088 2105 3128 nec
2149 3084 2433 3143 propterea
2482 3075 2910 3131 benedictionem
2955 3091 3096 3142 eam,
3138 3091 3324 3146 quam,

106 3162 335 3231 ἁγοντες.
373 3161 488 3216 Kal
526 3163 710 3234 θέαμα
742 3164 992 3228 ἐλεεινὸν,
1023 3165 1092 3244 γῆ
1123 3166 1553 3239 καθυϐρισμένη,
1585 3187 1627 3222 κέ

1808 3163 1870 3231 ιιιί
1915 3172 2258 3233 prazterennt,
2295 3165 2545 3234 agricolis
2587 3166 2863 3236 impertire
2907 3167 3104 3232 solent,
3139 3181 3329 3222 conse-

106 3255 539 3327 ἀποκειραμένη,
574 3256 668 3310 καὶ
703 3257 792 3310 τὸν
843 3257 1040 3327 ἑαυτῆς
1072 3258 1274 3330 κόσμον
1306 3261 1406 3314 οὐκ
1457 3260 1627 3331 ἔχουσι

1806 3265 1935 3310 :utus
1955 3265 2056 3310 est.
2075 3255 2326 3311 Miserum
2357 3258 2744 3327 spectaculum,
2769 3267 2909 3314 terra
2934 3259 3086 3316 clade
3118 3257 3327 3326 affecta,

109 3347 163 3398 ⁸0
188 3346 380 3419 θρηνεῖ
417 3348 530 3419 μὲν
567 3351 596 3402 6
645 3349 910 3419 μακάριος
943 3349 1115 3418 Ἰωήλ,
1160 3351 1264 3422 γῆς
1308 3353 1630 3424 καταφθοράε

1813 3345 2104 3412 tdelonsa,
2141 3359 2344 3415 suoque
2375 3359 2566 3402 ornatu
2619 3349 2865 3418 spoliata.
2921 3349 3070 3416 Quod
3116 3360 3170 3404 et
3205 3350 3331 3404 bea-

103 3438 183 3490 καὶ
215 3438 375 3509 λιμοῦ
415 3439 686 3509 βάσανον,
722 3441 770 3492 εί
810 3439 900 3492 καί
925 3455 1009 3502 τις
1031 3439 1206 3504 ἄλλος,
1239 3442 1624 3514 ὲκτραγῳδήσα

1812 3453 1868 3493 us
1889 3435 2003 3492 Joel
2042 3436 2346 3506 deplorat’,
2377 3449 2538 3493 cantu
2576 3439 2810 3510 lugubri,
2835 3449 2894 3495 ut
2924 3442 2969 3496 si
3015 3441 3134 3509 quis
3172 3441 3333 3506 alius,

103 3527 275 3602 θρηνεῖ
316 3531 376 3586 δὲ
443 3535 745 3603 προφήτης
803 3533 988 3604 ἕτερος
1018 3533 1152 3604 (55),
1202 3536 1268 3604 τῇ
1309 3535 1567 3606 πρότερον
1592 3553 1624 3588 ετ

1807 3542 1937 3582 errae
1961 3529 2356 3597 corruptionem
2381 3541 2433 3585 et
2459 3529 2617 3584 famis
2645 3531 2940 3586 cruciatum
2966 3547 3328 3603 exaggerans;

101 3621 285 3692 κοσμία
324 3622 436 3692 τὴν
470 3622 800 3699 τελευταίαν
823 3622 1091 3694 ἀκοσμίαν
1133 3625 1444 3690 ἀντιτιθεὶς,
1496 3628 1554 3681 ἐν
1600 3644 1622 3680 ο

1813 3629 1834 3674 ι
1863 3622 1988 3676 item
2033 3622 2171 3678 alter
2194 3627 2454 3693 propheta
2487 3623 2654 3694 luget,
2677 3625 2919 3695 pristinae
2949 3627 3334 3697 pulchritudini

100 3727 215 3778 φησι
261 3712 397 3782 περὶ
446 3713 635 3784 ὀργῆς
676 3713 878 3784 Κυρίου
929 3713 1328 3786 διαλεγόμενος,
1390 3717 1621 3790 θραύοντ

1815 3715 2138 3770 ιοειειίοι-ειιι
2171 3716 2567 3772 deformitatem
2610 3733 2902 3788 opponens,
2932 3735 3050 3773 cum
3081 3719 3336 3774 videlicet

98 3803 205 3871 γῆν.
257 3804 336 3858 η,
371 3805 740 3874 ἔμπροσθεν
794 3807 978 3861 αὑτοῦ
1023 3809 1380 3876 παράδεισος
1432 3812 1619 3881 τρυερῆ

1876 3807 2086 3863 Domini
2132 3810 2212 3863 ira
2252 3818 2452 3866 terram
2496 3811 2659 3884 305
2695 3813 3046 3882 percutientis
3072 3813 3146 3866 ita
3171 3812 3337 3866 verba
3374 3837 3381 3846 -

96 3894 183 3946 καὶ
212 3897 283 3950 τὰ
312 3896 597 3952 ὄπισθεν
625 3896 735 3968 (54)
761 3897 966 3952 πεδίον
991 3900 1352 3971 ἀφανισμοῦ.
1391 3904 1548 3958 Δεινὰ
1584 3923 1617 3976 μ

1812 3901 2005 3965 aciens,
2035 3903 2089 3956 in
2123 3902 2282 3970 hunc,
2315 3904 2529 3958 modum
2567 3905 2802 3974 loquitur
2833 3905 3148 3960 :Anteriora
3196 3904 3333 3974 ejus,

95 3984 147 4054 δὴ
172 3987 368 4050 ταῦτα,
407 3990 515 4042 καὶ
545 3989 696 4059 πέρα
743 3988 950 4054 δεινῶν,
979 3990 1088 4054 ’ἕως
1121 3993 1256 4062 μόνα
1290 3992 1449 4047 λυπεῖ
1473 3996 1539 4049 τὰ
1571 3997 1616 4067 ('5

1819 4003 1960 4047 ortus
1991 3994 2290 4062 voluptatis,
2323 3997 2616 4064 posteriora
2665 4005 2859 4062 autem,
2918 4012 3127 4064 campus
3167 4005 3337 4050 exter-

95 4079 350 4150 παρόντα,
405 4081 514 4134 καὶ
550 4079 710 4134 οῦπω
754 4082 1140 4154 χαλεπωτέρας
1177 4086 1304 4156 ἀνιᾷ
1348 4087 1560 4158 πληγῆς
1597 4107 1616 4143 c

1814 4087 2023 4142 rinii”.
2059 4085 2254 4142 Gravia
2304 4089 2519 4158 quidem
2572 4088 2686 4144 haec
2742 4098 2884 4156 sunt,
2937 4105 3000 4144 ac
3055 4088 3335 4159 plusquam

94 4167 291 4237 σθησιςη
325 4173 568 4243 ἐπειδὴ,
598 4173 846 4243 καθάπερ
877 4175 933 4226 ἐν
951 4177 1062 4238 τοῖς
1081 4177 1367 4246 νοσήμασι,
1395 4180 1456 4233 τὸ
1482 4180 1615 4234 λυπο

1810 4179 1992 4246 gravia,
2031 4179 2266 4247 quandiu
2297 4181 2579 4250 praesentia
2605 4180 2716 4236 sola
2755 4181 3058 4236 molestiam
3081 4179 3331 4246 afferunt,

93 4262 169 4313 ἀεὶ
195 4263 370 4328 πάθος
406 4264 516 4318 τοῦ
584 4265 660 4335 μὴ
693 4265 956 4336 παρόντος
1001 4267 1381 4341 ἀνιαρώτερον·
1410 4271 1608 4326 δεινότε

1814 4286 1886 4325 ςεε
1924 4271 2206 4327 atrocioris
2227 4272 2397 4343 plagae
2426 4288 2612 4327 sensus
2647 4285 2877 4326 mmrore
2905 4271 3076 4326 adhuc
3101 4272 3335 4325 animum

89 4352 126 4403 δ’
151 4354 228 4407 ἔτι
281 4358 515 4412 τούτων
553 4359 610 4410 οί
636 4357 734 4428 τῆς
757 4357 925 4429 ὀργῆς
951 4357 1044 4410 τοῦ
1078 4358 1211 4412 Θεοῦ
1248 4361 1508 4434 θησαυροὶ
1553 4382 1610 4416 πε

1807 4362 1996 4428 ιιιΙειιις
2037 4365 2487 4433 quandoquidem,
2517 4380 2619 4418 non
2651 4378 2806 4418 secus
2843 4374 3002 4432 atque
3027 4361 3081 4416 in
3107 4360 3328 4427 morbis,

92 4446 291 4510 ἑαυτοῖς
327 4449 706 4518 κατέχουσιν,
735 4442 808 4503 ὧν
841 4449 914 4521 μὴ
941 4449 1146 4518 γένοιτο
1183 4454 1372 4522 πεῖραν
1396 4453 1538 4523 ὑμᾶς
1573 4455 1613 4522 (Ξ

1813 4455 2068 4509 :alamitas
2109 4471 2346 4524 praesens
2379 4471 2592 4524 semper
2627 4454 2902 4509 molestior
2931 4463 3030 4518 est,
3058 4467 3217 4521 qnam
3251 4466 3334 4516 ea,

86 4535 275 4590 λαὸεῖν·
311 4541 449 4593 οὐδέ
484 4557 561 4608 γε
614 4539 844 4611 λήψεσθε
890 4542 1025 4611 πρὸς
1071 4542 1198 4606 τοὺς
1221 4544 1532 4616 οἰκτιρμοὺς
1588 4563 1607 4598 τ

1818 4561 1907 4615 μοι
1940 4547 2122 4615 procul
2170 4547 2342 4603 abest.
2375 4548 2445 4601 At
2481 4548 2564 4602 his
2617 4546 2790 4601 adhuc
2859 4546 3104 4615 graviora
3145 4545 3339 4598 divina!

87 4626 211 4681 Θεοῦ
245 4630 746 4700 καταφεύγοντες,
776 4632 977 4687 καὶτὸν
1005 4632 1230 4706 θελητὴν
1257 4635 1367 4706 (57)
1384 4635 1478 4690 τοῦ
1503 4639 1608 4692 sxa

1820 4655 1880 4693 rae
1927 4640 2166 4694 thesauri
2225 4641 2362 4709 apud
2423 4655 2484 4693 se
2533 4640 2810 4694 continent
2834 4639 2898 4702 “,
2947 4651 3066 4706 quae
3136 4636 3341 4690 utinam

83 4723 185 4784 τοῖς
211 4721 506 4795 δάκρυσιν
545 4723 822 4788 ἕλκοντες,
849 4725 942 4777 καὶ
971 4723 1031 4776 τὸ
1077 4725 1204 4795 ἑξῆς
1233 4727 1330 4796 τῆς
1371 4729 1540 4800 ὀργῆς
1597 4732 1604 4778 ἐ

1826 4730 1945 4785 obis
1984 4730 2218 4800 experiri
2257 4730 2477 4784 minime
2527 4729 2801 4790 contingat
2827 4739 3137 4792 :.nec°vero
3181 4741 3344 4796 expe-

85 4811 172 4880 τῆς
199 4815 575 4886 ἐπιστροφῆς
610 4815 1057 4886 ἀποστρέφοντες.
1078 4817 1196 4869 Ἔτι
1235 4818 1475 4891 πραότης
1492 4822 1606 4877 ταῦ·

1819 4822 2031 4889 ’ἱειιιίοῇ
2083 4823 2240 4877 modo
2295 4824 2362 4878 ad
2413 4821 2509 4877 Dei
2567 4823 2940 4878 miserationes
2999 4821 3340 4892 confugiatis,

80 4904 166 4956 καὶ
193 4905 644 4978 φιλανθρωπία,
671 4905 765 4958 καὶ
793 4906 1072 4972 παίδευσις
1097 4908 1320 4981 ἥμερος,
1339 4913 1432 4966 καὶ
1451 4929 1598 4986 στοιχ

1824 4930 2046 4985 umque,
2083 4915 2179 4984 qui
2218 4914 2330 4968 vult
2377 4913 2796 4969 misericordiam
2821 4914 2888 4980 ³’,
2921 4913 3172 4984 Iacrymis
3223 4927 3345 4982 per-

175 5062 376 5141 fPSal.
408 5081 670 5141 Lxxvgt,
710 5065 826 5141 l2.”
874 5067 909 5141 ξ
937 5066 1070 5122 Gen.
1101 5084 1189 5133 xv,
1228 5071 1314 5126 16.
1393 5073 1412 5102 ⁷
1451 5073 1466 5126 l
1503 5073 1645 5127 Pelr.
1679 5090 1731 5139 v,
1755 5073 1810 5128 6.
1897 5074 1920 5106 ⁸
1957 5073 2094 5129 Psal.
2126 5087 2352 5140 cxxvm,
2379 5073 2434 5127 7.
2525 5074 2547 5104 ⁹
2569 5070 2680 5125 .loel
2709 5086 2748 5136 ι,
2783 5069 2871 5124 l0.
2970 5070 3013 5101 ‘°
3042 5069 3166 5141 Jocl
3195 5085 3258 5137 ιι,
3290 5068 3343 5122 5.

81 5135 117 5164 ²¹
150 5133 314 5190 Deut.
342 5152 550 5199 xxx",
588 5135 679 5188 54.
789 5138 831 5168 ¹’
865 5135 988 5192 Ose.
1020 5154 1094 5197 γι.
1126 5140 1179 5194 6.

201 5277 276 5350 7)ᾼ
302 5276 668 5348 Ὺιτεράνω.
703 5277 794 5333 Sic
836 5287 947 5334 tres
975 5278 1141 5350 Regg.
1175 5275 1233 5332 ln
1259 5277 1419 5332 editis
1447 5275 1682 5340 divisim,

1355 5277 1419 5331 tis
1447 5275 1682 5340 divisim,
1863 5275 1973 5350 @g)
2001 5275 2266 5350 gsxpozc.
2293 5275 2425 5350 Reg.
2457 5275 2527 5346 ph
2553 5237 2719 5350 adjit.
2747 5293 2876 5350 τισι.

77 5276 668 5419 ὐπῇᾎὶκξξτεράνω.
703 5277 794 5333 Sic
836 5287 947 5334 tres
975 5278 1141 5350 Regg.
1175 5276 1233 5332 ln
1259 5277 1419 5332 editis
1447 5276 1598 5330 divisi

1861 5276 1973 5416 {52)
2001 5276 2266 5344 Νεκροῖς.
2293 5276 2425 5345 Reg.
2457 5276 2527 5346 ph
2553 5277 2719 5336 addit.
2747 5293 2877 5331 τισι.

1863 5345 1972 5419 *55)
1999 5347 2250 5419 Έτερος.
2304 5347 2558 5419 r___Alter._r
2597 5347 2777 5410 Forte,
2799 5346 3042 5419 ίὲτέρως,
3075 5367 3096 5402 ι
3119 5349 3301 5413 aliter;
3323 5367 3343 5403 ι

589 5415 689 5490 _Sic
713 5416 892 5490 plures
920 5417 1077 5490 codd.
1107 5417 1272 5490 Deest
1291 5416 1347 5490 in
1362 5415 1460 5490 ed.
1492 5484 1503 5490 _

1861 5364 1972 5416 (oo)
2019 5364 2250 5414 ntepoc.
2304 5364 2512 5428 «alter.
2539 5365 2558 5398 ι
2597 5364 2777 5410 [οι-ω,
2823 5364 3042 5419 ετερως,
3075 5364 3344 5429 (autem

1827 5416 1902 5490 el,
1947 5415 2193 5490 ἑτέρωθι,
2237 5416 2472 5472 «abbr.»
2515 5417 2648 5472 Nam
2700 5418 2862 5473 verba
2929 5429 3054 5474 sunt
3110 5419 3347 5486 ejusdem

137 5483 252 5560 (29)
290 5483 766 5560 Ἐίιπεᾳόνταζκ
824 5486 1011 5542 Comb.
1057 5488 1220 5551 addit,
1249 5486 1277 5539 ὃ
1325 5487 1390 5558 δὴ
1447 5484 1658 5552 λέγεται

560 5483 766 5552 ὄντας.
824 5486 1011 5542 Comb.
1057 5486 1277 5551 addit,6
1325 5487 1390 5558 δὴ
1447 5484 1683 5552 λέγεται,
1791 5483 2081 5560 Joel_.t_t,3.

79 5573 96 5604 ι
116 5553 259 5622 quod
287 5553 406 5612 dici
440 5558 633 5611 solet.
663 5575 680 5606 ι
1377 5553 1389 5558 ’

1874 5553 1986 5624 (54)
2021 5556 2130 5609 Kal
2151 5557 2223 5610 τὰ
2253 5556 2519 5612 ὄπισθεν.
2551 5557 2714 5613 Coisl.
2750 5559 2804 5622 1,
2833 5561 2923 5612 καὶ
2953 5560 3001 5613 τ’
3037 5560 3226 5614 ὀπίσω.

135 5626 248 5698 (50)
298 5627 617 5683 Τοιοῦτο.
662 5626 749 5680 Sic
769 5625 934 5681 Coisl.
970 5625 1021 5689 l,
1057 5635 1110 5680 et
1141 5625 1264 5678 Par.
1299 5636 1352 5679 In
1374 5627 1484 5688 ed.,
1514 5625 1656 5677 τοιοῦ

1384 5627 1484 5688 ed.,
1514 5625 1690 5677 τοιοῦ-
1873 5628 1984 5694 (55)
2018 5626 2246 5698 ίΤάεδίο
2269 5628 2397 5697 Reg.
2415 5627 2525 5698 ‘ph.
2559 5627 2713 5682 Deest
2746 5629 2796 5682 in
2823 5630 2905 5684 ed.

65 5713 169 5749 τον.
228 5695 236 5698 ⁷
555 5764 570 5768 _
785 5765 796 5768 Α
973 5767 976 5768 ν
1083 5766 1092 5768 4

1677 5766 1686 5768 _
1873 5697 1984 5768 (56)
2015 5695 2203 5768 Ὑμᾶς.
2237 5695 2391 5768 Deest
2415 5695 2466 5750 l’n
2500 5699 2758 5767 pluribus.

135 5768 424 5844 l3l)_Kal
480 5764 591 5836 μὴ
765 5765 1181 5844 ἀναισθησίας.
1237 5764 1436 5829 Billius,
1486 5782 1592 5823 «ne
1625 5781 1652 5819 a

1495 5782 1592 5823 ine
1625 5766 1690 5821 ad
1875 5764 1985 5840 (37)
2021 5764 2129 5822 Τὸν
2159 5766 2439 5838 θελητήν.
2461 5764 2552 5826 0r.
2579 5769 2634 5835 2,
2660 5771 2749 5826 τὸν
2781 5771 3016 5844 τελέτην.

66 5836 200 5896 hanc
227 5836 754 5910 obstupescentes,
783 5837 1034 5906 majorem
1070 5851 1427 5893 accersamus.
1452 5855 1471 5887 ι
