3892 6512
571 428 673 483 945

1749 419 1807 473 S.
1848 418 2170 485 CREGONI
2212 416 2551 473 TllEOLOGl

3671 426 3763 479 9H

571 538 815 605 trahatis,
861 552 923 593 ac
962 550 1058 608 per
1103 549 1310 589 morum
1350 531 1799 599 emendationem,
1859 535 2110 603 quidquid

2237 534 2426 606 πληγῆς
2460 534 2594 605 (58),
2626 534 2924 603 νηπιότητα
2953 534 3419 604 παιδαγωγοὼης·
3453 536 3534 588 ἔτι
3574 539 3769 601 καπνὸς

515 632 519 635 ’
568 631 824 699 deincrps
859 628 949 682 ira;
981 626 1239 695 sequitur,
1289 624 1561 679 avertatis.
1608 623 1796 678 Adhuc
1836 624 2029 680 lenitas
2061 634 2113 680 et

569 720 870 790 benignitas
922 719 1035 772 hate
1079 726 1224 780 sunt,
1258 722 1309 769 et
1361 715 1552 769 hlanda
1602 715 1900 783 castigatio,
1930 715 2115 785 plaga-

516 866 522 873 ,
569 825 794 877 rumque
826 809 1108 869 elementa,
1138 821 1255 875 quae
1282 804 1538 875 puerilem
1579 813 1789 858 aetatem
1814 815 2063 858 coercent
2100 820 2109 852 :

571 902 742 954 adhuc
774 902 866 953 irae
896 899 1149 961 fumus”,
1177 907 1565 951 tormentorum
1596 896 1906 963 przeludium
1937 914 1951 950 :
1983 913 2116 949 non-

569 992 695 1048 dum
731 1000 910 1044 autem
946 989 1085 1059 ignis
1120 988 1437 1043 comburens
1460 987 1525 1053 η’,
1565 986 1666 1041 hoc
1711 996 1812 1051 est,
1853 987 2115 1039 acerrima

568 1084 889 1149 commotio;
922 1096 1017 1135 nec
1041 1080 1281 1137 succensi
1316 1080 1575 1133 carbones
1599 1079 1666 1143 ¹⁸,
1712 1078 1761 1131 id
1788 1087 1890 1141 est,
1919 1077 2120 1131 ultima:

569 1184 749 1244 partes
779 1172 1047 1241 supplicii,
1077 1171 1224 1239 quod
1251 1171 1445 1240 partim
1474 1170 1836 1224 comminatus
1862 1177 1965 1234 est,
1998 1184 2122 1238 par-

573 1264 665 1317 tim
698 1262 994 1324 intentavit,
1022 1259 1216 1329 partim
1263 1259 1315 1311 vi
1348 1258 1697 1328 compressit,
1729 1258 1925 1326 partim
1961 1260 2120 1312 etiam

573 1353 811 1414 induxit;
866 1366 1015 1419 aeque
1066 1350 1343 1413 nimirum,
1405 1360 1459 1401 et
1518 1363 1612 1417 per
1675 1349 1904 1417 plagam,
1944 1357 1995 1403 et
2027 1364 2123 1418 per

572 1443 1039 1499 cennninationem
1099 1456 1196 1496 nos
1252 1441 1540 1506 erudiens,
1598 1454 1659 1493 ac
1695 1454 1790 1509 pro
1818 1440 2113 1496 incredibili

575 1540 799 1609 quatiam
854 1536 1113 1591 bonitatis
1193 1536 1579 1605 magnitudine,
1641 1535 1847 1589 semitae
1907 1536 2001 1590 ira:
2054 1552 2163 1591 sua:
2218 1544 2356 1592 viam
2395 1540 2698 1594 sternens"

2214 626 2399 697 ὀργῆς,
2441 625 2685 693 βασάνων
2719 625 3019 695 προοίμιον·
3052 625 3203 679 οὔπω
3246 626 3302 679 δὲ
3351 627 3461 697 πῦρ
3505 628 3771 695 καταιρλε-

2214 717 2437 786 γόμενον
2470 718 2600 783 ('59),
2634 718 2665 787 ή
2711 716 2861 787 ἀκμὴ
2910 716 3022 785 (40)
3065 717 3165 785 τῆς
3205 718 3487 786 κινήσεωςο
3544 719 3650 769 οὐδ’
3692 721 3773 771 ᾶν-

2216 807 2415 877 θρακες
2447 809 2822 879 ἀναπτόμενοι,
2865 809 2931 862 τὰ
2969 808 3247 863 τελευταῖα
3271 814 3369 880 τῆς
3406 813 3688 880 μάστιγος·
3715 810 3773 880 ἧς

2214 900 2275 952 τὸ
2306 901 2400 970 μὲν
2430 900 2788 969 ﬁnali-1105,10
2817 900 2860 952 δ’
2887 902 3213 966 ἁνετείνατο,
3239 902 3297 953 τὸ
3319 902 3370 953 δὲ
3403 901 3491 971 βίᾳ
3527 903 3771 969 κατέσχε,

2216 989 2277 1042 τὸ
2307 990 2361 1041 δὲ
2394 990 2689 1060 ἐπήγαγεν·
2716 992 2915 1062 ὁμοίως
2949 992 3042 1045 καὶ
3081 995 3144 1062 τῇ
3184 992 3361 1062 πληγῇ
3392 978 3663 1044 meam
3696 993 3776 1043 καὶ

2218 1082 2281 1150 τῇ
2326 1081 2542 1151 ἀπειλῇ,
2578 1082 2669 1133 καὶ
2698 1081 2952 1135 ὁδοποιῶν
2986 1080 3094 1149 (41)
3116 1082 3299 1151 τρίϐον
3323 1086 3385 1151 τῇ
3424 1084 3561 1152 ὀργῇ
3592 1080 3775 1142 αὑτοῦ,

2218 1171 2283 1224 δι’
2313 1172 2614 1243 ὑπερϐολὴν
2656 1172 3005 1244 ἁγαοότητοςο
3040 1173 3147 1239 ἀπὸ
3190 1173 3283 1241 μὲν
3324 1174 3430 1225 τῶν
3483 1162 3777 1224 ἐλαττόνων

2221 1260 2536 1331 ἀρχόμενος,
2602 1261 2740 1315 ὥστε

2221 1352 2485 1404 παιδεύων
2522 1354 2577 1405 δὲ
2631 1353 2722 1406 καὶ
2771 1356 2881 1415 τοῖς
2918 1354 3175 1424 μείζοσιν,
3212 1357 3259 1407 ει
3293 1356 3427 1427 πρὸς
3472 1354 3646 1407 ταῦτα
3697 1357 3779 1407 ἐκ·

2814 1264 2885 1332 μὴ
2932 1264 3182 1334 δεηθῆναι
3235 1265 3339 1316 τῶν
3387 1264 3775 1333 σφώροτέρων·

2223 1443 2486 1516 ϐιασθείη.

2740 1558 2756 1595 ι
2806 1556 2836 1593 a
2881 1540 3179 1594 minoribus
3234 1540 3448 1608 quidem
3496 1540 3777 1609 incipiens,

578 1650 645 1689 ne
686 1632 1046 1702 asperioribus
1091 1631 1164 1684 uti
1211 1644 1431 1685 necesse
1478 1629 1705 1695 habeat;
1738 1636 1989 1684 czeterum
2017 1646 2111 1700 per
2131 1633 2332 1703 majora
2368 1634 2530 1688 etiam
2567 1636 2837 1701 erudiens,
2882 1636 2923 1688 si
2951 1637 3016 1688 ad
3040 1651 3102 1689 ea
3136 1636 3403 1705 adigatur.

648 1726 754 1784 VII.
813 1728 936 1781 Scio
1000 1726 1352 1795 relulgentem
1427 1724 1715 1789 frameam,
1763 1734 1817 1779 et
1884 1725 2121 1797 gladium

2292 1732 2365 1785 Z'.
2424 1716 2974 1801 Οἷδα-ἒτιλϐουμένην
3026 1730 3315 1800 ῥομφαίαν,
3352 1730 3445 1780 καὶ
3481 1727 3781 1798 μεθύουσαν

574 1821 780 1876 ebrium
821 1820 875 1872 in
907 1817 1061 1883 ccelo,
1093 1819 1183 1887 qui
1209 1816 1479 1887 jugulare,
1512 1816 1565 1869 in
1596 1816 1820 1870 nihilum
1852 1818 2115 1887 redigere,

574 1913 757 1969 liberis
788 1912 1001 1975 orbare,
1052 1925 1115 1963 ac
1166 1924 1233 1963 ne
1292 1909 1441 1963 carni
1500 1908 1738 1977 quidem,
1775 1918 1828 1963 et
1879 1910 2123 1966 medullis

577 2012 738 2071 atque
784 2001 993 2055 ossibus
1050 2015 1273 2070 parcere
1326 2001 1627 2070 iubetur”.
1678 2000 1803 2055 Scio
1853 2016 1997 2068 eum,
2033 2005 2123 2072 qui

577 2093 980 2163 perturbatione
1019 2093 1162 2148 omni
1190 2100 1365 2157 vacat,
1398 2107 1536 2145 ursa:
1582 2091 1726 2147 fame
1753 2093 2036 2160 laboranti,
2064 2109 2126 2148 ac

576 2189 744 2258 pardo
790 2186 1036 2249 similem,
1087 2186 1140 2239 in
1196 2185 1545 2256 Assyriorum
1597 2186 1683 2239 via
1732 2200 2022 2240 occurrere
2042 2187 2121 2251 ¹⁸;

578 2296 680 2335 non
740 2294 923 2334 eorum
992 2288 1195 2333 tantum
1263 2279 1353 2347 qui
1413 2286 1527 2331 tum
1588 2288 1763 2343 erant,
1801 2280 1894 2334 sed
1939 2295 2125 2335 eorum

576 2375 736 2429 etiam
789 2371 879 2441 qui
924 2372 1047 2425 vita:
1092 2370 1435 2438 improbitate
1479 2370 1753 2439 Assyrium
1809 2385 1950 2425 nunc
1987 2371 2127 2425 refe-

577 2473 735 2530 runt;
788 2478 888 2517 nec
953 2462 1046 2516 irae
1091 2462 1257 2531 ipsius
1291 2462 1397 2514 vim
1454 2470 1508 2515 et
1557 2461 1888 2515 celeritatem
1941 2460 2128 2531 fugere

577 2557 827 2625 cuiquam
853 2555 1038 2621 licere,
1068 2569 1188 2608 cum
1220 2552 1283 2605 ad
1313 2552 1472 2621 impia
1499 2562 1680 2606 nostra
1725 2552 1967 2607 facinora
1996 2554 2129 2622 vigi-

578 2648 790 2711 laverit,
844 2660 907 2701 ac
956 2645 1119 2710 zelus,
1156 2644 1244 2714 qui
1283 2643 1621 2697 adversarios
1664 2644 1922 2698 devorare
1957 2644 2125 2708 novit,

580 2738 749 2807 ipsius
782 2738 962 2791 hostes
990 2745 1299 2805 persecutus
1328 2735 1508 2790 fuerit.
1540 2733 1663 2789 Scio
1694 2736 2123 2800 concussionem,

573 2838 636 2884 et
669 2827 1060 2891 excussionem,
1092 2832 1145 2880 et
1171 2824 1561 2892 cbullitionem,
1592 2824 1877 2893 cordisque
1910 2824 2127 2879 confra-

581 2920 835 2982 ctiouem,
880 2934 943 2972 ac
979 2932 1209 2987 genuum
1264 2916 1665 2970 dissolutionem
1690 2918 1753 2982 ‘9,
1786 2928 1947 2984 atque
1978 2918 2123 2985 ejus-

582 3010 722 3065 modi
752 3010 1028 3079 supplicia,
1065 3008 1257 3076 quibus
1288 3008 1573 3077 impiorum
1616 3007 1817 3061 scelera
1849 3009 2127 3063 vindican-

2226 1821 2495 1893 μάχαιραν
2551 1823 2607 1874 ὲν
2638 1821 2714 1891 τῷ
2741 1820 2974 1892 οὐρανῷ,
3016 1820 3259 1887 σφάζειν,
3291 1818 3587 1884 ἑξουθενείν
3652 1819 3780 1885 (42),

2222 1912 2476 1968 ἀτεκνοῦν
2494 1912 2872 1983 κελευομένην,
2897 1912 2998 1973 ἕως
3022 1910 3130 1979 (45)
3157 1909 3392 1981 σαρκῶν,
3428 1909 3521 1961 καὶ
3551 1909 3778 1979 μυελῶν,

2224 2005 2316 2057 καὶ
2348 2004 2545 2056 ὀστέων
2581 2004 2654 2074 μὴ
2698 2002 2989 2071 φείδεσθαι.
3036 1999 3184 2065 Οἶδα,
3220 2003 3293 2065 ὡς
3324 2002 3521 2071 ἄρκτον
3553 2002 3782 2071 ἀπορου-

2228 2094 2391 2164 μένην
2428 2094 2556 2163 (44),
2593 2093 2683 2146 τὸν
2717 2093 2921 2164 ἀπαθῆ,
2948 2094 3037 2145 καὶ
3064 2093 3135 2156 ὼς
3173 2093 3430 2163 πάρδαλιν
3458 2092 3781 2145 ἀπαντῶντα

2226 2188 2364 2240 κατὰ
2390 2188 2485 2259 τὴν
2512 2188 2627 2240 ὁδδν
2684 2187 3001 2257 Ἀσσυρίων,
3030 2188 3090 2238 οὐ
3113 2186 3218 2238 τῶν
3252 2186 3373 2237 τότε
3425 2184 3603 2255 μόνον,
3658 2185 3781 2237 ἀλλὰ

2226 2280 2318 2332 καὶ
2339 2280 2389 2332 εἴ
2409 2297 2491 2343 τις
2518 2280 2611 2333 νῦν
2640 2279 2748 2349 (45)
2788 2280 2882 2349 τὴν
2940 2279 3136 2331 κακίαν
3204 2279 3502 2349 Ἀσσύριοςο
3542 2276 3643 2330 καὶ
3691 2278 3781 2329 οὐκ

2226 2371 2341 2424 ἐνὸν
2391 2375 2578 2439 φυγεῖν
2613 2371 2672 2423 τὸ
2724 2372 2922 2441 κράτος
2976 2372 3073 2441 τῆς
3127 2372 3296 2442 ὀργῆς
3353 2370 3516 2424 αὐτοῦ
3574 2371 3675 2424 καὶ
3729 2370 3783 2420 τδ

2225 2462 2405 2532 τάχος,
2428 2463 2555 2515 ὅταν
2584 2464 2900 2534 γρηγορήση
2928 2462 3020 2514 ὲπ).
3039 2461 3107 2514 τὰ
3133 2463 3451 2533 ἀσεϐήματα
3486 2462 3671 2533 ἡμῶν,
3695 2463 3783 2514 καὶ

2226 2554 2350 2613 τοὺς
2376 2550 2600 2621 ἐχθροὺς
2626 2552 2787 2604 αὐτοῦ
2838 2551 3143 2623 καταδιώκη
3182 2551 3357 2623 ζῆλος,
3400 2553 3596 2609 ἐσθίειν
3634 2554 3782 2616 εἰδὼς

2226 2644 2349 2705 τοὺς
2372 2644 2737 2707 ὑπεναντίους.
2768 2640 2895 2697 Οἶδα
2920 2646 3262 2715 ὲκτιναγμδν,
3290 2648 3381 2699 καὶ
3396 2646 3779 2715 ἁνατιναγμὺν,

2227 2735 2319 2786 καὶ
2356 2733 2614 2805 βρασμὸν,
2650 2736 2741 2787 καὶ
2790 2736 3015 2805 καρδίας
3043 2737 3338 2807 θραυσμδν,
3363 2740 3454 2791 καὶ
3479 2738 3780 2810 παράλυσιν

2227 2828 2483 2894 γονάτων,
2515 2828 2608 2881 καὶ
2636 2826 2855 2881 τοιαῦτα
2882 2830 3009 2881 ὄντα
3049 2829 3116 2881 τὰ
3147 2830 3253 2881 τῶν
3280 2830 3487 2882 ἀσεϐῶν
3514 2830 3778 2899 ἐπιτίμιαο

2228 2920 2301 2974 ὲῶ
2334 2920 2439 2992 γὰρ
2464 2922 2638 2990 λέγειν
2663 2921 2729 2975 τὰ
2759 2922 2963 2975 ἐκεῖθεν
2980 2923 3352 2994 δικαιωτήρια,
3381 2918 3460 2985 οἷς
3486 2926 3517 2992 ἡ
3552 2923 3779 2976 ἐνταῦθα

2230 3010 2393 3079 φειδὼ
2426 3013 2807 3082 παραδίδωσιν,
2832 3014 2906 3075 ὡς
2936 3013 3139 3083 βέλτιον
3162 3010 3406 3066 εἶναινῦν
3434 3014 3781 3081 παιδευθῆναι

583 3113 687 3159 tur.
714 3104 863 3157 Mitto
890 3103 1031 3157 enim
1064 3102 1242 3156 dicere
1289 3098 1481 3154 futurae
1512 3100 1635 3154 vitae
1668 3100 1975 3167 tribunalia,
2010 3100 2126 3169 qui-

2237 3104 2322 3156 καὶ
2372 3104 2728 3182 καθαρθῆναι,
2764 3105 2797 3176 ἢ
2836 3108 2898 3175 τῇ
2934 3105 3042 3175 (46)
3076 3105 3284 3158 ἐκεῖθεν
3341 3104 3557 3174 βασάνῳ
3610 3121 3781 3171 παρα-

580 3196 680 3251 bus
712 3194 931 3263 hujusce
961 3196 1082 3249 vita:
1114 3191 1444 3262 indulgentia
1480 3198 1535 3246 et
1582 3190 1874 3259 impunitas
1902 3204 1995 3244 eos
2020 3197 2131 3243 tra—

583 3293 691 3355 dit;
741 3292 812 3344 ita
864 3300 919 3342 ut
966 3290 1134 3343 satius
1195 3288 1264 3343 sit
1311 3301 1453 3341 nunc
1511 3285 1763 3354 castigari
1794 3301 1858 3340 ac
1887 3285 2124 3355 purgari,

581 3398 740 3452 quam
791 3381 856 3435 ad
910 3382 1205 3434 cruciatum
1252 3378 1399 3433 illum
1440 3376 1599 3447 305
1652 3377 1968 3441 transmitti,
2004 3392 2123 3431 cum

579 3475 687 3544 jam
730 3487 897 3541 ptena:
956 3480 1163 3540 tempus
1211 3472 1334 3533 erit,
1367 3484 1471 3523 nou
1523 3468 1882 3537 purgationis.
1936 3468 2132 3533 Quem-

583 3561 868 3618 admodum
916 3561 1080 3624 enim,
1107 3568 1163 3613 ut
1191 3574 1220 3611 a
1260 3557 1461 3611 Davide
1490 3557 1690 3626 optime
1717 3558 1918 3611 dictum
1950 3565 2035 3610 est
2056 3556 2125 3619 ὀ,

582 3665 754 3709 morte
785 3654 1029 3723 superior
1058 3663 1162 3718 est,
1194 3652 1284 3720 qui
1312 3651 1399 3705 hic
1422 3650 1512 3704 Dei
1540 3665 1744 3704 memor
1770 3660 1875 3715 est,
1914 3650 1985 3703 ita
2019 3664 2125 3703 non

583 3755 665 3801 est
695 3747 921 3801 mortuis
964 3746 1015 3798 iu
1051 3744 1260 3798 inferno
1303 3742 1593 3809 confessio,
1625 3757 1722 3797 nec
1760 3757 1972 3796 morum
2004 3756 2130 3795 cor-

584 3839 770 3893 rectio.
805 3836 900 3891 ilic
946 3836 1088 3891 enim
1128 3822 1267 3889 Deus
1304 3834 1466 3904 vitam
1498 3844 1551 3888 et
1574 3833 1861 3901 actionem,
1899 3832 2009 3888 illic
2044 3847 2134 3886 au-

582 3942 687 3986 tem
720 3946 895 3985 rerum
923 3939 1189 3998 gestarum
1222 3941 1504 3981 censuram
1532 3926 1816 3980 conclusit.

651 4022 782 4077 V’lll.
842 4022 980 4086 Quid
1031 4020 1280 4087 faciemus
1332 4020 1385 4072 in
1433 4018 1519 4071 die
1573 4017 1981 4082 inductionia“,
2027 4031 2133 4085 qua

583 4124 749 4169 terret
786 4129 869 4167 me
896 4112 1113 4181 quidam
1134 4110 1540 4179 prophetarum,
1565 4111 1677 4162 sive
1707 4124 1826 4163 cum
1854 4108 2131 4162 nohiscum

586 4204 723 4257 Deus
751 4202 949 4269 judicia
983 4202 1249 4271 loquetur,
1274 4200 1386 4253 sive
1428 4199 1479 4253 in
1509 4198 1779 4252 montibus
1806 4206 1859 4251 et
1884 4196 2131 4262 collibus,

584 4294 1038 4367 quemadmodum
1063 4292 1384 4356 audivimus.
1413 4291 1526 4345 sive
1557 4303 1887 4359 quaecunque
1918 4288 2132 4342 tandem

586 4388 693 4450 illa,
727 4397 780 4440 et
812 4398 1133 4454 quocunque
1165 4382 1281 4437 loco
1318 4381 1499 4436 futura
1537 4382 1626 4447 sit,
1661 4396 1783 4435 cum
1828 4395 1925 4436 nos
1977 4394 2132 4434 coar-

2233 3195 2562 3266 πεμφθῆναι,
2611 3196 2767 3267 ἡνίκα
2800 3196 3069 3259 κολάσεως
3119 3197 3325 3267 καιρὸς,
3348 3197 3407 3248 οὔ
3443 3195 3777 3265 καθάρσεως.

2236 3289 2442 3360 Ὠσπερ
2505 3288 2612 3359 γὰρ
2668 3288 2895 3341 θανάτου
2956 3289 3214 3359 κρείττων
3286 3289 3315 3339 ὁ
3365 3287 3593 3340 ἐνταῦθα
3652 3287 3778 3339 Θεοῦ

2236 3378 2603 3449 μνημονεύων,
2655 3380 2747 3431 καὶ
2800 3378 3056 3431 κάλλιστα
3104 3378 3181 3448 τῷ
3224 3378 3351 3449 Θείῳ
3412 3377 3575 3431 Δαϐὶδ
3629 3377 3781 3429 τοῦτο

2233 3470 2676 3541 πεφιλοσόφηται·
2708 3470 2877 3533 οὕτως
2917 3472 3015 3523 οὐκ
3059 3472 3203 3522 ἔστιν
3230 3472 3287 3524 ὲν
3348 3470 3447 3543 ᾄδῃ
3486 3473 3598 3533 τοῖς
3623 3469 3782 3522 ἀττελ-

2235 3562 2414 3616 θοῦσιν
2439 3560 2819 3633 ἐξομολόγησις
2860 3564 2951 3616 καὶ
2986 3563 3284 3633 διόρθωσις.
3318 3562 3630 3616 Συνέκλεισε
3678 3562 3781 3631 γὰρ

2233 3656 2261 3707 ὁ
2292 3655 2422 3717 Θεὸς
2453 3654 2683 3708 ἐνταῦθα
2712 3655 2808 3724 μὲν
2852 3656 2944 3707 καὶ
2968 3654 3080 3725 βίον
3102 3656 3194 3707 καὶ
3222 3654 3437 3726 πρᾶξιν,
3468 3657 3587 3707 ἐκεῖ
3610 3655 3665 3709 δὲ
3690 3654 3781 3726 τὴν

2232 3745 2340 3799 τῶν
2371 3746 2763 3817 πεπραγμένων
2780 3744 3034 3809 ἐξέτασιν.

2303 4018 2384 4071 Η’.
2440 4018 2499 4070 Τί
2536 4018 2866 4086 ποιήσομεν
2913 4019 2981 4071 ἐν
3032 4018 3221 4087 ἡμέρᾳ
3266 4018 3596 4088 ἐπαγωγῆς,
3717 4036 3782 4089 με

2236 4108 2670 4179 ὲκφοϐεἰ(47)τις
2701 4110 2807 4163 τῶν
2836 4111 3141 4182 προφητῶν,
3176 4112 3281 4163 εἴτε
3307 4111 3658 4179 δικαιολογίας
3676 4112 3780 4183 (48)

2233 4201 2327 4255 τοῦ
2391 4201 2523 4254 Θεοῦ
2574 4204 2708 4273 πρὸς
2733 4205 2901 4272 ἡμᾶς,
2925 4204 3033 4257 εἴτε
3070 4205 3170 4275 τῆς
3195 4205 3287 4257 ἐπὶ
3320 4205 3429 4257 τῶν
3475 4206 3641 4275 ὀρέων
3694 4208 3783 4258 καὶ

2237 4292 2457 4363 βουνῶν,
2497 4293 2633 4363 ὅπερ
2659 4293 2989 4364 ἠκούσαμεν,
3025 4294 3129 4347 εἴτε
3162 4296 3257 4365 τῆς
3279 4295 3562 4350 ὁποιασοῦν
3587 4298 3673 4350 καὶ
3702 4296 3783 4365 ἐφ’

2234 4375 2308 4435 ὧν
2337 4383 2534 4453 δήποτε
2582 4383 2871 4454 γινομένης
2934 4385 3059 4439 ὅταν
3107 4384 3351 4457 διελέγχη
3396 4387 3504 4456 (49)
3543 4404 3600 4439 τε
3652 4388 3784 4457 πρὸς

583 4487 729 4545 met,
757 4485 917 4546 atque
943 4491 1006 4531 ex
1034 4474 1259 4530 adverso
1287 4474 1468 4539 stabit,
1500 4478 1718 4543 peccata
1742 4482 1949 4540 nostra,
1982 4486 2126 4526 acer-

2237 4475 2403 4544 ἡμᾶς,
2444 4475 2535 4526 καὶ
2560 4474 2999 4544 ἀντικαθιστῆται
3022 4476 3131 4546 (50)
3163 4476 3301 4529 κατὰ
3326 4479 3608 4549 πρόσωπον
3632 4480 3661 4548 ἡ
3671 4477 3782 4546 μῶν

657 4672 859 4729 "Psal.
897 4689 1025 4737 xm,
1053 4673 1105 4727 9.
1182 4672 1226 4704 “
1266 4670 1404 4727 Psal.
1442 4686 1549 4733 ειν,
1588 4672 1676 4724 59...

582 4758 700 4811 xut,
741 4746 792 4810 7,
820 4743 873 4797 8.

656 4899 765 4970 (‘58)
790 4898 1051 4965 Στοιχεῖα
1066 4910 1317 4966 dam-11¢.
1355 4915 1373 4947 ι
1404 4897 1574 4970 Plaga
1596 4900 1872 4951 elementa.
1906 4895 2142 4963 {Quem-

585 4968 889 5037 admodum
946 4972 1123 5036 pueris
1210 4973 1439 5037 primum
1501 4968 1764 5020 elementa
1841 4970 2138 5032 traduntur,

585 5040 774 5093 deinde
801 5036 1032 5108 syllabae,
1050 5049 1153 5091 etc.
1174 5054 1190 5091 :
1214 5036 1299 5108 ita
1331 5037 1467 5091 Deus
1492 5038 1723 5108 primum
1747 5050 1841 5089 nos
1864 5050 1957 5103 per
1977 5054 2005 5108 _¢
2038 5038 2139 5090 mi-

585 5123 744 5163 nores
774 5106 841 5161 ac
892 5107 1116 5161 leviores
1177 5107 1418 5176 plagas,»
1474 5106 1618 5161 velut
1683 5120 1897 5175 pueros,
1957 5106 2136 5172 ducit;

585 5178 774 5233 deinde
814 5196 830 5226 ‹
855 5177 1125 5244 graviores
1155 5196 1173 5227 ι
1205 5178 1435 5231 adhibet.

658 5247 768 5317 (59)
812 5246 1355 5316 Καταφλεγόμενον.
1416 5246 1601 5299 Plures
1653 5246 1829 5309 codd.,
1867 5244 2136 5314 καταφλέ-

583 5335 766 5464 γοῖξῼ)
800 5385 998 5464 ςᾼιεμή.
1042 5384 1361 5464 εΡιίιηίιίεε,
1385 5385 1529 5464 acies
1554 5384 1946 5464 cotnmotiOnis.
1974 5402 1993 5435 ι

656 5454 765 5527 (41)
800 5454 1135 5527 Ὀδοποιῶνἔ
1168 5455 1342 5527 Pass,
1375 5454 1718 5527 ὁδοποιοῦντι.

657 5522 766 5595 (42)
807 5525 1189 5588 Ἐξουθενεῖν.
1218 5524 1464 5578 Nonnulli
1496 5526 1709 5587 habent,
1739 5522 2047 5588 éiouSaveiv.

656 5594 766 5663 (45)
804 5597 975 5661 ”Εως.
1005 5596 1097 5651 Or.
1136 5598 1190 5659 2,
1227 5596 1320 5648 καὶ
1343 5594 1463 5656 ἕως.

656 5666 765 5734 (44)
805 5666 1057 5732 ’Λρκτων
1084 5663 1517 5734 ἀπορουμένην.
1587 5692 1591 5697 τ
1619 5676 1793 5733 u-gata
1813 5682 1872 5734 ﬂ:
1940 5683 1957 5715 ι
1981 5665 2133 5734 quasi

589 5732 899 5807 ana_I‘aptis
948 5735 1159 5807 catulis,
1184 5755 1202 5787 ι
1254 5745 1359 5790 etc.
1412 5732 1541 5803 Reg.
1578 5732 1697 5800 ιιιιι,
1720 5745 1773 5791 et
1810 5732 2131 5807 Nioet.,6.p-

588 5821 680 5859 κον
708 5801 1031 5875 [tuendosc].
1145 5801 1150 5802 ⁷
1501 5801 1512 5803 ⁷
1566 5842 1569 5845 ν

1766 4670 1808 4701 ⁸⁸
1837 4668 1978 4723 Psal.
2022 4686 2150 4737 xvu,
2185 4676 2237 4731 9.

952 4745 993 4775 ¹⁹
1026 4743 1232 4798 Nahum
1259 4742 1435 4810 uniti.
1513 4741 1557 4772 '°
1590 4740 1729 4794 Psal.
1758 4755 1829 4806 Vt,
1873 4740 1923 4794 6.
1998 4742 2041 4771 ¹¹
2075 4742 2177 4798 lsa.
2216 4765 2267 4813 ι,
2304 4751 2355 4804 3.

2317 4683 2360 4713 “
2389 4680 2530 4736 Psal.
2569 4699 2773 4749 Lxxvn,
2804 4684 2891 4737 50.
2993 4684 3033 4714 "
3058 4683 3251 4737 Ezech.
3286 4698 3399 4747 ut,
3429 4684 3482 4736 9.
3595 4681 3635 4712 "
3658 4679 3779 4734 Ose.

2318 4907 2429 4975 (45)
2450 4910 2521 4961 Εἴ
2544 4926 2634 4976 τις
2655 4910 2788 4964 νῦν.
2820 4908 2985 4962 Coisl.
3012 4908 3062 4974 1,
3091 4918 3144 4963 et
3164 4910 3258 4963 υτ.
3288 4907 3342 4971 2,
3372 4908 3426 4960 εἴ
3450 4925 3530 4969 τις
3561 4907 3640 4975 εἴη
3669 4906 3780 4960 νῦν·

2242 4974 2299 5028 ln
2329 4974 2644 5046 quibusdam
2672 4982 2819 5032 deeSt
2846 4977 2960 5032 νῦν.

2276 5048 2425 5127 ,(46)
2464 5047 2560 5116 Τῇ.
2600 5050 2689 5103 Sic
2719 5050 2883 5118 Regg.
2918 5053 3025 5115 hm,
3068 5048 3159 5118 ph,
3207 5056 3260 5103 et
3287 5046 3449 5102 Coisl.
3490 5049 3539 5101 ι.
3569 5047 3622 5101 lu
3671 5048 3779 5111 ed.,

2241 5132 2423 5258 mat")
2463 5188 2747 5257 Ἐκφοσει.
2782 5189 2841 5241 1n
2863 5186 3391 5258 qtibusdam,t;065i.
3424 5187 3477 5241 in
3509 5187 3783 5248 nonnullis,

2241 5259 2426 5396 Was)
2462 5328 2595 5381 Εἴτε
2627 5328 3043 5397 δικαιολογίας,
3068 5338 3169 5383 etc.
3211 5348 3229 5379 ι
3267 5329 3390 5382 Sive
3409 5328 3639 5395 jusliDei
3662 5340 3781 5394 erga

2248 5412 2345 5451 nos
2367 5398 2574 5461 judicii.
2608 5418 2625 5450 ι
2664 5399 2848 5453 Billius
2880 5415 2894 5452 :
2929 5416 2946 5448 ι
2992 5398 3103 5454 Hoc
3129 5408 3213 5455 est
3255 5399 3449 5453 divina:
3480 5400 3543 5453 ad
3576 5412 3663 5451 nos
3694 5411 3778 5450 cx-

2245 5468 2632 5535 postulationis.
2679 5488 2696 5521 ι
3564 5468 3567 5471 ¹

2246 5533 2260 5535 “
2315 5536 2423 5658 Y9)
2480 5537 2784 5608 Δωλέγχῃ.
2819 5539 2983 5610 Regg.
3018 5554 3070 5606 a,
3103 5554 3151 5605 c,
3192 5538 3285 5609 ph,
3327 5538 3491 5594 Coisl.
3526 5538 3575 5602 l,
3606 5535 3695 5592 0r.
3728 5533 3776 5597 ί,

2242 5606 2320 5660 διε
2357 5607 2605 5661 ἐγγηται.

2309 5625 2992 5747 (ἓῗῦχῃὶῗζικαθιστῆται.
3027 5680 3115 5735 Sic
3151 5680 3279 5748 Reg.
3314 5694 3365 5745 a,
3389 5690 3443 5735 et
3470 5677 3624 5735 Coisl.
3649 5675 3697 5727 Ι.
3731 5673 3781 5727 lo

2245 5748 2405 5803 editis
2439 5766 2583 5813 vero,
2617 5750 3083 5805 ἀντικαθιστᾶται.
