3852 6408
146 367 236 425 943

1044 366 1300 423 ORATIO
1340 367 1478 423 XVI.
1520 400 1587 410 -—-
1627 368 1691 422 IN
1730 366 2008 423 PATREM
2046 366 2433 424 TACENTEM.

3226 373 3327 430 ηδ

145 482 285 546 ἱστὰς
316 482 384 535 τὰ
406 482 793 555 ἁμαρτήματα,
815 482 939 546 τοὺς
968 486 1197 556 πικροὺς
1226 487 1578 558 κατηγόρους,
1596 489 1687 541 καὶ

1807 502 1882 559 tos
1916 497 1970 541 et
2015 487 2378 542 amarulentos
2424 495 2782 553 accusatores,
2823 488 2977 545 nobis
3025 489 3078 544 in
3132 489 3325 546 faciem

144 572 213 638 οἷς
231 570 287 627 εὖ
330 575 695 645 πεπόνθαμεν,
728 574 764 628 ἃ
810 576 1160 645 ὴνομήσαμεν
1208 578 1533 648 ἀντεξάγων,
1590 579 1684 632 καὶ

1807 581 2111 645 .tatuens",
2145 591 2469 651 acceptaque
2500 580 2753 635 beneficia
2801 596 2921 637 cum
2953 583 3039 647 iis,
3073 598 3190 653 quae
3217 586 3320 639 ini-

143 666 374 736 λογισμῷ
393 666 646 737 λογισμὸν
682 667 953 739 πλήσσων,
984 668 1077 722 καὶ
1124 670 1320 739 πράξει
1361 670 1555 741 πρᾶξιν
1599 670 1686 723 εὑ-

145 756 323 818 θύνων,
344 756 436 808 καὶ
467 755 526 808 τὸ
546 756 645 825 τῆς
672 757 877 820 εἰκόνος
902 758 1144 811 ἁπαιτῶν
1164 759 1399 829 ἀξίωμα,
1426 762 1491 830 τῇ
1522 760 1689 830 κακίᾳ

146 846 555 918 συνθολωθείσης
585 850 679 901 καὶ
726 850 1101 920 συγχυθείσης,
1132 851 1191 903 τὸ
1240 852 1541 905 τελευταῖον
1579 853 1687 905 ἀπ-

146 939 257 1006 άγει
279 938 387 1010 (51)
409 939 604 1003 αὐτοὺς
623 940 711 1009 ὑφ’
740 941 945 994 ἑαυτῶν
973 943 1465 1013 κατεγνωσμένους,
1484 945 1574 997 καὶ
1596 961 1693 998 κα-

142 1029 574 1099 τακεκριμένους,
594 1030 688 1081 καὶ
715 1029 835 1083 οὐδὲ
867 1031 941 1094 ὡς
964 1031 1119 1085 ἄδικα
1152 1032 1430 1103 πάσχομεν
1468 1033 1578 1104 (52)
1613 1035 1690 1085 εί-

144 1123 255 1171 πεῖν
287 1119 525 1189 ἔχοντας’,
556 1121 690 1190 ὅπερ
712 1120 942 1175 ἐνταῦθα
980 1126 1091 1186 τοῖς
1120 1125 1415 1193 πάσχουσιν
1444 1124 1689 1178 έστινὸτε

145 1211 315 1263 ἱκανὸν
346 1212 422 1274 είς
446 1212 791 1282 παραμυθίαν
809 1213 906 1283 τῆς
933 1215 1339 1285 κατακρίσεως;

1788 686 1892 739 que
1937 671 2271 737 admisimus,
2318 686 2385 725 ex
2428 671 2651 726 adverso
2696 672 2997 738 conferens,
3032 681 3086 730 et
3124 675 3330 745 cogita-

1792 762 1935 815 tione
1974 762 2349 831 cogitationem
2374 764 2704 833 ,verberans,
2732 777 2785 823 et
2821 769 3030 824 actione
3065 771 3327 824 actionem

1791 852 2108 920 exquirens,
2161 862 2215 907 et
2277 856 2408 909 vitio
2456 859 2831 913 contaminata:
2877 867 3038 929 atque
3093 860 3332 914 confusae

1789 943 2041 1014 imaginis
2063 945 2377 1013 dignitatem
2411 963 2440 1001 a
2477 948 2630 1004 nobis
2654 963 2971 1019 exposcens,
2998 964 3095 1005 nos
3119 952 3329 1005 demum

1790 1034 2033 1103 abducet,
2064 1050 2091 1088 a
2117 1037 2514 1108 nobismetipsis
2550 1040 2815 1107 judicatus
2852 1050 2907 1095 et
2929 1041 3365 1103 condemnatos,'

1789 1130 2001 1200 hucque
2023 1132 2306 1197 abductos,
2345 1144 2403 1187 ut
2427 1150 2493 1189 ne
2521 1136 2570 1188 id
2602 1137 2815 1204 quidem
2845 1136 3025 1191 dicere
3053 1147 3332 1204 queamus,

1792 1236 1887 1277 nos
1922 1225 2101 1293 inique
2138 1227 2398 1295 supplicio
2429 1226 2602 1281 allici?
2632 1227 2784 1293 Quod
2809 1228 3024 1299 quidem
3067 1227 3154 1282 hic
3194 1223 3369 1295 apud'

142 1319 245 1368 eos,
280 1304 371 1371 qui
413 1318 600 1372 plenas
659 1305 828 1391 luunt,
891 1320 1272 1375 nonnunquam
1330 1309 1468 1360 hanc
1525 1311 1631 1361 vim
1700 1310 1879 1380 habet,
1943 1327 2002 1371 ut
2045 1331 2229 1372 eorum
2273 1318 2767 1375 condemnationem
2816 1328 2872 1375 et
2921 1319 3215 1374 cruciatum
3258 1318 3336 1371 le-

142 1398 269 1454 niat.

203 1491 283 1543 8’.
320 1490 463 1543 Ἐκεῖ
486 1491 542 1544 δὲ
566 1491 648 1555 τίς
676 1493 998 1565 συνήγορος;
1042 1496 1167 1547 ποῖα
1198 1493 1424 1565 σκῆψις;
1456 1495 1539 1557 τίς
1562 1495 1690 1564 ψευ-

1866 1498 1956 1554 IX.
1991 1500 2104 1556 Illic
2155 1510 2332 1556 autem
2387 1502 2507 1570 quis
2558 1502 2850 1571 patronus?
2895 1503 3016 1572 quis
3062 1501 3338 1571 speciosus

142 1586 229 1655 δὴς
254 1584 544 1652 ἀπολογία;
586 1586 712 1639 ποία
737 1586 1027 1655 πιθανότης
1055 1585 1330 1655 ἔντεχνος;
1376 1586 1458 1650 τίς
1483 1588 1690 1641 ἐπίνοια

1807 1591 2017 1645 ,ἰιιιΙιιεῖ
2048 1605 2167 1660 quas
2196 1590 2377 1646 fucata
2420 1592 2699 1648 defensio?
2741 1607 2858 1661 «inae
2900 1590 3189 1646 artificiosa
3224 1594 3338 1645 veri

142 1675 281 1731 κατὰ
330 1678 428 1746 τῆς
470 1677 723 1748 ἀληθείας
780 1678 1189 1750 παραλογιεῖται
1223 1680 1284 1733 τὸ
1324 1681 1688 1753 δικαστήριον,

144 1769 227 1821 καὶ
284 1768 469 1838 κλέψει
518 1770 616 1841 τὴν
662 1769 825 1841 ὀρθὴν
858 1771 1059 1839 κρίσιν,
1108 1774 1221 1837 τοῖς
1260 1775 1392 1825 πᾶσι
1426 1774 1601 1826 πάντα
1635 1776 1692 1827 ὲν

142 1857 286 1928 ζυγῷ
316 1858 576 1923 τιθεῖσαν,
609 1858 701 1911 καὶ
723 1857 937 1930 πρᾶξιν,
970 1860 1062 1912 καὶ
1080 1859 1254 1928 λόγον,
1286 1862 1379 1915 καὶ
1408 1862 1690 1934 διανόημα,

142 1952 227 2004 καὶ
262 1951 654 2023 ἀεθτισηκοῦσαν
685 1952 795 2022 (55)
816 1956 927 2016 τοῖς
955 1957 1207 2025 πονηροῖς
1235 1955 1304 2009 τὰ
1325 1956 1586 2026 βελτίονα,
1611 1958 1693 2010 ἵνα

140 2043 195 2096 τὸ
231 2041 399 2112 ῥέπον
420 2043 634 2115 νικήσῃ,
651 2042 742 2095 καὶ
781 2042 919 2113 μετὰ
950 2043 1042 2096 τοῦ
1079 2046 1319 2109 πλείονος
1342 2048 1373 2116 ἡ
1398 2046 1577 2116 ψῆφος
1603 2047 1694 2115 γέ-

142 2154 316 2205 νηται,
343 2136 459 2207 μεθ’
482 2136 546 2207 ἢν
574 2136 671 2189 οὐκ
694 2135 890 2205 ἔφεσις,
929 2137 988 2188 οὐ
1012 2137 1203 2208 κριτὴς
1226 2137 1570 2210 ὑψηλότερος,
1598 2140 1695 2192 οὐκ

142 2228 401 2295 ἀπολογία
425 2228 504 2281 δι”
519 2228 691 2299 ἔργων
729 2227 1014 2299 δευτέρων,
1058 2229 1157 2281 οὑκ
1188 2229 1361 2282 ἔλαιον
1387 2230 1532 2300 παρὰ
1589 2230 1694 2283 τῶν

144 2321 418 2391 φρονίμων
447 2319 742 2392 παρθένων,
779 2320 812 2390 ἢ
850 2320 957 2373 τῶν
993 2321 1329 2385 πωλούντων,
1370 2325 1488 2384 ταῖς
1521 2321 1694 2374 ἐκλει-

141 2411 369 2475 πούσαις
401 2412 698 2482 λαμπάσιν,
751 2412 811 2465 οὐ
868 2412 1194 2483 μεταμέλεια
1239 2412 1489 2465 πλουσίου
1541 2414 1697 2482 φλογὶ

140 2503 464 2574 τηκομένου,
488 2504 582 2556 καὶ
604 2506 715 2567 τοῖς
743 2504 962 2567 οἰκείοις
983 2503 1363 2575 ἐπιζητοῦντος
1395 2504 1694 2576 διόρθωσιν,

139 2598 196 2651 ού
248 2595 559 2667 προθεσμία
609 2596 1034 2666 μεταποιήσεως’
1077 2594 1211 2648 ἀλλὰ
1254 2597 1347 2650 καὶ
1376 2596 1551 2667 μόνον,
1604 2596 1698 2648 κα)¹

141 2688 467 2751 τελευταῖον,
514 2688 606 2739 καὶ
637 2686 860 2758 φοϐερὸν
898 2686 957 2739 τὸ
1008 2688 1307 2758 κριτήριον,
1355 2689 1448 2741 καὶ
1493 2687 1699 2740 δίκαιον

142 2780 301 2833 πλέον
326 2780 359 2851 ἢ
390 2781 508 2832 ὅσον
532 2780 806 2849 ἐπίφοϐον,
839 2778 1034 2849 μᾶλλον
1062 2780 1118 2833 δὲ
1146 2781 1231 2834 διὰ
1278 2781 1432 2834 τοῦτο
1465 2782 1557 2835 καὶ
1587 2780 1697 2851 (54)

142 2871 267 2939 φοεε
280 2870 534 2941 ρώτερον,
564 2871 645 2924 ὅτι
675 2872 766 2925 καὶ
794 2870 1029 2937 δίκαιον;
1072 2872 1261 2926 Ἡνίκα
1314 2873 1491 2944 θρόνοι
1519 2873 1702 2945 προτί-

1795 1683 2125 1738 similitudo?
2160 1682 2288 1750 Quae
2312 1684 2521 1738 consilii
2561 1684 2818 1739 adversus
2846 1683 3129 1737 veritatem
3172 1682 3343 1737 soler-

1793 1777 1863 1828 tia
1900 1772 2132 1829 tribunal
2158 1774 2287 1828 illud
2315 1773 2723 1840 circumveniet,
2750 1788 2811 1828 ac
2845 1782 3053 1827 rectum
3076 1769 3338 1841 judicium

1795 1865 1991 1931 eludet,
2034 1865 2214 1920 omnia
2248 1866 2498 1919 omnibus
2534 1864 2585 1918 in
2618 1872 2814 1917 statera
2854 1862 3143 1926 collocans,
3174 1859 3344 1915 actio-

1794 1971 1939 2021 nem,
1994 1969 2321 2019 sermonem,
2384 1953 2786 2024 cogitationem,
2830 1953 3165 2020 virtutesque
3220 1966 3342 2006 cum

1795 2048 1942 2102 vitiis
1976 2061 2045 2101 ex
2078 2061 2232 2114 aequo
2281 2045 2598 2115 rependens,
2628 2052 2703 2108 ut,
2737 2046 2880 2113 quod
2916 2042 3232 2113 prOpendet,
3264 2041 3345 2095 vi-

1795 2137 2022 2191 ctoriam
2054 2136 2318 2201 obtineat,
2360 2144 2519 2205 atque
2544 2136 2611 2190 ab
2643 2122 2900 2203 ampliore
2932 2144 3084 2203 parte
3126 2142 3345 2188 senten—

1798 2230 1869 2280 tia
1916 2235 2042 2293 stet,
2092 2238 2210 2297 post
2250 2242 2408 2297 quam
2446 2242 2549 2281 non
2585 2227 2695 2296 jam
2732 2227 3043 2297 provocatio
3083 2234 3345 2295 superest,

1796 2335 1907 2373 non
1932 2320 2212 2375 sublimior
2234 2318 2419 2388 judex,
2456 2333 2562 2373 non
2590 2319 2691 2373 alia
2716 2334 2895 2388 opera,
2928 2333 3022 2387 per
3052 2333 3169 2387 qua:
3196 2318 3344 2386 quis-

1798 2414 1939 2482 piam
1975 2426 2189 2482 ptenam
2223 2412 2561 2482 deprecetur,
2588 2426 2739 2479 non,
2786 2411 3160 2506 deliciqu’bus
3209 2410 3342 2463 lam-

1799 2505 2044 2577 padibus,
2083 2506 2284 2570 oleum,
2323 2520 2353 2560 τι
2402 2506 2755 2575 prudentibus
2792 2504 3129 2574 virginibus,
3184 2511 3276 2557 aut
3316 2517 3346 2555 ι

1794 2590 2153 2654 vendentibus
2180 2609 2457 2668 acceptum
2479 2598 2547 2675 η,
2581 2613 2690 2652 non
2718 2597 2896 2651 divitis
2921 2596 3059 2650 illius
3081 2596 3348 2665 paeniten-

1801 2692 1895 2757 tia,
1931 2690 2159 2747 ﬂamma:
2190 2694 2431 2747 cruciatu
2465 2688 2895 2760 liquescentis“,
2938 2702 3000 2741 ac
3040 2686 3351 2756 propinquis

1800 2784 1913 2838 suis
1938 2784 2329 2838 correctionem
2365 2782 2711 2852 requirentis,
2743 2797 2848 2835 non
2891 2780 3117 2847 denique
3150 2777 3353 2848 praesti-

1805 2881 1975 2926 tutum
2011 2873 2135 2926 vita:
2167 2874 2220 2926 in
2247 2873 2436 2928 melius
2472 2872 2859 2928 commutanda:
2904 2881 3143 2937 tempus;
3175 2868 3269 2922 sed
3299 2874 3352 2921 et

142 2963 344 3027 θενται,
376 2963 468 3015 καὶ
486 2963 715 3026 Παλαιὸς
738 2965 956 3035 ἡμερῶν
982 2963 1392 3036 προκαθέζεται,
1422 2965 1513 3019 καὶ
1531 2964 1700 3034 βίϐλοι

1807 2965 1995 3029 solum,
2028 2974 2103 3020 et.
2129 2975 2483 3033 postremum,
2512 2979 2575 3018 ac
2621 2962 2959 3017 formidabile
3007 2960 3134 3015 illud
3177 2959 3352 3013 tribu-

142 3054 450 3121 ἀνοίγονται
482 3054 615 3122 (55),
638 3054 732 3106 καὶ
756 3055 997 3125 ποταμὸς
1031 3054 1201 3126 πυρὸς
1228 3054 1464 3118 ἕλκεται,
1524 3055 1613 3107 καὶ
1640 3055 1701 3108 τὸ

1807 3058 1889 3112 nal
1918 3059 2039 3126 erit,
2068 3058 2347 3127 magisque
2375 3059 2536 3113 etiam
2557 3057 2759 3125 justum
2791 3070 2952 3124 quam
2982 3051 3350 3116 formidabile;

142 3148 255 3218 φῶς
292 3148 622 3220 ἔμπροσθεν,
676 3152 767 3203 καὶ
813 3149 871 3202 τὸ
910 3150 1097 3213 σκότος
1133 3149 1549 3220 ἡτοιμασμένοψ
1608 3148 1701 3201 καὶ¹

1807 3151 1932 3216 imo,
1964 3161 2021 3205 ut
2066 3150 2267 3205 rectius
2299 3150 2494 3217 dicam,
2537 3150 2741 3203 idcirco
2783 3146 3192 3207 formidabilius,
3229 3142 3354 3212 quia

142 3241 504 3313 πορεύσονται
550 3242 659 3312 (56)
697 3245 743 3296 οἱ
795 3242 860 3295 τὰ
892 3242 1069 3310 ἀγαθὰ
1104 3243 1425 3312 ποιήσαντες
1453 3242 1531 3305 εἰς
1578 3240 1705 3295 ἀνάο

143 3350 334 3386 στασιν
367 3333 532 3403 ζῶης,
558 3334 654 3405 τῆς
683 3334 739 3386 ὲν
777 3334 991 3405 Χριστῷ
1021 3333 1111 3386 νῦν
1164 3334 1563 3403 κρυπτομένης,
1613 3332 1706 3384 καὶ

141 3423 374 3495 ὕστερον
431 3424 577 3495 αὐτῷ
644 3424 1177 3496 συμφανερουμένης·
1225 3426 1272 3477 οἱ
1327 3424 1383 3477 δὲ
1433 3424 1501 3477 τὰ
1533 3422 1707 3492 φαῦλα

142 3517 459 3587 πράξαντες
486 3517 563 3579 εἰς
591 3517 883 3570 ἀνάστασιν
916 3517 1172 3587 κρίσεως,
1205 3516 1270 3585 ἣν
1312 3515 1410 3585 ἤδη
1442 3513 1591 3585 παρὰ
1613 3512 1705 3566 τοῦ

139 3607 427 3677 κρίνοντος
498 3608 691 3672 αὐτοὺς
735 3607 889 3676 λόγου
938 3609 987 3660 οἱ
1036 3608 1109 3679 μὴ
1168 3606 1549 3669 πιστεύσαντες
1598 3607 1708 3677 (57)

141 3698 573 3769 κατεκρίθησαν·
624 3699 867 3762 καὶτοὺς
911 3698 1006 3768 μὲν
1044 3698 1104 3751 τὸ
1153 3699 1422 3769 ἄφραστον
1454 3698 1567 3765 φῶς
1592 3696 1709 3750 δια-

137 3793 355 3858 δέξεται
396 3792 523 3861 (58),
569 3792 661 3844 κα).
692 3794 724 3862 ἡ
753 3792 848 3863 τῆς
880 3792 1039 3859 ἁγίας
1062 3791 1152 3844 καὶ
1183 3790 1461 3861 βασιλικῆς
1514 3789 1712 3860 θεωρία

139 3883 382 3952 Τριάδος
412 3882 788 3954 ἐλλαμπούσης
828 3882 1163 3955 τρανώτερόν
1192 3900 1248 3935 τε
1284 3884 1378 3936 καὶ
1410 3880 1715 3951 καθαρώτε-

142 3991 255 4044 ρον,
298 3974 401 4027 καὶ
436 3974 561 4043 ’όλης
585 3974 689 4043 ὅλῳ
735 3973 813 4026 νοῒ
851 3974 1205 4045 μιγνυμένης,
1232 3973 1298 4043 ἢν
1326 3972 1386 4043 δὴ
1421 3973 1514 4025 καὶ
1550 3972 1715 4043 μόνην

143 4068 394 4136 μάλιστα
429 4066 699 4137 βασιλείαν
720 4066 959 4138 οὐρανῶν
992 4064 1100 4133 ἐγὼ
1128 4065 1361 4134 τίθεμαι⁶
1386 4067 1496 4125 τοῖς
1527 4064 1636 4132 (59)
1659 4062 1715 4115 δὲ

140 4160 288 4231 μετά
322 4160 436 4212 τῶν
453 4160 624 4214 ἄλλων
656 4159 901 4229 βάσανος,
936 4158 1135 4229 μᾶλλον
1167 4157 1222 4209 δὲ
1258 4158 1362 4226 πρὸ
1386 4157 1489 4208 τῶν
1523 4156 1713 4219 ἄλλων,

138 4252 199 4304 τὸ
228 4252 582 4323 ἁπερῤίφθαι
610 4250 763 4313 Θεοῦ,
815 4252 907 4303 καὶ
935 4251 967 4320 ἠ
996 4253 1052 4302 ὲν
1079 4248 1155 4319 τῷ
1190 4248 1446 4301 συνειδότι
1492 4246 1714 4318 αἰσχύνη

1800 3242 2038 3312 iustum?
2068 3242 2184 3308 Quo
2220 3241 2437 3310 quidem
2469 3251 2706 3308 tempore
2737 3237 2919 3291 throni
2966 3240 3353 3305 proponentur,

1806 3348 1861 3391 et
1894 3338 2167 3405 Antiquus
2214 3335 2421 3390 dierum
2449 3333 2678 3395 sedebit,
2718 3337 2773 3385 et
2803 3328 2920 3383 libri
2947 3328 3273 3397 aperientur,
3303 3331 3357 3377 et

1806 3428 1969 3500 306
2010 3428 2198 3496 igneus
2244 3424 2436 3479 ﬂuvius
2476 3423 2740 3487 volvetur,
2780 3428 2834 3476 et
2880 3420 2968 3473 lux
3001 3434 3031 3471 a
3063 3419 3258 3481 fronte,
3304 3424 3357 3468 et

1807 3530 2007 3590 paratae
2032 3521 2262 3573 tenebra:
2278 3518 2323 3549 "
2355 3535 2367 3570 :
2396 3532 2458 3571 ac
2484 3515 2772 3585 procedent
2797 3513 2885 3582 qui
2921 3513 3059 3566 bona
3088 3510 3353 3570 fecerunt,

1811 3615 1864 3667 in
1902 3613 2353 3667 resurrectionem
2385 3610 2508 3662 vitae
2525 3608 2592 3673 ’°,
2627 3605 3013 3675 nunc‘quidem
3059 3603 3113 3655 iu
3144 3600 3358 3655 Christo

1811 3704 2138 3758 abscondita:
2159 3702 2226 3766 ’7,
2259 3717 2443 3756 verum
2476 3709 2659 3769 postea
2705 3697 2865 3753 simul
2894 3712 3014 3749 cum
3040 3695 3154 3762 ipso
3190 3693 3359 3746 mani-

1813 3794 2100 3848 festandaaz
2127 3792 2216 3860 qui
2253 3799 2430 3845 autem
2465 3791 2601 3845 mala
2646 3796 2873 3859 egerunt
2924 3788 2979 3841 in
3012 3784 3361 3840 resurrectio-

1813 3897 1936 3936 nem
1980 3882 2263 3952 judicii",
2305 3896 2412 3950 quo
2464 3880 2625 3935 etiam
2668 3881 2704 3934 ii
2756 3879 2847 3947 qui
2893 3892 3002 3931 non
3040 3876 3288 3939 credunt,
3330 3889 3362 3928 a

1817 3974 1981 4029 verbo
2022 3990 2116 4029 eos
2156 3972 2433 4043 iudicante
2472 3972 2582 4042 jam
2634 3968 2974 4025 condemnati
3014 3975 3176 4021 sunt:
3203 3974 3365 4034 atque

1817 4068 1937 4122 illos
1977 4066 2192 4137 quidem
2239 4067 2327 4119 lux
2368 4063 2513 4119 omni
2550 4077 2801 4118 sermone
2844 4060 3183 4130 praestantior
3220 4055 3367 4110 exci-

1818 4160 1946 4230 piet,
1974 4168 2027 4212 et
2070 4170 2267 4213 sanctae
2310 4159 2576 4227 regiaque
2609 4155 2892 4209 Trinitatis
2937 4152 3123 4222 purius
3172 4149 3278 4210 iam
3313 4158 3368 4202 et

1819 4252 2017 4307 clarius
2062 4250 2435 4315 illuminantis,
2476 4259 2752 4318 totamque
2786 4262 2844 4301 se
2884 4261 3003 4299 cum
3040 4250 3148 4296 tota
3191 4249 3367 4295 mente

136 4345 323 4415 πέρας
344 4345 448 4396 οὐκ
474 4344 688 4414 ἔχουσα.
724 4344 832 4396 Καὶ
860 4343 1029 4396 ταῦτα
1057 4343 1152 4413 μὲν
1192 4341 1434 4413 ὕστερον.

1821 4330 2132 4407 miscentis,
2154 4341 2560 4411 contemplatio,
2585 4341 2641 4393 in
2670 4353 2777 4408 qua
2805 4353 2924 4408 ego,
2958 4336 3041 4390 vel
3079 4334 3190 4389 sola
3228 4347 3367 4402 pra:—

136 4439 337 4505 cipue,
368 4443 625 4508 'regnum
662 4439 919 4492 cmlorum
965 4439 1192 4506 positum
1228 4450 1348 4491 esse
1383 4450 1609 4500 censeo;
1640 4436 1734 4490 hos
1772 4445 1971 4502 autem,
2008 4437 2168 4491 simul
2198 4452 2316 4491 cum
2381 4435 2519 4502 aliis,
2561 4435 2641 4487 vel
2671 4434 2847 4502 potius
2901 4438 3026 4484 ante
3067 4427 3191 4490 alia,
3227 4424 3369 4479 istud

136 4531 516 4595 excruciabit,
536 4531 675 4601 quod
698 4546 726 4584 a
761 4532 868 4585 Deo
892 4529 1112 4600 projecti
1134 4530 1263 4595 sint,
1289 4538 1450 4598 atque
1485 4531 1713 4585 inustam
1748 4531 1799 4584 in
1835 4531 2162 4587 conscientia
2187 4532 2522 4598 sempiternae
2566 4525 2870 4598 ignominia:
2925 4532 3105 4578 notam
3136 4523 3367 4589 'gerant.

135 4618 360 4673 Verum
390 4620 504 4673 bare
531 4620 808 4688 posterius.

209 4711 272 4767 l'.
308 4712 434 4766 Νῦν
455 4712 509 4765 δὲ
532 4713 581 4765 τί
614 4714 924 4785 ποιήσωμεν
958 4712 1089 4784 (60),
1121 4712 1357 4782 ἀδελφοὶ,
1406 4731 1721 4784 συντετριμ-

138 4804 329 4872 μένοι,
368 4801 464 4855 καὶ
502 4802 971 4872 τεταπεινωμένοι,
1013 4803 1107 4856 καὶ
1149 4802 1456 4873 μεθύοντες,
1493 4803 1590 4856 οὐκ
1616 4805 1723 4856 ἀπὸ

137 4895 378 4966 σίκερα,
422 4893 538 4946 οὐδὲ
568 4894 672 4946 ἀπὸ
699 4894 860 4957 οἴνου,
906 4893 998 4947 τοῦ
1032 4894 1167 4965 πρὸς
1201 4895 1378 4963 ὀλίγον
1414 4894 1723 4958 σαλεύοντος

132 4989 235 5039 καὶ
290 4985 660 5051 σκοτίζοντος,
704 4986 817 5040 ἀλλ’
853 4988 959 5041 ἀπὸ
1002 4988 1097 5057 τῆς
1144 4988 1353 5058 πληγῆς
1382 4990 1445 5059 ἢν
1480 4989 1723 5058 ἐπήγαγε

1894 4710 1962 4766 Χ.
2004 4710 2156 4766 Nunc
2189 4718 2365 4764 autem
2399 4710 2525 4779 quid
2557 4708 2838 4773 faciemus,
2874 4704 3094 4767 fratres,
3130 4700 3367 4765 contriti,

1826 4814 1881 4858 et
1908 4802 2283 4868 humiliati,.et
2324 4803 2478 4869 ebrii,
2514 4818 2615 4857 non
2651 4817 2677 4854 a
2716 4802 2910 4863 sicera,
2948 4813 3045 4852 nec
3081 4811 3111 4849 a
3159 4795 3281 4848 vino
3303 4795 3369 4856 ⁸³.

1827 4897 1968 4965 quod
2004 4898 2068 4950 ad
2101 4897 2266 4950 breve
2300 4904 2509 4965 tempus
2554 4894 2790 4947 animum
2821 4891 3008 4961 agitat,
3041 4889 3197 4954 eique
3223 4895 3373 4940 tene-

1829 4990 1955 5043 bras
1983 4987 2228 5053 otlundit,
2261 4992 2354 5043 sed
2385 5002 2415 5041 a
2439 4986 2615 5056 plaga,
2647 5000 2805 5041 uuam
2839 4983 3095 5037 Dominus
3138 4977 3372 5043 invexit;

211 5147 263 5176 ”
300 5143 456 5197 Psal.
487 5160 630 5215 χιιι,
666 5143 775 5215 21.Δ
800 5213 812 5215 _
838 5144 882 5174 ’³
912 5142 1095 5215 Matth.
1128 5160 1251 5205 xxv,
1284 5143 1459 5215 8‘sqq.
1515 5145 1702 5201 “Luc.
1732 5161 1839 5212 xw,
1861 5145 1950 5201 24.
2030 5147 2075 5178 ’³
2103 5148 2235 5200 Dan.
2268 5145 2416 5211 vu,9
2442 5159 2559 5213 sqq.
2625 5143 2669 5175 "
2699 5142 2851 5197 Joan.
2882 5137 3038 5204 v.29.
3114 5134 3375 5191 "Coloss.

134 5230 225 5278 Ill,
256 5215 321 5269 3.
419 5215 461 5244 ’⁸
489 5213 644 5269 Joan.
677 5229 727 5276 v,
754 5213 842 5268 ‘29.
918 5214 962 5244 ¹⁹
990 5211 1091 5268 lsa.
1124 5230 1272 5276 XXIX,
1310 5213 1361 5268 9.

236 5446 346 5515 51)
428 5442 682 5515 ’ᾼπάγει.
715 5440 877 5515 Regg_.
897 5455 948 5506 a,
978 5456 1026 5504 c,
1054 5440 1160 5515 b_m,
1192 5440 1282 5508 ph,
1310 5439 1402 5515 0r.
1432 5439 1495 5515 ξ,
1523 5439 1701 5515 “dmin

1834 5435 2166 5515 πορεύονται.

234 5499 712 5586 ἑέῆηάσχοξιιεν.
726 5499 1501 5586 ειξΪΡοέεεέπάσχονταςεἰπεῖν
1522 5499 1735 5580 ἔχομεν.
2053 5504 2519 5586 ῌισξετέσαντεςξπ
2540 5499 2703 5586 Regg.
2723 5501 2891 5586 (κῆρι),
2918 5499 3277 5586 πιστεύοντες.

430 5567 922 5658 Ἀέτιδσηειοῦσαν.
953 5567 1226 5658 __blontac.,
1288 5567 1701 5647 ἆντεισάγδυσαν

2059 5573 2413 5636 Διαδέξεται.
2467 5573 2556 5625 Sic
2613 5567 2717 5625 duo
2767 5569 3019 5641 Regg.ln
3074 5567 3382 5634 ed’.,6ta8¢—

213 5653 350 5725 (54)
395 5655 525 5729 Kal.
553 5656 711 5729 Deest
747 5653 1123 5729 ἰιι-ριιιιῆιιιιε.Δ
1252 5720 1263 5729 ⁸

1831 5662 2002 5729 κεῗὲιέῖ
2061 5718 2099 5729 -.
2121 5718 2145 5728 ..
2219 5714 2254 5729 η
2462 5712 2474 5729 .

404 5726 784 5791 Ἀνοίγονται.
814 5714 1065 5796 Melitae,
1098 5720 1506 5796 Stavoiyowai.”
1540 5790 1550 5796 μ

1833 5714 1862 5716 7‘
2045 5718 2191 5796 ‘bec:
2219 5714 2363 5775 Bas.,
2386 5714 2527 5796 τούς.

240 5734 347 5796 55)
406 5734 784 5791 Ἀνοὶγονται.
814 5734 1065 5785 Montac.,
1098 5734 1469 5789 οιανοιγονται.

210 5734 351 5869 (56)
389 5798 807 5862 [levatam-tat.
846 5792 936 5847 Sic
982 5793 1141 5860 Regg.
1175 5808 1224 5855 ιι,
1259 5792 1364 5844 btn.
1416 5790 1551 5844 Editi
1583 5805 1701 5845 vero

1902 5734 1987 5785 (ου
2045 5734 2071 5769 '1
2085 5734 2191 5780 οις.
2219 5734 2363 5775 nas.,
2386 5734 2527 5775 τους.

1900 5734 2008 5855 (60)
2050 5785 2412 5851 Ποιήσωμεν.
2446 5782 2573 5854 lleg.
2610 5782 2700 5851 ph,
2725 5780 3033 5851 ποιήσομεν.
