3852 6408
140 382 219 439 ειν
990 374 1249 430 ORATIO
1288 374 1428 431 XVI.
1468 405 1536 415 —
1574 374 1640 429 IN
1680 373 1961 430 PATREM
2001 374 2386 431 TACENTBM.

3194 380 3298 437 950

137 499 401 579 ρουμένους,
429 511 519 550 και
549 493 1099 567 συναποθνῄσκοντας,
1130 496 1268 552 ὥστε
1299 498 1392 552 καὶ
1421 514 1644 552 συνανα-

1752 495 2082 552 Testamenti
2119 497 2400 567 sanguine,
2451 496 2665 552 tinxisse
2704 497 2873 553 satius
2916 496 3096 563 fuerit,
3121 496 3303 569 'atque

136 594 307 662 στῆναι,
334 587 420 642 καὶ
452 585 879 658 συνδοξασθῆναι,
915 587 1008 641 καὶ
1030 586 1451 657 συμϐασιλεύσαι
1498 586 1630 656 (75),

131 682 205 738 νῦν
225 698 273 733 τε
303 679 385 731 xui.
418 677 553 731 κατὰ
595 678 693 747 τὴν
736 679 1047 733 τελευταίαν
1098 678 1258 732 αὐτοῦ
1307 680 1630 750 φανέρωσιν·

133 771 241 827 ἀλλὰ
269 769 335 839 μὴ
376 766 720 838 θραυσθῆναι,
749 769 880 839 μηδὲ
912 770 1276 843 συντριϐῆναι,
1332 770 1465 841 μηδὲ
1507 769 1637 840 θρη-

130 864 276 932 νῆσαι,
307 857 625 929 πλήσσοντος
649 860 797 928 ἡμεῖς
830 861 1024 933 ἁωρίᾳ,
1060 862 1153 915 καὶ
1197 864 1253 916 ὲν
1286 862 1362 933 τῷ
1382 861 1638 932 σκοτεινῷ

130 952 270 1021 τούτῳ
300 950 391 1020 βίῳ
414 949 502 1003 τοῦ
533 950 795 1023 Πονηροῦ,
823 952 916 1005 καὶ
939 952 1310 1025 ὁλοθρεύοντος
1333 956 1400 1009 τὰ
1428 954 1637 1027 πρωτό-

127 1057 249 1106 τοκα,
277 1039 364 1092 καὶ
393 1036 508 1108 Θεῷ
556 1039 933 1111 καθιερωμένα
985 1042 1094 1113 (74)
1144 1043 1243 1113 τῆς
1291 1044 1433 1115 ζωῆς
1482 1046 1641 1116 ήμῶν

127 1132 395 1200 γεννήματα
418 1128 509 1182 καὶ
530 1131 819 1201 κινήματα.

178 1220 262 1275 IB'.
297 1221 381 1291 Μή
416 1237 503 1291 μοι
519 1220 726 1287 γένοιτο
766 1226 905 1294 μετὰ
936 1226 1042 1279 τῶν
1074 1227 1246 1281 ἄλλων
1275 1227 1517 1296 πληγῶν,
1546 1230 1640 1281 καὶ

126 1311 267 1367 ταῦτα
285 1310 627 1380 ὀνειδισθῆναι
669 1317 817 1385 παρὰ
841 1314 934 1367 τοῦ
988 1316 1238 1385 Ἀγαθοῦ,
1274 1319 1639 1389 πορευομένου

124 1406 233 1477 πρὸς
256 1403 317 1473 μὲ
340 1402 491 1472 θυμῷ
524 1404 736 1476 πλαγίῳ
754 1406 839 1459 διὰ
861 1407 955 1479 τήν
986 1409 1009 1460 ὲ
1018 1408 1123 1479 μὴν
1153 1410 1481 1482 πλαγιότητα
1504 1411 1637 1482 (75)·

133 1494 394 1558 Ἐπὰταξα
414 1492 567 1561 ὑμᾶς
617 1496 687 1549 ἐν
715 1498 939 1565 ἰκτέρῳ,
970 1500 1065 1553 καὶ
1105 1500 1173 1553 ἐν
1210 1501 1491 1570 πυρώσει,
1541 1505 1640 1558 καὶ

120 1584 475 1658 σφακελίσμῷ
500 1586 631 1657 (76)·
658 1589 755 1642 καὶ
788 1589 968 1643 οὐδὲν
990 1591 1195 1646 πλέον.
1248 1594 1500 1658 Ἔξωθεν
1518 1594 1645 1662 ἡτέο

120 1694 318 1732 κνωσεν
359 1675 513 1746 ὑμᾶς
534 1678 816 1747 μάχαιρα.
875 1681 975 1734 καὶ
1020 1681 1143 1735 οὐδ’
1177 1682 1256 1749 ὣς
1280 1684 1645 1755 ἐπεστρέψα-

117 1768 276 1838 τε(77)
301 1771 447 1837 πρὸς
469 1771 571 1839 μὲ,
592 1770 755 1841 λέγει
780 1772 1015 1840 Κύριος.
1048 1774 1139 1846 Μὴ
1176 1777 1432 1848 γενοίμην
1469 1779 1642 1848 ἀμπε-

115 1861 200 1913 λὼν
217 1861 302 1913 τοῦ
331 1863 518 1933 ἠγαπη
528 1863 709 1932 μένου,
754 1863 890 1935 μετὰ
914 1864 974 1917 τὸ
996 1866 1322 1938 φυτευθῆναι
1360 1870 1455 1925 καὶ
1482 1888 1647 1943 χαρα-

116 1950 342 2021 κωθῆναι,
376 1951 471 2003 καὶ
504 1952 763 2023 φραγμῷ,
798 1954 891 2007 καὶ
910 1953 1120 2027 πύργῳ.
1152 1958 1243 2010 κα)⁵
1280 1960 1442 2011 πᾶσιν
1472 1960 1648 2029 ἀσφα-

112 2042 348 2112 λισθῆναι,
382 2042 459 2105 ὡς
484 2043 615 2112 ἐνῆν
659 2044 914 2113 μάλιστα,
965 2050 1314 2118 χερσομανῶν
1364 2051 1455 2103 καὶ
1492 2052 1649 2105 ἀκαν-

113 2132 343 2201 θοφορῶν,
374 2131 473 2186 καὶ
497 2132 585 2186 διὰ
612 2133 767 2188 τοῦτο
792 2139 1313 2208 καταφρονούμενος,
1351 2141 1427 2205 ὡς
1456 2142 1647 2197 καθαι-

113 2224 303 2294 ρεθῆναι
332 2225 422 2277 τὸν
449 2224 681 2297 πύργον,
706 2228 799 2280 καὶ
823 2230 1235 2311 περιαιρεθῆναι
1266 2232 1358 2285 τὸν
1375 2236 1646 2306 φραγμὸν,

111 2318 187 2369 καὶ
235 2318 305 2387 μὴ
348 2317 649 2389 τμηθῆναι,
712 2319 847 2391 μηδὲ
886 2324 1180 2393 σκαφῆναι,
1231 2325 1366 2378 ἀλλὰ
1398 2327 1648 2396 γενέσθαι

106 2407 243 2459 πᾶσιν
265 2410 341 2471 εἰς
384 2409 720 2482 διαρπαγήν,
749 2412 841 2466 καὶ
875 2414 1057 2485 κοινὴν
1083 2413 1259 2487 ὓϐριν,
1292 2420 1385 2471 καὶ
1411 2422 1651 2476 καταπά-

106 2514 247 2567 τημα.
273 2498 457 2553 Ταῦτα
496 2501 599 2571 μὲν
624 2505 652 2556 ὀ
688 2502 819 2573 ἐμὸς
852 2506 1013 2574 φόϐος
1030 2507 1123 2561 καὶ
1150 2508 1326 2578 λόγος·
1351 2512 1445 2564 καὶ
1482 2512 1651 2577 οὕτως

104 2591 194 2658 ἐγὼ
211 2592 460 2665 δυσφορῶ
499 2596 640 2665 πρὸς
671 2598 770 2667 τὴν
803 2597 1035 2671 πληγήν,
1088 2602 1180 2654 καὶ
1208 2602 1463 2676 τοιαύτην
1495 2604 1650 2676 εὖχο-

106 2701 183 2751 μαι
218 2684 309 2755 τὴν
358 2686 555 2757 εὐχὴν,
587 2687 653 2758 ἢν
690 2689 783 2741 καὶ
837 2692 1127 2762 προσθήσω
1158 2696 1271 2757 τοῖς
1321 2696 1648 2767 εἰρημένοις·

110 2774 476 2845 Ἰριάρτομεν.
515 2778 942 2847 ήνομήσαμεν,
972 2783 1377 2854 ἡσεϐήσιιμεν,
1413 2788 1493 2840 ὅτι
1526 2788 1652 2841 ἐπε-

99 2862 342 2935 λαθόμεθα
384 2867 644 2939 (78)ρτῶν
693 2871 920 2925 ἐντολῶν
949 2889 1063 2939 σου,
1090 2874 1184 2928 καὶ¹
1208 2874 1381 2929 ὀπίσω
1406 2877 1503 2948 τῆς
1538 2878 1652 2931 δια-

96 2956 218 3019 νοίας
256 2958 413 3028 ήμῶν
460 2962 569 3031 τῆς
601 2966 844 3034 πονηρᾶς
876 2966 1272 3039 ἐπορεύθημεν·
1307 2969 1387 3021 ὅτι
1421 2969 1651 3034 ἀναξίως

95 3047 175 3116 τῆς
210 3048 458 3120 κλήσεως
517 3054 616 3105 καὶ
647 3054 740 3107 τοῦ
769 3056 1101 3126 Εὐαγγελίου
1147 3058 1241 3112 τοῦ
1278 3060 1513 3131 Χριστοῦ
1558 3078 1649 3114 σου

1737 602 1845 641 una
1872 602 1993 641 cum
2028 586 2245 642 Christo
2275 586 2535 658 cruciﬁgi,
2578 603 2641 643 ac
2685 597 2912 645 mortem
2939 590 3107 658 obire,
3141 599 3199 644 ut
3224 591 3297 645 si-

1736 678 1847 732 mul
1883 692 2098 749 quoque
2122 692 2244 733 cum
2277 691 2363 746 eo,
2395 689 2449 735 et
2474 695 2617 736 nunc
2675 690 2731 735 et
2758 681 2812 736 in
2841 690 3111 750 postrema
3134 680 3305 751 ipsius

1737 769 2071 837 apparitione
2092 782 2517 838 resurgamus,et
2544 771 2711 840 gloria
2736 772 3051 839 aﬂlciamur,
3074 782 3127 828 et
3144 773 3303 835 simul

1741 874 2029 928 regnemus
2050 874 2066 925 ;
2092 873 2194 913 non
2209 868 2385 915 autem
2401 860 2665 930 periringa
2675 876 2813 927 mur,
2833 862 3220 929 etobleramur,
3240 877 3305 917 ac

1738 946 2189 1019 lugeamus,|cum
2211 949 2433 1014 Pravus
2470 951 2576 1016 ille,
2605 952 2922 1022 intempesta
2948 961 3122 1018 nocte,
3154 962 3209 1008 et
3250 954 3303 1007 in

1740 1038 2031 1108 caliginosa
2063 1039 2190 1104 vita,
2222 1055 2320 1094 nos
2344 1042 2688 1109 percusserit,
2719 1056 2782 1096 ac
2810 1041 3213 1112 primogenitos,
3248 1050 3303 1096 et

1742 1129 1850 1183 Deo
1869 1138 2209 1185 consecratos
2225 1130 2347 1185 vita:
2363 1140 2559 1186 nostrae
2576 1130 2712 1186 fctus
2730 1140 3006 1201 motusque
3027 1131 3300 1187 deleverit.

1817 1219 1927 1275 XII.
1964 1222 2144 1286 Absit,
2174 1231 2232 1276 ut
2260 1224 2513 1291 unalcum
2558 1222 2676 1278 aliis
2715 1222 2901 1292 plagis,
2947 1224 3060 1278 haec
3092 1239 3303 1293 quoque

1744 1326 1771 1363 a
1802 1310 1948 1364 Bono
1983 1310 2095 1375 illo,
2137 1309 2207 1365 ob
2236 1325 2410 1365 meam
2442 1312 2812 1381 obliquitatem
2866 1313 2919 1366 in
2967 1312 3047 1367 ira
3088 1313 3301 1382 obliqua

1743 1405 2029 1458 adversum
2065 1418 2152 1458 me
2198 1405 2500 1475 gradiente,
2546 1404 2677 1459 mihi
2716 1405 3143 1476 exprobrentur:
3179 1403 3306 1459 Per-

1744 1492 1882 1545 cussi
1941 1508 2027 1545 vos
2075 1494 2337 1562 aurigine,
2360 1502 2409 1547 et
2448 1493 2875 1562 inﬂammatione,
2914 1504 2961 1548 et
2996 1495 3303 1564 putredine;

1745 1599 1834 1637 nec
1861 1584 2145 1654 quidquam
2188 1584 2406 1654 profeci.
2439 1582 2666 1639 Externe
2689 1586 2813 1653 filiis
2844 1602 2927 1640 vos
2969 1587 3160 1639 orbavit
3190 1586 3304 1656 gla-

1744 1672 1908 1739 dius;
1947 1690 2041 1727 nec
2084 1675 2159 1728 sic
2184 1684 2354 1730 tamen
2380 1676 2448 1728 ad
2484 1692 2562 1730 me
2595 1678 2823 1730 conversi
2863 1677 3002 1741 estis,
3039 1675 3163 1730 dicit
3197 1676 3305 1731 Do-

1750 1767 1923 1819 minus
1954 1766 2023 1823 ⁸³.
2054 1766 2208 1821 Absit
2232 1776 2290 1821 ut
2347 1767 2524 1822 dilecti
2564 1767 2707 1822 illius
2748 1769 2903 1824 vinea
2958 1764 3057 1823 sim
3094 1768 3158 1834 ⁸³,
3188 1782 3305 1838 qua:

1748 1866 2096 1927 posteaquam
2122 1858 2363 1928 plantala
2416 1858 2533 1925 fuit,
2571 1868 2626 1915 et
2672 1860 2812 1914 vallo
2869 1861 3094 1925 munita,
3130 1875 3307 1915 mace-

1749 1952 1935 2018 riaque
1976 1950 2141 2021 308
2194 1960 2250 2005 et
2312 1952 2471 2017 turri,
2525 1952 2836 2022 ueterisque
2906 1952 3084 2019 rebus,
3130 1954 3305 2023 quoad

1748 2040 1864 2110 ejus
1906 2041 2024 2097 ﬁeri
2087 2043 2282 2112 potuit,
2321 2042 2553 2110 ﬁrmata,
2597 2044 2848 2098 vastitate
2897 2052 3080 2112 postea
3119 2044 3306 2099 horre-

1748 2131 1870 2198 scit,
1917 2140 1970 2186 et
2008 2132 2192 2201 spinas
2241 2132 2463 2203 profert,
2498 2133 2567 2187 ob
2620 2148 2843 2203 eamque
2895 2148 3112 2189 causam
3162 2134 3216 2188 in
3250 2134 3305 2188 id

1748 2229 2086 2291 contemptus
2115 2222 2281 2289 venit,
2312 2232 2370 2276 ut
2395 2231 2450 2277 et
2493 2223 2657 2278 turris
2686 2223 2989 2293 dejiciatur,
3029 2232 3083 2278 et
3127 2238 3305 2278 mace—

1748 2313 1827 2366 ria
1858 2312 2123 2377 diruatur,
2147 2327 2246 2368 nec
2262 2312 2373 2380 jam
2404 2322 2625 2382 putetur
2645 2320 2806 2384 atque
2825 2312 3079 2379 fodiatur,
3102 2314 3193 2369 sed
3214 2314 3306 2368 [lat

1749 2402 1997 2458 omnibus
2029 2404 2081 2457 in
2099 2404 2477 2473 direptionem,
2499 2414 2553 2460 et
2569 2420 2905 2460 communem
2926 2405 3304 2461 contumeliam

1749 2500 1804 2545 et
1828 2490 2308 2546 conculcationcm.
2345 2492 2443 2547 IIic
2468 2508 2618 2547 meus
2646 2494 2808 2548 timor
2828 2503 2929 2559 est,
2965 2494 3053 2548 hic
3082 2509 3261 2549 sermo
3288 2513 3301 2548 :

1749 2584 1829 2637 sic
1877 2585 1944 2636 ad
1994 2584 2131 2639 hanc
2172 2584 2377 2655 plagam
2408 2585 2729 2649 discrucior,
2756 2595 2917 2654 atque
2974 2586 3071 2640 bas
3120 2601 3307 2656 preces

1752 2674 2002 2739 adliibeo,
2034 2690 2169 2745 quas
2192 2675 2354 2730 etiam
2412 2676 2480 2731 ad
2519 2691 2605 2741 ea,
2630 2692 2747 2747 qua:
2772 2692 2801 2730 a
2850 2692 2936 2732 me
2981 2678 3123 2732 dicta
3162 2688 3305 2743 sunt,

1752 2763 2035 2834 adjungam
2071 2783 2085 2820 :
2126 2763 2485 2832 Peccavimus,
2530 2766 2706 2837 inique
2749 2768 2968 2837 egimus,
2996 2768 3306 2837 impietatem

1752 2856 1967 2925 fecimus
1998 2855 2066 2922 ⁸⁸,
2100 2857 2349 2926 quoniam
2379 2856 2529 2911 obliti
2556 2872 2743 2912 sumus
2787 2859 3160 2913 mandatorum
3184 2867 3305 2913 tuo-

1753 2962 1892 3011 rum,
1926 2955 1982 2999 et
2028 2955 2149 3015 post
2194 2947 2546 3017 cogitationes
2588 2958 2800 3002 nostras
2836 2963 3030 3017 pravas
3071 2948 3309 3002 ambula-

1752 3038 1926 3089 vitnus
1943 3034 2024 3101 ⁸⁵;
2070 3038 2319 3105 quoniam
2364 3052 2494 3103 non,
2528 3045 2586 3090 ut
2613 3037 2811 3091 Christi
2838 3038 3231 3107 ,tuiyocatione
3254 3053 3309 3094 et

1755 3126 2042 3196 Evangelia
2088 3128 2305 3197 dignum
2338 3137 2487 3195 erat,
2522 3128 2829 3198 sanctisque
2884 3129 3051 3199 ipsius
3101 3132 3309 3185 crucia-

94 3140 536 3213 πεπολιτεύμεοα,
607 3148 700 3200 καὶ
737 3148 844 3201 τῶν
900 3150 1067 3217 ἁγίων
1104 3149 1267 3205 αὐτοῦ
1294 3154 1646 3225 παθημάτων,

92 3231 286 3301 καὶτῆς
313 3235 456 3306 ὑπὲρ
491 3237 657 3306 ἡμῶν
691 3238 990 3305 κενώσεως·
1039 3244 1119 3296 ὅτι
1152 3246 1487 3317 ἐγενήθημεν
1518 3248 1653 3301 ὄνει-

89 3317 161 3382 δος
185 3320 257 3391 τῷ
278 3323 566 3396 ἀγαπητῷ
600 3343 713 3382 σου,
755 3329 951 3401 Ἰερεὺς
975 3333 1067 3385 καὶ
1089 3333 1213 3397 λαὸς
1232 3335 1524 3406 ἐξέστημεν
1541 3336 1649 3407 (i9)

88 3412 163 3465 ἐπὶ
188 3414 412 3471 τὸαύτό·
451 3417 665 3483 πάντες
711 3421 1079 3495 ἐξεκλίναμεν,
1113 3426 1227 3497 ἅμα
1255 3427 1648 3501 ήχρειώθημεν.

89 3504 181 3557 Οὐκ
208 3505 321 3561 ἔστι
361 3510 547 3564 ποιῶν
598 3515 773 3584 κρῖμα
820 3516 913 3569 καὶ
950 3516 1313 3589 δικαιοσύνην,
1354 3521 1451 3574 ούκ
1506 3521 1652 3575 ἐστιν

83 3595 170 3659 ἕως
198 3599 336 3663 ἑνός.
403 3602 847 3677 Ἀπεκλείσαμεν
875 3608 1001 3673 τοὺς
1029 3612 1341 3683 οἰκτιρμούς
1390 3632 1503 3679 σου,
1560 3615 1653 3668 καὶ

85 3688 165 3758 τήν
189 3690 619 3765 φιλανθρωπίαν
674 3715 788 3763 σου,
834 3700 927 3753 καὶ
974 3701 1252 3773 σπλάγχνα
1290 3705 1468 3769 ἐλέους
1518 3706 1649 3761 Θεοῦ

82 3780 236 3848 ἡμῶν,
266 3784 359 3839 διὰ
396 3780 502 3857 τῆν
541 3789 744 3843 κακίαν
777 3790 954 3862 ήμῶν,
992 3794 1086 3846 καὶ
1113 3796 1214 3865 τὴν
1248 3799 1512 3868 πονηρίαν
1544 3799 1655 3853 τῶν

81 3872 524 3962 ἐπιτηδευμάτων
563 3882 739 3952 ήμῶν,
792 3884 909 3954 μεθ’
942 3881 1010 3957 ἧς
1061 3887 1473 3960 ἀνεστράφημεν
1517 3890 1653 3962 (80).

78 3964 138 4018 Σὺ
158 3964 415 4039 Ianua-Bg,
444 3974 577 4026 ἀλλ’
605 3977 765 4045 ἡμεῖς
785 3978 1156 4049 ήνομήσαμεν·
1185 3982 1248 4033 σὺ
1282 3981 1652 4053 μακρόθυμος,

80 4056 176 4110 ἀλλ’
200 4064 365 4131 ἡμεῖς
386 4065 631 4137 πληγῶν
656 4068 815 4133 ἄξιοι.
848 4070 1189 4142 Γινώσκομέν
1218 4090 1308 4125 σου
1335 4074 1433 4143 τὴν
1457 4074 1657 4141 ἀγαθά-

75 4167 215 4218 τητα,
272 4155 495 4229 καίπερ
562 4160 961 4226 ἀσυπθετοῦντες·
1008 4164 1162 4233 ὀλίγα
1211 4160 1286 4219 ὧν
1340 4167 1655 4237 ἡμάρτομεν

76 4246 581 4318 μεμαστιγώμεθα.
623 4251 706 4303 Σὺ
739 4254 1008 4320 φοϐερὸς,
1052 4255 1150 4309 καὶ
1176 4256 1267 4322 τίς
1299 4256 1655 4325 ἀντιστήσε-

70 4336 152 4385 ται
178 4353 318 4397 σοις
356 4340 587 4411 τρόμος
618 4318 845 4412 λήψεται
1023 4346 1115 4399 σοῦ
1147 4318 1269 4417 ὃρην,
1305 4349 1398 4400 καὶ
1433 4318 1646 4418 μεγέθει

1754 4320 1966 4375 tametsi
1996 4320 2329 4389 insipientes.
2359 4318 2554 4373 Paucis
2586 4333 2684 4387 pro
2719 4329 3058 4387 peccatorum
3105 4330 3313 4376 nostro-

185 4386 197 4388 -
227 4386 270 4389 -έ
299 4386 314 4397 ν
369 4386 583 4411 ἰ-Ἶ-τντ
620 4386 845 4412 ··ἰτ·’“”’
884 4386 989 4397 """
1024 4386 1113 4399 ’ν’
1148 4386 1269 4417 "t"t9
1308 4386 1398 4400 """
1433 4386 1646 4418 P'I‘V‘“

72 4421 344 4495 βραχίονός
372 4448 476 4484 σου
510 4432 603 4495 τίς
641 4434 910 4505 ἀντερίσει
947 4435 1096 4506 (8|);
1153 4438 1277 4490 Ἐὰν
1306 4438 1525 4510 κλείσῃς
1562 4440 1646 4493 τὸν

1755 4428 1871 4467 rum
1912 4386 2200 4466 atrocitate
2242 4386 2630 4477 vapulavimus.
2691 4386 2769 4462 Tu
2808 4409 3075 4476 terribilis,
3107 4420 3152 4463 et
3198 4412 3309 4480 quis

66 4516 302 4586 οὐρανὸν,
326 4523 421 4586 τίς
454 4522 670 4587 ἀνοίξει
691 4541 704 4589 ;
722 4500 814 4579 καὶ
831 4528 923 4580 ἐὰν
948 4500 1114 4599 λύσῃς
1128 4530 1252 4592 τοὺς
1273 4500 1646 4601 καταρράκτας

1755 4505 1953 4559 resistet
1976 4502 2069 4555 tibi
2088 4502 2173 4554 ‘7?
2204 4500 2247 4555 A
2273 4501 2466 4554 timore
2496 4509 2588 4554 tuo
2614 4509 2821 4554 montes
2850 4500 3262 4555 contremiscent
3292 4518 3307 4555 :

1057 4583 1362 4661 ’λέηηλζωῖε
1393 4583 1484 4661 ,ξολ
1512 4583 1657 4661 mm:
1684 4583 1722 4597 ”
1764 4602 1819 4649 et
1869 4589 2221 4661 magnitudini
2290 4588 2496 4644 brachii
2552 4591 2623 4643 tui
2663 4590 2783 4658 quis
2825 4591 3073 4645 resistet?
3112 4590 3166 4645 Si
3197 4606 3309 4647 cm-

1757 3220 1918 3284 tibus,
1947 3228 2001 3273 ct
2038 3232 2101 3273 ea
2143 3218 2531 3284 exinanitione,
2580 3234 2737 3289 quam
2776 3230 2959 3275 nostra
2990 3236 3150 3276 causa
3178 3227 3307 3277 sub-

1752 3309 1835 3373 iit,
1890 3310 2015 3365 vitte
2068 3320 2271 3365 nostrae
2347 3310 2587 3365 rationes
2645 3310 2921 3366 institutas
2971 3312 3307 3380 habuimus;

1752 3400 2008 3471 quoniam
2064 3401 2259 3456 dilecto
2309 3409 2400 3456 tuo
2454 3401 2651 3471 probro
2685 3417 2748 3456 ac
2804 3403 3049 3457 dedecori
3105 3404 3308 3458 exstiti-

1754 3508 1911 3559 mus;
1958 3494 2209 3549 sacerdos
2241 3493 2402 3548 simul
2458 3502 2512 3548 et
2564 3492 2792 3563 p0pulus
2818 3509 2851 3547 a
2878 3505 2927 3548 te
2962 3494 3307 3557 descivinms,

1754 3600 1940 3641 omnes
1986 3585 2398 3651 declinavimus,
2460 3585 2617 3640 simul
2666 3586 2879 3641 inutiles
2924 3586 3050 3641 iacti
3082 3601 3306 3649 sumus;

1754 3694 1861 3733 non
1909 3685 1990 3732 est
2018 3679 2107 3748 qui
2155 3678 2417 3749 judicium
2463 3688 2518 3734 et
2543 3678 2805 3747 justitiam
2855 3677 3035 3743 faciat,
3075 3694 3179 3733 non
3228 3687 3311 3733 est

1754 3784 1926 3840 usque
1958 3771 2025 3825 ad
2078 3786 2242 3823 unum
2273 3768 2339 3822 ⁸⁸.
2397 3768 2766 3825 Miserationes
2799 3779 2937 3835 tuas,
2972 3778 3027 3822 et
3076 3768 3308 3824 clemen-

1756 3860 1885 3915 tiam
1918 3869 2085 3923 tuam,
2114 3868 2170 3914 et
2205 3860 2415 3914 viscera
2455 3860 2841 3914 misericordiae
2891 3860 2987 3914 Dei
3015 3862 3206 3925 nostri,
3242 3862 3311 3915 ob

1755 3951 2154 4021 improbitatem
2191 3960 2458 4016 nostram,
2506 3960 2559 4006 et
2607 3951 2952 4007 consiliorum
3007 3962 3308 4007 nostrorum

1754 4045 2181 4116 perversitatem,
2213 4059 2317 4113 qua
2374 4052 2519 4099 retro
2552 4044 2774 4111 isimus,
2821 4046 2973 4100 nobis
3031 4048 3310 4115 praeclusi-

1755 4152 1894 4192 mus.
1924 4135 2002 4190 Tu
2028 4138 2223 4201 bonus,
2256 4145 2313 4190 at
2345 4150 2443 4190 nos
2465 4135 2646 4205 inique
2674 4137 2901 4205 egimus.
2949 4134 3027 4191 Tu
3069 4137 3223 4201 lenis,
3257 4148 3312 4191 at

1753 4244 1853 4285 nos
1885 4227 2198 4283 verberibus
2229 4228 2396 4297 digni.
2445 4226 2740 4282 Bonitatem
2770 4236 2911 4281 tuam
2950 4229 3310 4297 agnoscimus,

69 4622 167 4671 σου,
198 4611 282 4674 τίς
322 4613 723 4685 euut-555482);
756 4616 967 4685 Κοῦφον
984 4618 1039 4671 ὲν
1070 4618 1362 4689 ὀφθαλμοῖς
1393 4637 1484 4673 σου
1512 4637 1657 4672 πτω-

1242 4731 1289 4763 ⁸⁸
1327 4732 1531 4787 Baruttlt
1560 4748 1616 4794 tt,
1640 4730 1724 4784 I2.

1829 4724 1874 4756 ⁸⁵
1902 4724 2001 4778 Isa.
2033 4738 2153 4791 ην,
2188 4723 2240 4776 2.
2320 4722 2365 4753 ⁸⁸
2392 4722 2531 4778 Psal.
2554 4738 2671 4789 xm,
2705 4724 2757 4778 ’5.
2832 4724 2874 4755 ⁸⁷
2904 4724 3218 4791 PsaI.Lxxv,
3254 4726 3306 4779 8.

143 4722 186 4754 ⁸³
211 4725 390 4780 Amos
424 4742 513 4792 tv,
540 4726 576 4779 9
597 4742 718 4796 sqq.
816 4729 863 4760 ⁸³
887 4728 988 4783 Isa.
1022 4746 1073 4797 v,
1096 4732 1141 4785 I.

1754 4860 1933 4915 made
1988 4875 2051 4913 eo
2085 4859 2269 4915 inorbo
2295 4874 2359 4914 ex
2412 4860 2633 4915 medicis
2675 4870 2727 4915 et
2759 4858 2928 4915 Plinio
2968 4861 3213 4932 leguntur
3256 4866 3307 4917 in

124 4857 959 4983 ἓῖῗ),Καὶισινμόασιλεῦσαμ
989 4865 1080 4921 Sic
1114 4867 1275 4924 Coisl.
1310 4868 1357 4933 Ι,
1387 4879 1439 4923 et
1471 4869 1562 4924 Or.
1598 4868 1646 4921 2.

163 4946 184 4973 ς
250 4948 303 4981 ιιι
340 4949 393 4983 ei
425 4973 440 4985 .
1140 4956 1147 4965 ν

1754 4878 1836 4915 ma
1868 4860 1933 4912 de
1988 4876 2012 4911 e

1758 4932 2012 4985 Tltesattr.

61 4924 203 4979 Βθεςι
250 4933 303 4981 in
340 4935 440 4987 eti.
527 4924 547 4931 ⁷
1140 4956 1147 4965 ·
1344 4925 1353 4933 ’

1758 4932 2012 4985 Tltesattr.
2187 4982 2191 4986 .

144 4998 228 5077 μ)
267 5002 733 5077 Καθιερωμέιήα.
760 5005 851 5059 Or.
878 5005 931 5069 2,
961 5005 1372 5077 καθιερούμενα.
1558 5076 1561 5077 ν
1978 4996 2217 5077 Οὺδζῶς
2255 4998 2681 5077 ἐξςστρέψᾳτε.
2727 5000 2890 5077 εοῙεΙ·
2939 5000 2976 5054 2
3020 5011 3077 5077 ει
3120 5000 3211 5077 οἰζ-
3251 5003 3305 5064 2.

144 5068 228 5131 ῖὸ)
263 5072 378 5126 Διὰ
412 5068 738 5144 τῇνήέμὴν
764 5068 1143 5144 πλαγιότητιὶ.
1168 5097 1185 5127 ι
1220 5068 1304 5131 Ub
1329 5092 1498 5132 meam
1518 5076 1646 5131 obli-

1752 5068 2059 5144 066’_0b':w;
2103 5068 2488 5137 ἐπεστρέψατε.
2531 5070 2882 5126 Montacutius
2901 5072 3145 5141 praefert,
3175 5073 3309 5125 ὑπε-

55 5140 354 5219 qnitatem._
391 5162 412 5194 ι
444 5143 627 5219 Juxta
658 5140 1244 5219 Billium,_f«gobliquitas
1278 5165 1303 5199 ι
1334 5158 1415 5202 est
1444 5149 1646 5219 aversio

1753 5140 2037 5219 στρέναῖξο
2332 5211 2355 5219 -
2436 5208 2487 5219 η.

54 5219 79 5254 a
114 5219 259 5261 recta
296 5212 393 5264 via
434 5214 827 5267 nmndaturum
872 5208 984 5267 Dei.
1023 5234 1041 5266 ι
1075 5208 1150 5269 Ιιτι
1186 5236 1203 5267 ι
1237 5226 1411 5271 autem
1451 5236 1469 5268 ι
1504 5217 1641 5270 obli-

1821 5208 1941 5280 (ῖὶς)⁸
1962 5209 2413 5280 Ἐπελιιθόμεθα.
2435 5208 2525 5264 Sic
2549 5210 2652 5263 duo
2675 5208 2835 5279 Itegg.
2860 5210 3016 5266 etOr.
3039 5211 3094 5266 2.
3118 5212 3171 5265 In
3195 5213 3303 5278 ed.,

52 5292 143 5359 quia
165 5289 296 5359 rest
314 5283 722 5359 vehementior
740 5298 916 5359 paena.
949 5284 1117 5348 Unde,
1140 5288 1228 5359 qui
1258 5286 1473 5359 obliquo
1498 5286 1643 5340 ensis

1752 5277 2142 5359 ἀπὲέφβὸλίερτει-
2443 5346 2479 5359 η
2654 5349 2663 5359 .
2744 5277 2773 5359 κζ

52 5346 148 5397 ictu
193 5348 437 5411 feriunt,
487 5351 682 5406 acrius
728 5346 1036 5412 vulnerant;
1083 5346 1257 5409 ct'leo
1306 5346 1483 5411 furore
1520 5372 1643 5410 suc-

1822 5349 1933 5417 (79)
1977 5346 2354 5417 Ἐξέσζημεν.
2392 5366 2410 5397 ι
2440 5346 2774 5401 Prtcvaricati
2797 5363 3001 5403 sumus.
3045 5371 3062 5402 ι

50 5428 238 5472 census
262 5420 510 5497 oblique
544 5422 805 5497 impetum
836 5423 982 5477 facit.
1018 5424 1106 5497 Sic
1140 5427 1295 5497 Dens,
1331 5443 1448 5478 cum
1478 5441 1573 5497 nos
1617 5440 1646 5483 a

1825 5412 1935 5489 (80)
1965 5418 2103 5496 Μεθ’
2138 5412 2729 5497 ἧς’ἀνεστράεξημεν.
2790 5435 2807 5468 ι
2841 5423 2951 5497 Qua
3008 5429 3302 5497 conversam

48 5498 184 5539 recta
232 5495 656 5566 mandatorum
708 5493 875 5566 ipsius
917 5496 1103 5547 semita
1142 5495 1489 5557 dellectimur,
1532 5495 1646 5566 ipse

1752 5505 1955 5547 sumus,
2001 5490 2051 5566 in
2088 5490 2414 5555 Contrarium
2456 5489 2559 5539 acti
2592 5504 2795 5543 sumus.
2836 5506 2855 5539 ι
2898 5489 3019 5542 Haec
3047 5495 3116 5543 ab
3143 5491 3307 5543 inter-

48 5570 258 5622 quoqne
312 5577 398 5636 se.
432 5565 674 5625 avertit,
717 5574 770 5615 et
811 5565 863 5616 in
921 5580 1016 5616 nos
1077 5567 1399 5618 visitationis
1431 5565 1640 5617 oculum

43 5624 256 5703 ubliu‘ue
282 5638 569 5703 torquet;
603 5634 739 5696 quod
766 5632 1104 5703 irascentium
1138 5636 1408 5703 proprium
1434 5644 1535 5687 est.

1752 5568 1900 5628 prete
1927 5565 2148 5610 omissa.

1976 5626 2328 5703 -ξὶγζερίσειη
2388 5626 2549 5703 Eoisl.
2680 5635 2731 5679 et
2758 5625 2888 5703 ᾆδε..
2936 5639 3254 5703 αντξρεισει.

106 5698 223 5773 (7Q)
267 5694 414 5773 [ἰαί
461 5694 896 5773 ςφαὲιελισμῷ.
946 5704 1037 5756 0r.
1083 5694 1149 5769 2;
1198 5694 1291 5758 καὶ
1340 5706 1397 5757 ἐν
1437 5720 1639 5773 σφακε-

1819 5694 1930 5765 (82)
1964 5695 2069 5747 Καὶ
2100 5695 2271 5749 ἐὰν...
2304 5694 2567 5758 συνέξει.
2595 5696 2715 5749 Ilaec
2749 5699 2940 5751 desunt
2963 5700 3012 5751 in
3029 5694 3116 5753 0r.
3144 5698 3200 5754 2.

43 5765 236 5839 λισμῷ.
267 5770 327 5823 Id
368 5785 402 5823 a
469 5765 749 5836 Gregorio
786 5765 1019 5825 additum
1052 5765 1227 5829 verbis
1260 5776 1442 5828 Amos.
1471 5765 1642 5827 Pluri—
