3892 6568
567 426 665 485 951

1788 425 1846 484 s.
1887 427 2211 487 GREGORII
2251 404 2592 487 THEOLOGI

3668 432 3759 487 9‘52

565 546 674 598 lum
703 540 975 603 clauseris,
1007 540 1129 611 quis
1159 539 1399 609 aperiet?
1430 538 1485 593 Si
1517 548 1819 595 cataractas
1858 552 1979 597 tuas
2009 544 2118 597 sol-

2229 546 2369 615 χεσαι
2398 546 2489 597 καὶ
2508 546 2808 607 πλουτίσαι,
2839 542 3055 608 ζωῶσαι
3077 544 3170 596 καί
3198 543 3523 606 θανατῶσαι,
3546 546 3758 610 πατάξαι

567 636 729 699 veris,
780 635 903 703 quis
961 633 1270 687 cohibebit?
1324 632 1503 687 Facile
1550 640 1633 685 est
1687 633 1739 685 in
1792 632 1964 687 oculis
2014 636 2120 689 tuis

566 737 855 793 pauperem
883 721 1063 777 facere
1103 730 1159 776 et
1190 722 1383 787 ditare,
1430 721 1751 775 mortificare
1789 730 1843 775 et
1880 722 2121 777 viviﬁca-

567 830 649 877 re,
679 821 957 884 percutere
990 822 1043 868 et
1088 828 1313 879 sanare;
1355 823 1551 881 tuaque
1586 812 1849 876 voluntas,
1884 813 2121 882 perfecta

567 915 651 960 est
691 907 852 959 actio.
893 904 969 958 Tu
997 908 1165 959 iratus
1212 922 1288 971 es,
1321 915 1366 957 et
1412 921 1503 958 nos
1528 906 1845 972 peccavimus
1870 905 1935 970 ⁸⁸,
1963 907 2037 959 ait
2054 920 2122 960 ex

568 997 839 1050 veteribus
886 996 1130 1066 quidam,
1164 997 1444 1050 confitens.
1478 996 1549 1049 At
1598 995 1709 1064 jam
1761 1004 1972 1066 tempus
2019 1008 2121 1062 est,

486 1104 491 1107 ν
568 1096 625 1138 ut
654 1101 754 1156 ego
784 1088 838 1141 in
874 1088 1200 1141 contrarium
1249 1088 1423 1143 dicam
1482 1104 1497 1140 :
1547 1085 1654 1141 Nos
1688 1088 2047 1156 peccavimus,
2070 1097 2125 1142 et

572 1190 629 1232 tu
660 1180 831 1234 iratus
856 1194 934 1233 es.
969 1179 1172 1234 Idcirco
1206 1180 1396 1235 vicinis
1425 1180 1627 1234 nostris
1670 1180 2012 1250 opprobrium
2049 1180 2127 1233 fa-

570 1272 647 1325 cti
688 1287 895 1327 sumus.
924 1272 1177 1326 Avertisti
1205 1270 1396 1325 faciem
1434 1279 1601 1334 tuam,
1630 1278 1685 1323 et
1714 1270 2002 1339 ignominia
2032 1285 2127 1338 op-

570 1365 697 1433 pleti
747 1379 932 1419 sumus
964 1366 1031 1417 δ’.
1073 1363 1265 1417 Verum
1304 1364 1543 1432 quiesce,
1596 1361 1843 1427 Domine,
1893 1364 2125 1430 remitte,

570 1458 818 1520 Domine,
853 1457 1117 1527 propitius
1168 1469 1304 1520 esto,
1346 1456 1611 1511 Domine;
1653 1469 1721 1538 ne
1761 1469 1861 1509 nos
1911 1463 2129 1522 propter

571 1548 885 1618 iniquitates
914 1559 1125 1605 nostras
1159 1551 1210 1604 in
1263 1560 1578 1620 perpetuum
1624 1549 1835 1612 tradas;
1867 1562 1965 1601 nec
1997 1545 2130 1600 alios

572 1655 670 1708 per
698 1642 957 1710 supplicia
993 1653 1180 1697 nostra
1212 1644 1447 1706 erudias,
1479 1657 1596 1695 cum
1630 1656 1727 1695 nos
1754 1641 1977 1694 aliorum
2018 1653 2131 1709 pe-

572 1728 659 1783 nis
713 1730 984 1801 emendari
1036 1730 1215 1785 liceat.
1263 1729 1499 1796 Quorum
1563 1727 1804 1782 scilicet?
1852 1724 2127 1787 Gentium,

572 1835 692 1889 qua:
719 1831 770 1876 te
788 1836 888 1877 non
920 1832 1202 1887 noverunt,
1216 1830 1265 1879 et
1289 1835 1567 1892 regnorum
1585 1818 1748 1889 309
1764 1832 1880 1887 quae
1905 1817 2130 1886 imperio

2222 633 2313 685 καὶ
2347 632 2616 685 ἰάσασθαι·
2645 632 2821 685 καὶτὸ
2846 630 3065 701 θελῆσαι
3111 631 3218 701 (85)
3268 648 3383 695 σου,
3424 632 3616 701 πρᾶξίς
3662 637 3759 688 ἐστι

2223 722 2690 795 συντετελεσμένη.
2709 724 2791 776 Σὺ
2803 724 3114 792 ὠργίσθης,
3130 725 3226 776 καὶ
3246 725 3413 792 ἡμεῖς
3428 723 3761 794 ἡμάρτομεν,

2222 816 2367 883 λέγει
2406 834 2487 882 τις
2511 818 2618 869 τῶν
2642 817 2808 869 πάλαι
2837 816 3384 887 ἀνθομολογούμενός.
3422 818 3576 888 Ἐμοὶ
3605 818 3658 870 δὲ
3684 823 3763 873 καὶ

2220 908 2281 960 τὸ
2307 910 2543 963 ἐναντίον
2574 910 2762 981 καιρὸς
2794 912 2983 961 εἰπεῖν·
3028 910 3217 977 Ἡμεῖς
3243 910 3577 979 ἡμάρτομεν,
3605 911 3691 962 καὶ
3710 915 3763 965 σὺ

2222 998 2513 1071 ὠργίσθης”
2548 1000 2634 1053 διὰ
2664 1000 2821 1053 τοῦτο
2851 999 3183 1070 ἐγενήθημεν
3200 998 3395 1063 ὄνειδος
3416 1004 3527 1063 τοῖς
3552 1002 3766 1067 γείτοσιν

2224 1092 2397 1161 ἡμῶν.
2441 1092 2809 1163 ’Δπέστρεψας
2851 1092 2911 1144 τὸ
2944 1092 3233 1161 πρόσωπόν
3272 1109 3389 1153 σου,
3436 1094 3529 1144 καὶ
3565 1092 3765 1160 ἀτιμίας

2226 1182 2588 1253 ὲπλήσθημεν.
2638 1184 2794 1236 Ἀλλὰ
2831 1185 3087 1251 κόπασον,
3145 1184 3331 1255 Κύριεθ
3384 1185 3538 1248 ἄνες,
3590 1184 3763 1251 Κύριε·

2228 1273 2495 1344 ἱλάσθητι,
2554 1276 2744 1346 Κύριε’
2800 1277 2874 1346 μὴ
2930 1276 3038 1346 (84)
3085 1276 3338 1347 παραδῷς
3379 1276 3488 1343 (85)
3521 1278 3665 1345 ἡμᾶς
3701 1278 3769 1338 εἰς

2226 1364 2377 1427 τέλος
2398 1366 2483 1417 διὰ
2509 1365 2606 1429 τὰς
2635 1368 2863 1437 ἀνομίας
2883 1371 2914 1437 ἡ
2925 1368 3060 1437 μῶν,
3096 1368 3228 1438 μηδὲ
3251 1368 3338 1420 διὰ
3366 1368 3473 1419 τῶν
3507 1368 3767 1437 ἡμετέρων

2229 1457 2520 1529 παιδεύσῃς
2545 1459 2735 1522 ἄλλους
2770 1460 3061 1529 μαστίγων,
3102 1461 3218 1512 ἐνὸν
3251 1462 3397 1530 ἡμᾶς
3436 1459 3524 1511 διὰ
3548 1459 3645 1527 τῆς
3668 1460 3769 1510 ἐτέ-

2230 1564 2337 1617 ρων
2370 1550 2600 1619 βασάνου
2646 1551 3093 1621 σωφρονισθῆναι·
3128 1553 3285 1604 τίνων
3314 1550 3550 1613 τούτων;
3591 1550 3773 1601 Ἐθνῶν

2228 1640 2335 1692 τῶν
2358 1642 2418 1693 οὐ
2453 1640 2561 1710 (86)
2588 1642 2962 1710 γινωσκόντων
3002 1661 3081 1707 σε,
3131 1644 3223 1696 καὶ
3271 1643 3573 1713 βασιλειῶν,
3610 1643 3663 1695 αἶ
3705 1643 3770 1711 τῷ

2232 1732 2309 1802 σῷ
2363 1734 2549 1803 κράτει
2598 1736 2696 1804 οὐχ
2748 1736 3115 1805 ὑπετάγησαν.
3176 1737 3363 1807 Ἡμεῖς
3395 1737 3452 1789 δὲ
3489 1737 3613 1799 λαός
3666 1753 3773 1797 σου,

2232 1824 2423 1892 Κύριε.
2450 1825 2544 1877 καὶ
2590 1824 2782 1895 ῥάϐδος
2818 1826 3177 1897 κληρονομίας
3211 1845 3323 1881 σου.
3348 1828 3446 1880 Διὰ
3474 1827 3632 1879 τοῦτο
3657 1826 3767 1878 παί-

572 1923 667 1968 ιυο
710 1914 930 1968 minime
956 1913 1191 1981 subjecta
1238 1923 1381 1969 sunt.
1443 1914 1512 1967 At
1555 1926 1653 1965 nos
1701 1909 1926 1979 populus
1975 1919 2127 1969 tuus,

2229 1914 2412 1967 δευσον
2444 1917 2609 1985 ἡμᾶς,
2637 1916 2772 1987 πλὴν
2796 1918 2853 1968 ὲν
2880 1919 3222 1989 χρηστότητι,
3246 1920 3339 1971 καὶ
3372 1919 3447 1989 μὴ
3484 1920 3540 1970 ἐν
3567 1917 3643 1987 τῷ
3671 1917 3765 1986 (87)

571 2001 816 2066 Domine,
870 2010 924 2055 et
952 2003 1097 2071 virga
1141 2001 1469 2057 liaireditatis
1523 2009 1625 2052 tuae
1658 1999 1723 2052 ⁵⁸.
1767 1996 2124 2058 Proindeca-

571 2094 707 2164 stiga
742 2108 862 2160 nos,
901 2107 1085 2148 verum
1126 2095 1177 2148 in
1235 2092 1660 2159 mansuetudine,
1692 2107 1755 2147 ac
1786 2106 1889 2145 non
1944 2090 1996 2143 in
2049 2090 2125 2144 ira

572 2191 685 2249 tua,
718 2199 783 2239 ne
804 2186 1159 2254 paucissimos
1192 2201 1287 2241 nos
1319 2185 1509 2250 facias,
1540 2195 1595 2238 et
1640 2191 2129 2259 contemptissimos

569 2278 807 2331 omnium
838 2279 929 2348 qui
977 2279 1225 2333 habitant
1272 2288 1469 2333 terram
1502 2280 1564 2335 “.

638 2368 775 2423 Xlll.
814 2368 908 2425 His
955 2386 1051 2441 ego
1115 2372 1455 2426 sermonibus
1496 2372 1917 2428 misericordiam
1949 2384 2126 2443 capto.

572 2460 722 2526 Quod
751 2462 796 2515 si
824 2462 1151 2516 holocaustis
1175 2463 1337 2516 etiam
1380 2470 1473 2515 aut
1494 2462 1777 2517 sacrificiis
1800 2463 1934 2516 iram
1966 2464 2131 2533 ipsius

572 2553 786 2619 placare
815 2552 1021 2614 liceret,
1070 2566 1135 2606 ne
1175 2552 1257 2606 bis
1304 2553 1522 2622 quidem
1598 2553 1981 2622 pepereissem.
2022 2552 2131 2608 Vos

570 2657 719 2706 vero,
743 2643 842 2712 ipsi
872 2658 1085 2713 quoque
1135 2643 1379 2696 timidum
1432 2645 1766 2698 sacerdotem
1822 2644 2125 2699 imitemini.

575 2736 649 2788 Ita
681 2735 861 2797 facite.
893 2734 1072 2788 dilecti
1103 2735 1231 2801 lilii;
1264 2736 1359 2799 ita,
1390 2736 1630 2803 inquam,
1661 2736 1822 2792 facite
1853 2752 1967 2802 vos,
1997 2753 2130 2807 quos

574 2826 765 2880 divinae
804 2826 1187 2895 increpationis
1234 2836 1289 2881 et
1341 2828 1691 2897 benignitatis
1722 2830 1895 2885 socios
1924 2838 1977 2885 et
2004 2845 2132 2884 con-

576 2929 749 2973 sortes
778 2919 969 2974 babeo.
997 2918 1053 2973 ln
1085 2920 1341 2990 lacrymis
1374 2921 1583 2975 animas
1603 2930 1811 2977 vestras
1843 2925 2128 2992 possidete,

578 3009 817 3063 divinam
850 3011 982 3065 iram
1006 3012 1210 3077 Sedate,
1242 3022 1417 3066 vestra
1452 3013 1575 3067 vitae
1605 3013 1778 3067 studia
1807 3024 1860 3067 et
1890 3014 2131 3068 instituta

577 3107 630 3159 in
660 3108 847 3164 melius
876 3116 1288 3164 commutantes.
1336 3106 1675 3176 Sunctiﬁcate
1711 3109 1990 3179 jejunium,
2014 3126 2132 3178 pro-

575 3199 797 3252 clamate
860 3201 1219 3263 curationem;
1272 3198 1720 3269 quemadmodum
1768 3214 1863 3254 vos
1920 3215 2126 3254 mecum

572 3293 763 3346 beatus
789 3290 902 3347 Joel
949 3292 1263 3346 cohortatur
1288 3293 1357 3357 δ’,
1389 3290 1710 3361 Congregate
1760 3291 2011 3354 seniores,
2044 3291 2128 3342 iu-

575 3381 745 3450 fantes
772 3382 930 3437 ubera
969 3394 1229 3452 augentes,
1267 3391 1475 3437 aetatem
1514 3380 1894 3442 miserabilem.
1928 3395 1993 3435 ac
2038 3381 2129 3435 Dei

574 3473 939 3528 misericordia
996 3474 1258 3545 imprimis
1291 3473 1523 3544 dignam.
1552 3470 1664 3527 Nec
1688 3487 1815 3527 vero
1845 3487 1930 3527 me
1974 3473 2128 3540 fugit,

574 3578 820 3627 quamam
861 3563 988 3617 mihi
1023 3578 1256 3631 quoque,
1312 3562 1520 3616 Domini
1554 3560 1822 3628 ministro,
1871 3570 1927 3615 et
1953 3561 2126 3627 vobis,

574 3656 664 3724 qui
699 3655 946 3709 eumdem
979 3656 1236 3709 honorem
1286 3654 1555 3707 consecuti
1613 3654 1763 3719 eStis,
1820 3653 2127 3722 pra-cipiat;

575 3747 827 3801 nimirum
879 3756 937 3799 ut
968 3762 1088 3801 cum
1119 3746 1313 3802 ciliciis
1348 3744 1602 3812 templum
1657 3745 2039 3813 ingrediamur,
2069 3758 2130 3799 ac

575 3840 667 3891 diu
708 3847 979 3907 noctuque
1011 3838 1151 3891 inter
1178 3837 1373 3907 gradus
1401 3846 1455 3889 et
1481 3835 1649 3889 altare
1690 3844 1907 3904 pectora
1940 3834 2131 3888 tunda-

575 3948 716 3995 mus,
771 3942 920 4001 gestu
979 3934 1096 3999 ipso
1144 3946 1206 3984 ac
1275 3928 1453 3998 specie
1504 3926 1859 3991 miserabiles,
1907 3926 2129 3980 vocibus

574 4020 1028 4083 miserabiliores;
1068 4028 1177 4071 tum
1216 4028 1421 4079 nostra,
1458 4026 1566 4071 tum
1610 4016 1785 4085 populi
1821 4031 2004 4079 causa,
2049 4015 2130 4068 in-

576 4116 725 4165 tente
758 4123 821 4164 ac
850 4108 1056 4177 prolixe
1109 4108 1421 4171 clamantes,
1468 4124 1569 4161 non
1610 4107 1798 4173 labori,
1856 4121 1962 4160 non
2014 4120 2129 4160 ser-

580 4200 747 4262 moni,
780 4213 885 4252 non
915 4198 1038 4251 ullis
1080 4198 1197 4252 aliis
1258 4198 1413 4251 rebus
1444 4208 1749 4267 parcentes,
1799 4197 1991 4265 quibus
2036 4196 2127 4252 Dei

579 4289 873 4361 indignatio
922 4291 1157 4355 sedatur,
1192 4289 1471 4343 dicentes:
1520 4287 1711 4351 Parce,
1752 4287 1988 4351 Domine,
2039 4304 2131 4355 po-

573 4381 696 4449 pulo
726 4390 837 4445 tuo,
864 4396 926 4434 ne
955 4381 1044 4434 des
1070 4380 1423 4434 htereditatem
1452 4388 1595 4431 tuam
1624 4379 1677 4431 in
1706 4378 2031 4445 opprobrium
2061 4378 2127 4442 ⁸³,

573 4483 627 4529 et
657 4489 775 4543 qua:
807 4474 859 4528 in
892 4487 953 4528 ea
994 4473 1238 4527 oratione
1293 4478 1478 4540 postea
1515 4478 1844 4539 sequuntur;
1877 4478 2130 4538 tantoque

2230 2006 2384 2076 θυμῷ
2411 2024 2523 2059 σου’
2545 2008 2629 2060 ἵνα
2654 2009 2726 2081 μὴ
2767 2008 3071 2077 όλιγοστοὺς
3101 2012 3245 2081 ἡμᾶς
3268 2014 3518 2082 ποιήσῃς,
3546 2011 3633 2062 καὶ
3673 2027 3761 2060 πα-

2233 2098 2301 2170 ρὰ
2340 2102 2540 2164 πάντας
2581 2102 2706 2164 τοὺς
2761 2102 3143 2165 κατοικοῦντας
3186 2104 3282 2173 τὴν
3332 2103 3457 2173 γῆν,
3506 2101 3768 2168 ἐξουδένω-

2232 2208 2306 2260 μα
2329 2192 2463 2261 (88).

2299 2368 2395 2420 ΙΓ’.
2432 2368 2651 2431 Τούτοις
2700 2367 2809 2436 ἐγὼ
2842 2371 2948 2431 τοῖς
2979 2369 3156 2436 λόγοις
3209 2368 3354 2421 ἕλκω
3397 2368 3487 2421 τὸν
3514 2368 3673 2420 ἔλεον·
3724 2370 3764 2418 εἰ

2227 2459 2285 2513 δὲ
2312 2461 2403 2512 καὶ
2426 2459 2862 2529 ὁλοκαυτώμασιν
2888 2460 2920 2530 ἢ
2963 2460 3175 2522 θυσίαις
3196 2455 3263 2529 ἦν
3290 2459 3632 2524 ἐξιλάσασθαι
3658 2459 3770 2529 περὶ

2228 2552 2327 2620 τῆς
2360 2553 2547 2622 ὀργῆς,
2591 2552 2710 2605 οὐδὲ
2749 2553 2950 2604 τούτων
3005 2553 3071 2605 ἂν
3126 2554 3449 2622 ἐφεισάμην.
3499 2553 3679 2623 Ὑμεῖς
3721 2552 3768 2603 δὲ

2230 2642 2322 2695 καὶ
2340 2643 2489 2695 αὐτοὶ
2519 2642 2824 2712 μιμήσασθε
2843 2642 3014 2697 δειλὸν
3045 2644 3211 2714 ἱερέα·
3240 2646 3348 2706 ναὶ,
3376 2644 3536 2697 τέκνα
3566 2646 3765 2711 ἀγαπη-

2228 2733 2317 2797 τὰ,
2348 2735 2454 2797 ναὶ,
2484 2735 2632 2797 θείας
2665 2735 2906 2788 κοινωνοὶ
2936 2738 3028 2788 καὶ
3050 2737 3329 2799 νουθεσίας
3364 2739 3457 2789 καὶ
3486 2735 3764 2806 φιλανθρω-

2230 2824 2377 2887 πίας.
2423 2823 2705 2895 Κτήσασθε
2751 2824 2846 2887 τὰς
2876 2825 3049 2894 ψυχὰς
3085 2825 3235 2895 ὑμῶν
3266 2828 3321 2878 ἐν
3350 2824 3586 2895 δάκρυον
3655 2824 3766 2891 στή-

2232 2931 2359 2967 σατε
2406 2914 2503 2984 τὴν
2552 2914 2740 2985 ὀργὴν,
2776 2913 3015 2983 βελτίονα
3045 2915 3361 2985 ποιήσαντες
3399 2914 3465 2965 τὰ
3510 2911 3761 2981 ἐπιτηδεύ-

2235 3023 2377 3076 ματα
2409 3006 2580 3076 ὑμῶν.
2618 3004 2931 3081 Ἀγιάσατεξ
2958 3006 3262 3073 νηστείαν,
3295 3003 3583 3072 κηρύξατε
3617 3006 3760 3069 θερα-

2232 3100 2427 3151 πείαν
2456 3097 2607 3151 ταῦθ’
2654 3099 2781 3168 ὑμῖν
2810 3097 3173 3151 διακελεύεται
3220 3096 3335 3167 μεθ’
3364 3096 3517 3167 ἡμῶν
3554 3092 3693 3163 Ἰωὴλ
3736 3095 3761 3145 ό

2236 3190 2520 3263 μακάριος.
2568 3190 2938 3260 Συναγάγετε
2974 3188 3430 3257 πρεσϐυτέρους,
3476 3187 3650 3256 νήπια
3672 3190 3760 3252 θηο

2230 3282 2483 3343 λάζοντα
2527 3282 2817 3351 μαστοὺς,
2852 3281 3066 3351 ἡλικίαν
3108 3281 3364 3350 ἐλεεινὴν,
3401 3281 3494 3332 καὶ
3556 3279 3761 3350 μάλιστα

2228 3377 2327 3446 τῆς
2352 3374 2444 3428 τοῦ
2471 3374 2605 3427 Θεοῦ
2635 3374 3043 3449 φιλανθρωπίας
3062 3373 3237 3439 ἀξίαν.
3271 3370 3399 3425 Οἶδα
3453 3372 3529 3433 δὲ,
3561 3372 3593 3424 ἃ
3616 3370 3761 3439 κὰμοί

2230 3466 2305 3538 τῷ
2328 3466 2623 3539 λειτουργῷ
2667 3467 2872 3538 Κυρίου
2902 3468 2997 3519 καὶ
3044 3467 3169 3537 ὑμῖν
3199 3465 3494 3519 ἐντέλλεται
3523 3464 3644 3533 (89),
3666 3466 3759 3523 ssi;

2228 3560 2327 3630 τῆς
2347 3560 2515 3631 αὐτῆς
2538 3559 2693 3631 δόξης
2720 3560 3059 3629 ἠξιωμένοις,
3078 3558 3330 3612 εἰσελθεῖν
3346 3562 3401 3611 ὲν
3420 3559 3631 3620 σάκκοις
3644 3556 3763 3625 (90),

2229 3654 2323 3705 καὶ
2352 3653 2646 3705 κόπτεσθαι
2666 3653 2860 3714 νυκτὸς
2889 3654 2982 3705 καὶ
2998 3652 3203 3723 ἡμέρας
3234 3652 3334 3704 ἀνὰ
3361 3651 3522 3720 μέσον
3550 3649 3649 3717 (9|)
3675 3647 3757 3714 τῆς

2229 3743 2486 3815 κρηπῖδος
2534 3742 2748 3796 καὶτοῦ
2782 3743 3183 3815 θυσιαστηρίου,
3241 3742 3507 3804 ἐλεεινοὺς
3549 3739 3620 3809 τῷ
3649 3738 3757 3807 σχή-

2233 3853 2381 3905 ματι,
2436 3835 2826 3906 ὲλεεινοτέρους
2862 3839 2979 3897 ταῖς
3005 3839 3227 3903 φωναῖς,
3276 3834 3511 3903 βοῶντας
3559 3829 3759 3890 ἐκτενῶς

2229 3928 2368 3997 ὑπέρ
2399 3944 2457 3979 τε
2492 3928 2697 3980 ἑαυτῶν
2724 3929 2817 3979 καὶ
2847 3927 2937 3980 τοῦ
2966 3927 3115 3991 λαοῦ,
3149 3927 3491 3997 φειδομένους
3506 3924 3752 4006 ,μηδενδῃ

2232 4016 2304 4085 μὴ
2331 4016 2519 4074 κόπου,
2548 4017 2620 4087 μὴ
2650 4019 2914 4089 ῥήματος,
2941 4014 3019 4081 οἷς
3035 4019 3164 4081 Θεὸς
3182 4019 3539 4085 ἐξιλάσκεταιο
3560 4017 3754 4076 Φεῖσαι,

2228 4091 2424 4174 Κύριε.
2448 4108 2553 4161 τοῦ
2588 4109 2740 4162 λαοῦ
2781 4124 2918 4171 σου,
2950 4109 3221 4177 λέγοντας,
3256 4112 3348 4162 καὶ
3394 4109 3480 4177 μὴ
3517 4108 3625 4174 δῷς
3663 4106 3757 4171 τὴν

2230 4198 2629 4265 κληρονομίαν
2666 4216 2780 4252 σου
2824 4202 2909 4264 εις
2944 4200 3192 4266 ὄνειδος,
3245 4202 3337 4253 καὶ
3379 4201 3477 4253 ὅσα
3511 4199 3633 4268 ἑξῆς
3678 4197 3757 4263 τῆς

2227 4287 2479 4357 δεήσεως·
2511 4290 2759 4343 τοσοῦτον
2795 4291 2956 4344 πλέον
2985 4292 3204 4361 ἔχοντας
3243 4292 3341 4361 τῆς
3379 4290 3623 4359 θλίψεως,
3656 4289 3757 4340 ὅσον

2229 4382 2323 4433 καὶ
2354 4382 2451 4451 τῆς
2469 4382 2643 4447 ἀξίας,
2672 4384 2738 4435 δι’
2763 4383 2968 4437 ἑαυτῶν
3000 4382 3346 4445 παιδεύοντας
3377 4383 3469 4435 τὸν
3502 4382 3622 4433 λαὸν
3648 4378 3756 4448 api;

2210 4473 2537 4540 νκατάνυξιν,
2568 4477 2662 4529 καὶ
2701 4478 2797 4546 τῆς
2827 4477 3021 4539 κακίας
3049 4475 3347 4546 διόρθωσιν,
3404 4475 3499 4527 καὶ
3532 4473 3621 4543 τὴν
3655 4474 3753 4523 ἐπο-

573 4568 831 4636 majorem
863 4565 1166 4620 amictionis
1193 4574 1399 4633 partem
1434 4563 1750 4625 sentientes,
1798 4573 1997 4630 quanto
2044 4563 2126 4617 di-

2234 4564 2398 4633 μένην
2429 4564 2639 4629 τούτοις
2668 4566 2758 4618 τοῦ
2788 4565 2921 4618 Θεοῦ
2957 4564 3352 4637 μακροθυμίαν,
3371 4566 3464 4618 καὶ
3484 4562 3666 4633 ἀνοχὴν
3682 4560 3755 4625 τῆς

572 4660 774 4726 gnitate
800 4658 1105 4728 superiores
1150 4671 1356 4718 sumus,
1390 4665 1573 4709 nostro
1625 4653 1871 4724 exemplo
1923 4654 2127 4723 plebem

2236 4660 2513 4728 μάστιγος.

570 4755 639 4809 ad
686 4753 1172 4824 compunctiouem,
1228 4752 1592 4821 improbzeque
1651 4750 1776 4805 vitae
1833 4750 2242 4818 correctionem,
2311 4770 2468 4809 uuam
2520 4755 2700 4811 utiuue
2766 4754 2857 4809 Dei
2928 4754 3122 4809 lenitas
3187 4754 3456 4823 virgasque
3504 4748 3753 4819 suspensio

570 4846 884 4911 comitatur,
909 4845 1230 4899 erudientes.

645 4939 784 4994 XIV.
838 4938 1009 4992 Venite
1060 4938 1224 5008 igitur
1249 4952 1456 5003 omnes,
1490 4952 1523 4992 ο
1560 4938 1774 5005 fratres,
1824 4939 2121 5004 adoremus,

570 5049 617 5094 et
648 5036 1003 5105 procidamus,
1039 5042 1086 5087 et
1120 5034 1383 5097 ploremus
1432 5048 1608 5085 coram
1645 5031 1885 5095 Domino,
1922 5034 2010 5102 qui
2046 5034 2123 5101 fe-

2301 4941 2397 4994 IA'.
2419 4922 2594 4993 Ᾱεῦτε
2623 4936 2715 4993 οῦν
2737 4940 2953 5002 πάντες,
2984 4938 3217 5007 ἀδελφοὶ,
3250 4938 3750 5006 προσκυνήσωμεν.

2230 5032 2326 5086 καὶ
2350 5033 2784 5099 προσπέσωμεν
2816 5028 2950 5100 (92),
2979 5028 3077 5082 καὶ
3132 5028 3492 5096 κλαύσωμεν
3514 5027 3753 5080 ἐναντίω·

628 5290 673 5324 ⁸⁸
702 5287 807 5343 lsa.
842 5301 989 5345 utv,
1026 5283 1079 5337 5.
1150 5282 1193 5314 δ’
1223 5281 1363 5336 Psal.
1394 5296 1616 5345 Lxxvm,
1654 5279 1707 5336 4.
1784 5281 1830 5313 ⁸ο
1863 5282 1990 5336 ibid.
2019 5283 2069 5346 6,
2110 5283 2127 5337 i

2297 5238 2341 5310 ’λ
2375 5277 2483 5333 Jer.
2508 5292 2561 5341 κ,
2594 5276 2684 5341 24,
2717 5275 2807 5329 9.5.
2880 5273 2925 5304 "
2954 5269 3065 5325 Joel
3095 5290 3134 5340 ι,
3164 5274 3248 5328 14.
3325 5270 3372 5301 ⁸³
3400 5269 3513 5324 Juv!
3548 5286 3605 5329 ll,
3632 5268 3703 5322 Π.

636 5438 751 5507 (85)
791 5436 859 5491 Τὸ
891 5434 1161 5503 θελῆσαι.
1194 5432 1355 5507 (ξοὶειἐ
1394 5432 1446 5495 1,
1482 5432 1543 5507 τὸ
1581 5431 1809 5507 θέλημα.

663 5502 752 5578 84)
780 5507 897 5575 Μή.
930 5507 1091 5578 Cnisl.
1124 5502 1382 5578 ξηρὴ-ἓ,
1412 5503 1506 5555 κα)⁸
1525 5506 1637 5578 μή.

787 5571 1088 5645 Παραδῷς.
1111 5575 1270 5628 Coisl.
1293 5575 1342 5637 Ι,
1372 5571 1683 5642 παραδῴης.

659 5650 864 5718 86)Οὺ.
895 5648 990 5718 Or:
1016 5647 1069 5703 ε.
1107 5645 1202 5715 μή.

666 5713 753 5788 87)
798 5721 898 5771 Ἐν
922 5716 1042 5788 τῷ..
1065 5713 1215 5769 Deest
1254 5716 1317 5788 i_u_
1354 5713 1598 5788 chgLa,
1628 5728 1675 5775 c,
1715 5715 1856 5788 et‘in
1887 5714 1978 5788 Or.
2009 5714 2064 5788 2.

637 5652 658 5857 ἒ

563 5860 851 5925 ουθίνημα.

664 5783 752 5845 88)
800 5786 1230 5851 Ἐξουδένωμα.
1265 5784 1450 5836 l’lurcs
1500 5783 1663 5851 chg.
1694 5783 1930 5838 etCoisl.
1958 5787 2004 5847 i,
2055 5784 2139 5851 ἐξ·

2311 5432 2848 5504 (89)]Εντέλλεται.
2890 5429 3018 5499 Reg.
3044 5428 3483 5504 plr,__£av~:éfta.).cat,
3519 5446 3537 5504 ς
3576 5423 3749 5504 manda-

2239 5496 2334 5556 vit.
2373 5496 2609 5567 i'Mout.,
2637 5496 3016 5563 ἐντέτακταιξσ
3046 5496 3333 5559 ordinavit,
3368 5496 3649 5553 constituit.
3677 5512 3691 5541 ι

2313 5572 2423 5644 (90)
2463 5574 2563 5625 Ἐν
2585 5572 2857 5644 σάκκοις.
3002 5572 3140 5644 2.-ὲν
3167 5570 3372 5644 σέικκῳ.

2311 5633 2421 5711 (91)
2468 5642 2606 5695 Ἀνὰ
2632 5633 2840 5710 μέσοιέ
2878 5642 3003 5709 Reg.
3034 5642 3100 5708 pb
3125 5633 3461 5711 conjunctim,
3494 5633 3739 5711 ἀναμέσον.

2313 5704 2423 5777 (92)
2454 5704 2911 5780 Προσέτέσωμεν.
2957 5704 3128 5765 ’(Σόιει.
3170 5704 3334 5774 1,Ὀτ.
3387 5708 3440 5768 9.,
3473 5718 3524 5762 et
3551 5704 3743 5760 Montac.

2243 5784 2460 5849 adiltlnl,
2482 5781 2646 5851 αύτῷ.
