3852 6408
524 286 631 340 955

1750 287 1805 340 S.
1853 287 2032 343 GREG
2041 286 2177 342 OBll
2218 287 2555 345 THEOLOGI
3625 294 3710 349 956

527 405 614 461 nis
648 402 1002 466 sublevatam,
1036 400 1088 455 in
1126 400 1337 458 sublimi
1377 404 1623 460 collocet.
1657 403 1844 460 Melius
1875 406 2080 474 quidem

2191 409 2268 469 εἰς
2319 405 2348 458 ὃ
2379 407 2472 460 καὶ
2509 403 2809 476 σπεύδομεν
2841 403 2905 458 ἐκ
2929 402 3030 474 τῆς
3055 403 3290 459 ἐνταῦθα
3342 405 3450 476 (ﬂ)
3477 408 3705 477 παιδαγω

527 497 804 554 nobiscum
853 508 1122 565 ageretur,
1157 498 1201 552 si
1256 512 1355 553 nec
1409 497 1708 564 bujusmodi
1769 499 2082 568 purgatione

527 607 661 662 apus
703 591 1042 651 haberemus,
1098 604 1198 645 nec
1244 590 1462 644 omnino
1514 591 1724 660 purgati
1773 590 2078 655 fuissemus,

527 687 734 754 integra
783 683 1030 738 videlicet
1058 693 1220 754 atque
1253 683 1503 738 incolumi
1531 685 1685 738 nobis
1721 692 1972 738 manente
2001 682 2078 736 di-

525 780 731 848 gnitate
760 777 870 841 illa,
910 779 975 830 ad
1005 791 1163 846 quam
1214 777 1374 832 etiam
1420 792 1520 848 per
1557 775 1786 845 hujusce
1815 776 1934 830 vita:
1973 775 2083 829 dis-

526 869 775 938 ciplinam
827 884 1212 938 properamus;
1291 883 1391 924 nec
1441 883 1541 939 per
1582 883 1822 921 amarum
1881 868 2080 936 peccati

528 971 741 1033 gustum
777 977 805 1015 a
852 963 974 1016 vitae
1030 961 1174 1030 ligno
1217 961 1622 1016 excidissemus.
1656 962 1725 1014 At
1781 961 1907 1014 illud
1954 961 2079 1014 item

526 1051 721 1105 melius
752 1065 816 1105 ac
871 1050 1212 1120 praestantius
1254 1059 1354 1116 est,
1389 1058 1467 1116 ut,
1497 1065 1614 1104 cum
1668 1064 1976 1118 peccamus,
2028 1049 2079 1102 in

526 1156 625 1196 nos
654 1141 812 1211 311
848 1142 1325 1208 animadvertatur,
1355 1155 1514 1210 quam
1562 1149 1621 1195 ut
1651 1140 1894 1196 labentes
1921 1139 2080 1193 mini-

524 1248 614 1286 me
642 1234 986 1303 castigentur.
1019 1232 1185 1298 Quem
1240 1235 1384 1287 enim
1420 1242 1564 1286 amat
1588 1232 1862 1297 Dominus,
1917 1231 2079 1287 casti-

525 1322 707 1392 gat",
754 1333 1094 1391 pateramque
1147 1322 1529 1377 benevolentia:
1581 1331 1950 1391 argumentum
1999 1327 2083 1373 est

527 1413 822 1482 increpatio
855 1430 870 1468 :
898 1423 1085 1468 contra
1115 1415 1289 1469 omnis
1323 1414 1524 1478 anima,
1558 1429 1676 1483 qua:
1702 1411 2079 1467 admonitionis

525 1512 582 1558 et
621 1505 994 1572 castigationis
1019 1519 1212 1574 expers
1241 1514 1342 1569 est,
1365 1504 1673 1559 incurabilis
1711 1511 1908 1558 manet.
1937 1501 2082 1569 Quo-

526 1595 671 1649 circa
713 1611 817 1649 non
854 1610 1016 1664 grave
1041 1606 1125 1650 est
1166 1596 1336 1667 plagis
1375 1593 1532 1660 allici,
1563 1595 1654 1649 sed
1691 1593 1842 1664 plaga
1893 1591 2082 1646 melio-

526 1700 641 1739 rem
682 1699 785 1740 non
830 1686 947 1742 fieri
997 1687 1368 1757 gravissimum
1417 1699 1471 1741 et
1523 1684 1926 1740 acerbissimum
1975 1691 2076 1737 est.

2186 503 2330 569 γίας,
2364 502 2495 573 μηδὲ
2541 502 2651 570 (15)
2700 501 2794 555 τοῦ
2845 501 3005 567 ξύλου
3059 501 3160 572 τῆς
3202 501 3351 573 ζωῆς
3397 505 3634 556 ἐκπεσεῖν
3661 511 3708 577 cf

2188 595 2357 664 πικρᾷ
2384 593 2566 662 γεύσει
2594 594 2695 663 τῆς
2716 594 3004 666 ἁμαρτίας·
3035 596 3284 664 κρεῖσσον
3318 593 3396 654 δὲ,
3420 593 3512 646 τοῦ
3537 594 3604 664 μὴ
3627 598 3639 654 l
3647 595 3698 649 16

2186 684 2532 739 παιδεύεσθαι
2562 685 2874 748 πταίοντας,
2900 685 2960 739 τὸ
2982 685 3392 756 ἁμαρτάνοντας
3422 687 3708 755 ἐπιστρέφε-

2187 775 2328 830 σθαι.
2359 778 2455 830 ’ον
2492 778 2588 848 μὲν
2630 777 2739 849 γὰρ
2764 778 2952 849 ἀγαπᾷ
2977 778 3180 849 Κύριος
3217 777 3482 840 παιδεύει,
3522 779 3609 831 καὶ
3630 797 3714 832 πα-

2185 867 2370 938 τρικὺν
2396 869 2457 921 τὸ
2481 870 2577 939 τῆς
2601 870 2989 945 ἐπιτιμήσεως·
3023 868 3168 940 ψυχὴ
3207 868 3264 922 δὲ
3296 871 3446 922 πᾶσα
3470 869 3719 940 ἀνουθέτη-

2183 977 2294 1024 τος,
2351 960 2737 1030 ἀθεράπευτος.
2789 960 2995 1013 Οὐκοῦν
3042 961 3103 1013 οὑ
3159 959 3432 1030 πληγῆναι
3491 958 3714 1028 χαλεπὸν,

2185 1049 2318 1102 ἀλλὰ
2353 1049 2424 1120 μὴ
2444 1049 2870 1122 σωφρονισθῆναι
2906 1050 3015 1120 (17)
3053 1052 3119 1120 τῇ
3143 1049 3322 1120 πληγῇ
3348 1046 3716 1119 χαλεπώτερον.

2184 1142 2319 1212 Φησί
2350 1159 2431 1205 τις
2465 1141 2572 1194 τῶν
2607 1140 2920 1212 προφητῶν,
2977 1141 3104 1212 περὶ
3133 1139 3227 1193 τοῦ
3287 1138 3502 1210 Ἰσραὴλ
3551 1139 3716 1207 λέγων,

2183 1233 2277 1286 τοῦ
2315 1232 2548 1305 σκληροῦ
2601 1234 2695 1287 καὶ
2725 1234 3097 1305 ἀπεριτμήτου
3140 1232 3238 1303 τὴν
3265 1231 3514 1302 καρδίαν·
3551 1233 3716 1299 Κύριε,

2183 1324 2596 1394 ἐμαστίγωσας
2640 1324 2878 1390 αὐτοὺς,
2926 1326 3022 1378 καὶ
3062 1326 3172 1378 οὐκ
3203 1325 3528 1376 ὲπόνεσαν·
3580 1323 3719 1375 ἐπαί-

2184 1412 2407 1480 δευσας
2451 1414 2696 1481 αὐτοὺς,
2759 1415 2860 1468 καὶ
2920 1417 3031 1468 οὐκ
3089 1413 3402 1481 ἠθέλησαν
3461 1412 3721 1476 δέξασθαι

2185 1503 2472 1558 παιδείαν·
2494 1507 2586 1558 καὶ
2604 1505 2782 1570 πάλιν,
2801 1505 2908 1559 Καὶ
2922 1509 2954 1559 ό
2963 1505 3110 1572 λαὸς
3125 1507 3234 1559 οὐκ
3249 1503 3718 1574 ἐπεστρὰρηξμὸ),

2183 1595 2292 1661 ἕως
2322 1595 2576 1666 ἐπλήγη·
2607 1598 2718 1662 καὶ,
2771 1599 2832 1651 Tl
2864 1597 2974 1665 (l9)
3009 1597 3097 1650 ὅτι
3134 1595 3486 1666 ἀπεστράφη
3515 1599 3547 1649 ὀ
3596 1599 3721 1662 λαός

2177 1702 2296 1754 μου
2329 1685 2722 1756 ἀποστροφὴν
2749 1687 3038 1756 πονηρὰν,
3073 1687 3132 1751 ἐξ
3181 1682 3250 1759 ἦς
3297 1687 3484 1740 τέλεον
3534 1704 3721 1758 συντρι-

526 1777 703 1847 Atque
733 1793 797 1833 eo
836 1780 1051 1834 nomine
1082 1779 1338 1848 prapbeta
1380 1778 1597 1848 quidam
1627 1779 1692 1831 de
1725 1777 1857 1830 duro
1889 1775 1977 1828 illo
2019 1789 2080 1829 ac

2186 1775 2248 1845 δή
2259 1792 2426 1839 σεται,
2451 1778 2543 1829 καὶ
2565 1778 3044 1849 καταφθαρήσεται
3067 1794 3081 1844 ;

528 1873 692 1926 corde
720 1871 1103 1927 incircumciso
1139 1871 1336 1926 lsraele
1376 1871 1536 1924 verba
1570 1869 1791 1936 faciens,
1825 1868 1896 1922 ita
1929 1867 2289 1935 loquebatur:
2349 1869 2588 1936 Domine,
2626 1871 2926 1939 percussisti
2988 1887 3095 1936 eos,
3152 1879 3201 1923 et
3264 1886 3371 1924 non
3423 1870 3720 1923 doluerunt:

525 1965 826 2033 corripuisti
856 1974 1027 2029 eos,et
1052 1974 1328 2018 renuerunt
1379 1964 1609 2032 accipere
1647 1961 1976 2030 disciplinam
1998 1960 2081 2026 ⁸ος
2122 1975 2186 2015 ac
2235 1977 2443 2028 rursus,
2481 1962 2547 2015 Et
2582 1962 2802 2031 populus
2839 1978 2939 2016 non
2983 1972 3058 2016 est
3089 1979 3386 2029 conversus,
3419 1963 3590 2031 quoad
3627 1980 3723 2030 per-

525 2072 706 2108 cussus
739 2065 811 2108 est
845 2055 922 2119 ⁶¹;
953 2064 1007 2108 et
1031 2055 1134 2110 alio
1156 2053 1294 2120 loco,
1337 2051 1512 2116 Quare
1541 2067 1749 2106 aversus
1783 2060 1858 2104 est
1899 2049 2120 2119 populus
2173 2066 2317 2106 meus
2347 2053 2610 2106 aversione
2638 2053 2882 2123 prava“,
2913 2051 2982 2106 ob
3010 2067 3169 2123 quam
3212 2069 3434 2124 prorsus
3473 2053 3722 2109 obteretur

525 2157 579 2202 et
609 2147 1013 2217 exstinguetur?
1887 2133 1889 2138 ί

604 2237 742 2293 XVI.
773 2238 1108 2293 liorrendum
1138 2249 1239 2305 est,
1274 2241 1484 2305 fratres,
1511 2241 1563 2294 in
1595 2241 1687 2295 Dei
1715 2240 1944 2295 viventis
1969 2256 2080 2294 ma-

2256 2239 2374 2304 Ιςῖν.
2401 2235 2634 2306 Φοόερδν
2664 2241 2762 2306 μεν
2821 2228 2937 2300 οῦν,
2985 2234 3222 2306 ἀδελφοὶ,
3256 2235 3317 2289 τὸ
3364 2237 3619 2307 ἐμπεσεῖν
3657 2240 3732 2300 εἰς·

524 2331 880 2385 nusincidere
909 2331 976 2384 ⁸³.
1015 2330 1322 2387 llorrendus
1346 2333 1525 2388 vultus
1561 2333 1768 2387 Domini
1813 2348 1973 2403 super
1997 2333 2079 2385 fa-

2186 2330 2368 2399 χεῖρας
2397 2325 2532 2379 Θεοῦ
2559 2325 2779 2390 ζῶντος·
2813 2326 3041 2398 φοϐερὸν
3060 2327 3117 2381 δὲ
3140 2327 3202 2380 τὸ
3223 2327 3517 2398 πρόσωπον
3540 2328 3720 2398 Κυρίου

525 2423 729 2476 cientes
764 2421 986 2486 mala“,
1031 2422 1324 2492 vitiumque
1361 2422 1598 2478 funditus
1626 2433 1873 2478 evertens
1901 2438 1964 2478 ac
1989 2424 2080 2479 de-

2186 2419 2271 2471 ὲπὶ
2328 2417 2612 2480 ποιοῦντας
2666 2416 2831 2482 κακὰ,
2879 2419 2973 2472 καὶ
3016 2417 3360 2489 πανωλεθρίᾳ
3407 2418 3515 2488 τὴν
3550 2419 3723 2470 κακίαν

527 2515 660 2569 lens.
693 2513 966 2567 Horrenda
995 2513 1143 2568 auris
1170 2515 1400 2579 Domini,
1430 2514 1613 2569 Abelis
1641 2530 1826 2570 vocem
1851 2515 1894 2547 “
1916 2515 2076 2570 etiam

2186 2509 2517 2581 ὲξαφανίζον·
2549 2510 2753 2581 φοϐερὰ
2782 2510 2893 2581 (20)
2921 2511 2978 2564 δὲ
3001 2510 3137 2582 ἀκοὴ
3167 2509 3324 2574 Θεοῦ,
3354 2511 3451 2564 καὶ
3469 2510 3567 2581 τῆς
3584 2509 3724 2561 Ἀεελ

524 2619 621 2672 per
636 2604 854 2658 tacitum
869 2618 1114 2658 cruorem
1132 2608 1389 2659 sentiens.
1411 2605 1666 2660 l-lorrendi
1679 2606 1865 2677 pedes,
1880 2608 2080 2677 impro-

2186 2605 2368 2676 φωνῆς
2391 2604 2754 2676 αἰσθανομένη
2785 2603 2870 2656 διὰ
2899 2602 2993 2656 τοῦ
3019 2602 3277 2671 σιγῶντος
3315 2602 3567 2672 αἵματος·
3591 2601 3725 2669 9:06a-

526 2695 747 2749 bitatem
773 2709 932 2749 cursu
965 2705 1338 2764 asscquentes.
1375 2695 1650 2751 llorrenda
1667 2697 1902 2754 universi
1933 2699 2079 2754 orbis

526 2787 784 2856 impletin,
804 2788 874 2840 ita
898 2797 953 2842 ut
971 2788 1170 2843 nemini
1187 2803 1408 2856 usquam
1423 2787 1514 2842 Dei
1529 2791 1937 2846 commotionem
1952 2789 2079 2846 effu-

527 2895 652 2949 gere
668 2881 826 2937 liceat
841 2880 917 2944 “;
945 2897 1048 2934 non
1067 2880 1110 2934 si
1130 2880 1181 2934 in
1205 2879 1399 2935 coelum
1417 2880 1730 2946 avolaverit,
1748 2896 1850 2936 non
1866 2883 1908 2936 si
1929 2885 1980 2937 in
1996 2883 2078 2937 in-

526 2969 734 3026 fernum
755 2986 814 3026 se
836 2971 1143 3036 contulerit,
1178 2986 1281 3025 non
1299 2972 1357 3045 _si
1386 2973 1450 3025 ad
1475 2972 1736 3026 orientem
1763 2975 2078 3046 profugerit,

2187 2699 2270 2770 po‘t
2302 2697 2358 2752 δὲ
2387 2696 2545 2760 πόδες
2581 2696 2844 2767 πονηρίαν
2895 2693 3424 2765 καταλαμὸἁνοντες·
3446 2692 3657 2761 ῖφοϐερᾶ
3678 2691 3725 2742 ἃ

2184 2788 2276 2842 τοῦ
2306 2787 2503 2851 παντὸς
2535 2786 2811 2858 πλήρωσις
2843 2785 2976 2856 (21),
2997 2784 3072 2848 ὡς
3100 2784 3173 2855 μὴ
3198 2778 3337 2837 εἶναι
3371 2783 3618 2855 μηδαμοῦ
3650 2802 3732 2852 quo

2185 2882 2304 2947 γεῖν
2321 2877 2453 2931 Θεοῦ
2484 2877 2716 2948 κίνησιν,
2752 2875 2826 2948 μὴ
2847 2878 2927 2940 είς
2945 2875 3166 2948 οὐρανὸν
3186 2875 3523 2940 ἀναπτάντα,
3563 2874 3629 2945 μὴ
3661 2876 3725 2936 εἰς

2187 2971 2311 3042 ᾅδου
2337 2970 2679 3041 χωρήσαντα,
2715 2968 2788 3039 μὴ
2817 2967 2950 3038 πρὸς
2989 2966 3098 3038 (ΞΞ)
3133 2966 3724 3037 ἀνατολὰς-ἀποδράντα,

526 3078 630 3115 non
657 3063 700 3116 si
745 3063 796 3116 in
832 3062 1123 3131 profundos
1161 3071 1214 3117 et
1252 3073 1522 3117 extremos
1567 3065 1735 3119 maris
1781 3065 1928 3120 sinus
1959 3082 2078 3151 sev

2186 3061 2260 3133 μὴ
2286 3061 2558 3128 Θαλάσσης
2591 3059 3026 3130 ὲναποκρυϐἐντα
3056 3057 3287 3130 βυθοῖςῆ
3324 3058 3548 3129 πέρασι.
3576 3057 3730 3151 #1065?-

528 3155 792 3209 abdiderit
816 3155 878 3210 ⁶⁷.
909 3155 1044 3222 Quin
1079 3156 1238 3209 etiam
1258 3165 1379 3210 ante
1397 3171 1479 3210 me
1503 3155 1706 3211 Naltum
1723 3156 1806 3210 ille
1823 3157 2086 3216 Elreswus

528 3248 882 3303 Ninivitarum
909 3263 1044 3302 onus
1087 3248 1477 3320 prmdicans",
1531 3250 1740 3304 zeloten
1796 3251 1983 3318 Deum,
2035 3259 2090 3306 et

533 3339 811 3394 Dominum
837 3355 958 3395 cum
989 3339 1170 3394 furore
1199 3341 1538 3396 adversarios
1563 3357 1691 3398 suos
1715 3342 2084 3412 ulciscentem,

533 3441 846 3500 tantamque
905 3432 1213 3488 severitatis
1275 3434 1703 3502 magnitudinem
1748 3436 2084 3491 adhibentem

528 3522 914 3592 perhorrescit,
939 3531 996 3576 ιιι
1026 3538 1094 3578 ne
1123 3525 1409 3579 secundam
1447 3525 1661 3595 quidem
1692 3526 1946 3582 adversus
1973 3542 2085 3582 sce-

529 3613 730 3668 leratos
779 3614 1034 3669 ultionem
1081 3614 1182 3669 sibi
1233 3615 1492 3686 reliquam
1546 3617 1727 3672 faciat.
1782 3616 1916 3672 Nam
1964 3632 2085 3673 cum
2137 3669 2140 3673 .

528 3705 718 3759 Isaiam
769 3707 926 3760 audio
971 3704 1322 3762 Sodomorum
1382 3709 1576 3778 populo
1645 3724 1710 3763 ac
1773 3709 2086 3764 Gomorrltae

530 3795 857 3864 principibus
882 3796 1236 3859 minitantem,
1263 3805 1320 3850 et
1349 3797 1616 3852 dicentem
1647 3817 1661 3853 :
1699 3797 1892 3869 thuid
1944 3800 2083 3852 ultra

528 3886 908 3956 percutiemini,
927 3887 1171 3940 addentes
1195 3889 1675 3955 prazvaricationem
1694 3890 1776 3942 '9?
1806 3889 2082 3943 minimum

530 3976 702 4042 abest,
741 3977 868 4044 quin
903 3986 1010 4030 toto
1036 3991 1262 4046 corpore
1283 3980 2083 4051 contremiscam,lacrymisque

530 4061 1146 4138 perfundar.'Scclcris,
1188 4070 1382 4137 inquit,
1437 4072 1730 4124 accessiani
1785 4071 1927 4124 nulla
1971 4072 2081 4142 jam

527 4173 701 4227 poenae
751 4145 991 4213 accessio
1050 4162 1342 4229 excogitari
1382 4172 1598 4230 potest:
1647 4163 1719 4216 ita
1758 4178 1853 4232 per
1903 4165 2080 4216 omnia

527 4251 756 4318 grassati
784 4251 936 4316 estis,
970 4261 1129 4322 atque
1161 4268 1321 4308 omne
1367 4253 1638 4323 plagarum
1669 4270 1836 4323 genus
1882 4255 2082 4309 exhau-

526 4341 691 4408 sistis,
751 4358 943 4398 novam
999 4345 1224 4399 subinde
1288 4360 1500 4416 poenam
1552 4361 1646 4415 per
1682 4349 2076 4417 improbitatem

2186 3149 2348 3229 ταιδὲ
2376 3149 2481 3222 πρὸ
2510 3149 2643 3220 ἐμοῦ
2669 3150 2762 3202 καὶ
2805 3149 2998 3219 Ναοὺμ
3027 3149 3055 3200 ὁ
3105 3147 3434 3212 Ἑλκεσαῖος,
3468 3149 3528 3200 ὲν
3567 3141 3641 3208 οἷς
3677 3146 3727 3197 τὸ

2188 3235 2327 3294 κατὰ
2362 3239 2548 3293 Νινευῖ
2577 3238 2686 3309 (25)
2745 3235 2938 3307 λῆμμα
2983 3235 3314 3307 δημοσιεύει,
3357 3234 3452 3287 τὸν
3499 3231 3725 3302 ζηλωτὴν

2187 3331 2337 3394 Θεὸν,
2370 3330 2464 3383 καὶ
2490 3327 2804 3382 ἐκδικοῦντα
2837 3327 3039 3398 Κύριον
3063 3326 3200 3396 μετὰ
3235 3325 3409 3395 θυμοῦ
3438 3325 3566 3388 τοὺς
3588 3326 3727 3377 ὑπεν-

2187 3422 2419 3485 αντίους,
2450 3422 2545 3474 καὶ
2573 3418 2808 3492 τοσαύτῃ
2827 3418 3104 3489 χρώμενον
3120 3417 3423 3487 ἀποτομίας
3443 3433 3512 3469 πε
3518 3415 3739 3488 ρωπίᾳ,

2187 3513 2261 3575 ὡς
2279 3511 2411 3583 μηδὲ
2439 3511 2692 3582 δευτέραν
2730 3507 3114 3562 ὑπολείπεσθαι
3157 3506 3298 3560 κατὰ
3336 3506 3447 3559 τῶν
3502 3504 3727 3576 πονηρῶν

2186 3603 2478 3676 ἐκδίκησιν.
2522 3603 2744 3656 Ἡσαΐου
2774 3603 2868 3673 μὲν
2919 3601 3032 3672 γὰρ.
3068 3601 3195 3654 ὅταν
3223 3599 3460 3663 ἀκούσω,
3515 3598 3590 3668 τῷ
3632 3595 3730 3664 λαῷ

2185 3696 2429 3766 Σοδόμων
2497 3696 2591 3749 καὶ
2650 3697 2762 3758 τοῖς
2812 3693 3037 3765 ἄρχουσι
3073 3691 3355 3762 Γομόρρας
3379 3688 3726 3751 ἀπειλοῦντος,

2185 3786 2277 3838 καὶ
2304 3785 2572 3854 λέγοντος·
2611 3785 2672 3838 Τί
2707 3783 2795 3837 ἔτι
2843 3780 3110 3851 πλητῆτε
3143 3781 3274 3852 (9.4),
3327 3778 3730 3848 προστιθέντες

2184 3875 2472 3945 ἀνομίαν;
2523 3873 2719 3947 μικροῦ
2757 3874 2852 3928 καὶ
2887 3874 3086 3945 φρίκης
3119 3872 3450 3944 πληροῦμαι,
3486 3872 3582 3924 καὶ
3613 3888 3728 3936 συγ-

2185 3964 2382 4034 χέομαι
2424 3964 2704 4036 δάκρυσιν.
2746 3964 2859 4017 Οὐκ
2893 3963 3026 4028 ἐστι,
3059 3962 3212 4032 φησὶ,
3249 3965 3316 4033 τῇ
3344 3961 3628 4034 προσθήκῃ
3645 3959 3727 4027 τῆς

2184 4054 2456 4126 ἁμαρτίας
2506 4054 2822 4127 προσθήκην
2853 4053 3064 4125 πληγῆς
3092 4053 3350 4124 ἐξευρεῖν·
3387 4053 3532 4106 οὕτω
3569 4052 3728 4105 πάντα

2181 4146 2599 4218 διεξεληλύθατε,
2628 4150 2723 4202 καὶ
2753 4150 2858 4201 πᾶν
2887 4145 3025 4211 εἶδος
3055 4147 3266 4218 πληγῆς
3302 4145 3627 4208 ἐκενώσατε,
3651 4144 3725 4197 ἀεί

2180 4257 2299 4293 τινα
2328 4241 2640 4312 καινοτέραν
2668 4240 2755 4293 διὰ
2776 4241 2874 4310 τῆς
2903 4241 3096 4304 κακίας
3117 4239 3217 4308 τῆς
3241 4239 3348 4309 (25)
3382 4239 3591 4291 ἑαυτῶν
3613 4253 3726 4309 xpo-

2182 4330 2518 4400 καλούμενοι.
2552 4333 2671 4384 Οὐκ
2702 4331 2831 4384 ἐστι
2859 4331 3110 4400 τραῦμα,
3153 4329 3296 4383 οὐδὲ
3320 4328 3572 4399 μώλωψ,
3603 4329 3725 4381 οὔτε

526 4443 760 4487 vestram
791 4445 1150 4492 acccrsentes.
1181 4435 1407 4492 Nonest
1432 4438 1638 4504 vulnus,
1670 4456 1770 4493 non
1803 4440 1951 4506 livor,
1979 4458 2080 4495 non

2186 4421 2383 4492 πληγὴ
2436 4422 2906 4491 φλεγμαίνουσα·
2969 4419 3394 4489 ὀλοσώματος,
3449 4409 3648 4489 φησιν,
3693 4417 3724 4482 ἠ

523 4526 679 4596 plaga
714 4537 915 4581 tumens
946 4544 964 4582 :
996 4538 1103 4582 toto
1141 4545 1373 4598 corpore,
1412 4529 1606 4597 inquit,
1639 4530 1757 4599 fusa
1787 4542 1860 4583 est
1900 4533 2074 4602 plaga,

523 4633 839 4687 prorsusque
871 4617 1203 4673 incurabilis.
1259 4619 1380 4673 Non
1419 4622 1559 4674 enim
1606 4621 1865 4690 malagma
1914 4626 2078 4690 impa-

525 4722 646 4760 nere
675 4717 770 4772 est,
803 4725 905 4760 non
939 4711 1130 4768 oleum,
1182 4727 1286 4762 non
1348 4710 1690 4780 alligaturam
1721 4712 1787 4765 7°.
1830 4713 1928 4776 Ac,
1961 4729 2076 4781 quae

523 4797 776 4866 deinceps
805 4801 856 4851 in
898 4814 958 4851 ea
994 4801 1409 4854 cutmninatione
1444 4811 1758 4868 sequuntur,
1794 4813 2072 4869 praetereo,

524 4902 591 4943 ne
620 4889 867 4957 prmsenti
895 4889 1047 4958 plaga
1072 4891 1222 4944 vobis
1245 4889 1492 4944 acerbior
1519 4893 1797 4944 exsistam.

2183 4511 2406 4582 πληγὴ,
2436 4513 2596 4566 ἀλλὰ
2633 4512 2729 4566 καὶ
2774 4511 3188 4580 ἀθεράπευτος.
3231 4513 3312 4564 Οὐ
3337 4510 3447 4580 γὰρ
3474 4512 3606 4565 ἔστι
3634 4509 3731 4577 μά-

2181 4607 2378 4672 λαγμα
2397 4603 2701 4668 ἐπιθεῖναι,
2729 4607 2866 4658 οὔτε
2890 4605 3115 4671 ἔλαιον,
3140 4605 3276 4657 οὔτε
3311 4604 3727 4672 καταδέσμους.

2182 4695 2289 4749 Καὶ
2337 4694 2572 4766 παρίημι
2634 4696 2702 4749 τὰ
2757 4695 2883 4766 ἑξῆς
2942 4696 3043 4765 τῆς
3087 4695 3341 4764 ἀπειλῆς,
3405 4696 3489 4747 ἴνα
3553 4695 3627 4766 μὴ
3647 4695 3729 4763 τῆς

2184 4789 2458 4860 παρούσης
2481 4789 2607 4858 ύμῖν
2643 4786 2752 4859 (26)
2781 4788 2991 4858 πληγῆς
3021 4786 3310 4857 βαρύτερος
3339 4787 3564 4856 γένωμα

569 5001 639 5060 ’⁸⁸
667 5027 829 5082 Prov.
875 5044 957 5094 ιιι,
1002 5028 1072 5082 12
1110 5097 1115 5098 ί
1169 5029 1214 5060 ⁸⁸
1257 5028 1369 5085 Jer.
1409 5047 1464 5093 v,
1503 5030 1558 5084 '5.
1635 5033 1673 5062 “
1708 5031 1810 5086 lsa-
1842 5048 1919 5094 IX.
1953 5033 2037 5086 15-

2190 5035 2301 5090 Jer.
2341 5051 2458 5098 vm,
2513 5035 2566 5090 5.
2649 5035 2693 5067 ⁸³
2731 5033 2896 5089 Hebr.
2935 5051 2993 5094 κ,
3038 5036 3125 5092 51.
3199 5035 3245 5068 ⁸⁸
3271 5035 3409 5088 Psal.
3436 5033 3726 5095 xxxnt,l7.

523 5097 567 5128 "
592 5097 726 5152 Gen.
759 5113 831 5164 tv,
860 5100 943 5154 10.
1018 5100 1064 5131 ⁸⁸
1091 5097 1204 5152 .ler.
1227 5115 1386 5165 χχιιι,
1415 5102 1504 5156 24.

615 5189 700 5254 ll)
748 5190 1058 5245 Ἐνταῦθα.
1087 5191 1300 5246 Coile
1333 5202 1385 5245 et
1422 5194 1516 5248 Or.
1551 5194 1604 5257 2,
1652 5194 1913 5248 ἐντεῦθεν.

741 5260 924 5334 Μῃδῤ.
957 5261 1212 5334 lieg.b_tn,
1241 5263 1402 5334 μήτε.

590 5281 680 5327 (ιο
741 5281 924 5327 mnos.
957 5281 1212 5327 negwm,

589 5281 703 5397 (16)
722 5329 834 5396 Μή.
861 5331 1016 5384 Deest
1044 5333 1094 5383 in
1114 5332 1205 5387 Or.

594 5400 706 5475 (FQ
724 5399 1225 5475 Σῳφρονισθῆγαι.
1252 5403 1420 5475 Regg.
1444 5405 1555 5471 lim,
1584 5404 1676 5473 pb,
1703 5403 1957 5470 Montac.,
1982 5424 2084 5460 σω·

519 5468 882 5540 φρονίςεσθαι.

740 5540 1143 5615 ᾎΕσιξσστράςση.
1174 5543 1228 5596 1η
1254 5544 1592 5615 quibusdam,
1627 5544 1972 5615 ἀπεστράφη.

593 5608 704 5681 (19)
737 5611 814 5663 Τί.
843 5608 998 5681 Deest
1027 5608 1077 5674 in
1109 5608 1235 5681 lleg.
1269 5608 1320 5674 ἐι,
1349 5624 1400 5668 et
1421 5613 1579 5667 0r.9..

731 5680 968 5752 Φοόεριί.
1000 5681 1172 5745 Pass.,
1188 5677 1449 5752 φοϐερόν.

593 5743 703 5819 (ει)
730 5743 1300 5820 ηανξὸςπλήρωάις.
1327 5743 1486 5812 Coisl.
1513 5753 1566 5819 ε,
1599 5753 1793 5826 aliique
1813 5755 2072 5822 nonnulli,

1601 5102 1643 5133 ⁸⁷
1666 5101 1804 5155 Psal.
1853 5119 2114 5169 cxxxvnt,
2138 5105 2168 5158 7
2201 5122 2318 5176 sqq.

2395 5105 2440 5137 ⁶⁸
2474 5105 2683 5159 Naltum
2731 5121 2770 5169 ι,
2813 5106 2863 5158 1.
2970 5106 3013 5137 ⁶⁹
3054 5104 3154 5161 lsa.
3187 5122 3225 5171 ι,
3253 5107 3307 5161 5.
3385 5106 3432 5136 ⁷⁵
3469 5106 3578 5158 lsa.
3616 5121 3654 5164 ι,
3684 5101 3724 5154 6.

2185 5197 2383 5261 παντὸς
2402 5197 2605 5266 κόσμου
2619 5214 2704 5268 ﬁcu
2713 5196 2856 5268 μπλή
2866 5214 3048 5268 ρωσις.

2252 5269 2361 5335 (⁵22)
2394 5269 2569 5334 Πρός.
2605 5267 2696 5322 Or.
2732 5267 2785 5330 2,
2807 5267 2905 5330 εἰς.

2251 5335 2361 5406 (25)
2396 5338 2615 5391 Νινευΐ.
2644 5335 2775 5404 Reg.
2805 5337 2894 5406 ph,
2925 5337 3144 5406 Νινευή.

2249 5400 2362 5494 (24)
2386 5406 2680 5475 Πλητῆτε.
2719 5400 2817 5461 Sic
2867 5405 3033 5476 llegg.
3088 5400 3138 5470 a,
3188 5421 3238 5468 c,
3271 5405 3360 5474 ph,
3400 5406 3510 5458 les.
3545 5400 3599 5455 In
3632 5402 3725 5461 ρὰ..

2179 5476 2357 5548 πληγῇ
2385 5495 2465 5530 τε.

2187 5620 2199 5633 .
2239 5549 2360 5633 ’(Ξξῑ)
2413 5544 2546 5614 Τῆς.
2626 5545 2714 5600 Sic
2770 5548 2948 5616 plures
3021 5547 3186 5616 Regg.
3219 5553 3272 5599 et
3331 5543 3424 5599 Or.
3470 5544 3530 5597 9..

2187 5617 2367 5760 Ιηξὲέ)
2411 5689 2727 5759 Παρούσης
2780 5687 2939 5757 ὑμῖν,
2999 5697 3101 5741 etc.
3149 5684 3238 5741 Sic
3273 5684 3437 5753 Regg.
3469 5677 3728 5746 a,,c,bm,

3587 5543 3726 5596 Deest
