3852 6408
112 396 189 454 957
713 455 727 466 ἡ
975 393 1232 452 ORATIO
1271 397 1408 454 XVI.
1451 429 1517 441 -—-
1561 400 1630 455 IN
1671 401 1946 457 PATREM
1989 402 2380 458 TACENTEM.

3186 412 3291 469 958

165 511 246 568 IZ'.
277 507 420 581 Πλὴν
443 510 750 580 ἐπιγνῶμεν
775 510 868 564 τοῦ
897 512 1064 566 κακοῦ
1094 513 1192 586 τὴν
1233 515 1507 571 ὑπόθεσιν.
1536 520 1636 572 Πό-

1811 521 1969 591 312
2031 519 2191 574 xvu.
2242 519 2348 575 Sed
2390 529 2567 575 tamen
2605 506 2764 593 tumis
2807 522 3119 582 calamitatis
3161 542 3293 585 εευ-

114 608 184 661 θεν
207 600 569 672 ὲξηράνθησαν
590 602 854 672 γεωργίαι
888 601 1022 673 (27),
1049 605 1396 678 ᾐσχύνθησαν
1430 607 1637 678 ἀποθῆ-

112 711 201 757 και,
231 691 318 744 καὶ
367 691 506 761 νομὴ
537 691 800 762 ποιμνίων
836 692 1101 757 ἐξέλιπεν,
1135 696 1386 768 ὠλιγὼθη
1417 696 1526 768 (28)
1568 698 1636 751 τὰ

113 785 256 857 ὡραῖα
277 782 373 852 τῆς
397 782 525 852 γῆς,
540 783 640 836 οὐκ
669 783 910 855 ἐπλήσθη
942 784 1008 838 τὰ
1029 785 1186 839 πεδία
1214 786 1483 858 πιότητος,
1505 789 1638 842 ἀλλὰ

109 875 394 947 κατηφείας·
427 875 526 928 οὐκ
577 875 878 946 ἐπλήθυναν
913 878 968 931 αἱ
1019 877 1262 942 κοιλάδες
1295 883 1458 947 σῖτον,
1522 880 1636 933 ἀλλ’

110 968 470 1040 ὲκλαύσθησαν·
499 969 598 1022 οὑκ
638 969 899 1034 ἐστάλαξε
930 970 1040 1042 (29)
1070 971 1137 1024 τὰ
1161 971 1262 1043 ὄρη
1301 972 1634 1043 γλυκασμὸν,

107 1064 166 1125 ὡς
187 1061 400 1132 ὕστερον
427 1065 538 1124 τοῖς
571 1061 820 1126 δικαίοις,
860 1062 973 1116 ἀλλ’
1001 1063 1360 1136 ἀπεκοσμήθη
1408 1063 1501 1117 καὶ
1524 1067 1637 1134 ητι-

111 1154 278 1227 μάσθη,
324 1154 416 1207 καὶ
457 1154 554 1224 τὴν
584 1155 622 1206 Γ
625 1155 809 1208 ελὸουέ
847 1157 1090 1228 κατάραν
1136 1159 1199 1210 ἐκ
1231 1157 1340 1210 τῶν
1384 1159 1638 1211 ἐναντίων

107 1245 320 1311 ἑδέξατος
350 1244 573 1312 Γέγονεν
599 1245 674 1308 ὡς
705 1246 764 1298 τὸ
784 1246 878 1298 ἀπ’
918 1248 1094 1318 ἀρχῆς
1119 1250 1323 1320 πᾶσαὴ
1355 1249 1452 1318 γῆ,
1509 1251 1636 1321 πρὶν

107 1334 414 1407 κοσμηθῆναι
458 1339 568 1400 τοῖς
599 1337 797 1408 ἑαυτῆς
833 1338 1105 1394 κάλλεσιν.
1160 1339 1512 1408 Ἐπεσκέψω
1540 1340 1636 1410 μὲν

86 1424 198 1491 ,τὴν
240 1422 372 1493 γῆν,
427 1424 524 1477 καὶ
576 1425 872 1494 ἐμέθυσας
907 1425 1119 1494 αὐτὴν,
1170 1427 1284 1480 ἀλλ’
1335 1427 1637 1500 ἐπισκοπὴν

105 1517 313 1589 πονηρὰν
354 1518 446 1571 καὶ
481 1517 651 1589 μέθην
683 1519 941 1590 ὀλέθριον.
970 1519 1072 1572 Φεῦ
1103 1519 1196 1572 τού
1226 1519 1526 1591 θεάματοςί
1579 1522 1636 1573 ἐν

105 1610 290 1681 καλάμῃ
315 1609 386 1663 τὰ
410 1611 508 1681 τῆς
536 1611 793 1684 εὐφορίας
825 1613 974 1683 ἡμῖν,
1006 1612 1098 1664 καὶ
1127 1614 1344 1684 μικροῖς
1366 1602 1650 1682 λειψάνοις⁸

101 1702 311 1777 ήσπορὰ
339 1701 684 1773 γνωρίζεται,
733 1704 826 1756 καὶ
864 1703 1014 1773 μόλις
1045 1705 1296 1776 ἀπαρχὰς
1329 1705 1518 1775 Κυρίῳ
1575 1704 1637 1758 τὸ

105 1798 232 1869 Θέρος
277 1794 433 1866 ἡμῶν
470 1799 826 1867 καρποφορεῖ,
870 1797 1004 1866 μησὶ
1048 1796 1246 1867 μᾶλλον
1277 1795 1390 1868 (50)
1442 1791 1650 1868 ἢδρὰέ

1737 628 1854 667 sam
1889 626 2263 682 agnoscamus.
2293 611 2401 667 Cur
2449 623 2658 682 segetes
2719 626 3060 685 exaruerunt,
3101 619 3291 678 horrea

1738 705 1962 760 confusa
1995 715 2142 768 sunt,
2189 719 2382 774 pascua
2430 704 2605 758 ovium
2653 705 2983 774 defecerunt,
3008 722 3293 768 extenuata
3370 749 3384 760 ι

1740 806 1866 850 sunt
1903 797 2143 865 speciosa
2199 804 2376 860 terra),
2432 799 2606 865 campi
2658 811 2763 851 non
2813 800 3152 869 pinguedine,
3201 808 3294 860 sed

1738 896 1969 937 mmrore
2004 882 2200 953 perfusi
2235 893 2396 951 sunt;
2455 885 2620 940 valles
2671 902 2774 940 non
2832 887 3098 946 frumento
3128 894 3296 948 abun-

1736 977 1952 1042 darunt,
1984 976 2076 1029 sed
2116 974 2404 1046 deplorata:
2441 987 2598 1042 sunt;
2648 987 2856 1032 montes
2889 980 3060 1048 nobis,
3103 999 3295 1052 quem-

1737 1066 2021 1120 admodum
2071 1077 2255 1136 postea
2281 1067 2443 1136 justis
2473 1068 2622 1132 viris,
2655 1068 2986 1124 dulcedinem
3031 1089 3134 1126 non
3175 1076 3294 1128 stil-

1737 1155 1934 1220 larum,
1966 1155 2058 1210 sed
2095 1165 2340 1210 ornatum
2372 1172 2526 1212 suum
2579 1168 2879 1225 exuerunt”
2901 1162 3294 1232 ignominiaque

1737 1244 2122 1320 aﬂ‘ecti‘lsunt,
2181 1265 2243 1304 ac
2296 1252 2557 1304 montium
2619 1251 2818 1307 Gelboe
2870 1255 3292 1312 maledictionem

1736 1342 2007 1398 contrario
2040 1345 2196 1398 modo
2233 1354 2556 1414 acceperunt
2589 1343 2674 1397 7‘?
2703 1343 2866 1400 Facta
2913 1359 2994 1402 est
3045 1350 3293 1404 universa

1739 1441 1879 1488 terra
1915 1443 2040 1488 uta
2095 1435 2380 1514 principio,
2435 1451 2555 1489 cum
2620 1439 2851 1490 nondum
2903 1439 3297 1508 pulchritudine

1736 1541 1830 1581 sua
1867 1539 2126 1582 exornata
2186 1538 2350 1584 esset.
2419 1527 2650 1583 Visitasti
2690 1539 2905 1593 terram,
2935 1540 2983 1584 et
3031 1531 3297 1586 inebriasti

1736 1636 1846 1673 eam
1885 1621 1966 1686 7';
2016 1621 2106 1675 sed
2151 1623 2453 1677 visitatione
2503 1622 2661 1685 mala,
2708 1630 2760 1676 et
2813 1621 3064 1691 pestifera
3119 1623 3295 1677 ebrie-

1739 1720 1864 1769 tate.
1909 1711 2052 1767 Proh
2089 1713 2240 1768 triste
2286 1712 2684 1783 spectaculum!
2739 1713 2790 1767 in
2831 1712 3006 1768 culmo
3054 1714 3300 1768 fertilitas

1736 1804 1890 1860 nobis
1936 1814 2039 1870 est,
2064 1819 2118 1860 et
2151 1807 2405 1860 sementis
2457 1820 2521 1860 ex
2565 1806 2740 1872 parvis
2771 1806 3010 1876 reliquiis
3057 1806 3302 1874 agnosci-

100 1905 241 1959 γμασι
292 1886 858 1957 καταλαμϐανόμενον.
908 1887 1160 1952 Τοιοῦτος
1207 1889 1236 1941 ό
1275 1887 1500 1952 πλοῦτος
1525 1889 1634 1942 τῶν

1747 1904 1848 1962 tur,
1872 1911 1936 1951 ac
1963 1897 2050 1951 vix
2092 1897 2358 1967 primitias
2397 1897 2624 1951 Domino
2691 1897 2881 1950 messis
2927 1891 3108 1950 nostra
3166 1897 3298 1961 edit,

99 1981 296 2044 ἀσεϐῶν,
325 1978 553 2034 τοιαῦτα
580 1978 647 2032 τὰ
660 1979 768 2034 τῶν
793 1979 978 2043 κακῶς
1003 1981 1331 2052 σπειρόντων
1371 1979 1630 2053 γεώργια·

97 2073 375 2143 ἐπιϐλέψαι,
409 2073 543 2143 ὡςή
577 2072 778 2126 παλαιὰ
807 2072 1038 2143 κατάρα,
1073 2072 1309 2136 πλείονα,
1369 2074 1460 2126 καὶ
1520 2075 1635 2125 είσ-

99 2169 310 2236 ενεγκεῖν
355 2166 532 2233 ὀλίγα·
565 2167 804 2236 σπεῖραι,
855 2165 948 2218 καὶ
984 2165 1057 2235 μὴ
1100 2165 1329 2236 ἀμῆσαι·
1356 2164 1634 2234 φυτεῦσαι,

96 2262 169 2314 καὶ
216 2260 284 2330 μὴ
324 2257 598 2328 ἐκθλῖψαι·
628 2252 700 2314 ,οὗ
749 2256 1015 2328 ἐργῶνται
1070 2257 1204 2328 ,δέκα
1256 2257 1423 2328 ζεύγη
1477 2258 1634 2329 βοῶν,

96 2354 288 2424 ποιῆσαι
345 2352 609 2423 κεράμιον
661 2351 741 2404 ἐν·
773 2351 866 2403 καὶ
910 2350 1039 2422 παρ’
1073 2350 1251 2414 ἄλλοις
1275 2352 1491 2405 ἀκούειν
1539 2350 1637 2422 τὴν

93 2444 391 2517 εὐκαρπίαν,
434 2445 630 2508 αὐτοὺς
690 2443 864 2515 ἐνδείᾳ
902 2443 1013 2516 (51)
1061 2444 1433 2515 πιεζομένους.
1467 2444 1638 2499 Πόθεν

93 2538 266 2602 ταῦτα,
297 2538 396 2590 καὶ
426 2537 510 2601 τίς
544 2539 576 2608 ὴ
609 2537 756 2590 αίτία
810 2535 902 2590 τοῦ
953 2535 1330 2608 θραύσματος;
1358 2537 1449 2610 Μὴ
1506 2539 1637 2592 ἀνα-

92 2632 337 2702 μείνωμεν
371 2630 462 2684 ὑπ’
495 2630 667 2684 ἄλλων
705 2629 1048 2700 ἐλεγχθῆναι·
1083 2630 1238 2702 ἡμῶν
1256 2630 1431 2684 αὐτῶν
1456 2630 1642 2696 ἐξετα-

93 2725 195 2778 σταὶ
223 2722 534 2794 γενώμεθα.
563 2723 722 2790 Μέγα
760 2723 960 2786 κακίας
986 2723 1296 2795 φάρμακον,
1327 2724 1418 2777 καὶ
1451 2724 1641 2794 ὁμολο-

1739 2000 1900 2060 atque
1928 2004 1992 2044 ex
2035 1989 2305 2044 mensibus
2347 1990 2524 2058 potius
2557 2005 2715 2058 quam
2761 2004 2830 2042 ex
2876 1987 3157 2058 manipulis
3185 2002 3304 2058 per-

1737 2081 1955 2150 cipitur.
2003 2081 2161 2136 Tales
2194 2081 2479 2150 impiorum
2533 2081 2732 2136 divitiae
2782 2091 2924 2146 sum,
2983 2081 3113 2136 tales
3164 2081 3301 2135 male

1738 2172 2115 2226 seminantium
2188 2186 2391 2228 messes
2451 2188 2465 2224 :
2532 2171 2806 2238 nimirum,
2854 2169 3003 2240 juxta
3069 2181 3300 2227 veterem

1738 2262 2205 2329 maledictionem,
2235 2266 2501 2330 respicere
2539 2263 2605 2316 ad
2644 2263 2828 2326 multa,
2858 2273 2913 2318 et
2943 2278 3107 2333 pauca
3138 2263 3306 2318 infer-

1738 2370 1797 2410 re
1825 2356 1909 2410 ἠε
1942 2355 2226 2423 seminare,
2264 2364 2319 2410 et
2351 2371 2454 2410 non
2499 2363 2746 2422 metere;
2786 2355 3052 2426 plantare,
3101 2368 3154 2410 et
3199 2372 3303 2411 non

1736 2448 2043 2518 exprimere
2073 2448 2159 2514 “;
2210 2447 2296 2502 ubi
2329 2448 2510 2502 decem
2534 2447 2660 2517 juga
2688 2449 2849 2502 boum
2879 2459 3190 2518 operantur,
3223 2449 3303 2502 Ia-

1737 2538 2028 2610 gunculam
2063 2554 2222 2592 unam
2259 2537 2534 2606 facere";
2579 2550 2737 2609 atque
2770 2541 3066 2609 apud'alios
3093 2540 3303 2610 frugum

1735 2631 2040 2686 ubertatem
2074 2631 2281 2696 audire,
2312 2646 2434 2685 cum
2473 2630 2685 2685 interim
2730 2631 2828 2699 ipsi
2861 2646 3039 2686 rerum
3087 2636 3305 2702 penuria

1735 2733 2069 2791 premantur.
2117 2719 2266 2776 Unde
2320 2721 2432 2776 haec
2472 2723 2702 2787 tandem,
2731 2731 2785 2776 et
2833 2737 2951 2790 qua:
3001 2723 3153 2778 nobis
3204 2722 3307 2777 lin-

89 2815 182 2883 γία,
208 2816 299 2869 καὶ
328 2816 479 2887 φυγὴ
499 2815 593 2869 τοῦ
629 2815 984 2886 πταίσματος.
1025 2815 1164 2885 Ἐγὼ
1193 2816 1424 2890 πρῶτος,
1455 2816 1638 2888 ὥσπερ

1747 2813 1885 2880 iusce
1912 2813 2237 2868 calamitatis
2267 2829 2427 2868 causa
2466 2815 2588 2868 est?
2620 2813 2697 2869 Ne
2722 2824 3130 2884 exspectemus,
3156 2827 3213 2868 ut
3243 2816 3308 2869 ab

90 2909 362 2978 ἀνήγγειλα
390 2909 502 2980 (52)
537 2909 614 2981 τῷ
642 2909 756 2980 λαῷ
787 2928 885 2980 μου
914 2908 1139 2972 ἄνωθεν,
1169 2910 1260 2962 καὶ
1298 2910 1356 2963 τὸ
1385 2909 1476 2962 τοῦ
1514 2928 1638 2963 σκο-

86 2999 170 3052 ποῦ
197 3000 359 3072 ἔργον
386 2999 853 3072 πεπλήρωκα.(55)
879 3001 960 3072 (οὐ
996 3000 1105 3073 γὰρ
1131 2999 1343 3070 ἔκρυψα
1368 2999 1466 3071 τὴν
1486 3001 1640 3071 ἐρχο-

90 3092 232 3163 μένην
270 3093 573 3163 ῥομφαίαν,
614 3093 700 3146 ἴνα
744 3093 838 3146 καὶ
883 3079 982 3158 τὴν
1017 3092 1255 3163 ἐμαυτοῦ
1294 3091 1489 3163 ψυχὴν,
1547 3092 1640 3144 καὶ

84 3183 164 3247 τὰς
189 3184 295 3238 τῶν
327 3186 640 3239 ἀκουόντων
659 3184 1142 3258 περιποιήσωμαι)·
1161 3184 1331 3249 οὕτως
1358 3183 1638 3255 ἀναγγελῶ

84 3279 161 3330 καὶ
190 3278 282 3331 τοῦ
314 3277 456 3331 λαοῦ
495 3296 596 3349 μου
627 3279 724 3349 τὴν
747 3277 1049 3341 ἀπείθειαν,
1071 3276 1308 3348 ἐμαυτοῦ
1335 3277 1402 3332 τὰ
1431 3276 1637 3330 ἐκείνου

83 3369 413 3442 ποιούμενος·
447 3370 500 3423 εἴ
520 3385 633 3433 πως
657 3371 722 3424 ἂν
752 3369 892 3431 οὕτω
911 3371 1130 3443 τύχοιμί
1161 3387 1305 3436 τινος
1333 3356 1639 3442 φιλανθρω-

84 3459 192 3524 πίας
216 3462 314 3514 καὶ
343 3461 686 3532 ἀναψύξεως.

1738 2906 1861 2960 aliis
1927 2919 2284 2975 coarguamur
2334 2928 2346 2962 :
2408 2906 2621 2976 ipsimet
2681 2908 2733 2961 in
2803 2923 2900 2963 nos
2955 2907 3307 2976 inquiramus.

1738 2999 1926 3069 Magna
1960 2999 2077 3053 vitii
2113 2999 2381 3054 medicina
2406 3009 2491 3053 est
2519 2999 2808 3066 confessio,
2845 3009 2897 3053 et
2929 3000 3133 3068 peccati
3164 2999 3308 3069 fuga.

1739 3089 1950 3146 Primus
1980 3106 2101 3162 ego,
2132 3090 2272 3146 sicut
2306 3091 2500 3161 popqu
2546 3107 2664 3145 meo
2703 3099 2828 3145 ante
2878 3090 3204 3156 denuntiavi,
3247 3105 3310 3144 ac

1741 3182 2095 3254 speculatoris
2117 3196 2338 3238 munere
2365 3182 2580 3237 functus
2600 3181 2886 3253 sunnLNon
2919 3183 3060 3237 enim
3100 3182 3312 3236 venien-

1747 3284 1850 3331 tem
1880 3274 2112 3346 gladium
2149 3273 2406 3341 celavi",
2445 3283 2573 3328 utet
2613 3289 2784 3328 meam
2819 3273 3009 3343 ipsius,
3048 3282 3101 3329 et
3125 3287 3308 3328 eorum

1745 3369 1836 3441 qui
1879 3370 2120 3436 audiunt,
2157 3369 2363 3424 animas
2409 3367 2703 3422 elucrarer.
2758 3364 2850 3421 Sic
2888 3381 3034 3421 nunc
3090 3380 3306 3435 quoque

1744 3460 1921 3534 populi
1958 3460 2061 3514 mei
2122 3458 2539 3514 inobedientiam
2580 3471 2881 3528 exponam,
2916 3464 3134 3526 peccata
3168 3455 3322 3509 illius.

82 3565 165 3620 pro
206 3553 348 3608 meis
391 3554 615 3610 ducens.
670 3553 759 3610 Sic
833 3554 976 3610 enim
1041 3555 1270 3613 fortasse
1329 3556 1567 3612 futurum
1615 3564 1718 3622 est,
1755 3563 1815 3609 ut
1861 3550 2286 3608 misericordiam
2320 3550 2555 3620 aliquam
2604 3559 2661 3605 et
2697 3564 2948 3604 :erumna:
2992 3548 3321 3604 levationem-

83 3658 396 3716 consequar.

136 3739 234 3792 IH'.
307 3741 373 3794 Ὀ
413 3739 514 3812 μέν
545 3759 627 3805 τις
654 3740 810 3814 ἡμῶν
841 3739 1087 3811 sesama
1125 3740 1235 3812 (54)
1266 3742 1492 3812 πένητα,
1546 3741 1640 3796 καὶ

83 3834 257 3901 μοῖραν,
283 3835 393 3905 γῆς
424 3835 835 3906 παρεσπάσατο,
863 3835 968 3893 ,καὶ
995 3836 1139 3908 ὃριον
1177 3835 1417 3906 ὑπερέϐη
1437 3837 1638 3900 κακῶς,

80 3922 350 3994 ἤκλέψας,
391 3926 426 3998 ἦ
468 3928 827 3999 τυραννήσας,
858 3928 953 3980 καὶ
1003 3927 1238 4000 συνῆψεν
1288 3929 1463 3982 οίκίαν
1508 3928 1644 3999 πρὸς

76 4015 252 4079 οἰκίαν,
303 4017 407 4069 καὶ
437 4017 606 4088 ἀγρὸν
651 4017 787 4089 πρὸς
819 4017 1008 4089 ἀγρὸν,
1041 4017 1128 4072 ἵνα
1171 4035 1223 4070 τι
1267 4018 1360 4072 τοῦ
1417 4017 1644 4090 πλησίον

78 4107 347 4178 ἀφέληται·
383 4108 481 4162 καὶ
517 4109 716 4180 μηδένα
742 4109 883 4183 ἔχειν
907 4110 1276 4182 ἐφιλονείκησε
1304 4111 1539 4178 γείτονα,
1571 4110 1646 4176 ὡς

80 4199 220 4266 μόνος
264 4202 515 4272 οἰκήσων
548 4203 640 4255 ἐπὶ
685 4201 784 4271 τῆς
817 4203 938 4273 γῆς.
979 4203 1036 4255 Ὀ
1081 4202 1138 4256 δὲ
1165 4203 1342 4266 τόκοις
1365 4204 1459 4256 καὶ
1487 4204 1647 4256 πλεο-

78 4293 289 4360 νασμοῖς
317 4291 428 4363 τὴν
461 4291 566 4362 γῆν
607 4291 797 4362 ἐμίανε
826 4292 958 4365 (55),
988 4294 1081 4347 καὶ
1113 4293 1358 4362 συνάγων
1383 4294 1505 4348 ὅθεν
1548 4295 1648 4347 οὐκ

74 4381 304 4454 ἔσπειρε,
336 4383 439 4437 καὶ
469 4383 695 4459 θερίζων
721 4386 851 4438 ὅπου
887 4385 960 4456 μὴ
994 4385 1357 4457 διεσκόρπισε·
1389 4386 1648 4456 γεωργῶν

73 4471 123 4522 ού
153 4471 250 4542 τὴν
294 4474 432 4544 γῆν,
475 4474 611 4528 ἀλλὰ
635 4474 732 4546 τὴν
788 4477 973 4547 χρείαν
1022 4478 1126 4530 τῶν
1155 4477 1444 4548 δεομένων.
1488 4478 1546 4529 'O
1591 4477 1646 4529 δὲ

70 4564 315 4636 ἀπαρχὰς
349 4566 566 4630 ἅλωνος
591 4568 685 4621 καὶ
703 4567 863 4639 ληνοῦ
902 4569 991 4622 τὸν
1023 4569 1199 4622 πάντα
1220 4569 1488 4623 δεδωκότα
1516 4569 1648 4622 Θεὸν

70 4653 443 4730 ἀπεστέρησε,
507 4660 602 4712 καὶ
652 4660 874 4729 γέγονεν
926 4661 1218 4732 ἀχάριστός
1269 4680 1328 4715 τε
1380 4661 1514 4733 ὁμοῦ
1559 4663 1652 4714 καὶ

66 4747 304 4819 ἀνόητος·
332 4750 471 4804 οὕτε
504 4752 642 4824 ὑπὲρ
671 4745 746 4806 ὧν
775 4752 931 4823 ἔσχεν
971 4754 1389 4826 εὐχαριστήσας,
1435 4753 1558 4808 οὔτε
1593 4752 1652 4806 τὸ

1817 3731 2000 3790 XVIII.
2050 3731 2205 3787 Alius
2273 3741 2514 3786 nostrum
2570 3744 2858 3801 pauperem
2911 3729 3196 3798 oppressit,
3247 3742 3310 3783 ac

1748 3839 1904 3884 terra:
1920 3837 2124 3898 partem
2147 3825 2247 3895 ipsi
2266 3824 2547 3889 abstraxit,
2565 3823 2828 3892 maleque,
2843 3821 2926 3876 vel
2941 3835 3033 3890 per
3049 3820 3310 3884 fraudem,

1754 3922 1838 3977 vel
1883 3937 1982 3991 per
2011 3920 2140 3987 vim,
2165 3919 2453 3974 terminum
2493 3925 2856 3985 transgressus
2883 3924 2985 3980 est,
3015 3924 3071 3968 et
3095 3913 3311 3968 domum

1751 4014 1815 4068 ad
1850 4013 2063 4068 domum
2113 4008 2412 4079 conjunxit,
2440 4017 2495 4063 et
2523 4022 2709 4077 agrum
2745 4021 2874 4078 agro
2923 4004 3215 4076 copulavit,
3254 4013 3313 4057 ut

1750 4105 1999 4178 proximo
2028 4103 2230 4172 aliquid
2259 4101 2524 4172 eriperet:
2575 4115 2640 4155 ac
2679 4092 2914 4153 vicinum
2960 4097 3162 4152 nullum
3219 4097 3313 4151 ha-

1747 4199 1876 4254 bere
1907 4197 2135 4260 studuit,
2173 4195 2396 4266 perinde
2433 4209 2498 4248 ac
2551 4192 2698 4247 solus
2736 4192 3070 4246 habitaturus
3104 4191 3154 4244 in
3208 4199 3316 4243 ter-

1746 4305 1826 4343 ra.
1855 4288 2002 4342 Alius
2027 4287 2205 4342 usuri‘s
2233 4297 2286 4341 et
2321 4285 2618 4341 fmnorihus
2663 4292 2857 4337 terram
2908 4281 3312 4344 contaminavit,

1749 4383 2008 4452 colligens
2039 4376 2127 4435 ubi
2179 4394 2286 4434 non
2334 4379 2648 4441 seminarat,
2701 4390 2765 4429 ac
2803 4382 3009 4428 metens
3067 4373 3152 4426 ubi
3209 4388 3312 4426 nou

1748 4482 2053 4546 sparserat;
2087 4488 2190 4526 non
2251 4487 2315 4527 ex
2357 4478 2515 4526 terra:
2563 4469 2730 4532 cultu,
2767 4469 2859 4522 sed
2913 4483 2978 4522 ex
3024 4480 3314 4536 pauperum

1753 4568 1935 4637 inopia
1959 4575 2012 4620 et
2036 4565 2278 4635 penuria,
2321 4563 2603 4619 commoda
2635 4577 2729 4616 sua
2773 4561 2932 4632 313
2979 4573 3313 4630 comparans.

1755 4658 1905 4712 Alius
1936 4643 2077 4710 areae
2106 4671 2169 4710 ac
2199 4656 2480 4710 torcularis
2500 4653 2753 4724 primitiis
2780 4655 2969 4716 Deum,
3000 4652 3089 4721 qui
3135 4650 3316 4706 omnia

1759 4752 2077 4814 donaverat,
2111 4748 2398 4813 fraudavit,
2424 4746 2710 4816 simulque,
2749 4755 2802 4800 et
2847 4745 3110 4814 ingratmn
3139 4751 3194 4798 ct
3222 4743 3317 4798 de-

70 4840 250 4906 μέλλον
283 4843 438 4914 (56),
491 4845 538 4896 εί
575 4848 648 4915 μή
699 4862 751 4898 τι
784 4845 930 4911 ἄλλο,
968 4845 1056 4900 διὰ
1103 4847 1202 4918 τῆς
1241 4846 1641 4917 εὐγνωμοσύνης

1762 4851 1992 4899 mentem
2025 4857 2083 4897 se
2127 4841 2388 4912 praebuit;
2435 4839 2631 4908 utqui,
2665 4853 2764 4894 nec
2802 4851 2900 4907 pro
2935 4837 3023 4902 iis,
3068 4851 3186 4906 qua:
3226 4837 3317 4888 ha.

128 5070 168 5099 "
201 5069 245 5122 11
289 5068 439 5138 Reg.
476 5084 515 5133 ι,
552 5070 640 5123 21.
717 5071 762 5100 "’
796 5070 934 5122 Psal.
970 5083 1114 5128 thv,
1150 5067 1241 5120 10.
1316 5067 1362 5098 ⁷³
1391 5067 1527 5136 Agg.
1565 5081 1603 5128 ι,
1636 5069 1641 5115 1

1767 5063 1816 5094 7"
1848 5062 2016 5132 Soph.
2047 5079 2085 5130 I,
2117 5063 2202 5117 15.
2279 5061 2325 5092 ⁷⁸
2357 5059 2454 5114 lsa.
2485 5079 2540 5126 ν,
2575 5061 2657 5116 10.
2734 5063 2778 5092 ’⁸
2811 5062 3005 5117 Ezech.
3041 5078 3232 5125 xxxttt,
3261 5063 3314 5114 3.

62 5229 143 5312 ph,
179 5239 293 5281 etc.
360 5226 428 5280 ιιι
467 5225 580 5290 ειΙ.,
625 5223 906 5296 παρούσης
946 5221 1160 5292 πληγῆς
1201 5221 1495 5293 βαρύτερος
1520 5223 1648 5293 ὑμῖν

58 5315 326 5368 γενωμαι.
1092 5363 1104 5380 ι

58 5369 232 5472 “(27)
289 5367 617 5436 Γεωργίαι.
672 5363 803 5435 Reg.
853 5379 903 5428 a,
947 5365 1124 5435 ἁγροι.
1159 5362 1290 5433 Reg.
1350 5363 1651 5433 Ῑιιιι,γεωρ-

56 5454 231 5577 γοίῖὲδ)
273 5504 606 5577 Ὧλιτῷθη.
638 5504 749 5577 Otto
773 5505 946 5567 C0lb.,
978 5502 1350 5577 ὠλιγώθησαν.

118 5573 233 5644 (29',
287 5573 660 5638 Ὲστὰλιιξε.
693 5575 860 5644 Regg.
893 5592 1027 5638 τιμε,
1060 5573 1378 5638 samiae”
1398 5573 1413 5591 ι

120 5643 234 5716 (50)
264 5647 458 5715 Μησὶ
483 5645 742 5714 μᾶλλον,
773 5643 882 5700 etc.
915 5663 933 5694 ι
976 5644 1052 5697 Ex
1095 5645 1364 5716 mensibus
1391 5643 1583 5712 potius,
1623 5660 1640 5692 ι

54 5715 180 5784 etc.;
204 5721 260 5771 id
293 5727 416 5781 est,
461 5734 477 5764 ι
514 5732 619 5769 non
658 5731 722 5768 ex
760 5716 1149 5784 manipulorum
1178 5715 1407 5775 acervis,
1441 5717 1534 5767 sed
1586 5729 1648 5765 ex

52 5789 325 5842 mensium
371 5786 612 5851 ratione,
657 5786 848 5841 messis
883 5785 1119 5855 dignosci
1150 5790 1357 5855 potest.
1384 5802 1402 5834 ι

119 5858 235 5929 (51)
270 5855 405 5925 Τὴν
440 5857 793 5924 εὐκαρπίαν,
822 5852 1040 5922 αὐτοὺς
1069 5853 1284 5922 ἐνδείᾳ.
1320 5852 1480 5908 Coisl.
1516 5852 1649 5920 1,τὲι

1754 5221 1852 5292 τῆς
1878 5219 2180 5294 εὐκαρπίας
2201 5221 2476 5294 αὐτοὺςὴέν
2503 5221 2693 5294 ἐνδείᾳ.

1827 5292 1936 5362 (5‘2)
1975 5289 2343 5362 ’Ᾰνήγνχ-ειλα.
2386 5293 2516 5360 Reg.
2551 5308 2602 5358 a,
2642 5289 2966 5361 ἆπήγγειλα.

1781 5414 1787 5422 ,
1830 5355 1942 5424 155⁷)
1981 5355 2370 5428 Πεπλήρωκα.
2425 5355 2597 5432 Βεες.
2653 5378 2703 5419 a.
2744 5355 2818 5424 ξς
2856 5363 2966 5424 bm,
2997 5357 3088 5428 ph,
3139 5355 3233 5412 Or.
3266 5355 3320 5420 2,

1759 5431 2074 5483 ἐπλήρωσα.

1792 5448 1895 5484 πλη
1907 5448 2074 5484 οωσα.

1829 5449 2322 5570 ΐέῧωῗέὲέθλιψε.
2360 5519 2380 5551 ι
2411 5500 2632 5563 ARIixil,
2666 5499 2892 5570 vexavit.
2929 5517 2948 5551 ι

1827 5568 1941 5642 (55)
1980 5568 2241 5642 Ἐμίανε.
2261 5572 2524 5642 Sequitur
2557 5573 2612 5625 in
2646 5573 2731 5624 ed.
2763 5568 2874 5634 καί,
2906 5569 3044 5637 quod
3076 5568 3319 5623 codicum

1757 5641 2071 5695 auctoritate
2101 5641 2412 5695 delevimus.

1830 5709 1940 5781 ('56)
1976 5711 2048 5763 Τὸ
2075 5710 2326 5778 μέλλον.
2354 5711 2408 5764 In
2426 5710 2599 5781 fCoisl.
2628 5710 2652 5762 1
2691 5710 2954 5777 sequitur,
2980 5708 3126 5772 ὅπως
3151 5709 3324 5781 ἀσφα-

1756 5778 1864 5844 λῶς
1896 5778 1992 5852 ἐξῃ
2016 5782 2325 5851 φροντίσας,
2354 5780 2446 5833 καὶ
2470 5781 2538 5844 εί,
2555 5791 2680 5847 ειε.,
2705 5801 2722 5832 ι
2748 5797 2844 5838 nec
2867 5789 3047 5848 postea
3074 5778 3324 5848 cogitavit

1755 5857 2020 5921 quomodo
2044 5866 2231 5905 secure
2253 5852 2564 5920 possideret.
2595 5870 2614 5902 ι
