3852 6408
586 299 688 355 959

1772 303 1830 359 S.
1873 303 2202 361 GREGOBll
2241 305 2584 364 THEOLOGI
3659 318 3729 377 960

587 420 720 495 buit,
752 419 951 488 gratias
992 419 1185 486 egerit:
1234 433 1354 483 nec,
1403 419 1446 473 si
1499 420 1631 474 nihil
1684 421 1846 488 aliud,
1901 424 2136 479 futurum

2249 430 2815 500 πραγματευσάμενος.
2862 431 2921 484 '0
2949 431 3004 485 δὲ
3067 434 3239 504 χήραν
3288 429 3382 485 καὶ
3424 432 3636 503 ὀρφανὴν
3664 438 3731 491 οὐκ

587 519 755 573 certe,
788 524 882 578 per
913 509 1065 578 probi
1097 518 1152 563 et
1196 509 1332 578 grati
1381 511 1546 566 animi
1594 511 1848 580 oﬂicium,
1887 515 1988 570 sibi
2039 517 2138 586 ipsi

589 601 913 668 procurarit.
953 599 1105 654 Alius
1139 615 1237 655 nec
1266 601 1479 656 viduam
1525 620 1623 659 nec
1651 607 1950 675 orphanum
1982 609 2144 662 mise-

587 701 736 744 ratus
771 702 874 756 est,
903 705 1001 746 nec
1048 707 1239 759 panem
1269 701 1323 748 et
1365 695 1612 765 exiguum
1645 696 1957 753 alimentum
2007 715 2142 770 pau-

587 779 722 848 peri,
765 781 847 835 vel
873 781 1087 835 Christo
1117 784 1314 851 potius,
1360 784 1450 852 qui
1486 800 1581 852 per
1614 786 1732 841 illos
1779 789 1938 842 etiam
1984 801 2144 859 parce

586 871 818 926 nutritos
859 872 1040 936 alitur,
1099 872 1389 942 impertiit;
1447 885 1502 929 et
1549 878 1762 945 quidem
1805 894 1926 933 cum
1980 879 2142 933 multa

587 961 820 1018 fortasse
850 963 1063 1028 habeat,
1121 979 1183 1019 ac
1215 973 1410 1032 praeter
1435 981 1582 1034 spem
1627 969 1773 1038 (nam
1804 971 1902 1024 hoc
1931 970 2142 1024 demum

586 1053 984 1122 iniquissimum
1010 1055 1137 1125 est),
1169 1065 1328 1125 atque
1358 1057 1410 1110 in
1447 1058 1631 1113 multis
1657 1059 1866 1114 horreis
1895 1060 2142 1129 angustia

585 1145 1007 1216 laboret,eaque
1047 1149 1238 1216 partim
1289 1148 1530 1218 impleat,
1557 1151 1751 1219 partim
1801 1160 2032 1215 evertat,
2084 1161 2143 1205 ut

586 1239 653 1291 ad
702 1236 910 1294 futuros
958 1238 1165 1294 fructus
1221 1241 1527 1296 condendos
1589 1241 1850 1310 ampliora
1878 1251 2140 1308 exstruat,

592 1328 724 1382 illud
762 1329 1016 1399 ignorans
1050 1331 1186 1395 fore,
1215 1340 1273 1386 ut
1303 1332 1608 1401 priusquam
1642 1333 1754 1403 spei
1775 1348 1883 1388 sum
1926 1347 2143 1403 compos

587 1418 707 1484 ﬁat,
743 1430 918 1478 morte
939 1421 1255 1490 abripiatur,
1290 1422 1658 1491 rationemque
1689 1423 2009 1477 reddendam
2041 1423 2138 1476 ba-

587 1509 735 1575 beat,
778 1521 887 1566 tum
923 1527 1083 1581 Opum
1125 1513 1320 1582 quibus
1350 1513 1438 1568 hic
1463 1513 1776 1579 abundavit,
1812 1523 1920 1567 tum
1957 1528 2141 1568 earum

587 1616 770 1655 rerum
830 1617 965 1671 quas
1027 1603 1206 1657 animo
1254 1611 1308 1657 et
1366 1603 1690 1672 cogitatione
1739 1603 1838 1656 sibi
1879 1603 2053 1667 ﬁnxit,
2086 1613 2144 1656 ut

2241 517 2488 588 ἠλέησεν,
2517 520 2635 572 οὐδὲ
2687 521 2981 590 μετέδωκεν
3011 522 3172 594 ἄρτου
3225 524 3320 575 καὶ
3364 523 3562 594 τροφῆς
3599 523 3730 597 ὀλίγης

2241 610 2319 680 τῷ
2351 611 2604 681 δεομένῳ,
2653 598 2848 681 μᾶλλον
2891 613 2947 666 δὲ
2975 613 3189 684 Χριστῷ
3226 614 3304 685 τῷ
3339 613 3636 692 τρεφομένῳ
3660 619 3732 686 (Si)

2241 702 2330 755 διὰ
2357 703 2464 755 τῶν
2503 705 2595 756 καὶ
2641 703 2850 774 μικρῶς
2882 706 3245 776 τρεφομένων·
3282 708 3310 758 ὁ
3351 705 3418 758 τὰ
3446 705 3606 758 πολλά
3641 708 3734 778 ἔχων

2244 793 2392 856 ἴσως,
2423 794 2517 846 καὶ
2543 795 2671 864 παρ’
2689 794 2898 858 ἐλπίδα,
2930 794 3106 857 (τοῦτο
3116 796 3222 867 γὰρ
3242 797 3341 866 ἤδη
3352 795 3412 848 τὸ
3426 794 3734 868 ἀδικώτατον)

2241 886 2334 938 καὶ
2367 889 2486 949 ταῖς
2539 886 2759 949 πολλαῖς
2791 882 3094 957 ἀποθήκαις
3135 887 3635 958 στενοχωρούμενος,
3676 893 3739 942 καὶ

2241 977 2338 1037 τὰς
2377 978 2474 1046 μὲν
2503 977 2606 1047 πλη
2618 977 2742 1048 ρῶν,
2771 976 2869 1042 τὰς
2887 978 2942 1031 δέ
2969 979 3260 1050 καθαιρῶν,
3291 980 3374 1032 ἵνα
3403 982 3516 1040 τοῖς
3551 980 3739 1048 μέλλουσι

2242 1069 2474 1137 καρποῖς
2502 1066 2826 1139 οἰκοδομήσῃ
2859 1067 3128 1135 μείζονας,
3161 1066 3388 1134 ἀγνοῶν,
3416 1067 3498 1119 ὃτι
3521 1067 3616 1120 τῶν
3635 1068 3740 1120 ἐλπί-

2241 1157 2344 1210 δων
2375 1158 2864 1228 προαναρπάζεται,
2908 1159 3002 1210 κα)¹
3043 1157 3196 1226 λόγον
3236 1158 3418 1227 ὑφέξει
3441 1158 3545 1226 τῆς
3570 1159 3740 1212 ἐνταῦθα

2243 1249 2501 1320 εὐπορίας
2528 1249 2640 1319 (58)
2665 1250 2758 1303 καὶ
2791 1250 3014 1320 τῆς(39)
3049 1250 3366 1318 φαντασίας,
3396 1249 3566 1312 κακὸς
3592 1253 3741 1303 οἰκονό-

2246 1356 2342 1409 μος
2374 1337 2592 1406 ἀγαθῶν
2629 1339 2920 1411 ἀλλοτρίων
2944 1339 3248 1409 γενόμενος.
3292 1340 3350 1391 Ὀ
3382 1338 3439 1390 δὲ
3476 1339 3590 1390 ὁδὸν
3605 1356 3742 1392 ταπει-

2241 1427 2347 1480 νῶν
2369 1427 2623 1494 ἐξέκλινε,
2655 1430 2748 1481 καὶ
2785 1427 3108 1498 ἐπλαγίασεν
3142 1429 3201 1481 ἐν
3239 1426 3444 1490 ἀδίκοις
3465 1427 3669 1481 δίκαιον.
3703 1431 3742 1482 ’0

2243 1519 2300 1571 δὲ
2327 1519 2584 1590 ἐμίσησεν
2626 1522 2684 1573 ὲν
2713 1519 2906 1584 πύλαις
2943 1520 3249 1590 ἐλέγχοντα,
3301 1521 3394 1573 καὶ
3449 1519 3601 1586 λόγον
3641 1521 3741 1573 ὅσιον

2242 1609 2574 1676 ἐϐδελύξατο.
2622 1611 2679 1664 '0
2725 1610 2783 1664 δέ
2834 1610 2989 1664 ἔθυσε
3043 1613 3108 1680 τῇ
3143 1608 3333 1663 ἐαυτοῦ
3370 1610 3580 1680 σαγήνῃ
3621 1610 3745 1662 πολλὰ

586 1693 677 1760 qui
733 1693 905 1747 aliena
965 1693 1107 1748 bona
1170 1694 1310 1748 male
1361 1693 1768 1748 administrarit.
1821 1693 1970 1747 Alius
1997 1694 2138 1748 viam

2249 1701 2546 1771 συναγούσῃ
2593 1699 2724 1771 (40),
2770 1699 2865 1754 καὶ
2916 1700 3014 1770 τὴν
3065 1699 3317 1769 ἁρπαγὴν
3365 1697 3461 1750 τοῦ
3487 1698 3676 1766 πτωχοῦ
3705 1702 3744 1751 ἐν

586 1783 872 1838 humilium
921 1785 1206 1839 declinavit
1240 1786 1307 1852 ⁷⁷,
1338 1794 1392 1839 et
1423 1785 1626 1853 justum
1663 1786 1872 1855 injustis
1912 1785 2138 1840 rationi-

2249 1795 2352 1855 τοῖς
2383 1793 2548 1855 οἴκοις
2572 1791 2726 1862 ἔχων.
2753 1792 2785 1864 ἢ
2809 1791 2906 1844 οὐκ
2925 1791 3166 1862 ἐμνήσθη
3181 1789 3335 1853 Θεοῦ,
3358 1789 3391 1858 ἢ
3422 1789 3602 1851 κακῶς
3622 1791 3744 1860 ἐμνή-

585 1875 687 1929 bus
743 1877 1092 1960 circumvenit
1145 1877 1210 1930 ⁷⁸.
1243 1877 1392 1931 Alius
1431 1877 1814 1944 corripientem
1875 1876 1927 1929 in
1971 1877 2138 1945 portis

2249 1882 2365 1953 σθη,
2408 1881 2706 1951 Εὐλογητὸς
2731 1880 2950 1951 Κύριος,
2991 1877 3178 1942 εἰπὼν,
3213 1879 3293 1932 ὅτι
3327 1877 3743 1948 πεπλουτηκαμεγ

585 1965 710 2019 odio
757 1967 982 2033 habuit,
1031 1983 1095 2022 ac
1145 1978 1386 2022 sanctum
1455 1983 1755 2023 sermonem
1802 1968 2138 2024 abominatus

2249 1969 2339 2021 mi.
2361 1967 2627 2021 ὑπέλαὸεν
2691 1967 2803 2037 (Μ)
2858 1965 3210 2038 rivatim/,6);
3239 1969 3364 2038 παρ’
3417 1965 3580 2019 αὑτοῦ
3625 1967 3747 2018 ταῦτα

586 2057 763 2130 est_".
821 2057 974 2112 Alius
1028 2059 1125 2113 reti
1192 2074 1289 2113 suo
1351 2057 1516 2112 multa
1576 2058 1846 2127 colligenti
1902 2059 2138 2112 immola-

2249 2059 2402 2130 ἔχων,
2440 2058 2499 2122 ἐξ
2545 2051 2605 2111 οὗ
2635 2057 3044 2128 κολασθήσεται.
3075 2059 3173 2112 Διά
3222 2057 3396 2112 ταῦτα
3442 2056 3551 2126 γὰρ
3584 2057 3748 2126 ἔρχεται

583 2148 662 2200 vit
698 2148 764 2212 ⁸ο,
795 2144 858 2203 ac
887 2151 1138 2218 pauperis
1173 2150 1406 2220 prmdam
1453 2149 1598 2205 domi
1640 2150 1863 2214 habens,
1908 2159 1999 2204 aut
2049 2150 2138 2205 Dei

2249 2153 2276 2220 ἡ
2305 2149 2440 2222 ὀργὴ
2469 2150 2565 2204 τοῦ
2595 2150 2730 2204 Θεοῦ
2765 2150 2857 2203 ἐπὶ
2887 2152 3012 2213 τοὺς
3055 2152 3202 2215 υἱοὺς
3231 2150 3340 2219 (42)
3373 2149 3476 2218 τῆς
3499 2148 3747 2210 ἀπειθείας

583 2240 901 2294 memoriam
937 2257 1003 2296 ex
1049 2242 1226 2296 animo
1256 2242 1440 2312 ejecit,
1490 2251 1582 2296 aut
1616 2252 1764 2297 certe
1816 2241 1960 2296 illius
2004 2243 2138 2302 male

2249 2242 2330 2296 διὰ
2355 2241 2546 2308 ταῦτα,
2577 2242 2609 2314 ἢ
2667 2242 2900 2295 κλείεται
2930 2242 3177 2314 οὐρανὸς,
3224 2242 3257 2312 ἢ
3301 2241 3488 2305 κακῶς
3509 2241 3746 2307 ἀνοίγεται·

586 2334 901 2390 recordatus
935 2345 1039 2401 est,
1073 2337 1259 2391 dicens
1295 2355 1307 2389 :
1343 2335 1663 2391 Benedictus
1704 2335 1978 2400 Dominus,
2007 2350 2138 2403 quo-

2249 2335 2335 2388 καὶ
2367 2334 2544 2403 πολλῷ
2599 2333 2815 2404 μᾶλλον,
2849 2336 2896 2387 εί
2944 2333 3077 2404 μηδέ
3111 2333 3408 2403 πληγέντες
3455 2332 3750 2401 ἐπιστρεφοί-

583 2426 728 2479 niam
761 2427 952 2481 divites
981 2429 1102 2482 facti
1139 2443 1320 2482 sumus
1347 2429 1392 2466 ³¹
1427 2444 1443 2494 ;
1494 2439 1548 2483 et
1583 2428 1918 2498 iniquitatem
1963 2427 2138 2496 suspi-

2249 2424 2400 2495 μεθα,
2433 2425 2528 2478 καὶ
2568 2423 2644 2494 τῷ
2675 2423 2942 2493 ἐγγίζοντι
2974 2423 3216 2494 φυσικῶς
3247 2421 3646 2495 πλησιάζοιμεν.

585 2529 738 2573 catus
773 2529 875 2582 est,
936 2519 1082 2574 velut
1135 2535 1262 2588 opes
1318 2521 1434 2575 illas
1471 2520 1634 2588 ipsius
1698 2520 1954 2574 beneﬁcio
1990 2518 2307 2588 possideret,
2367 2532 2396 2571 a
2424 2533 2529 2588 quo
2569 2533 2728 2586 ptena
2771 2518 3049 2573 aﬂicietur.
3087 2516 3166 2574 0b
3205 2517 3321 2572 haec
3355 2515 3499 2570 enim
3528 2517 3659 2569 venit
3693 2516 3749 2568 ira

585 2609 682 2664 Dei
719 2613 770 2664 in
825 2610 962 2665 ﬁlios
1019 2609 1410 2667 diﬁidentiaa“.
1462 2609 1543 2665 Ob
1593 2610 1746 2678 haec,
1779 2609 1863 2665 vel
1914 2609 2180 2664 clauditur
2215 2609 2447 2673 ccelum,
2495 2607 2581 2662 vel
2623 2608 2762 2662 male
2809 2609 3078 2678 aperitur;
3129 2620 3300 2676 eoque
3349 2606 3543 2677 magis,
3595 2607 3650 2670 si,
3691 2623 3741 2660 ne

583 2702 826 2770 percussi
867 2701 1102 2769 quidem,
1134 2703 1532 2771 resipiscamus,
1565 2710 1724 2770 atque
1766 2702 1830 2754 ad
1858 2717 2001 2768 eum,
2037 2701 2124 2769 qui
2165 2708 2355 2754 natura
2386 2715 2481 2754 sua
2507 2715 2537 2754 e
2575 2701 2750 2755 vicino
2781 2709 2882 2766 est,
2914 2701 3256 2754 accedamus.

656 2791 800 2848 XIX.
832 2792 967 2859 Quid
1006 2793 1071 2848 ad
1103 2794 1217 2848 base
1252 2789 1510 2860 dicemus,
1532 2796 1623 2864 qui
1656 2795 1980 2848 frumentum
2009 2795 2136 2848 emi-

2312 2795 2412 2849 IS'.
2448 2796 2510 2847 Τί
2553 2795 2688 2866 πρὸς
2708 2793 2876 2848 ταῦτα
2910 2793 3160 2865 ἐροῦμεν,
3193 2794 3241 2844 οἱ
3267 2790 3378 2859 (43)
3413 2791 3642 2855 σιτῶναι,
3685 2793 3753 2844 καὶ

583 2897 704 2936 mus
751 2890 804 2934 et
824 2883 1130 2948 vendimus,
1161 2898 1224 2938 ac
1261 2893 1556 2954 temporum
1594 2882 1929 2938 difﬁcultates
1953 2883 2138 2937 obser-

2249 2881 2612 2950 σιτοκάπηλοι,
2651 2881 2744 2936 καὶ
2788 2881 3077 2952 τηροῦντες
3116 2880 3214 2944 τὰς
3247 2880 3356 2932 τῶν
3389 2880 3592 2950 καιρῶν
3616 2880 3753 2934 δυσκιν

582 2989 794 3042 vamns,
845 2984 1054 3046 utopes
1103 2977 1258 3030 nobis
1310 2991 1706 3047 comparemus,
1757 2985 1812 3033 et
1848 2977 1901 3032 in
1948 2974 2138 3031 alienis

2249 2972 2378 3038 λίας,
2410 2971 2474 3027 ἵν’
2498 2973 2905 3042 εὐπορήσωμεν,
2935 2972 3028 3025 καὶ
3051 2973 3169 3033 ταῖς
3197 2969 3500 3041 ἀλλοτρίαις
3530 2969 3634 3038 (il)
3652 2987 3750 3037 ευμ-

585 3065 980 3120 calamitatibus
1028 3067 1249 3122 delicias
1301 3069 1611 3137 capiamus,
1662 3078 1823 3140 atque
1868 3083 2040 3137 neque
2079 3077 2138 3122 ut

2249 3070 2432 3138 φοραῖς
2462 3065 2898 3137 ἐντρυφήσωμεν,
2926 3063 3018 3116 καὶ
3035 3061 3378 3134 κτησώμεθα,
3400 3062 3476 3131 μὴ
3491 3061 3567 3124 ὡς
3602 3060 3752 3130 Ἰωσὴσ

581 3155 779 3226 Joseph
805 3155 1179 3231 Egypriorum
1213 3160 1498 3215 facultates
1517 3160 1566 3193 ⁸³
1601 3162 1818 3231 majoris
1855 3147 2136 3232 dispensa-

2249 3157 2305 3210 τὰ
2337 3157 2444 3211 τῶν
2468 3158 2802 3226 Αἰγυπτίων,
2828 3157 2912 3210 ἐπ’
2939 3153 3430 3228 οἰκονομίᾳμείζονι
3457 3151 3760 3223 (ἐκεῖνος-τὰρ

581 3248 743 3302 tionis
775 3263 934 3304 causa
978 3251 1288 3322 (utrumque
1319 3251 1463 3306 enim
1519 3260 1711 3316 norat,
1775 3251 2027 3305 nimirum
2083 3259 2135 3305 et

2249 3248 2355 3320 ᾔδει
2390 3250 2481 3302 καὶ
2529 3251 2851 3317 συναγαγεῖν
2889 3249 2982 3302 καὶ
3021 3246 3353 3316 σιτοδοτῆσαι
3385 3245 3585 3308 καλῶς,
3611 3244 3755 3312 ὥσπερ

581 3352 730 3394 recte
754 3340 1028 3410 colligere,
1066 3352 1119 3396 et
1146 3352 1290 3397 recte
1332 3357 1600 3396 annonam
1648 3343 1906 3409 tribuere,
1951 3357 2139 3412 quem-

582 3431 867 3485 admodum
911 3435 1096 3499 etiam,
1133 3442 1184 3490 et
1222 3411 1414 3489 famem
1456 3436 1787 3505 prospicere,
1829 3445 1880 3490 et
1930 3437 2140 3490 eminus

584 3523 632 3576 ei
662 3524 970 3596 obsistere),
999 3527 1114 3594 sed,
1147 3536 1204 3580 ut
1234 3528 1403 3596 iniqui
1433 3537 1486 3582 et
1515 3527 1892 3594 conscelerati,
1920 3528 2140 3596 popula-

581 3615 718 3668 rium
763 3611 1069 3672 nostrorum
1123 3634 1250 3688 opes
1303 3621 1681 3690 acquiramus,
1726 3621 1815 3689 qui
1863 3619 2135 3674 dicimus:

584 3706 810 3771 Quando
838 3712 1081 3764 transibit
1113 3715 1318 3775 mensis,
1354 3725 1408 3766 ut
1449 3714 1771 3776 vendamus;
1806 3721 1853 3765 et
1887 3709 2136 3776 Sabbata,

579 3807 636 3849 ut
675 3801 864 3854 wraria
902 3802 1234 3856 recludamus
1265 3802 1358 3856 ⁸δῖ
1411 3798 1502 3873 qt‘ti
1541 3802 1841 3873 duplicibus
1878 3801 2139 3856 mensuris

580 3899 633 3941 et
669 3892 888 3947 stateris
939 3893 1201 3963 justitiam
1229 3895 1626 3962 corrumpimus
1646 3896 1713 3962 ⁸⁸,
1735 3910 1799 3949 ac
1833 3893 2136 3962 plumbeam

583 3979 892 4070 iniquitatis
917 3999 1219 4040 mensuram
1263 3987 1315 4038 in
1369 3999 1466 4041 nos
1522 3985 1666 4052 ipsos
1694 3983 2012 4038 inclinatnus
2043 3982 2087 4013 ³⁸
2116 3981 2139 4035 ?

585 4069 721 4136 Quid
753 4072 819 4127 ad
848 4069 1011 4148 314
1060 4077 1171 4130 lucc
1201 4078 1458 4142 dicemus,
1489 4080 1578 4145 qui
1612 4077 1812 4130 nullum
1871 4075 2139 4145 augenda-

581 4177 698 4216 rum
731 4179 886 4232 opum
919 4167 1080 4222 ﬁnem
1105 4170 1379 4234 novimus;
1415 4169 1505 4238 qui
1529 4183 1717 4220 aurum
1749 4175 1801 4220 et
1835 4175 2134 4236 argentum,

588 4269 695 4308 non
753 4271 910 4313 secus
943 4268 1103 4329 atque
1154 4261 1228 4314 illi
1280 4261 1405 4316 olim
1463 4260 1591 4314 Baal
1642 4271 1698 4314 et
1745 4260 2020 4322 Astarten,
2084 4265 2138 4311 et

2239 3341 2333 3394 καὶ
2377 3341 2687 3413 προγνῶναι
2737 3342 2826 3394 τὸν
2875 3340 3049 3412 λιμὸν,
3084 3340 3176 3392 κα)⁵
3234 3338 3426 3408 στῆναι
3461 3338 3595 3409 πρὸς
3635 3337 3760 3390 αὑτὸν

2240 3433 2521 3505 πόρρωθεν
2550 3434 2682 3503 (45),
2714 3433 2828 3486 ἀλλ’
2858 3433 2932 3497 ὡς
2959 3432 3260 3503 παράνομοι
3275 3430 3340 3483 τὰ
3363 3430 3471 3482 τῶν
3494 3428 3756 3499 disceditur,

2237 3522 2284 3573 οἱ
2311 3521 2574 3590 λέγοντες·
2609 3523 2758 3575 Πότε
2780 3521 3145 3575 διελεύσεται
3173 3523 3205 3572 0'
3222 3518 3365 3588 μὴν,
3401 3519 3494 3571 καὶ
3529 3517 3760 3588 ἑμπωιιήο

2239 3631 2426 3684 σομεν
2443 3613 2604 3687 [46])·
2639 3615 2736 3668 καὶ
2768 3615 2837 3668 τὰ
2866 3616 3151 3677 Σάϐϐατα,
3192 3611 3287 3665 καὶ
3331 3611 3645 3679 ἀνθέξομεν
3682 3612 3760 3673 θη-

2238 3707 2534 3774 σαυρούς;
2587 3706 2637 3758 οἱ
2674 3707 2785 3770 τοῖς
2814 3703 3010 3766 δισσοῖς
3054 3703 3268 3774 μέτροις
3296 3702 3391 3754 καὶ
3421 3701 3686 3770 σταθμίοις
3711 3698 3756 3748 τὸ

2237 3797 2442 3849 δίκαιον
2481 3795 2900 3867 διαφθείροντες,
2933 3796 3025 3848 καὶ
3048 3794 3107 3847 τὺ
3147 3791 3428 3864 μολιϐδοῦν
3460 3792 3572 3861 (47)
3599 3790 3758 3860 μέτρον

2237 3886 2337 3957 τῆς
2365 3887 2592 3958 ἀνομίας
2619 3889 2701 3956 ἐφ’
2731 3887 2954 3949 ἑαυτοὺς
2987 3884 3286 3947 κλίνοντεςς
3331 3881 3395 3934 Τί
3449 3880 3586 3951 πρὸς
3619 3877 3760 3932 ταῦτα

2237 3976 2489 4049 ἐροῦμεν,
2521 3978 2570 4030 οἱ
2604 3977 2765 4048 μηδὲν
2798 3977 2970 4049 πέρας
3016 3977 3126 4047 (48)
3178 3977 3376 4036 εἰδότες
3431 3978 3682 4045 κτήσεως·
3723 3973 3760 4023 οἱ

2239 4068 2661 4138 προσκυνοῦντες
2704 4068 2792 4122 τὸν
2847 4069 3043 4139 χρυσὸν
3074 4069 3282 4121 καὶτὸν
3321 4069 3579 4138 ἄργυρον,
3611 4064 3765 4131 ὥσπερ

2236 4161 2336 4230 τὴν
2363 4159 2507 4214 Βάαλ
2545 4160 2592 4212 οἱ
2626 4158 2811 4220 πάλαι,
2847 4159 2938 4210 καὶ
2973 4159 3070 4228 τὴν
3115 4158 3432 4228 Ἀστάρτην,
3466 4159 3562 4210 καὶ
3599 4156 3651 4208 τὸ
3683 4155 3765 4204 Xa—

2239 4251 2355 4323 μὼς
2383 4252 2670 4322 βδέλυγμα’
2699 4253 2746 4305 οἱ
2778 4251 3126 4322 περιέποντες
3160 4251 3265 4303 τῶν
3282 4251 3442 4303 λίθων
3458 4250 3556 4314 τὰς
3578 4249 3764 4301 πολυτε-

581 4350 968 4404 exsecrandum
1010 4351 1154 4406 illum
1210 4351 1439 4408 Cbamos
1471 4352 1516 4384 ⁸⁷
1565 4352 1881 4415 adoramus;
1918 4349 2007 4418 qui
2050 4350 2129 4401 la-

2249 4345 2383 4408 lst'a;
2412 4343 2503 4396 καὶ
2530 4342 2822 4410 διαυγείας,
2857 4341 2952 4396 καὶ
3006 4343 3104 4412 τῆς
3152 4343 3373 4413 ἐσθῆτος
3423 4344 3521 4412 τὴν
3552 4339 3763 4410 μαλακήν

580 4437 762 4507 pidum
804 4437 961 4495 luxus
995 4455 1047 4496 et
1077 4441 1391 4511 Splendores
1419 4452 1810 4506 consectamur,
1850 4448 2136 4509 vestesque

2239 4451 2297 4486 τε
2330 4433 2422 4487 καὶ
2449 4434 2854 4506 περιρρέουσαν,
2906 4433 3080 4504 σητῶν
3105 4433 3368 4505 δαπάνην,
3416 4433 3509 4487 καὶ
3556 4427 3759 4502 λῃστῶν,

648 4664 692 4695 ⁷⁷
725 4662 888 4717 Αιηοε
933 4681 992 4724 tt.
1033 4663 1085 4718 '7.
1187 4665 1231 4694 ⁷⁸
1270 4663 1372 4717 lsa.
1405 4678 1555 4726 χχιχ,
1606 4663 1695 4716 21.
1794 4663 1838 4694 ⁷ο
1863 4661 2023 4713 Amos
2054 4677 2106 4722 ν,

2319 4657 2586 4711 "llabac.
2621 4674 2660 4715 ι.
2690 4657 2770 4711 l5.
2849 4658 2891 4689 ⁸¹
2914 4658 3074 4711 Zaclt.
3111 4674 3184 4716 tu.
3219 4657 3270 4710 5.
3346 4657 3390 4688 ⁸·
3424 4655 3621 4722 Ephes.
3657 4670 3700 4718 v,
3725 4652 3766 4705 6.

580 4733 624 4765 ⁸³
658 4732 790 4788 Gen.
816 4750 922 4799 ut,
953 4734 1020 4789 '59
1068 4747 1186 4817 sqq.
1260 4736 1305 4766 ⁸⁸
1331 4735 1492 4788 Amos
1541 4749 1654 4797 vm,
1694 4732 1746 4786 5.

650 4955 758 5027 (57)
798 4955 879 5021 Τῷ
897 4957 1259 5027 τρεφομένῳ,
1286 4968 1390 5015 elc.
1423 4958 1664 5012 Nonnulli
1704 4956 1869 5027 [ἴβεις.
1897 4970 1947 5009 et
1965 4956 2128 5011 Coisl.

580 5027 632 5086 1,
656 5026 731 5096 τῷ
763 5027 855 5078 καὶ
889 5026 976 5100 διᾲ
999 5027 1112 5100 τῶν
1141 5030 1347 5099 μικρῶν
1365 5030 1698 5100 τρεφομένῳ,
1735 5047 1753 5079 ι
1796 5028 2005 5081 Christo
2039 5028 2131 5096 qui

578 5108 628 5148 et
662 5113 752 5160 per
783 5098 1030 5164 parvulos
1052 5098 1285 5150 alitur.)

651 5166 759 5234 (58)
813 5168 1126 5237 Εὐπορίας.
1183 5169 1313 5235 Reg.
1344 5169 1429 5220 hm
1473 5178 1522 5220 et
1559 5167 1820 5233 Montac.,
1847 5165 2126 5237 εὐφορίας.

653 5237 740 5290 (59
791 5235 919 5301 Τῆς.
953 5237 1040 5290 Sic
1073 5239 1246 5304 plures
1277 5237 1438 5307 Regg.
1465 5237 1622 5290 Deest
1658 5238 1707 5290 in
1731 5244 1814 5292 ed.

653 5237 761 5376 (ω)
805 5307 1179 5376 Συναγούσῃ.
1211 5306 1394 5364 Plures
1424 5307 1589 5376 Begg.
1621 5317 1674 5362 et
1695 5306 1788 5361 Or.

578 5374 674 5444 γού

651 5434 761 5511 (Μ’)
791 5444 897 5516 Καὶ
927 5445 1246 5509 ὑπέλαϐεν,
1277 5457 1379 5500 etc.
1409 5446 1617 5510 Btmus,
1650 5464 1668 5497 ι
1707 5461 1939 5516 opesque
1973 5445 2135 5516 ipsius

581 5513 842 5568 beneﬁcio
892 5530 950 5570 se
1019 5527 1365 5571 censecututn
1431 5517 1613 5585 inique
1687 5513 2049 5579 existimavit,
2108 5533 2135 5568 a

623 5599 709 5646 uo,
741 5602 758 5634 ι
799 5595 901 5637 etc.

981 5655 1120 5721 τοὺς
1168 5657 1355 5729 nimio
1413 5655 1574 5729 Coisl.
1635 5657 1656 5709 1
1709 5657 1792 5724 ἐφ’
1840 5659 1986 5729 ἡμᾶς
2019 5661 2141 5721 τοὺς

589 5720 757 5787 υἱούς,
804 5742 821 5773 ι
858 5739 1019 5794 super
1052 5720 1148 5779 nos
1183 5720 1322 5780 ﬁlios
1347 5720 1788 5782 inobcdientesft

1843 4733 1887 4764 ⁸⁸
1932 4731 2086 4783 Deut.
2121 4745 2244 4794 xxv,
2295 4729 2379 4782 15.
2455 4729 2500 4759 ⁸⁸
2529 4727 2691 4782 Zacb.
2723 4743 2775 4791 ν,
2807 4727 2858 4783 7.

805 5307 1179 5376 Συναγούσῃ.
1211 5306 1589 5377 ΡιυτοείΒθςς.
1621 5317 1674 5362 et
1695 5306 1788 5361 Or.
1817 5306 1872 5368 2,
1901 5322 2159 5374 συναγαοι

2931 4729 2975 4760 ⁸⁷
3004 4727 3062 4781 lll
3120 4730 3250 4796 Reg.
3283 4744 3357 4790 st,
3409 4727 3496 4780 55.

2309 4959 2418 5022 (45)
2453 4961 2536 5010 Ol.
2567 4957 2657 5011 Sic
2685 4954 2984 5025 Regg.§hm,
3005 4953 3262 5025 ph,Jres.,
3283 5023 3289 5025 _
3309 4953 3457 5007 Pass.
3485 4954 3539 5007 In
3589 4953 3692 5015 ed.,
3712 4955 3760 5002 εἰ.

2308 5029 2417 5098 (Η)
2457 5023 2963 5098 Ἀλλοτρίαιςξοιζ.
2995 5023 3048 5098 2,
3079 5023 3387 5098 ἀλλρτρίωνς

2307 5092 2418 5168 (45)
2445 5092 2746 5168 ίὪσπερε..
2797 5095 3114 5168 πόρῤωᾷεν.
3157 5092 3252 5168 _S_ic
3293 5092 3547 5168 Cois_l.___l_,
3598 5092 3763 5168 aliique

2237 5161 2540 5223 coddflltcc
2569 5161 2880 5222 in'Grzecis'
2905 5165 3124 5229 omissa,
3157 5164 3277 5218 licet
3318 5179 3346 5215 a
3404 5163 3559 5217 Billio
3605 5161 3762 5214 Latine

2235 5238 2457 5294 reddua.

2306 5307 2417 5376 (46)
2460 5305 2942 5376 Ἐμπωλήσομενο
2976 5303 3106 5368 Reg.
3143 5302 3235 5372 ph,
3265 5310 3317 5356 et
3337 5302 3486 5368 Pan,
3523 5317 3760 5369 απμπω-

2235 5375 2488 5448 λήσομεν.
2528 5378 2681 5450 ΒιιεἌ
2710 5375 3113 5450 εςζητωλῇσομενἶ
3287 5444 3299 5450 _
3464 5442 3498 5450 _
3708 5439 3719 5450 .

2306 5442 2418 5516 (4⁸7)
2468 5445 2820 5502 Μολιϐδοῦν.
2878 5442 3043 5516 Regg.
3102 5447 3210 5510 bm,
3252 5444 3341 5512 ph,
3375 5455 3429 5498 ει
3463 5442 3614 5503 835,,
3649 5442 3764 5510 μελε-

2239 5517 2382 5572 ϐοῦν.

2307 5588 2417 5655 (48)
2471 5585 2673 5651 Μηδὲν
2709 5586 2910 5652 πέρας.
2959 5583 3102 5637 Idem
3137 5582 3351 5655 scripsit
3386 5579 3558 5655 _So_lon
3591 5575 3765 5655 :ilioi-

2238 5651 2344 5728 τουΑ
2484 5656 2634 5708 οὐδὲν
2697 5651 3261 5728 τέρμα-,πεφασμένον
3314 5651 3538 5728 ἀνδράσι
3599 5652 3764 5701 κεῖται·

2246 5747 2264 5778 ι
2304 5726 2486 5782 Nullus
2522 5742 2677 5796 opum
2704 5722 3015 5780 mortalibus
3047 5722 3180 5786 ﬁxus
3207 5732 3287 5776 est
3317 5723 3484 5776 limes.
3527 5740 3544 5770 ι
