3852 6408
125 314 220 371 965

989 309 1246 367 ORATlO
1283 308 1443 365 XVII.
1485 341 1554 350 ——
1590 311 1683 386 AD
1719 309 1919 368 CWES
1956 308 2458 366 NAZIAKZENOS.

3230 316 3333 374 966

127 432 218 484 και
273 430 346 484 τὰ
393 429 740 498 αἰσθητήρια
793 429 899 498 τῆς
943 429 1188 497 καρδίας
1241 447 1359 498 μου
1418 431 1674 499 μαιμάσ·

1792 433 1946 486 :ordis
1989 431 2092 484 mei
2131 431 2324 484 turbati
2366 440 2484 484 sunt
2518 430 2574 482 in
2604 447 2702 492 me,
2729 429 2804 484 ait
2847 431 3078 500 quodam
3123 446 3334 489 sermo-

125 537 210 574 σει
249 520 382 591 (65),
429 520 559 590 φησί
597 537 695 572 που
731 519 837 572 τῶν
878 520 1070 572 ἑαυτοῦ
1105 520 1273 588 λόγων
1318 519 1599 593 Ἱερεμίας,
1647 525 1674 576 ὁ

124 611 222 665 τῶν
266 611 558 682 προφητῶν
605 611 1068 681 συμπαθέστατος,
1105 612 1529 683 ἀποκλαιὸμενος
1563 614 1671 685 (66)

124 704 206 756 τὸν
249 702 464 774 Ἰσραὴλ
490 701 832 769 ἀπειθοῦντα,
858 703 951 755 καὶ
978 703 1076 771 τῆς
1110 702 1203 756 τοῦ
1225 703 1356 756 Θεοῦ
1378 704 1564 774 φιλανθ
1574 723 1676 776 ρω-

124 794 247 860 πίας
295 793 753 866 ἀλλοτριούμενον,
799 793 1004 847 κοιλίαν
1049 795 1146 866 μὲν
1193 794 1304 867 (67)
1353 795 1448 867 τὴν
1485 797 1673 850 ἑαυτοῦ

122 884 288 955 ψυχὴν
309 883 604 954 ὀνομάζων,
633 883 771 937 κατά
799 885 921 947 τοὺς
952 884 1049 955 τῆς
1079 885 1286 955 τροπῆς
1321 886 1536 956 νόμους.
1566 887 1672 940 Οὖ-

123 994 194 1029 τω
220 975 332 1046 (68)
367 974 474 1046 γὰρ
506 973 740 1046 εὑρίσκω
773 973 1038 1045 πολλαχοῦ
1065 975 1164 1044 τῆς
1194 976 1434 1047 Γραφῆς,
1462 978 1569 1030 εἴτε
1603 978 1677 1041 ὡς

123 1067 431 1140 ἀπόκρυφον
472 1067 564 1120 καὶ
598 1065 826 1137 ἀόρατον
869 1066 949 1134 (τὸ
973 1065 1080 1137 γὰρ
1109 1067 1236 1120 αὐτὸ
1262 1069 1356 1121 καὶ
1381 1068 1556 1139 ψυχῆς
1585 1070 1678 1122 καὶ

124 1162 355 1233 γαστρὸς
379 1160 440 1214 τὸ
471 1160 845 1231 κρύπτεσθαι),
874 1161 980 1212 εἴτε
1005 1159 1078 1223 ὡς
1101 1161 1410 1232 χωρητικὴν
1438 1163 1527 1214 καὶ
1557 1162 1680 1214 ἁνα-

125 1255 354 1325 δοτικὴν,
387 1253 453 1306 ἵν’
488 1252 658 1316 οὕτως
700 1252 856 1316 εἴπω,
887 1252 994 1304 τῶν
1031 1253 1094 1304 ὲκ
1121 1251 1212 1304 τοῦ
1242 1252 1399 1320 λόγου
1427 1254 1637 1325 τροφῶν
1661 1271 1674 1283 ·

124 1347 148 1399 ὃ
175 1347 282 1416 γάρ
306 1346 452 1397 ἐστιν
484 1346 540 1396 ὲν
570 1343 776 1414 σώματι
813 1343 923 1412 (69)
952 1345 1146 1414 τροφὴ,
1170 1343 1325 1397 τοῦτο
1351 1347 1405 1397 ἐν
1425 1345 1566 1416 ψυχῇ
1597 1345 1681 1399 λό-

125 1457 232 1508 γος.
250 1437 585 1508 Αίσθητήρια
608 1437 662 1490 δὲ
684 1436 825 1506 τάχα
853 1435 949 1506 μὲν
981 1436 1048 1489 τὰ
1079 1437 1176 1508 τῆς
1203 1437 1378 1507 ψυχῆς
1411 1439 1680 1509 κινήματα

125 1534 210 1587 καὶ
233 1532 584 1603 διανοήματα,
610 1529 703 1583 καὶ
739 1529 941 1582 τούτων
970 1528 1220 1599 μάλιστα,
1251 1531 1350 1584 ὅσα
1383 1533 1446 1584 ὲκ
1473 1532 1571 1602 τῆς
1599 1531 1682 1583 αί-

127 1622 385 1692 σθήσεως,
418 1615 498 1683 οἷς
530 1621 558 1672 ὁ
588 1618 792 1682 δίκαιος
826 1617 1217 1688 σπαράσσεται,
1262 1620 1354 1672 καὶ
1395 1619 1680 1690 θερμαίνε-

126 1732 228 1776 ται,
262 1714 356 1766 καὶ
385 1711 693 1784 ὁρμητικῶς
731 1711 865 1781 ἔχει,
897 1709 990 1762 καὶ
1015 1709 1132 1762 οὐδὲ
1161 1709 1419 1774 καθεκτός
1452 1712 1563 1763 ἐστι
1596 1711 1682 1765 διά

1779 539 1906 576 num
1940 536 2158 577 suorum
2209 522 2331 577 loco
2381 521 2733 586 Jeremias",
2775 523 3155 592 prophetarum
3206 539 3333 578 om-

1781 616 1928 669 nium
1966 615 2031 669 ad
2075 614 2597 670 commiserationem
2629 615 3103 682 propensissimus,
3133 623 3332 670 contu-

1782 721 1987 761 macem
2015 706 2287 772 lsraelem,
2325 715 2484 774 atque
2517 723 2546 760 a
2591 705 2682 760 Dei
2723 707 3054 776 benignitate
3083 721 3141 761 se
3182 721 3336 760 aver-

1785 806 1982 851 tentem
2011 797 2316 866 deplorans,
2352 807 2406 851 et
2429 813 2578 852 suam
2613 798 2827 866 quidem
2861 797 3032 862 ipsius
3071 798 3330 864 animam,

1769 887 1925 955 juxta
1953 888 2222 960 allegorize
2248 890 2414 959 leges,
2445 901 2686 944 ventrem
2723 889 3024 943 nominans.
3060 888 3170 944 lloc
3189 889 3333 944 enim

1776 994 1936 1034 sensu
1966 996 2205 1052 perszepe
2235 982 2373 1035 hanc
2401 997 2585 1036 vocem
2634 983 2686 1036 in
2733 982 3031 1052 Scripturis
3060 992 3332 1051 acceptam

1787 1073 2028 1140 reperio;
2066 1072 2148 1126 vel
2192 1075 2332 1142 quod
2366 1073 2544 1127 abdita
2572 1073 2663 1140 sit,
2697 1084 2855 1143 atque
2881 1073 3155 1128 oculorum
3178 1073 3336 1127 obtu-

1781 1175 1892 1217 tum
1927 1164 2097 1232 fugiat
2133 1161 2208 1234 (id
2255 1165 2397 1218 enim
2430 1164 2590 1218 habet
2612 1164 2788 1218 anima
2820 1179 2938 1218 cum
2971 1175 3157 1218 ventre
3183 1179 3335 1217 com-

1780 1253 1983 1326 mune),
2012 1255 2094 1308 vel
2147 1255 2288 1324 quod
2328 1257 2592 1310 sermonis
2625 1256 2877 1310 alimenta
2923 1252 3122 1323 capiat,
3149 1265 3334 1322 atque,

1780 1357 1838 1400 ut
1884 1346 1964 1400 sic
2015 1346 2224 1415 loquar,
2275 1346 2499 1416 digerat.
2548 1347 2699 1413 Quod
2753 1347 2894 1401 enim
2939 1347 3151 1415 corpori
3184 1347 3336 1400 cibus

1779 1447 1883 1502 est,
1915 1439 2017 1492 hoc
2064 1439 2116 1492 in
2160 1439 2338 1493 animo
2376 1448 2460 1492 est
2512 1454 2711 1494 sermo.
2756 1439 2856 1494 Per
2901 1455 3090 1494 sensus
3134 1449 3334 1505 autem,

1781 1529 2009 1584 fortasse
2055 1529 2406 1599 impulsiones
2456 1531 2668 1597 animm,
2697 1532 3153 1602 cogitationesque
3183 1531 3340 1584 intel-

1783 1618 1918 1688 ligit,
1962 1633 2162 1688 easque
2207 1620 2566 1690 potissimum,
2602 1636 2720 1689 qure
2765 1638 2792 1674 a
2830 1621 3079 1675 sensibus
3121 1621 3335 1689 prolici-

1782 1709 2437 1779 scuntur,quibusjustus
2469 1709 2777 1779 percellitur
2821 1721 2873 1764 et
2919 1710 3218 1771 incalescit,
3259 1717 3340 1761 at-

123 1809 213 1878 τὴν
243 1807 392 1871 ζέσιν
421 1804 514 1858 τοῦ
541 1803 853 1874 Πνεύματος
874 1819 889 1832 ο
912 1800 1068 1854 τοῦτο
1094 1800 1201 1873 γὰρ
1233 1801 1293 1854 τὸ
1334 1803 1681 1872 μαιμάσσειν,

1792 1814 1887 1868 que
1933 1800 2131 1870 impetu
2165 1801 2355 1866 fertur,
2392 1817 2492 1855 nec
2514 1801 2624 1868 jam
2655 1816 2763 1870 pra:
2795 1801 3028 1871 Spiritus
3069 1811 3202 1854 aestu
3245 1814 3339 1854 co-

124 1895 226 1954 οἷον
285 1897 563 1970 προθυμία
607 1913 690 1959 τις
727 1893 881 1965 θυμῷ
925 1892 1243 1963 σύγκρατος.
1279 1893 1341 1945 Et
1373 1893 1427 1946 δὲ
1459 1892 1679 1946 καὶτῶν

127 1991 453 2064 σωματικῶν
491 1989 637 2042 ἐστιν
676 1987 711 2042 ἃ
738 1986 1002 2058 λαμϐάνοι
1030 2003 1114 2048 τις
1149 1985 1516 2057 αἰσθητηρίων
1548 1986 1681 2056 (70),

124 2085 216 2137 οὐκ
251 2081 362 2136 ἀπὸ
395 2078 595 2134 σκοποῦ
622 2077 848 2148 λήψεται
868 2096 880 2108 ’
919 2077 1013 2130 καὶ
1045 2075 1354 2146 ὀφθαλμῶν,
1393 2078 1484 2130 καὶ
1511 2076 1682 2143 ὢτων,

125 2176 178 2228 ού
232 2173 395 2244 μόνον
439 2169 749 2242 ἀχθομένων
782 2171 894 2231 τοῖς
937 2168 1141 2238 χείροσι
1179 2168 1273 2221 καὶ
1322 2167 1553 2238 θεάμασι
1593 2166 1686 2219 καὶ

125 2264 480 2335 ἀκούσμασιν,
506 2260 638 2315 ἀλλά
666 2257 847 2312 καὶτὰ
882 2256 1072 2328 βελτίω
1108 2257 1410 2311 ποθούντων
1433 2258 1525 2310 καὶ
1556 2257 1682 2309 ἰδεῖν

127 2359 211 2411 καὶ
240 2355 471 2410 ἀκοῦσαι
504 2353 591 2406 διὰ
613 2353 673 2405 τὸ
697 2351 1085 2421 εῦσπλαγχνον.
1114 2349 1255 2421 Πλὴν
1285 2350 1429 2413 ὅπως
1464 2349 1529 2403 ἂν
1564 2349 1688 2420 νοῆ-

125 2468 205 2503 ται
235 2449 430 2509 ταῦτα.
461 2448 489 2499 ὁ
509 2446 709 2510 δίκαιος
739 2444 892 2512 ἀλγεῖ
917 2443 1009 2496 καὶ
1038 2442 1352 2514 μαιμὰσσει,
1382 2443 1476 2495 καὶ
1503 2442 1564 2494 οὐ
1596 2458 1689 2512 με-

124 2540 283 2611 τρίως
314 2538 467 2609 φέρει
509 2535 577 2590 τὰ
615 2534 758 2605 πάθη
787 2533 879 2587 τοῦ
918 2533 1150 2604 Ἰσραὴλ,
1195 2532 1471 2604 ὁποτέρως
1511 2532 1686 2602 βούλει

124 2629 476 2682 ταῦτανοεῖν⁶
513 2627 620 2680 εἴτε
651 2625 719 2678 τὰ
760 2624 1063 2698 σωματικὰ,
1114 2625 1206 2677 καὶ
1236 2623 1329 2677 τοῦ
1366 2623 1688 2694 σωματικῶς

126 2721 422 2793 ὁρωμένου,
480 2717 587 2771 εἴτε
645 2717 712 2770 τά
770 2713 1128 2784 πνευματικὰ,
1176 2716 1268 2768 καὶ
1321 2713 1413 2767 τοῦ
1471 2715 1690 2784 νοουμέ-

124 2833 209 2868 νου
241 2813 356 2885 (7-1)
390 2807 790 2880 πνευματικῶς.
841 2808 992 2860 Ἐπεὶ¹
1029 2807 1122 2860 καὶ
1167 2805 1346 2877 πηγὴν
1383 2805 1629 2878 δακρύων
1661 2808 1689 2860 ὁ

126 2906 284 2969 αὐτὸς
309 2904 593 2977 προφήτης
621 2899 882 2971 ἐπιζητεῖ,
917 2899 1010 2952 καὶ
1049 2898 1284 2969 σταθμὸν
1315 2897 1538 2968 ἔσχατον
1573 2901 1690 2953 ἐπι-

126 2997 300 3059 ποθεῖ,
360 2997 453 3049 καὶ
481 2993 712 3066 ἐρημίαν
749 2991 1068 3054 ἀσπάζεται,
1111 2990 1195 3042 ἵνα
1228 2988 1436 3061 κενώσῃ
1474 2989 1533 3043 τὸ
1556 2990 1687 3044 πολὺ

125 3087 218 3157 τῆς
241 3087 442 3156 λύπης,
469 3085 561 3137 καὶ
583 3079 845 3150 κουφισθῇ
870 3095 984 3141 πως
1011 3077 1110 3147 τῆς
1136 3075 1278 3129 ἔνδον
1305 3077 1536 3148 πληγῆς,
1567 3077 1688 3131 καθ’

124 3179 355 3253 ἡσυχίαν
389 3177 662 3248 θρηνήσας
691 3173 782 3226 τὸν
822 3171 1058 3244 Ἰσραήλ.

1785 1887 1960 1942 hiberi
1991 1898 2194 1958 potem;
2227 1891 2327 1944 hoc
2354 1890 2495 1944 enim
2539 1893 2756 1946 verbum
2791 1892 3124 1962 μαιμάσσειν
3159 1906 3341 1959 prom-

1782 1979 2106 2049 ptiludincm'
2127 1981 2414 2050 quamdam
2454 1982 2726 2037 iracundia
2763 1984 3072 2051 permistam
3117 1983 3336 2040 indicat.

1783 2071 1934 2138 Quod
1970 2071 2015 2126 si
2061 2071 2182 2142 quis
2218 2074 2332 2129 haec
2367 2074 2433 2128 ad
2470 2075 2637 2146 ipsius
2671 2076 2833 2130 etiam
2879 2077 3119 2146 corporis
3146 2090 3340 2130 sensus

1784 2163 2004 2230 referat,
2080 2179 2108 2217 a
2173 2180 2335 2236 scopo
2397 2183 2503 2222 non
2567 2167 3338 2238 aberrabit:quandoquidem

1787 2255 1924 2310 oculi
1955 2266 2008 2310 ct
2034 2272 2214 2325 aures,
2244 2275 2346 2314 non
2363 2261 2520 2314 modo
2543 2261 2682 2315 tristi
2716 2261 2829 2314 visu
2853 2270 2906 2314 et
2930 2261 3112 2314 auditu
3134 2261 3340 2314 discru-

1784 2346 2015 2411 ciantur,
2049 2362 2234 2402 verum
2291 2350 2452 2404 etiam
2479 2351 2548 2404 ob
2574 2351 3096 2405 commiseratiouem
3136 2351 3341 2404 lzeticra

1783 2440 1974 2502 videre
2006 2449 2168 2510 atque
2193 2443 2381 2495 audire
2418 2445 2822 2512 concupiscunt.
2858 2441 3185 2511 Quocuuque
3209 2455 3338 2496 vero

1785 2545 1946 2586 sensu
1976 2532 2089 2588 haec
2124 2534 2479 2602 accipiantur,
2509 2535 2848 2602 perspicuum
2883 2546 2964 2590 est
3008 2535 3193 2604 utique
3219 2549 3342 2602 pro-

1785 2625 2000 2695 phetam
2030 2629 2178 2698 gravi
2222 2628 2404 2682 dolore
2436 2626 2596 2693 allici,
2619 2641 2674 2682 et
2708 2627 2945 2694 incitari,
2977 2640 3139 2696 atque
3172 2629 3343 2682 Israe-

1787 2717 1854 2798 lis
1888 2719 2225 2776 calamitates
2259 2721 2635 2776 molestissime
2674 2719 2846 2786 ferre;
2896 2721 3010 2775 sive
3056 2734 3344 2788 corporeas

1787 2811 1905 2866 illas
1941 2813 2226 2882 intelligas,
2258 2815 2498 2883 ejusque,
2527 2814 2615 2882 qui
2656 2829 2912 2882 corporeo
2957 2814 3114 2867 modo
3163 2812 3344 2868 cerni-

1789 2910 1894 2965 tur,
1926 2903 2038 2957 sive
2089 2903 2414 2974 spirituales,
2443 2907 2686 2974 ejusque,
2721 2906 2811 2974 qui
2867 2905 3129 2973 spirituali
3163 2906 3346 2970 {modo

1786 2993 2097 3061 percipitur.
2131 2993 2263 3048 Nam
2299 3004 2353 3048 et
2377 2997 2480 3049 alio
2527 2995 2647 3050 loco
2683 2995 3042 3067 lacrymarum
3075 2996 3274 3049 fontem
3297 2995 3342 3026 ’⁷

1789 3083 1926 3136 idem
1962 3085 2220 3154 propheta
2251 3088 2496 3155 requirit,
2534 3099 2697 3156 atque
2735 3096 3029 3142 extremum
3060 3087 3346 3156 quemdam

1790 3185 2064 3227 recessum
2111 3186 2346 3244 exoptat,
2395 3177 2846 3245 solitudinemque
2894 3175 3257 3243 amplectitur,
3287 3186 3346 3230 ut

123 3287 377 3340 magnam
431 3267 678 3324 tumoris
733 3265 815 3320 sui
871 3273 1078 3332 partem
1135 3259 1454 3326 exnauriat,
1514 3269 1694 3330 atque,
1750 3272 2101 3333 posteaquam
2152 3263 2402 3319 lsraelem
2465 3264 2520 3319 in
2561 3264 2775 3318 silentio
2805 3264 3115 3335 deplorat-it,
3161 3265 3230 3318 ab
3263 3267 3348 3319 in-

125 3381 282 3423 terna
315 3364 472 3433 plaga
504 3356 900 3429 quodammodo
933 3357 1159 3410 levetur.

183 3464 266 3516 B'.
299 3459 374 3512 Τδ
399 3457 442 3510 δ’
478 3454 608 3509 αὐτὸ
641 3453 734 3505 καὶ
759 3452 787 3503 ὁ
809 3449 948 3512 θεῖος
975 3448 1157 3513 Δαϐὶδ,
1179 3449 1239 3502 ού
1268 3462 1460 3520 μικρόν
1489 3447 1692 3520 ἔμπρο-

1862 3448 1927 3503 ll.
1984 3448 2330 3505 Consimilem
2397 3449 2449 3504 in
2503 3451 2715 3506 modum
2745 3450 2956 3506 divinus
2988 3453 3146 3506 etiam
3183 3453 3350 3508 David

123 3557 244 3611 σθεν
308 3553 402 3605 ἐπὶ
426 3551 534 3611 τοῖς
575 3545 692 3599 καθ’
737 3544 925 3597 ἑαυτὸν
968 3541 1348 3613 δυσχεραίνων,
1381 3542 1474 3608 Τίς
1515 3541 1690 3595 δώσει

115 3665 234 3717 μοι,
275 3644 431 3714 φησι,
476 3637 771 3707 πτέρυγας
814 3634 956 3688 ὡσεὶ
990 3629 1361 3701 περιστερᾶς.
1392 3631 1487 3684 καὶ
1514 3647 1690 3686 πετα-

119 3741 452 3804 σθήσομαι,
488 3729 586 3784 καὶ
629 3727 1026 3791 καταπαύσω;
1070 3725 1400 3796 Περιστερᾶς
1448 3725 1694 3796 ἐπιζητεί

119 3832 428 3903 πτέρυγας,
467 3825 575 3878 εἴτε
614 3822 689 3885 ὡς
719 3818 1049 3888 κουφοτέρας
1087 3817 1180 3869 καὶ
1210 3816 1538 3887 ταχυτέρας·
1578 3835 1690 3870 τοι-

117 3925 285 3985 οὗτος
315 3919 424 3990 γάρ
455 3919 596 3979 ἅπας
618 3914 848 3976 δίκαιος·
873 3911 980 3963 εἴτε
1005 3909 1080 3972 ὡς
1106 3907 1166 3961 τὸ
1193 3909 1414 3979 Πνεῦμα
1440 3926 1694 3981 σκιαγρα-

119 4015 329 4085 φούσας
353 4010 492 4083 (72),
523 4002 566 4077 ᾧ
593 4007 736 4077 μόνῳ
757 4003 823 4058 τὰ
848 4001 994 4056 δεινά
1027 4001 1318 4070 φεύγομεν,
1356 4000 1421 4054 ἵν’
1449 4000 1524 4064 ὡς
1555 4005 1692 4074 ποῤ-

121 4107 357 4178 ρωτάτω
395 4102 616 4171 γένηται
649 4097 755 4152 ἀπὸ
782 4093 1059 4166 παρόντων
1087 4092 1197 4163 (75)
1230 4092 1434 4148 κακῶν.
1471 4088 1604 4147 Εἶτα
1633 4094 1692 4147 τὸ

119 4202 174 4252 ἐν
200 4201 319 4261 τοῖς
357 4194 560 4254 στενοῖς
590 4189 893 4260 φάρμακον,
931 4185 964 4255 ἡ
1005 4182 1176 4246 ἐλπίςο
1211 4183 1691 4254 Προσεδεχόμην,

119 4293 278 4361 φησὶ,
308 4288 421 4342 τὸν
456 4283 604 4338 Θεὸν
639 4281 746 4335 τὸν
776 4277 1035 4338 σώζοντά
1058 4295 1134 4345 με
1157 4276 1275 4330 ἀπὸ
1301 4276 1693 4345 amemur;

117 4383 215 4436 καὶ
246 4377 376 4434 ἀπὸ
407 4371 761 4444 καταιγίδος.
793 4370 968 4441 Ὅπερ
1006 4363 1097 4421 οὖν
1127 4367 1221 4420 καὶ
1247 4365 1479 4436 ἀλλαχοῦ
1526 4365 1693 4418 ποιῶν

118 4475 404 4542 φαίνεται,
439 4468 668 4537 τάχιστα
704 4462 780 4534 τῷ
811 4460 1064 4514 λυποῦντι
1091 4459 1152 4512 τὸ
1191 4457 1324 4528 ῐαμα
1364 4455 1690 4530 προστιθεὶς,

116 4568 213 4620 καὶ
230 4561 448 4632 ἀγαθὸν
479 4561 610 4630 ἡμῖν
635 4554 884 4626 παρέχων
902 4551 1184 4622 ’παίδευμα
1211 4550 1304 4603 καὶ
1329 4547 1470 4618 λόγῳ
1495 4549 1589 4600 καὶ
1616 4547 1698 4618 ἕρ-

114 4677 199 4728 γῳ
224 4657 337 4726 τῆς
372 4652 508 4725 πρὸς
541 4649 612 4702 τά
649 4645 794 4700 δεινά
830 4642 1244 4715 μεγαλοψυχίας·
1301 4638 1696 4706 Ἀπηνήνατο,

1797 3541 1938 3596 haud
1986 3541 2144 3611 paulo
2186 3551 2311 3596 ante
2361 3540 2698 3598 calamitates
2743 3559 2867 3596 suas
2907 3543 3098 3598 acerbe
3129 3544 3344 3600 ferens:

1799 3633 1952 3700 Quis,
1987 3633 2179 3704 inquit,
2225 3632 2353 3685 mihi
2415 3631 2560 3686 dabit
2610 3651 2806 3700 pennas
2836 3636 2969 3688 sicut
3002 3636 3272 3701 columba,
3301 3646 3350 3690 et

1797 3727 1998 3789 volabo,
2035 3736 2080 3778 et
2113 3727 2430 3792 requiescam
2447 3725 2700 3796 "W318
2731 3726 2998 3782 Columba:
3026 3743 3229 3798 pennas
3258 3744 3352 3783 ex-

1795 3815 1929 3885 petit
1979 3815 2082 3886 (vel
2127 3816 2266 3884 quod
2316 3815 2544 3872 leviores
2590 3833 2654 3872 ac
2701 3817 2996 3873 velociores
3044 3820 3174 3884 sint,
3229 3821 3351 3876 talis

1795 3906 1939 3961 enim
1982 3916 2065 3961 est
2106 3906 2371 3975 quisquis»
2419 3906 2681 3976 justitiam
2709 3909 2859 3972 colit,
2897 3909 2976 3964 vel
3001 3912 3142 3979 quod
3171 3909 3348 3980 Spiri—

1799 4007 1910 4052 tum
1942 3998 2283 4062 adumbrent,
2316 4001 2470 4066 cujus
2516 4000 2675 4055 unius
2711 4000 2913 4054 auxilio
2941 4003 3178 4070 pericula
3213 4003 3353 4073 fugi-

1798 4087 1961 4156 mus),
2000 4095 2058 4140 ut
2099 4101 2258 4156 quam
2308 4088 2622 4158 longissime
2647 4102 2706 4142 se
2732 4103 2762 4142 a
2796 4091 3151 4157 praesentibus
3197 4092 3352 4146 malis

1799 4187 2095 4234 removeat.
2143 4180 2400 4248 Sequitur
2431 4181 2622 4235 deinde
2661 4195 2808 4248 spes,
2837 4181 2890 4234 in
2921 4182 3164 4250 angustis
3194 4184 3354 4238 rebus

1800 4269 2063 4324 medicina
2090 4287 2103 4322 :
2134 4267 2537 4338 Exspectabam,
2569 4269 2762 4339 inquit,
2801 4270 2986 4334 Deum,
3016 4271 3106 4341 qui
3150 4273 3352 4325 salvum

1799 4378 1880 4414 me
1918 4361 2038 4428 fecit
2085 4377 2117 4413 a
2165 4361 2602 4430 pusillanimitate
2651 4371 2696 4414 et
2753 4371 3053 4427 tempestate
3072 4363 3138 4416 ”.
3199 4361 3352 4428 Quod

1799 4451 1964 4504 etiam
2010 4451 2181 4518 ipsum
2217 4449 2322 4502 alio
2353 4449 2474 4503 loco
2505 4447 2684 4502 facere
2729 4449 3070 4517 perspicitur,
3105 4451 3191 4502 ubi
3223 4444 3351 4503 con-

1803 4541 1980 4597 festim
2014 4541 2182 4596 dolori
2212 4541 2508 4595 remedium
2536 4539 2798 4608 adiungit,
2830 4539 3352 4609 prohumquenobis,

1800 4644 1855 4688 et
1878 4634 2045 4690 verbo
2073 4642 2126 4689 et
2154 4648 2336 4703 Opere,
2364 4632 2748 4702 magnitudinis
2775 4630 2942 4685 animi
2980 4631 3238 4684 adversus
3267 4645 3355 4685 res

115 4720 256 4820 φησι
283 4720 432 4818 (74),
455 4735 904 4809 παρακληθῆναι
935 4735 974 4801 ἡ
1006 4733 1176 4802 ψυχή
1199 4749 1338 4802 μου.
1383 4731 1543 4801 Ὁρᾷς
1565 4729 1699 4798 ἀκη-

1803 4741 1992 4797 graves
2023 4735 2078 4782 et
2107 4725 2434 4794 periculosas
2459 4723 2839 4778 documentum
2867 4720 3109 4791 praebet:
3137 4720 3349 4801 Renuit,

184 4884 235 4915 "
257 4880 382 4936 Jer.
413 4891 486 4938 tv,
517 4873 604 4928 i9.
677 4868 721 4901 ⁵⁷
745 4873 856 4925 Jer.
893 4883 969 4934 ix,
998 4869 1049 4923 1.
1143 4865 1190 4898 ’⁸
1218 4863 1356 4920 Psal.
1381 4879 1489 4928 LIV,
1521 4865 1574 4918 7.

185 4998 709 5069 (65)7Matjuico'et.
747 4995 948 5069 Schol.:
985 4996 1163 5069 φυσεῖ,
1189 4993 1489 5069 προθυμεῖ,
1525 4990 1691 5062 πηδᾷ,

113 5063 424 5144 καχλάζει,
453 5063 578 5144 quae
595 5076 720 5144 sunt
749 5063 1076 5144 hujus_}'ocis
1108 5063 1599 5144 interpretationes:

185 5130 337 5209 (66f
357 5130 878 5209 Ἀποκλαιόμενος.
911 5135 1077 5209 Begg.
1108 5130 1340 5209 buy-[Il].
1363 5130 1690 5209 ἀποκλαίων.

184 5201 315 5281 (6⁸7)
351 5209 598 5281 Konlt'ar
621 5201 755 5276 μέν,
781 5201 886 5281 etc.
911 5205 1095 5281 Bill'uts
1119 5221 1193 5281 :__t_
1233 5201 1442 5281 γρῆυ-ἒξ
1478 5202 1690 5281 quidem

109 5269 359 5336 noinine
384 5295 534 5330 suam
567 5269 996 5344 ipsiusranimatn
1027 5272 1313 5344 intelligit._
1336 5291 1354 5322 ι
1395 5269 1563 5344 Verba
1594 5287 1691 5324 au-

108 5359 254 5413 tem,
294 5347 446 5401 κατὰ
473 5342 596 5409 τοὺς
621 5344 948 5416 τῆςτροτᾱις
978 5343 1173 5416 νόμους
1195 5383 1226 5416 ,Α
1247 5361 1265 5393 ι
1299 5342 1446 5416 juxta
1498 5342 1695 5410 allego-

109 5420 214 5473 riae
240 5411 428 5486 leges,
469 5434 488 5468 ι
530 5417 613 5470 vel
655 5411 687 5471 a
721 5411 877 5470 Bi'tlio
907 5411 1052 5468 'nou‘
1079 5413 1322 5478 reddita,
1353 5411 1496 5464 vela
1542 5421 1696 5481 typo-

106 5490 340 5558 grapho
371 5487 588 5558 omissa.

183 5551 317 5629 (68)
355 5556 538 5629 ρῦτω.
564 5556 705 5629 Beg.
734 5555 849 5629 ΒΨ,
878 5551 1053 5629 τοῦτο.

182 5618 314 5700 (69)
355 5625 468 5700 :Er
498 5618 863 5700 adiuta—testis
883 5623 1061 5693 plures
1083 5621 1276 5691 ltegg.,
1313 5619 1476 5676 Coisl.
1513 5620 1539 5673 1
1560 5660 1574 5687 ,
1611 5618 1704 5675 Or.

103 5701 165 5767 2,
191 5695 319 5753 etc.
354 5697 510 5767 Deest
532 5697 588 5748 ὲν
617 5697 670 5767 in
691 5695 777 5767 e_d.

1650 4865 1695 4896 ”
1737 4866 1866 4918 ibid.
1895 4864 1948 4918 9.

1799 5008 1889 5056 τις
1914 4989 2328 5058 αἰσθητηρίων.
2359 4987 2447 5041 Sic
2475 4987 2638 5052 ηερε.
2681 5004 2734 5045 a.
2767 4986 2875 5049 bm,
2909 4995 3018 5038 tres
3060 4982 3233 5047 Colb.,
3266 4981 3359 5036 Or.

1799 5061 1851 5117 2.
1885 5060 2027 5122 Pan,
2059 5071 2112 5112 et
2135 5059 2244 5112 Jes.
2283 5060 2336 5110 In
2368 5060 2522 5121 edit.,
2553 5059 2599 5109 εί
2631 5056 2686 5109 δὲ
2713 5056 2806 5108 καὶ
2840 5057 2931 5108 ἐπὶ
2981 5053 3088 5106 τῶν
3123 5069 3364 5122 σωματι-

1799 5129 1910 5182 κῶν
1936 5121 2590 5200 αἰσθητηρίων-λαμδάνοι
2616 5144 2717 5191 τις.
2744 5125 3017 5188 Nonnulli,
3041 5138 3138 5193 pro
3157 5121 3366 5191 λαμϐά-

1795 5217 1899 5256 νοι.
1933 5197 2460 5266 Ιικὶιιιιιι,’λαμ6άνει.

1867 5270 1978 5342 (7))
2010 5265 2376 5342 Νοουμένου..
2405 5266 2534 5336 Reg.
2565 5281 2616 5342 tt.
2647 5265 2946 5342 ὁρωμένου.
3320 5327 3331 5342 ι

1868 5335 1978 5410 (72)
2010 5335 2521 5409 Σκιαγραεεούσαςέ.
2571 5335 2768 5406 Regius
2828 5339 2948 5400 bin,
2998 5335 3360 5401 σκιαγραφού-

1807 5428 1989 5551 alii?»
2041 5478 2182 5533 Ἀπὸ
2219 5481 2554 5551 παρόντων.
2585 5477 2767 5551 Δυρεει
2807 5473 2930 5551 *ἀπό
2962 5475 3013 5525 in
3045 5471 3213 5551 μεμε.
3234 5484 3286 5551 'a
3319 5479 3369 5517 et

1805 5537 1936 5632 imi:
1957 5537 2082 5617 Alii,
2113 5537 2326 5605 subluto
2350 5551 2477 5616 ἀπό,
2511 5549 2728 5611 habent,
2765 5544 2873 5598 τῶν
2920 5543 3202 5614 παρόντων
3234 5537 3372 5608 [tne-

1812 5619 1994 5766 l‘m(s7]«:l)
2029 5691 2427 5766 Ἀπηνήνατο,
2445 5688 2614 5766 φησι.
2637 5685 2728 5766 Sic
2742 5685 2923 5758 plures
2948 5679 3370 5754 Regg.etColb.,

158 5759 317 5856 ³70)
346 5769 416 5822 Et
444 5765 512 5820 δὲ
535 5764 632 5820 καὶ
665 5763 783 5820 τῶν
808 5760 1153 5834 σωματικῶν
1167 5759 1335 5816 ἐστιν
1355 5759 1391 5816 d
1418 5760 1700 5831 λαμϐάνοι

1815 5759 1905 5817 0r.
1937 5762 1990 5823 ἓ.
2023 5772 2128 5817 clc.
2162 5759 2318 5818 Deest
2353 5761 2482 5830 φησί
2517 5766 2568 5817 in
2598 5761 2684 5814 ed.
