3852 6408
503 264 606 322 967

1701 253 1756 308 S.
1796 207 2122 308 GREGORII
2163 251 2252 306 ΤΗ
2262 250 2502 308 EOLOGI
3599 255 3679 310 953

507 386 699 456 inquit,
755 382 1012 438 consolari
1055 379 1228 434 animo
1267 377 1452 431 mea‘.
1495 375 1732 450 Audisne
1777 376 2064 430 anxietatis

2172 373 2281 438 Βίας
2320 375 2535 445 ῥήματα
2557 372 2670 443 (75)
2698 373 2790 426 καὶ
2817 371 3210 442 ἁπογνὼσεως;
3239 367 3359 445 Ἆρ’
3393 374 3488 426 οὐκ
3517 374 3684 442 ἔδεισας

507 487 560 531 et
586 472 972 544 desperationis
1002 470 1201 524 verba?
1232 468 1368 523 Num
1404 468 1524 536 quis
1567 477 1617 522 te
1659 467 1872 522 Davidis
1901 483 2060 523 causa

510 570 672 624 timor
722 563 1134 634 invasit,‘quasi
1210 560 1494 616 incurabili
1530 561 1716 614 morbo
1761 560 2065 614 laboraret?

507 663 641 730 Quid
677 661 793 714 ais?
823 658 937 714 Non
973 656 1215 712 admittis
1243 653 1708 710 consolationem?
1756 652 1930 722 Negas
1970 652 2062 707 tibi

508 733 683 809 solatii
744 766 891 821 spem
967 749 1128 803 ullam
1213 747 1558 817 superstitem
1643 745 1795 800 esse?
1856 743 2067 799 Nihilne

509 845 602 899 tibi
663 842 997 897 medebitur?
1054 839 1170 894 Non
1250 854 1463 902 sermo,
1506 853 1612 892 non
1675 837 1899 901 amicus,
1959 850 2063 890 non

509 936 856 1005 propinquus,
890 949 992 988 non
1045 932 1301 997 monitor,
1343 946 1447 984 non
1511 929 1709 985 doloris
1739 930 1944 984 socium
2009 942 2066 982 se

509 1029 768 1094 praebens,
829 1041 933 1078 non
981 1039 1068 1079 res
1133 1039 1256 1078 suas
1311 1024 1562 1076 adversas
1613 1036 1916 1091 exponens,
1961 1035 2063 1073 non

508 1130 686 1174 vetera
741 1120 1202 1181 commemorans,
1265 1131 1369 1170 non
1421 1115 1702 1185 praesentia
1770 1128 1890 1167 cum
1962 1113 2066 1166 illis

509 1227 825 1280 comparans
859 1220 1018 1278 atque
1061 1209 1375 1274 ostendens,
1411 1223 1571 1275 quam
1619 1205 1770 1259 multi
1820 1205 2066 1260 homines

509 1303 669 1357 etiam
728 1317 791 1355 ex
856 1299 1211 1354 atrocioribus
1282 1298 1436 1351 malis
1491 1295 1798 1351 evaserint?
1856 1294 2067 1348 Siccine

511 1395 748 1464 proiecta
798 1401 946 1456 sunt,
1003 1392 1342 1452 interierunt,
1389 1389 1602 1442 concisa
1667 1397 1790 1442 sunt
1846 1369 2074 1441 omnia?

510 1485 722 1540 Siccine
771 1497 891 1551 spes
936 1483 1112 1536 omnis
1155 1478 1353 1548 periit?
1409 1475 1518 1531 Nec
1579 1477 1866 1545 quidquam
1924 1475 2065 1530 aliud

508 1585 770 1646 superest,
801 1590 960 1644 quam
1014 1583 1072 1627 ut
1104 1573 1350 1641 jacentes
1383 1578 1439 1624 et
1474 1568 1648 1636 Supini
1687 1568 1844 1621 linem
1872 1583 2062 1638 exspe-

509 1668 750 1724 ctemus?
806 1666 928 1720 Haec
981 1678 1200 1732 magnus
1251 1661 1340 1716 ille
1381 1660 1569 1724 David,
1618 1659 1712 1728 qui
1764 1659 1960 1728 alioqui
2007 1660 2060 1713 in

2161 465 2234 528 ὡς
2261 464 2388 536 περὶ
2415 465 2784 537 ὰθεραπεύτου
2813 463 2906 517 τοῦ
2939 464 3132 531 Δαϐίδ;
3161 467 3226 517 Τί
3255 465 3466 533 λέγεις;
3494 467 3561 518 υύ
3583 466 3684 539 δέχῃ

2164 556 2536 627 παράκλησιν;
2577 557 2892 622 ἀπελπίζεις
2931 557 3314 629 παραμυθίαν;
3345 557 3516 620 οὐδεὶς
3559 557 3689 630 θερα-

2165 646 2353 700 πεύσει
2377 647 2490 717 (76)
2523 663 2580 699 σε
2601 664 2616 713 ;
2640 647 2700 700 ού
2733 647 2908 715 λόγος,
2941 649 3002 700 ού
3037 647 3208 717 φίλος,
3248 648 3308 700 ού
3342 647 3612 718 συγγενὴς,
3645 651 3690 702 ού

2165 736 2562 806 συμϐουλεύων,
2597 738 2656 789 ού
2709 737 3007 805 συναλγῶν,
3048 739 3108 790 ού
3147 737 3215 791 τὰ
3270 737 3390 790 καθ’
3425 738 3604 788 ἑαυτὸν
3633 738 3699 790 δι-

2161 827 2481 898 ηγούμενος,
2531 830 2593 882 ού
2629 829 2695 882 τὰ
2734 831 2932 900 ἀρχαῖα
2957 829 3148 898 λέγων,
3184 831 3242 882 ού
3276 829 3344 882 τὰ
3374 829 3468 882 νῦν
3495 847 3703 900 παρατι-

2163 920 2295 984 θεὶς,
2330 923 2442 974 ὅσοι
2467 922 2557 974 καὶ
2583 923 2688 975 ἀπὸ
2719 923 3108 994 χαλεπωτέρων
3140 923 3321 976 κακῶν
3351 923 3704 994 διεσώθησαν;

2168 1013 2458 1083 Ἐρῤιπται
2491 1014 2699 1078 πάντα;
2736 1015 2973 1085 οἴχεταις
3011 1015 3437 1084 περικέκοπται;
3484 1015 3705 1068 ἀπόλωλε

2165 1106 2313 1158 πᾶσα
2357 1105 2542 1170 ἐλπίς;
2584 1105 2793 1158 κεῖσθαι
2831 1106 2911 1162 δεῖ
2952 1106 3128 1176 μόνον,
3157 1107 3216 1158 τὸ
3260 1107 3410 1170 τέλος
3436 1107 3706 1176 ἐκδεχομέ-

2164 1213 2313 1260 νους;
2345 1197 2526 1250 Ταῦτα
2555 1200 2582 1250 6
2607 1197 2774 1267 μέγας
2795 1198 2974 1260 Δαϐὶδ,
3011 1200 3038 1251 6
3061 1200 3118 1252 ἐν
3154 1198 3362 1267 θλίψεσι
3397 1199 3708 1268 πλατυνὸμε·

2164 1306 2284 1352 νος·
2315 1292 2343 1343 ὁ
2367 1291 2460 1342 καὶ
2504 1293 2659 1355 σκιᾶς
2695 1292 2922 1347 θανάτου
2966 1293 3267 1364 κυκλούσης
3307 1294 3443 1364 μετὰ
3473 1294 3563 1347 τοῦ
3591 1295 3706 1348 Θεοῦ

2164 1382 2702 1454 κατεξανιστάμενος.
2757 1384 2820 1436 Τί
2866 1379 2958 1437 οὖν
3010 1385 3119 1454 ὲγὼ
3169 1387 3344 1451 πάθω,
3380 1388 3407 1439 6
3449 1389 3650 1459 μικρὸς,
3684 1392 3708 1441 6

2165 1477 2418 1549 ἀσθενὴς,
2453 1478 2481 1529 6
2516 1479 2720 1548 γήϊνος,
2757 1481 2798 1549 6_
2817 1478 2889 1550 μὴ
2921 1479 3172 1544 τοσοῦτος
3300 1482 3566 1551 πνεύματι
3586 1499 3598 1544 ;
3620 1485 3707 1534 Δα-

2167 1566 2249 1618 ϐὶδ
2287 1567 2508 1640 ίλιγγιᾷ,
2555 1570 2648 1622 καὶ
2688 1571 2772 1632 τίς
2806 1570 3064 1637 attigerat;
3094 1572 3224 1625 Τίνα
3264 1572 3515 1643 βοήθειαν
3555 1572 3708 1644 55,00:-

2170 1659 2360 1729 μι.(77)
2395 1659 2742 1723 κακοπαθῶν,
2787 1661 2819 1732 ἣ
2853 1661 2973 1716 τίνα
3011 1663 3388 1734 παράκλησιν;
3440 1665 3572 1734 πρὸς
3605 1666 3708 1719 τίνα

511 1757 940 1812 tribulationibus
986 1753 1307 1816 dilatatnr';
1357 1750 1470 1819 qui,
1510 1749 1592 1804 vel
1645 1751 1833 1804 mortis
1877 1751 2060 1805 umbra

2172 1749 2461 1819 καταφύγω
2511 1752 3038 1823 στενοχωρούμενος;
3101 1754 3472 1826 Ἀποκρίνεταί
3511 1772 3588 1808 σοι
3622 1760 3707 1808 Δα-

510 1849 926 1914 ςίτουιηῐυειιε³,
969 1846 1060 1902 Dei
1125 1854 1299 1898 tamen
1353 1857 1454 1911 ope
1520 1842 1774 1906 obnixus,
1807 1843 2064 1896 adversus

508 1956 625 1994 eam
670 1939 925 2008 exsurgit.
977 1936 1240 2003 Quidnam
1292 1935 1454 2006 igitur
1491 1949 1577 1988 me
1625 1933 1808 1987 facere
1839 1948 1935 2002 par
1959 1943 2061 1999 est,

509 2044 593 2083 me
621 2043 841 2098 parvum
872 2038 922 2080 et
957 2025 1303 2090 imbecillem,
1340 2029 1426 2078 me
1457 2032 1754 2086 terrenum,
1785 2038 1881 2078 nec
1918 2032 2064 2077 tanta

507 2121 727 2191 spiritus
777 2118 1030 2172 facultate
1068 2116 1391 2184 prteditum?
1439 2115 1605 2169 David
1647 2123 1859 2178 aestuat,
1893 2128 2084 2184 neque.

507 2212 670 2267 habet
706 2225 813 2279 quo
857 2224 913 2264 se
943 2217 1137 2272 vertat,
1189 2216 1244 2262 et
1287 2206 1408 2276 quis
1454 2204 1636 2259 salvus
1669 2219 1789 2259 esse
1822 2203 2064 2274 poterit?

508 2303 636 2370 Qua:
687 2317 773 2357 res
817 2300 945 2354 mihi
995 2299 1284 2363 laboranti,
1315 2298 1398 2353 vel
1439 2297 1700 2362 subsidio,
1737 2295 1821 2351 vel
1871 2295 2066 2351 solatio

509 2395 686 2450 futura
721 2393 842 2448 est?
875 2392 956 2447 Ad
983 2406 1141 2462 quem
1171 2391 1224 2445 in
1259 2390 1534 2460 angustias
1559 2390 1808 2444 redactus
1831 2386 2068 2457 fugiam?

509 2486 628 2542 Tibi
654 2499 968 2556 responsum
993 2483 1191 2553 praebet
1220 2481 1404 2546 David,
1436 2495 1661 2551 magnus
1690 2479 1778 2532 ille
1806 2477 2064 2540 medicus,

508 2588 571 2628 ac
603 2573 771 2626 malos
794 2573 958 2626 etiam
989 2569 1209 2639 spiritus
1256 2584 1351 2638 per
1381 2568 1646 2638 Spiritum
1681 2568 1734 2622 in
1770 2568 1887 2638 ipso
1916 2565 2068 2620 babi-

511 2673 712 2718 tantem
759 2663 1041 2717 incantans
1059 2661 1102 2714 ι.
1128 2661 1208 2714 Ad
1234 2675 1394 2730 quem
1423 2659 1701 2730 confugies
1726 2674 1790 2714 ex
1819 2674 1903 2713 me
1929 2659 2068 2718 scire

508 2755 680 2824 cupis,
708 2769 807 2810 nec
828 2769 924 2824 per
961 2761 1012 2808 te
1053 2753 1167 2821 ipse
1205 2751 1506 2820 intelligis?
1544 2750 1674 2818 Quis
1702 2758 1806 2815 est,
1833 2751 1925 2819 qui
1955 2749 2060 2804 law

509 2848 697 2920 guidas
738 2862 925 2902 manus
979 2846 1221 2911 roborat,
1257 2853 1311 2900 et
1357 2859 1528 2915 genua
1574 2843 1832 2898 dissoluta
1867 2841 2068 2897 conﬁr-

512 2944 672 3003 mat',
707 2947 761 2992 et
798 2953 892 3006 per
919 2938 1094 3008 ignem
1149 2937 1316 3001 ducit,
1350 2945 1407 2989 et
1449 2949 1546 3004 per
1590 2932 2066 3003 aquam‘salutem

2167 1833 2251 1917 ύὶδ
2292 1843 2320 1894 6
2351 1841 2522 1911 μέγας
2549 1841 2906 1914 θεραπευτὴς,
2937 1845 2965 1896 6
2999 1846 3091 1898 καὶ
3130 1847 3451 1917 πνευμάτων
3481 1848 3707 1918 πονηρῶν

2165 1933 2482 2003 κατεπᾴδων
2534 1933 2620 1988 διὰ
2665 1935 2761 1988 τοῦ
2799 1937 2855 1988 ὲν
2889 1936 3036 2006 αύτῷ
3066 1937 3398 2008 Πνεύματος.
3432 1938 3572 2008 Πρὸς
3604 1939 3707 1991 τίνα

2167 2023 2478 2096 καταφεύξῃ
2522 2024 2632 2097 (78)
2665 2028 2794 2097 παρ’
2828 2026 2960 2097 ἐμοῦ
3008 2027 3180 2096 βούλει
3235 2028 3445 2098 μαθεῖν,
3484 2029 3633 2091 αὐτὸς
3659 2030 3706 2082 δὲ

2165 2119 2264 2171 ούκ
2295 2118 2615 2184 ἐπίστασαι;
2657 2120 2753 2182 Τίς
2785 2120 2813 2172 6
2842 2119 2942 2182 τὰς
2973 2119 3304 2190 παρειμένας
3341 2121 3596 2190 ἒνισχύων
3621 2126 3710 2189 χεῖ-

2171 2226 2291 2279 ρας,
2317 2212 2411 2263 καὶ
2439 2211 2638 2278 γόνατα
2669 2209 3086 2282 παραλελυμένα
3121 2211 3450 2281 παρακαλῶν
3479 2212 3602 2281 (79).
3629 2212 3710 2264 καὶ

2165 2301 2450 2376 διὰπυρὺς
2482 2302 2648 2370 ἄγων,
2676 2304 2768 2356 καὶ
2799 2301 2981 2368 σώζων
3006 2303 3072 2356 δι’
3100 2303 3288 2367 ὓδατος
3315 2322 3330 2367 ;
3356 2303 3516 2356 Οὐδὲν
3537 2302 3610 2354 δεῖ
3639 2320 3709 2354 ,τοι

2167 2394 2540 2466 παρατάξεως,
2574 2396 2759 2468 φησί-ν,
2801 2397 2898 2467 ούχ
2919 2396 3114 2463 ὃπλων,
3146 2399 3206 2451 ού
3235 2395 3490 2462 τοξοτῶν,
3515 2397 3604 2466 οὐχ
3636 2397 3709 2449 ἱπ-

2169 2484 2337 2548 πέων,
2373 2486 2432 2537 ού
2469 2485 2805 2557 συμϐούλων,
2842 2486 3119 2564 ούῢφίλων,
3156 2487 3255 2541 ούκ
3288 2488 3598 2558 ἐπικουρίας
3626 2487 3711 2558 τῆς

2169 2576 2387 2641 ἐξωθεν;
2423 2577 2607 2648 Ἔχεις
2647 2581 2704 2632 ὲν
2746 2579 2955 2650 σεαυτῷ
2993 2579 3090 2651 τὴν
3115 2571 3455 2651 συμμαχίαν.
3485 2583 3548 2651 ἣν
3577 2581 3712 2648 κάγὼ

2125 2745 2128 2748 ξ
2170 2671 2264 2724 καὶ
2291 2664 2418 2733 ’πᾶς
2451 2672 2479 2724 6
2521 2670 2858 2742 βουλόμενος.
2890 2672 3122 2742 Θελῆσαι
3163 2673 3243 2725 δεῖ
3275 2673 3455 2743 μόνον,
3499 2673 3712 2743 ὁρμῆσαι

2172 2758 2348 2829 μόνον.
2386 2760 2580 2828 Ἐγγὺς
2603 2763 2634 2832 ή
2669 2761 3028 2834 παράκλησις,
3054 2763 3110 2814 ἐν
3140 2761 3217 2833 τῷ
3244 2763 3471 2832 στόματί
3506 2780 3610 2824 σου,
3631 2766 3714 2816 καὶ

2170 2850 2226 2903 ὲν
2256 2853 2320 2921 τῇ
2362 2851 2556 2923 καρδίᾳ
2580 2869 2670 2904 σου
2692 2869 2704 2882 ·
2752 2852 3090 2921 Ἐμνήσθην
3113 2854 3218 2908 τοῦ
3252 2854 3422 2918 Θεοῦ,
3455 2856 3597 2925 φησι,
3627 2853 3713 2906 καὶ

2169 2941 2526 3011 εὐφράνθην.
2564 2945 2628 2996 Τί
2669 2946 2888 3016 μνήμης
2917 2947 3288 3030 έτοιμότερονς
3334 2948 3607 3019 Μνήσθητι
3634 2947 3713 2998 καὶ

510 3032 704 3087 all'ert?
745 3030 910 3095 Nihil,
952 3029 1145 3100 inquit,
1183 3030 1446 3083 instructa
1489 3025 1605 3080 acie
1643 3040 1780 3094 opus
1831 3034 1933 3090 est,
1961 3040 2064 3078 non

2173 3033 2257 3097 σὺ,
2283 3034 2375 3086 καὶ
2399 3033 2749 3105 εύφράνθητι.
2775 3035 2837 3086 ’Ὠ
2866 3028 2956 3087 τοῦ
2983 3035 3306 3106 εύπορίστου
3339 3036 3438 3105 τῆς
3463 3034 3711 3105 ίατρείαςῑ

511 3126 699 3189 armis,
737 3140 841 3179 non
880 3123 1193 3194 sagittariis,
1230 3137 1336 3176 non
1386 3120 1678 3189 equitibus,
1711 3133 1818 3172 non
1851 3116 2060 3173 consul-

511 3218 743 3282 toribus,
781 3233 887 3271 uon
939 3217 1148 3282 amicis,
1191 3230 1296 3269 non
1341 3223 1565 3268 externo
1610 3211 1866 3267 subsidio.
1903 3211 2068 3265 Auxi-

510 3311 667 3364 liares
695 3310 875 3379 copias
907 3309 958 3362 in
991 3308 1163 3375 teipso
1198 3307 1382 3371 habes,
1412 3319 1554 3375 quae,
1585 3312 1640 3358 et
1673 3302 1790 3368 tibi,
1828 3308 1884 3356 et.
1908 3301 2062 3366 mihi,

508 3410 562 3456 et
599 3401 766 3455 cuivis
809 3401 860 3454 in
900 3409 1146 3469 promptu
1176 3406 1334 3476 sunt.
1373 3397 1518 3452 Velle
1556 3404 1768 3452 tantum
1827 3403 2062 3462 oportet,

2172 3121 2217 3176 ὣ
2265 3124 2358 3176 τοῦ
2387 3125 2584 3195 τάχους
2626 3129 2725 3198 τῆς
2769 3126 3086 3197 θεραπείαςῑ
3129 3126 3174 3179 ὣ
3215 3126 3304 3180 τοῦ
3340 3127 3594 3196 μεγέθους
3629 3126 3715 3193 τῆς

2172 3214 2404 3286 δωρεᾶςί
2449 3217 2523 3269 Οὐ
2562 3216 2796 3287 κοιμίζει
2833 3217 2990 3285 μόνον
3036 3216 3382 3286 ὀλιγοψυχίαν
3425 3215 3514 3268 καὶ
3560 3214 3715 3283 λύπην

2177 3306 2564 3376 μνημονευθεὶς
2609 3308 2638 3359 ὁ
2670 3306 2780 3378 (80)
2809 3308 2960 3372 Θεὸς,
2997 3307 3131 3361 ἀλλὰ
3166 3307 3258 3361 καὶ
3285 3307 3609 3378 εὐφροσύνην
3638 3308 3715 3375 ἐρ-

2173 3397 2424 3466 γάζεται.

508 3494 781 3564 animique
813 3494 1066 3564 impetum
1107 3494 1320 3556 alferre.
1359 3492 1414 3546 In
1444 3492 1746 3562 propinquo
1774 3498 1857 3545 est
1881 3490 2202 3553 consolatio,
2238 3493 2291 3548 in
2337 3510 2430 3550 ore
2473 3504 2584 3562 tuo,
2615 3504 2670 3551 et
2716 3495 2770 3550 in
2801 3495 2968 3552 corde
2996 3504 3108 3550 tuo.
3143 3495 3345 3550 Memor
3371 3494 3453 3563 fui
3495 3495 3604 3560 Dei,
3641 3495 3718 3548 in-

509 3590 643 3657 quit,
671 3598 716 3642 et
743 3588 1021 3642 delectatus
1072 3587 1246 3643 sum“.
1283 3586 1422 3654 Quid
1453 3587 1713 3642 memoria
1742 3587 2210 3660 paratius?319
2237 3589 2316 3645 Tu
2349 3607 2560 3661 quoque
2621 3606 2826 3647 memor
2860 3600 2997 3658 esto,
3059 3599 3114 3647 et
3175 3591 3462 3646 delectare.
3503 3590 3544 3646 Ο
3601 3589 3719 3644 laci-

510 3673 613 3733 lem
658 3679 1011 3733 medicinam!
1060 3678 1104 3735 Ο
1145 3679 1374 3734 celerem
1420 3677 1643 3734 curandi
1695 3678 1996 3732 rationem!
2030 3677 2074 3732 Ο
2102 3681 2367 3750 ingentem
2396 3682 2639 3738 beneﬁcii
2665 3682 3126 3753 magnitudinem!
3179 3681 3293 3738 Non
3352 3681 3510 3736 modo
3567 3680 3717 3733 animi

510 3772 926 3828 imbecillitatem
957 3773 1376 3843 maestitiamque
1405 3773 1558 3828 sedat
1599 3772 1690 3826 Dei
1724 3772 2048 3841 recordatio,
2077 3775 2172 3830 sed
2198 3786 2252 3831 et
2277 3777 2687 3832 delectationem
2719 3777 2877 3845 parit.

581 3863 667 3917 Ill.
701 3863 794 3917 Vis
827 3864 927 3917 alia
961 3864 1180 3934 insuper
1209 3865 1400 3918 divina:
1424 3878 1554 3934 erga
1577 3865 1870 3916 humanum
1902 3878 2069 3934 genus

510 3955 889 4010 benevolentia:
925 3955 1224 4010 testimonia
1259 3955 1590 4025 producam?
1618 3951 1700 4018 Si,
1725 3953 1917 4022 inquit,
1944 3969 2069 4006 con-

511 4063 684 4100 versus
718 4047 786 4098 ad
819 4045 1094 4100 Dominum
1150 4047 1481 4116 ingemueris,
1511 4047 1645 4115 :tunc
1687 4043 1869 4098 salvus
1899 4045 2002 4098 eris
2022 4045 2064 4097 ⁷.

515 4136 788 4192 Videtisne
850 4137 1292 4205 quemadmodum
1341 4136 1483 4191 salus
1528 4150 1648 4190 cum
1701 4135 1900 4203 gemitu
1954 4149 2077 4188 con-

502 4227 691 4296 juncta
727 4228 835 4282 sit?
881 4227 947 4281 Et
994 4227 1168 4281 adhuc
1208 4237 1259 4281 te
1305 4227 1556 4296 loquente
1601 4227 1742 4281 dicet
1772 4244 1784 4280 :
1812 4224 1946 4279 Ecce
1985 4225 2075 4278 ad-

509 4333 624 4371 sum
645 4318 699 4383 Ι⁵;
737 4327 790 4372 et
820 4317 1067 4387 loquetur
1091 4317 1282 4372 animae
1305 4329 1406 4372 tuae
1437 4333 1452 4371 :
1482 4315 1639 4370 Salus
1670 4325 1760 4370 tua
1783 4333 1874 4386 ego
1901 4316 2070 4370 sum”.

2243 3867 2317 3919 I".
2353 3868 2537 3922 Βούλει
2558 3869 2651 3921 καὶ
2677 3868 2850 3922 ἄλλων
2883 3865 3112 3920 ἀκούσαι
3143 3863 3545 3936 φιλανθρωπίας
3566 3858 3722 3931 ῥημά-

2170 3974 2314 4023 των;
2353 3959 2491 4012 Ἐὰν
2535 3960 2939 4028 ἐπιστραφεὶς,
2975 3960 3126 4029 φησὶ,
3167 3958 3314 4025 πρὸς
3358 3958 3575 4024 Κύριοι·
3617 3953 3719 4023 (81)

2172 4049 2492 4119 στενάξῃς,
2532 4052 2663 4104 τότε
2687 4051 2955 4121 σωθήσῃ.
2991 4053 3184 4122 Ὁρᾶτε
3219 4050 3296 4120 τῷ
3329 4047 3611 4118 στεναγμῷ
3631 4047 3719 4115 τὴν

2176 4141 2446 4212 σωτηρίαν
2499 4142 2962 4214 συνεζευγμένην;
3013 4141 3116 4196 Καὶ
3164 4141 3242 4195 ἔτι
3290 4139 3574 4200 λαλοῦντός
3614 4155 3718 4194 σου.

2174 4235 2318 4303 ἐρεῖ·
2354 4232 2509 4286 Ἰδοὺ
2541 4231 2802 4300 adpetitu
2849 4234 2943 4286 καὶ
2996 4231 3285 4303 φθέγξεται
3324 4233 3388 4302 τῇ
3432 4231 3572 4300 ψυχῇ
3604 4243 3717 4281 σου·

2174 4325 2437 4392 Σωτηρία
2484 4341 2596 4379 σου
2633 4326 2747 4394 εἰμὶ
2789 4325 2920 4396 ἐγώ.
2946 4325 3108 4379 Οὐδὲν
3146 4324 3309 4394 μέσον
3345 4322 3445 4391 τῆς
3475 4323 3722 4388 αἰτήσεως

513 4408 653 4462 Nihil
707 4409 847 4464 inter
887 4409 1198 4478 petitionem
1261 4419 1316 4464 et
1363 4408 1794 4478 impetrationem
1840 4409 2064 4470 interce-

2175 4417 2267 4469 καὶ
2289 4417 2386 4485 τῆς
2416 4415 2740 4480 ὲπιτεύξεως
2762 4434 2775 4448 ’
2812 4417 2870 4469 ού
2905 4415 3122 4488 χρυσὸς,
3153 4413 3251 4467 οὐκ
3284 4413 3543 4483 ἄργυρος,
3566 4410 3621 4461 ού
3654 4408 3723 4458 λί-

512 4498 622 4565 dit;
659 4513 762 4553 non
806 4515 1017 4566 aurum,
1051 4516 1154 4553 non
1191 4509 1492 4568 argentum,
1525 4516 1630 4554 non
1676 4500 1968 4568 splendidw
2019 4507 2073 4554 et

513 4590 722 4645 eximiae
751 4605 993 4661 gemmae,
1028 4605 1133 4645 non
1161 4602 1355 4645 caetera
1382 4591 1574 4661 quibus
1599 4593 1878 4647 hominum
1924 4607 2071 4646 men-

517 4698 595 4742 tes
623 4688 688 4740 ad
729 4685 1005 4739 lenitatem
1034 4693 1088 4738 et
1123 4683 1460 4739 clementiam
1504 4680 1870 4736 inﬂectuntur.
1905 4679 2063 4736 Post-

514 4793 672 4845 quam
716 4775 848 4830 dixit
903 4774 1221 4842 Sophonias,
1263 4783 1518 4843 tanquam
1583 4787 1650 4828 ex
1695 4771 1789 4827 Dei
1839 4771 1963 4826 irati
2015 4782 2069 4827 et

2173 4504 2254 4558 θοι
2297 4505 2403 4557 τῶν
2449 4505 2719 4573 διαφανῶν
2755 4506 2846 4558 καὶ
2889 4503 3104 4574 τιμίων,
3149 4501 3246 4572 ούχ
3282 4501 3426 4563 ὅσοις
3468 4499 3722 4568 ἄνθρωπε

2170 4596 2511 4666 κάμπτονται
2558 4596 2693 4667 πρὸς
2731 4595 2790 4647 τὸ
2818 4596 3044 4666 ἥμερον.
3074 4595 3236 4646 Ὅταν
3265 4595 3392 4661 εἴπῃ
3430 4591 3538 4660 (8‘2)
3573 4589 3725 4655 Σοφο-

2173 4686 2311 4749 νίας,
2345 4687 2418 4749 ὼς
2445 4687 2594 4758 παρὰ
2622 4686 2713 4738 τοῦ
2745 4685 2878 4760 Θεοῦ
2903 4685 3074 4752 λέγων
3100 4685 3441 4756 ὠργισμένου
3466 4683 3555 4735 καὶ
3578 4681 3726 4750 χαλεο

2175 4779 2482 4841 παίνοντος·
2525 4778 2903 4847 Ἐξερημὼσω
2944 4777 3046 4842 τὰς
3081 4777 3251 4843 ὁδοὺς
3297 4775 3497 4830 αὐτῶν
3532 4774 3595 4827 τὸ
3627 4772 3726 4826 πά-

587 4962 602 4989 ¹
629 4959 769 5011 Psal.
798 4973 978 5024 uxvr,
1004 4959 1070 5026 '5._
1159 4959 1178 4989 ²
1217 4956 1356 5009 Psal.
1402 4972 1472 5018 iv,
1498 4957 1573 5026 2._
1635 4954 1817 5026 ’Psal.
1849 4970 1988 5018 xxii,
2013 4957 2064 5010 4,
2142 4959 2162 4990 ⁸
2196 4959 2210 5012 |
2242 4959 2374 5026 Reg.
2411 4941 2529 5023 χνιξ
2558 4959 2647 5012 25.
2724 4959 2743 4988 ⁵
2778 4956 2881 5011 lsa.
2916 4973 3079 5022 xxxv,
3111 4956 3163 5010 5.
3241 4964 3261 4993 ο
3296 4954 3438 5009 Psal.
3472 4968 3649 5007 um.
3681 4949 3724 4999 t-

560 5029 661 5084 lsa.
687 5044 813 5094 xxx,
841 5027 925 5081 15.
1000 5029 1021 5059 ⁸
1051 5024 1157 5080 lsa.
1190 5042 1342 5089 LVIII,
1382 5027 1434 5080 9.
1514 5027 1533 5056 ³
1561 5024 1700 5078 l‘sal.
1735 5040 1918 5089 xxxiv,
1950 5025 2005 5077 5.

595 5206 710 5288 75).
729 5204 1006 5288 Ῥήματα.
1031 5205 1122 5259 Sic
1148 5201 1280 5274 Reg.
1306 5205 1398 5257 hu.
1432 5201 1526 5257 Or.
1554 5203 1610 5264 9.,
1643 5202 1790 5267 Par.,
1816 5159 2072 5266 Jes.,etc.

517 5277 676 5331 Deest
700 5279 751 5328 in
791 5279 875 5328 ed.

587 5347 696 5431 ('76)
726 5346 1104 5414 Θεραπεύσει.
1141 5343 1271 5415 Reg.
1327 5358 1379 5410 a,
1435 5354 1488 5397 et
1540 5354 1645 5397 tres
1699 5341 1873 5407 Colb.,
1917 5341 2076 5414 θερα-

733 5485 991 5554 Εῦροιμι.
1019 5483 1151 5554 Reg.
1191 5487 1248 5548 lt,
1270 5483 1502 5538 Colberl.
1531 5483 1598 5548 2,
1630 5481 1781 5539 Orat.
1807 5483 1841 5537 2
1863 5523 1876 5547 ,
1907 5482 2076 5554 εὕρω-

522 5573 698 5694 Fudit)
723 5626 1096 5695 Καταφεὺξῃ.
1129 5623 1217 5679 Sic
1249 5621 1380 5692 Reg.
1412 5640 1459 5687 a,
1494 5634 1545 5678 et
1585 5623 1747 5679 Coisl.
1781 5623 1828 5677 l.
1869 5623 1923 5677 lu
1953 5592 2036 5679 ed.

519 5696 746 5765 aliisque
777 5698 1020 5768 pluribus
1041 5696 1194 5751 codd.
1227 5697 1394 5751 deeSt.

2241 5202 2350 5273 (79)
2376 5202 2758 5271 Παρακαλῶν.
2795 5222 2813 5256 ι
2851 5186 3190 5270 Consolatur,
3213 5223 3231 5255 ι
3263 5205 3408 5274 quod
3451 5204 3639 5257 durius
3661 5201 3726 5253 vi-

2171 5275 2326 5328 detur
2353 5274 2416 5326 ad
2451 5277 2840 5340 tnetaplmram.

2244 5342 2356 5476 (80)
2393 5343 2475 5396 Ὀ.
2508 5341 2667 5395 Deest
2701 5345 2754 5394 in
2783 5343 2945 5412 Rngg.
2969 5359 3019 5407 a,
3057 5344 3166 5398 bm.

2244 5415 2323 5476 (81
2383 5411 2538 5476 Πρὸς
2565 5414 2800 5476 Κύριον.
2827 5412 2880 5466 lu
2911 5412 3043 5467 LXX
3077 5417 3166 5468 dce

2241 5411 2353 5477 (81)
2383 5411 2538 5479 Πρὸς
2565 5414 2800 5480 Κύριον.
2827 5411 2881 5466 In
2903 5411 3043 5467 LXX
3077 5417 3244 5468 deest.

2243 5483 2353 5554 (82)
2381 5483 2564 5535 Ὅταν
2587 5483 2751 5554 εἴπῃ,
2781 5493 2887 5536 etc.
2921 5484 3125 5544 Billius,
3167 5503 3185 5534 ι
3236 5494 3515 5552 postquam
3571 5483 3725 5534 iratus

2172 5553 2342 5621 atque
2371 5554 2615 5607 infensus
2635 5553 2771 5606 Deus
2791 5569 2885 5620 per
2905 5555 3232 5621 Supltoniam
3265 5555 3344 5607 sic
3369 5555 3579 5607 locutus
3600 5562 3719 5604 (su

2175 5621 2274 5676 Hic
2302 5623 2443 5677 nulla
2477 5623 2686 5678 ratione
2734 5623 2976 5689 Gregorii
3029 5624 3266 5692 phrasim
3305 5624 3522 5680 invertit
3568 5624 3724 5675 inter-

2173 5707 2316 5761 pres.
