3852 6408
540 349 634 405 θἿ
1748 349 1803 403 S.
1839 345 2168 405 GREGORll
2209 343 2557 400 THEOLOGI
3655 346 3730 400 97!

543 467 798 535 subjecta?
832 475 975 528 sunt,
1009 465 1450 528 inconstantiam,
1499 467 1564 521 ad
1609 483 1693 532 ca,
1740 482 1858 536 qure
1893 465 2103 521 stabilia

2222 463 2305 515 ιύκ
2358 461 2628 524 ἀσθένεια,
2674 459 2732 512 οὐ
2789 456 3133 526 ταπεινότης,
3182 456 3242 508 οὐ
3294 454 3590 518 δυναστεία,
3618 458 3668 510 οὐ
3691 461 3734 514 τὸ

539 569 595 613 et
628 568 827 621 aeterna
870 567 1017 621 sunt,
1049 572 1325 614 revocare.
1353 557 1617 612 Caeterum
1649 558 1778 612 nihil
1828 559 2105 611 immotum

542 658 645 708 est.
701 641 756 699 ut
802 646 1060 712 diximus,
1094 647 1224 701 nihil
1264 646 1479 714 planum
1511 658 1564 701 et
1614 646 1900 716 mquabile,
1946 656 2109 714 atque

543 736 596 790 in
628 735 786 790 ﬁnem
817 751 988 803 usque
1028 737 1129 791 sibi
1167 736 1365 803 simile,
1391 753 1491 792 non
1523 739 1790 804 hilaritas,
1832 752 1936 791 non
1971 751 2103 792 mce-

543 828 711 886 sﬁtia.
760 842 863 881 non
937 843 1086 897 opes,
1123 845 1228 883 non
1269 841 1578 908 paupertas,
1628 847 1733 885 non
1786 831 1954 894 vires,
2003 845 2106 884 non

542 918 848 980 infirmitas,
878 935 982 977 non
1002 920 1298 984 humilitas,
1326 939 1427 976 non
1457 923 1721 991 potentia,
1748 937 1851 976 non
1877 936 2112 990 praesens

545 1020 773 1079 tempus,
807 1028 912 1066 non
952 1013 1208 1077 futurum,
1237 1030 1342 1068 non
1393 1028 1478 1068 res
1512 1024 1731 1076 nostrai,
1761 1029 1865 1068 non
1901 1013 2107 1076 alienrr,

544 1119 647 1156 non
688 1121 935 1174 parvum,
995 1121 1098 1158 non
1157 1107 1362 1175 majus,
1418 1122 1516 1162 nec
1571 1107 1802 1176 denique
1852 1105 2108 1175 quidquid

545 1197 724 1252 dicere
756 1199 1026 1266 quispiam
1078 1200 1268 1266 possit.
1319 1201 1495 1270 Atque
1542 1201 1643 1252 hoc
1703 1214 1866 1252 unum
1909 1196 2112 1266 aequale

544 1289 938 1358 inaequabilitas
984 1290 1166 1350 habet,
1197 1306 1388 1359 nempe
1421 1293 1470 1345 in
1511 1291 1761 1344 omnibus
1802 1289 1962 1343 rebus
1992 1303 2110 1340 mu-

547 1380 826 1431 tationem.
876 1378 1064 1433 Omnia
1107 1380 1250 1432 enim
1293 1379 1450 1436 facile
1503 1384 1552 1433 in
1600 1381 1784 1433 orbem
1840 1377 2108 1444 feruntur,

2216 558 2410 629 παρὸν,
2462 558 2523 610 οὐ
2579 557 2639 609 τὸ
2682 555 2893 626 μέλλον,
2935 554 2995 606 οὐ
3036 552 3098 606 τὸ
3138 551 3424 623 ἡμέτερον,
3454 551 3514 603 οὐ
3546 551 3601 602 τὸ
3623 551 3740 604 ἀλλό-

2214 650 2459 721 τριον,οὐ
2490 647 2704 718 μικρὸν,
2739 647 2800 699 οὐ
2831 645 3032 716 μεῖζον,
3056 644 3154 714 οὐχ
3173 644 3200 696 ὅ
3219 660 3273 694 τι
3291 643 3356 696 ἂν
3381 641 3525 694 εἴποι
3551 659 3644 705 τις.
3663 643 3747 695 Καὶ

2215 743 2370 795 τοῦτο
2393 742 2508 794 ἴσον
2539 743 2572 810 ἠ
2604 739 2854 809 ἀνισότης
2883 737 3012 808 ἔχει,
3044 735 3142 806 τὴν
3174 736 3302 806 περὶ
3347 733 3524 788 πάντα
3561 733 3752 804 μεταίο-

2216 833 2330 904 λήν.
2364 833 2667 902 Περιχωρεῖ
2702 829 2812 901 γὰρ
2856 829 2922 882 τὰ
2964 831 3140 881 πάντα
3173 825 3391 897 ῥᾳδίως,
3423 825 3518 877 καὶ
3552 841 3762 895 μεταχω-

2217 928 2317 996 ρεῖ,
2348 925 2442 977 καὶ
2473 921 2947 977 ἀντικαθίσταται·
2983 921 3057 984 ὡς
3081 918 3277 991 αὔραις
3301 912 3438 970 εἶναι
3474 916 3665 987 μᾶλλον
3693 935 3765 969 πι-

2216 1015 2422 1067 στεύειν
2460 1015 2555 1066 καὶ
2583 1013 2872 1085 γράμμασι
2903 1014 3015 1075 τοῖς
3039 1011 3160 1064 καθ’
3193 1010 3403 1074 ὓδατος,
3433 1010 3466 1081 ἢ
3497 1007 3770 1080 ἀνθρώπων

2212 1105 2498 1176 εὐημερίᾳ.
2533 1105 2644 1158 Καὶ
2689 1105 2881 1174 φθόνος
2930 1105 3024 1173 μὲν
3059 1101 3377 1173 εὐπραξίαν,
3420 1101 3698 1170 συμφορὰν
3726 1101 3772 1151 δὲ

2219 1195 2364 1258 ἕλεος
2400 1195 2611 1265 ἵστησιν
2632 1211 2646 1224 ο
2701 1194 2793 1247 καὶ
2823 1193 2980 1246 τοῦτο
3011 1191 3209 1260 σοφῶς,
3252 1189 3395 1244 κατά
3429 1205 3494 1257 γε
3540 1187 3629 1239 τὸν
3665 1188 3774 1256 ἐμὸν

2219 1287 2394 1356 λόγον,
2428 1286 2521 1340 καὶ
2550 1285 2886 1355 θαυμασίως,
2925 1285 3010 1337 ἵνα
3040 1286 3174 1354 μήτε
3205 1283 3266 1335 τὸ
3285 1283 3472 1350 ἀλγεῖν
3503 1280 3772 1350 ἀπαραμύ-

2221 1379 2378 1448 θητον
2411 1377 2466 1452 ᾗ,
2499 1380 2634 1449 μήτε
2668 1379 2729 1430 τὸ
2766 1374 2826 1431 εὖ
2856 1377 3113 1447 πράττειν
3147 1371 3620 1442 ἀπαιδαγὼγητον.

545 1479 705 1537 :thttc
735 1471 784 1522 in
815 1470 1088 1524 diversum
1123 1471 1375 1540 migrant,
1408 1473 1616 1539 sibique
1647 1471 1876 1524 invicem
1916 1471 2313 1534 adversantur;
2342 1483 2400 1524 ut
2426 1473 2599 1525 ventis
2629 1469 2815 1533 tutius,
2867 1478 2962 1522 aut
3023 1468 3214 1520 litteris
3272 1467 3324 1519 in
3380 1480 3518 1533 aqua
3576 1463 3766 1528 scriptis

546 1557 677 1612 ﬁdes
707 1561 892 1614 haberi
939 1574 1097 1628 posse
1137 1559 1404 1622 videatur.
1467 1577 1624 1630 quam
1701 1560 1980 1614 hominum
2048 1559 2310 1614 felicitati.
2377 1562 2452 1616 Ac
2495 1562 2629 1614 livor
2679 1561 2894 1630 quidem
2947 1573 3033 1613 res
3078 1557 3366 1620 secundas,
3425 1555 3769 1608 misericordia

547 1663 725 1706 autem
770 1653 1132 1708 calamitatem
1175 1654 1336 1709 sistit.
1385 1651 1546 1720 ldqne
1578 1664 1697 1704 meo
1725 1650 1940 1718 quidem
1995 1649 2197 1720 judicio
2248 1652 2522 1722 sapienter
2577 1660 2631 1705 et
2697 1651 3032 1712 admirande,
3065 1665 3132 1703 ne
3189 1648 3270 1702 vel
3314 1647 3612 1701 adversitas
3638 1647 3764 1699 sola-

551 1744 645 1802 tio,
681 1742 759 1794 vel
793 1743 1121 1812 prosperitas
1153 1742 1307 1796 freno
1330 1752 1382 1795 et
1416 1739 1700 1808 disciplina
1724 1748 1927 1793 careat.

616 1835 683 1891 ν.
723 1837 1024 1891 Prudenter
1060 1853 1187 1892 vero
1228 1836 1300 1890 illi
1344 1835 1566 1898 faciunt,
1592 1834 1681 1902 qui
1713 1833 2110 1888 calamitatibus

2282 1835 2358 1887 E'.
2393 1833 2693 1904 Σωφρόνων
2731 1833 2784 1886 δὲ
2815 1831 3045 1902 ἀνδρῶν,
3071 1833 3262 1896 οἵτινες
3298 1833 3640 1886 παιδεύονται
3670 1836 3769 1896 ταῖς

545 1929 885 1991 erudiuntur,
903 1943 966 1981 ac
981 1930 1104 1981 dum
1122 1928 1245 1994 illis,
1264 1927 1411 1981 velut
1428 1941 1617 1979 aurum
1636 1925 1776 1994 igne,
1792 1934 2111 1994 purgantur,

552 2020 865 2072 Davidicunt
921 2019 1051 2073 illud
1089 2020 1142 2072 itt
1173 2035 1268 2074 ore
1301 2019 1501 2072 habent
1538 2015 1780 2070 :Bouum
1813 2017 1959 2079 mihi,
1994 2017 2116 2080 quia

544 2110 839 2162 ltuntiliasti
862 2125 961 2172 me,
988 2118 1043 2162 ut
1067 2109 1266 2162 discam
1288 2107 1700 2177 justiﬁcationes
1729 2116 1847 2159 tuas
1868 2106 1934 2159 ’⁸.
1961 2105 2116 2171 Quod

546 2199 794 2253 videlicet
859 2213 921 2252 ea
969 2214 1055 2253 res
1102 2197 1551 2268 justilieationnm
1596 2196 1686 2248 Dei
1746 2197 2106 2264 cognitionem

544 2291 739 2359 pariat,
774 2290 974 2360 quique
1012 2289 1232 2344 Petrum
1270 2289 1568 2351 imitantur,
1604 2285 1903 2341 Salvatoris
1933 2302 2115 2356 opem,

544 2400 664 2437 cum
688 2382 796 2450 jam
830 2399 966 2452 pene
1002 2391 1335 2450 mergeretur
1365 2382 1430 2444 ¹³,
1458 2379 1836 2448 implorantem
1867 2396 1881 2431 :
1911 2380 1999 2448 qui
2029 2379 2118 2434 de-

545 2474 707 2540 nique
735 2471 822 2525 ob‘
844 2473 1081 2525 dolorem
1115 2472 1180 2524 ad
1230 2471 1393 2524 Deum
1441 2483 1562 2524 sese
1598 2469 1770 2539 magis
1798 2470 2115 2538 adjnngnnt,

543 2565 703 2635 321
742 2580 805 2617 ac
847 2561 1229 2617 beneficiorum
1261 2561 1500 2613 omnium
1551 2569 1823 2614 auctorem
1861 2575 1955 2629 per
1984 2558 2118 2613 aﬁli-

545 2656 778 2710 ctionem
805 2654 904 2709 sibi
923 2655 1235 2708 conciliant.
1267 2650 1720 2718 Quandoquidem
1749 2666 1890 2718 :egra
1933 2651 2112 2704 anima

546 2746 656 2800 Deo
696 2746 994 2816 propinqua
1036 2755 1156 2810 est;
1205 2761 1268 2798 ac
1307 2743 1532 2812 penuria
1583 2743 1696 2811 ipsa
1733 2743 1916 2804 cflicit,
1946 2755 2004 2796 ut.
2052 2744 2117 2798 ad

547 2840 738 2903 Deum,
776 2839 864 2908 qui
893 2839 1152 2909 largiendi
1191 2845 1509 2907 potestatem
1542 2835 1723 2897 habet,
1759 2836 2119 2904 nosmetipsos

549 2932 917 2995 conferamus,
943 2932 1034 3001 qui
1078 2931 1279 2999 alioqui
1316 2929 1550 2983 fortasse
1572 2929 1640 2982 oh
1673 2927 1896 2981 effusam
1916 2927 2118 2983 libera-

545 3024 751 3077 litatem
803 3023 1187 3076 contemnitur.
1234 3019 1520 3086 Quocirca,
1571 3017 1787 3083 fratres,
1839 3019 2022 3072 oculos
2065 3019 2116 3070 in

545 3117 740 3172 caelum
781 3126 993 3171 erectos
1036 3116 1360 3174 habeamus.
1394 3114 1446 3167 in
1495 3113 1642 3167 omni
1674 3120 1918 3181 tempore
1949 3121 2116 3181 atque

2219 1929 2543 1997 συμφοραῖς,
2597 1928 2690 1978 καὶ
2745 1925 2820 1988 ὡς
2851 1926 3049 1996 χρυσὸς
3083 1927 3215 1996 πυρὶ
3257 1925 3641 1997 καθαιρόμενοι
3677 1926 3768 1994 ('93)

2216 2020 2462 2088 λέγουσιν
2481 2035 2492 2044 ·
2539 2019 2786 2088 Ἀγαϐόν
2809 2034 2930 2086 μοι,
2959 2015 3047 2069 ὅτι
3069 2016 3480 2083 ἐταπείνωσὰς
3505 2034 3600 2085 με,
3631 2017 3771 2083 ὅπως

2216 2110 2294 2165 ἂν
2318 2109 2488 2180 μάθω
2525 2109 2598 2162 τὰ
2637 2107 2996 2176 δικαιώματά
3040 2125 3158 2162 σου
3199 2109 3342 2178 (99)·
3373 2109 3451 2172 ὡς
3509 2109 3773 2178 τικτούσης

2217 2203 2314 2272 τῆς
2340 2201 2722 2264 ταπεινώσεως
2758 2201 2817 2252 τὸ
2850 2200 3137 2267 γινώσκειν
3171 2200 3237 2254 τά
3269 2201 3630 2270 δικαιώματα.
3680 2203 3775 2254 Καὶ

2217 2290 2278 2342 τὸ
2321 2288 2415 2342 τοῦ
2461 2289 2668 2360 Πέτρου
2712 2289 3009 2359 πάσχουσιν
3048 2289 3147 2359 (1),
3179 2289 3636 2360 ἐπικαλεσαμένου
3689 2291 3776 2360 τὴν

2221 2379 2489 2449 σωτηρίαν
2524 2383 2582 2432 ὲν
2612 2379 2686 2448 τῷ
2721 2379 2934 2450 μέλλειν
2962 2379 3323 2432 καταδύεσθαι
3343 2396 3357 2408 ⁸
3393 2380 3489 2432 καὶ
3521 2381 3709 2450 μᾶλλον
3731 2399 3778 2434 τι

2218 2469 2597 2540 προσχωροῦσι
2619 2469 2736 2540 Θεῷ
2759 2469 2832 2540 (9.)
2855 2469 2940 2522 διὰ
2963 2470 3022 2522 τὸ
3042 2470 3244 2538 ἀλγεῖν,
3278 2470 3369 2522 καὶ
3390 2471 3482 2523 τὸν
3507 2471 3779 2542 εὐεργέτην

2217 2560 2542 2614 οἱκειοῦνται
2581 2562 2655 2631 (5)
2694 2561 2782 2614 διὰ
2819 2561 2920 2630 τῆς
2953 2561 3201 2631 θλίψεως.
3252 2559 3473 2632 Ἐπειδὴ
3517 2561 3778 2631 κάμνουσι

2218 2652 2361 2725 ψυχὴ
2395 2651 2561 2721 ἐγγύς
2589 2655 2702 2706 ἐστι
2735 2652 2890 2714 Θεοῦ,
2920 2653 3016 2705 καὶ
3040 2653 3100 2706 τὸ
3131 2651 3353 2724 χρῄζειν
3383 2653 3460 2720 (-5)
3484 2652 3779 2723 ἐπιπρέςει

2219 2745 2353 2816 πρὸς
2389 2745 2479 2798 τὸν
2517 2745 2697 2799 δοῦναι
2729 2745 3044 2816 δυνάμενον,
3080 2744 3157 2814 τῷ
3195 2743 3412 2814 ἀφθόνῳ
3457 2743 3560 2812 τῆς
3595 2744 3782 2814 δωρεᾶς

2217 2837 2378 2906 τυχὸν
2415 2837 2509 2890 καὶ
2558 2838 3080 2907 καταφρονούμενον.
3128 2835 3227 2887 Διά
3275 2833 3436 2886 τοῦτο
3485 2834 3598 2887 ἄνω
3630 2834 3782 2886 νεύω-

2223 2944 2320 2998 μεν
2355 2927 2453 2997 (5),
2494 2927 2732 2996 ἀδελφοὶ,
2797 2929 2854 2979 ἐν
2905 2929 3066 2979 παντὶ
3120 2924 3293 2997 καιρῷ
3352 2925 3449 2978 καὶ
3483 2927 3783 2996 περιστάσει

2221 3030 2369 3092 πασῃ
2409 3018 2808 3091 προϐαλὼμεθα
2851 3018 2926 3089 (6)
2967 3019 3065 3090 τὴν
3098 3018 3266 3089 καλὴν
3306 3017 3520 3076 ἐλπίδα,
3572 3019 3703 3087 μήτε
3735 3019 3786 3068 ἐν

2219 3113 2338 3173 ταῖς
2381 3111 2663 3181 εὐθυμίαις
2703 3110 3061 3180 ἀποϐάλωμεν
3091 3110 3181 3162 τὸν
3212 3109 3395 3178 φόϐον,
3434 3114 3572 3180 μήτε
3607 3111 3659 3160 ἐν
3681 3111 3786 3169 τοῖς

544 3211 689 3265 omni
738 3211 966 3264 adverso
1008 3223 1186 3263 rerum
1223 3213 1418 3261 eventu
1450 3205 1646 3258 bonam
1681 3219 1830 3274 spem
1860 3203 2114 3274 pratfera-

2222 3197 2483 3271 λυπηροῖς
2504 3202 2564 3254 τὸ
2596 3201 2801 3255 εὐελπι.
2832 3200 3177 3272 Μνησθῶμεν
3203 3200 3296 3253 καὶ
3323 3202 3380 3253 ὲν
3408 3201 3562 3271 εὐδίᾳ
3583 3201 3676 3270 τῆς
3699 3200 3788 3264 {2'-

545 3319 686 3367 nms,
717 3316 889 3372 neque
915 3300 1000 3355 vel
1045 3301 1098 3354 in
1145 3297 1418 3367 prosperis
1447 3298 1606 3350 rebus
1639 3295 1910 3358 timorem,
1944 3295 2024 3349 vel
2063 3296 2114 3349 in

545 3395 788 3448 adversis
841 3408 992 3462 spem
1049 3391 1393 3460 abjiciamns.
1449 3388 1714 3442 Memores
1764 3388 1955 3453 simus,
2004 3397 2115 3443 tum

547 3487 881 3557 tempestatis
930 3485 982 3540 in
1046 3483 1464 3552 tranquillitate,
1496 3491 1604 3534 tum
1637 3480 2013 3548 gubernatoris
2059 3480 2112 3532 in

547 3585 906 3646 tempestate:
941 3588 1044 3628 nec
1073 3572 1126 3626 in
1157 3567 1538 3624 afflictionibus
1574 3566 1887 3634 frangamur
1921 3565 2115 3618 animis

545 3682 609 3722 ac
632 3666 996 3727 debilitemur,
1036 3677 1135 3717 nec
1184 3659 1458 3729 improbos
1482 3671 1667 3712 servos
1702 3655 1996 3718 imitemur,
2023 3655 2116 3724 qui

545 3759 868 3811 conﬁtentur
892 3756 1107 3825 quidem
1135 3753 1359 3807 Domino
1385 3766 1504 3804 cum
1522 3747 1788 3802 benefacit
1811 3748 1910 3810 eis,
1927 3761 2112 3801 verum

545 3849 719 3901 eidem
747 3847 1055 3917 corripienti
1107 3857 1450 3913 nequaquam
1486 3840 1605 3910 pari
1632 3839 1811 3892 studio
1850 3847 1904 3892 et
1939 3838 2118 3891 volun-

548 3950 657 3993 tate
683 3939 1078 4008 adjnnguntnr;
1115 3951 1236 3991 cum
1271 3944 1448 3988 tamen
1489 3931 1760 3986 interdum
1793 3931 2022 3996 accidat,
2050 3939 2109 3984 ut

2222 3294 2340 3364 λης,
2377 3295 2470 3347 καὶ
2506 3297 2563 3347 ὲν
2590 3294 2818 3366 χειμῶνι
2851 3292 2945 3347 τοῦ
2983 3294 3346 3364 κυϐερνήτου·
3383 3293 3523 3346 ἀλλά
3565 3292 3636 3363 μὴ
3673 3294 3790 3355 ταῖς

2225 3386 2464 3457 θλίψεσιν
2490 3388 2906 3458 ἐκκακήσωμεν,
2940 3388 3073 3458 μηδὲ
3092 3386 3374 3457 γενώμεθα
3402 3388 3481 3456 (7)
3507 3387 3679 3440 δοῦλοι
3704 3405 3793 3442 κα·

2219 3479 2325 3543 κοὶ,
2368 3478 2687 3547 ἁγαθύνοντι
2742 3481 2841 3549 μὲν
2881 3478 3356 3551 ἐξομολογούμενοι
3398 3479 3480 3549 τῷ
3531 3479 3790 3548 Δεσπότῃ,

2221 3571 2527 3625 παιδεύοντι
2560 3573 2616 3626 δὲ
2651 3572 2725 3644 μὴ
2763 3573 3208 3645 προστιθέμενοι·
3241 3572 3416 3625 καίτοι
3454 3572 3586 3625 ποτὲ
3613 3573 3795 3644 κρεισ-

2225 3679 2330 3715 σων
2367 3664 2576 3731 ὑγιείας
2606 3665 2681 3736 (8)
2713 3666 2872 3730 πόνος
2901 3666 2996 3737 (9),
3017 3666 3108 3720 καὶ
3132 3665 3374 3736 ὑπομονὴ
3400 3665 3512 3736 (l0)
3540 3667 3792 3728 ἀνέσεως,

2223 3756 2317 3808 καὶ
2361 3755 2648 3826 ἐπίσκεψις
2697 3757 2977 3829 ἀμελείας,
3025 3759 3117 3811 καὶ
3148 3759 3454 3829 ἐπιστροφὴ
3509 3760 3796 3827 συγχωρή-

2225 3859 2380 3908 σεως.
2405 3844 2556 3899 Εἴπω
2581 3848 2881 3918 συντόμως,
2911 3850 3044 3918 μήτε
3061 3847 3147 3901 διὰ
3169 3847 3264 3911 τὰς
3289 3849 3575 3920 συμφορὰς
3598 3849 3802 3901 πίπτω-

2227 3952 2342 4005 μεν,
2379 3938 2516 4007 μήτε
2551 3937 2636 3992 διὰ
2661 3940 2750 3992 τὸν
2783 3940 2942 4012 κόρον
2976 3939 3284 4010 ὐὸρίζωμεν

547 4031 699 4084 dolor
731 4031 985 4096 sanitate,
1026 4039 1080 4084 et
1145 4027 1409 4098 patientia
1467 4025 1785 4080 remissione
1846 4033 2007 4095 atque
2061 4026 2406 4098 indulgentia,
2475 4042 2530 4086 et
2582 4034 2821 4088 visitatio
2872 4034 3137 4103 neglectu,
3191 4043 3246 4088 et
3303 4035 3588 4104 castigatio
3643 4034 3802 4087 venia

548 4121 735 4174 melior
767 4122 836 4174 sit
863 4130 916 4174 et
943 4120 1320 4189 pra-stabilior.
1365 4119 1560 4184 Atque,
1601 4126 1659 4170 ut
1689 4131 1799 4170 rem
1836 4118 1887 4170 in
1921 4133 2088 4185 pauca
2121 4122 2418 4188 conferam,
2455 4125 2534 4179 sic
2574 4141 2673 4181 nos
2701 4127 3064 4196 instituamus,
3126 4141 3184 4185 ut
3242 4147 3341 4186 nec
3411 4141 3640 4202 propter
3667 4131 3831 4187 cala-I

552 4214 768 4267 mitates
796 4214 1169 4278 concidamus,
1211 4228 1311 4269 nec
1347 4220 1564 4282 propter
1590 4214 1926 4267 saturitatem
1967 4215 2250 4270 insolentia
2285 4219 2595 4276 efferamur.

544 4343 555 4355 .
618 4303 704 4360 Vl.
747 4303 1140 4358 Submittamus
1181 4319 1298 4369 nos,
1349 4314 1460 4358 tum
1519 4304 1648 4368 Deo,
1694 4313 1806 4356 tum
1845 4303 1935 4357 alii
1975 4304 2114 4372 aliis,

2297 4312 2385 4376 ς’.
2432 4310 2893 4385 Ύποτασσώμεθα
2946 4317 3038 4371 καὶ
3093 4319 3214 4392 Θεῷ
3253 4321 3348 4375 καὶ
3384 4321 3669 4393 ἀλλήλοις,
3719 4324 3810 4375 καὶ

547 4404 659 4448 tum
689 4394 758 4448 iis
815 4395 906 4463 qui
952 4394 1237 4463 imperium
1290 4395 1343 4448 in
1387 4404 1528 4448 terra
1582 4405 1777 4464 gerunt
1809 4412 1822 4448 :
1854 4395 1962 4450 Deo
2001 4396 2118 4464 qui-

545 4487 690 4552 dem,
729 4487 989 4543 omnibus
1029 4489 1094 4543 de
1120 4489 1300 4542 causis
1326 4504 1338 4516 ’
1374 4489 1462 4542 alii
1513 4499 1688 4542 autem
1715 4487 1856 4553 aliis,
1887 4499 2109 4559 propter

617 4629 662 4660 “
693 4628 833 4683 Psal.
873 4643 1058 4694 cxvnt,
1094 4629 1184 4684 71.
1282 4629 1323 4662 ’⁵
1359 4628 1548 4682 Matth.
1592 4644 1705 4694 xtv,
1731 4629 1820 4681 '50.

617 4785 728 4851 (98)
759 4787 1201 4853 Καθίιιρόμενοι.
1244 4783 1332 4838 Sic
1367 4783 1531 4836 Coisl.
1573 4783 1624 4845 Ι,
1654 4783 1873 4852 aliique.
1915 4785 1970 4840 In
2005 4787 2116 4848 ed.,

547 4853 957 4924 καθαιρόμεναι.
1144 4873 1149 4882 ·

619 4920 731 4992 (99)
774 4920 971 4990 ’Ὅπως
1028 4925 1102 4976 ἂν
1144 4923 1306 4992 μάθω
1354 4920 1822 4992 τὰδικαιώματά
1847 4939 1983 4977 σου.
2030 4925 2120 4980 Sic

546 4991 718 5048 Coisl.
747 4996 798 5048 l.
835 4996 890 5057 2,
933 5005 1036 5047 etc.
1070 4991 1270 5046 Desunt
1310 4994 1359 5044 in
1393 4991 1480 5047 et].

615 5063 692 5133 (l)
723 5063 1096 5133 Πάσχουσιν.
1133 5063 1219 5116 Sic
1245 5062 1409 5132 chg.
1447 5077 1498 5126 a,
1533 5062 1642 5126 btn,
1686 5063 1848 5117 Coisl.
1885 5063 1954 5126 5,
1986 5063 2119 5128 Jcs.,

543 5143 649 5188 etc.
679 5133 733 5186 In
767 5139 874 5188 ed..
905 5135 1204 5202 πάσχωσιν.

618 5203 692 5272 (2)
718 5202 834 5256 Καὶ
862 5201 1101 5273 μᾶλλόν
1128 5220 1180 5255 τι
1207 5201 1622 5271 προσχωροῦσι
1655 5202 1796 5266 Θεῷ.
1824 5201 1914 5255 Sic
1946 5202 2118 5272 Regg.

546 5289 600 5333 a,
643 5277 734 5332 hu.
767 5272 930 5328 Coisl.
960 5274 1013 5338 5,
1046 5272 1181 5338 Jes.,
1217 5283 1321 5326 etC.
1367 5275 1419 5325 ln
1456 5277 1542 5327 etl.
1565 5316 1578 5337 ,
1621 5274 1713 5325 καὶ
1760 5274 2121 5343 προσχωρῶσι

551 5343 749 5412 μᾶλλόν
777 5361 827 5396 τι
845 5343 983 5413 Θεῷ.

552 5409 562 5412 ⁷
619 5415 694 5485 (5)
721 5409 1105 5469 Οὶκειοῧνται.
1150 5411 1240 5466 Sic
1270 5409 1436 5481 chg.
1461 5413 1556 5467 hu.
1588 5411 1755 5468 Coisl.
1781 5411 1836 5477 2,
1856 5410 1990 5477 Jes.,
2017 5422 2124 5466 etc.

548 5483 603 5535 In
636 5484 746 5535 ed..
778 5485 1103 5535 οἰκειῶνται.

574 5499 603 5535 n
636 5499 746 5540 ευ..
778 5502 1103 5536 οικειωντανι.

620 5556 694 5621 (ι)
724 5553 796 5625 Τὸ
822 5554 1076 5624 χρῄζειν.
1108 5554 1183 5608 [ta
1211 5554 1344 5625 Reg.
1381 5569 1430 5616 a,
1465 5554 1575 5617 bm,
1600 5551 1735 5616 Jes.,
1775 5562 1878 5608 etc.
1925 5550 1982 5605 In
2011 5552 2122 5614 ed.,

546 5622 625 5692 τῷ
660 5622 900 5694 χρῄζειν.

619 5692 874 5759 (5)"Arw
905 5695 1187 5761 νεύωμεν.
1227 5694 1360 5762 Reg.
1391 5695 1499 5757 hm,
1539 5692 1905 5761 ἀνανεύωμεν.

617 5763 692 5834 (6)
715 5764 1160 5828 Προϐαλώμευα.
1196 5765 1323 5829 Reg.
1359 5768 1469 5831 btn,
1497 5762 1948 5834 προϐαλλὼμεοα,
1983 5781 1999 5815 ι
2027 5762 2123 5817 bo-

2226 4403 2336 4463 τοῖς
2367 4403 2458 4455 ἐπὶ
2489 4405 2590 4474 γῆς
2617 4407 2872 4476 ἄρχουσιν
2891 4426 2904 4439 ο
2937 4410 3057 4482 Θεῷ
3087 4413 3172 4467 διὰ
3203 4416 3402 4476 πάντα,
3425 4415 3515 4467 διὰ
3563 4416 3673 4486 τὴν
3697 4417 3813 4484 φιλ·

2223 4491 2476 4562 αδελφίαν
2514 4497 2780 4569 ἀλλήλοις,
2834 4500 2903 4554 δι’
2939 4503 3188 4568 εὐταξίαν
3219 4511 3332 4571 τοῖς
3376 4508 3651 4579 ἄρχουσιν
3676 4525 3693 4540 ·
3724 4511 3814 4561 καὶ

2225 4802 2360 4860 nam_
2395 4803 2544 4857 spem
2573 4789 2942 4856 praeferamus.
2966 4809 2985 4842 ι
3017 4792 3145 4860 Quae
3170 4793 3332 4846 verba
3368 4794 3816 4858 ostendunt,vo-

2225 4873 2314 4910 ces
2351 4858 2472 4921 has,
2509 4858 3274 4934 nepte-caesindomitionide
3303 4882 3321 4914 ι
3352 4866 3556 4932 opibus
3597 4877 3654 4919 et
3695 4882 3818 4932 pau-

2220 4937 2454 5002 pertate,
2495 4948 2511 4979 ι
2551 4935 2617 4985 de
2649 4950 2666 4980 ι
2711 4933 2875 5002 gloria
2916 4933 3314 5002 ct'ignotninia,
3348 4953 3366 4984 ι
3398 4944 3454 4987 ιιι
3497 4937 3631 4988 vult
3654 4937 3814 4994 Eliae,

2229 4999 2322 5050 sed
2359 5001 2424 5051 de
2462 5017 2479 5048 ι
2526 5001 2801 5067 quibusvis
2827 4999 3043 5055 casibus
3081 5001 3340 5067 adversis,
3383 5023 3401 5054 ι
3445 5019 3585 5058 esse
3627 5008 3816 5058 illlt‘nl-

2227 5070 2451 5140 gelidas.
2486 5068 2573 5140 Sic
2591 5071 2728 5136 apud
2760 5071 3200 5140 Chrysostomuat
3231 5072 3644 5140 frequenshmc
3668 5078 3816 5140 phn—

2231 5138 2325 5214 sis,
2357 5141 2472 5214 toi;
2491 5138 2959 5214 ὲνηπεριστάσεσιν
2987 5138 3102 5195 οὖσι
3139 5138 3544 5212 παρίστασθαι.
3593 5163 3616 5195 α
3656 5138 3816 5213 iisqtzi

2229 5206 2473 5278 adversis
2511 5206 2728 5278 casibus
2761 5213 3138 5266 conflictantur
3169 5206 3364 5278 pratsto
3399 5231 3558 5271 esse.
3607 5235 3630 5266 ι

2301 5275 2377 5351 (ἶ)
2401 5276 2752 5351 ζέει-ώμεθαέ
2762 5279 2896 5348 Reg.
2924 5283 3053 5340 ιιιιι..
3075 5275 3372 5351 γινώμεθα.

2301 5346 2380 5418 t8)
2419 5346 2686 5416 ’Υγιείας.
2725 5346 2867 5418 Reg:
2892 5351 2999 5413 Iun,
3028 5346 3233 5418 ὑγείαςξ

2294 5417 2369 5486 (9)
2400 5420 2611 5482 Πόνος.
2647 5422 2699 5470 In
2730 5417 2992 5482 pluribus,
3024 5423 3194 5484 νόσος,
3231 5439 3250 5470 ι
3287 5422 3548 5478 morbus.
3591 5445 3612 5475 ι

2294 5487 2404 5563 (lli)
2457 5489 2773 5563 ’Υπομο-νῄ.
2809 5506 2829 5540 ‹
2859 5491 3124 5563 M_alorn_m
3145 5491 3462 5563 tolerantia,
3491 5497 3808 5563 patientia.)

2222 5557 2351 5630 Reg.
2387 5557 2685 5630 'bn).7Coisl.
2708 5560 2850 5630 εχει
2891 5559 2981 5614 Jes
3011 5601 3024 5623 ,
3054 5559 3384 5630 ὑπόμνησις,
3424 5557 3531 5618 Si};
3574 5568 3814 5620 videntur

2223 5628 2414 5703 legisse
2451 5629 2635 5703 Billins
2661 5639 2732 5703 et
2764 5628 3180 5703 Leuveuklains,
3213 5628 3305 5700 qui
3353 5635 3641 5703 reddunt,
3673 5653 3695 5687 ι
3729 5636 3814 5689 δύο

2225 5700 2466 5764 tnouitio,
2492 5698 2837 5755 submonitio.
2883 5719 2903 5751 ι
