3852 6408
96 366 192 427 973‘

931 350 1188 408 ORATIO
1229 349 1392 406 XVII.
1435 381 1500 391 —
1539 349 1631 405 AD
1668 347 1868 404 CIVES
1907 347 2412 406 NAZIANZENOS.

3183 349 3293 409 οτι

95 489 293 546 τοσουτῳ
342 472 560 544 μᾶλλον,
611 473 830 544 ὅσῳπερ
885 473 952 526 ἂν
990 468 1125 528 ὦσιν
1163 473 1500 546 ἡμερώτεροι
1527 478 1620 526 καὶ

1731 471 2003 526 charitatis
2023 470 2196 526 foedus
2225 489 2240 538 ;
2261 470 2591 543 principibus
2625 470 2876 541 demque,
2900 479 3118 542 propter
3141 475 3290 528 ordi-

98 571 401 650 χρηστότεροι
445 565 577 636 (11).
617 566 796 619 Δεινὸν
851 565 1150 618 ἐπιείκειαν
1204 566 1503 638 δαπανῆσαι
1545 565 1622 636 τῷ

97 655 276 732 συνεχεῖ
295 657 388 726 τῆς
413 653 756 726 συγγνώμης,
789 655 871 707 ἵνα
895 654 970 726 μὴ
999 655 1211 726 καὶτῆς
1235 657 1460 710 ἐκείνων
1486 673 1620 727 τρα-

97 757 288 828 χύτητος
331 747 438 819 (12)
491 748 642 800 αὑτοὶ
701 747 855 810 δίκας
904 747 1326 818 ἀπαιτηθῶμεν,
1382 749 1622 820 γαλήνην

97 843 323 912 πνεύματι
361 837 639 900 λύσαντες,
682 838 774 890 κα).
815 839 953 906 φωτὶ
988 838 1150 908 ζόφον
1186 840 1502 907 ἐπάγοντες,
1529 842 1623 894 καὶ

98 935 242 1007 μέλιτι
275 927 698 998 καταμιγνύντες
737 927 1000 997 ἀψίνθιον.
1033 930 1188 983 Ἔστι
1233 930 1326 984 καὶ
1357 923 1510 994 οὗτος
1543 925 1622 994 εἷς

95 1029 180 1080 τῶν
208 1020 472 1094 ἡμετέρων
506 1019 704 1090 νόμων,
743 1021 836 1074 καὶ
864 1013 1018 1085 οὗτος
1054 1023 1162 1074 τῶν
1193 1021 1619 1092 ἐπαινουμένων,

93 1121 166 1176 καὶ
192 1113 437 1170 κάλλιστα
461 1111 894 1183 διατεταγμένων
929 1112 1006 1183 τῷ
1040 1112 1338 1184 Πνεύματι,
1368 1113 1434 1167 τὸ
1463 1114 1622 1167 δυνα-

93 1211 164 1264 τὸν
189 1205 316 1278 μετά
339 1203 432 1256 τοῦ
465 1201 628 1256 καλοῦ
658 1203 1034 1274 δοκιμάσαντι,
1067 1206 1160 1256 καὶ
1181 1204 1620 1276 νομοθετήσαντι,

90 1302 246 1369 ὥσπερ
281 1294 495 1359 δούλους
541 1294 837 1348 ὑπακούειν
878 1295 1189 1359 δεσπόταις,
1228 1298 1322 1350 καὶ
1361 1301 1625 1366 γυναῖκας

91 1391 300 1461 ἀνδράσι,
355 1387 448 1440 καὶ
489 1387 676 1458 Κυρίῳ
709 1387 811 1458 τὴν
855 1387 1201 1457 Ἐκκλησίαν,
1240 1389 1339 1443 καὶ
1375 1390 1625 1461 μαθητὰς

87 1483 275 1555 ποιμέσι
315 1482 409 1534 καὶ
433 1481 766 1544 διδασκάλοις
786 1499 799 1512 ο
851 1480 993 1534 οὑτω
1034 1481 1090 1534 δὲ
1123 1483 1214 1535 καὶ
1241 1483 1441 1546 πάσαις
1475 1482 1626 1548 ἐξου-

90 1579 204 1640 σίαις
235 1573 620 1645 ὑπερεχούσαις
650 1573 1072 1636 ὑποτάσσεσθαι,
1105 1575 1166 1628 οὑ
1206 1575 1364 1645 μόνον
1396 1575 1484 1628 διὰ
1525 1575 1625 1646 τὴν

83 1669 244 1740 ὀργὴν,
279 1665 416 1720 ἀλλὰ
451 1665 544 1718 καὶ
585 1664 673 1718 διὰ
701 1663 798 1735 τὴν
847 1665 1174 1735 συνείδησιν,
1219 1665 1294 1730 ὡς
1345 1667 1626 1730 ὑποτελεῖς

86 1762 222 1832 φόρου
241 1758 604 1828 τυγχάνοντας
622 1773 636 1785 ’
669 1756 762 1808 καὶ
789 1755 862 1826 μὴ
885 1755 1309 1820 κακοποιοῦντας
1335 1761 1512 1828 μισεῖν
1533 1757 1623 1810 τὸν

1724 577 1844 616 nem
1871 561 2204 630 publicaque
2247 561 2546 630 disciplinae
2593 559 2900 627 rationem;
2935 559 3098 630 idque
3143 567 3292 614 tanto

1722 654 1884 708 etiam
1917 655 2112 724 magis,
2147 663 2350 722 quanto
2393 651 2726 707 facilioribus
2757 651 2864 707 illis
2901 665 2964 705 ac
3009 651 3293 720 benignio-

1726 744 1874 797 ribus
1904 744 2126 797 utimur.
2153 743 2328 799 Grave
2360 758 2423 798 ac
2452 744 2814 813 periculosum
2845 753 2950 801 est.
2975 742 3290 811 ignoscendi

1723 837 2043 892 assiduitate
2087 836 2431 892 clementiam
2483 839 2798 901 exhaurire,
2835 853 2900 891 ne
2936 836 3136 906 alioqui
3171 835 3293 890 illo-

1725 945 1842 983 rum
1876 930 2186 984 acerbitatis
2215 943 2388 999 ptena:
2433 946 2462 983 a
2510 932 2667 986 nobis
2716 939 3062 1001 expetantur,
3099 938 3159 984 ut
3199 927 3292 997 qui

1725 1022 1900 1076 ventis
1949 1022 2177 1076 invectis
2236 1021 2680 1090 tranquillitatem
2744 1021 3170 1083 sustulerimus,
3237 1030 3292 1072 et

1724 1113 1830 1167 luci
1882 1112 2166 1182 caliginem
2218 1113 2612 1179 induxerimus,
2661 1114 2914 1183 mellique
2962 1111 3290 1168 absinthium

1724 1203 2195 1258 admiscuerimus.
2257 1202 2374 1258 lam
2427 1219 2558 1259 vero
2609 1205 2751 1258 inter
2806 1214 3035 1260 caeteras
3096 1210 3296 1258 nostra:

1724 1295 1986 1350 doctrinae
2037 1293 2204 1366 leges,
2245 1296 2388 1351 lianc
2420 1311 2635 1366 quoque
2686 1297 2948 1352 habemus
2977 1296 3295 1365 cumprimis

1725 1387 2074 1454 laudandam,
2137 1398 2194 1444 et
2238 1403 2266 1442 a
2311 1388 2539 1458 Spiritu,
2584 1390 2674 1458 qui
2725 1391 2798 1456 id,
2839 1390 2980 1458 quod
3033 1401 3295 1458 prmstare

1726 1495 2033 1550 possumus,
2067 1495 2189 1535 cum
2228 1497 2293 1536 eo
2319 1483 2460 1553 quod
2490 1483 2775 1552 pulchrum
2801 1492 2854 1538 et
2877 1484 3162 1538 honestum
3188 1490 3291 1540 est.

1725 1573 2050 1643 exploravit,
2093 1573 2319 1644 legeque
2363 1575 2567 1640 sanxit,
2598 1575 2855 1644 prmclare
2897 1575 3291 1635 constitutam;

1727 1679 1854 1734 qua,
1891 1673 1950 1719 ut
1991 1666 2136 1720 servi
2183 1666 2330 1720 lteris
2383 1667 2499 1722 suis
2525 1667 2590 1733 ‘°,
2619 1678 2672 1722 ει
2706 1682 2902 1722 uxores
2927 1666 3081 1730 viris,
3113 1673 3164 1719 ct
3195 1664 3296 1717 Ec-

1729 1755 1894 1810 clesia
1925 1756 2162 1822 Christo,
2193 1766 2248 1810 et
2291 1756 2539 1825 discipuli
2577 1757 2848 1826 magistris
2885 1771 2948 1810 ac
2987 1755 3294 1824 pastoribus

82 1831 237 1922 νόμον,
273 1849 410 1921 μηδέ
435 1847 720 1919 ἀναμένειν
747 1846 844 1917 τὴν
871 1846 1164 1918 μάχαιραν,
1196 1847 1332 1900 ἀλλά
1363 1846 1442 1918 τῷ
1473 1848 1622 1920 φόϐῳ

1731 1848 2104 1916 obtemperare
2122 1847 2383 1917 jubentur
2408 1849 2474 1914 ⁸⁷,
2501 1851 2571 1903 ita
2606 1849 2761 1904 nobis
2790 1850 2952 1904 etiam
2988 1847 3294 1917 prmscribi-

83 1943 482 2015 καθαιρομένους
505 1939 839 1996 ἐπαινεῖσθαι
866 1939 968 1992 ὑπὸ
997 1941 1096 2011 τῆς
1118 1937 1386 2004 ἐξουσίας.

1729 1950 1836 2004 tur,
1883 1947 1939 1994 ut
1994 1940 2396 1996 sublimioribus
2436 1941 2793 2011 potestatibus
2825 1955 3134 2011 pareamus,
3183 1955 3287 1993 non

79 2017 226 2092 solum
266 2045 490 2105 prapter
534 2035 690 2100 iram,
729 2041 822 2091 sed
859 2039 1021 2092 etiam
1055 2048 1276 2108 propler
1309 2037 1699 2093 conscientiam
1754 2038 1819 2101 ¹⁸,
1888 2046 1947 2091 ιιι
2005 2037 2096 2106 qui
2182 2037 2466 2107 pcndendo
2540 2039 2744 2094 tributo
2805 2038 2975 2094 simus
3037 2038 3294 2102 obnoxii;

82 2147 161 2186 nec
185 2129 605 2194 committamus,
635 2139 695 2183 ut
732 2131 803 2186 ob
845 2132 1048 2188 scelera
1100 2140 1282 2186 nostra
1345 2132 1517 2203 legem
1577 2132 1702 2187 odio
1728 2130 2026 2186 habeamus
2051 2132 2115 2196 ",
2155 2147 2220 2186 ac
2257 2132 2524 2186 vindicem
2571 2131 2807 2202 gladium
2877 2139 3290 2199 exspectemus;

77 2224 180 2293 quin
225 2223 405 2292 potius
459 2224 509 2277 id
556 2239 796 2294 agamus,
845 2238 902 2282 ut
948 2244 1044 2300 per
1092 2229 1340 2284 timorem
1377 2230 1611 2298 purgati,
1655 2229 1863 2284 laudem
1895 2245 1922 2281 a
1953 2237 2218 2299 potestate
2245 2244 2656 2298 consequamur.

132 2321 192 2372 Z'.
223 2319 334 2371 Μία
360 2319 510 2390 καὶὴ
535 2321 671 2393 αύτὴ
703 2324 912 2396 στάθμη
933 2342 948 2355 ·
979 2325 1115 2379 ἀλλά
1141 2325 1377 2395 φείδεται
1407 2327 1505 2397 μὲν
1526 2325 1619 2379 τοῦ

72 2409 225 2481 ὀρθοῦ,
265 2411 592 2481 περικόπτει
641 2415 696 2467 δὲ
733 2415 793 2468 τὸ
833 2418 1106 2488 περιττόν.
1143 2414 1238 2482 Εἷς
1262 2419 1414 2489 ἥλιος
1437 2435 1452 2448 °
1488 2417 1624 2472 ἀλλά

75 2503 266 2570 φωτίζει
303 2504 409 2574 μὲν
453 2505 552 2576 τὴν
592 2507 939 2580 ὑγιαίνουσαν
977 2510 1122 2580 ὄψιν,
1159 2512 1400 2583 ἀμαυροῖ
1431 2511 1488 2564 δὲ
1525 2510 1624 2580 τὴν

69 2595 394 2650 ἀσθενοῦσαν.
433 2597 618 2652 Βούλει
649 2617 700 2652 τι
729 2600 818 2654 καὶ
849 2601 957 2654 τῶν
998 2603 1280 2676 ἡμετέρων
1327 2603 1464 2656 εῖπω
1493 2601 1626 2674 θαρο

73 2689 247 2757 ρήσαςς
272 2682 370 2751 Εἷς
397 2689 662 2760 Χριστός·
697 2691 814 2745 ἀλλ’
835 2695 914 2757 εἰς
937 2693 1142 2746 πτῶσιν
1165 2697 1339 2748 κεῖται
1369 2695 1460 2748 καὶ
1492 2693 1623 2748 ἀνά-

72 2795 232 2831 στασιν
269 2780 419 2850 (l3)°
457 2780 666 2835 πτῶσιν
715 2783 812 2854 μὲν
849 2788 963 2848 τοῖς
1013 2785 1286 2849 ἀπίστοις,
1330 2785 1624 2840 ἀνάστασιν

68 2870 112 2921 δὲ
137 2873 236 2932 τοῖς
267 2871 590 2926 πιστεύουσι
615 2890 629 2904 °
672 2875 765 2927 καὶ
803 2877 916 2940 τοῖς
949 2876 1048 2947 μὲν
1086 2877 1202 2930 ἔστι
1247 2878 1426 2949 πέτρα
1458 2894 1626 2950 προσ-

69 2959 359 3030 κόμματος,
419 2963 518 3016 καὶ
578 2964 754 3037 πέτρα
810 2966 921 3036 (14)
984 2968 1311 3034 σκανδάλου,
1368 2969 1484 3022 ὅσοι
1552 2968 1626 3039 μὴ

65 3052 302 3119 ἔγνωσαν,
338 3055 468 3108 οὑδὲ
500 3057 760 3127 συνῆκαν,
797 3058 912 3112 ἀλλ’
947 3059 1006 3112 ἐν
1047 3059 1227 3113 σκότει
1283 3059 1628 3132 διαπορεύον-

65 3163 152 3210 ται,
205 3149 315 3200 εἴτε
367 3123 633 3212 εἰδώλοις-
674 3148 1088 3220 θρησκεύοντες,
1152 3151 1262 3204 εἴτε
1327 3123 1489 3222 μέχρι
1532 3150 1625 3204 τοῦ
1657 3123 1699 3180 c

61 3239 368 3310 γράμματος
394 3239 800 3303 διαδλέποντες,
832 3241 926 3294 καὶ
949 3241 1088 3312 ὑπὲρ
1107 3241 1264 3295 τοῦτο
1295 3241 1628 3313 αὑγασθῆναι

63 3330 177 3398 μήτε
229 3329 490 3394 θέλοντες
525 3331 658 3402 (15),
699 3333 836 3402 μήτε
886 3332 1187 3403 ἰσχύοντες·
1225 3336 1337 3398 τοῖς
1393 3334 1449 3387 δέ
1486 3335 1630 3398 λίθος

58 3421 461 3491 ἀκρογωνιαῖος,
507 3424 604 3476 καὶ
660 3423 834 3494 πέτρα
898 3424 1281 3495 ἐπαινουμένη,
1335 3425 1449 3478 ὅσοι
1508 3441 1631 3478 συν-

58 3511 359 3584 ὰσμοῦνται
410 3514 495 3586 τῷ
524 3515 688 3587 λόγῳ,
729 3517 825 3570 καὶ
865 3517 952 3570 ἐπ’
984 3517 1154 3585 αὐτῆς
1196 3516 1491 3588 βεϐήκασιν
1517 3535 1530 3546 θ
1580 3519 1629 3569 εἰ

56 3604 210 3672 βούλει
251 3607 334 3671 δὲ,
371 3609 404 3660 ὁ
439 3608 787 3679 μαργαρίτης
816 3609 1040 3672 ἐκεῖνος,
1071 3607 1130 3660 ὃν
1165 3607 1380 3662 πάντων
1416 3601 1490 3662 ὧν
1519 3607 1630 3678 ἔχει

54 3695 246 3750 ὠνεῖται
287 3699 318 3752 ὁ
355 3699 536 3763 καλὸς
564 3699 824 3770 ἔμπορος.
867 3701 1056 3770 Ἡμεῖς
1083 3701 1140 3754 δὲ
1169 3699 1408 3754 τοιοῦτόν
1441 3718 1492 3754 τι
1524 3701 1630 3754 πάν

51 3806 251 3861 σχομεν,
289 3793 551 3862 ἀδελφοὶ,
588 3793 662 3864 μὴ
694 3794 761 3847 τά
793 3793 999 3848 ἑαυτῶν
1036 3793 1447 3864 κατορθοῦντες,
1492 3793 1627 3848 ἀλλά

53 3882 167 3950 πρὸς
197 3884 296 3954 τὴν
333 3884 602 3948 ἐξουσίαν
635 3884 1106 3956 δυσχεραίνοντεςο
1145 3883 1333 3956 ῶσπερ
1362 3883 1427 3938 ἂν
1466 3885 1517 3937 εί
1546 3901 1629 3948 τις

49 3974 244 4045 αἰτιῷτο
273 3977 396 4046 (16)
440 3977 541 4030 τὸν
564 3975 906 4045 ἀγωνοθέτην
938 3976 1012 4039 ὡς
1038 3975 1330 4048 μοχθηρὸν,
1358 3976 1518 4040 αὑτὸς
1546 3977 1632 4029 ἐκ·

49 4063 303 4119 παλαίων·
338 4067 375 4138 ἢ
438 4067 543 4120 τὸν
590 4066 770 4139 ἰατρὸν
811 4066 887 4130 ὡς
921 4066 1031 4136 (17)
1075 4065 1262 4137 ἀμαθῆ
1303 4067 1395 4119 καὶ
1426 4065 1630 4138 θρασὺν

44 4161 142 4220 τπξ
168 4162 372 4230 τομαῖς
406 4160 514 4214 καὶ
544 4161 662 4223 ταῖς
692 4158 918 4212 καύσεσι
947 4159 1282 4230 κεχρημένον
1304 4157 1438 4228 (18),
1469 4156 1632 4218 αὑτὸς

47 4252 276 4322 πονήρως
305 4253 696 4322 διακείμενος,
735 4252 830 4305 καὶ
862 4251 968 4305 τῶν
1002 4249 1413 4322 αὑστηροτέρων
1441 4249 1630 4320 δεόμε-

41 4360 112 4406 νος
140 4345 498 4417 φαρμάκων.
534 4343 722 4397 Ταῦτά
756 4361 843 4414 μοι
870 4344 1005 4416 πρὸς
1025 4344 1150 4406 τοὺς
1171 4341 1505 4414 ἀρχομένους
1527 4354 1630 4393 πα-

45 4439 264 4506 ραμυθία
296 4456 364 4492 τε
389 4438 524 4509 ἅμα
555 4438 648 4490 καὶ
669 4435 916 4491 νουθεσία
938 4454 953 4468 ·
987 4435 1160 4490 ταῦτα
1177 4437 1205 4488 ὁ
1230 4433 1483 4504 πενιχρὸς
1507 4451 1628 4486 ποι-

40 4527 128 4594 μὴν
152 4528 529 4599 καταρτίζων
557 4526 618 4579 τὸ
654 4527 847 4598 μικρὸν
877 4527 1145 4597 ποίμνιον,
1166 4519 1210 4593 ᾧ
1239 4525 1480 4596 χαίροντι
1509 4541 1630 4576 συν-

39 4618 301 4689 ευθυμεῖν,
344 4621 452 4674 καὶ
513 4619 960 4692 σκυθρωπάζοντι
987 4618 1098 4688 (19)
1131 4616 1498 4681 συστενάζειν,
1531 4615 1628 4687 τῆς

34 4711 154 4784 ἐμῆς
176 4732 268 4768 ποι
277 4713 585 4786 μαντικῆς
612 4716 640 4767 ὁ
666 4713 776 4784 (20)
809 4712 993 4784 νόμος.

1797 2326 1960 2396 322
2006 2325 2114 2380 VII.
2156 2325 2270 2381 Una
2317 2335 2478 2396 atque
2527 2325 2714 2380 eadem
2751 2333 2832 2380 est
2861 2323 3042 2394 regula
3071 2343 3084 2379 :
3117 2331 3172 2378 ει
3209 2333 3292 2377 ta-

1729 2433 1850 2472 men
1893 2427 2041 2472 recto
2081 2419 2271 2488 parcit,
2303 2419 2444 2488 quod
2484 2428 2661 2472 autem
2699 2418 3024 2489 superfluum
3066 2428 3168 2484 est,
3207 2435 3292 2474 re-

1730 2517 1898 2565 secat.
1936 2510 2086 2566 Unus
2120 2511 2302 2565 itidem
2338 2510 2416 2566 sol
2449 2525 2463 2563 :
2494 2519 2550 2565 et
2592 2520 2793 2577 tamen,
2839 2519 2898 2565 ut
2932 2512 3080 2566 sanis
3121 2513 3294 2567 oculis

1730 2601 2071 2686 splendorem
2103 2601 2280 2668 affert,
2309 2602 2382 2656 ita
2417 2616 2592 2672 πει-οε
2619 2611 2674 2656 ει
2698 2602 2990 2658 imbecilles
3018 2603 3292 2657 obscurat.

1732 2691 1828 2748 Vis
1861 2709 1926 2748 ex
1968 2699 2150 2747 nostra
2196 2693 2441 2747 doctrina
2492 2693 2766 2762 quidpiam
2821 2695 3077 2748 audacter
3119 2693 3297 2764 profc-

1735 2786 1890 2840 ram?
1931 2784 2080 2851 Unus
2109 2793 2190 2839 est
2215 2784 2496 2840 Christus:
2535 2783 2676 2837 idem
2725 2794 2902 2839 tamen
2934 2786 2986 2839 in
3013 2785 3224 2838 ruinam
3250 2794 3298 2836 et

1733 2879 2188 2934 resurrectionem
2223 2877 2430 2946 positus
2459 2887 2542 2931 est
2563 2876 2644 2942 ²⁰;
2679 2876 2731 2930 in
2775 2879 2987 2943 ruinam
3042 2875 3299 2930 nimirum

1732 2969 2043 3036 incredulis,
2096 2968 2148 3022 in
2196 2967 2644 3023 resurrectionem
2678 2978 2856 3021 autem
2904 2967 3294 3021 credentibus:

1733 3071 1788 3116 et
1814 3061 1935 3116 aliis
1962 3061 2180 3130 quidem
2212 3068 2363 3129 petra
2412 3059 2724 3116 offensionis
2750 3069 2854 3124 est,
2892 3073 2956 3114 ac
2984 3059 3119 3129 lapis
3149 3074 3298 3114 scan-

1733 3152 1923 3217 dali",
1955 3152 2020 3207 iis
2053 3166 2269 3222 nempe,
2313 3151 2404 3221 qui
2448 3152 2762 3207 nescierunt
2799 3164 2977 3220 neque
3016 3149 3300 3205 intellexe-

1731 3255 1876 3311 runt,
1907 3261 2092 3300 verum
2156 3245 2208 3298 in
2267 3243 2503 3300 tenebris
2560 3242 2944 3309 ambulant“;
2978 3243 3168 3313 quales
3227 3243 3300 3295 illi

1731 3349 1875 3402 sunt,
1917 3338 2006 3408 qui
2046 3337 2127 3392 vel
2163 3337 2320 3392 idolis
2373 3339 2576 3391 cultum
2621 3334 2898 3400 adbibent,
2940 3335 3024 3391 vel
3053 3337 3120 3389 ad
3154 3335 3301 3389 litte-

1733 3444 1847 3483 ram
1909 3443 2079 3497 usque
2127 3428 2392 3482 duntaxat
2451 3426 2804 3498 prospiciunt,
2855 3441 2956 3481 nec
3008 3428 3300 3497 quidquam

1732 3528 1991 3590 prazterea
2042 3519 2345 3589 splendoris
2385 3519 2604 3573 haurire
2649 3517 2733 3573 vel
2773 3518 3024 3588 cupiunt,
3064 3519 3145 3573 vel
3177 3533 3303 3586 pos-

1731 3620 1897 3677 sunt;
1930 3609 2049 3664 aliis
2095 3619 2312 3672 contra,
2339 3607 2474 3676 lapis
2502 3607 2859 3676 angularis”,
2895 3618 2949 3661 et
2981 3616 3129 3676 petra
3183 3606 3302 3660 lau-

1733 3705 1878 3769 data,
1914 3703 1980 3757 iis
2001 3701 2254 3756 videlicet
2277 3701 2366 3769 qui
2396 3699 2543 3755 verbi
2585 3699 2751 3753 divini
2784 3698 2998 3753 vinculo
3039 3700 3304 3753 constrin-

1732 3801 1950 3866 guntur,
2000 3795 2164 3863 eique
2216 3792 2488 3857 insident;
2520 3799 2633 3852 aut,
2693 3789 2738 3844 si
2787 3790 2976 3854 mavis,
3015 3789 3304 3859 margarita

1732 3888 1843 3954 illa,
1873 3901 2035 3956 quam
2082 3887 2256 3939 bonus
2292 3882 2596 3952 negotiator
2648 3881 2900 3936 omnibus
2927 3882 3043 3935 suis
3078 3879 3303 3936 faculta-

1734 3979 1877 4034 tibus
1909 3984 2217 4031 emercatur
2237 3974 2305 4027 “.
2337 3973 2408 4026 At
2453 3987 2572 4036 nos,
2622 3971 2842 4038 fratres,
2903 3971 3027 4024 dum
3069 3971 3301 4026 alliciunt

1733 4071 1833 4140 ipsi
1867 4068 2204 4130 deserentes,
2239 4065 2588 4136 magistratus
2615 4072 2934 4133 potestatem
2975 4063 3160 4132 iniquo
3183 4065 3303 4118 ani-

1733 4177 1822 4218 mo
1880 4161 2120 4224 ferimus,
2178 4157 2402 4230 perinde
2447 4158 2633 4226 utique
2684 4155 2936 4219 facimus,
2989 4170 3054 4209 ac
3103 4157 3146 4210 si
3182 4156 3305 4224 quis

1733 4254 2050 4311 certaminis
2101 4253 2387 4324 praesidem
2433 4259 2492 4318 ut
2546 4247 2848 4318 improbum
2892 4257 3127 4311 accuset,
3181 4262 3302 4300 cum
3360 4300 3381 4322 ,

1734 4342 1850 4412 ipse
1879 4342 1930 4396 in
1960 4341 2210 4411 palestra:
2255 4338 2400 4410 leges
2430 4345 2638 4406 peccet,
2682 4345 2776 4389 aut
2821 4336 3085 4390 medicum
3123 4343 3182 4389 ut
3224 4336 3303 4387 in-

1734 4433 1949 4488 doctum
1979 4441 2034 4487 et
2067 4432 2348 4494 audacem,
2388 4426 2912 4498 quod'sectionibus
2953 4433 3007 4480 et
3047 4427 3303 4480 cauteriis

1736 4530 1940 4587 utatur,
1974 4536 2096 4576 cum
2131 4521 2245 4588 ipse
2294 4517 2446 4588 gravi
2497 4517 2684 4569 morbo
2732 4514 2966 4576 laboret,
3008 4515 3304 4582 asperiori-

1734 4615 1943 4683 busque
1969 4612 2220 4667 remediis
2241 4608 2496 4680 indigeat.
2521 4607 2696 4676 Atque
2714 4606 2828 4660 haec
2855 4605 2988 4658 mihi
3018 4606 3084 4658 ad
3117 4606 3304 4658 subdi-

1738 4718 1842 4773 tos,
1879 4705 2076 4775 partim
2118 4701 2394 4765 monendi,
2426 4695 2623 4769 partim
2652 4697 2964 4753 consolandi
2992 4697 3186 4766 gratia,
3223 4699 3306 4750 di-

34 4815 107 4860 cta
149 4811 295 4876 sint;
338 4811 526 4871 mihi,
563 4809 804 4878 inquam,
877 4805 1099 4876 pauperi
1147 4805 1372 4874 pastori,
1429 4803 1522 4873 qui
1591 4817 1816 4870 parvum
1891 4801 2034 4855 hunc
2084 4811 2303 4867 gregem
2351 4808 2616 4862 compono
2659 4807 2724 4848 ac
2766 4791 2996 4856 instruo,
3047 4805 3169 4845 cum
3197 4805 3306 4860 qun

29 4905 286 4972 gaudente
322 4905 618 4976 gaudere,
649 4913 702 4960 et
741 4915 1003 4960 mmrente
1053 4902 1428 4972 ingemiscere,
1454 4899 1740 4971 pastoralis
1772 4913 1905 4953 mea:
1937 4895 2074 4967 legis
2102 4892 2417 4966 prescripto
2441 4889 2654 4960 iubeor.

2306 5051 2349 5083 "
2379 5048 2546 5105 Amos
2596 5062 2649 5115 ν,
2706 5047 2794 5102 10.
2896 5045 3092 5103 "Luc.
3119 5063 3182 5111 ιι,
3213 5047 3307 5102 54.

93 5064 367 5134 ξ⁶Ερ1ιεε.
403 5079 493 5128 vr,
547 5062 613 5124 5;
641 5062 880 5134 (ζοίηιιι,
909 5061 999 5116 22.
1075 5132 1095 5134 Α
1120 5061 1162 5091 ¹⁷
1193 5059 1362 5134 llebr.
1405 5074 1526 5120 xm,
1559 5057 1645 5134 1].

1831 5055 1988 5134 item:
2017 5068 2142 5116 xm,
2175 5051 2228 5134 1τ

27 5135 61 5166 ¹¹
89 5133 108 5187 l
133 5121 282 5192 Pe'tr.
317 5152 390 5203 ιι,
439 5121 506 5189 δ’.
601 5121 646 5164 δ’
672 5133 813 5188 Psal.
848 5121 1030 5199 nxxxt,
1065 5132 1118 5186 5.
1189 5131 1234 5162 ”
1264 5132 1461 5186 Enhes.
1499 5145 1558 5194 ιι,
1582 5127 1645 5180 21]

1753 5127 1801 5158 ³⁸
1827 5127 2015 5180 Matth.
2051 5138 2174 5191 xttt,
2213 5121 2302 5176 46.

80 5301 186 5371 (ll)
209 5303 330 5358 Καὶ
363 5297 808 5371 χρηστότερρι,
827 5293 952 5371 fimo
970 5291 1236 5371 desuntin
1261 5291 1390 5371 Reg.
1421 5289 1532 5371 bm';

1733 5357 1770 5371 η
1803 5281 2198 5371 ξδλΑὶτξῷτίζ.
2250 5280 2341 5363 §ic
2379 5278 2547 5350 Regg.
2595 5295 2646 5344 a,
2679 5279 2790 5346 bm,
2823 5277 2988 5337 Coisl.
3026 5281 3078 5349 1,
3111 5290 3167 5336 ει
3198 5290 3310 5337 tres

82 5355 188 5441 (12)
209 5355 666 5442 Ῑξρὶιὶῧτὴτος.
692 5355 934 5422 Ὀοὶειὶιι.
969 5364 1021 5429 1,
1059 5372 1115 5418 ει
1174 5361 1321 5428 Palu,
1342 5355 1628 5432 ’θρασύτη-

1731 5355 1968 5413 ΟοΙὺέΙιι
1989 5356 2100 5417 eth,
2129 5355 2308 5422 αἰτιῶ.

1806 5427 1909 5442 ll-l
1953 5426 2014 5442 οη
2096 5425 2182 5442 (‘9-
2214 5421 2326 5442 η-..
2381 5420 2466 5442 ι.,..
2533 5419 2727 5442 n--_.:

84 5420 184 5441 ι--ι
224 5420 429 5442 -δν-την
455 5420 560 5437 "I’
593 5420 640 5431 "
728 5420 739 5422 ν
1008 5420 1020 5429 '
1307 5420 1320 5428 '
1392 5420 1404 5432 '
1585 5420 1597 5431 '

29 5455 115 5505 tog,
148 5460 166 5494 ι
197 5445 496 5496 attdacim.
533 5457 555 5488 ι
825 5503 851 5505 _
1219 5501 1228 5505 ,
1317 5502 1327 5505 _
1407 5501 1417 5505 _
1478 5499 1489 5505 -

2096 5420 2349 5505 Sic'R'eg.
2381 5420 2494 5505 bin.
2518 5420 2692 5505 Pecs}
2714 5420 2767 5474 in
2797 5421 2885 5477 ed.

365 5492 777 5568 -ἆᾶάστασικ
824 5503 957 5574 Reg.
1005 5505 1094 5558 bm
1149 5501 1242 5556 καὶ
1283 5502 1364 5564 είς
1396 5499 1629 5554 ἀνάστα-

1804 5492 1915 5584 ξιξ)
1942 5492 2860 5584 ιέεκεημνῖςιῖτὲεεεξἐπ’..ῑῖςὲεε;τι
2880 5493 3072 5584 eth";-

81 5560 184 5584 \-v,
219 5560 341 5571 --v--
382 5560 446 5568 -ν
481 5560 559 5564 -τν
592 5560 630 5562 η
707 5560 729 5562 η
906 5560 934 5574 υ
1343 5560 1356 5564 -

29 5599 110 5639 ἣν,

1804 5560 1912 5639 (19)
1946 5560 2570 5639 ξκίιξθρῶπᾴζοντι.ᾼ81ε
2604 5563 2771 5639 liegg.
2795 5578 2846 5628 a,
2878 5565 2990 5629 bin,
3025 5565 3128 5618 duo
3142 5560 3310 5619 Coisl.

78 5631 182 5727 tu)
212 5653 458 5727 Πέτρας
491 5651 678 5727 Beas—
703 5662 760 5712 ειν
791 5650 903 5727 ινειν
937 5643 1142 5727 λίθοςνί
1170 5643 1376 5727 lapis-3
1425 5711 1476 5727 ,η
1495 5711 1558 5727 ..,

1733 5647 1787 5694 et
1811 5631 1924 5727 ges
1949 5636 2116 5727 ('32le
2127 5635 2184 5716 ln
2205 5635 2291 5727 ed.
2304 5674 2318 5694 ,
2335 5631 2758 5727 lcx‘uepmrfdgovr.

207 5702 771 5795 ἓῆῗᾶψῦἶὶἷῖτεξ.
827 5702 1023 5786 Regius
1062 5702 1179 5772 but.
1225 5702 1367 5767 ἀὖτ’
1420 5711 1627 5766 ἐθέλονι-

1738 5779 1771 5798 Δ.
1809 5707 1920 5778 (ΞΟ)
1964 5707 2050 5761 '0.
2082 5705 2172 5761 Sic
2204 5705 2368 5760 Coisl.
2403 5703 2454 5766 1,
2486 5702 2544 5758 et
2580 5712 2689 5758 tres
2727 5702 2881 5758 Colh.
2927 5709 3080 5760 iteest
3111 5704 3162 5759 in
3195 5718 3312 5760 eot-

31 5788 175 5858 κς..
295 5788 306 5795 .

1738 5788 1826 5834 tis.
