3852 6408
506 329 615 386 9ἷ5

1692 324 1750 380 5.
1792 325 2081 382 GREGUR}

2193 325 2505 382 'IIEOLOGI
3614 322 3692 378 978

628 447 714 502 Ill.
755 446 890 514 Quid
940 454 1115 500 autem
1153 462 1263 509 vos,
1297 445 1567 514 principes
1596 456 1651 500 et
1680 449 1915 515 praefecti
1938 449 1961 502 ?
1983 449 2060 503 Ad

2235 448 2314 502 H'.
2352 450 2414 501 Τί
2447 450 2503 501 δὲ
2548 448 2724 517 ὑμεῖς,
2771 447 2817 500 ot
2857 446 3112 500 δυνάσται
3154 444 3244 496 καὶ
3269 440 3554 512 ᾶρχοντεςς
3585 444 3696 515 Ἥβη(

511 556 605 594 vos
637 541 776 592 enim
805 539 916 607 jam
963 549 1139 592 nostra
1180 551 1239 592 se
1285 538 1553 592 convertit
1584 538 1792 603 oratio;
1829 553 1894 594 ne
1930 535 2064 593 alio;

512 633 599 700 qni
627 632 803 698 inique
836 629 1053 684 omnino
1091 629 1270 685 facere
1321 631 1617 695 videamur,
1649 640 1810 700 atque
1838 631 1921 686 his
1949 632 2068 701 qui-

513 724 652 788 dem,
687 738 803 791 quae
833 724 1064 791 ipsorum
1091 720 1250 776 olIicii
1279 732 1426 786 sunt,
1465 721 1715 786 suadere,
1748 733 1940 776 vestra:
1969 738 2066 775 au-

515 824 619 868 tem
658 812 902 881 dignitati
935 821 988 865 et
1019 813 1268 880 potentia:
1290 813 1504 876 cedere,
1539 813 1689 880 quasi
1728 812 1811 865 vel
1838 812 2060 880 pudore,

511 907 594 960 vel
642 914 806 972 metu,
844 905 1029 966 libere,
1062 913 1120 957 ut
1167 903 1528 958 ChriStianum
1581 904 1754 969 decet,
1784 905 1930 975 loqui
1964 921 2067 958 non

513 997 838 1059 audeamus;
874 1003 968 1046 aut
1000 992 1212 1046 illorum
1267 990 1482 1060 quidem
1538 992 1833 1047 commodis
1878 1008 2072 1046 consu-

515 1088 642 1150 lere,
682 1102 775 1139 vos
811 1097 987 1138 autem
1030 1084 1316 1152 negligere,
1342 1098 1568 1150 quorum
1614 1098 1796 1137 curam
1850 1098 1913 1138 eo
1959 1099 2072 1137 rna-

509 1179 681 1250 jorem
716 1193 903 1248 gerere
927 1190 1022 1244 par
1050 1184 1152 1238 est,
1185 1175 1324 1242 quod
1357 1189 1417 1226 ea
1449 1189 1532 1227 res
1565 1175 1682 1242 plus
1713 1175 1762 1227 in
1792 1186 2074 1243 utramque

516 1280 718 1340 partem
771 1267 1023 1321 momenti
1086 1264 1301 1329 habeat,
1353 1265 1642 1334 majorque"
1683 1267 1806 1321 inde
1863 1267 2074 1320 Utilitas

517 1370 818 1433 promanet.
848 1359 890 1412 si
935 1359 1202 1427 negotium
1262 1371 1516 1426 prospere
1567 1359 1906 1412 successerit.
1941 1357 2074 1412 Con-

519 1452 737 1504 trarium
778 1448 940 1511 enim,
979 1457 1084 1499 tum
1113 1462 1141 1498 a
1180 1448 1330 1500 nobis
1376 1448 1536 1513 absit,
1571 1458 1680 1501 tum
1735 1450 1800 1502 ab
1829 1450 2075 1503 oratione

518 1548 717 1592 nostra.
756 1536 891 1602 Quid
922 1536 1080 1604 igitur
1106 1535 1318 1588 dicitis?
1347 1537 1451 1587 Aut
1476 1536 1600 1604 quid
1639 1537 1779 1590 inter
1810 1554 1907 1592 nos
1938 1551 2074 1592 con-

519 1628 694 1682 venit?
721 1630 796 1680 An
821 1643 904 1682 me
932 1626 1098 1680 libere
1133 1626 1440 1695 loquentem
1473 1641 1626 1694 teque
1653 1627 1834 1681 animo
1858 1627 2077 1681 feretis?

519 1718 651 1794 Nam
684 1733 776 1769 vos
801 1731 1011 1785 quoque
1049 1715 1271 1783 imperio
1297 1731 1413 1770 meo
1447 1733 1510 1770 ac
1537 1717 1726 1771 throno
1760 1717 1842 1771 lex
1873 1717 2073 1772 Christi

2169 541 2274 610 γὰρ
2323 539 2458 610 πρὸς
2502 539 2645 608 ὑμᾶς
2683 538 2711 590 ὁ
2744 536 2899 604 λόγος
2944 537 3204 606 μέτεισιν,
3256 534 3340 586 ἵνα
3384 533 3458 603 μὴ
3497 533 3700 604 δόξωμεν

2170 631 2345 700 πάντη
2379 629 2662 699 τυγχάνειν
2692 629 2884 690 ἄνισοι,
2913 627 3005 679 καὶ
3032 629 3144 688 τοῖς
3178 624 3278 696 μὲν
3309 623 3379 677 τὰ
3413 624 3588 676 εἰκότα
3614 625 3703 695 (21)

2170 724 2470 793 παραινεῖν,
2500 722 2650 791 ὑμῶν
2668 720 2724 772 δὲ
2750 722 2815 790 τῇ
2841 718 3123 788 δυναστείᾳ
3153 718 3522 788 παραχωρεῖν,
3549 715 3708 787 ὥσπερ

2171 815 2305 866 αἰδοῖ
2336 813 2434 881 τὴν
2460 811 2600 865 κατὰ
2628 811 2860 881 Χριστὸν
2893 809 3046 880 ἡμῶν
3075 808 3408 878 ἐλευθερίαν,
3450 807 3484 878 ἦ
3507 808 3608 859 ὄέει
3636 811 3714 860 ὲκ-

2171 904 2440 966 κλίνοντες
2470 903 2580 972 (9.2)
2603 919 2615 932 ’
2649 901 2681 973 ἢ
2707 901 2813 954 τῶν
2836 901 2934 971 μὲν
2956 900 3221 972 ’κήδεσθαι
3260 899 3480 969 μᾶλλον,
3513 899 3657 969 ὑμῶν
3679 899 3715 952 δ’

2171 995 2410 1064 ἀμελεῖν,
2439 988 2514 1046 ὧν
2543 994 2636 1046 καὶ
2661 993 2857 1062 μᾶλλον
2883 991 3186 1062 φροντίζειν
3206 990 3374 1056 ἄξιον,
3408 991 3521 1057 ὅσῳ
3545 990 3634 1042 καὶ
3656 992 3720 1051 είς

2176 1087 2342 1157 μείζω
2381 1085 2617 1157 φέρουσα
2652 1085 2685 1155 ή
2717 1083 2855 1155 ῥοπὴ
2887 1082 3162 1152 ὁποτέρως
3196 1081 3260 1134 ἂν
3291 1081 3410 1152 ἔχῃ.
3441 1081 3538 1134 καὶ
3564 1081 3720 1133 πλεῖον

2177 1177 2232 1230 τὸ
2275 1176 2706 1247 κατορθούμενον
2729 1191 2742 1204 ο
2778 1175 2838 1228 τὸ
2871 1173 2981 1243 γὰρ
3010 1170 3249 1226 ἐναντίον
3290 1173 3456 1242 ἀπείη
3479 1170 3613 1240 (25),
3647 1173 3723 1224 καὶ

2174 1269 2349 1339 ἡμῶν,
2401 1269 2494 1321 καὶ
2519 1267 2610 1320 τοῦ
2646 1266 2826 1334 λόγου.
2867 1264 2933 1316 Τί
2966 1261 3059 1316 οὖν
3093 1281 3223 1333 φατε
3250 1282 3264 1329 ;
3299 1263 3393 1316 καὶ
3422 1263 3477 1314 τί
3505 1261 3723 1332 διομολο-

2173 1363 2415 1433 γούμεθα
2457 1362 2590 1433 πρὸς
2625 1363 2889 1432 ἀλλήλους
2913 1379 2927 1425 ;
2951 1358 3098 1432 Ἀρα
3128 1360 3342 1426 δέξεσθε
3388 1361 3487 1412 σὺν
3528 1362 3722 1430 παρρη-

2177 1448 2268 1517 σίᾳ.
2295 1448 2382 1500 τὸν
2421 1446 2608 1514 λόγον;
2645 1449 2754 1501 Καὶ
2782 1449 2810 1500 ὁ
2840 1446 2932 1500 τοῦ
2966 1447 3199 1518 Χριστοῦ
3230 1447 3392 1516 νόμος
3429 1444 3723 1513 ὑποτίθησιν

2176 1537 2319 1607 ὑμᾶς
2354 1540 2420 1607 τῇ
2455 1539 2560 1608 ἐμῇ
2585 1537 2869 1608 δυναστείᾳ
2897 1536 2992 1589 καὶ
3031 1537 3110 1605 τῷ
3135 1535 3251 1606 ὲμῷ
3285 1536 3511 1604 βήματι.
3551 1533 3724 1601 Ἀρχο·

2178 1645 2276 1699 μεν
2299 1627 2406 1700 γὰρ
2431 1629 2522 1680 καὶ
2542 1627 2694 1680 αὐτοί
2713 1645 2726 1658 ο
2752 1627 3043 1698 προσθήσω
3065 1627 3141 1691 δὲ,
3171 1627 3251 1680 ὅτι
3283 1627 3376 1680 καὶ
3397 1627 3498 1696 τὴν
3525 1626 3724 1696 μείζονα

2176 1721 2271 1773 καὶ
2293 1719 2622 1789 τελεωτέραν
2653 1721 2823 1790 ἀρχήν
2847 1737 2860 1749 ·
2892 1720 2924 1790 ἢ
2956 1719 3036 1772 δεῖ
3064 1719 3122 1771 τὸ
3144 1717 3356 1788 πνεῦμα
3382 1717 3497 1788 (9.4)
3531 1718 3720 1786 ὑποχω-

519 1790 752 1878 subjicit.
796 1808 1078 1876 Imperium
1134 1806 1275 1859 enim
1338 1805 1498 1877 323
1544 1821 1639 1860 nos
1673 1821 1883 1876 quoque
1933 1809 2073 1877 geri-

2193 1810 2342 1881 aﬁaat
2370 1813 2436 1882 τῇ
2474 1787 2656 1879 σαρκὶ,
2689 1787 2790 1864 καὶ*
2813 1787 2924 1874 τοῖς
2952 1810 3161 1880 γηίνοις
3200 1809 3268 1862 τὰ
3294 1787 3608 1880 ἐπουράνια.
3642 1810 3724 1862 Δέα

520 1916 671 1962 nnis;
719 1900 856 1953 addo
900 1899 1061 1952 etiam
1099 1901 1440 1967 praestantius
1493 1912 1556 1952 ac
1590 1896 1886 1966 perfectius
1919 1917 1931 1953 :
1970 1899 2075 1954 nisi

518 2005 644 2046 vero
672 2005 879 2056 aequum
904 1990 972 2042 sit
1013 1989 1258 2058 spiritum
1291 1991 1462 2053 carni,
1492 1998 1546 2042 et
1564 1988 1804 2044 etelestia
1837 1992 2080 2060 .terrenis

521 2085 729 2137 cedere.
773 2081 916 2133 lianc
943 2079 1151 2134 dicendi
1175 2079 1476 2135 libertatem
1505 2081 1556 2134 in
1588 2081 1843 2149 optimam
1871 2092 2079 2151 partem

519 2175 772 2243 accipies,
805 2183 955 2228 certo
1001 2173 1133 2237 scio,
1168 2183 1355 2242 utpote
1401 2188 1554 2228 sacra
1581 2173 1722 2227 sacri
1755 2173 1858 2228 mei
1898 2175 2076 2245 gregis

519 2268 656 2333 ovis,
689 2267 974 2336 magnique
1000 2265 1242 2319 PaSIoris
1274 2263 1513 2327 alumna,
1547 2274 1799 2333 recteque
1820 2264 1930 2335 jam
1955 2265 2079 2320 olim

520 2375 547 2413 a
576 2359 776 2429 Spiritu
802 2357 960 2413 ducta
991 2367 1044 2411 et
1072 2356 1336 2420 instituta,
1363 2368 1670 2423 sanctzeque
1691 2366 1744 2411 et
1773 2356 1937 2411 beata:
1961 2357 2078 2411 Tri-

521 2453 701 2506 nitatis
727 2450 944 2514 lumine,
973 2463 1124 2516 aeque
1139 2463 1201 2501 ac
1228 2462 1324 2500 nos
1350 2447 1472 2516 ipsi,
1499 2447 1826 2503 eollustrata.
1851 2449 2079 2504 Proinde

521 2543 698 2598 brevis
729 2543 853 2594 mihi
887 2542 951 2592 ad
990 2552 1039 2592 te
1077 2540 1181 2593 erit
1221 2539 1414 2592 oratio.

591 2633 677 2686 IX.
716 2633 846 2686 Cum
895 2631 1114 2684 Christo
1159 2632 1441 2700 imperium
1488 2645 1661 2700 geras,
1698 2646 1818 2684 cum
1863 2630 2082 2686 Christo

523 2741 717 2778 mtmus
747 2725 845 2777 hoc
875 2723 1239 2776 administras.
1283 2721 1364 2775 Ab
1405 2722 1492 2776 illo
1534 2722 1768 2790 gladium
1805 2724 2080 2792 accepisti,

525 2831 630 2869 non
663 2825 767 2868 tam
805 2825 860 2868 ut
883 2831 946 2866 eo
979 2815 1147 2866 utaris
1168 2855 1182 2875 ,
1215 2829 1373 2882 quam
1412 2824 1469 2866 ut
1501 2814 1724 2868 mineris
1759 2829 1821 2868 ac
1856 2825 2081 2870 terreas.

525 2907 701 2972 Quare
736 2906 826 2959 tibi
867 2904 1148 2958 videndum
1173 2916 1254 2959 est
1279 2944 1294 2968 ,
1326 2914 1381 2957 ut
1409 2903 1554 2957 illum
1578 2943 1594 2969 ,
1631 2914 1882 2973 tanquam
1921 2907 2086 2960 dona-

527 3000 664 3052 rium
697 2997 960 3066 quoddam
997 3012 1188 3065 purum
1217 3006 1269 3050 et
1307 2997 1573 3065 integrum
1597 3036 1612 3059 ,
1660 2997 1746 3061 ei,
1780 2998 1869 3065 qui
1902 2999 2084 3063 dedit,

2179 1901 2243 1973 ξῃ
2285 1903 2382 1972 τὴν
2420 1902 2762 1976 παρρησίαν,
2793 1897 2910 1967 οἷδ’,
2941 1902 3023 1955 ὅτι
3062 1901 3332 1973 πρόϐατον
3380 1901 3433 1954 εἴ
3486 1901 3598 1971 (9.5)
3641 1903 3725 1973 τῆς

2178 1993 2318 2063 ἐμῆς
2351 1994 2607 2065 ποίμνης,
2632 1994 2729 2064 τῆς
2760 1994 2910 2064 ίερᾶς
2942 1992 3106 2066 ἱερὸν,
3138 1993 3231 2046 καὶ
3267 1992 3492 2064 θρέμμα
3522 1990 3614 2046 τοῦ
3642 2009 3726 2063 με·

2178 2083 2343 2153 γάλου
2380 2084 2643 2154 Ποιμὲνος
2665 2084 2797 2154 (26),
2829 2085 2923 2138 καὶ
2951 2083 3126 2147 καλῶς
3154 2083 3357 2138 ἄνωθεν
3375 2085 3612 2155 ἠγμένον
3635 2085 3728 2137 ὑπὸ

2177 2173 2271 2228 τοῦ
2300 2174 2636 2245 Πνεύματος,
2676 2175 2770 2228 καὶ
2795 2174 2872 2245 τῷ
2897 2176 3034 2246 φωτὶ
3066 2175 3165 2245 τῆς
3204 2175 3366 2244 ἁγίας
3423 2176 3518 2229 καὶ
3564 2193 3727 2246 μακα-

2185 2264 2303 2336 ρίας
2342 2264 2451 2336 (27)
2487 2265 2713 2334 Τριάδος
2749 2264 2950 2336 ὁμοίως
2992 2267 3122 2335 ἡμῖν
3173 2264 3596 2336 ἐλλαμπόμενον.
3638 2267 3732 2318 Διὰ

2183 2354 2338 2410 τοῦτό
2369 2373 2457 2427 μοι
2487 2356 2579 2409 κα)⁵
2614 2355 2820 2428 βραχὺς
2850 2357 2877 2409 ὁ
2904 2356 3037 2426 πρὸς
3065 2355 3122 2408 σὲ
3146 2356 3302 2424 λόγος
3327 2357 3424 2409 καὶ
3456 2355 3719 2427 σύντομος.

2255 2630 2331 2684 6'.
2354 2629 2570 2701 Χριστῷ
2593 2629 2897 2699 συνάρχεις,
2921 2626 3140 2698 Χριστῷ
3163 2629 3256 2681 καὶ
3271 2626 3385 2698 (28)
3404 2627 3728 2688 συνδιοικείς·

2187 2720 2314 2790 παρ’
2354 2719 2560 2772 ἐκείνου
2602 2737 2684 2772 σοι
2727 2720 2794 2773 τὺ
2835 2717 3006 2789 ξίφος,
3042 2720 3141 2772 οὐκ
3171 2721 3250 2782 εἰς
3299 2719 3485 2790 ἔργον,
3529 2718 3634 2772 ἀλλ’
3663 2723 3734 2783 είς

2185 2811 2412 2881 ἀπειλήν
2435 2827 2448 2840 ·
2481 2811 2509 2863 ὃ
2537 2811 2771 2882 καθαρὸν
2801 2809 3055 2880 ἀνάθημα
3079 2809 3155 2880 τῷ
3183 2808 3436 2862 δεδωκότι
3463 2811 3734 2878 φυλάσσοι-

2184 2920 2264 2956 το.
2322 2901 2498 2956 Εἰκὼν
2541 2898 2588 2955 εἴ
2631 2901 2726 2954 τοῦ
2749 2902 2860 2971 (29)
2899 2900 3063 2954 Θεοῦο
3101 2901 3194 2954 καὶ
3226 2901 3414 2954 εἰκόνα
3458 2900 3543 2952 διὰ
3570 2902 3735 2970 latet;

2187 2994 2338 3061 ἄγεις
2365 2994 2501 3064 (50),
2535 2993 2768 3046 ἐνταῦθα
2814 2993 3291 3063 οἰκονομουμένην,
3335 2993 3429 3044 καὶ
3463 2993 3592 3063 πρὸς
3634 2992 3738 3061 βίον

525 3101 726 3141 serves.
763 3085 941 3153 Imago
976 3084 1067 3136 Dei
1097 3097 1155 3137 es
1190 3101 1204 3138 :
1251 3098 1433 3137 verum
1494 3083 1585 3138 Dei
1623 3098 1834 3153 quoque
1867 3084 2081 3155 imagini

2193 3084 2343 3139 ἄλλον
2377 3084 2797 3156 μεθισταμένην,
2839 3086 2918 3147 είς
2965 3084 3023 3136 ὃν
3062 3085 3260 3147 πάντες
3309 3083 3736 3155 μεταϐησόμεθα.

526 3178 797 3246 imperas;
829 3190 945 3242 qua:
974 3175 1186 3241 quidem
1223 3174 1311 3228 hic
1346 3184 1493 3227 certa
1538 3173 1936 3242 dispensatione
1980 3191 2078 3245 gu-

526 3269 804 3330 bernatur,
836 3265 901 3318 ad
935 3264 1093 3318 aliam
1129 3274 1306 3317 autem
1353 3264 1513 3318 vitam
1551 3264 1783 3332 migrat,
1823 3266 1888 3318 ad
1921 3281 2084 3336 quam

525 3374 708 3412 onmes
742 3371 954 3426 quoque
978 3355 1358 3417 concedamus,
1388 3366 1734 3424 pOSIeaquam
1760 3358 1811 3410 in
1839 3358 1940 3413 hoc
1969 3360 2087 3412 vitae

527 3464 763 3513 carcere,
793 3447 871 3502 vel
899 3447 1092 3513 stadio,
1118 3448 1201 3501 vel
1227 3448 1658 3516 przesignatimie,
1691 3447 1770 3502 vel
1796 3449 2089 3501 adumhra-

525 3545 707 3604 tione,
762 3541 1149 3609 aliquantisper
1195 3538 1501 3593 luserimus.
1552 3538 1754 3592 Flectat
1795 3547 1847 3593 te
1884 3549 2088 3594 natum

527 3635 808 3704 cegnatio;
843 3640 1054 3686 moveat
1104 3641 1154 3685 te
1192 3629 1468 3698 exemplar
1508 3641 1698 3697 tuum;
1741 3632 1805 3684 ad
1834 3631 2000 3686 Deum
2036 3639 2089 3685 te

528 3727 753 3794 adjunge
779 3766 792 3790 ,
831 3742 936 3778 non
983 3724 1047 3778 ad
1096 3723 1279 3776 mundi
1332 3723 1662 3792 principem;
1699 3726 1764 3776 ad
1800 3725 2087 3794 benignum

529 3819 843 3881 Dominum,
876 3833 977 3869 non
1003 3816 1066 3868 ad
1088 3815 1338 3870 acerbum
1365 3823 1672 3885 tyrannum.
1716 3813 1812 3867 Ille
1827 3816 2090 3868 homicida

528 3923 639 3965 erat
667 3912 729 3963 ab
764 3909 995 3962 initio”.
1026 3907 1116 3961 Ille
1138 3946 1152 3969 ν
1191 3915 1243 3959 et
1279 3906 1456 3974 primo
1489 3906 1690 3960 homini
1723 3922 1819 3977 per
1847 3906 2088 3960 mandati

531 3997 1012 4065 transgressionem
1045 3999 1237 4048 vulnus
1267 3995 1496 4057 inllixit,
1529 4005 1584 4049 et
1619 4011 1976 4049 :erunmosam
2007 3997 2088 4049 vi-

530 4101 636 4142 tam
663 4090 884 4150 invexit,
919 4097 971 4141 et
1023 4097 1131 4140 tum
1161 4086 1475 4152 inferendaa,
1507 4097 1620 4139 tum
1656 4088 1946 4140 subeunda:
1977 4103 2090 4156 pa:-

531 4198 612 4236 nre
641 4181 810 4249 legem
843 4196 936 4250 per
966 4191 1245 4248 peccatum
1282 4178 1496 4232 induxit
1516 4179 1583 4234 ⁸⁸.
1613 4177 1730 4232 Tibi
1759 4194 1907 4242 vero,
1933 4180 2090 4233 homo

527 4272 645 4336 Dei,
671 4273 722 4324 in
749 4276 980 4324 mentem
1010 4269 1210 4329 veniat,
1235 4268 1356 4338 quis
1381 4277 1433 4321 te
1456 4267 1697 4330 ﬁnxerit,
1725 4282 1834 4337 quo
1857 4268 2087 4332 voceris,

527 4373 658 4434 quot
687 4372 998 4432 quantaque
1025 4361 1226 4415 habeas
1247 4401 1260 4422 ,
1295 4368 1426 4430 quot
1456 4359 1765 4414 nominibus
1795 4359 2090 4415 obstrictus

2189 3173 2362 3247 μικρὰ
2387 3173 2677 3237 παίξαντες
2706 3175 2763 3227 ἐν
2784 3173 2862 3244 τῷ
2887 3172 2985 3243 τῆς
3013 3173 3156 3242 ζωῆς
3189 3172 3380 3239 τούτῳ,
3409 3175 3518 3224 εἴτε
3545 3173 3740 3243 δεσμωο

2185 3267 2376 3337 τηρίῳ,
2407 3265 2515 3319 εἴτε
2553 3264 2768 3336 σταδίῳ,
2801 3264 2912 3318 εἴτε
2961 3264 3400 3335 πῳχαράγματι,
3461 3267 3569 3318 εἴτε
3597 3267 3738 3319 σκιά-

2189 3375 2375 3429 σματι.
2407 3358 2648 3427 Τίμησον
2674 3358 2772 3428 τὴν
2795 3355 3066 3426 συμφυΐαν
3087 3371 3098 3384 ·
3131 3355 3406 3425 αἰδέσθητι
3437 3359 3498 3408 τὸ
3527 3358 3741 3428 ἀρχέτδσ

2188 3465 2319 3503 πον·
2356 3447 2512 3517 γενοῦ
2556 3447 2693 3518 μετὰ
2732 3447 2825 3500 τοῦ
2855 3445 3012 3509 Θεοῦ,
3051 3445 3126 3516 μὴ
3153 3446 3247 3498 τοῦ
3280 3449 3739 3518 ιιοσμοκράτορος⁹

2191 3541 2329 3612 μετὰ
2369 3538 2460 3593 τοῦ
2518 3539 2753 3610 χρηστοῦ
2796 3538 2908 3608 (51)
2947 3538 3239 3600 Δεσπότου,
3294 3539 3368 3608 μὴ
3417 3537 3511 3591 τοῦ
3560 3537 3744 3610 πικροῦ

2188 3634 2469 3704 τυράννου.
2502 3631 2762 3697 Ἐκεῖνος
2785 3630 3275 3698 ἀνθρωποκτόνος
3303 3627 3381 3700 ἦν
3409 3631 3511 3686 ἀπ’
3541 3632 3741 3700 ἀρχῆς·

2189 3727 2396 3787 ἐκεῖνος
2429 3724 2523 3776 καὶ
2550 3724 2640 3776 τὸν
2671 3723 2884 3795 πρῶτον
2913 3722 3199 3794 ἄνθρωπον
3228 3724 3318 3777 διὰ
3343 3724 3444 3793 τῆς
3474 3725 3746 3795 παρακοῆς

2189 3815 2406 3886 ἔπληξε,
2456 3816 2552 3868 καὶ
2595 3815 2692 3888 τὴν
2749 3817 3042 3887 ὲπίμοχθον
3093 3799 3629 3889 ζωὴν-ἐπεισήγαγε,
3661 3821 3746 3871 καὶ

2189 3909 2250 3958 τὸ
2297 3904 2566 3970 κολάζειν,
2615 3906 2708 3959 καὶ
2752 3906 2813 3959 τὸ
2859 3905 3184 3971 κολάξεσθαι
3227 3908 3314 3962 διὰ
3346 3910 3445 3979 τὴν
3485 3911 3750 3980 ἁμαρτίαν

2191 3995 2568 4066 ἐνομοθέτησε.
2610 3997 2682 4049 Σὺ
2731 3996 2808 4063 δὲ,
2862 3996 3113 4070 ἄνθρωπε
3144 3998 3238 4051 τοῦ
3299 3999 3459 4060 Θεοῦ,
3493 4001 3749 4073 μνήσθητι

2189 4086 2333 4148 τίνος
2366 4083 2415 4138 εἶ
2448 4086 2678 4156 ποίημα,
2710 4088 2802 4140 καὶ
2832 4087 2933 4141 ποῦ
2969 4088 3129 4160 καλῇ,
3161 4090 3255 4142 καὶ
3277 4091 3434 4145 ’πόσα
3472 4092 3636 4162 ἔχεις,
3665 4095 3750 4146 ut

2192 4177 2354 4231 πόσον
2394 4177 2648 4247 ὀφείλεις,
2697 4182 2848 4250 παρὰ
2895 4180 3035 4244 τίνος
3075 4199 3154 4234 σοι
3199 4181 3378 4250 λόγος,
3427 4185 3592 4254 νόμος
3625 4186 3750 4253 (52),

2192 4270 2486 4340 προφῆται,
2517 4269 2648 4322 αὐτὸ
2689 4271 2749 4323 τὸ
2787 4272 2982 4326 εἰδέναι
3015 4271 3168 4340 Θεδν,
3202 4273 3264 4327 τὸ
3313 4275 3389 4345 μὴ
3437 4277 3750 4340 ἀπελπίζειν

2192 4362 2258 4414 τὰ
2292 4363 2734 4434 προσδοκώμενα.
2780 4365 3033 4436 Μίμησαι
3078 4366 3166 4420 διὰ
3197 4367 3372 4421 ταῦτα
3404 4369 3540 4423 Θεοῦ
3577 4371 3753 4439 φιλαν-

527 4457 623 4519 sis,
655 4469 685 4508 a
708 4469 816 4524 quo
845 4453 1130 4517 rationem,
1168 4450 1359 4521 legem,
1390 4451 1679 4521 prophetas
1711 4451 1987 4518 acceperis
2008 4495 2022 4518 ,
2057 4467 2081 4506 a

2194 4453 2454 4534 θρωπίαν.
2501 4457 2671 4510 Τοῦτο
2703 4457 2944 4529 ἐχει(55)
2998 4459 3229 4530 μάλιστα
3273 4462 3416 4514 θεῖον
3457 4448 3756 4534 ἄνθρωπος,

529 4565 635 4615 quo
665 4548 769 4602 hoc
797 4547 970 4616 ipsum
997 4545 1140 4612 quod
1172 4543 1337 4598 Deum
1363 4543 1668 4614 cognoscis.
1698 4543 1838 4612 quod
1869 4545 2005 4598 bona
2035 4545 2086 4598 in

529 4639 930 4707 exspectatione
979 4637 1152 4706 posita
1200 4651 1305 4689 non
1351 4636 1624 4692 desoeras.
1673 4634 1940 4701 Quocirca
1996 4636 2087 4691 Dei

595 4799 641 4830 "
665 4796 816 4851 Joan.
848 4811 972 4856 vnt.
1004 4795 1094 4849 Η.
1171 4795 1218 4826 ³⁸
1245 4794 1383 4850 Gen.
1412 4809 1496 4857 ιιι,
1530 4797 1552 4847 l
1589 4809 1710 4864 sqq.

599 4893 708 4962 (ﬁl)
747 4892 820 4946 Τὰ
872 4893 1092 4947 εἰκότα.
1143 4891 1382 4945 ’Βιηὶιιεε
1424 4910 1443 4944 ι
1482 4907 1601 4962 qua:
1653 4890 1706 4944 in
1753 4905 1864 4946 rem
1913 4890 2093 4946 futura

529 4965 656 5024 sint,
685 4982 703 5014 ι
731 4973 832 5016 etc.

601 5033 711 5100 (22)
744 5031 1176 5097 Ἐκκλίνοντες.
1219 5031 1351 5099 Reg.
1403 5047 1466 5093 a,
1501 5031 1816 5094 κλίνοντες,
1865 5048 1884 5080 ι
1947 5030 2096 5085 inﬂe-

526 5115 755 5161 ctentes.
786 5122 804 5154 ι
849 5102 1072 5156 Dillius:
1109 5122 1127 5153 ι
1174 5102 1537 5156 Christianam
1595 5115 1834 5155 nostram
1875 5101 2093 5155 liberta-

529 5187 634 5231 tem
671 5174 1026 5227 detttitlentes.
1054 5190 1072 5223 ι

603 5243 714 5307 (9.5)
748 5242 969 5307 Ἀπείη.
999 5242 1164 5295 Coisl.
1201 5242 1252 5303 1,
1287 5240 1457 5294 ἀπίει.

605 5245 692 5307 (9.5
748 5243 969 5307 Ἀπείη.
999 5243 1164 5295 Coisl.
1201 5243 1252 5303 l,
1287 5243 1457 5294 ἀπίει.

605 5243 714 5381 (Ἡ)
748 5314 821 5366 “II
845 5311 932 5365 δεῖ
970 5311 1036 5365 τὸ
1079 5311 1331 5378 πνεῦμα,
1369 5321 1473 5381 etc.
1517 5309 1680 5381 Cuisl.
1731 5311 1782 5381 I,
1818 5311 1864 5362 εἰ
1905 5310 1984 5362 δεῖ
2016 5311 2093 5379 τῷ

532 5374 797 5452 πνεύματι
826 5381 1177 5453 ὑποχωρῆσαι
1210 5374 1307 5451 τὴν
1339 5380 1534 5449 σάρκα,
1568 5379 1662 5432 καὶ
1692 5380 1762 5432 τὰ
1786 5381 1948 5453 γήινα
1984 5374 2094 5444 τοῖς

532 5454 894 5524 ἐπουρανίοις,
921 5472 938 5502 ι
975 5452 1370 5524 siquidem__par
1407 5463 1488 5503 est
1533 5460 1587 5502 ut
1623 5467 1749 5505 caro
1779 5452 1934 5505 cedat
1981 5455 2094 5520 Spi-

533 5521 686 5582 l‘ttui,
724 5535 774 5577 ct
806 5533 1017 5576 terrena
1050 5521 1380 5574 coelestibus.
1406 5539 1423 5570 ι

605 5593 713 5658 (‘25)
747 5589 831 5645 Εἷ.
865 5594 1020 5645 Deest
1045 5593 1095 5643 in
1132 5590 1264 5655 Reg.
1299 5591 1404 5643 hin.

605 5657 714 5729 (‘26)
761 5661 868 5714 Τοῦ
901 5660 1165 5731 μεγάλου
1201 5658 1512 5729 Ποιμηένος.
1553 5676 1572 5713 ι
1613 5657 1828 5715 Patrem
1875 5675 2031 5718 suum
2070 5677 2090 5712 ι

533 5733 804 5803 ίιιιιείίίεἱι.

2194 4547 2256 4599 τὸ
2285 4545 2342 4601 εὖ
2385 4551 2579 4604 ποιεῖν.
2625 4551 2839 4614 Ἔξεστί
2879 4569 2961 4604 σοι
3007 4551 3139 4604 Θεὸν
3180 4553 3436 4621 γενέσθαι
3470 4556 3636 4625 μηδὲν
3669 4573 3756 4607 πο-

2197 4641 2417 4710 νήσαντι
2440 4641 2551 4711 (54)
2571 4659 2584 4671 ·
2619 4641 2692 4713 μὴ
2729 4643 2869 4714 πρόῃ
2898 4643 2987 4697 τὸν
3015 4645 3208 4713 καιρὸν
3228 4649 3329 4716 τῆς
3352 4645 3626 4711 θεὼσεως.

2268 4888 2378 4954 (27)
2397 4887 2500 4941 Καὶ
2523 4887 2837 4956 μακαρίας.
2854 4885 2977 4959 Haec
2992 4888 3184 4942 desunt
3205 4889 3255 4941 in
3279 4888 3601 4959 Beg.hm,et
3618 4890 3689 4945 Or
3710 4890 3756 4945 Ξ.

2263 4958 2372 5029 (‘28)
2413 4961 2541 5029 Κιιί.
2579 4960 2738 5029 Deest
2770 4960 2818 5029 in
2855 4958 2986 5029 Ijeg.
3023 4961 3129 5012 bin.

2264 5027 2374 5098 (‘29)
2412 5027 2540 5082 Τοῦ.
2576 5028 2732 5098 Deest
2775 5027 2826 5079 in
2860 5027 3027 5098 ηερε.
3063 5046 3113 5091 a,
3151 5027 3260 5082 hm.

2261 5095 2372 5167 (50)
2395 5099 2507 5168 ᾲΔιὰ
2540 5095 2735 5167 χειρὸς
2766 5098 2949 5165 ἄγεις.
2980 5095 3011 5150 ἰ
3053 5099 3107 5152 ln
3163 5115 3324 5152 manu
3349 5138 3364 5162 ,
3408 5099 3462 5152 in
3506 5111 3760 5168 potesse-te

2193 5166 2361 5224 habes
2393 5166 2485 5219 Dei
2527 5166 2836 5232 imaginem.
2861 5189 2878 5218 ι

2264 5237 2374 5305 (51)
2408 5237 2703 5306 Χρηστοῦ.
2734 5237 2826 5292 Sic
2865 5241 2970 5293 duo
2995 5238 3181 5305 C0isl.,
3223 5250 3335 5296 tres
3358 5237 3540 5306 Colb.,
3587 5251 3644 5294 et
3675 5238 3755 5294 Or.

2191 5308 2248 5362 2.
2275 5310 2326 5361 ln
2367 5307 2477 5370 ed.,
2517 5306 2772 5378 Χριστοῦ,
2801 5326 2818 5359 ι
2856 5309 3149 5363 Christum.
3179 5329 3197 5361 ι

2263 5379 2384 5501 [(52)
2413 5379 2622 5446 Λόγος,
2641 5378 2844 5446 νόμος.
2865 5380 2956 5433 Sic
2982 5379 3116 5448 Reg.
3141 5381 3248 5448 but,
3275 5391 3328 5434 et
3351 5379 3445 5434 Or.
3475 5379 3513 5433 2
3559 5398 3578 5430 ι
3607 5381 3757 5432 Enr.-

2284 5464 2412 5501 tum.
2447 5466 2466 5498 ι

2231 5464 2412 5501 οιιιιιη.
2447 5466 2466 5498 ι

2231 5463 2412 5501 etnnn.
2447 5466 2466 5498 ι

2195 5463 2227 5589 β
2267 5519 2379 5588 (55)
2419 5517 2598 5571 Τοῦτο
2647 5516 2791 5585 ἔχει,
2821 5526 2928 5570 etc.
2969 5536 2986 5568 ι
3031 5516 3185 5572 Nulla
3216 5533 3278 5572 re
3306 5521 3529 5589 pr0pius
3569 5520 3757 5573 accedit

2197 5587 2359 5642 hoino
2394 5590 2457 5639 ad
2504 5590 2690 5654 Deum,
2725 5603 2882 5655 quam
2925 5589 3302 5642 beneﬁcentia.
3331 5609 3348 5640 ι

2269 5656 2378 5727 (54)
2411 5656 2772 5722 Πονήσαντι.
2829 5659 2920 5712 Sic
2963 5659 3067 5720 duo
3103 5658 3329 5714 (loislin.
3372 5659 3428 5716 In
3467 5662 3585 5726 ed.,
3620 5660 3757 5728 ποιῄ

2197 5743 2369 5782 σαντι.
3700 5759 3712 5767 ο
