3852 6408
554 341 658 400 979

1748 364 2182 421 s.caecouu
2225 368 2568 424 THEOLOGI
3641 382 3712 445 ao

551 462 709 532 titur,
742 482 862 533 nec,
900 468 943 523 si
971 471 1103 525 nihil
1129 471 1297 540 aliud,
1325 480 1660 547 propositum
1689 484 1789 539 sibi
1820 499 1970 543 certe
1995 489 2112 544 libe.

2232 493 2611 563 προεισφέρειν
2636 492 2731 546 τοῦ
2757 495 2934 547 ὲκεῖσε
2960 493 3119 564 λόγου
3141 493 3249 566 (46)
3269 494 3367 566 τὴν
3399 496 3601 553 ἐντεῦθεν
3625 523 3713 578 χρη.

552 557 685 612 ralis
709 573 838 629 erga
867 561 1005 616 alios
1031 564 1197 620 animi
1231 569 1537 639 exemplum
1563 576 1830 644 sequitur.
1861 579 2033 645 Quam
2059 581 2128 634 ob

2237 583 2492 662 σῖάῖηῖα·

552 652 1049 758 causam'dpminus
1074 657 1154 711 ira
1179 673 1570 720 commovetur.
1623 668 1754 724 Nam
1789 688 1908 739 quae
1939 683 2122 743 postea
2166 655 2488 746 sequuntur,
2539 680 2755 736 silentio
2813 682 3123 750 praeteribo.
3174 681 3405 737 Tantum
3443 683 3528 740 hoc
3559 689 3712 758 dicam,

549 741 947 799 conducibilius
978 749 1202 804 omnino
1229 765 1350 808 esse
1373 796 1389 822 ,
1420 767 1479 810 ut
1506 758 1822 832 priusquam
1855 764 1906 817 in
1943 764 2114 821 altero
2142 769 2340 824 saeculo
2371 770 2494 826 vita:
2518 774 2757 828 rationes
2787 773 3104 839 referamus,
3158 773 3317 845 hujus
3378 774 3491 830 vita:
3541 776 3713 851 benigni-

551 839 716 887 tatem
755 837 1146 906 impendamus.

619 933 780 1005 325
811 936 920 991 ΧΗ.
952 939 1089 1005 Quid
1117 944 1243 999 ais?
1283 945 1420 1000 Num
1455 958 1507 1002 te
1537 948 1622 1004 his
1654 954 1994 1010 sermonibus
2025 972 2118 1010 ca-

547 1033 700 1092 ptum
737 1035 1014 1098 tenemus,
1053 1047 1282 1100 quorum
1321 1047 1372 1092 te
1414 1054 1596 1094 amore
1631 1041 1949 1098 inllammari
1981 1061 2123 1117 smpe

549 1112 833 1175 confessus
863 1133 955 1184 es,
987 1121 1360 1188 praefectorum
1390 1128 1594 1196 optime
1618 1170 1633 1194 ,
1669 1143 1832 1200 atque
1856 1173 1871 1197 ,
1914 1112 2118 1191 utinam

547 1207 747 1263 addere
782 1209 976 1277 liceat,
1030 1215 1487 1274 clementissime?
1531 1220 1667 1276 Num
1713 1223 1810 1278 tibi
1861 1237 2118 1295 prmterea

547 1300 810 1367 supplicis
860 1304 1136 1373 cujusdam
1183 1306 1346 1363 libelli
1404 1311 1522 1366 loco
1569 1315 1796 1370 canities
1839 1320 1952 1372 hrec
1986 1320 2119 1375 oll'e-

548 1395 712 1448 renda
743 1396 866 1461 erit,
900 1407 1064 1468 atque
1091 1417 1358 1458 annorum
1386 1423 1662 1476 numerus,
1694 1411 2120 1484 diuturnumque

548 1496 602 1537 et
634 1485 771 1540 labis
803 1503 999 1558 expers
1029 1494 1131 1548 hoc
1160 1499 1562 1565 sacerdotium,
1594 1506 1736 1573 quod
1778 1505 1875 1574 ipsi
1907 1523 2119 1578 quoque

546 1578 754 1646 angeli,
791 1583 906 1649 puri
941 1585 1214 1652 purissimi
1253 1590 1342 1644 Dei
1374 1593 1614 1650 cultores
1639 1635 1655 1660 ,
1689 1605 1944 1668 tanquam
1974 1601 2118 1670 ipso-

547 1685 666 1724 rum
722 1673 885 1728 cultui
941 1678 1164 1735 minime
1216 1682 1428 1754 impar,
1485 1685 1718 1744 fortasse
1769 1695 2119 1750 veneratione

2302 957 2401 1010 IB’.
2433 956 2499 1009 Τί
2540 958 2682 1027 φής;
2721 958 2957 1029 Ἕχομέν
2989 976 3047 1012 σε
3088 960 3200 1023 τοῖς
3242 958 3419 1026 λόγοις
3455 958 3636 1027 τούτοις,
3665 957 3715 1016 ὧν

2228 1047 2463 1119 ἐραστὴς
2501 1042 2639 1102 εἶναι
2680 1048 2941 1111 πολλάκις
2973 1047 3454 1119 καθωμολόγησας,
3479 1042 3718 1107 ὧκὰλλιττε

2228 1140 2523 1211 ἀρχόντων,
2565 1142 2648 1211 εἴη
2679 1141 2735 1193 δὲ
2781 1139 3095 1211 προσθεῖναι
3119 1140 3250 1211 (47),
3304 1140 3397 1192 καὶ
3445 1143 3715 1214 ἡμερώτατες

2229 1231 2298 1282 Ἦ
2328 1231 2428 1296 δεῖ,
2456 1232 2548 1284 καὶ
2571 1232 2668 1303 τὴν
2696 1232 2883 1285 πολιὰν
2901 1232 3009 1303 (48)
3043 1250 3124 1284 σοι
3149 1233 3354 1302 ταύτην
3379 1233 3489 1285 ἀνθ’
3512 1237 3721 1309 ἱκετηρίας

2226 1324 2616 1392 προσαγαγεῖν,
2663 1322 2757 1374 καὶ
2803 1321 2895 1374 τὸν
2940 1319 3049 1373 τῶν
3095 1320 3233 1374 ἐτῶν
3284 1319 3523 1390 ἀριθμὸν,
3550 1325 3622 1377 καὶ
3652 1327 3719 1396 τὴν

2228 1411 2446 1483 μακρὰν
2477 1410 2773 1482 ἱερωσύνην
2806 1412 2900 1464 καὶ
2927 1411 3152 1465 ἄσπιλον
3180 1411 3404 1482 ταύτην,
3432 1412 3491 1482 ἦν
3517 1414 3722 1470 αἰδοῦνται

2220 1505 2383 1575 τυχὸν
2427 1505 2524 1558 καὶ
2569 1503 2809 1573 ἄγγελοι,
2856 1502 3112 1575 καθαρῶς
3162 1502 3240 1572 τῷ
3285 1503 3621 1576 καθαρωτάτῳ
3662 1508 3718 1559 λα-

2224 1596 2526 1666 τρεύοντες,
2577 1596 2652 1660 ὡς
2694 1596 2795 1664 τῆς
2831 1596 3040 1649 ἑαυτῶν
3086 1595 3340 1666 λατρείας
3389 1597 3549 1660 ἀξίαν.
3589 1601 3723 1656 milia».

2224 1690 2392 1743 ταῦτα
2413 1707 2427 1754 ;
2446 1690 2478 1760 ἦ
2494 1692 2553 1742 τι·
2563 1687 2730 1758 τολμή
2741 1706 2816 1740 σω
2833 1686 3016 1758 μεῖζον
3030 1688 3140 1758 (49)
3161 1706 3174 1753 ;
3199 1688 3467 1759 τολμηρὸν
3488 1688 3536 1741 δέ
3551 1708 3603 1759 με
3625 1695 3724 1743 ποιεί

547 1778 971 1835 prosequuntur.
1002 1771 1138 1828 Num
1185 1775 1298 1830 haec
1340 1787 1391 1833 te
1439 1784 1792 1848 permovent?
1829 1785 1910 1838 An
1945 1787 2112 1857 majus

2223 1783 2283 1835 τὸ
2307 1781 2507 1850 ἀλγεῖν.
2527 1780 2759 1852 Χριστὸν
2775 1781 3036 1852 προσάγω
3066 1797 3146 1832 σοι
3165 1779 3295 1851 (50).
3323 1781 3418 1833 καὶ
3441 1778 3526 1851 τὴν
3547 1779 3723 1853 Χριστοὶ

547 1857 750 1927 aliquid
786 1863 1088 1920 audendum
1136 1869 1283 1923 erit?
1326 1873 1599 1928 Audacem
1633 1883 1811 1930 autem
1843 1893 1928 1931 me
1967 1880 2120 1936 dolor

545 1947 733 2004 eﬂicit.
763 1953 1037 2010 Christum
1068 1959 1162 2014 tibi
1195 1959 1389 2026 offero,
1416 1965 1616 2021 Christi
1646 1985 1741 2036 pro
1768 1971 1920 2028 nobis
1950 1975 2119 2027 inani-

548 2039 770 2107 tionem,
803 2055 855 2100 et
882 2047 1200 2117 impatibilis
1227 2057 1530 2125 passiones,
1574 2070 1627 2114 et
1657 2077 1894 2130 crucem,
1922 2075 1976 2118 et
2008 2066 2119 2119 ela-

548 2145 666 2196 vos,
695 2134 894 2201 quibus
925 2150 1154 2208 peccato
1188 2145 1395 2200 solutus
1425 2162 1542 2201 sum
1568 2189 1583 2214 ,
1611 2161 1663 2204 et
1689 2152 2037 2220 sanguinem,
2065 2165 2119 2209 et

543 2222 876 2290 sepulturam
900 2265 917 2293 ,
955 2237 1009 2282 et
1054 2234 1548 2302 resurrectionem,
1599 2248 1654 2291 et
1707 2243 2116 2307 ascensionem,

543 2326 707 2386 atque
749 2321 885 2375 adeo
920 2327 1160 2380 mensam
1211 2327 1386 2394 hanc,
1435 2330 1502 2384 ad
1551 2347 1710 2401 quam
1759 2338 2119 2392 communiter

543 2409 854 2466 accedimus
874 2453 890 2478 ,
918 2415 1217 2486 salutisque
1247 2436 1380 2476 meae
1409 2433 1563 2494 typos
1591 2465 1606 2490 ,
1633 2440 1769 2495 quos
1803 2429 1988 2482 eodem
2022 2446 2117 2486 ore

541 2515 775 2571 perago,
805 2519 912 2574 quo
945 2507 1085 2562 hanc
1116 2512 1182 2562 ad
1219 2522 1270 2564 te
1297 2512 1734 2582 deprecationem
1774 2517 1911 2573 obeo
1931 2558 1946 2582 ,
1981 2519 2114 2584 hoc,

543 2593 788 2664 inquam,
818 2613 1224 2656 sacrosanctum
1251 2613 1413 2674 atque
1445 2606 1496 2658 in
1530 2607 1723 2660 cazlum
1757 2624 1854 2663 nos
1883 2611 2118 2666 evehens

543 2688 883 2756 mysterium.

617 2777 752 2835 Xlll.
811 2780 963 2848 Quod
1006 2785 1052 2840 si
1095 2801 1202 2841 non
1237 2797 1462 2858 propter
1487 2805 1648 2844 unum
1677 2806 1743 2845 ex
1777 2791 1892 2856 his,
1927 2793 2114 2847 saltem

541 2881 762 2940 propter
786 2876 968 2930 omnia
992 2916 1008 2940 ,
1045 2878 1110 2931 da
1139 2880 1279 2934 hanc
1306 2881 1570 2951 gratiam,
1605 2892 1658 2936 et
1696 2884 1891 2947 nobis.
1927 2895 1982 2940 et
2021 2885 2114 2939 tibi

540 2962 668 3030 ipsi,
703 2975 758 3018 et
788 2967 1099 3024 domesticae
1123 2971 1378 3026 Ecclesia:
1404 2984 1524 3037 tuae,
1557 2984 1717 3044 atque
1742 2976 1864 3029 huic
1892 2977 2116 3045 pulchro

539 3056 743 3114 Christi
771 3061 972 3126 coetui;
1007 3063 1070 3117 de
1095 3079 1202 3132 quo
1229 3066 1302 3120 ita
1332 3066 1491 3120 velim
1519 3068 1819 3131 existimes,
1866 3083 1990 3122 eum
2018 3068 2113 3124 tibi

2223 1872 2451 1928 κένωσιν
2481 1873 2578 1944 τὴν
2611 1872 2752 1943 ὑπὲρ
2797 1871 2972 1943 ἡμῶν,
3007 1872 3098 1924 καὶ
3126 1872 3195 1924 τὰ
3226 1871 3322 1924 τοῦ
3352 1872 3578 1936 ἀπαθοῦς
3603 1875 3723 1944 πάθη.

2221 1967 2315 2022 καὶ
2337 1967 2426 2020 τὸν
2452 1965 2700 2037 σταυρὸν,
2733 1967 2826 2018 καὶ
2851 1964 2976 2028 τοὺς
3003 1963 3186 2035 ἥλους,
3232 1959 3313 2027 οἷς
3339 1963 3526 2034 ἐλύθην
3553 1965 3640 2033 ἐγὼ
3657 1967 3725 2036 τῆς

2219 2055 2530 2127 ἁμαρτίας·
2566 2055 2659 2109 κα)⁵
2709 2053 2767 2106 τὸ
2811 2048 2971 2124 αἷμα,
3028 2053 3121 2106 καὶ
3162 2054 3263 2125 τὴν
3310 2053 3507 2124 ταφὴν,
3551 2056 3627 2108 καὶ
3659 2057 3726 2126 τὴν

2218 2148 2512 2201 ἀνάστασιν
2536 2147 2669 2218 (Si),
2703 2146 2797 2199 καὶ
2822 2146 2919 2216 τὴν
2949 2145 3156 2211 ἄνοδον,
3195 2147 3226 2216 ἦ
3263 2146 3357 2198 καὶ
3391 2145 3487 2216 τὴν
3512 2147 3727 2218 τράπεζαν

2216 2237 2441 2307 ταύτην,
2533 2240 2683 2307 κοινῇ
2716 2237 2982 2307 πρόσιμεν
3007 2253 3020 2266 °
3054 2237 3148 2289 καὶ
3181 2237 3308 2300 τοὺς
3336 2235 3534 2299 τύπους
3554 2237 3643 2307 (5‘2)
3662 2239 3731 2307 τῆς

2219 2328 2357 2400 ἐμῆς
2386 2329 2679 2400 σωτηρίας,
2719 2327 2813 2392 οὒς
2842 2328 2949 2382 ἀπὸ
2985 2328 3080 2381 τοῦ
3123 2328 3288 2382 αὑτοῦ
3331 2326 3470 2381 τελῶ
3505 2329 3728 2399 στόματος,

2220 2422 2313 2490 ἀφ’
2339 2413 2398 2473 οὗ
2428 2420 2602 2474 ταῦτα
2633 2420 2768 2491 πρὸς
2803 2419 2862 2473 σὲ
2891 2419 3200 2490 πρεσϐεύω,
3230 2421 3332 2492 τὴν
3385 2421 3530 2491 ἱερὰν
3555 2422 3632 2475 καὶ
3653 2423 3733 2476 ἄνω

2220 2513 2492 2584 φέρουσαν
2519 2513 2665 2584 ἡμᾶς
2706 2511 3096 2583 μυσταγωγίαν

2291 2789 2387 2842 II".
2420 2790 2482 2841 Εί
2531 2791 2624 2843 καὶ
2661 2789 2735 2859 μὴ
2788 2789 2854 2842 δι’
2888 2788 2946 2842 ἓν
2979 2788 3089 2858 (55)
3125 2787 3360 2852 τούτοιν,
3412 2787 3521 2841 ἀλλ’
3555 2782 3632 2841 οὖν
3657 2787 3735 2855 (51)

2217 2881 2304 2935 διὰ
2337 2883 2535 2946 πάντα,
2567 2882 2656 2946 δὸς
2688 2882 2781 2935 καὶ
2820 2885 2956 2953 ἡμῖν
2985 2880 3076 2935 καὶ
3110 2883 3320 2953 σεαυτῷ
3345 2883 3459 2954 (55)
3488 2884 3576 2955 τὴν
3603 2885 3734 2952 χάριν,

2217 2975 2312 3028 καὶ
2345 2978 2410 3045 τῇ
2435 2973 2543 3044 (56)
2580 2976 2699 3028 κατ’
2731 2971 2878 3028 οἶκόν
2913 2992 3007 3027 σου
3057 2975 3380 3047 Ἐκκλησία,
3421 2974 3602 3044 καὶτῷ
3629 2974 3741 3043 καλῷ

2215 3066 2391 3136 τούτῳ
2443 3065 2678 3136 Χριστοῦ
2732 3064 3088 3136 πληρώματιο
3133 3067 3161 3120 ὃ
3207 3067 3433 3136 νόμισον
3483 3069 3602 3138 ἡμῖν
3644 3083 3739 3134 ςυμ-

539 3148 820 3205 nobiscum
848 3154 1142 3224 supplicem
1175 3171 1318 3224 esse,
1355 3159 1566 3214 tametsi
1601 3159 1861 3214 obeundae
1891 3161 2112 3230 legatio-

2223 3155 2570 3228 πρεσϐεύειν,
2604 3158 2653 3209 εἰ
2686 3157 2780 3208 καὶ⁹
2811 3158 2941 3228 ἡμῖν
2973 3161 3298 3229 παραχωρεῖ
3333 3159 3438 3229 τῆς
3487 3156 3740 3229 πρεσϐείας,

539 3241 626 3295 nis
676 3259 902 3299 munere
946 3247 1103 3302 nobis
1147 3250 1334 3315 cedat,
1364 3260 1425 3304 ut
1467 3251 1726 3321 majorem
1769 3252 1909 3320 apud
1943 3253 2115 3316 te,ob

539 3337 831 3392 sacerdotii
862 3339 1209 3409 dignitatem,
1242 3357 1347 3412 qua
1375 3361 1404 3397 a
1435 3345 1545 3400 Deo
1568 3344 1745 3398 ornati
1775 3359 1983 3409 sumus,
2017 3361 2115 3399 au-

535 3427 846 3484 ctoritatem
871 3431 1136 3488 habituris
1163 3450 1177 3499 ;
1208 3433 1420 3489 neillud
1449 3436 1611 3490 etiam
1640 3437 1988 3504 dicam,quod
2014 3437 2116 3490 im-

535 3521 670 3587 perii
704 3520 821 3591 lege
847 3523 1185 3591 prohibetur.
1220 3525 1333 3581 llac
1361 3543 1464 3579 una
1501 3543 1556 3580 re
1585 3527 1810 3595 pulchre
1842 3529 2111 3596 vincaris;

535 3611 871 3682 benignitate
897 3631 994 3672 nos
1021 3633 1237 3687 supera.
1274 3619 1353 3674 En
1385 3621 1515 3684 tibi,
1541 3635 1722 3674 coram
1759 3621 1898 3685 Deo,
1927 3631 1981 3674 et
2015 3636 2112 3674 au-

535 3703 700 3773 gelis,
749 3716 806 3761 et
851 3723 1016 3777 regno
1041 3711 1341 3776 caelorum,
1395 3711 1646 3781 illiusque
1688 3713 1812 3767 vitae
1853 3713 2110 3782 praemiis,

536 3797 802 3866 supplices
834 3815 984 3856 meos
1012 3802 1201 3858 oll'ero.
1242 3803 1428 3858 Fidem
1463 3819 1637 3859 meam
1675 3805 1878 3859 honora
1903 3845 1918 3869 ,
1949 3821 2109 3874 quant

533 3889 668 3945 mihi
695 3895 1040 3948 commissam
1087 3895 1206 3950 aliis
1241 3896 1484 3951 commisi
1516 3913 1531 3950 :
1568 3897 1642 3950 ita
1674 3897 1798 3962 ﬁet,
1842 3905 1901 3951 ut
1932 3906 1986 3951 et
2019 3904 2110 3950 tua

535 4071 953 4195 ε³⁸(46)Λόγου.
1002 4075 1152 4131 Unus
1197 4076 1431 4149 Regius,
1484 4077 1672 4144 ὲλὲου,
1721 4096 1741 4129 r
1802 4077 2116 4134 misericor-

574 4157 702 4195 ne.»

574 4157 657 4194 lil‘.
683 4163 702 4195 ι

606 4215 718 4278 (47)
757 4217 1129 4280 Προσθεῖναι.
1165 4217 1257 4273 Or.
1285 4219 1322 4273 2
1349 4220 1518 4283 addit,
1547 4221 1648 4273 ὅτι.

606 4284 718 4356 (48)
765 4285 883 4352 Τὴν
933 4287 1174 4352 πολιᾶν,
1213 4309 1230 4340 ι
1263 4291 1537 4356 canitiem,
1566 4311 1584 4342 ›
1633 4298 1738 4344 etc.
1776 4287 1872 4346 His
1932 4293 2113 4347 verbis

539 4371 558 4405 ι
586 4366 795 4430 patrem
827 4373 979 4430 suum
1013 4361 1270 4430 [indicat
1308 4358 1622 4430 Gregorius.

755 4426 983 4500 Μεῖζον.
1019 4427 1114 4483 Or.
1141 4429 1194 4494 ‘2,
1230 4431 1324 4483 mi.
1359 4426 1560 4500 μεῖζον.

604 4497 716 4568 (50)
752 4497 1042 4571 Προσάγει)
1081 4514 1198 4553 σοι.
1236 4497 1469 4571 Sic_ires
1508 4503 1683 4569 Colb.,
1721 4502 1888 4559 Coisl.
1922 4503 1978 4571 ‘l,
2008 4502 2102 4560 0r.

529 4565 584 4631 2,
611 4565 717 4654 etc:
750 4565 946 4654 med...
969 4565 1294 4654 ’προσάγωσι
1329 4565 1679 4654 [perperam].

604 4638 716 4709 (51)
762 4639 879 4709 Τὴν
915 4638 1274 4696 ἀνάστασιν.
1329 4638 1539 4711 Dillius,
1580 4663 1599 4695 ι
1628 4638 1859 4700 reditum
1909 4647 1978 4701 ad
2024 4647 2106 4701 vi-

532 4719 662 4763 tam.
687 4731 704 4761 ι

604 4779 714 4851 (ὅέ)
755 4781 864 4836 Καὶ
919 4783 1060 4850 τοὺς
1109 4784 1378 4850 nidove;
1407 4786 1553 4847 etc.,'
1587 4805 1605 4837 ι
1635 4795 1689 4840 et
1734 4786 1924 4841 salutis
1975 4804 2108 4844 mea:

530 4859 750 4920 typos.»
809 4852 1019 4923 f‘fullum
1090 4856 1398 4923 scrupulum
1457 4872 1676 4910 movere
1743 4856 1941 4912 debent
1991 4858 2106 4914 haec

529 4923 716 4975 Verba.
757 4943 775 4975 ι
799 4922 929 4994 Typi
952 4946 969 4976 ι
1015 4922 1232 4995 quidem
1264 4935 1392 4980 sunt
1434 4937 1489 4980 et
1526 4945 1544 4978 ι
1576 4927 1754 4995 signa;
1783 4947 1802 4978 ι
1845 4929 1939 4982 sed
1987 4947 2005 4979 ‹
2035 4930 2107 4981 si-

531 5008 633 5060 gna
658 5013 676 5045 ι
714 5009 892 5050 rerum
931 4997 1295 5063 praesentium.
1332 4995 1427 5049 llis
1459 4997 1683 5052 vocibus
1719 4999 1801 5053 usi
1848 5006 1973 5052 sunt
2001 4998 2100 5054 SS.

528 5063 740 5126 l'atres,
773 5073 824 5118 et
862 5084 879 5116 ι
913 5066 1048 5120 nihil
1095 5065 1239 5120 aliud
1274 5066 1599 5133 intelligunt,
1627 5087 1646 5120 ι
1683 5069 1855 5136 inquit
1894 5068 2100 5135 Billtus,

536 5153 554 5184 ‹
589 5149 750 5204 quam
798 5149 1003 5204 partem
1066 5136 1393 5191 sacramenti
1422 5152 1542 5205 qua:
1573 5142 1626 5193 in
1671 5139 1950 5194 oculorum
1981 5155 2104 5194 sen-

528 5221 649 5278 sum
699 5209 862 5261 cadit.
891 5228 910 5260 ι
962 5207 1055 5261 Sic
1102 5207 1155 5260 iu
1194 5205 1555 5270 Eucharistia,
1602 5211 1812 5277 species
1847 5211 1999 5278 panis
2049 5221 2103 5265 et

528 5277 795 5349 vinisunt
828 5295 846 5327 ι
879 5281 989 5347 typi
1013 5297 1031 5329 ι
1065 5293 1158 5332 seu
1193 5296 1211 5328 ι
1243 5279 1391 5347 signa
1418 5299 1435 5328 ι
1472 5281 1714 5348 corporis
1740 5289 1795 5333 et
1826 5277 2103 5349 sanguinis

527 5346 729 5418 Christi
782 5346 998 5402 realiter
1043 5357 1096 5403 et
1147 5346 1583 5404 substantialiter
1624 5346 2098 5418 praisentisfltem

529 5417 630 5490 alia
663 5418 845 5490 munia
882 5420 1342 5490 sacramentauita
1379 5429 1503 5472 sunt
1539 5437 1558 5470 ι
1594 5417 1704 5490 typi
1730 5439 1748 5470 ι
1781 5420 1864 5473 vel
1899 5439 1918 5471 ι
1947 5422 2098 5490 signa

527 5488 734 5553 salutis,
766 5499 823 5541 ut
850 5505 967 5544 eam
997 5489 1154 5543 simul
1185 5487 1421 5543 efﬁciant
1443 5500 1496 5540 et
1523 5487 1880 5555 significent.»

599 5557 710 5626 (55,
751 5561 818 5611 El
848 5560 944 5612 καὶ
971 5561 1056 5629 μὴ
1080 5559 1156 5612 δι’
1184 5559 1274 5624 ἓν,
1301 5571 1404 5613 etc.
1440 5557 1652 5613 Billius:
1684 5577 1702 5607 ι
1734 5559 1888 5625 Quod
1913 5562 1955 5615 si
1986 5564 2100 5616 haec

525 5628 732 5692 singula
775 5628 1146 5700 minus’apud
1199 5638 1250 5684 te
1312 5630 1514 5697 valent,
1549 5638 1605 5684 at
1644 5631 1897 5687 universa
1952 5643 2099 5690 certe

525 5702 760 5751 valeant.
786 5717 803 5748 ι

599 5769 708 5839 (ἷὶρῖι
753 5764 892 5822 Οῧν.
931 5769 1086 5823 Deest
1113 5772 1165 5824 in
1200 5770 1367 5839 Regg.
1395 5789 1444 5837 a,
1479 5775 1590 5836 bm,
1619 5780 1673 5826 et
1703 5773 1794 5827 0r.
1825 5773 1881 5828 2,

596 5838 706 5909 (55)
744 5839 1000 5905 Σεαυτῲ.
1038 5845 1128 5898 Sic
1160 5840 1251 5898 0r.
1279 5838 1333 5899 ‘2.
1360 5843 1416 5898 lu
1450 5846 1559 5913 ed.,
1590 5842 1787 5914 σαυτῷ.

2217 3249 2293 3310 ὼς
2319 3246 2765 3318 αἱδεσιμωτέροις
2795 3244 2904 3317 (57)
2943 3247 3032 3300 διὰ
3063 3248 3154 3301 τὸν
3191 3249 3523 3319 τιμήσαντα,
3557 3249 3637 3300 καὶ
3659 3247 3741 3313 ἅμα

2215 3339 2294 3410 τῷ
2326 3342 2422 3409 τῆς
2451 3339 2624 3410 ἀρχῆς
2643 3339 2750 3410 (58)
2784 3338 2932 3410 νόμῳ
2974 3339 3350 3410 κατείργεται.
3394 3341 3490 3392 ’Ἑν
3510 3337 3648 3391 τοῦτο
3670 3354 3742 3388 κα-

2217 3431 2324 3495 λῶς
2379 3432 2674 3502 ήττήθητιο
2724 3431 2944 3502 νίκησον
3004 3433 3151 3502 ἡμᾶς
3207 3431 3597 3501 φιλανθρωπία.
3649 3428 3743 3480 'léoii

2217 3523 2479 3594 προσάγω
2514 3539 2596 3576 σοι
2639 3524 2764 3586 τοὺς
2796 3525 2961 3593 ἐμοὺς
3007 3524 3188 3586 ἱκέτας
3222 3523 3465 3576 ἐναντίον
3503 3519 3647 3580 θεοῦ,
3677 3518 3748 3569 καὶ

2217 3617 2483 3686 ἀγγέλων,
2534 3617 2627 3670 καὶ
2662 3615 2939 3687 βασιλείας
2986 3617 3250 3687 οὐρανῶν,
3296 3617 3396 3670 καὶ
3445 3615 3542 3685 τῆς
3578 3608 3747 3664 ἓκείθεν

2217 3709 2642 3773 ἀνταποδόσεως,
2692 3709 2938 3780 Τίμησον
2979 3709 3080 3779 τὴν
3145 3709 3280 3780 ἐμὴν
3334 3708 3518 3761 πίστιν
3543 3706 3659 3776 (59),
3694 3703 3743 3771 ἣν

2217 3802 2540 3872 ἐπιστεύθην
2569 3819 2628 3854 τε
2665 3802 2758 3855 καὶ
2797 3803 3124 3854 ἐπίστευσα·
3161 3803 3237 3866 ὡς
3279 3802 3349 3855 ἂν
3391 3802 3488 3855 καὶ
3530 3796 3750 3871 nequit)?

2217 3896 2472 3968 τιμηθείη
2509 3897 2639 3969 περὶ
2677 3896 2742 3950 τὰ
2777 3897 2948 3967 μείζω
2995 3898 3089 3950 καὶ
3119 3895 3451 3968 τελεώτερα.
3488 3895 3748 3964 Κεφαλαιον

2299 4078 2409 4150 (56)
2448 4080 2558 4134 Καὶ
2593 4076 2689 4146 τῇ,
2722 4088 2828 4133 etc.
2863 4078 2952 4134 Sic
2981 4078 3139 4134 codd.
3171 4097 3227 4134 τι
3253 4087 3309 4150 et
3341 4076 3640 4132 domestica:
3673 4073 3748 4126 Ec-

2219 4149 2397 4205 clesia:
2443 4161 2564 4204 tuze.
2593 4170 2610 4201 ι
2653 4149 2762 4225 llic
2788 4152 3037 4225 praefecti
3078 4168 3096 4200 ι
3129 4149 3753 4225 farniliam,_i_qu:e,_nu-

2221 4237 2370 4275 mero
2391 4230 2445 4274 et
2466 4218 2977 4296 pietate,_Ec'clesi:e
3013 4218 3594 4296 formamet:bibebat,
3623 4218 3753 4296 signi-

2220 4292 2382 4346 ﬁcare
2422 4283 2630 4346 videtur
2677 4283 2995 4358 Gregorius,
3039 4305 3143 4343 non
3195 4309 3214 4341 ‹
3247 4289 3638 4343 Nazianzenain
3677 4283 3751 4336 Ec-

2212 4363 2452 4426 clesiam,
2500 4381 2518 4412 ι
2549 4372 2607 4414 ιιι
2637 4372 2786 4438 putat
2815 4362 2981 4438 Elius.
3009 4360 3289 4438 _Si_quidem
3340 4361 3419 4438 in‘
3449 4361 3532 4412 his
3562 4371 3754 4438 seque"-

2211 4433 2354 4485 tihus
2400 4434 2607 4496 verbis,
2639 4429 2751 4510 ίκαῖι
2809 4431 2888 4501 τῷ
2920 4429 3096 4510 ’καλῷ
3134 4430 3326 4510 τούτῳ.
3371 4429 3609 4510 Χριστοῦ
3649 4429 3753 4506 πλη-

2212 4503 2457 4573 ρώματι,
2513 4513 2622 4573 cet
2654 4503 2778 4556 huic
2844 4503 3068 4570 pulchro
3128 4501 3336 4573 Christi
3378 4501 3618 4573 ablui.)
3669 4501 3754 4573 ἱνξέ·

2133 4567 2521 4641 υἱιρέίςιιίιιυτ
2582 4567 2924 4628 Nazianzena
2996 4573 3256 4627 Ecclesia.
3321 4570 3381 4625 In
3449 4571 3636 4632 editis,
3680 4567 3755 4634 τὴν

2205 4645 2295 4700 τῆ.
2327 4655 2429 4700 etc.

2241 4661 2525 4784 ῃξῦἓῖοὩς
2548 4713 3047 4784 αὶδεσιμωτέροις,
3078 4721 3182 4766 etc.
3218 4711 3336 4766 Non
3394 4711 3537 4784 bene
3580 4708 3751 4766 Billius,

2213 4803 2231 4836 ι
2259 4781 2315 4838 ut
2350 4781 2606 4856 majorem
2635 4781 2776 4854 apud
2810 4781 2938 4849 te,a
2978 4799 3084 4852 quo
3118 4784 3323 4856 honore
3353 4781 3537 4856 αἰτεοιί
3577 4792 3750 4834 sumus.

2207 4852 2583 4910 auctoritatem
2643 4852 2979 4909 habituris.»
3035 4854 3268 4907 Ascribit
3329 4852 3602 4921 siquidem
3644 4864 3752 4918 pra:-

2204 4925 2444 4998 leetoid,
2474 4929 2626 4998 quod
2647 4925 2938 4998 Gregorius
2969 4925 3077 4978 Deo
3091 4924 3320 4998 _t_ribuit.
3371 4993 3385 4998 _
3700 4989 3708 4998 ι

2278 4996 2388 5066 (58)
2433 4991 2515 5062 Τῷ
2554 4995 2664 5064 τῆς
2707 4991 2919 5065 ἀρχῆς,
2949 5006 3053 5050 etc.
3091 4991 3321 5066 Vetabat
3371 4993 3462 5046 lex
3515 4991 3748 5065 praetoris.

2209 5064 2339 5120 net
2371 5064 2598 5138 populus
2651 5064 2933 5136 legationis
2986 5080 3207 5118 munere
3269 5064 3618 5138 {tingere-tur,
3661 5064 3753 5138 quia

2205 5152 2309 5189 non
2335 5135 2732 5204 permittebat,»
2760 5139 2932 5207 inquit
2953 5137 3118 5198 Elias,
3144 5154 3162 5186 ι
3187 5144 3243 5189 ut
3265 5135 3560 5204 quisquam
3585 5135 3753 5186 ordinas

2203 5207 2284 5260 sui
2319 5210 2449 5261 lines
2481 5208 2796 5262 transiliret.
2835 5227 2853 5259 ι

2275 5277 2384 5348 (59)
2431 5278 2690 5346 Τίμησον
2740 5279 2856 5347 τὴν
2899 5276 3054 5347 ἐμὴν
3098 5278 3326 5341 πίστιν.
3371 5288 3498 5349 elc_.r
3525 5295 3545 5328 ‹
3572 5271 3750 5349 Honor:

2201 5347 2372 5401 ﬁdem
2394 5364 2604 5413 meam;
2647 5349 2943 5403 secundum
2975 5364 3157 5418 quam,
3183 5369 3202 5401 ›
3237 5350 3393 5418 juxta
3442 5347 3634 5406 Eliam,
3670 5359 3686 5390 ι
3709 5347 3751 5389 ii-

2202 5417 2338 5471 delis
2369 5434 2432 5472 ac
2472 5433 2632 5472 verax
2669 5433 2790 5473 esse
2822 5418 2945 5472 huic
2982 5417 3174 5489 populo
3207 5417 3456 5474 creditus
3488 5433 3631 5478 sum,
3656 5426 3747 5464 cum

2201 5489 2435 5543 dicerem
2472 5491 2693 5542 omnino
2723 5499 2772 5542 te
2812 5489 2967 5544 nobis
3009 5491 3750 5558 obtemperaturum,;quu_lqme

2201 5559 2304 5613 [ide
2342 5559 2543 5613 credidi
2593 5567 2643 5612 te
2697 5574 2794 5613 nos
2837 5554 3234 5622 exauditurum,
3286 5571 3341 5612 ut
3397 5569 3459 5612 et
3512 5554 3599 5609 tua
3646 5554 3748 5604 ﬁdes

2199 5630 2511 5690 bonoretur,
2541 5644 2644 5697 qua
2686 5629 2935 5684 ﬁduciam
2964 5629 3280 5699 concepisti,
3310 5627 3614 5700 majoraite
3639 5625 3747 5678 bona

2196 5709 2611 5754 consecuturum
2646 5701 2890 5754 credens.
2916 5718 2937 5751 ›

2267 5769 2379 5839 (60)
2430 5771 2499 5824 Ἡ
2529 5767 2633 5842 σή.
2671 5770 2760 5824 Sic
2788 5768 2920 5842 Reg.
2956 5771 3064 5838 bm,
3097 5769 3258 5826 Coisl.
3292 5771 3314 5826 i
3346 5779 3407 5826 et
3437 5767 3497 5834 2,
3527 5766 3615 5822 0r.
3638 5762 3683 5826 Ξ,
3707 5768 3746 5811 ει

2195 5839 2317 5898 Par.
2343 5843 2499 5900 Deest
2527 5841 2582 5896 in
2606 5842 2782 5898 editis.
