3852 6408
511 244 618 302 985
1721 250 1779 308 S.
1822 251 2152 309 GREGORII
2193 251 2542 310 TIIEOIuOGI
3649 255 3730 314 εει

513 367 797 439 veniant,
833 378 1024 449 atque
1073 372 1249 434 illius
1286 372 1673 435 ordiuationi
1710 376 1807 435 sin
1845 376 2080 441 minus.
2112 377 2300 437 istius
2333 383 2500 438 certe
2529 373 2744 435 funeri
2779 374 3034 437 affuerit
3092 373 3396 446 Basilius,
3436 389 3563 435 non
3602 377 3733 440 male

516 449 1223 532 conjicituraGregorii
1279 454 1474 528 patris
1526 454 1771 515 obitum
1828 458 2156 531 funusque
2197 463 2334 532 post
2383 454 2656 516 hiemem
2692 456 2842 515 anni
2881 454 2998 515 37h
3029 453 3328 518 collocari
3371 469 3580 530 posse.
3635 456 3732 518 Nec

518 544 776 614 movere
819 529 1008 614 d_ehet
1059 529 1229 614 quod
1279 532 1345 614 in
1393 533 1654 614 Metireis
1707 533 1794 614 (ρ.
1849 535 1944 611 19)
1997 529 2248 610 legitur,
2305 552 2560 610 nempe,
2606 532 2915 614 Kalendis
2946 532 3246 614 {Januarii
3298 529 3560 614 grecoli
3622 550 3730 593 me-

517 607 779 667 moriam
835 609 1125 694 Gregorii
1160 612 1384 694 patris
1437 610 1550 694 hac
1597 613 1702 694 die
1735 607 1813 673 'in
1878 607 2028 694 pace
2063 607 2484 690 quiescentis.
2519 633 2549 668 ν
2604 607 2956 673 Ιηίὶτῑηυώ
2991 628 3254 694 prorsus
3306 610 3369 671 id
3402 617 3729 688 argumenti

513 702 742 766 genus,
804 689 975 765 quod
1030 706 1106 750 ex
1148 689 1274 766 jam
1327 690 1512 751 dictis
1560 693 1714 751 satis
1762 689 2152 752 confutatur.

593 765 704 826 IIl.
756 768 1059 840 Superest
1111 765 1316 829 adhuc
1368 778 1434 829 ut
1492 787 1686 829 unum
1725 779 1784 829 et
1837 771 2105 831 alterum
2140 773 2331 831 istius
2380 770 2686 832 orationis
2725 769 2935 831 locum
2970 768 3423 838 difﬁciliorem,
3464 785 3648 846 quam
3681 786 3734 831 ut

514 845 676 927 intra
740 853 1032 906 notarum
1091 850 1421 923 angustias
1474 848 1634 908 solvi
1674 849 1916 922 pOSsit,
1962 849 2400 911 enucleemus.
2443 852 2534 910 Ac
2582 851 2854 924 primum
2905 849 3166 927 quidem
3201 849 3276 908 de
3313 845 3730 925 Hyps’istariis.

519 925 579 1006 in
641 941 913 1006 quorum
950 943 1163 986 errore
1214 927 1587 987 versabatur
1632 928 1980 1004 Gregorius
2010 929 2248 996 senior,
2291 930 2661 1006 priusquam
2705 925 2956 989 Christo
2989 942 3222 988 nomen
3280 928 3484 996 daret,
3517 927 3731 996 aliquid
3800 971 3804 973 -

515 1002 830 1085 diearnus.
888 1005 1044 1064 Rara
1101 1006 1266 1078 apud
1307 1012 1553 1066 veteres
1600 1002 2146 1083 Hypsistariorum
2203 1002 2715 1072 méntioﬁNihil.
2766 1007 2947 1085 juxta
2995 1007 3354 1075 Suicerum,
3403 1007 3573 1085 apud
3605 1007 3734 1079 Epi-

520 1081 851 1164 phaniam,
906 1085 1366 1164 Augustinum,
1429 1081 1928 1154 Theodoretum,
1997 1086 2455 1147 Damascenum
2523 1092 2583 1147 et
2641 1081 2825 1157 alios,
2884 1087 2990 1164 qui
3054 1085 3204 1146 olim
3263 1086 3341 1144 de
3409 1084 3732 1164 breresilms

517 1161 936 1240 scrip-tet'ttrtt,
980 1163 1234 1236 legitur.
1273 1164 1517 1223 Horum
1563 1164 1821 1240 quidem
1864 1163 2236 1232 meminere,
2274 1172 2497 1240 praeter
2527 1161 2917 1240 Gregorium
2958 1178 3242 1224 nostrum
3281 1171 3338 1222 et
3370 1163 3734 1238 Nyssenum,

517 1239 884 1313 Hesrchius
921 1247 979 1300 et
1031 1242 1281 1302 Suidas.
1327 1244 1558 1302 Verum
1588 1239 1699 1303 isti
1754 1241 1916 1303 nihil
1953 1245 2228 1304 alferunt
2264 1239 2486 1318 praeter
2521 1239 2802 1303 nominis
2844 1244 3176 1310 rationem,
3213 1260 3281 1303 ac
3315 1241 3734 1319 Hypsistarios

515 1321 606 1377 sic
644 1322 846 1380 dictos
883 1321 1126 1390 volunt,
1161 1321 1333 1398 quod
1362 1345 1388 1374 «
1419 1323 1776 1386 Summum.
1819 1345 1846 1376 ι)
1892 1339 2003 1381 seu
2045 1345 2071 1376 ι(
2115 1323 2492 1398 Supremum
2527 1321 2810 1382 colerent
2854 1331 2912 1382 et
2948 1323 3337 1382 invocarent.
3365 1344 3395 1375 ι
3431 1320 3736 1395 NySSenus

515 1414 666 1455 vero
728 1399 784 1457 id
847 1417 1046 1478 unum
1117 1399 1306 1460 habet
1360 1402 1508 1477 (68),
1568 1403 1737 1478 quod
1782 1401 1902 1476 ipsi
1970 1400 2228 1477 quidem
2285 1422 2313 1456 ί(
2355 1401 2554 1462 Deum
2617 1418 2760 1461 esse
2807 1402 3283 1470 confiterentur,
3322 1416 3517 1478 «ptem
3572 1401 3738 1458 Altis-

515 1478 779 1557 simum.
813 1478 908 1538 vel
943 1477 1460 1556 Oannipotentem
1499 1482 1826 1549 vocabant,
1854 1480 2095 1539 Patrem
2126 1489 2339 1540 autem
2374 1480 2584 1557 ipsum
2620 1496 2762 1539 esse
2793 1497 2917 1539 non
2951 1479 3432 1557 admittebant.»
3459 1477 3520 1536 Si
3557 1485 3738 1538 tamen

516 1555 914 1632 The-alogum
968 1555 1329 1626 audiamus,
1386 1575 1460 1617 ex
1500 1559 1745 1618 duabus
1802 1560 1991 1618 rebus
2027 1557 2302 1620 maxime
2336 1555 2651 1634 oppositis
2680 1559 2990 1619 conﬂatus
3039 1565 3169 1616 erat
3208 1556 3736 1633 Hypsistariorum

516 1652 719 1713 error,
777 1636 1001 1713 partim
1050 1637 1293 1695 scilicet
1331 1654 1405 1696 ex
1453 1638 1674 1713 gentili
1734 1656 1971 1708 errore,
2023 1637 2248 1712 partim
2302 1654 2378 1697 ex
2418 1636 2597 1710 legali
2652 1637 2954 1696 vanitate.
3002 1635 3385 1710 Hypsistarii
3437 1636 3736 1707 siquidem

513 1711 687 1772 idola
731 1711 792 1774 et
840 1715 1143 1775 sacriﬁcia
1193 1711 1575 1791 rejiciontes,
1639 1738 1666 1770 α
1697 1716 1962 1791 ignem»
2024 1711 2230 1776 tamen
2289 1722 2352 1775 et
2397 1738 2425 1769 ‹‹
2465 1716 2810 1776 lucernas»
2857 1734 2999 1774 cum
3045 1715 3392 1789 gentilibus
3433 1715 3739 1782 colebant.-

517 1812 548 1855 ι
585 1793 1136 1854 circumeisionem
1183 1815 1210 1848 ι)
1267 1810 1414 1855 vero
1455 1803 1894 1871 aspernantes,
1932 1819 1958 1849 σ
1985 1795 2326 1855 Sabbatum
2363 1801 2421 1854 et
2446 1793 2731 1872 jejunam
2791 1795 3127 1872 quamdam
3161 1812 3191 1853 a
3233 1793 3568 1853 nonnullis
3601 1794 3738 1872 cibis

515 1872 963 1932 abstinentiam
997 1895 1024 1927 »
1060 1887 1201 1930 eum
1238 1872 1476 1931 Judmis
1518 1873 1965 1933 observabant.
2007 1875 2180 1936 Unde
2222 1873 2284 1931 hi
2322 1871 2546 1950 ahjecti
2582 1881 2639 1932 et
2665 1871 3058 1950 aspernandi
3091 1871 3388 1932 homines
3429 1871 3739 1946 Hypsista-

517 1951 759 2012 riorum
791 1966 1022 2010 nomen
1046 1950 1164 2010 sibi
1205 1951 1590 2019 tribuebant,
1620 1954 1788 2026 quod
1824 1952 2030 2012 solum
2058 1975 2084 2008 ἰ
2115 1949 2521 2026 Supren’ium,
2554 1975 2582 2005 ι)
2615 1968 2754 2020 seu,
2788 1973 2815 2004 ‹‹
2844 1949 3242 2010 Altissimum
3276 1973 3306 2007 io
3338 1959 3740 2026 agnoscerent

514 2045 587 2089 ac
640 2041 1118 2108 venerare-titur.
1167 2029 1593 2108 Epiphanius,
1641 2031 1789 2090 licet
1840 2031 1918 2090 de
1967 2031 2386 2108 Hypsistariis
2429 2031 2689 2102 nullam,
2745 2037 2813 2089 ut
2857 2030 2986 2103 jam
3028 2028 3328 2102 vidimus,
3365 2030 3738 2090 mentionem

511 2106 760 2177 fecerit,
809 2109 1111 2188 quiddam
1148 2114 1356 2169 tamen
1389 2107 1522 2170 fere
1553 2110 1763 2188 simile
1793 2109 1872 2169 de
1917 2106 2344 2188 Euphemitis,
2377 2125 2489 2168 seu
2531 2109 2957 2176 Massaliauis,
2995 2115 3226 2167 narrat.
3261 2110 3361 2188 Ait
3401 2110 3579 2188 enim,
3613 2109 3741 2185 (69},

514 2207 547 2243 cr
574 2202 685 2245 eos
719 2204 795 2247 ex
827 2187 1175 2263 gentilibus
1205 2194 1404 2256 ortos,
1437 2205 1552 2248 nec
1581 2187 1937 2262 Judaismo,
1971 2187 2087 2249 nec
2109 2188 2604 2248 Christianismo
2635 2188 2997 2258 attendere;
3048 2187 3202 2245 deos
3233 2187 3495 2263 quidem
3523 2187 3739 2257 dicere,

515 2265 765 2330 nultum
809 2275 1016 2326 tamen
1055 2267 1340 2336 adorare,
1377 2266 1486 2326 sed
1522 2285 1721 2328 unum
1756 2269 1966 2328 solum
2004 2265 2317 2335 venerari,
2351 2284 2628 2344 eumque
2666 2265 3188 2344 Omnipotentem
3225 2281 3474 2326 vocare.
3513 2289 3540 2318 η
3578 2267 3743 2325 Addit

511 2346 728 2413 etiam,
774 2360 943 2424 «eos
993 2361 1138 2404 cum
1193 2345 1593 2424 lucernarum
1634 2348 1800 2421 igne,
1845 2367 1873 2400 ››
1935 2346 2032 2424 (qu

2221 2351 2470 2423 ›χνα;ρεαν
2515 2344 2739 2422 vorat).
2790 2367 2819 2399 α
2855 2350 3208 2405 Conventus
3254 2345 3517 2424 habere.
3547 2367 3574 2397 ι)
3610 2344 3742 2416 Quae

510 2425 781 2514 quidem
811 2423 904 2514 .ab
956 2424 1059 2514 iis,
1094 2439 1236 2514 qnae
1289 2423 1458 2514 deus
1494 2423 1914 2514 Hypsistariis
1951 2423 1992 2480 »’
2035 2432 2286 2514 veteres
2329 2426 2744 2514 scripserunt,
2777 2439 2904 2514 min
2954 2427 3222 2514 multum
3287 2423 3674 2514 discrepant.

588 2502 699 2563 IV.
751 2501 963 2566 Altera
1000 2504 1078 2563 de
1110 2501 1339 2562 iisdem
1380 2503 1806 2578 Hypsistariis
1852 2505 2128 2565 occurrit
2161 2502 2520 2565 ditiicultas.
2559 2504 2790 2562 Mirum
2832 2501 3078 2562 Clerico
3119 2501 3371 2562 videtur
3406 2501 3560 2579 (70),
3593 2503 3740 2578 quod

509 2579 862 2658 Gregorius
924 2589 1167 2652 noster,
1215 2597 1357 2641 cum
1412 2582 1476 2640 in
1514 2583 1628 2642 hac
1680 2584 1968 2643 oratione
2015 2583 2454 2659 Hypsistarios
2491 2582 2720 2641 «idola
2751 2605 2779 2638 π
2817 2581 3099 2642 coluisse
3150 2588 3364 2657 neget,
3421 2588 3483 2642 et
3525 2582 3744 2656 Grego-

510 2659 678 2720 rium
742 2669 976 2732 patrem
1029 2661 1147 2719 «in
1202 2676 1424 2721 eorum
1475 2659 1702 2721 haeresi
1758 2670 2030 2721 natum»
2087 2661 2278 2727 dicat.
2325 2660 2598 2722 fateatur
2649 2667 2856 2720 tamen
2919 2659 3201 2720 carmine
3255 2661 3491 2735 primo,
3555 2678 3740 2720 cetum

508 2737 886 2806 animalium
936 2737 1295 2798 simulacris
1329 2738 1700 2815 paruisse.»
1733 2739 1798 2799 Id
1831 2738 2118 2801 Clericus
2148 2741 2313 2814 329
2346 2755 2628 2816 pugnare
2667 2737 3009 2799 existimat.
3042 2737 3386 2814 Egregium
3422 2757 3581 2798 sane
3610 2743 3742 2798 artis

509 2817 743 2877 critica:
806 2818 1221 2894 magistrum!
1273 2818 1374 2878 cui
1430 2828 1553 2877 una
1598 2824 1842 2878 tantum
1895 2820 2046 2878 nodi
2101 2819 2388 2877 solvendi
2446 2818 2605 2877 ratio
2658 2818 3012 2887 succurrit,
3075 2817 3461 2892 Gregorium
3519 2817 3740 2878 scilicet

508 2905 826 2966 nostrum,
881 2918 910 2951 «
951 2897 1042 2956 vel
1093 2898 1414 2955 memerim
1475 2899 1678 2970 lapsu,
1730 2901 1824 2955 vel
1865 2896 1987 2957 zeii
2019 2895 2385 2957 fervidioris
2419 2896 2702 2970 impulsu
2744 2896 3052 2957 contraria
3086 2897 3367 2955 locutum
3406 2914 3591 2965 esse;
3636 2898 3739 2956 nisi

508 2915 826 2966 nostrum,
881 2918 910 2951 α
951 2915 1041 2956 vet
1093 2915 1414 2955 memoriae
1475 2915 1523 2954 Ia
1555 2915 1678 2969 )SU,
1730 2915 1824 2955 vet
1865 2915 1987 2957 zeal
2019 2915 2385 2957 rervmioris
2419 2915 2702 2970 impulsu
2744 2915 3052 2957 contraria
3089 2915 3367 2955 locutum
3406 2915 3591 2965 esse;
3636 2915 3739 2956 ms:

504 2972 696 3045 iorte,
749 2978 808 3035 in
857 2991 932 3035 eo
974 2975 1142 3053 quod
1191 2975 1270 3036 de
1315 2915 1689 3036 auimabum
1727 2973 1920 3037 idolis
1955 2977 2143 3042 dixit.
2178 2976 2254 3036 ab
2290 2975 2640 3050 hyperbole
2677 2992 2787 3050 pro
2841 2991 3016 3034 more
3051 2991 3171 3034 suo
3210 2973 3530 3044 adhibita,
3572 2993 3743 3034 εις-υς

506 3055 745 3131 sandus
793 3071 934 3114 esse
968 3055 1283 3121 videatur.
1323 3076 1349 3108 »
1383 3054 1544 3126 Quis
1588 3054 1717 3116 haec
1749 3054 2074 3118 audiendo
2111 3070 2235 3114 non
2278 3053 2700 3131 indignetur?
2733 3055 2873 3127 Vel,
2917 3069 3060 3130 quae
3110 3054 3262 3113 fides
3303 3055 3623 3114 malevolo
3651 3061 3744 3114 aut

505 3130 806 3206 imperito
854 3133 1188 3210 interpreti
1244 3131 1574 3212 habenda?
1625 3134 1943 3193 Audacior
1986 3134 2095 3194 ille
2151 3149 2404 3200 censor,
2431 3130 2556 3212 qui
2599 3141 2720 3194 tam
2764 3131 3004 3212 peritus
3052 3132 3173 3212 sibi
3215 3133 3504 3212 videtur.
3541 3141 3602 3193 et
3635 3142 3740 3212 tam

505 3216 746 3273 temere
779 3229 964 3284 quam
1005 3209 1373 3289 arroganter
1401 3213 1480 3272 de
1511 3211 1820 3288 Gregorio
1857 3211 2133 3289 aliisque
2177 3209 2572 3272 doctissimis
2597 3229 2667 3272 ac
2703 3210 3127 3272 sanctissimis
3156 3209 3593 3286 scriptoribus
3626 3211 3743 3287 plus

506 3306 782 3425 intraque
811 3291 1078 3425 judicait,
1136 3291 1498 3425 rutilataips
1543 3291 1642 3352 hic
1671 3289 1962 3369 Gregorii
2020 3298 2300 3356 mentem
2344 3295 2678 3352 assecutus
2712 3293 2830 3352 est.
2863 3289 3014 3354 Haec
3044 3296 3194 3353 sunt
3231 3290 3406 3352 enim
3442 3290 3743 3366 Theologi

507 3385 617 3425 YGI‘
663 3385 720 3425 8.
767 3387 958 3425 carm.
1050 3410 1071 3425 ..
1124 3387 1288 3425 vers.
1370 3383 1484 3425 "D:

507 3372 720 3446 verba,
767 3387 958 3432 carm.
1011 3372 1071 3444 1¹
1124 3387 1288 3431 vers.
1335 3370 1484 3435 125:.

1207 3536 1393 3659 AZ'JF&p
1423 3536 1504 3604 ὅγ’
1538 3534 1868 3606 ἀγριέλαιος,
1903 3535 1995 3595 ὑπ’
2025 3534 2260 3601 εἰδώλοις
2300 3533 2474 3612 πάρος
2509 3527 2579 3607 ἦν

1265 3625 1405 3659 ωων.
1439 3618 1542 3659 etc.

1265 3618 1405 3665 ωων.
1439 3618 1542 3661 etc.

1207 3720 1277 3846 ct
1315 3719 1404 3772 ille
1431 3717 1643 3785 quidem
1677 3716 1873 3787 \pater)
1908 3717 2137 3790 agrestis
2170 3715 2334 3781 oliva,
2366 3715 2466 3770 sub
2500 3712 2805 3770 simulacris
2831 3721 2989 3769 antea
3019 3723 3139 3770 erat

1257 3805 1428 3846 avens,
1452 3799 1554 3844 etc.

1257 3799 1428 3854 ivcus,
1452 3799 1554 3844 etc.

501 3943 670 4014 Nihil
729 3943 790 4002 in
850 3941 971 4003 hoc
1020 3947 1325 4003 contextu
1367 3942 1446 4004 de
1501 3942 1878 4004 animalium
1928 3942 2120 4003 idolis
2167 3941 2431 4002 dictum.
2494 3940 2675 4002 Falsa
2725 3942 2899 4004 vocis
2951 3947 3094 4012 ζῶων
3128 3942 3586 4019 interpretatio
3616 3943 3742 4004 Cle-

504 4023 705 4082 ricum
765 4022 826 4081 in
877 4035 1156 4082 errorem
1203 4020 1483 4095 induxit,
1525 4022 1691 4099 idum
1747 4044 1776 4078 α
1816 4021 2190 4082 animalium
2257 4019 2422 4080 idola
2463 4045 2490 4076 ι)
2546 4021 2761 4080 videre
2816 4039 2884 4082 se
2944 4030 3147 4099 putat,
3201 4023 3306 4080 ubi
3356 4022 3744 4099 Theologus,

501 4099 677 4163 nulla
731 4100 1101 4160 animalium
1148 4099 1474 4161 mentione
1505 4098 1690 4170 facta,
1735 4107 1972 4177 patrem
2023 4123 2048 4154 α
2084 4102 2204 4161 sub
2237 4099 2598 4160 simulacris
2632 4098 3014 4161 viventem»
3055 4099 3376 4160 exhibuit.
3411 4103 3554 4162 Vox
3587 4098 3742 4161 enim

502 4187 659 4262 {mare
693 4197 819 4262 non
870 4186 986 4250 est,
1037 4188 1105 4239 ut
1159 4179 1511 4262 loquuntur
1542 4179 1959 4262 grammatici,
2005 4179 2325 4256 genitivus
2385 4178 2644 4262 pluralis
2685 4180 2971 4262 nominis
3011 4188 3164 4262 casa,
3198 4202 3225 4233 α
3264 4181 3502 4240 animal
3534 4203 3551 4252 ;
3586 4203 3613 4235 ι
3647 4184 3745 4262 sed

505 4257 906 4336 participium
952 4275 1228 4334 praesens
1261 4257 1456 4337 verbi
1499 4266 1612 4329 ζώω
1659 4259 1906 4337 poetice
1957 4275 2068 4337 pro
2119 4264 2250 4328 ζάω.
2307 4279 2335 4313 α
2388 4258 2554 4318 vivo.
2594 4279 2622 4313 »
2680 4257 3044 4335 Saepissime
3077 4258 3271 4337 illam
3323 4275 3578 4330 vocem,
3617 4260 3746 4317 cvi-

501 4335 761 4400 ventisa
798 4344 1038 4398 tantum
1073 4335 1536 4414 significatione
1567 4335 1979 4414 gaudentem,
2014 4337 2179 4414 apud
2211 4337 2582 4406 Homerum,
2617 4337 3000 4412 Hesiodum,
3029 4336 3433 4399 Herodotum
3464 4338 3744 4414 aliosque

501 4424 870 4493 usurpatam
933 4417 1312 4493 reperimus.
1365 4415 1598 4482 Mirum
1653 4433 1806 4477 sane
1849 4417 1912 4475 id
1974 4436 2006 4478 a
2078 4415 2323 4477 Clerico
2375 4415 2760 4492 ignoratum,
2809 4416 2904 4474 vel
2959 4422 3172 4490 potius
3233 4417 3741 4477 dissimulatum.

501 4496 834 4566 Praeterea,
885 4495 999 4556 hac
1050 4495 1493 4556 «idolorum»
1555 4512 1670 4555 seu
1747 4516 1775 4551 α
1811 4495 2301 4556 simulacrorum
2340 4517 2368 4549 υ
2443 4511 2596 4555 voce
2656 4501 2842 4554 utens
2907 4494 3290 4570 Gregorius,
3344 4512 3476 4556 non
3521 4496 3744 4556 idcirco

499 4576 765 4637 deorum
821 4586 931 4634 aut
991 4575 1368 4653 animalium
1425 4573 1763 4635 simulacra
1811 4573 2174 4653 signiﬁcare
2219 4574 2466 4646 voluit;
2532 4591 2745 4633 verum
2782 4591 2851 4633 ea
2908 4582 3152 4633 tantum
3187 4575 3579 4650 generatim,
3620 4591 3746 4653 quia

500 4655 970 4731 superstitiosus
1032 4651 1409 4731 gentilitatis
1463 4654 1740 4730 propria,
1804 4653 1933 4712 veri
1991 4652 2109 4714 Dei
2179 4653 2456 4713 cultores
2518 4667 2927 4731 summopere.
2979 4658 3324 4731 respuunt,
3388 4651 3743 4729 cuiusmodi

403 4733 442 4739 ”
498 4729 762 4794 fuerunt
820 4753 847 4786 ‹‹
884 4729 1058 4809 ignis
1093 4741 1154 4792 et
1191 4729 1595 4793 lucernarum
1624 4755 1651 4788 ν
1691 4735 2032 4807 elementa,
2072 4748 2215 4807 qua:
2246 4731 2636 4808 Hypsistarii
2674 4729 2971 4804 religiose
3005 4729 3318 4792 colebant.
3363 4732 3530 4792 Cum
3571 4734 3747 4809 igitur

499 4812 851 4890 Gregorius
885 4821 1082 4887 pater,
1136 4813 1254 4871 etsi
1288 4827 1414 4871 non
1450 4827 1778 4889 supremo,
1828 4809 2286 4890 superstitioso
2323 4818 2535 4870 tamen
2569 4811 2746 4890 cultu
2785 4809 2914 4890 haec
2959 4809 3272 4890 elementa
3311 4823 3746 4890 veneraretur,

500 4887 707 4969 potuit
747 4891 961 4952 dicere
1007 4890 1376 4966 Theologus
1431 4887 1669 4966 patrem
1723 4892 1843 4951 sub
1900 4887 1928 4945 at
1961 4888 2208 4969 idolis»
2266 4907 2405 4969 “seu
2467 4911 2495 4944 «
2525 4887 2946 4949 simulacris»
2989 4888 3257 4969 vixisse,
3305 4889 3365 4948 id
3412 4897 3540 4959 est,
3588 4890 3746 4947 «sub

497 4966 921 5040 Sensibilibus
964 4970 1320 5030 elementis.
1364 4991 1392 5024 ››
1443 4969 1586 5039 Quo
1634 4971 1820 5030 etiam
1873 4986 2070 5030 sensu
2111 4966 2616 5046 intelligendum
2659 4975 2778 5038 est,
2831 4967 3000 5041 quod
3033 4966 3383 5046 Gregorius
3419 4971 3747 5046 presbyter

496 5050 560 5109 in
629 5049 763 5110 Vita
817 5048 1126 5126 Theologi
1180 5047 1399 5108 scribit
1439 5049 1558 5127 (71)
1601 5069 1614 5106 :
1659 5072 1686 5104 ct
1724 5051 1899 5110 Pater
1969 5045 2237 5127 quidem
2270 5045 2586 5124 Gregorii,
2651 5069 2680 5104 η
2735 5047 2968 5127 inquit,
3013 5066 3048 5127 «_
3110 5045 3303 5107 idolis
3355 5045 3636 5127 relictis,
3684 5047 3742 5104 ad

499 5129 753 5200 pietatis
807 5123 1833 5204 cultum'migravit;’ct'excussa
1880 5123 2429 5203 Hypsistariorum
2472 5125 2953 5204 superstitione,
3001 5125 3288 5186 sincerus
3327 5126 3578 5186 divina:-
3619 5144 3742 5204 gra-

495 5207 598 5266 tim
630 5205 984 5282 discipulus
1023 5203 1250 5267 eluxit.
1276 5232 1302 5258 υ
1358 5207 1493 5265 Non
1530 5223 1680 5284 ergo
1713 5206 2108 5281 'l‘lieologus,
2143 5205 2296 5264 dum
2329 5207 2406 5264 de
2437 5203 2854 5284 Hypsistarioi
2891 5213 3066 5280 patre
3104 5221 3469 5265 sermonem
3511 5203 3740 5270 habuit,

497 5285 801 5344 memoria
868 5289 1082 5362 lapsus
1130 5294 1248 5356 est,
1300 5303 1415 5344 nec
1451 5283 1649 5346 nimio
1700 5284 1836 5345 zelo
1869 5284 2200 5362 abreptus,
2248 5301 2363 5344 nec
2412 5287 2601 5344 etiam
2635 5283 2986 5361 hyperbole
3023 5299 3202 5353 usus,
3240 5302 3271 5344 δ
3304 5300 3431 5361 qua
3469 5284 3741 5345 Clericus

498 5362 636 5442 ejus
689 5365 1166 5425 excusationem
1216 5363 1349 5424 erui
1404 5379 1591 5439 posse
1651 5364 1926 5426 videtur.

577 5441 656 5504 V.
702 5442 792 5504 EX
842 5442 1113 5518 hujusce
1170 5442 1478 5504 orationis
1537 5449 1710 5502 textu
1771 5442 1895 5502 alia
1948 5441 2134 5504 etiam
2200 5441 2488 5517 exsurgit
2550 5440 2923 5512 diliicultas;
2983 5458 3060 5503 an
3110 5441 3355 5502 scilicet
3401 5442 3740 5520 Gregorius

496 5528 675 5598 pater
723 5523 841 5582 «in
896 5521 1190 5587 cubiculo
1227 5537 1371 5594 suo,
1405 5543 1432 5578 ι)
1491 5527 1555 5581 ut
1604 5521 1828 5588 volunt
1890 5521 2222 5595 nonnulli,
2281 5544 2308 5576 α
2339 5521 2654 5599 privatum
2709 5537 2960 5581 sacrum
3011 5521 3348 5598 peregerit.
3379 5545 3407 5578 ι
3451 5523 3617 5583 Rem
3665 5523 3740 5580 sic

507 5703 522 5714 -
567 5683 679 5756 (68)
836 5683 869 5734 ‘2
896 5692 1076 5735 contra
1110 5676 1428 5756 Erinom._,t.
1457 5681 1520 5748 II,
1558 5695 1682 5756 pag.
1713 5682 1834 5745 ΗΟ.

2243 5682 2352 5749 (70)
2398 5681 2531 5756 Bibl.
2566 5684 2732 5756 enim,
2759 5699 2849 5756 an.
2881 5682 3035 5756 1990.
3073 5692 3200 5756 tam.
3231 5683 3410 5740 XVIII.
3449 5702 3506 5754 p.
3539 5688 3574 5741 5
3610 5696 3660 5740 et
3692 5697 3735 5740 ι

567 5685 679 5824 (6εέ
719 5685 811 5735 0r.
836 5685 869 5734 ‘2
896 5692 1076 5735 contra
1110 5685 1358 5742 Ευηοηι..
1393 5693 1428 5736 t.
1457 5685 1520 5748 II,
1558 5695 1682 5756 pag.
1713 5685 1834 5745 HO,

567 5757 656 5823 (tit)
720 5754 922 5810 Haeres.
953 5769 1116 5819 Lxxx,
1145 5770 1262 5824 pag.
1290 5754 1415 5814 4250,
1769 5808 1771 5810 .

2183 5729 2186 5734 .
2243 5685 2352 5749 (70)
2398 5685 2531 5736 Bibl.
2566 5685 2732 5747 anim,
2759 5699 2849 5736 an.
2881 5685 3035 5743 1690,
3073 5692 3200 5737 tom.
3231 5685 3390 5738 XVIII

2248 5755 2358 5826 tit)
2398 5754 2556 5827 (ἆγες.
2584 5753 2771 5814 I'resb.
2801 5753 2854 5808 in
2894 5753 3056 5821 Greg.
3089 5752 3231 5819 Vita,
3256 5773 3304 5808 ιι.
3338 5757 3390 5815 4.
