3852 6408
529 321 635 378 9πῖ

1727 331 1784 388 Β.
1830 331 2153 388 GREGORII
2193 330 2533 387 THEOLOGI
3644 334 3724 389 988

529 440 689 497 dias?
739 439 846 496 Nos
902 443 1118 511 quidem
1188 461 1293 500 non
1341 448 1450 514 Jam
1509 451 1843 517 superstites,
1903 465 2084 504 verum

2194 450 2434 522 πλείστῳ
2480 451 2633 522 μέρει
2693 439 3158 514 συναπελθόντῖας,
3208 463 3300 502 κα.
3351 448 3428 520 τῷ
3470 447 3613 520 τόπῳ
3648 452 3725 521 τῆς

532 539 766 587 maxima
793 548 856 588 ex
890 546 1043 602 parte
1072 552 1175 591 una
1219 554 1337 592 cum
1383 555 1449 594 eo
1501 541 1606 594 vita
1661 541 1893 600 functos.
1929 552 2088 612 atque

531 620 831 678 aliiictionis
857 624 1028 679 locum
1060 627 1284 682 moleste
1321 629 1572 691 ferentes,
1599 646 1662 684 ac
1689 646 1830 684 nunc
1864 647 2088 700 prazser-

534 717 648 776 tim,
681 729 800 766 cum
850 715 1042 769 scitum
1096 718 1534 786 gubernatorem,
1576 728 1669 772 aut
1722 721 1844 774 vita:
1897 731 2090 774 nostrae

533 801 728 869 facem,
775 804 828 860 in
871 823 1050 876 quam,
1103 808 1296 863 salutis
1356 809 1531 862 lumen
1589 810 1742 864 nobis
1784 830 1815 864 e
1874 811 2088 864 sublimi

541 904 927 962 ostentantem,
981 899 1272 967 intuentes,
1330 901 1712 969 dirigebantur,
1775 903 2086 968 amisimus;

534 983 683 1039 illum
710 998 888 1041 autem
918 1005 1037 1042 cum
1076 991 1223 1044 omni
1275 991 1493 1056 virtute,
1533 1007 1595 1046 ac
1627 994 1882 1062 pastorali
1923 993 2086 1048 disci-

529 1077 691 1147 plina,
727 1094 887 1148 quam
919 1083 1170 1136 diuturno
1222 1093 1458 1152 tempore
1508 1085 1820 1155 collegerat,
1865 1101 2088 1156 peregre

527 1169 844 1239 profectum,
879 1174 1085 1227 dierum
1113 1176 1271 1230 simul
1299 1193 1362 1231 ac
1393 1179 1688 1247 prudentiae
1723 1179 1962 1248 plenum,
2010 1189 2085 1244 et,

527 1261 570 1312 si
597 1259 898 1317 Salomonis
934 1267 1109 1320 verbis
1135 1271 1390 1322 utendum
1423 1279 1525 1335 est,
1575 1270 1756 1337 gloria:
1810 1281 2087 1326 senectute

527 1362 876 1420 coronatum;
913 1373 1126 1426 gregem
1157 1359 1386 1429 denique
1433 1361 1645 1415 consilii
1704 1362 1880 1430 inopia
1937 1363 2085 1417 labo-

525 1453 732 1497 rantem
771 1455 825 1499 et
858 1457 1284 1514 consternatmn,
1315 1466 1655 1519 summoque,
1709 1462 1768 1506 ut
1800 1454 1965 1516 vides,
1996 1454 2088 1507 do-

525 1534 637 1588 lore
674 1551 738 1590 ac
784 1539 1036 1592 maestitia
1069 1541 1444 1609 confectum",
1480 1559 1583 1597 non
1617 1543 1730 1610 jam
1763 1545 1814 1598 in
1847 1545 1964 1599 loco
1988 1561 2084 1615 pa-

525 1640 666 1680 scua:
699 1629 1147 1696 requiescentem,
1189 1647 1289 1687 nec
1336 1633 1644 1690 refectiouis
1695 1651 1832 1705 aqua
1889 1637 2086 1690 educa—

526 1719 717 1784 tum",
748 1721 838 1774 sed
868 1723 1178 1792 praecipitia,
1213 1733 1264 1780 et
1309 1725 1645 1794 solitudines,
1690 1738 1745 1782 et
1775 1729 2080 1798 voragines,

2190 540 2487 604 κακώσεως
2531 541 3005 612 δυσχεραίνοντας·
3052 543 3144 594 καὶ
3176 535 3269 593 νῦν
3313 540 3565 612 μάλιστα,
3601 542 3726 612 ἡνίκα

2191 628 2282 680 τὸν
2331 630 2669 700 ἐπιστήμονα
2716 629 3073 702 κυϐερνήτην,
3124 629 3156 702 ἢ
3202 630 3290 682 τὸν
3336 629 3630 700 λαμπτῆρα
3655 633 3726 701 τῆς

2193 719 2340 790 ζωῆς
2397 721 2551 790 ἡμῶν
2614 721 3088 793 ἀποϐεϐλήκαμεν,
3144 722 3278 792 πρὸς
3347 721 3407 773 ὃν
3453 720 3724 791 ἀπηυθυνό-

2195 813 2331 882 μεθα
2373 812 2482 882 (79)
2539 812 2844 882 βλέποντες,
2899 814 3104 868 ἄνωθεν
3151 816 3282 885 ἡμῖν
3330 814 3430 882 τὴν
3487 815 3727 882 σωτηρίαν

2191 899 2554 972 πυρσεύοντα·
2603 904 2805 954 ἐκεῖνον
2840 903 2975 973 μετὰ
3007 902 3102 955 τοῦ
3147 901 3314 957 καλοῦ
3352 901 3556 963 παντὸς
3599 903 3704 973 ὲκδη

2193 995 2461 1064 μήσαντα,
2501 994 2596 1046 καὶ
2629 994 2808 1064 πάσης
2838 997 2936 1065 τῆς
2973 994 3333 1064 ποιμαντικῆς
3377 992 3645 1058 εὐταξίας,
3677 994 3727 1063 ῆι

2190 1082 2365 1152 χρόνῳ
2411 1082 2604 1152 μακρῷ
2638 1083 2970 1148 συνελέξατο,
3006 1083 3220 1153 πλήρης
3265 1080 3491 1153 ἡμερῶν
3519 1097 3578 1132 τε
3620 1082 3725 1150 ὁμοῦ

2189 1174 2283 1226 καὶ
2318 1175 2644 1244 φρονήσεως,
2680 1173 2771 1226 κα)¹
2800 1173 2875 1244 τῷ
2915 1173 3014 1243 τῆς
3043 1175 3360 1242 καυχήσεως
3393 1173 3562 1242 γήρα,
3590 1173 3632 1222 εἰ
3665 1172 3728 1224 δεῖ

2186 1264 2248 1318 τὸ
2284 1265 2377 1317 τοῦ
2415 1265 2753 1335 Σολομῶντος
2773 1266 2964 1330 εἰπεῖν,
2995 1263 3421 1334 στεφανούμενος
3453 1260 3588 1331 (80).
3630 1261 3727 1313 Ποί-

2191 1368 2341 1421 μνιον
2391 1353 2752 1424 ἠπορημένον,
2802 1353 2893 1405 καὶ
2946 1352 3055 1423 (Si)
3109 1349 3616 1420 καταϐεϐλημένον,
3653 1353 3728 1403 xei.

2185 1442 2316 1513 ὁρᾷς
2334 1443 2460 1513 ὅσης
2483 1443 2648 1514 γέμον
2671 1443 2904 1513 ἀθυμίας
2920 1444 3013 1496 καὶ
3034 1443 3326 1513 κατηφείας
3341 1458 3355 1470 ·
3370 1442 3472 1493 οὐκ
3506 1441 3587 1492 ἔτι
3606 1439 3727 1509 τόπῳ

2186 1533 2346 1605 χλόης
2385 1536 2852 1604 ὲναναπαυόμενον
2887 1533 3022 1602 (82),
3059 1534 3178 1586 οὐδὲ
3213 1533 3362 1586 ὕδατι
3396 1532 3727 1594 ἀναπαύσεως

2185 1624 2610 1695 ἐκτρεφόμενον·
2646 1623 2841 1696 ζητοῦν
2874 1627 3178 1696 κρημνοὺς,
3221 1625 3315 1677 καὶ
3363 1623 3619 1694 ἐρημίας,
3651 1624 3726 1673 καὶ

2189 1713 2451 1784 βάραθρα,
2486 1717 2608 1769 καθ’
2649 1710 2724 1769 ὧν
2754 1718 3110 1788 σπαρήσεται,
3149 1715 3241 1768 καὶ
3284 1715 3722 1785 διαφθαρήσεται·

527 1809 580 1862 in
614 1824 749 1878 quas
781 1811 1122 1882 dispergatur
1167 1825 1221 1870 et
1269 1816 1520 1882 intereat,
1551 1829 1917 1887 qumreutem;
1951 1836 2077 1874 num

2191 1807 2438 1859 άπιστοῦν
2469 1809 2519 1860 εῐ
2551 1825 2679 1860 ποτε
2720 1809 2813 1861 καὶ
2859 1808 3017 1862 ἄλλου
3068 1809 3320 1877 ποιμένος
3352 1805 3578 1858 συνετοῦ
3630 1808 3725 1856 ἐπι-

523 1898 686 1954 alium
720 1917 931 1970 quoque
960 1904 1211 1960 solertem
1242 1922 1304 1962 ac
1333 1910 1644 1976 prudentem
1675 1919 1939 1980 pastorem
1985 1911 2084 1964 ali-

524 1989 738 2056 quando
776 2002 1164 2047 consecuturus
1195 1994 1288 2058 sit,
1315 1994 1666 2060 dillidentem,
1697 1996 1828 2050 illud
1865 1997 2081 2065 quidem

524 2087 671 2135 certe
696 2082 985 2150 etquidem
1014 2083 1164 2138 valde
1193 2085 1293 2138 sibi
1330 2086 1767 2153 persuadentem,
1809 2090 1949 2157 quod
1984 2087 2086 2142 mi-

521 2172 667 2227 nime
719 2175 906 2231 talem.
941 2173 1182 2244 beneque
1229 2191 1409 2232 secum
1441 2177 1525 2248 agi
1561 2179 1988 2247 existimantem,
2036 2179 2082 2235 si

521 2279 624 2319 non
653 2265 820 2320 multo
851 2265 1185 2323 inferiorem.

588 2354 674 2409 ill.
700 2355 868 2411 Porro
897 2373 1019 2412 cum
1053 2360 1150 2413 tria
1178 2360 1310 2427 haec,
1351 2369 1409 2414 ut
1437 2361 1574 2426 dixi,
1604 2367 1767 2430 atque
1798 2361 1978 2415 omnia
2013 2377 2081 2415 ex

517 2463 692 2517 aquo,
722 2451 816 2504 tibi
842 2451 946 2505 huc
973 2453 1214 2506 veniendi
1250 2453 1625 2507 necessitatem
1656 2451 1952 2517 attulerint,
1986 2467 2085 2508 nos

520 2539 748 2606 scilicet,
767 2549 819 2594 et
848 2555 1000 2608 grex,
1030 2550 1084 2594 et
1114 2549 1315 2609 pastor,
1365 2554 1484 2610 age,
1540 2555 1635 2608 pro
1679 2555 1744 2594 eo
1780 2541 2082 2596 curationis

521 2627 731 2696 spiritu,
765 2643 870 2695 quo
899 2628 1150 2694 prmditus
1183 2644 1261 2693 es,
1297 2644 1439 2693 eam,
1468 2645 1588 2698 quac
1616 2630 1811 2698 cuique
1839 2639 1965 2699 apta
1990 2630 2082 2695 sit,

525 2718 848 2772 medicinam
879 2719 1092 2787 adhibe,
1123 2735 1185 2774 ac
1234 2735 1539 2775 sermonem
1571 2736 1690 2774 cum
1721 2720 1925 2790 judicio
1970 2721 2082 2776 dis-

523 2825 682 2880 poue,
717 2825 824 2880 quo
857 2821 908 2865 te
959 2813 1236 2880 sapientia:
1267 2815 1482 2870 nomine
1533 2815 1702 2884 magis
1732 2815 2080 2869 admiremur.

521 2902 765 2966 Quonam
792 2913 971 2957 autem
997 2906 1152 2959 modo
1175 2905 1461 2973 dispoues?
1488 2905 1568 2959 Ad
1620 2915 1891 2976 pastorem
1940 2907 2082 2974 quod

521 2994 734 3060 attinet,
769 2994 811 3048 si
848 2994 992 3048 illum
1018 2995 1087 3050 ob
1133 2996 1410 3064 virtutem,
1451 3007 1510 3052 ut
1561 3014 1656 3067 par
1689 3009 1790 3062 est,
1823 2998 2080 3055 laudave-

521 3085 620 3149 ris,
654 3103 758 3140 non
806 3087 978 3141 solum
1015 3098 1073 3142 ut
1105 3106 1238 3159 puro
1287 3106 1474 3158 puram
1531 3092 1859 3157 orationem,
1910 3092 2080 3147 instar

521 3176 762 3232 funebris
789 3180 1066 3248 cujusdam
1097 3183 1356 3246 muneris,
1400 3181 1637 3247 inieras;
1693 3185 1784 3236 sed
1837 3183 2078 3238 utetiam

520 3268 641 3323 aliis
669 3270 808 3323 illius
840 3272 958 3325 vitae
985 3272 1267 3334 rationem,
1302 3283 1556 3342 tauquam
1588 3275 1804 3342 pietatis
1850 3273 2077 3329 formam

519 3369 574 3411 et
608 3359 1050 3427 admonitionem,
1103 3377 1391 3431 proponas.
1435 3361 1540 3417 Nos
1586 3378 1713 3416 vero
1755 3366 1895 3432 quod
1961 3379 2082 3434 spe-

519 3459 652 3515 ctat,
677 3450 720 3505 si
746 3451 810 3505 de
837 3452 942 3506 vita
973 3463 1028 3508 et
1072 3464 1262 3521 morte,
1310 3454 1374 3508 de
1422 3458 1613 3508 animae
1643 3467 1803 3525 atque
1841 3457 2083 3526 corporis

520 3542 897 3609 conjunctione
943 3545 1428 3613 ac_disjunctione,
1465 3546 1531 3600 de
1577 3546 1784 3602 duobus
1843 3549 2080 3616 mundis,

522 3634 625 3688 hoc
654 3647 736 3690 est
775 3637 842 3691 de
871 3639 1119 3707 praesenti
1158 3654 1222 3692 ac
1252 3637 1395 3694 ﬂuxo
1451 3649 1507 3694 et
1559 3640 1754 3710 fragili,
1803 3649 1856 3695 et
1900 3641 1964 3696 de
1995 3657 2080 3707 eo,

521 3727 612 3796 qui
643 3729 823 3781 animo
852 3741 904 3782 et
932 3739 1109 3784 mente
1136 3730 1452 3799 intelligitur
1475 3745 1538 3784 ac
1564 3740 1762 3794 manet,
1790 3747 1955 3802 pauca
1975 3732 2086 3787 dis-

526 3821 793 3885 serueris;
823 3822 1085 3890 nobisque
1118 3825 1472 3891 persuaseris,
1502 3833 1560 3878 ut
1608 3824 1829 3878 alterius
1863 3825 2083 3892 quidem

523 3910 877 3979 imposturam
934 3922 988 3966 et
1051 3913 1506 3982 perturbationem
1567 3925 1728 3983 atque
1773 3916 2086 3970 inconstan-

524 4001 691 4065 tiam,
738 4001 898 4071 332
955 4018 1040 4068 ac,
1088 4005 1232 4058 velut.
1290 4006 1342 4058 iu
1397 4007 1588 4070 undis,
1653 4022 1866 4061 sursum
1930 4008 2086 4062 deor-

523 4103 750 4157 sumque
801 4091 1146 4160 jactationem
1200 4105 1643 4160 contemnamus;
1717 4096 1782 4149 ad
1846 4097 2078 4150 alterum

523 4190 721 4244 autem,
751 4183 841 4250 qui
873 4182 1056 4237 ﬁrmus
1110 4193 1164 4238 et
1204 4185 1435 4250 stabilis,
1474 4201 1534 4240 ac
1561 4187 1792 4250 divinus,
1830 4202 2072 4256 semper-

525 4286 631 4338 que
681 4273 760 4325 sui
809 4273 1000 4327 similis
1049 4283 1148 4341 est,
1185 4271 1532 4344 atqueomui
1580 4278 1985 4345 perturbatione
2036 4287 2090 4331 et

525 4363 839 4418 Confusione
870 4375 1039 4431 vacat,
1082 4375 1220 4422 totos
1273 4382 1372 4422 nos
1417 4367 1787 4436 adjungamus.
1828 4369 1918 4424 Sic
1944 4371 2087 4424 enim

527 4455 585 4516 ii,
619 4456 708 4524 qui
743 4457 866 4510 hinc
909 4458 1057 4526 prius
1084 4461 1436 4523 excesserint,
1481 4463 1658 4515 minus
1707 4462 1859 4516 nobis
1894 4476 2090 4515 mer-

530 4546 607 4599 ris
632 4548 954 4616 attulerint;
989 4550 1094 4604 imo
1136 4553 1296 4605 etiam
1348 4552 1528 4607 lietitia
1579 4570 1674 4609 nos
1704 4554 2004 4618 aﬂ‘ecerint,
2048 4556 2091 4608 si

529 4653 628 4693 nos
653 4640 824 4694 oratio
856 4641 978 4695 hinc
1003 4643 1261 4697 abductos
1292 4659 1504 4698 sursum
1541 4646 1785 4709 collocet,
1824 4655 1984 4714 atque
2015 4646 2092 4712 id,

527 4731 745 4800 quodin
783 4735 1030 4802 praesenti
1065 4735 1347 4790 molestum
1377 4747 1484 4799 est,
1522 4737 1574 4791 in
1618 4736 1779 4791 futuri
1811 4747 2092 4806 exspecta-

530 4825 676 4878 tione
696 4825 948 4890 occnltet,
989 4827 1251 4896 nobisque
1281 4828 1408 4881 illud
1442 4831 1781 4898 persuadeat,
1821 4831 1961 4900 quod
1993 4828 2092 4898 ipsi

533 4931 748 4986 quoque
802 4917 868 4971 ad
921 4919 1118 4973 bonum
1179 4919 1458 4975 Dominum
1503 4936 1874 4991 properemus,
1930 4931 2093 4991 atque

601 5073 642 5106 "
679 5072 838 5128 Prov.
866 5089 976 5138 xw,
1007 5075 1094 5128 51.
1169 5075 1212 5106 ⁸⁸
1237 5074 1378 5129 Psal.
1415 5092 1551 5141 xx",
1579 5077 1634 5130 2.

602 5231 712 5293 (79)
737 5231 1263 5302 γἈπηυθυνόμεθα.
1299 5231 1392 5286 Sic
1430 5233 1563 5302 Reg.
1594 5249 1643 5286 c.
1675 5231 1729 5284 ln
1775 5231 1886 5292 ed.,
1922 5231 2088 5283 ἀπευ-

526 5301 1253 5452 θυῖἒὸῐθὲξεφανούμενος.
1285 5371 1499 5452 ᾕρεε-ιι,
1535 5371 1978 5452 στεφανούμενον.
2054 5441 2067 5452 .

599 5439 712 5510 (81)
763 5439 1182 5511 Ἠπορημέὸεον,
1214 5443 1332 5496 καί.
1371 5439 1388 5493 ἆ
1421 5439 1647 5508 Gregem
1690 5439 1903 5511 pastore
1935 5441 2095 5495 desti-

529 5523 728 5595 tutum,
760 5526 916 5595 nete.
959 5516 1048 5568 Sic
1079 5513 1210 5584 Reg.
1241 5530 1292 5582 a,
1325 5523 1433 5567 tres
1472 5513 1622 5567 Colb.
1651 5524 1706 5568 et
1733 5512 1826 5568 Or.
1857 5511 1906 5564 1.
1940 5513 2098 5566 Deest

528 5583 712 5718 “:83;
739 5584 1336 5726 θ’(ἱὲίναναετανόμενον.
1381 5653 1472 5709 Sic
1499 5652 1589 5707 Or.
1638 5652 1686 5706 Ι.
1726 5652 1778 5705 'n
1827 5652 1938 5717 ed.,
1975 5654 2096 5706 ὲνα·

529 5726 853 5792 παυόμενον.

600 5796 712 5867 (85)
763 5794 1041 5866 Ἀττικῶν.
1077 5795 1243 5850 Coisl.
1278 5797 1328 5863 l,
1362 5808 1413 5851 ct
1456 5795 1580 5850 Par.
1629 5791 1864 5863 ἀγαπῴη

3458 1915 3650 1938 Ψὲτεῖθ

2183 1897 2453 1962 τεύξεται,
2489 1900 2570 1952 ὅτι
2619 1901 2714 1970 μὲν
2755 1901 2814 1953 οὺ
2860 1899 3120 1960 τοιούτου,
3156 1901 3247 1952 καὶ
3289 1899 3410 1951 λίαν
3458 1903 3728 1968 πεπεισμέ-

2183 2008 2291 2055 νον,
2335 1991 2561 2060 ἀγαπῶν
2595 1993 2706 2059 (85)
2749 1992 2794 2045 δ’
2837 1991 2922 2056 ἂν,
2975 1992 3068 2044 καὶ
3098 1994 3147 2043 εί
3194 1991 3268 2061 μὴ
3309 1991 3599 2061 παραπολὺ
3640 1993 3730 2060 χεί-

2188 2103 2358 2158 ρονος.

2254 2359 2327 2412 Γ’.
2367 2357 2544 2428 Τριῶν
2570 2357 2625 2411 δὲ
2655 2357 2842 2422 ὄντων,
2871 2356 3005 2427 ὅπερ
3035 2356 3189 2424 ἔφην,
3219 2354 3254 2408 ἆ
3290 2371 3372 2407 σοι
3409 2354 3513 2425 τὴν
3551 2371 3732 2425 παρον-

2187 2447 2306 2501 σίαν
2345 2446 2648 2514 ἀναγκαίαν
2682 2447 2854 2504 ποιεῖ,
2894 2445 2987 2498 καὶ
3031 2447 3245 2499 πάντων
3290 2444 3351 2509 ἐξ
3381 2443 3527 2514 ῐσης,
3576 2445 3729 2514 ἡμῶν,

2183 2539 2276 2594 τοῦ
2312 2539 2598 2610 ποιμένος,
2641 2540 2736 2610 τῆς
2780 2539 3040 2608 ποίμνης·
3079 2538 3231 2608 φέρε,
3280 2536 3423 2589 κατά
3471 2536 3534 2588 τὺ
3577 2537 3631 2587 ὲν
3659 2537 3727 2588 σοί

2184 2631 2398 2703 πνεῦμα
2435 2631 2533 2700 τῆς
2574 2630 2886 2702 θεραπείας.
2923 2628 3116 2690 ἀπόδος
3162 2627 3377 2697 ἑκάστῳ
3410 2626 3471 2678 τὸ
3514 2626 3730 2696 πράσςο-

2185 2741 2297 2796 ρον,
2345 2723 2438 2776 καὶ
2491 2722 2843 2791 οἰκονόμησον
2889 2723 2946 2772 ὲν
2997 2720 3170 2791 κρίσει
3217 2719 3308 2770 τὸν
3348 2718 3531 2786 λόγον,
3564 2718 3644 2769 ἵνα
3683 2733 3732 2768 σε

2183 2816 2278 2870 καὶ
2323 2813 2520 2886 μᾶλλον
2555 2813 2654 2883 τῆς
2706 2813 2896 2881 σοφίας
2922 2811 3310 2882 θαυμάσωμεν,
3363 2809 3732 2877 Οἰκονομήσεις

2181 2908 2237 2961 δὲ
2268 2907 2413 2971 πῶς;
2449 2906 2550 2960 Τὸν
2591 2906 2686 2976 μὲν
2734 2905 3024 2967 ἐπαινέσας
3057 2903 3155 2972 τῆς
3190 2901 3391 2973 ἀρετῆς
3437 2899 3510 2952 τὰ
3551 2900 3730 2956 εἰκότα,

2181 3000 2242 3053 ού
2285 2999 2440 3069 μόνον
2475 2997 2540 3050 ἵν’
2567 2997 2816 3066 ἐντάφιον
2851 2995 2928 3066 τῷ
2957 2993 3179 3066 καθαρῷ
3219 2994 3458 3065 καθαρὸν
3493 2993 3734 3062 ἐπιεαιηε

2181 3090 2272 3143 τὸν
2309 3089 2484 3157 λόγον,
2521 3087 2633 3140 ἀλλ’
2660 3088 2746 3140 ἵνα
2793 3087 2888 3139 καὶ
2917 3089 3030 3148 τοῖς
3059 3085 3235 3147 ἄλλοις
3268 3083 3556 3144 εὐσεϐείας
3589 3099 3735 3154 χαρα-

2185 3178 2382 3248 κτῆρα,
2413 3178 2509 3250 τὴν
2552 3177 2756 3231 ἐκείνου
2789 3177 3044 3248 προθείης
3085 3177 3355 3229 πολιτείαν
3385 3193 3444 3227 τε
3477 3176 3575 3227 καὶ
3619 3191 3737 3244 παρα

2181 3269 2386 3324 αίνεσιν
2417 3270 2545 3340 (84).
2582 3270 2740 3340 Ἡμῖν
2793 3269 2847 3322 δὲ
2878 3270 3004 3340 περ).
3051 3267 3196 3337 ζωῆς
3223 3268 3315 3319 καὶ
3362 3267 3598 3320 θανάτου
3633 3265 3740 3334 βρα-

2181 3361 2279 3431 χέα
2322 3359 2713 3432 φιλοσοφήσας,
2762 3361 2855 3412 καὶ
2893 3360 2991 3430 τῆς
3035 3359 3176 3412 κατά
3230 3358 3390 3429 σῶμα
3443 3359 3542 3409 καὶ
3583 3357 3737 3425 ψυχὴν

2183 3454 2443 3524 συζυγίας
2476 3455 2572 3508 καὶ
2619 3453 2964 3519 διαζεύξεως,
3000 3453 3095 3506 καὶ
3125 3452 3232 3505 τῶν
3257 3451 3350 3505 δύο
3385 3451 3626 3521 κόσμων,
3657 3447 3736 3501 τοῦ

2179 3563 2240 3598 τε
2289 3546 2552 3617 παρόντος
2587 3547 2678 3599 καὶ
2721 3547 2818 3616 ούχ
2879 3545 3130 3607 ἑστῶτος,
3176 3545 3270 3596 καὶ
3318 3541 3412 3596 τοῦ
3468 3542 3740 3611 νοουμένου

2183 3637 2276 3690 καὶ
2310 3637 2586 3706 μένοντοςο
2619 3636 2712 3691 καὶ
2754 3638 2972 3698 πείσας,
3013 3632 3106 3686 τοῦ
3157 3633 3255 3703 μὲν
3304 3632 3651 3701 περιφρονεῖν
3690 3628 3742 3679 τὸ

2183 3726 2482 3798 ἀπατηλὸν,
2510 3726 2604 3779 καὶ
2646 3727 2896 3790 ἄτακτον,
2943 3725 3036 3777 καὶ
3069 3723 3376 3794 ἀνώμαλον,
3424 3724 3546 3783 καὶ,
3577 3721 3745 3788 ὥσπερ

2185 3820 2242 3871 ἐν
2291 3819 2545 3888 κύμασιν,
2590 3818 2699 3872 ἀνω
2734 3819 2826 3870 καὶ
2874 3819 3022 3871 κάτω
3076 3816 3238 3886 φέρον
3284 3830 3342 3866 τε
3378 3813 3477 3867 καὶ
3528 3811 3743 3882 φερόμε-

2183 3927 2272 3965 νον
2435 3928 2448 3940 ·
2484 3910 2574 3963 τοῦ
2609 3910 2664 3962 δὲ
2698 3907 3081 3980 προστίθεσθαι
3135 3905 3212 3976 τῷ
3261 3905 3470 3975 παγίῳ,
3516 3905 3608 3957 καί
3636 3919 3746 3954 σταο

2186 4000 2350 4073 θερῷ,
2392 4003 2484 4054 καὶ
2515 4002 2752 4066 θεοειδεῖ,
2797 4001 2890 4054 καὶ
2919 3999 3177 4062 ὡσαύτως
3217 3998 3416 4068 ἔχοντι,
3457 3997 3558 4049 καὶ
3587 3995 3747 4059 misr;

2185 4094 2449 4166 ἐλευθέρῳ
2492 4095 2733 4166 ταραχῆς
2783 4095 2876 4146 καὶ
2933 4091 3265 4162 συγχύσεως.
3315 4088 3476 4140 Οὕτω
3524 4085 3635 4155 γὰρ
3691 4083 3745 4135 ἂν

2184 4181 2346 4258 ἦττον
2390 4186 2582 4257 ἀνιῷεν
2622 4188 2771 4256 ἡμᾶς
2811 4187 2861 4237 οἱ
2895 4182 3440 4255 προεκδημήσαντες·
3491 4176 3628 4232 ἀλλὰ
3665 4175 3748 4226 καὶ

2185 4275 2380 4346 ἥδοιεν,
2420 4279 2467 4328 εί
2511 4274 2718 4328 ἐνθένδε
2759 4275 2985 4342 ἀπάγων
3028 4271 3136 4342 (86)
3175 4273 3319 4340 ἡμᾶς
3361 4270 3390 4320 ό
3427 4268 3611 4336 λόγος,
3653 4266 3751 4318 ἀνω

2186 4364 2381 4436 τιθείη,
2424 4366 2519 4419 καὶ
2566 4365 2626 4418 τὸ
2674 4365 2845 4436 παρὸν
2885 4362 3043 4434 ἀηδὲς
3081 4360 3488 4431 ἐναποκρύπτοι
3519 4357 3599 4426 τῷ
3642 4354 3751 4424 μὲλ-

2193 4461 2371 4526 λοντι,
2419 4461 2512 4513 καὶ
2563 4457 2770 4521 πείθοι,
2818 4457 2900 4508 ὅτι
2952 4456 3044 4506 καὶ
3093 4453 3245 4507 αὐτοὶ
3293 4451 3448 4522 παρὰ
3489 4448 3753 4514 Δεσπότην

2196 4554 2401 4621 ἀγαθὸν
2457 4550 2821 4620 ἐπειγόμεθα,
2872 4548 2964 4601 καὶ
3019 4545 3240 4617 βελτίων
3274 4545 3308 4614 ἡ
3363 4543 3621 4596 κατοικία
3668 4539 3753 4608 τῆς

2189 4645 2482 4717 παροικίας
2502 4662 2515 4675 ’
2550 4652 2641 4697 καὶ
2669 4646 2805 4712 ὅπερ
2831 4641 2948 4694 ἐστὶ
2981 4642 3090 4702 τοῖς
3123 4638 3344 4691 πλέουσι
3375 4635 3543 4706 λιμὴν
3573 4632 3750 4692 εωιος,

2188 4737 2346 4791 τοῦτο
2384 4740 2495 4800 τοῖς
2543 4735 2772 4790 ἐνταῦθα
2824 4731 3241 4804 χειμαζομένοις
3291 4731 3324 4800 ή
3367 4730 3552 4781 ἐκεῖσε
3605 4723 3754 4795 μετά·

2192 4847 2380 4892 στασις
2408 4828 2500 4882 καὶ
2534 4828 2818 4898 μετάθεσις
2847 4829 2990 4897 (87)·
3029 4824 3060 4895 ἢ
3091 4824 3278 4892 ὥσπερ
3309 4821 3359 4874 οἱ
3391 4819 3615 4890 μακράν
3653 4816 3755 4868 ὁδὸν

2192 4920 2718 4992 προκαταλύσαντες,
2757 4919 2865 4972 τῶν
2905 4914 3321 4986 ὁδοιπορούντων
3362 4914 3458 4966 καὶ
3506 4907 3755 4981 μοχθούν-

2226 5301 2237 5312 ο
2269 5229 2380 5299 (ει)
2423 5230 2802 5297 Παραίνεσιν.
2838 5225 3001 5280 Coisl.
3033 5225 3084 5288 l,
3128 5223 3467 5294 προαίρεσιν,
3519 5237 3541 5272 ς
3570 5232 3751 5290 propo-

2195 5313 2377 5440 sulggj
2406 5319 2602 5438 ’vlrépor
2623 5369 2795 5421 τεκαὶ
2821 5367 3161 5436 φερόμενον.
3199 5382 3217 5414 ι
3248 5361 3360 5428 Qua
3385 5360 3532 5415 ferat
3555 5374 3611 5413 et
3634 5361 3752 5410 lera-

2203 5452 2385 5583 w'liil’i)
2436 5507 2718 5583 ’Arrdrwr.
2748 5508 2876 5577 Reg.
2909 5522 2960 5573 a,
2989 5503 3308 5583 ἀπαγαγών.
3378 5573 3391 5582 _
3422 5571 3435 5583 .

2294 5581 2385 5651 87)
2424 5580 2530 5634 Καὶ
2573 5576 2907 5649 μετάθεσις.
2961 5595 2980 5628 ι
3013 5576 3078 5651 Et
3127 5576 3537 5651 transpositin._
3556 5583 3752 5637 pernm-

2205 5642 2398 5707 talio.'i
2441 5642 2592 5704 Deesi
2643 5652 2692 5703 iu
2755 5642 2882 5720 lteg.
2917 5663 2966 5702 a.
3013 5645 3123 5699 Vox
3167 5660 3293 5698 sane
3332 5642 3633 5713 superﬂua.
3677 5651 3755 5687 nec

2205 5739 2236 5778 δ
2269 5722 2423 5778 Billio
2457 5721 2686 5777 reddita.
