3852 6408
112 440 191 502 989
961 420 1223 482 ORATIO
1261 421 1451 480 XVIII.
1497 454 1561 464 —
1601 419 1943 478 FUNEBRIS
1978 418 2046 476 IN
2083 416 2385 474 PATREM.
3184 406 3290 463 990

111 577 194 618 των
213 551 282 610 ἔτι
321 551 471 625 ῥᾴους
512 547 606 603 καὶ
642 545 1006 618 ἀπονώτερον
1041 545 1214 610 οὕτως
1246 546 1296 599 οί
1346 544 1457 618 (88)
1498 546 1656 606 ἔπι-λ

1775 545 1978 600 tbitatio
2009 541 2444 615 peregrinatione
2480 535 2669 592 melior
2691 542 2746 590 et
2795 528 3142 604 prastantior
3187 529 3288 590 sit;

112 650 312 723 τυχόντες
357 639 443 696 τοῦ
473 641 590 693 ἐκεῖ
627 637 1038 708 καταλύματος,
1074 637 1183 692 τῶν
1213 638 1292 692 ἔτι
1345 637 1442 708 τὴν
1486 653 1613 690 σκο-

1775 637 1972 706 todque
2021 634 2398 704 navigantibus
2454 627 2770 698 tranquillus
2803 634 2989 694 portus
3026 632 3132 684 est,
3184 621 3285 674 hoc

241 734 324 790 ml
353 728 638 802 κρημνώδη
667 725 761 781 τοῦ
790 727 904 799 βίον
931 727 1119 781 τούτου
1145 727 1449 800 τεμνόντων
1475 725 1613 792 ὁδὸν,

1775 741 1812 791 5,
1843 728 1933 795 qui
1965 725 2122 795 hujus
2151 725 2275 779 vitae
2303 721 2550 793 procellis
2585 717 2880 788 agitantur,
2913 713 3171 784 migratio
3220 712 3288 764 ad

109 827 320 902 ἀμείνους
347 821 436 875 καὶ
462 819 824 891 άνεκτότεροι.

1780 831 1948 872 teram
2001 820 2162 871 vitam
2203 817 2430 871 exsistat
2459 821 2588 868 :aut
2632 811 2794 866 etiam
2838 803 3293 879 quemadmodum

1938 907 1949 922 ι
2020 907 2053 922 ,ο
2145 907 2156 922 ι
2217 908 2272 922 ιγ
2325 910 2359 922 --
2448 917 2594 922 -η---
2676 902 2758 922 --_:
2819 900 2989 922 -JI-..-
3061 897 3163 922 :0..-
3217 890 3293 922 fa,

111 920 389 991 qnilongum
419 911 517 964 iter
539 909 744 980 priores
767 907 1132 974 confecerunt,
1179 907 1356 961 minus
1383 903 1709 962 diﬂicultatis
1741 921 1805 961 ac
1843 907 2104 961 molestiae
2145 907 2389 968 habent,
2441 917 2600 973 quam
2671 902 2760 973 qui
2818 900 2991 954 adhuc
3061 897 3163 951 iter
3217 890 3297 946 fa-

107 1019 241 1075 ciunt,
269 1019 420 1077 atque
453 1005 508 1058 in
538 1003 717 1058 labore
741 1011 1064 1067 versantur;
1091 1001 1166 1057 ita
1197 1000 1525 1058 tolerabilior
1553 1011 1606 1056 et
1636 1002 1829 1058 melior
1871 1015 2056 1056 eorum
2101 998 2338 1055 conditio
2389 998 2483 1062 sit,
2542 995 2632 1066 qui
2695 992 2763 1047 ad
2822 990 2952 1046 illud
3003 988 3295 1054 hospitium

106 1116 188 1184 jatn
231 1109 590 1177 pervenerunt,
644 1114 804 1168 quam
854 1097 948 1168 qui
1000 1098 1276 1152 sinuosum
1332 1097 1506 1152 adhuc
1561 1107 1616 1151 et
1653 1111 1894 1169 praeceps
1935 1095 2092 1165 hujus
2112 1096 2236 1150 vita:
2258 1094 2359 1149 iter
2382 1091 2710 1147 emetiuntur

155 1173 447 1294 A'."Hpi;.
469 1190 565 1262 μὲν
605 1188 746 1243 οὐτω
793 1189 1198 1261 παραμυθήσῃο
1245 1189 1342 1261 τὴν
1393 1188 1626 1260 ποίμνην

1805 1190 1896 1246 IV.
1925 1190 2000 1244 Ac
2030 1203 2128 1243 nos
2169 1187 2384 1257 quidem
2423 1185 2488 1237 ad
2539 1183 2678 1234 hunc
2713 1179 2929 1233 modum
2979 1173 3296 1230 consolabe-

1775 1288 1782 1294 .
1883 1284 1912 1294 Α
2219 1290 2229 1294 -
2373 1293 2376 1294 ,
2435 1288 2502 1294 _.A
2548 1289 2752 1294 A,__-_-__
2776 1272 2799 1294 0
2852 1270 3088 1294 Π-ιηιηηι
3119 1267 3160 1294 με
3203 1281 3264 1294 nn
3287 1293 3295 1294 κ

105 1296 146 1349 δὲ
169 1291 293 1354 πῶς;
334 1282 547 1355 Πρῶτον
584 1283 680 1354 μὲν
710 1282 809 1354 τὴν
846 1284 943 1352 σὴν
982 1282 1347 1352 ὑποσχόμενος
1395 1283 1624 1335 ἐπιστα-

1775 1288 1838 1344 ἱε.
1876 1284 2119 1353 Quonam
2145 1290 2323 1334 autem
2356 1288 2513 1349 pacto
2541 1272 2799 1346 gregem?
2852 1270 3090 1325 Primum
3118 1267 3162 1321 si
3201 1281 3298 1320 cn-

106 1388 200 1441 σίαν
239 1381 324 1436 καὶ
369 1375 684 1448 ἡγεμονίαν,
712 1367 773 1428 οὗ
813 1377 945 1428 πᾶσι
997 1373 1160 1428 καλὸν
1205 1374 1308 1428 ὑπὸ
1354 1373 1454 1438 τὰς
1500 1373 1628 1426 πτέ-

1775 1395 1848 1434 im
1885 1385 2032 1432 tuam
2067 1382 2122 1428 et
2145 1375 2363 1428 ductum
2413 1379 2581 1434 tuum,
2614 1365 2717 1420 hoc
2744 1371 2846 1426 est,
2890 1361 3005 1430 ejus
3029 1358 3152 1421 viri,
3201 1357 3302 1412 sub

107 1492 240 1553 ρυγας
290 1467 698 1533 ἀναπαύεσθαι,
747 1467 841 1520 καὶ
889 1461 950 1520 οῦ
995 1465 1235 1536 διψῶμεν
1293 1465 1394 1534 τῆς
1445 1465 1628 1534 φωνῆς

1775 1474 1885 1542 Ltjus
1942 1468 2134 1539 pennis
2193 1465 2534 1536 requiescere
2605 1457 2856 1514 omnibus
2907 1455 3188 1526 pulchrum
3240 1467 3303 1505 ac

104 1567 339 1644 μᾶλλον,ἤ
371 1563 551 1633 πηγῆς
579 1563 675 1634 τῆς
716 1559 1108 1630 καθαρωτάτης
1149 1560 1197 1612 οἱ
1223 1557 1362 1628 δίψει
1400 1559 1633 1628 κάμνον-

1777 1564 2055 1619 raeclarutn
2113 1566 2235 1624 est,
2282 1565 2337 1612 et
2391 1554 2541 1622 cujus
2607 1565 2795 1604 vocem
2867 1547 3038 1616 magis
3095 1545 3306 1600 sitimus

102 1682 185 1728 τες.
218 1661 465 1728 Δεύτερον
495 1656 551 1709 δὲ
581 1656 804 1718 πείσας,
851 1654 924 1716 ὼς
954 1653 1074 1705 οὐδὲ
1112 1651 1206 1705 νῦν
1249 1653 1395 1722 ἡμᾶς
1437 1649 1634 1706 ἀπολέ-

1779 1671 1900 1710 nam
1915 1651 2235 1724 purissimos
2259 1647 2455 1711 fontes,
2477 1645 2535 1709 ii,
2555 1643 2644 1713 qui
2668 1642 2756 1698 siti
2782 1639 3061 1705 laborant,
3090 1651 3195 1690 non
3217 1637 3309 1690 de-

102 1757 251 1807 λοιπεν
277 1752 303 1803 ὁ
333 1749 542 1820 Ποιμὴν
571 1749 599 1800 ὁ
636 1745 817 1809 καλὸς,
860 1747 888 1798 ὁ
918 1743 1089 1807 τιθεὶς
1133 1743 1231 1814 τὴν
1273 1741 1447 1814 ψυχὴν
1496 1741 1634 1812 ὑπὲρ

99 1845 183 1897 τῶν
216 1840 527 1914 προϐάτων*
564 1835 701 1891 ἀλλὰ
751 1835 845 1890 καὶ
892 1834 1146 1906 πάρεστι,
1183 1834 1277 1888 καὶ
1335 1833 1633 1904 ποιμαίνει,
1668 1856 1710 1910 Β

102 1937 174 1990 καὶ
214 1934 406 2004 ὁδηγεῖ,
462 1929 556 1984 καὶ
600 1927 856 1999 γινώσκει
894 1925 961 1980 τὰ
1003 1925 1143 1991 ἴδια,
1175 1927 1267 1980 καὶ
1317 1924 1638 1996 γινώσκεται

100 2029 182 2083 ὑπὸ
230 2026 330 2080 τῶν
395 2023 572 2078 ἰδίων·
626 2019 956 2092 σωματικῶς
1007 2020 1104 2091 μὲν
1171 2020 1270 2091 οὐχ
1331 2018 1638 2092 ὁρώμενος,

101 2114 446 2189 πνευματικῶς
478 2114 539 2167 δὲ
580 2112 986 2183 συγγινόμενος,
1023 2113 1118 2164 καὶ
1145 2109 1504 2183 προπολεμῶν
1540 2109 1639 2178 τῆς

96 2212 297 2281 ποίμνης
334 2205 480 2260 κατὰ
516 2205 626 2258 τῶν
654 2204 854 2267 λύκων,
893 2203 985 2256 καὶ
1014 2201 1186 2255 οὐδενὶ
1225 2199 1519 2273 συγχωρῶν
1556 2199 1645 2252 διὰ

99 2305 178 2374 τῆς
202 2300 364 2370 αὐλῆς
414 2296 801 2369 ὑπερϐαίνοντι
839 2292 1147 2366 λῃστρικῶς
1185 2310 1243 2346 τε
1285 2294 1379 2347 καὶ
1429 2291 1646 2345 ἐπιϐού-

94 2399 195 2459 λως.
235 2394 357 2466 ξένῃ
391 2393 549 2461 φωνῇ
584 2388 911 2459 κατασύρειν
944 2387 1038 2440 καὶ
1081 2385 1424 2440 διακλέπτειν
1467 2382 1646 2454 ψυχάς

97 2493 145 2559 τῇ
184 2484 401 2557 ἀληθείᾳ
449 2481 636 2546 καλῶς
686 2481 950 2552 ὴγμένας.
1016 2478 1283 2550 Πείθομαι
1323 2479 1391 2542 δ’,
1433 2478 1512 2530 ὅτι
1554 2477 1649 2529 καὶ

94 2585 143 2651 τῇ
166 2577 420 2652 πρεσϐείᾳ⁵
463 2575 564 2629 νῦν
603 2573 824 2645 μᾶλλον,
858 2574 890 2644 ἢ
919 2572 1182 2644 πρότερον
1209 2574 1274 2642 τῇ
1308 2569 1646 2640 διδασκαλίᾳ,

96 2676 181 2743 ὅσῳ
215 2671 304 2724 καὶ
336 2669 546 2740 μᾶλλον
579 2665 788 2736 ἐγγίζει
818 2663 955 2735 Θεῷ,
993 2664 1092 2728 τὰς
1129 2663 1444 2735 σωματικὰς
1483 2662 1650 2725 πέδας

93 2761 522 2833 ἀποσεισάμενος,
560 2758 781 2828 καὶτῆς
835 2755 1190 2827 ὲπιθολούσης
1226 2756 1316 2808 τὸν
1341 2753 1465 2808 νοῦν
1509 2754 1652 2816 ίλύος

94 2855 486 2926 ἀπηλλαγμένος
510 2892 527 2917 ,
571 2852 664 2904 καὶ
710 2848 902 2920 γυμνῷ
942 2849 1149 2919 γυμνὸς
1193 2847 1533 2916 ἐντυγχάνων
1574 2846 1653 2915 τῷ

92 2946 261 3017 πρώτῳ
304 2946 400 2998 καὶ
450 2942 832 3014 καθαρωτάτῳ
873 2939 972 3002 νοῒ,
1011 2938 1218 3003 τάξεως
1278 2939 1374 2992 καὶ
1439 2938 1655 3008 παρρη-

93 3039 189 3099 σίας
211 3035 542 3105 ἁγγελικῆς,
574 3036 623 3087 εί
662 3031 734 3104 μὴ
765 3031 1031 3102 τολμηρὸν
1064 3029 1220 3082 τοῦτο
1249 3030 1444 3092 εἰπεῖν,
1476 3026 1656 3092 ἀξιού-

91 3148 242 3201 μενος.
274 3130 464 3183 Ταῦτα
498 3129 604 3200 μὲν
635 3124 726 3181 οῦν
757 3127 865 3199 (89)
898 3125 1059 3189 αὐτὸς
1096 3125 1371 3197 διαθήσεις
1393 3125 1487 3178 καὶ
1513 3121 1660 3194 φιλο-

1681 1729 1692 1746 ’
1747 1727 1986 1802 futurum
2018 1741 2345 1814 pollicearis.
2374 1736 2576 1791 Deinde
2614 1735 2657 1790 si
2684 1747 2784 1787 nos
2810 1747 2875 1786 eo
2911 1727 3226 1792 adduxeris,
3254 1737 3310 1779 ut

1742 1838 1811 1893 ab
1834 1836 1923 1892 illo
1959 1835 2101 1890 bono
2136 1831 2378 1895 Pastore,
2401 1829 2492 1900 qui
2529 1843 2626 1898 pro
2659 1824 2852 1880 ovibus
2881 1823 3116 1876 animam
3153 1833 3308 1874 suam

1741 1931 1919 2000 posuit
1940 1926 2008 1993 '9,
2044 1939 2141 1979 nos
2173 1937 2238 1978 ne
2263 1935 2403 1976 nunc
2436 1919 2652 1990 quidem
2679 1917 2894 1972 relictos
2918 1928 3038 1970 esse
3066 1909 3310 1968 conﬁda-

1741 2036 1898 2085 mus;
1943 2018 2071 2088 quin
2119 2014 2301 2086 potius
2347 2027 2493 2075 eum,
2543 2019 2597 2065 et
2637 2008 2848 2070 adesse,
2875 2015 2930 2060 et
2977 2016 3221 2074 pascere,
3259 2008 3315 2054 et

1743 2114 2038 2176 deducere,
2063 2119 2117 2165 et
2153 2122 2282 2164 oves
2311 2120 2438 2161 suas
2461 2114 2809 2172 cognoscere,
2837 2106 2889 2152 et
2923 2112 2954 2150 a
2982 2098 3096 2151 suis
3120 2109 3315 2164 cogno-

1743 2209 1844 2272 sci,
1873 2219 1977 2260 non
2013 2202 2162 2255 illum
2189 2198 2407 2269 quidem
2441 2207 2702 2262 corporeo
2731 2189 2892 2246 modo
2923 2201 3044 2244 sese
3066 2196 3318 2256 spectan-

1746 2298 1870 2352 dum
1923 2293 2281 2365 prmbeutem,
2314 2287 2407 2344 sed
2446 2281 2783 2355 spiritualem
2834 2281 2887 2335 in
2939 2279 3158 2333 modum
3221 2290 3319 2328 no-

1748 2389 1954 2443 hiscum
2001 2392 2333 2444 versantem,
2383 2393 2449 2432 ac
2504 2391 2601 2445 pro
2651 2388 2815 2446 grege
2855 2369 3114 2424 adversus
3165 2367 3320 2435 lupos

1748 2486 2099 2550 pugnantem,
2145 2486 2243 2526 nec
2285 2483 2636 2540 quemquam,
2687 2463 2996 2533 praedonum
3050 2472 3220 2522 more,
3258 2471 3323 2508 ac

1750 2588 1846 2642 per
1874 2567 2124 2633 insidias,
2157 2564 2368 2620 caulam
2403 2559 2696 2622 transilire,
2728 2567 2890 2624 atque
2935 2553 3146 2606 animas
3178 2549 3324 2604 veri—

1752 2673 1863 2719 tate
1902 2671 2048 2717 recte
2093 2659 2369 2712 institutas
2401 2650 2689 2723 peregrina
2732 2659 2866 2702 voce
2909 2643 3214 2698 distrahere
3261 2653 3327 2692 ac

1753 2756 2034 2825 subripere
2087 2752 2373 2807 sinentem.
2436 2745 2546 2800 Nec
2598 2742 2783 2798 dubito
2829 2738 2958 2809 quin
3015 2735 3120 2789 hoc
3183 2745 3328 2786 nunc

1755 2862 1974 2920 quoque
2001 2854 2146 2898 tanto
2194 2840 2367 2909 magis
2405 2834 2786 2907 deprecatione
2833 2843 2952 2893 sua,
2989 2840 3150 2897 quam
3179 2822 3330 2907 prius

1759 2937 2302 3004 doctrina,--praestet,
2335 2936 2537 2999 quanto
2590 2939 2732 2978 nunc
2779 2919 2950 2988 magis
2985 2917 3094 2970 Deo
3127 2902 3330 2983 appro-

1758 3031 2004 3100 pinquat,
2034 3035 2092 3079 ut
2130 3024 2221 3093 qui
2259 3033 2543 3088 corporeas
2588 3013 2876 3080 compedes
2913 3006 3234 3068 excusserit,
3262 3018 3326 3055 ac

1761 3120 1892 3173 limo
1922 3117 2013 3171 illo
2042 3114 2243 3168 mentis
2267 3111 2552 3182 puritatem
2593 3103 2886 3163 inliciente,
2941 3099 3204 3153 liberatus
3234 3093 3327 3157 sit,

91 3225 320 3293 σοφήσεις
361 3219 662 3292 ἄμεινονῆ
705 3220 780 3282 ὡς
813 3218 880 3272 ἂν
924 3218 1084 3280 αὐτὸς
1121 3215 1531 3288 παραδείξαιμι,
1566 3216 1656 3268 καὶ

1775 3211 2052 3277 nudusque
2101 3221 2224 3260 cum
2271 3201 2414 3256 nuda
2461 3198 2703 3269 principe
2739 3203 2795 3251 et
2826 3190 3114 3264 purissima
3157 3198 3337 3241 mente

87 3313 218 3383 λόγου
252 3313 492 3384 δυνάμει
524 3311 625 3364 καὶ
656 3309 984 3380 πνεύματος.
1022 3309 1139 3361 Ἵνα
1161 3307 1216 3359 δὲ
1251 3306 1325 3378 μὴ
1351 3307 1419 3359 ’δι’
1440 3307 1660 3374 άγνοιαν

87 3407 174 3458 τῶν
223 3406 441 3459 ἐκείνου
505 3401 694 3457 καλῶν
762 3399 1047 3472 παραπολύ
1097 3399 1197 3470 τῆς
1243 3397 1398 3462 ἀξίας
1441 3399 1469 3450 ὁ
1506 3395 1661 3464 λόγος

87 3497 356 3569 ἐλαττωθῇ,
407 3495 637 3568 βραχέα
669 3494 768 3564 τῆς
801 3492 1098 3564 εὐφημίας,
1132 3490 1193 3555 ἐξ
1225 3483 1298 3543 ὧν
1335 3488 1495 3552 αὐτὸς
1541 3505 1664 3541 συν-

88 3592 366 3662 επίσταμαι
425 3589 516 3660 τῷ
576 3585 886 3648 ἀπελθόντι,
935 3584 1334 3655 σκιαγραφήσω
1384 3581 1529 3651 (90),
1571 3578 1664 3631 καὶ

88 3682 428 3755 προχαράξω,
458 3681 568 3734 καὶ
603 3677 912 3749 παραδώσω
945 3693 1046 3740 σοι,
1073 3675 1151 3746 τῷ
1183 3674 1332 3744 καλῷ
1356 3673 1464 3726 τῶν
1486 3664 1674 3724 ’τοιού-

86 3791 176 3827 των
207 3776 444 3844 γραφεῖ,
473 3771 590 3841 τῆς
623 3769 827 3840 ἀρετῆς
878 3769 974 3839 τῆς
1011 3766 1217 3821 ἐκείνου
1252 3766 1312 3818 τὸ
1343 3763 1535 3827 κάλλος
1569 3764 1675 3815 ἁπ-

90 3867 408 3938 ακριὸῶσαι,
457 3866 568 3919 καὶ
617 3859 955 3935 παραδοῦναι
976 3863 1096 3924 ταῖς
1130 3861 1347 3915 πάντων
1376 3860 1568 3920 ἀκοαῖς
1614 3873 1674 3908 τε

87 3961 165 4012 καὶ
194 3960 494 4021 διανοίαις.

1767 3312 2036 3366 versetur,
2083 3297 2312 3368 angelici
2365 3293 2572 3350 ordinis
2619 3289 2934 3360 dignitatem
2982 3293 3038 3340 et
3083 3280 3335 3336 ﬁduciam

1769 3396 1894 3469 (nisi
1937 3394 2041 3448 hoc
2072 3394 2214 3447 dictu
2263 3391 2437 3444 audax
2479 3385 2583 3458 est)
2632 3391 2971 3439 consecutus.
3002 3378 3079 3432 Ac
3119 3385 3173 3428 tu
3219 3373 3339 3442 qui-

1771 3489 1894 3543 dem
1943 3500 2042 3556 pro
2092 3499 2155 3537 ea
2215 3479 2482 3536 sermonis
2531 3486 2584 3532 et
2633 3475 2861 3546 spiritus
2917 3469 3189 3528 facultate,
3231 3480 3336 3534 qua

1775 3579 1969 3652 polles,
2013 3578 2214 3633 rectius
2245 3576 2358 3644 ipse
2389 3587 2483 3642 per
2519 3580 2590 3634 te,
2620 3583 2780 3638 quam
2823 3563 2916 3618 tibi
2964 3576 3062 3631 ego
3102 3557 3340 3613 indicare

1777 3649 2008 3744 possim,
2043 3669 2348 3726 constitues
2377 3679 2440 3719 ac
2466 3657 2952 3734 philosophabcris.
2971 3653 3048 3707 Ne
3074 3661 3253 3705 autem
3274 3649 3343 3702 ob

1775 3742 2039 3819 virtutum
2101 3760 2247 3816 illius
2304 3755 2701 3826 ignorationem
2753 3749 2931 3806 oratio
2979 3744 3139 3816 333
3205 3742 3345 3796 infra

1777 3857 2105 3926 dignitatem
2144 3851 2300 3920 longe
2349 3847 2631 3911 subsistat,
2662 3845 2853 3898 breves
2886 3843 3148 3909 quasdam
3183 3848 3346 3890 enco-

1747 3951 1866 4018 ,ιιιίἰ
1930 3957 2142 4017 partes,
2178 3959 2244 3997 ex
2285 3943 2376 4006 iis,
2409 3955 2530 4009 quae
2591 3939 2644 3991 in
2695 3935 2948 3990 defuncto
2995 3928 3214 3998 agnovi,
3256 3926 3350 3980 de-

85 4056 303 4120 lineabo,
351 4069 539 4128 atque
601 4052 962 4118 adumbrabo,
1014 4067 1078 4104 ac
1147 4049 1242 4104 tibi
1311 4048 1482 4118 perito
1558 4044 1862 4114 huiusmodi
1927 4057 2106 4099 rerum
2149 4038 2394 4110 pictori,
2439 4033 2655 4088 virtutis
2699 4030 2844 4084 illius
2895 4021 3352 4098 pulchritudinem

86 4152 385 4204 accuratius
427 4147 850 4218 expolieudam,
883 4154 1044 4212 atque
1090 4141 1331 4196 omnium
1366 4139 1673 4194 mortalium
1710 4137 1931 4192 auribus
1965 4143 2020 4189 et
2056 4132 2250 4188 animis
2280 4127 2616 4190 tradendam,
2651 4125 2810 4178 dabo.

145 4245 215 4300 E'.
266 4245 530 4306 Ἐκεῖνος
569 4241 751 4294 τοίνυν
785 4237 903 4308 (ἵνα
939 4236 1190 4308 πατρίδα,
1234 4236 1328 4289 καὶ
1361 4226 1549 4304 γένοςξ
1591 4252 1656 4287 κα

1867 4230 1934 4285 ν.
1957 4227 2052 4282 Ille
2080 4228 2242 4298 igitur
2266 4226 2346 4296 (ut
2373 4223 2627 4292 patriam,
2667 4232 2859 4286 geuus,
2895 4210 3135 4280 corporis
3174 4208 3349 4270 dctes,

84 4333 317 4406 σώματος
372 4335 636 4405 εὐφυΐαν
699 4331 848 4401 (9i),
907 4329 1001 4383 καὶ
1045 4328 1143 4399 τὴν
1200 4326 1398 4394 ἔξωθεν
1452 4325 1688 4397 περιφά-

84 4445 236 4492 νειαν,
275 4429 379 4482 καὶ
410 4427 610 4482 τᾶλλα
642 4421 722 4488 οἷς
757 4425 895 4496 μέγα
931 4421 1216 4493 φρονοῦσιν
1247 4419 1544 4491 ἄνθρωποι,
1574 4421 1688 4482 τοῖς

80 4521 173 4574 τῶν
211 4521 538 4591 ἐγκωμίων
578 4518 768 4589 νόμοις
800 4517 1015 4588 παρεὶς,
1059 4519 1121 4566 ἐκ
1149 4513 1258 4565 τῶν
1292 4515 1422 4583 ἡμῖν
1458 4512 1689 4582 πρώτων

83 4616 164 4667 καὶ
195 4613 582 4668 οἰκειοτάτων
621 4610 919 4681 ἄρξωμαι),
965 4605 1122 4678 ῥίζης
1155 4604 1369 4672 ἐγένετο
1409 4601 1692 4672 βλάστημα

80 4708 166 4760 οὐκ
193 4707 544 4776 ὲπαινετῆς,
588 4702 713 4756 οὐδὲ
758 4699 990 4770 εὐφυοῦς
1024 4699 1103 4761 είς
1143 4695 1424 4749 εὐσέϐειαν
1457 4693 1539 4764 (οὐ
1584 4692 1694 4761 γάρ

82 4798 406 4869 αἰσχύνομαι
445 4798 585 4859 τοῖς
625 4791 883 4864 πρώτοις,
920 4792 1032 4852 τοῖς
1060 4786 1390 4847 τελευταίοις
1431 4781 1693 4853 θαρρῶν),

79 4889 186 4942 οὐδὲ
218 4892 278 4942 ὲν
319 4889 408 4959 τῷ
443 4887 607 4956 οἴκῳ
652 4883 744 4936 τοῦ
778 4881 910 4935 Θεοῦ
956 4877 1395 4950 πεφυτευμένης,
1424 4874 1561 4928 ἀλλὰ
1603 4873 1697 4926 καὶ

79 4981 188 5035 λίαν
232 4983 459 5037 ἀτόπου
533 4979 646 5033 καὶ
683 4976 1004 5030 -άλλοκότου
1073 4972 1217 5043 (9‘2),
1270 4974 1335 5024 ἐκ
1386 4969 1528 5022 δυοῖν
1587 4971 1697 5020 τοῖν

79 5076 515 5131 ἐναντιωτάτων
566 5067 1056 5141 συγκεκραμένης,
1095 5063 1414 5133 Ἑλληνικῆς
1453 5077 1513 5113 τε
1561 5059 1699 5112 πλά-

81 5186 189 5239 νης,
227 5169 329 5223 καὶ
359 5166 638 5239 νομικῆς
668 5161 977 5234 τερατείας·
1015 5152 1089 5212 ὧν
1128 5153 1450 5226 ἀμφοτέρων
1487 5149 1556 5202 τὰ
1592 5147 1701 5219 (95)

81 5263 212 5334 μέρη
255 5262 497 5333 φυγὼν,
554 5259 634 5309 ὲκ
669 5253 850 5325 μερῶν
894 5249 1174 5318 συνετέθη.
1207 5246 1318 5315 Τῆς
1362 5243 1459 5312 μὲν
1499 5241 1609 5312 γὰρ
1635 5239 1704 5292 τά

87 5353 281 5407 εἴδωλα
329 5352 441 5406 καὶ
490 5348 617 5411 τὰς
660 5345 851 5407 Θυσίας
898 5337 1368 5410 ἀποπεμπόμενοι,
1400 5333 1600 5404 τιμῶσι
1647 5331 1706 5384 τὸ

140 5469 185 5501 ³⁵
207 5468 378 5524 Joan.
433 5482 500 5532 ι,
563 5459 638 5516 Η

141 5610 256 5681 (88)
304 5613 402 5681 Οἱἐ
443 5606 560 5681 Sig
604 5603 750 5681 Reg,
776 5609 906 5681 a,net
932 5597 1026 5653 0r.
1060 5598 1116 5681 LI
1142 5596 1298 5649 Deest
1324 5594 1384 5681 li‘n
1411 5591 1497 5681 ed.

526 5661 791 5750 Dees‘fin
816 5661 1072 5750 'BneggLa,
1106 5670 1292 5750 bm,‘et
1322 5663 1416 5750 0_r.
1445 5661 1495 5750 I.‘

142 5732 257 5816 (‘Dttl
303 5732 815 5819 ἐκιαγραςςήσω.
851 5732 1126 5810 δῖίιὶεεε.
1149 5755 1201 5804 a,
1227 5738 1334 5791 bm.
1363 5735 1418 5787 In
1442 5732 1555 5796 ed.,
1579 5746 1720 5782 σκιο-

77 5826 376 5898 γραφήσω.

146 5885 260 5966 (ὥς
305 5895 642 5964 Σὼματος
696 5885 971 5955 εὐφυίαν.
1017 5900 1034 5934 ι

1067 5879 1145 5937 Ad
1192 5878 1369 5935 omnia
1421 5870 1722 5930 naturalem

1786 4329 2074 4378 eXIernum
2127 4313 2489 4384 splendorem,
2551 4319 2603 4364 et
2637 4307 2762 4370 alia,
2819 4306 2890 4360 ob
2943 4317 3062 4381 quae
3115 4298 3358 4355 homines

1785 4411 2072 4482 magniﬁce
2125 4410 2192 4462 de
2238 4421 2296 4460 se
2353 4403 2613 4462 sentiunt,
2678 4399 2744 4452 ad
2801 4394 3167 4452 encomiorum
3216 4390 3360 4458 leges

1793 4506 2090 4565 remittant,
2147 4512 2312 4568 atque
2366 4496 2432 4550 al)
2501 4494 2608 4556 his,
2676 4505 2797 4560 quae
2862 4486 3014 4564 nobis
3077 4483 3250 4554 prima
3307 4490 3361 4532 et

1795 4597 2036 4652 maxime
2078 4591 2298 4662 pr0pria
2331 4595 2474 4652 sunt,
2536 4587 2746 4639 initium
2807 4579 3020 4648 ducam)
3073 4592 3137 4630 ex
3184 4574 3363 4628 radice

1792 4701 1951 4746 ortus
1983 4698 2066 4743 est
2091 4686 2317 4740 minime
2358 4680 2630 4742 laudabili,
2667 4691 2766 4731 nec
2794 4675 2859 4729 ad
2913 4673 3167 4743 pietatem
3217 4675 3364 4723 recte

1796 4789 2110 4850 comparata
2139 4777 2272 4849 (non
2317 4776 2462 4831 enim
2504 4772 2743 4842 priorum
2795 4781 2880 4821 tne
2929 4768 3113 4834 pudet,
3150 4771 3366 4830 postre-

1805 4875 1910 4929 mis
1943 4869 2372 4939 conlidentem);
2407 4881 2506 4922 nec
2537 4866 2589 4919 in
2631 4865 2794 4918 domo
2832 4860 2924 4914 Dei
2967 4857 3230 4928 plantata,
3275 4867 3367 4909 ve-

1803 4981 1925 5020 rum
1969 4963 2260 5017 admodum
2312 4958 2543 5012 absurda
2597 4962 2652 5007 et
2688 4951 3019 5024 prodigiosa,
3056 4963 3124 5003 ex
3164 4946 3372 4999 duabus

1805 5059 1967 5112 rebus
2022 5053 2259 5109 maxime
2305 5047 2618 5110 contrariis,
2655 5047 2757 5099 hoc
2800 5053 2904 5108 est,
2938 5058 3005 5097 ex
3055 5037 3241 5110 gentili
3285 5051 3376 5090 er-

1807 5165 1931 5204 rore
1951 5159 2006 5204 et
2040 5148 2202 5217 legali
2233 5145 2476 5200 vanitate
2519 5142 2776 5205 conﬂata;
2819 5151 3049 5204 quarum
3095 5133 3378 5197 utriusque

1810 5250 1991 5311 partes
2036 5239 2298 5310 quasdam
2350 5236 2584 5302 fugiens,
2638 5248 2705 5287 ex
2764 5227 3083 5299 quibusdam
3140 5223 3380 5295 partibus

1817 5331 2049 5388 conﬂata
2102 5342 2155 5386 et
2198 5328 2498 5384 constituta
2547 5335 2653 5382 est.
2709 5323 2916 5378 Etenim
2965 5318 3108 5374 illius
3164 5315 3379 5386 quidem

1816 5588 2061 5655 corporis
2089 5587 2533 5655 dexteritatem.)

2477 5637 2682 5713 Closs.,
2741 5646 3008 5708 ἐναντίοις,
3055 5641 3231 5711 ξένης,
3261 5637 3392 5694 (adv

1825 5747 1997 5787 versa.
2031 5731 2331 5798 peregrina.
2356 5745 2374 5777 ›

1901 5799 2008 5870 (95)
2031 5793 2347 5855 ’Ίᾶ.’ῡεοει
2375 5797 2427 5851 in
2460 5795 2591 5864 Reg.
2617 5793 2727 5861 b_m.
