3852 6408
121 373 204 432 995

980 361 1236 421 ORATIO
1280 359 1470 421 XVIII.
1509 395 1578 406 —-—
1615 363 1958 422 FUNEBRIS
1994 367 2059 422 IN
2101 365 2401 423 ΡΔἸἩΕΜ.

3184 362 3292 422 υθὶ

118 497 188 549 ῦεν
226 505 379 544 ειναι.
416 481 757 557 τὴνίάγαθὴν
799 503 950 557 παρα
985 486 1081 540 τοῦ
1112 489 1319 559 Κυριου
1363 485 1624 556 συζυγίαν

1740 485 1874 544 nilus
1901 505 2042 550 esse,
2081 489 2386 557 bonumque
2430 486 2734 556 conjnglum
2787 501 2818 540 a
2851 485 3073 541 Domitio
3099 485 3288 539 conci-

117 581 419 658 ἀρμόζεσθαι.
446 578 517 629 Τὸ
555 577 596 629 δ’
641 578 774 630 αὐτὸ
822 579 894 648 (4)
923 579 1068 632 δοκεῖ
1103 581 1198 634 καὶ
1230 583 1342 643 τοῖς
1391 580 1587 643 ἔξωθεν
1609 596 1621 609 '

118 679 244 747 εἰπερ
285 669 495 724 ἐκείνων
526 668 599 739 (5)
639 670 719 730 τὸ,
771 670 1069 736 Γυναικός
1085 668 1237 737 ἀνὴρ
1258 668 1434 738 χρῆμ’
1451 668 1630 722 οὐδὲν

115 767 329 836 ,ιηίζεται
346 763 592 816 κάλλιον
601 763 884 832 ἐσθλῆςβ
893 763 995 817 aes
1005 764 1203 833 χεζοον
1214 765 1320 832 τῆς
1331 763 1623 829 ἐναντίας.

114 861 196 914 Τοῦ
223 859 272 911 δὲ
311 856 405 907 οὐκ
435 853 577 905 ἔστιν
608 855 803 918 εἰπεῖν,
835 856 978 919 ὅστις
1013 857 1151 909 κατά
1196 855 1352 909 τοῦτο
1380 856 1630 924 εὐδαιμο-

115 951 340 1018 ulmeos.
389 938 551 1012 οῖμαι
584 944 789 1014 γάρνεῖ
820 962 901 1008 τις
936 946 998 998 ἐκ
1039 946 1291 1016 περάτων
1345 945 1478 1014 γῆς’
1534 945 1628 998 καὶ

110 1039 275 1100 παντὸς
311 1036 498 1105 γένους
539 1035 859 1106 ἀνθρώπων,
891 1036 988 1108 τὴν
1019 1038 1248 1109 ἀρίστην
1286 1037 1627 1109 ἁρμόσασθαι

112 1130 332 1198 συζυγίαν
402 1126 746 1185 ἐσπούδασεν.
800 1128 901 1182 οὐκ
973 1125 1111 1182 εἶναι
1177 1129 1380 1199 ταύτης
1449 1129 1627 1200 εὑρεῖν

105 1221 278 1291 ἀμείνω
314 1217 404 1270 καί
451 1216 875 1288 ἁρμοδιωτέραν.
929 1217 1084 1271 Οὕτω
1133 1218 1243 1289 γὰρ
1279 1217 1485 1288 ἀνδρῶν
1534 1217 1625 1271 καὶ

105 1309 338 1380 γυναικῶν
361 1308 438 1369 εἰς
460 1307 514 1358 ἓν
537 1307 760 1378 συνῆλθε
781 1308 849 1362 τὰ
878 1311 1161 1381 κράτιστα,
1189 1310 1326 1362 ὥστε
1347 1311 1444 1380 οὐχ
1467 1307 1626 1382 ἦττον

101 1399 327 1474 ἀρετῆςῆ
375 1398 639 1468 σωμάτων
683 1399 931 1468 γενέσθαι
983 1401 1238 1470 συζυγίαν
1274 1403 1366 1456 τὸν
1413 1403 1621 1473 γάμον·

103 1495 198 1548 ἐπεὶ
233 1492 332 1546 τῶν
374 1490 546 1544 ἄλλων
580 1493 936 1564 κρατοῦντες,
984 1493 1225 1564 ἀλλήλων
1270 1497 1488 1566 κρατεῖν
1529 1495 1628 1546 οὐκ

97 1584 241 1657 είχον,
298 1585 383 1638 διὰ
441 1583 499 1636 τὸ
552 1585 648 1655 τῆς
705 1585 903 1657 ἀρετῆς
971 1587 1256 1658 ἰσόρροπον
1301 1587 1394 1641 καὶ
1443 1586 1626 1657 optin-

100 1697 179 1750 μον
207 1676 275 1748 (6)

1734 579 1876 634 liari.
1909 581 2022 645 Qua
2061 581 2116 634 in
2147 581 2416 634 sententia
2447 579 2658 633 externi
2682 593 2893 648 quoque
2925 589 3083 644 sunt;
3123 577 3291 645 siqui-

1733 673 1852 726 dem
1882 673 2093 726 illorum
2127 675 2228 726 hoc
2251 684 2370 727 est:
2410 673 2624 725 Nullam
2642 673 2806 742 proba
2837 687 2996 724 uxore
3023 668 3288 734 meliorem

1733 779 1839 816 rem
1865 764 2107 831 cuiquam
2136 761 2378 816 obvenire
2403 779 2569 830 posse,
2603 779 2692 816 nec
2717 779 2898 822 rursus
2926 759 3160 827 improba
3196 774 3289 826 pe-

1725 851 1916 921 jorem.
1947 850 2058 906 Hac
2088 868 2249 921 porro
2283 853 2334 905 in
2377 867 2432 906 re
2457 853 2556 906 dici
2590 868 2692 906 nou
2724 861 2897 920 potest
2919 851 3041 919 quis
3065 866 3129 905 eo
3172 849 3291 902 feli-

1732 945 1846 998 cior
1867 945 2157 998 exstiterit.
2188 943 2278 996 Sic
2297 944 2440 998 enim
2477 945 2746 1008 existimo,
2780 944 2825 996 si
2861 943 2982 1012 quis
2998 943 3065 995 ab
3088 941 3289 996 ultimis

1734 1043 1997 1088 terrarum
2033 1033 2248 1096 finibus,
2298 1045 2459 1102 atque
2493 1051 2558 1089 ex
2589 1035 2838 1088 universo
2871 1029 3144 1089 hominum
3196 1048 3291 1101 ge-

1732 1139 1882 1188 nere,
1928 1124 2426 1191 przestantissimum
2477 1126 2781 1194 conjuginm
2824 1125 3114 1180 conciliare
3167 1134 3284 1178 stu-

1731 1215 1957 1279 duisset,
1994 1213 2191 1267 nullum
2222 1231 2444 1282 usquam
2479 1217 2580 1270 hoc
2631 1217 2970 1286 praestantius
3003 1217 3286 1284 aptiusque

1735 1309 1953 1376 reperiri
2003 1307 2253 1376 potuisse.
2301 1307 2374 1360 Ita
2425 1308 2567 1362 enim
2616 1311 2850 1362 virorum
2899 1323 2962 1362 ac
3004 1307 3283 1360 mulierum

1731 1399 1927 1467 optima
1951 1408 2005 1450 et
2038 1399 2444 1467 prmelarissuna
2477 1413 2703 1467 qumqne
2749 1400 2798 1451 in
2827 1414 2988 1450 unuut
3011 1395 3288 1452 conﬂuxe-

1735 1498 1873 1552 rant,
1929 1498 1988 1543 ut
2036 1490 2138 1544 hoc
2193 1491 2614 1554 matrimonium,
2667 1506 2771 1542 non
2824 1492 3000 1542 minus
3052 1487 3286 1552 virtutis,

1731 1597 1888 1650 quam
1924 1595 2229 1649 corporum,
2266 1597 2436 1635 nexus
2468 1593 2634 1636 esset.
2663 1580 2793 1633 Nam
2837 1596 2958 1633 eum
2987 1579 3146 1647 alios]
3167 1579 3285 1631 vin-

1732 1683 1934 1740 cerent,
1965 1683 2141 1727 tamen
2172 1679 2239 1728 ob
2267 1675 2480 1729 virtutis
2515 1673 2874 1744 aequalitatem
2909 1682 3099 1727 neuter
3134 1671 3288 1726 alteri

1731 1765 2008 1819 victoriam
2033 1765 2240 1834 eripere
2265 1775 2475 1834 poterat

149 1855 220 1907 H’.
257 1851 364 1904 Καὶ
399 1850 478 1922 τῷ
515 1853 613 1922 μὲν
649 1853 818 1924 ’Δδὰμ
848 1855 880 1925 ἠ
911 1853 1123 1908 δοθεῖσα
1155 1854 1273 1907 κατ’
1307 1853 1468 1909 αὑτὸν
1506 1854 1627 1926 βοη-

1799 1857 1927 1911 Vill.
1952 1859 2018 1913 Et
2038 1859 2252 1928 quidem
2272 1859 2515 1927 illa,quze
2534 1858 2758 1924 Adamo,
2791 1856 3080 1924 adjumenti
3102 1871 3286 1918 causa,

94 1945 166 2008 Οὸς
181 1943 376 2014 (ἐπειδὴ
411 1943 575 1997 καλὸν
602 1939 668 2016 ἦν
712 1945 786 2016 μὴ
817 1945 976 2016 μόνον
1011 1941 1149 2000 εἶναι
1181 1946 1270 2000 τὸν
1299 1945 1626 2018 ἄνθρωπον),

90 2036 188 2090 ἀντὶ
216 2033 476 2105 συνεργοῦ
518 2034 745 2106 πολεμία
777 2036 1037 2108 κατέστη,
1068 2039 1163 2092 καὶ
1204 2037 1302 2108 οὐχ
1338 2037 1626 2108 ὁμόζυγος,

89 2125 180 2179 ἀλλ’
203 2125 473 2189 ἀντίθετος
495 2141 508 2154 ·
543 2125 786 2195 κλέψασα
825 2127 916 2180 τὸν
969 2127 1136 2199 ἄνδρα
1167 2127 1234 2180 δι’
1275 2129 1488 2200 ἡδονῆς,
1534 2128 1629 2182 καὶ

84 2217 146 2287 τῷ
179 2216 310 2288 ξύλῳ
351 2219 456 2287 τῆς
498 2215 749 2284 γνώσεως
801 2219 894 2272 τοῦ
950 2217 1104 2284 ξύλου
1142 2219 1244 2290 τῆς
1287 2219 1432 2291 ζωῆς
1476 2220 1631 2272 uno.

86 2309 352 2378 τριώσασα.
385 2309 480 2381 Τῷ
522 2309 578 2362 δὲ
612 2309 673 2363 οὐ
719 2309 976 2381 συνεργὸς
1020 2311 1179 2381 μόνον
1236 2312 1269 2381 ἡ
1310 2311 1460 2380 παρὰ
1495 2310 1628 2364 Θεοῦ

82 2400 266 2453 δοθεῖσα
318 2396 508 2470 (ἦττον
545 2400 653 2472 γὰρ
696 2400 851 2454 τοῦτο
904 2401 1268 2473 θαυμαστὸν),
1339 2402 1474 2456 ἀλλὰ
1536 2402 1628 2456 καὶ

83 2491 292 2562 ἀρχηγὸς
304 2492 544 2559 γίνεται,
567 2492 711 2563 ἔργῳ
732 2509 788 2546 τε
810 2493 901 2545 καί
911 2492 1050 2563 λόγῳ
1067 2493 1198 2563 πρὸς
1214 2493 1278 2546 τὰ
1291 2493 1552 2564 κράτιστα
1563 2493 1628 2547 δι’

78 2584 248 2654 ἑαυτῆς
291 2585 544 2652 ἄγουσα·
580 2586 672 2639 καὶ
709 2587 777 2640 τὰ
821 2587 918 2656 μὲν
961 2586 1094 2640 ἄλλα
1137 2586 1231 2639 τοῦ
1278 2587 1465 2659 ἀνδρὸς
1500 2605 1631 2658 κραο

78 2674 258 2728 τείσθαι
305 2675 462 2746 νόμῳ
519 2676 778 2745 συζυγίας
809 2677 1022 2748 ἄριστον
1056 2673 1193 2731 εἶναι
1228 2679 1502 2750 κρίνουσα,
1533 2679 1631 2749 τῆς

76 2765 330 2830 εὐσεϐείας
359 2766 419 2820 δὲ
473 2768 578 2820 οὐκ
611 2769 970 2841 αἰσχυνομένη
1012 2772 1270 2842 παρέχειν
1313 2771 1508 2843 ἑαυτὴν
1539 2773 1631 2825 xui.

75 2854 386 2911 διδάσκαλον.
401 2861 470 2911 "O
491 2860 790 2929 θαυμάζειν
810 2861 907 2930 μὲν
924 2860 1134 2932 ἐκείνης
1150 2861 1318 2928 ἄξιον,
1335 2861 1631 2932 θαυμάζειν

72 2948 115 3000 δὲ
143 2948 292 3003 πλέον
319 2951 417 3003 τὸν
440 2951 628 3004 ἑκοντὶ
657 2951 962 3023 ἡττώμενον
994 2952 1088 3023 (7).
1121 2953 1332 3025 Ἐκείνη
1359 2954 1464 3026 γάρ
1487 2955 1630 3008 ἐστιν

73 3047 118 3115 ἡ,
142 3047 240 3099 τῶν
281 3045 466 3099 ἄλλων
504 3044 780 3113 γυναικῶν
817 3043 1000 3098 κάλλει
1032 3044 1494 3116 φιλοτιμουμένων
1538 3045 1632 3098 καὶ

71 3138 390 3209 ὐῷουμένων,
419 3138 554 3190 ὅσον
581 3153 639 3189 τε
672 3136 896 3205 φυσικὸν
921 3135 1014 3189 καὶ
1047 3137 1169 3190 ὅσον
1193 3136 1543 3201 ἐπίπλαστον,
1575 3137 1631 3189 ἓν

71 3230 385 3300 ἐπισταμένη
421 3227 644 3291 κάλλος,
683 3227 742 3281 τὸ
772 3228 870 3296 τῆς
908 3227 1103 3298 ψυχῆς,
1139 3227 1318 3281 καὶτὸ
1352 3225 1448 3298 τὴν
1481 3226 1629 3280 θείαν

67 3321 225 3375 εἰκόνα
270 3321 303 3392 ἢ
362 3320 750 3392 συντηρεῖν,ἢ
804 3319 1188 3390 ἀνακαθαίρειν
1239 3321 1318 3382 εἰς
1362 3318 1626 3390 δύναμιν·

65 3414 170 3475 τοὺς
199 3413 255 3466 δὲ
298 3413 601 3485 γραπτοὺς
637 3411 712 3482 (8)
754 3414 848 3465 καὶ
877 3411 1165 3483 τεχνητοὺς
1199 3410 1434 3480 κόσμους
1455 3452 1469 3470 .
1511 3413 1630 3476 ταῖς

64 3504 135 3555 ἐπὶ
162 3504 258 3574 τῆς
297 3503 526 3574 σκηνῆς
564 3503 934 3574 ἀπορρίψασα.
978 3501 1120 3555 Μίαν
1153 3501 1208 3553 δὲ
1255 3494 1510 3572 ἀληθινὴν
1544 3500 1633 3553 εὐ-

62 3596 253 3661 γένειαν
303 3594 690 3664 γινώσκουσα,
740 3594 838 3665 τὴν
887 3593 1183 3658 εὐσέϐειαν,
1216 3593 1310 3645 καὶ
1337 3592 1395 3645 τὸ
1437 3591 1631 3645 εἰδέναι

63 3683 204 3737 πόθεν
245 3701 306 3738 τε
377 3684 718 3754 γεγόναμεν,
761 3684 852 3736 καὶ
891 3685 982 3735 ποῖ
1025 3683 1454 3752 καταντήσομεν.
1495 3682 1634 3735 Ἕνα

58 3773 102 3825 δὲ
131 3773 359 3826 πλοῦτον
413 3773 651 3843 ἀσφαλῆ
691 3789 751 3825 τε
799 3773 891 3826 καὶ
931 3772 1146 3834 ἄσυλον,
1182 3772 1242 3824 τὸ
1275 3772 1632 3825 ἀποπλουτεῖν

59 3863 177 3934 Θεῷ,
221 3866 319 3918 καὶ
373 3868 498 3928 τοῖς
557 3865 788 3935 πένησι,
839 3864 932 3917 καὶ
980 3864 1212 3935 μάλιστα
1273 3864 1380 3916 τῶν
1435 3865 1498 3918 ἐκ
1539 3865 1631 3933 γέ-

55 3969 159 4019 νους
213 3954 290 4026 (9)
351 3958 479 4019 τοῖς
539 3953 945 4023 ἀπανθήσασιν·
995 3949 1076 4016 οἷς
1113 3955 1173 4007 τὸ
1206 3955 1302 4024 μὲν
1365 3953 1492 4026 ἄχρι
1535 3956 1632 4024 τῆς

55 4045 224 4114 χρείας
252 4049 570 4119 ἐπαρκεῖν,
598 4046 658 4098 οὐ
695 4046 846 4099 λύσιν
889 4046 988 4116 τῆς
1025 4047 1328 4117 συμφορᾶς,
1364 4046 1476 4098 ἀλλ’
1503 4046 1634 4100 ὑπό-

55 4155 232 4208 μνησιν
279 4140 440 4210 ἔχειν
508 4138 797 4210 ἐνόμιζενο
848 4139 910 4191 τὸ
972 4137 1027 4190 δὲ
1083 4136 1526 4208 ἐλευθεριώτερον
1574 4134 1631 4192 εὖ

52 4233 225 4292 ποιεῖν,
269 4231 445 4284 τοῦτο
497 4225 644 4283 εἶναι
683 4229 850 4301 τιμῆς
901 4228 1120 4298 βεϐαίας
1157 4229 1250 4282 καὶ
1291 4228 1635 4299 παραμυθίας

46 4322 406 4394 τελεωτάτης.
459 4325 587 4376 Καὶ
626 4323 735 4376 τῶν
772 4322 868 4393 μὲν
909 4325 974 4392 τῇ
1017 4320 1338 4392 οἰκωφελείᾳ
1380 4337 1637 4392 προεχου-

49 4412 161 4478 σῶν,
192 4416 404 4470 τῶνοδὲ
451 4418 530 4488 τῇ
575 4414 827 4485 εὐσεϐείᾳ
870 4415 986 4484 (καὶ
1030 4413 1138 4484 γὰρ
1181 4411 1412 4484 χαλεπὸν
1463 4413 1638 4483 ἀμφο-

44 4505 199 4575 τέρων
229 4506 597 4579 ἐπιτυχεῖν),
619 4506 947 4578 ἀμφοτέροις
983 4505 1196 4567 ἁπάσας
1229 4505 1514 4575 νικήσασα,
1548 4505 1639 4557 καὶ

45 4597 113 4668 τῷ
146 4603 281 4673 περὶ
315 4602 613 4673 ἑκάτερον
659 4599 831 4671 ἄκρῳ,
877 4598 970 4652 κα)⁸
1007 4597 1084 4667 τῷ
1122 4596 1253 4666 μόνη
1301 4595 1366 4648 τὰ
1400 4595 1491 4649 δύο
1521 4613 1644 4648 συν-

40 4694 277 4758 αγαγεῖν.
311 4691 494 4746 Οὕτω
538 4691 640 4760 μὲν
671 4689 762 4741 τὸν
792 4684 937 4740 οἷκον
986 4685 1322 4750 συναύξουσα
1358 4688 1478 4750 ταῖς
1519 4687 1646 4738 έαυ-

42 4779 130 4849 τῆς
177 4785 564 4855 ἐπιμελείαις
617 4781 709 4835 καὶ
741 4778 1072 4852 περινοίαις,
1119 4778 1258 4831 κατὰ
1307 4779 1430 4842 τοὺς
1491 4778 1645 4830 Σολο-

44 4875 240 4943 μῶντος
283 4878 432 4950 περὶ
486 4875 602 4946 τῆς
645 4872 894 4945 ἀνδρείας
939 4869 1194 4939 γυναικὸς
1231 4871 1388 4942 ὅρους
1433 4870 1528 4923 καὶ
1561 4871 1646 4923 νό-

103 5031 142 5063 ⁸⁸
165 5031 306 5089 Gen.
341 5047 411 5098 ll,
438 5031 464 5085 1
481 5029 547 5084 8.

103 5201 175 5274 (4)
213 5200 412 5257 Αὐτό.
451 5197 566 5253 Sic
598 5195 728 5265 Reg.
760 5195 872 5256 bm,
893 5190 1058 5246 Cnisl.
1090 5191 1138 5254 l,
1165 5199 1218 5245 et
1243 5185 1336 5244 Or.
1363 5189 1415 5243 l.
1452 5204 1504 5242 Ill
1536 5189 1646 5254 ed.,

37 5274 565 5411 aggr'ﬁ‘xslrwr.
599 5334 880 5411 cillogim,
903 5350 922 5382 ι
951 5330 1002 5384 id
1027 5338 1140 5411 est...
1158 5347 1178 5379 ι
1202 5329 1357 5382 unius
1371 5342 1437 5382 ex
1466 5325 1645 5411 ipsis,»

37 5395 223 5484 nempe
280 5409 568 5470 Hesiodi,
607 5406 700 5484 tib.
741 5401 966 5472 Operam
1004 5409 1052 5452 et
1085 5399 1312 5461 dierum,
1354 5413 1496 5451 vers.
1524 5395 1648 5462 700,

36 5476 177 5550 cujus
205 5485 330 5538 hac
361 5487 511 5536 sunt
540 5476 712 5528 verba
739 5489 754 5525 :

102 5581 184 5632 Οὐ
207 5578 338 5647 μὲν
372 5571 508 5647 γᾴρ
546 5585 611 5622 τι
625 5564 921 5647 ,Τυζαυξός
972 5561 1125 5643 ἀνὴρ
1169 5561 1384 5647 ληίζετ’
1411 5559 1652 5647 (IIl-sirpi-

249 5631 542 5718 dm'oﬁ'g,
572 5631 690 5706 tri};
713 5637 763 5690 δ’
785 5631 928 5690 αὖτε
952 5632 1141 5702 κακῆς
1167 5633 1454 5702 οὐ¹ρίγιον
1473 5631 1647 5692 ἄλλο.

104 5738 265 5793 Nihil
295 5738 458 5791 enim
495 5732 595 5786 uir
626 5728 810 5782 melius
840 5725 1023 5780 sortiri
1056 5735 1215 5793 potest
1249 5724 1462 5778 ntuliere

97 5809 278 5878 Bona,
314 5820 535 5864 turnus
571 5814 701 5854 vero
730 5797 870 5851 mala
903 5812 1005 5850 non
1038 5796 1221 5849 durius
1251 5796 1418 5847 aliud.

1727 1949 1918 2003 similis
1963 1949 2036 2004 illi
2076 1951 2198 2004 data
2240 1949 2417 2004 fuerat
2448 1953 2570 2020 (nec
2616 1952 2757 2005 enim
2803 1950 3076 2004 hominem
3114 1949 3286 2002 solum

1725 2055 1849 2096 esse
1881 2041 2080 2097 bonum
2103 2042 2331 2113 erat“),
2357 2058 2456 2112 pro
2487 2041 2634 2098 socia
2674 2042 2882 2096 hostem
2929 2055 2988 2096 se
3039 2040 3287 2108 praebuit,

1725 2146 1826 2204 pro
1857 2133 2086 2203 conjuge
2129 2135 2532 2202 adversariam;
2570 2144 2626 2188 ut
2671 2148 2792 2204 quae
2839 2133 3128 2202 voluptatis
3171 2131 3288 2187 ille-

1727 2227 1889 2280 cebra
1921 2223 2084 2296 335
2120 2225 2374 2280 maritum
2405 2226 2457 2280 in
2489 2225 2733 2281 fraudem
2776 2223 3067 2289 induxerit,
3097 2238 3161 2277 ac
3192 2236 3290 2292 per

1726 2316 1966 2372 scienti:e
1996 2315 2199 2386 lignum
2231 2332 2260 2370 a
2294 2317 2420 2372 vitae
2453 2316 2597 2386 ligno
2627 2315 2906 2372 averterit.
2944 2312 3078 2368 lluic
3098 2323 3284 2369 contra

1728 2407 1920 2463 mulier
1971 2409 2061 2464 Dei
2100 2407 2363 2464 beneficio
2393 2423 2675 2474 concessa,
2719 2424 2820 2462 non
2863 2409 3016 2464 modo
3057 2406 3286 2475 adjntrix

1733 2498 1933 2568 (minus
1951 2500 2096 2554 enim
2127 2501 2177 2555 id
2210 2500 2384 2554 laudis
2409 2511 2462 2554 et
2485 2500 2854 2554 admirationis
2882 2499 3144 2568 haberet),
3191 2499 3286 2553 sed

1728 2599 1784 2642 et
1812 2588 1938 2650 dux,
1973 2598 2027 2646 et
2059 2590 2409 2660 antesignana
2447 2591 2566 2653 fuit,
2593 2601 2774 2658 utpote
2797 2605 2912 2659 quae
2939 2605 3060 2644 enm
3090 2590 3196 2642 vita
3233 2603 3286 2642 et

1729 2692 1978 2734 sermone
1996 2680 2060 2734 ad
2097 2680 2298 2748 optima
2327 2693 2553 2748 quaeque
2581 2695 2676 2748 per
2702 2679 2936 2746 seipsam
2971 2679 3196 2743 ducens,
3225 2691 3290 2731 ae

1729 2771 1937 2825 caeteris
1972 2772 2185 2840 quidem
2214 2771 2266 2825 in
2299 2773 2474 2835 rebus,
2504 2783 2561 2825 ut
2593 2771 2920 2825 matrimonii
2970 2771 3112 2840 leges
3151 2768 3292 2825 fere-

1728 2860 1878 2928 bant,
1913 2862 2027 2916 viro
2057 2875 2155 2916 suo
2197 2877 2390 2932 parere
2415 2864 2676 2930 optimum
2707 2879 2824 2918 esse
2849 2862 3118 2930 judicans,
3166 2862 3290 2916 fidei

1729 2963 1907 3006 autem
1953 2961 2006 3008 et
2058 2953 2273 3022 pietatis
2332 2955 2642 3024 magistram
2688 2970 2903 3024 quoque
2945 2970 3004 3009 se
3051 2954 3290 3022 praebere

1731 3041 2148 3111 haudquaquam
2179 3044 2414 3098 erubuit.
2447 3043 2617 3110 Quam
2654 3046 2868 3113 quidem
2907 3059 3030 3098 cum
3059 3045 3161 3099 hoc
3190 3059 3288 3098 uo-

1731 3137 1875 3190 mine
1913 3135 2168 3190 admirari
2201 3151 2300 3206 par
2328 3136 2416 3199 sit,
2461 3146 2570 3190 tum
2599 3151 2726 3189 vero
2758 3135 3011 3188 maritum
3061 3135 3288 3203 amplius

1734 3226 1985 3282 admirari
2037 3232 2304 3292 convenit,
2352 3227 2442 3296 qui
2487 3237 2675 3295 sponte
2715 3227 2960 3280 cedebat.
3009 3225 3098 3279 illa
3146 3228 3286 3281 enim

1734 3331 1841 3385 est,
1875 3336 1994 3388 qua:
2035 3335 2156 3374 cum
2191 3319 2307 3373 alia;
2335 3319 2587 3374 mulieres
2619 3318 2687 3371 ob
2717 3317 2902 3371 forma:
2945 3318 3290 3387 elegantiam,

1737 3421 1842 3466 tam
1885 3411 2143 3476 nativam,
2177 3425 2336 3477 quam
2383 3409 2560 3464 ﬁctam
2620 3419 2674 3464 et
2699 3395 3032 3476 'ascititiam,
3071 3409 3294 3478 gloriari

1736 3511 1898 3573 atque
1923 3502 2117 3555 animis
2140 3499 2316 3556 efferri
2358 3500 2583 3565 soleant,
2608 3502 2718 3570 ipsa
2741 3510 2924 3555 contra
2943 3501 3082 3556 hanc
3107 3518 3285 3567 unam,

1735 3610 1854 3664 quae
1887 3595 1938 3648 iu
1986 3595 2162 3648 anima
2194 3594 2480 3663 divinaque
2508 3595 2759 3664 imagine,
2784 3595 2896 3648 sive
2923 3595 3139 3662 tuenda,
3179 3596 3296 3650 sive

1737 3703 1832 3756 pro
1872 3687 2077 3742 viribus
2109 3687 2468 3757 repnrganda,
2494 3689 2664 3756 posita
2693 3697 2793 3753 est,
2832 3687 3290 3756 pulchritudinem

1736 3778 2089 3844 agnoscebat;
2129 3778 2301 3847 pictos
2337 3787 2514 3830 autem
2545 3788 2599 3831 et
2631 3788 2746 3831 arte
2791 3780 3042 3847 quaesitos
3071 3789 3296 3833 ornatus

1738 3869 1804 3921 ad
1831 3867 2070 3922 scenicas
2102 3865 2444 3920 tnuliereulas
2471 3866 2774 3936 alijiciebat.
2827 3865 2996 3920 Unam
3036 3867 3160 3921 item
3198 3884 3293 3920 nua

1738 3960 1996 4014 bilitatezn
2044 3959 2097 4012 in
2124 3959 2321 4028 pietate
2356 3958 2512 4011 sitam
2555 3973 2675 4010 esse
2717 3958 2990 4020 censebat,
3038 3970 3196 4026 atque
3239 3959 3296 4011 in

1738 4067 1822 4116 eo,
1856 4060 1911 4104 ut
1938 4049 2080 4104 unde
2118 4059 2298 4104 ortum
2348 4049 2648 4113 habuimus,
2691 4058 2743 4099 et
2792 4061 2898 4114 quo
2930 4049 3141 4101 tandem
3177 4065 3300 4116 ιιι-ιν

1740 4141 1949 4195 venturi
1981 4140 2173 4203 simus,
2211 4139 2588 4208 intelligamus.
2612 4137 2763 4192 Solus
2792 4122 3010 4206 insuper
3033 4139 3128 4192 ltas
3153 4148 3301 4192 tutas

1740 4246 1900 4302 atque
1947 4234 2014 4290 ab
2053 4233 2197 4288 omni
2237 4231 2578 4300 subreptione
2607 4230 2871 4283 immunes
2895 4245 3021 4296 Opes
3049 4230 3299 4293 ducebat,

1742 4324 1994 4378 nimirum
2056 4322 2165 4378 Deo
2218 4331 2272 4376 et
2331 4322 2655 4388 pauperibus
2698 4335 2826 4387 opes
2881 4319 3171 4382 ell'umtere,
3232 4333 3301 4372 ac

1741 4415 2038 4484 praesertim
2061 4412 2500 4482 consanguineis,
2517 4411 2604 4479 qui
2639 4410 2865 4462 fortunis
2884 4411 3020 4471 suis,
3040 4420 3294 4476 tanquam

1744 4501 1874 4556 ﬂore
1927 4501 2180 4570 quedam,
2228 4499 2589 4562 escidissent;
2648 4498 2859 4564 quibus,
2902 4499 3040 4565 quod
3079 4510 3302 4550 necesse

1749 4602 1910 4660 esset,
1943 4594 2199 4647 duntaxat
2253 4591 2511 4659 pra-bere,
2549 4605 2651 4643 non
2682 4589 3006 4644 calamitatis
3035 4590 3302 4659 depulsio-v

1748 4701 1895 4749 nem,
1937 4683 2030 4738 sed
2081 4693 2484 4736 monumentum
2520 4695 2639 4736 esse
2676 4679 2991 4749 judicabat:
3028 4679 3301 4735 liberalius

1751 4787 1928 4831 autent
1954 4785 2007 4830 et
2037 4774 2297 4844 prolixius
2324 4773 2645 4842 eosjnvare,
2672 4773 2724 4826 id
2761 4773 2974 4826 demum
3016 4773 3152 4828 firmi
3195 4775 3295 4828 h0-'

1750 4869 1897 4924 noris
1926 4883 1989 4923 ac
2022 4865 2399 4938 perfectissimi
2424 4865 2602 4920 solatii
2633 4879 2771 4920 esse.
2791 4863 2906 4919 Jam
2931 4881 3052 4921 cum
3081 4866 3200 4921 alia:
3225 4867 3298 4920 rei

1821 5183 1917 5254 (6),
1946 5181 2282 5249 ἰσόρῤοπον
2307 5179 2404 5232 καὶ
2439 5181 2736 5249 ὁμότιμον.
2774 5199 2792 5228 ι
2819 5178 2897 5234 0b
2929 5183 3162 5250 atqnales
3194 5183 3301 5235 viri

1752 5253 1881 5308 tutis
1910 5253 2106 5312 latices,
2145 5266 2430 5316 parentque
2461 5255 2820 5316 praestantiam
2871 5269 2888 5300 ι

1821 5323 1898 5393 (7)
1943 5319 2176 5393 ξΕκοντὶ
2219 5319 2589 5393 ᾐτεώμενον.
2640 5320 2785 5382 Jes.,
2831 5318 2955 5373 ἓκον
3003 5321 3070 5391 τῇ
3131 5319 3306 5390 ἡττώ-

1753 5387 1910 5465 μεῦρν
1942 5387 2259 5465 [mendose].
2289 5455 2304 5465 _
2386 5387 2393 5388 ’
2668 5458 2680 5465 .
2957 5458 2970 5465 .
3044 5387 3069 5391 -_
3154 5387 3164 5390 _
3267 5393 3272 5399 _

1819 5462 1895 5530 (8)
1934 5455 2259 5532 Γραατούξ.
2279 5455 2414 5520 Jes.,
2441 5458 2746 5532 κρυπτούς,
2771 5477 2793 5532 ι
2822 5458 3076 5532 occultos.
3106 5479 3125 5512 ι

1821 5528 1900 5604 (9)
1945 5529 2064 5604 Τῶν
2081 5530 2148 5604 ἐνί
2170 5528 2400 5604 γένους.
2438 5547 2456 5580 ι
2482 5528 2970 5604 Consanguineos.»
3001 5530 3140 5604 Elius
3171 5548 3190 5582 ι
3214 5529 3312 5604 ho.

1755 5598 1929 5657 mines
1975 5600 2134 5652 nob.|i
2169 5612 2220 5652 et
2254 5598 2401 5651 claro
2445 5613 2639 5662 genere
2689 5609 2876 5650 ortos:
2919 5599 3181 5664 intelligit.
3231 5599 3304 5653 Ita

1755 5673 1914 5726 etiam
1957 5670 2181 5723 Basilius
2232 5687 2246 5722 :
2299 5669 2378 5738 5x
2406 5667 2613 5734 γένους,
2659 5667 2902 5720 τουτέστι
2933 5667 2990 5734 ἐξ
3036 5669 3310 5738 εὐγενείας

1755 5743 1848 5795 καὶ
1875 5739 2100 5793 πλούτου
2131 5736 2474 5800 πεπτωκότες
2500 5753 2514 5768 ο
2542 5755 2560 5788 ι
2584 5739 3026 5804 consanguineos,
3053 5757 3070 5790 ι
3100 5736 3148 5795 id
3203 5752 3308 5806 est,-

1763 5830 1782 5863 ι
1805 5813 1895 5876 qui
1933 5826 1964 5864 a
2001 5808 2274 5864 nobilitate
2301 5815 2354 5860 et
2383 5808 2597 5863 fortuna
2623 5807 2978 5864 desciverunt.
3002 5827 3022 5860 ι
