3852 6408
497 303 605 359 993
1691 299 1749 356 S.
1790 299 2116 357 GREGORII
2158 298 2504 358 THEOLOGI
3623 299 3707 355 990

496 423 778 480 familiaris
804 425 1059 496 augenda:
1086 423 1263 486 laude,
1288 423 1407 478 aliae
1435 424 1648 493 pietatis
1675 425 1844 496 gloria
1874 426 2056 481 excel-

2186 444 2312 490 ιους,
2343 425 2419 489 ὡς
2453 424 2697 478 εὐσεϐεῖν
2721 422 2821 476 οὐκ
2867 423 3068 476 είδυῖα’
3103 419 3247 474 οὕτω
3279 418 3338 473 δὲ
3372 415 3710 490 προσκειμένῃ

497 515 608 568 lant
633 515 938 585 (utrumque
962 513 1105 569 enim
1153 513 1364 583 assequi
1405 513 1621 569 difﬁcile
1670 516 1797 586 est),
1825 525 2060 586 utroque

2186 519 2284 588 9εῴ
2342 517 2435 571 καὶ
2484 520 2596 581 τοῖς
2645 515 2839 578 θείοις,
2891 515 2966 578 ὼς
3012 513 3289 586 οἰκουρίας
3347 511 3592 564 πλεῖστον
3625 510 3711 562 ἀπ·

496 611 712 675 nomine
738 607 990 662 mulieres
1012 621 1199 662 omnes
1226 607 1497 676 superavit
1521 625 1535 662 :
1559 617 1668 661 tum
1691 609 1832 678 quod
1857 619 2063 663 utrum-

2186 611 2368 681 ἔχουσα
2387 626 2399 639 °
2435 611 2530 664 καὶ
2557 609 2708 663 οὐδὲν
2740 608 2844 662 ὑπὸ
2874 608 2986 677 (10)
3014 605 3108 660 τοῦ
3138 605 3327 676 ἐτέρου
3360 600 3705 673 παραϐλαπτο-

494 715 600 768 que
661 701 850 753 horum
893 699 958 752 ad
1013 683 1281 756 summum
1335 713 1503 767 usque
1560 700 1892 767 prmsﬁterit,
1947 708 2059 753 tum

2186 702 2305 772 ιένη
2342 701 2478 774 πρὸς
2527 699 2773 773 θάτερον,
2813 699 3096 770 ἀμφότερα
3127 697 3184 750 δὲ
3217 697 3288 750 δι’
3330 693 3577 762 ἀλλήλων
3602 709 3713 764 κρα-

495 793 634 862 quod
669 793 783 846 sola
808 792 914 846 duo
938 793 1036 846 ista
1065 791 1343 859 complexa
1391 791 1570 846 fuerit.
1609 790 1742 845 Rem
1780 793 1926 845 enim
1971 792 2066 847 do-

2186 792 2330 845 τύνου
2339 810 2425 845 σα.

493 885 773 939 mesticam
807 886 1066 940 industria
1133 894 1188 940 et
1243 886 1460 940 solertia
1510 902 1630 951 sua,
1687 886 1839 955 juxta
1880 887 2029 956 leges
2089 888 2298 943 mulieri
2355 890 2478 944 forti
2524 905 2552 943 a
2607 887 2896 944 Salomone
2945 893 3193 947 statutas,
3244 882 3317 937 ita
3370 879 3545 944 auxit,
3591 865 3716 947 quasi

494 977 750 1043 pietatem
799 976 977 1031 colere
1022 976 1263 1030 nesciret.
1303 995 1316 1030 :
1352 977 1459 1032 Deo
1497 992 1708 1031 rursum
1757 992 1820 1032 ac
1855 977 2054 1032 divinis
2091 977 2251 1033 rebus
2302 979 2374 1032 ita
2402 993 2523 1034 sese
2545 978 2770 1040 addixit,
2801 985 3057 1044 tanquam
3107 988 3138 1026 a
3191 986 3374 1026 rerum
3415 967 3718 1022 domestica.

496 1082 614 1120 rum
662 1070 1040 1138 procuratione
1093 1067 1383 1136 plurimum
1446 1070 1700 1126 abesset;
1767 1085 1940 1141 neque
2009 1074 2076 1128 ab
2123 1073 2387 1128 alterutro
2441 1074 2634 1128 horum
2673 1070 2965 1140 quidquam
3007 1067 3262 1134 impedita
3305 1074 3414 1131 est,
3465 1063 3721 1132 quominus

495 1162 723 1215 alterum
753 1162 1020 1231 impleret,
1055 1162 1182 1231 quin
1210 1165 1387 1232 potius
1412 1176 1700 1235 utrumque
1726 1166 1952 1222 alterius
1969 1183 2069 1237 ope
2100 1167 2311 1224 fulcivit
2341 1179 2395 1223 et
2427 1167 2786 1224 conlirmavit.

567 1257 658 1312 IX.
691 1257 971 1324 Quodnam
1005 1260 1269 1314 orationis
1301 1269 1532 1329 tempus,
1561 1277 1746 1328 ecquis
1773 1262 1922 1316 locus
1943 1277 2062 1318 eam

497 1349 690 1404 latuit?
721 1350 862 1404 Nihil
889 1351 1029 1405 enim
1057 1361 1168 1405 toto
1207 1352 1292 1406 die
1324 1362 1459 1418 erat,
1499 1353 1564 1406 ad
1602 1354 1744 1423 quod
1781 1357 1932 1424 prius
1967 1358 2066 1409 im-

497 1441 809 1510 pelleretur.
841 1439 953 1496 lmo
987 1458 1114 1496 vero
1145 1458 1387 1512 quamam
1417 1460 1650 1514 unquam
1687 1461 1868 1514 parem
1915 1464 2064 1517 spem

500 1534 689 1589 habuit
715 1534 848 1597 lore,
879 1545 940 1588 ut
972 1534 1130 1588 simul
1186 1544 1349 1603 atque
1388 1536 1589 1604 aliquid
1636 1539 1897 1606 petiisset,
1952 1551 2067 1595 sta—

2240 1267 2316 1319 Θ¹.
2346 1265 2441 1329 Τίς
2490 1264 2588 1335 μὲν
2641 1262 2828 1317 ἔλαθεν
2875 1259 3108 1330 ἐκείνην,
3158 1257 3323 1327 εὐχῆς
3374 1255 3409 1326 ἢ
3461 1249 3720 1324 καιρὸς,ῆ

2171 1358 2332 1420 τόπος
2357 1373 2370 1421 ;
2410 1356 2438 1408 ὃ
2471 1355 2583 1426 (ll)
2613 1354 2705 1407 καὶ
2733 1351 2946 1423 πρῶτον
2968 1345 3036 1420 ἦν
3059 1349 3193 1418 αὐτῇ
3229 1348 3448 1399 πάντων
3479 1343 3580 1412 τῆς
3609 1343 3722 1412 ἡμέ-

2175 1467 2275 1520 ρας
2325 1448 2551 1516 κίνημα.
2593 1444 2809 1499 Μᾶλλον
2851 1442 2906 1495 δὲ
2948 1441 3034 1504 τίς
3078 1438 3248 1502 οὕτως
3293 1437 3440 1507 ἔχειν
3491 1433 3623 1505 ὁμοῦ
3662 1433 3724 1504 τῷ

2175 1540 2346 1592 αἰτεῖν
2378 1536 2490 1608 (1‘2)
2538 1535 2597 1588 τὺ
2646 1533 2963 1604 αἰτούμενον
3006 1531 3265 1601 ἧλπισενς
3315 1526 3413 1590 Τίς
3443 1525 3504 1578 δὲ
3561 1524 3724 1594 ἱερέων

503 1627 618 1691 ιίιη,
646 1627 786 1696 quod
820 1635 1047 1695 peteret,
1087 1629 1549 1697 consequeretur?
1587 1631 1842 1695 Quaenam
1893 1647 2067 1686 sacer-

2186 1632 2338 1695 ›ὖτως
2362 1628 2562 1702 ᾐδέσθη
2585 1632 2741 1700 χεῖρα
2765 1627 2860 1681 καὶ
2891 1625 3198 1696 πρόσωπον,
3227 1622 3260 1693 ἢ
3295 1621 3402 1674 πᾶν
3432 1613 3575 1680 εἶδος
3603 1615 3726 1684 φιλο-

501 1719 683 1772 dotnm
719 1735 933 1772 manum
964 1719 1275 1788 vultumque
1306 1720 1378 1772 ita
1409 1721 1583 1774 verita
1611 1731 1727 1786 est,
1783 1733 1873 1776 aut
1903 1739 2066 1780 omne

503 1811 851 1882 philosophiae
875 1827 1040 1878 genus
1069 1813 1276 1866 coluit?
1309 1812 1472 1884 336
1491 1815 1745 1880 Qumnam
1781 1816 2001 1886 jejuniis
2018 1825 2072 1872 et

503 1903 698 1971 vigiliis
720 1919 937 1958 carnem
963 1904 1132 1973 magis
1168 1907 1489 1971 attenuavit,
1529 1918 1620 1960 aut
1654 1907 1859 1962 diurnis
1884 1924 1944 1964 ac
1983 1925 2072 1963 no-

507 1996 718 2050 cturnis
789 1995 1102 2064 psalmodiis
1157 1995 1420 2050 columna:
1474 1998 1647 2051 instar
1715 1999 1815 2052 ﬁxa
1890 1999 2072 2054 stetit?

504 2086 758 2151 Quaenam
801 2085 1161 2155 virginitatem
1222 2086 1428 2155 majore
1463 2086 1514 2140 in
1564 2085 1922 2142 admiratione
1975 2089 2070 2141 ba-

503 2179 639 2242 buit,
677 2179 922 2247 quamvis
948 2177 1201 2232 connubii
1245 2179 1520 2233 vinculum
1568 2179 1882 2234 sustinens?
1915 2179 2072 2246 Qua:-

504 2286 627 2324 nam
695 2271 954 2340 orpltanis
1020 2285 1083 2324 ac
1147 2271 1323 2325 viduis
1383 2272 1569 2342 majori
1621 2273 1874 2342 praesidio
1934 2273 2075 2327 fuit?

503 2362 756 2429 Quaenam
804 2363 1108 2432 lugentibus
1153 2363 1491 2419 calamitates
1523 2379 1676 2433 atque
1731 2365 2074 2420 sublevavit?

423 2519 427 2523 ,
503 2456 678 2524 Atque
731 2457 844 2509 lucc
891 2456 1134 2525 insuper,
1177 2471 1296 2525 qum
1343 2471 1502 2525 parva
1562 2456 1777 2526 quidem
1841 2455 2073 2512 fortasse

504 2555 648 2608 sunt,
681 2556 842 2614 atque
872 2561 902 2599 a
931 2545 1200 2600 nonnullis
1254 2546 1416 2599 etiam
1460 2555 1897 2612 contemnuntur,
1930 2548 2072 2617 quod

504 2636 772 2705 plerisque
804 2652 908 2691 non
937 2637 1096 2693 facile
1131 2648 1347 2708 pateant
1377 2637 1460 2707 (ﬁt
1493 2639 1636 2692 enim
1693 2639 1825 2706 fere,
1852 2650 1906 2693 ut
1932 2641 2072 2710 quod

504 2729 772 2798 quiSpiam
796 2733 1007 2797 assequi
1040 2747 1144 2784 non
1181 2742 1375 2801 potest,
1405 2732 1454 2785 id
1482 2733 1550 2784 ob
1580 2733 1832 2786 invidiam
1861 2747 1927 2786 ne
1953 2749 2073 2786 cre-

506 2819 668 2874 dibile
724 2823 942 2890 quidem
1003 2837 1124 2876 esse
1187 2821 1377 2893 putet).
1438 2823 1578 2892 apud
1629 2839 1713 2878 me
1771 2833 1950 2878 tamen
2020 2826 2071 2878 in

505 2927 702 2983 magno
729 2913 902 2980 pretio
935 2921 1082 2981 sunt,
1112 2915 1366 2984 quoniam
1409 2914 1532 2969 ﬁdei
1566 2916 1781 2970 inventa
1823 2926 1980 2971 erant
2020 2927 2075 2971 et

2177 1723 2364 1792 σοφίας
2385 1722 2670 1792 ὲτίμησεν;
2695 1719 2790 1782 Τίς
2812 1719 2868 1771 δὲ
2894 1716 3092 1788 μᾶλλον
3119 1713 3394 1785 νηστείαις
3438 1711 3536 1763 καὶ
3576 1710 3724 1776 ἀγρυ-

2180 1815 2361 1878 πνίαις
2409 1813 2507 1877 τὰς
2532 1813 2738 1883 σάρκας
2766 1810 3100 1872 ὑπέσπασεν,
3127 1805 3526 1877 ἣψαλμῳδίαις
3558 1803 3726 1872 ἑαυτὴν

2177 1907 2448 1978 έστήλωσε
2485 1905 2595 1975 (15)
2647 1902 2938 1972 παννύχοις
2983 1918 3042 1953 τε
3094 1900 3190 1954 καὶ
3237 1897 3607 1969 ἡμερησίαιςς
3651 1895 3728 1958 Τίς

2181 2000 2276 2070 μὲν
2325 1997 2621 2068 παρθενίαν
2663 1994 2879 2064 ἠγάσθη
2924 1992 3108 2058 πλέον,
3147 1989 3350 2060 καίπερ
3406 1986 3726 2056 ἀνασχομένη

2177 2091 2404 2154 δέσεως;
2439 2089 2534 2151 Τίς
2563 2087 2619 2141 δὲ
2665 2085 2914 2159 ὀρφανῶν
2941 2085 3034 2137 καὶ
3062 2083 3244 2154 χηρῶν
3273 2080 3518 2150 ἀμείνων
3544 2079 3729 2146 ἐγένετο

2178 2182 2514 2252 παραστάτις
2559 2178 2700 2250 (14);
2763 2176 2846 2239 τίς
2893 2175 2952 2228 δὲ
3007 2173 3262 2227 πενθοῦσι
3313 2173 3411 2234 τὰς
3466 2169 3730 2240 συμμορὰς

2177 2273 2316 2326 οὕτω
2359 2270 2788 2339 συνυπεκούφισε
2811 2267 2958 2337 (15);
3021 2265 3132 2319 Καὶ
3163 2262 3336 2317 ταῦτα
3368 2262 3456 2333 δὴ,
3490 2261 3559 2313 τὰ
3584 2260 3729 2330 μικρὰ

2181 2366 2280 2437 μὲν
2307 2366 2455 2427 ἴσως,
2501 2363 2661 2433 τυχὸν
2704 2361 2761 2414 δέ
2806 2377 2912 2413 τισι
2959 2361 3054 2412 καὶ
3082 2356 3476 2426 διαπτυόμενα,
3515 2355 3594 2405 ὅτι
3619 2353 3730 2422 μηδὲ

2178 2454 2413 2525 προσιτά
2444 2454 2640 2526 ῥαδίως
2657 2456 2769 2515 τοῖς
2795 2451 3003 2504 πλείοσι
3029 2449 3108 2519 (τὸ
3127 2448 3235 2517 γὰρ
3259 2448 3361 2499 οὐκ
3388 2445 3609 2514 ἐφικτὸν
3629 2445 3732 2496 οὐδὲ

2179 2549 2368 2601 πιστόν
2413 2564 2528 2609 πως
2558 2545 2643 2599 διὰ
2680 2544 2771 2597 τὸν
2803 2542 3040 2612 φθόνον),
3067 2543 3192 2612 ἐμοὶ
3223 2540 3281 2592 δὲ
3313 2538 3406 2592 καὶ
3437 2536 3559 2589 λίαν
3587 2534 3734 2606 τιμώ-

2183 2658 2338 2712 μενα,
2386 2639 2467 2693 ὅτι
2503 2639 2736 2699 πίστεως
2779 2632 2847 2707 ἦν
2891 2635 3197 2706 εὑρήματα,
3250 2631 3345 2685 καὶ
3381 2629 3731 2699 πνευματικῆς

2180 2733 2379 2798 ζέσεως
2422 2731 2818 2803 ἐγχειρήματα.
2858 2721 2981 2780 Οἷον
3026 2725 3086 2778 τὸ
3127 2727 3338 2796 μήποτε
3372 2722 3555 2792 φωνὴν
3586 2718 3732 2786 αἷσι-ἦς

2179 2827 2237 2877 ὲν
2277 2826 2442 2896 ἱεροῖς
2475 2822 2805 2892 ἀκουσθῆναι
2853 2819 3151 2886 συλλόγοις,
3187 2817 3217 2887 ἢ
3265 2816 3479 2878 τόποις,
3515 2812 3616 2877 ἔξω
3642 2809 3733 2862 τῶν

2180 2917 2491 2986 ἀναγκαίων
2518 2915 2627 2986 (16)
2657 2914 2752 2967 καὶ
2788 2910 3084 2984 μυστικῶν.

505 3008 799 3078 spiritualis
826 3007 1055 3064 [οἶνοι-ῖς
1087 3020 1332 3066 conatus.
1360 3009 1478 3077 Quo
1501 3013 1553 3066 in
1579 3026 1775 3081 genere
1805 3012 1934 3068 illud
1962 3025 2065 3081 est,
2105 3016 2246 3084 quod
2279 3015 2332 3068 in
2369 3013 2541 3069 sacris
2568 3011 2925 3066 conventibus
2984 3016 3076 3062 aut
3129 3005 3261 3060 locis
3303 3017 3580 3072 nunquam
3612 2999 3733 3054 illius

505 3113 610 3155 vox
661 3101 840 3155 audita
896 3101 985 3163 sit,
1039 3102 1085 3156 si
1146 3103 1485 3158 necessarias
1531 3113 1586 3160 et
1630 3107 1887 3177 mysticas
1927 3108 2289 3177 excipiamus.

577 3190 644 3246 X.
676 3192 829 3258 Quod
861 3194 908 3249 si
951 3193 1079 3248 olim
1129 3211 1381 3264 magnum
1423 3207 1585 3266 atque
1633 3199 1868 3266 amplum
1917 3200 2071 3254 altari
2102 3215 2143 3271 ο

506 3296 648 3351 erat,
676 3287 818 3355 quod
849 3302 1013 3356 super
1035 3288 1208 3357 ipsum
1237 3305 1335 3344 nec
1363 3292 1570 3345 securis
1599 3292 1950 3358 ascendisset,
1978 3309 2076 3348 nec

509 3381 623 3434 visa
667 3395 764 3434 nec
792 3382 974 3434 audita
1004 3381 1148 3435 ascia
1191 3381 1400 3437 esset“
1437 3383 1570 3453 (quo
1618 3385 1873 3438 nimirum
1910 3384 2078 3439 subli-

510 3473 652 3526 mius
675 3473 874 3541 aliquid
900 3473 1324 3542 signiﬁcabatur,
1365 3490 1556 3544 nempe
1593 3478 1832 3531 nativum
1861 3487 1917 3532 et
1941 3479 2077 3532 sim-

508 3564 650 3632 plex,
683 3565 1016 3634 artisque-ac
1043 3564 1148 3619 luci
1175 3581 1367 3635 expers
1407 3582 1527 3622 esse
1567 3567 1783 3633 debere,
1815 3568 2072 3637 quidquid

509 3652 620 3708 Deo
643 3657 1036 3722 consecratur),
1077 3669 1172 3708 cur
1217 3670 1320 3708 non
1376 3655 1450 3709 illi
1497 3671 1710 3724 quoque
1755 3656 1820 3710 ad
1863 3655 2074 3710 laudem

510 3764 762 3818 magnum
795 3749 886 3811 sit,
927 3749 1069 3818 quod
1114 3748 1328 3803 silentio
1357 3757 1544 3804 sancta
1589 3750 1891 3813 honorarit,
1931 3733 2075 3820 quod

511 3843 827 3895 veneranda:
867 3856 1067 3895 mensa:
1116 3856 1391 3911 nunquam
1441 3850 1590 3909 terga
1627 3841 1944 3908 obverterit,
1982 3857 2079 3895 nec

514 3932 569 3984 in
623 3931 863 3985 divinum
913 3931 1280 4000 pavimentum
1322 3933 1632 4001 exspuerit;
1686 3934 1827 4001 quod
1887 3931 2080 3986 nullius

515 4040 748 4092 unquam
780 4025 992 4093 gentilis
1017 4024 1248 4090 feminae,
1277 4025 1522 4092 quamvis
1559 4025 1756 4094 alioqui
1807 4025 2078 4080 honestis-

515 4115 666 4170 simae
683 4130 742 4168 ac
763 4115 1249 4184 propinquissinue,
1289 4115 1535 4168 manibus
1559 4129 1774 4168 manum
1810 4115 2077 4182 injecerit,

516 4216 609 4260 aut
645 4205 793 4261 labra
825 4207 990 4261 labris
1019 4205 1327 4271 miscuerit;
1356 4208 1464 4260 imo
1490 4221 1586 4260 nec
1617 4222 1737 4260 cum
1765 4208 1870 4274 bis,
1914 4209 2003 4276 qui
2049 4223 2081 4262 a

515 4298 738 4368 profana
799 4307 854 4353 et
905 4299 1113 4368 impura
1165 4313 1348 4354 mensa
1403 4298 1705 4362 veniebant,
1759 4315 1861 4353 non
1923 4301 2081 4356 modo

515 4399 735 4462 sponte,
785 4390 878 4445 sed
931 4405 998 4446 ne
1041 4401 1228 4446 coacta
1278 4391 1492 4462 quidem
1527 4391 1606 4445 sal
1649 4406 1937 4446 commune
1985 4393 2082 4446 ha-

518 4485 713 4549 buerit,
757 4499 857 4539 nec
891 4485 1155 4554 impuram
1187 4493 1240 4540 et
1275 4485 1595 4554 sacrilegam
1627 4483 1842 4540 domum
1887 4486 2080 4540 adver-

2247 3202 2302 3254 I'.
2338 3201 2447 3253 Kal.
2481 3199 2529 3251 εί
2559 3198 2702 3270 μέγα
2725 3195 2802 3267 τῷ
2829 3191 3197 3264 θυσιαστηρίῳ
3229 3188 3361 3243 ποτὲ
3395 3189 3457 3242 τὸ
3493 3190 3566 3259 μὴ
3594 3186 3733 3239 πέλε·

2177 3309 2276 3346 κυν
2316 3293 2400 3345 ἐπ’
2435 3292 2565 3345 αὐτὸ
2597 3289 2884 3359 ἀναϐῆναι,
2922 3287 3054 3358 μηδὲ
3087 3284 3338 3355 ὀφθῆναι,
3365 3282 3398 3353 ἢ
3426 3280 3736 3349 ἀκουσθῆναι

2177 3385 2528 3456 λαξευτήριον
2577 3383 2742 3453 (λόγῳ
2793 3379 3031 3453 μείζονι,
3089 3379 3164 3442 ὡς
3212 3376 3331 3430 δέον
3380 3373 3608 3444 φυσικὸν
3657 3371 3735 3424 καὶ

2179 3476 2399 3548 ἄτεχνον
2428 3473 2566 3530 εἷναι
2600 3478 2707 3528 πᾶν
2728 3473 2804 3544 τῷ
2830 3472 2948 3543 Θεῷ
2976 3468 3423 3541 καθιεροὺμενον)
3447 3508 3462 3531 ,
3495 3465 3609 3528 πῶς
3631 3463 3734 3533 οὐχὶ

2179 3568 2271 3620 καὶ
2301 3571 2429 3641 παρ’
2453 3567 2664 3638 ἐκείνης
2689 3565 2848 3637 μέγα,
2875 3566 2936 3618 τὸ
2991 3566 3168 3634 σιωπῇ
3201 3561 3469 3634 τιμᾶσθαι
3501 3562 3568 3614 τὰ
3600 3561 3735 3627 am.

2178 3661 2239 3714 τὸ
2272 3663 2482 3732 μήποτε
2516 3659 2659 3713 νῶτα
2689 3659 2907 3729 δοθῆναι
2940 3661 3005 3729 τῇ
3043 3656 3322 3727 σεϐασμίῳ
3344 3654 3458 3724 (l7)
3487 3651 3734 3724 τραπέζῃ,

2184 3754 2317 3824 μηδὲ
2349 3751 2792 3822 καταπτυσθῆναι
2823 3750 2964 3804 θεῖον
2997 3750 3208 3820 ἔδαφος,
3243 3749 3305 3801 τὸ
3333 3748 3545 3818 μήποτε
3573 3744 3738 3809 δεξιὰν

2180 3843 2514 3915 ἐμϐληθῆναι
2559 3843 2592 3914 ἢ
2643 3843 2794 3914 χείλη
2849 3843 3072 3914 μιγῆναι
3119 3841 3307 3912 χερσὶν
3347 3835 3735 3910 Ἑλληνικαῖςῆ

2180 3936 2379 4007 χείλεσι
2427 3935 2559 4006 μηδὲ
2595 3935 2695 4004 τῆς
2738 3935 2904 3990 τᾶλλα
2942 3935 3323 4004 κοσμιωτάτης
3359 3931 3614 4002 γυναικὸς
3656 3929 3739 3980 καὶ

2180 4027 2551 4097 οἰκειοτάτης;
2609 4027 2745 4080 ἀλλὰ
2791 4028 2925 4099 μηδὲ
2970 4026 3111 4080 ἀλῶν
3165 4025 3516 4094 κοινωνῆσαι,
3554 4022 3627 4092 μὴ
3666 4021 3740 4072 ὅτι

2183 4121 2433 4182 ἑκοῦσαν,
2458 4104 2598 4173 ἀλλὰ
2621 4121 2754 4192 μηδὲ
2783 4119 3112 4190 βιασθεῖσαν,
3140 4120 3254 4181 τοῖς
3277 4119 3385 4172 ἀπὸ
3405 4117 3507 4187 τῆς
3529 4112 3738 4185 βεϐήλου

2183 4214 2278 4268 καὶ
2301 4214 2534 4280 ἀνάγνου
2560 4212 2839 4284 τραπέζης
2860 4229 2872 4242 ο
2912 4211 3044 4282 μηδὲ
3083 4211 3277 4282 μιαρὸν
3304 4205 3456 4263 οἷκον
3487 4209 3520 4279 ἦ
3557 4204 3739 4277 παρελ-

2185 4304 2297 4358 θεῖν
2327 4321 2479 4368 ποτε,
2510 4303 2544 4375 ἢ
2577 4305 2702 4357 ἰδεῖν
2736 4303 3083 4375 ἀνασχέσθαι,
3105 4303 3256 4375 παρὰ
3275 4303 3374 4372 τὴν
3397 4303 3492 4355 τοῦ
3524 4299 3742 4354 συνειδό-

2182 4415 2273 4461 τος
2306 4396 2642 4468 νομοθεσίαν·
2683 4397 2816 4468 μηδὲ
2839 4397 3166 4468 διηγήμασιν
3201 4395 3557 4465 Ἑλληνικοῖς,
3592 4392 3624 4462 ἢ
3656 4390 3740 4461 ᾅτ-

2189 4508 2320 4561 μασι
2365 4490 2668 4561 θεατρικοῖς
2716 4489 3186 4559 καταμολυνθῆναι
3225 4489 3324 4559 τὴν
3363 4489 3552 4556 ἀκοὴν,
3587 4487 3619 4556 ἢ
3656 4485 3743 4552 τὴν

518 4590 611 4629 sus
641 4576 983 4631 conscientia:
1013 4576 1204 4644 legem,
1231 4583 1327 4629 aut
1354 4574 1692 4640 pertransire
1727 4589 1962 4644 unquam
1990 4583 2076 4628 aut

2186 4581 2452 4650 γλῶσσαν.
2502 4580 2600 4651 τὴν
2657 4581 2726 4634 τὰ
2776 4580 2893 4636 θεῖα
2940 4579 3235 4650 δεχομένην
3289 4578 3322 4650 ἢ
3379 4575 3742 4648 φθεγγομένην

517 4669 828 4738 conspicere
860 4669 1212 4735 sustinuerit;
1241 4683 1339 4724 nec
1382 4683 1567 4721 aurem
1604 4678 1658 4721 et
1689 4667 1948 4735 linguam,
1995 4682 2080 4720 res

517 4759 727 4814 divinas
754 4761 946 4830 partim
1002 4760 1375 4829 accipientem,
1409 4758 1602 4829 partim
1640 4758 2076 4827 proloqnentem,

516 4851 746 4906 ethnicis
778 4852 1195 4917 narrationibus,
1224 4866 1288 4906 ac
1312 4850 1591 4906 theatricis
1625 4849 1914 4923 eantilenjs
1943 4864 2076 4903 con-

521 4945 771 5001 taminari
799 4961 957 5015 passa
989 4945 1060 5000 sit
1081 4945 1236 5018 (nihil
1267 4945 1409 5000 enim
1445 4943 1654 5013 profani
1688 4944 1858 4998 sacris
1885 4956 2084 4998 conve-

588 5135 634 5170 ⁵¹
661 5137 815 5190 Deut.
843 5150 1013 5199 xxvn,
1039 5135 1092 5190 5.

594 5310 704 5374 (10)
754 5312 906 5366 Ὑπό.
939 5311 1030 5367 Or.
1063 5313 1112 5370 l,
1140 5311 1267 5366 ἀπὸ.

592 5382 700 5451 (ll)
745 5385 962 5454 Tdrzoc;
995 5383 1048 5436 ὅ.
1073 5381 1210 5454 ,Ιιξςη
1237 5382 1407 5444 τόνος.
1439 5381 1600 5436 Cotsl.
1632 5383 1681 5448 l,

594 5454 704 5522 (12)
751 5453 832 5518 Τῷ
862 5454 1068 5507 αἰτεῖν.
1103 5453 1268 5508 Coisl.
1295 5455 1346 5516 1,
1369 5455 1428 5506 τὸ
1459 5455 1647 5506 αἰτεῖν.

596 5524 704 5593 (l5)
754 5524 1109 5591 Ἐστήλωσε.
1145 5522 1332 5579 Billius
1376 5543 1388 5577 :
1430 5524 1746 5579 «Columna:
1795 5523 1966 5580 instar
2009 5540 2092 5582 se-

526 5595 695 5662 ipsam
727 5593 912 5650 aﬂixit.
949 5617 965 5645 ο

596 5665 707 5739 (μ)
742 5664 1132 5739 [Ιαραστάτιῄς.
1162 5665 1218 5718 1η
1248 5662 1587 5739 quihusdam.
1620 5664 1936 5739 προστάτις.

594 5734 704 5794 (l5)
744 5737 1257 5803 Συνυπεκούφισε.
1296 5735 1388 5790 Or.
1425 5735 1471 5799 Ι,
1505 5734 1876 5804 συνεκούφισε.

2188 4671 2358 4739 (οὐδὲν
2387 4669 2495 4739 γὰρ
2532 4671 2694 4741 ἱεροῖς
2742 4671 2969 4740 πρέπειν
3021 4670 3285 4741 ἀνίερον)·
3336 4670 3431 4722 καὶ
3481 4668 3509 4720 ὃ
3550 4665 3744 4717 τούτων

2187 4760 2648 4832 θαυμασιώτερον,
2696 4763 2757 4814 τὸ
2805 4763 3010 4833 μήποτε
3060 4761 3309 4814 τοσοῦτον
3338 4760 3519 4813 δοῦναι
3567 4757 3743 4810 πένθει

2189 4853 2501 4925 σωματικῷ,
2552 4856 2793 4924 καίτοιγε
2835 4855 3198 4927 διαφερόντως
3238 4853 3632 4924 καμπτομένην
3663 4849 3745 4900 καὶ

2185 4950 2295 5010 τοῖς
2325 4945 2431 5000 τῶν
2479 4947 2643 5014 ξένων
2692 4948 2941 5013 πάθεσιν,
2987 4947 3128 5001 ὥστε
3174 4946 3208 5017 ἢ
3243 4946 3440 5017 γοεράν
3480 4960 3616 4997 ποτε
3651 4942 3744 5009 πελ

2257 5310 2370 5381 (16)
2423 5307 2931 5381 Ἀναγκαίωνηςιο.
2962 5303 3065 5381 P_er
3101 5322 3120 5354 ‹
3151 5317 3309 5381 voces
3342 5302 3679 5381 necessarias
3701 5309 3745 5353 et

2188 5374 2511 5452 my‘stiCas,»
2551 5374 2642 5431 eas
2688 5377 2937 5452 intelligit
2984 5374 3145 5452 Elias,
3193 5375 3388 5442 quibus
3437 5375 3739 5452 plebs_tqta

2189 5440 2555 5506 sacerdotibus
2605 5440 2906 5510 accinebai,
2953 5446 3138 5513 quales
3191 5440 3337 5504 sunt,
3368 5440 3515 5496 ut'in
3551 5440 3745 5513 scholia

2191 5524 2404 5588 legitur,
2435 5535 2593 5574 voces
2620 5539 2632 5573 :
2674 5537 2693 5569 ι
2721 5519 2886 5570 Amen
2911 5557 2927 5581 ,
2959 5512 3023 5588 et
3051 5530 3171 5588 cum
3215 5515 3439 5588 Spiritu_
3461 5525 3551 5565 tuo
3578 5512 3745 5588 :-San-_

2189 5578 2326 5646 etus.
2352 5578 2590 5653 sanctus,
2620 5600 2674 5642 et
2703 5578 2937 5642 similia:
2974 5605 2992 5637 ι
3013 5583 3216 5653 Ἀμήν·
3239 5578 3340 5636 καί
3366 5583 3447 5648 τῷ
3463 5578 3747 5648 Πνεύμστί

2190 5678 2333 5715 σου·
2367 5661 2464 5713 καί
2500 5659 2585 5721 τὸ,
2615 5659 2836 5727 Ἄγιος,
2871 5655 3184 5727 ἅγιοςηκαὶ
3211 5655 3283 5727 τὰ
3309 5653 3550 5710 τοιαῦτα

2265 5732 2375 5802 (17)
2415 5726 2740 5799 Σεϐασμίῳ.
2781 5729 2872 5783 Or.
2901 5729 2953 5796 l,
2990 5726 3277 5796 σεϐασμίᾳ.
