3892 6556
123 460 219 513 997

1062 451 1317 508 οιιΑΤιο
1357 449 1544 506 XVIII.
1583 480 1652 490 —
1690 446 2036 506 FUNEBRIS
2079 445 2147 500 1N
2186 447 2488 503 PATREM.

3287 449 3390 504 998

121 578 210 646 τῆς
240 572 615 645 εὐχαριστίας
649 569 759 641 (18)
793 569 1026 641 ῥαγῆναι
1059 568 1264 641 φωνὴν,
1298 569 1330 640 ἥ
1361 568 1589 640 δάκρυον
1622 569 1715 620 ὲκ-

1837 565 1935 618 tire
1959 564 2288 634 statuebat);
2324 580 2446 629 nec,
2472 563 2614 633 quod
2655 563 2846 633 majori
2900 563 3243 618 admirationi
3275 580 3395 620 esse

124 667 305 718 πεσεῖν
344 663 632 734 βλεφάρου
677 658 949 730 μυστικῶς
980 659 1426 729 σφραγισθέντος,
1458 659 1491 729 ἢ
1534 658 1717 728 σχῆμα

125 755 391 826 πένθιμον
466 753 839 825 παραμένειν,
891 751 1135 820 καίτοιγε
1195 751 1402 804 πολλῶν
1462 750 1719 814 πολλάκις

125 847 532 920 συμπεσόντων
579 847 715 916 αὐτῇ
755 843 1034 914 λυπηρῶν,
1089 843 1345 916 λαμπρᾶς
1380 843 1490 914 (19)
1516 841 1721 914 παρού-

125 961 215 1014 σης
242 942 505 1014 ἡμέρας.
542 941 735 1010 Ψυχῆς
766 939 873 1009 γὰρ
921 933 1060 991 εἶναι
1111 937 1390 1007 θεοφιλοῦς
1416 935 1718 990 ὑποκλίνειν

121 1039 226 1098 rei;
257 1034 451 1098 θείοις
480 1034 627 1087 ἅπαν
661 1029 1016 1103 ἀνθρώπινον.

1824 659 2001 717 debet,
2043 671 2306 726 corporeo
2345 657 2511 710 luctui
2552 666 2758 709 tantum
2800 670 3036 723 uuqttam
3079 655 3390 719 indulserit,

1823 747 1942 802 licet
1977 748 2174 817 alioqui
2198 747 2281 802 vel
2311 759 2659 802 externorum
2706 747 3106 801 calamitatibus
3133 746 3392 815 majorem

1823 839 1876 894 in
1910 843 2122 894 modum
2145 848 2596 904 commoveretur,
2633 851 2693 893 ut
2727 839 2971 893 luctuosa
3008 855 3110 893 vox
3140 841 3188 892 ei
3219 840 3392 906 prius.

1823 949 1984 1004 quam
2017 935 2314 1004 gratiarum
2345 935 2489 990 actio
2518 942 2847 1003 erumperet,
2889 943 2982 986 aut
3011 948 3075 986 ex
3119 931 3394 1002 palpebris

1826 1024 2051 1095 mystice
2075 1025 2304 1094 signatis
2327 1024 2559 1096 lacryma
2587 1023 2795 1086 ﬂueret,
2821 1035 3052 1078 autcum
3084 1024 3198 1078 dies
3225 1023 3398 1077 festus

120 1127 364 1193 adesset,
395 1129 652 1199 quamvis
688 1127 786 1196 ipsi
819 1123 996 1178 multa:
1048 1135 1288 1191 persaepe
1355 1119 1620 1174 molestite
1679 1115 1994 1179 acciderint,
2033 1113 2273 1181 lugubris
2336 1115 2552 1169 habitus
2596 1124 2959 1184 permaneret.
3017 1111 3124 1166 Pia:
3151 1112 3294 1166 enim
3335 1126 3399 1166 ac

127 1220 227 1274 Deo
253 1221 460 1273 charm
489 1218 685 1272 anima:
716 1231 832 1270 esse
864 1213 1140 1274 censebat,
1177 1212 1372 1265 divinis
1411 1211 1569 1264 rebus
1606 1207 1843 1260 humana
1871 1204 2050 1258 omnia
2085 1203 2420 1258 submittere.

189 1313 297 1364 IA'.
338 1312 464 1364 Καὶ
494 1309 683 1363 σιωπῶ
706 1308 776 1360 τὰ
799 1307 1000 1360 τούτων
1027 1304 1462 1376 ἀπορῤητότερα,
1491 1297 1564 1354 ὧν
1587 1299 1716 1363 Θεὸς

129 1403 368 1473 μάρτυς,
433 1401 529 1454 κα).
573 1400 683 1452 τῶν
725 1397 928 1450 πιστῶν
947 1395 1058 1468 (‘20)
1103 1393 1494 1466 θεραπαινίδων
1527 1386 1615 1455 αἷς
1650 1391 1716 1442 τὰ

129 1493 358 1547 τοιαῦτα
409 1493 715 1545 ἐπίστευσε.
771 1491 844 1543 Τὸ
885 1489 994 1560 γὰρ
1059 1487 1177 1540 καθ’
1224 1486 1371 1557 ἡμᾶς
1415 1485 1543 1547 ἴσως
1599 1481 1718 1534 οὐδὲ

132 1588 359 1657 μνήμης
409 1583 688 1649 ἀξιωτέον,
721 1581 795 1645 ὡς
827 1580 1076 1644 ἀναξίους
1108 1578 1199 1631 τοῦ
1248 1575 1588 1636 ὲλπισθέντος
1612 1589 1626 1604 ·
1673 1573 1720 1624 ει

132 1679 364 1751 κάκείνῃ
399 1678 548 1748 μέγα
575 1675 634 1728 τὸ
667 1673 1000 1744 ἐπιχείρημα
1022 1669 1154 1741 (ﬁl),
1189 1670 1270 1722 ὅτι
1303 1669 1396 1720 καὶ
1440 1666 1543 1738 πρὸ
1565 1664 1719 1734 γενέ-

135 1789 266 1834 σεως
314 1773 479 1841 ἡμᾶς
525 1767 896 1837 καθυπέσχετο
943 1763 1021 1835 τῷ
1066 1761 1203 1832 Θεῷ,
1236 1761 1400 1830 μηδὲν
1431 1759 1491 1811 τὸ
1534 1757 1724 1827 μέλλον

1892 1296 2052 1367 337
2089 1294 2174 1349 XI.
2225 1301 2322 1359 Ac,
2378 1295 2622 1364 quaehis
2665 1294 2962 1349 occultiora
3030 1305 3176 1361 sunt,
3225 1304 3397 1360 taceo,

1825 1402 2054 1457 quorum
2107 1387 2256 1441 testis
2295 1395 2379 1440 est
2407 1385 2581 1453 Deus,
2620 1397 2674 1439 et
2717 1385 2964 1450 ancillae,
3001 1401 3230 1455 quarum
3275 1387 3398 1442 fidel

1826 1495 1915 1534 res
1977 1477 2278 1547 hujusmodi
2330 1478 2724 1533 committebat.
2770 1476 2907 1532 Nam
2962 1478 3109 1544 illud,
3153 1480 3291 1547 quod
3333 1479 3400 1534 ad

1827 1585 1926 1624 nos
1970 1571 2186 1634 attinet,
2235 1584 2305 1624 ne
2347 1571 2861 1626 commemoratione
2905 1571 3122 1641 quidem
3171 1571 3403 1628 fortasse

1829 1663 2046 1732 dignum
2087 1669 2187 1725 est,
2224 1671 2410 1731 utpote
2461 1661 2550 1729 qui
2590 1662 2758 1732 ipsius
2818 1662 2931 1732 spei
2990 1662 3402 1732 haudquaquam

1829 1754 2298 1822 responderimus;
2328 1768 2637 1824 quanquam
2683 1770 2907 1824 magnus
2960 1755 3060 1824 ipsi
3107 1755 3197 1809 hic
3241 1771 3405 1809 cona-

135 1858 529 1929 εὐλαϐηθεῖσα,
571 1857 663 1909 καὶ
705 1854 1063 1924 γεννηθέντας
1105 1852 1264 1914 εὐθὺς
1297 1849 1547 1920 ἀνέθηκε.
1589 1846 1722 1901 Θεοῦ

1837 1855 1916 1901 lus
1951 1846 2069 1910 fuit,
2103 1847 2242 1915 quod
2278 1862 2378 1901 nos
2407 1848 2574 1901 etiam
2609 1857 2732 1901 ante
2769 1857 2949 1901 ortmn
2987 1847 3116 1910 Deo,
3165 1847 3402 1902 futurum

134 1951 183 2002 δὲ
208 1950 271 2002 τὸ
308 1950 395 2022 μὴ
434 1949 610 2018 πάντη
650 1947 967 2018 διαμαρτεῖν
1007 1945 1175 2016 αὐτὴν
1208 1944 1306 2014 τῆς
1358 1943 1543 2014 εὖχῆςν
1591 1941 1724 2011 μηδὲ

134 2041 468 2110 ἀπωσθῆναι
497 2041 557 2094 τὸ
586 2039 924 2110 καλλιέρημα
952 2035 1082 2107 (22).
1139 2033 1356 2088 Τούτων
1391 2034 1489 2105 μὲν
1532 2027 1625 2086 οὖν
1661 2031 1728 2084 τὰ

139 2134 228 2203 μὲν
253 2132 456 2205 παρῆν
483 2133 606 2203 ἤδη,
635 2130 702 2184 τὰ
727 2131 782 2183 δὲ
806 2129 1018 2201 ἔμελλε,
1046 2131 1165 2191 ταῖς
1194 2126 1337 2180 κατὰ
1369 2125 1531 2197 μέρος
1561 2141 1728 2195 προσ-

138 2224 333 2295 θήκαις
372 2222 672 2294 αὐξόμενα.
722 2221 832 2275 Καὶ
876 2218 1127 2290 καθάπερ
1168 2217 1316 2288 ἥλιος
1348 2217 1561 2288 ἥδιστον
1607 2217 1727 2278 ταῖς

143 2314 400 2376 ἑωθιναῖς
430 2309 781 2384 προσϐάλλων
812 2311 1014 2375 ἀκτῖσι,
1038 2311 1156 2372 ταῖς
1188 2307 1585 2380 μεσημϐριναῖς
1611 2305 1729 2376 θερο

144 2407 372 2478 μότερος
403 2406 614 2458 ἵσταται
636 2404 727 2456 καὶ
761 2402 1106 2474 φαιδρότερος
1127 2418 1139 2431 ·
1176 2400 1318 2454 οὕτω
1350 2401 1442 2452 καὶ
1472 2397 1631 2470 αὐτη,
1665 2397 1727 2451 οὐ

147 2499 314 2568 μικρὰ
344 2495 422 2548 τὰ
443 2495 543 2566 τῆς
571 2491 852 2555 εὐσεϐείας
881 2491 973 2543 ἀπ’
997 2491 1171 2563 ἀρχῆς
1198 2490 1572 2560 ὑποφαίνουσα
1590 2488 1726 2558 ('25),

143 2591 211 2658 τῷ
252 2587 563 2657 τελευταίῳ
605 2586 743 2656 φωτὶ
793 2583 952 2638 πλέον
1000 2582 1292 2653 ἐξέλαμψε.
1365 2581 1498 2634 Τότε
1549 2581 1593 2634 δ’
1636 2575 1729 2633 οὖν

147 2681 367 2751 κέντρον
409 2681 472 2732 οὐ
510 2678 701 2749 μικρὸν
734 2675 1013 2738 εὐσεϐείας
1044 2675 1254 2728 οἴκοθεν
1296 2669 1443 2745 εἶχεν
1489 2672 1658 2742 αὐτὴν
1700 2673 1730 2725 ὁ

148 2773 601 2842 εἰσοικισάμενος,
635 2769 838 2824 ἄνωθεν
870 2768 989 2838 μὲν,
1037 2768 1128 2820 καὶ
1162 2767 1225 2819 ἐκ
1267 2766 1544 2838 προγόνων
1577 2763 1730 2833 φιλό-

151 2865 258 2916 θεόν
295 2882 363 2916 τε
409 2863 504 2917 καὶ
547 2862 912 2933 φιλόχριστον,
954 2857 1048 2911 καὶ
1079 2857 1331 2930 πατρῷον
1372 2856 1572 2927 κλῆρον
1618 2854 1731 2907 δια-

149 2956 448 3027 δεξαμένην
483 2955 572 3008 τὸν
601 2954 702 3024 τῆς
747 2951 946 3024 ἀρετῆς
969 2965 981 2980 ’
1029 2949 1145 3003 ἀλλ’
1203 2950 1302 3001 οὐκ
1335 2949 1399 3000 ὲκ
1429 2948 1528 3018 τῆς
1571 2947 1731 3018 ἀγρι-

156 3048 358 3112 ελαίου,
405 3045 592 3110 καθὼς
645 3046 872 3108 ἐκεῖνος,
910 3039 1384 3110 ἐγκεντρισθεῖσαν
1431 3042 1508 3101 είς
1541 3037 1728 3091 καλλι-

158 3141 362 3204 έλαιον,
394 3141 457 3194 οὐ
491 3140 758 3211 φέρουσαν
785 3137 838 3189 δὲ
859 3136 919 3189 τὸ
953 3133 1290 3206 ὲτεροζυγεῖν
1323 3133 1390 3185 δι’
1426 3130 1730 3204 ὑπερϐολὴν

1827 1937 1963 1992 nihil
1997 1936 2379 2004 reformidans,
2421 1939 2691 2007 promisit,
2736 1948 2900 2008 atque
2926 1939 2976 1994 in
3022 1940 3194 1994 lucem
3231 1941 3405 1995 editos

1827 2030 2010 2083 statim
2083 2031 2438 2084 consecravit.
2484 2030 2575 2084 Dei
2632 2041 2811 2084 autem
2884 2031 3204 2086 beneficium
3276 2031 3405 2087 illttd

1826 2125 1948 2192 fuit,
1982 2126 2121 2194 quod
2156 2135 2280 2179 voto
2301 2140 2400 2180 suo
2432 2140 2536 2179 non
2555 2127 2776 2180 omnino
2807 2126 3092 2189 exciderit,
3122 2141 3225 2180 nec
3249 2127 3408 2179 victi-

1828 2230 1916 2268 ma
1965 2229 2050 2278 ea,
2105 2229 2266 2283 quam
2316 2215 2610 2284 obtulerat,
2673 2217 2956 2286 repudiata
3013 2217 3193 2271 fuerit.
3229 2220 3406 2285 Atque

1829 2306 1944 2361 haec
1972 2305 2215 2376 quidem,
2249 2305 2446 2374 partim
2481 2305 2591 2373 jam
2628 2307 2876 2372 aderant,
2905 2307 3101 2377 partim
3153 2309 3408 2362 adventa-

1829 2397 1980 2465 bant,
2014 2397 2194 2452 tacitis
2223 2399 2570 2454 incrementis
2615 2401 2871 2469 paulatim
2921 2402 3290 2471 augescentia.
3339 2400 3407 2456 Et

1830 2490 2282 2560 quemadmodum
2312 2490 2412 2555 sol,
2445 2492 2724 2545 matutinis
2757 2493 2922 2547 radiis
2960 2494 3011 2546 in
3057 2493 3240 2548 oculos
3275 2507 3404 2548 sua-

1829 2583 2050 2638 vissime
2093 2583 2354 2649 incidens,
2411 2584 2728 2640 meridianis
2770 2585 3024 2640 fervidior
3071 2595 3124 2640 et
3174 2585 3408 2656 splendi-

1831 2676 1947 2730 dior
1965 2685 2070 2730 stat
2098 2691 2113 2743 ;
2148 2675 2337 2730 eodem
2364 2676 2520 2729 modo
2543 2675 2796 2740 illa,cum
2832 2678 2972 2731 haud
2996 2692 3158 2748 parva
3189 2678 3408 2746 pietatis

1829 2767 2003 2822 ofﬁcia
2043 2767 2277 2837 primum
2327 2768 2661 2824 subobscure
2712 2771 3061 2833 ostendisset,
3125 2781 3401 2842 postremo

1830 2859 2034 2914 lumine
2081 2862 2252 2928 magis
2299 2862 2661 2931 exsplemluit.
2695 2861 2830 2916 Tum
2890 2863 3055 2934 igitur
3111 2863 3252 2918 haud
3297 2864 3408 2917 exi-

1832 2965 1997 3018 guum
2029 2950 2249 3020 pietatis
2277 2952 2552 3005 stimulum
2584 2953 2729 3005 domi
2760 2953 3125 3022 habebat,qtti
3155 2969 3272 3008 eam
3301 2953 3405 3007 sibi

1833 3042 2176 3097 matrimonio
2212 3043 2489 3111 junxcrat,
2530 3045 2726 3114 quippe
2755 3061 2872 3114 quze
2898 3046 3403 3115 antiquitus,atque
3469 3046 3473 3050 ’

1832 3149 1862 3187 a
1923 3134 2222 3203 majoribus
2263 3136 2396 3198 suis,
2455 3135 2545 3189 Dei
2597 3147 2651 3189 et
2702 3135 2903 3190 Christi
2949 3152 3136 3191 amore
3185 3139 3406 3206 praedita

156 3232 423 3294 πίστεως’
463 3228 598 3283 ἀλλὰ
643 3226 802 3282 τοῦτο
851 3225 1010 3296 μόνον
1059 3223 1414 3295 φιλοσοφῆσαι
1460 3220 1534 3292 μὴ
1580 3221 1728 3274 δυνα-

1837 3237 1998 3289 esset,
2031 3241 2094 3281 ac
2137 3225 2352 3280 virtutis
2384 3227 2756 3281 haereditatetn
2797 3245 2826 3282 a
2865 3229 3112 3297 patribus
3163 3233 3407 3300 accepis-

159 3323 347 3392 μένην,
391 3320 562 3376 τᾶλλα
609 3318 1090 3392 καρτερικωτάτην
1129 3311 1292 3370 οὖσαν
1335 3311 1609 3383 γυναικῶν
1640 3312 1732 3365 κα).

158 3414 560 3488 ἀνδρικωτάτην
582 3411 715 3482 (‘24),
742 3411 803 3464 τὸ
837 3409 896 3475 ἐξ
938 3407 1196 3480 ἡμισείας
1229 3405 1468 3478 ἡνῶσθαι
1499 3403 1576 3475 τῷ
1614 3402 1732 3475 Θεῴ

160 3505 238 3558 διὰ
263 3508 368 3578 τὴν
400 3504 494 3558 τοῦ
527 3504 812 3574 τμήματος
846 3501 1218 3572 ἀλλοτρίωσιν,
1242 3498 1376 3552 ἀλλὰ
1403 3497 1476 3568 μὴ
1504 3513 1734 3567 προστε-

162 3597 308 3668 θῆναι
340 3599 407 3667 τῇ
433 3596 714 3666 σωματικῇ
740 3591 1002 3662 συναφείᾳ
1030 3589 1126 3660 τὴν
1153 3589 1424 3660 συμφυΐαν
1452 3586 1544 3640 τοῦ
1573 3584 1734 3638 πνεύ-

165 3708 358 3760 ματος
393 3690 488 3744 καὶ
533 3689 620 3742 διὰ
653 3687 810 3740 τοῦτο
859 3683 1308 3757 προσπίπτουσαν
1360 3680 1458 3750 μὲν
1502 3678 1580 3749 τῷ
1612 3676 1733 3747 Θεῷ

162 3787 348 3848 verso;
384 3784 480 3837 καὶ
513 3781 746 3854 ἡμέρας,
781 3781 874 3836 καὶ
923 3777 1052 3849 παρ’
1096 3773 1260 3829 αὐτοῦ
1311 3773 1409 3844 τὴν
1458 3771 1733 3844 σωτηρίαν

163 3879 248 3950 τῆς
281 3877 530 3948 κεφαλῆς
579 3872 901 3944 αἰτουμένην
953 3870 1012 3923 ὲν
1055 3867 1275 3930 πολλαῖς
1316 3865 1590 3937 νηστείαις
1637 3864 1733 3918 καὶ

162 3971 406 4043 ίὲικρυσι,
443 3965 846 4039 προσκειμένην
879 3963 934 4015 δὲ
967 3960 1044 4031 τῷ
1090 3959 1242 4031 ἀνδρὶ
1275 3957 1595 4027 φιλοπόνως,
1637 3956 1732 4009 καὶ

166 4063 510 4135 πολυτρόπως
540 4059 701 4112 αὐτὸν
730 4052 1198 4127 ὲμπορευομένην,
1229 4048 1572 4117 ὀνειδισμοῖς,
1608 4062 1732 4098 νουο

165 4154 385 4220 Θεσίαις,
418 4150 755 4223 θεραπείαις,
784 4143 1188 4216 ἀλλοτριώσεσι,
1221 4141 1283 4194 τὸ
1332 4140 1609 4211 μέγιστον,
1652 4138 1731 4209 τῷ

164 4245 340 4315 οἰκείῳ
369 4243 578 4314 τρόπῳ,
608 4241 702 4294 κα).
721 4239 797 4310 τῷ
821 4235 1134 4309 θερμοτέρῳ
1157 4233 1285 4305 περὶ
1306 4233 1403 4303 τὴν
1423 4231 1731 4297 εὐλάϐειαν,

165 4331 202 4405 ᾧ
235 4339 474 4410 μάλιστα
520 4334 667 4406 ψυχὴ
711 4333 1021 4402 κάμπτεται
1070 4327 1163 4381 καὶ
1209 4327 1561 4398 μαλάσσεται,
1595 4327 1732 4399 πρὸς

166 4429 358 4499 ἀρετὴν
384 4425 645 4487 ἑκουσίως
673 4419 986 4495 βιαζομένη.
1029 4417 1262 4488 Ἔμελλε
1305 4416 1362 4469 δὲ
1393 4417 1500 4486 ἄρα
1530 4416 1734 4469 κοιλαί-

167 4538 266 4574 νειν
289 4520 406 4592 (25)
439 4519 534 4592 τὴν
579 4517 785 4588 πέτραν
822 4516 856 4585 ἡ
905 4511 998 4566 τοῦ
1032 4511 1221 4574 ὕδατος
1252 4510 1400 4582 ῥανὶς
1437 4510 1525 4563 ἀεὶ
1559 4509 1732 4580 πλήτ-

166 4631 344 4678 τουσα,
377 4613 470 4666 καὶ
498 4611 674 4684 χρόνῳ
704 4607 970 4663 διανύσειν
994 4605 1058 4659 τὸ
1085 4602 1517 4674 σπουδαζόμενον
1537 4620 1551 4633 ο
1586 4602 1738 4673 δηλοῖ

166 4705 215 4762 δὲ
241 4708 311 4762 τὰ
344 4705 567 4777 ἑφεξῆς.

1835 3329 1948 3385 set;
2000 3335 2103 3374 non
2144 3328 2347 3381 autem,
2389 3329 2448 3373 ttt
2497 3319 2608 3383 ille,
2656 3336 2719 3374 ex
2764 3321 2999 3376 oleastro
3025 3323 3076 3376 in
3105 3323 3299 3378 olivam
3336 3325 3410 3378 in-

1833 3421 1980 3466 serta
2018 3411 2229 3473 fuisset,
2270 3426 2390 3477 nec,
2426 3424 2649 3482 propter
2698 3414 3068 3468 incredibilem
3116 3418 3407 3484 quamdam

1835 3505 1956 3559 fidei
1985 3505 2434 3575 magnitudinem,
2455 3522 2575 3560 cum
2613 3507 2840 3562 diversae
2879 3508 3159 3578 religionis
3191 3509 3409 3562 homine

1827 3596 2017 3668 jugum
2047 3597 2247 3652 ducere
2295 3598 2622 3664 sustineret;
2669 3616 2878 3667 verum,
2914 3602 3166 3670 quamvis
3208 3601 3410 3671 alioqui

1835 3688 2085 3744 mulieres
2113 3703 2302 3743 omnes
2334 3690 2604 3757 patientia:
2626 3705 2688 3745 ac
2715 3691 3048 3746 fortitudinis
3077 3693 3234 3746 laude
3257 3708 3410 3762 supe-

1834 3789 2002 3846 raret,
2039 3781 2142 3835 hoc
2175 3796 2340 3834 unum
2371 3796 2527 3851 aequo
2558 3783 2742 3837 animo
2782 3783 2925 3838 terre
2972 3800 3076 3838 non
3108 3794 3305 3853 posset,
3351 3798 3410 3839 se

1834 3872 2052 3925 dimidia
2089 3881 2295 3926 tantum
2330 3888 2395 3928 ex
2429 3884 2602 3942 parte,
2641 3876 2714 3929 ob
2748 3877 3005 3945 segmenti
3038 3877 3120 3931 sui
3163 3879 3405 3932 aversio-

1834 3980 1989 4028 nem,
2042 3964 2149 4019 Deo
2204 3966 2466 4034 copulari,
2537 3978 2589 4022 et
2645 3983 2748 4023 nou
2810 3969 2876 4021 ad
2936 3983 3221 4039 corporum
3274 3985 3401 4025 cea-

1827 4054 2160 4124 junctionem
2220 4058 2444 4125 spiritus
2497 4059 2659 4113 etiam
2716 4060 2968 4115 unionem
3017 4062 3274 4132 adjnngi;
3345 4077 3409 4118 ac

1833 4157 2115 4218 propterea
2170 4148 2284 4203 dies
2327 4159 2621 4220 noctesque
2650 4152 2716 4206 ad
2756 4151 2851 4207 Dei
2906 4152 3070 4221 pedes
3107 4153 3402 4218 accideret,

1833 4251 1994 4310 atque
2029 4256 2126 4310 pro
2157 4242 2349 4311 capitis
2377 4243 2459 4297 sui
2491 4244 2664 4298 salute
2703 4260 2824 4299 cum
2855 4245 3039 4300 multis
3071 4244 3296 4316 jejuniis
3355 4254 3411 4300 et

1835 4333 2086 4405 laerymis
2123 4348 2244 4387 eum
2283 4334 2618 4402 obsecraret,
2668 4347 2830 4406 atque
2862 4337 2980 4391 viro
3014 4337 3177 4392 etiam
3221 4337 3408 4391 sedulo

1834 4423 2083 4490 instaret,
2127 4439 2358 4494 eumque
2388 4426 2553 4480 variis
2581 4427 2754 4480 modis
2792 4427 2990 4481 lucrari
3020 4428 3398 4491 contenderet,

1836 4515 2070 4586 probris,
2089 4515 2568 4584 admonitionibus,
2589 4519 2888 4588 obsequiis,
2915 4519 3302 4584 simultatibus,
3331 4527 3407 4585 et,

1840 4606 1985 4676 quod
2018 4605 2238 4660 maximi
2263 4609 2522 4662 momenti
2555 4617 2696 4674 erat,
2733 4626 2943 4665 morum
2980 4627 3198 4667 suorum
3233 4613 3412 4682 probi-

1844 4705 1954 4750 tate
2007 4710 2070 4749 ac
2117 4693 2345 4750 ferventi
2385 4712 2513 4768 erga
2563 4701 2817 4769 pietatem
2873 4703 3069 4771 studio,
3105 4719 3208 4774 qua
3246 4703 3406 4774 potis-

169 4804 356 4856 simum
387 4816 445 4856 re
461 4801 642 4854 anima
661 4797 894 4853 ﬂectitur
929 4806 984 4850 et
1012 4793 1305 4859 emollitur,
1336 4808 1401 4848 ac
1423 4793 1729 4848 voluntarie
1775 4794 1841 4847 ad
1893 4794 2152 4848 virtutem
2195 4795 2548 4865 pertrahitur.
2601 4795 2709 4853 Nec
2739 4813 2867 4854 vero
2905 4799 3062 4856 aliter
3099 4801 3214 4857 ﬁeri
3265 4813 3412 4872 pote-

171 4907 267 4960 rat,
317 4894 448 4962 quin
509 4891 744 4947 assiduis
783 4888 996 4942 tandem
1038 4887 1234 4942 ictibus
1291 4895 1442 4958 gutta
1495 4885 1728 4955 lapidem
1755 4895 2068 4949 excavaret,
2127 4902 2192 4941 ac
2250 4901 2539 4958 progressu
2603 4892 2884 4960 temporis,
2943 4892 3086 4963 quod
3139 4895 3410 4960 studebat,

171 4988 480 5049 conﬁceret,
538 4983 994 5054 quemadmodum
1034 4997 1101 5037 ex
1149 4983 1256 5048 his,
1315 4996 1436 5052 quae
1490 4982 1746 5054 deinceps
1784 4991 2108 5053 sequuntur,
2134 4982 2337 5052 liquido
2371 4985 2671 5055 apparebit.

235 5140 346 5215 (18)
385 5139 807 5215 Εὐχαριστίας.
841 5139 1010 5212 Regg.
1055 5139 1254 5210 plures.
1300 5150 1412 5198 tres
1450 5141 1602 5198 Colb.
1633 5141 1728 5198 0r.

173 5214 221 5277 1,
243 5212 374 5274 les},
399 5212 832 5282 εὐχαριστηρίου.

237 5285 350 5354 (l9)
389 5280 709 5352 Λιψέφᾶςζ
731 5293 837 5338 etc.
867 5281 1050 5336 Billius
1076 5299 1091 5336 ι
1125 5297 1144 5334 t
1169 5280 1458 5350 Splendida
1484 5282 1570 5338 die
1597 5296 1735 5352 prte-

172 5367 336 5410 SCIIIC.
372 5371 392 5404 ι

235 5425 350 5495 (20)
393 5421 515 5478 Τῶν
544 5419 792 5495 πιστῶν.
826 5422 985 5495 Deest
1016 5422 1070 5477 in
1095 5423 1234 5495 Reg.
1273 5423 1384 5477 bm.

236 5492 349 5566 (2i)
398 5494 794 5566 Ἐπιχεζρημα.
826 5492 958 5566 Reg.
993 5508 1047 5559 a,
1076 5494 1169 5566 0r.
1195 5495 1247 5556 1,
1279 5493 1608 5566 ἐγχείρημα.

237 5563 350 5636 (22)
385 5563 788 5632 Κωλιέρημα.
822 5563 1065 5636 ἰιὸοοτλ
1086 5565 1233 5619 litata
1254 5603 1270 5628 ,
1302 5583 1320 5615 ι
1351 5563 1387 5618 ιι
1417 5563 1734 5635 καλλιερέω,

180 5653 196 5683 ι
228 5633 338 5701 lito,
381 5649 536 5706 sacra
573 5636 726 5706 facio.
765 5653 796 5706 si
821 5633 954 5706 Hinc
983 5634 1162 5689 Schol.
1208 5633 1734 5706 εηΧριστιανοὶμέν

175 5723 297 5758 ποτε
350 5704 694 5777 καλλιεροῦσι
713 5743 729 5768 ,
772 5704 900 5758 ὅταν
929 5705 1163 5777 ἑαυτοὺς.
1191 5705 1270 5777 τῷ
1298 5704 1418 5777 Θνεῷ
1453 5704 1734 5777 προσαγᾶ-

173 5792 303 5848 γωσι
320 5774 589 5848 πνεύματι
608 5774 1068 5848 συντετριμμένῳ,
1085 5775 1179 5830 καὶ
1190 5774 1734 5848 καρδιατεταπεινωο

178 5847 310 5917 μένῃ
336 5861 350 5876 ο
387 5847 729 5917 {Christiani
759 5846 975 5914 quidem
1008 5857 1135 5901 tunc
1161 5846 1313 5902 sacra
1348 5846 1580 5908 faciunt,
1608 5863 1732 5901 cum

174 5913 377 5988 seipsos
409 5916 517 5973 Deo
557 5913 791 5972 efferunt
828 5917 1020 5987 spiritu
1049 5919 1305 5984 contrito,
1351 5927 1406 5974 et
1451 5919 1731 5974 humiliato

1831 5143 2012 5200 corde.
2039 5162 2058 5196 ι

1907 5214 2044 5338 (23)ι
2086 5215 2563 5286 ’Υποφαίνουσω
2616 5216 2782 5276 Coisl.
2815 5219 2866 5287 1,
2899 5218 3200 5290 ὑφαίνουσα
3220 5258 3236 5284 ,
3265 5239 3285 5273 ι
3331 5233 3384 5276 te

1915 5302 2019 5338 isse
2051 5327 2064 5338 .
2104 5306 2122 5338 ι

1836 5302 2064 5341 ιυιςεθι.
2104 5306 2122 5338 ι

1907 5356 2018 5432 (24)
2071 5357 2559 5432 Ἀνδρικωτάτην.
2585 5360 2757 5432 Regg.
2789 5376 2842 5425 θ,
2873 5359 2983 5426 bm,
3015 5359 3182 5417 Cois].
3223 5361 3276 5427 1,
3314 5362 3410 5418 0r.

1839 5428 1894 5491 1,
1927 5429 2327 5498 ἀνδρειοτάτην.

1913 5498 2022 5569 (25)
2072 5501 2434 5568 Κοιλαίνειν,
2477 5512 2586 5558 etc.
2641 5499 2832 5557 Notum
2883 5511 2967 5557 est
3010 5503 3150 5571 apud
3195 5500 3414 5558 Graecos

1840 5569 1981 5644 istud
2033 5572 2374 5644 proverbium
2414 5591 2429 5626 :
2466 5571 2742 5626 Κοιλαίνει
2789 5573 2997 5644 πέτραν
3032 5569 3186 5644 ῥανὶς
3221 5572 3414 5637 ὕδατος

1835 5639 2168 5713 ἐνδελεχείην
2206 5657 2248 5713 ιι
2291 5641 2460 5711 Aquae
2501 5654 2650 5713 gutta
2700 5639 2916 5698 assidue
2966 5639 3208 5699 cadendo
3257 5652 3412 5698 cavat

1835 5709 2087 5778 lapidein.
2119 5709 2158 5761 ὁ
2191 5709 2294 5764 Aut
2343 5709 2482 5765 isttul
2505 5709 2680 5768 'etiam
2731 5715 2859 5768 huic
2896 5713 3070 5768 simile
3105 5733 3118 5769 :
3155 5713 3415 5768 Πολλαῖσι

1833 5781 2219 5856 πληγαῖς-δρᾷς
2247 5782 2440 5856 στερεὰ
2468 5782 2790 5856 δαμάζεται·
2821 5803 2839 5837 ι
2876 5782 3134 5842 Prtedura
3174 5797 3414 5856 quercus

1832 5853 2038 5907 crebris
2066 5853 2262 5907 ictibus
2292 5853 2452 5910 cedit.
2489 5871 2508 5905 ι
