3892 6534
508 340 648 394 θυοδ

1714 341 1770 396 S.
1812 337 2139 397 CREGORlI
2182 338 2529 397 TllEOLOGl

3622 349 3744 406 10οι

508 458 700 521 etiam,
765 470 1012 523 magnus,
1070 453 1313 522 inquam,
1375 454 1462 509 ille
1499 455 1744 511 veritatis
1774 471 1974 525 prazco,
2029 466 2085 511 et

2211 473 2297 521 .ος,
2338 473 2432 510 και
2471 458 2610 528 φωτὶ
2640 474 3062 528 περιλαμπεται,
3100 462 3193 513 καὶ
3226 464 3483 533 γνωρίζει
3516 463 3605 517 τὸν
3636 467 3747 520 διω-

510 544 749 613 gentium
775 544 827 597 in
870 544 972 597 fide
1010 543 1288 611 magister,
1349 558 1474 597 cum
1528 546 1708 599 adhuc
1762 555 2078 614 persecutor

510 643 676 699 esset,
703 632 903 688 lumine
931 632 1386 686 circumfunditur
1412 633 1478 698 ⁵⁸,
1500 648 1751 703 eumque,
1776 650 1935 703 quem
1957 651 2079 705 per-

2184 548 2436 619 κόμενον,
2472 550 2569 602 καὶ
2606 550 2705 619 τὴν
2740 549 2980 621 μεγάλην
3007 550 3281 606 διακονίαν
3311 556 3640 623 πιστεύεται,
3662 561 3747 611 καὶ

2187 640 2384 712 πληροῖ
2430 641 2525 694 τοῦ
2566 640 2898 709 Εὐαγγελίου
2940 643 3119 696 πᾶσαν
3167 640 3336 716 ἀκοὴν
3383 647 3483 699 καὶ
3508 647 3746 703 διάνοιαν.

512 728 861 797 sequebatur,
890 727 1190 795 cognoscit,
1211 742 1579 799 magnumque
1602 730 1965 785 ministerium
1986 731 2090 787 sibi
2119 735 2387 790 creditum
2454 736 2700 805 suscipit,
2756 747 2920 804 atque
2990 737 3228 792 omnium
3281 755 3445 795 aures
3475 750 3531 795 et
3565 743 3754 799 animos

514 818 810 889 Evangelio
842 818 1049 887 implet.

588 912 705 968 XV.
748 912 887 980 Quid
926 922 1104 967 autem
1133 928 1322 969 omnes
1375 929 1467 969 eos
1527 928 1844 970 enumerare
1874 915 2089 981 attinet,

515 1006 606 1074 qui
638 1021 666 1058 a
700 1004 811 1058 Deo
867 1005 1118 1059 advocati
1160 1015 1307 1069 sunt,
1346 1005 1653 1073 talibusque
1689 1006 1963 1062 miraculis
2005 1022 2092 1061 as-

516 1097 632 1163 citi,
674 1097 925 1165 qualibus
962 1097 1051 1151 ille
1072 1098 1234 1151 etiam
1270 1098 1335 1151 ad
1363 1098 1482 1151 fidei
1517 1099 1770 1168 pietatem
1803 1099 2092 1153 confirma-

520 1199 605 1243 tus
630 1186 753 1243 est?
791 1187 900 1243 Nec
933 1202 1062 1242 vero
1122 1188 1248 1242 talia
1300 1189 1543 1258 quidem,
1593 1199 1810 1258 tamque
1859 1189 2095 1243 incredi-

520 1277 647 1332 bilia
682 1286 735 1333 et
795 1277 1110 1333 admiranda
1167 1279 1319 1332 initia
1371 1277 1615 1344 fuerunt,
1653 1294 1747 1348 per
1797 1293 1858 1333 ea
1888 1290 2093 1344 autem,

519 1384 639 1439 qua:
671 1379 855 1440 postea
912 1379 1096 1424 secuta
1127 1382 1273 1431 sunt,
1310 1369 1512 1439 aliquid
1554 1385 1764 1436 eorum,
1810 1385 1928 1439 qua:
1955 1386 2094 1439 prze-

520 1469 823 1527 cesserunt,
856 1461 1055 1528 probro
1090 1469 1145 1514 et
1202 1462 1466 1515 dedecore
1509 1459 1705 1527 affecit,
1740 1461 2094 1529 quemadmo-

523 1553 655 1604 dum
692 1551 960 1622 quispiam
988 1568 1053 1605 ex
1093 1553 1181 1614 iis,
1217 1554 1307 1619 qui
1350 1553 1704 1607 honestarum
1745 1567 1927 1607 rerum
1953 1563 2099 1607 satu-

524 1644 739 1696 ritatem
774 1653 829 1696 et
862 1642 1137 1697 fastidium
1175 1643 1283 1697 cito
1330 1643 1663 1713 concipiunt,
1720 1657 1818 1697 nec
1870 1642 2095 1698 ulterius

2265 912 2367 966 lE'.
2407 912 2471 964 Τί
2500 912 2582 963 δεῖ
2618 912 2824 976 πάντας
2859 912 3290 983 ἀπαριθμεῖσθαι
3333 913 3464 976 τοὺς
3500 913 3604 966 ὑπὸ
3636 913 3754 970 Θεοῦ

2195 1004 2656 1078 προσκληθέντας,
2705 1006 2797 1057 καὶ
2842 1005 3102 1068 τοιούτοις
3136 1005 3525 1069 οίκειωθέντας
3562 1007 3755 1077 Θαύμα-

2196 1113 2300 1161 σιν,
2352 1090 2567 1165 οἷς(48)
2621 1095 2873 1157 κάκεῖνος
2924 1095 3225 1166 ἐϐεϐαιώθη
3282 1098 3421 1167 πρὸς
3474 1097 3575 1167 τὴν
3623 1100 3759 1152 εὐσέ-

2196 1189 2381 1254 6ειαν;
2417 1190 2527 1242 Καὶ
2570 1188 2631 1241 ού
2682 1188 2750 1240 τά
2789 1188 2885 1258 μὲν
2937 1188 3130 1259 πρῶτα
3166 1187 3413 1253 τοιαῦτα,
3466 1191 3562 1241 καὶ
3604 1189 3758 1253 οὕτως

2197 1283 2401 1345 ἄπιστα
2446 1280 2541 1333 καὶ
2590 1280 2890 1351 παράδοξα,
2927 1282 3229 1352 κατῄσχυνε
3272 1282 3330 1334 δέ
3368 1300 3425 1334 τι
3472 1282 3581 1333 τῶν
3639 1300 3757 1355 προ-

2201 1374 2565 1445 ϋπηργμένων
2612 1375 2723 1436 τοῖς
2769 1372 3015 1444 ὕστερον,
3050 1373 3124 1436 ὡς
3171 1373 3235 1427 ἄν
3265 1391 3347 1436 τις
3398 1374 3511 1425 τῶν
3552 1374 3759 1444 τάχιστα

2196 1466 2355 1537 κόρον
2383 1464 2475 1517 τού
2509 1463 2672 1518 καλοῦ
2696 1460 3234 1535 λαμὸανόντων,εἷτα
3255 1465 3350 1517 τοῦ
3386 1464 3581 1536 πρόσω
3610 1484 3760 1519 κατα-

2199 1556 2563 1628 φρονούντων,
2601 1557 2633 1628 ῆ
2666 1558 2761 1611 καὶ
2799 1558 3113 1610 παντάπασι
3160 1559 3296 1628 πρὸς
3346 1558 3550 1610 κακίαν
3592 1559 3760 1612 παλιν-

2195 1649 2568 1719 δρομούντων·
2602 1648 2703 1701 οὐκ
2750 1648 2864 1701 ἐστι
2907 1648 3066 1701 τοῦτο
3108 1651 3279 1703 εἰπεῖν
3302 1667 3316 1681 ⁸
3363 1648 3509 1703 ἀλλά
3539 1652 3630 1704 καὶ
3656 1651 3760 1704 λίαν

522 1734 776 1803 progredi
812 1741 1028 1797 curant,
1061 1732 1145 1787 vel
1177 1732 1342 1787 etiam
1385 1734 1451 1787 ad
1486 1733 1674 1786 vitium
1711 1733 1931 1788 omnino
1959 1735 2097 1789 rela-

2211 1735 2389 1788 ὲαυτοῦ
2438 1737 2532 1789 καὶ
2576 1734 2684 1788 τῶν
2737 1736 3139 1808 προειληφότων
3176 1737 3378 1809 ἔχεται,
3426 1741 3571 1795 ὥστε
3606 1744 3759 1813 ἀμφό-

525 1829 748 1881 buntur.
777 1824 914 1891 Non,
963 1825 1209 1894 inquam,
1264 1827 1365 1879 hoc
1418 1827 1668 1894 cuiquam
1706 1826 1886 1880 dicere
1934 1825 2092 1893 licet;

528 1935 735 1982 verum,
771 1928 825 1974 et
850 1920 953 1975 sibi
1005 1919 1293 1973 admodum
1342 1918 1609 1984 constitit,
1658 1929 1712 1973 et
1744 1919 1989 1988 pristinis
2009 1934 2098 1973 ve-

525 2012 701 2082 stigiis
724 2011 901 2073 haesit.
934 2010 1067 2065 adeo
1100 2019 1159 2063 ut
1185 2010 1328 2063 inter
1358 2024 1415 2064 se
1440 2019 1667 2079 utraque
1702 2010 1927 2080 pulchre
1961 2025 2095 2065 cou-

527 2105 800 2170 venirent,
830 2117 1023 2172 nempe
1052 2112 1107 2157 et
1140 2117 1227 2169 ea,
1258 2118 1376 2171 quae
1399 2104 1764 2157 sacerdotium
1807 2119 2099 2173 praecesse-

528 2208 674 2261 rant,
716 2210 838 2250 cum
872 2196 978 2260 his,
1010 2210 1130 2264 qua:
1152 2194 1204 2248 in
1234 2195 1541 2249 sacerdotio
1571 2204 1718 2248 recte
1747 2210 1810 2249 ac
1842 2194 2099 2263 praeclare

527 2292 713 2361 gessit,
736 2299 793 2343 et
822 2303 885 2343 ea
919 2303 1038 2358 quae
1074 2296 1195 2358 post
1244 2296 1556 2357 susceptum
1603 2286 1972 2342 sacerdotium
2015 2301 2101 2341 se-

430 2392 434 2398 ‘
527 2394 649 2437 cuta
674 2391 825 2449 sunt,
854 2397 977 2437 cum
1010 2382 1097 2449 iis,
1133 2395 1253 2449 quae
1312 2388 1705 2451 praecesserant
1743 2395 1756 2431 :
1807 2393 1903 2432 nec
1942 2377 2101 2431 aliter

529 2472 775 2543 incipere
821 2471 1028 2536 deceat,
1077 2485 1239 2541 quam
1294 2468 1563 2538 quomodo
1604 2469 1717 2535 ipse
1755 2466 1947 2532 finivit,
2000 2480 2101 2520 nec

529 2581 721 2620 rursus
769 2565 823 2619 in
872 2564 1037 2617 alium
1098 2564 1259 2617 tinem
1325 2561 1597 2631 progredi,
1665 2573 1827 2629 quam
1881 2558 2023 2612 unde
2056 2558 2101 2612 is

530 2658 814 2712 exordium
838 2656 1090 2710 duxerat.
1122 2654 1494 2709 Sacerdotium
1522 2661 1700 2706 autem
1730 2650 1975 2721 suscipit,
1994 2666 2099 2705 non

532 2765 596 2804 ea
626 2749 887 2803 facilitate
936 2761 1001 2804 ac
1059 2746 1400 2810 confusione,
1454 2760 1575 2815 quae
1625 2758 1769 2799 nunc
1814 2744 1978 2813 viget,
2007 2743 2100 2798 sed

532 2838 793 2895 nonnullo
821 2838 1101 2905 interiecto
1142 2838 1400 2906 temporis
1443 2836 1640 2906 Spatio,
1695 2849 1802 2905 quo
1848 2835 2100 2889 nimirum

2199 1844 2333 1897 τερα
2355 1825 2711 1899 συναρμόζειν
2734 1828 3003 1899 ἀλλήλοις,
3034 1830 3103 1883 τά
3123 1848 3180 1883 τε
3208 1832 3313 1903 πρὸ
3344 1833 3445 1904 τῆς
3483 1836 3759 1906 ἱερωσύνης

2200 1921 2311 1981 τοῖς
2345 1918 2560 1989 ἐκείνης
2594 1918 2800 1983 καλοῖς,
2850 1922 2943 1973 καὶ
2974 1921 3041 1973 τὰ
3073 1922 3189 1991 μετ’
3229 1924 3400 1994 αὐτὴν
3435 1929 3549 1989 τοῖς
3585 1930 3758 1999 πρότε-

2203 2027 2331 2079 ρον·
2380 2010 2473 2063 καὶ
2509 2012 2643 2082 μήτε
2693 2011 2866 2074 ἄλλως
2888 2012 2997 2083 (49)
3044 2013 3307 2083 ἄρξασθαι
3358 2018 3596 2088 πρέπειν
3633 2021 3663 2091 ἦ
3697 2020 3758 2082 ὡς

2203 2100 2539 2173 ἐτελεύτησε,
2596 2105 2731 2174 μήτε
2784 2105 2862 2165 είς
2921 2104 3048 2157 ἄλλο
3099 2107 3380 2177 προελθεῖν
3438 2109 3590 2174 τέλος
3629 2112 3658 2181 ἦ
3704 2105 3755 2164 οὗ

2203 2193 2512 2264 προήρξατο
2543 2193 2673 2264 (50).
2718 2194 3035 2249 Πιστεύεται
3083 2198 3180 2267 μέν
3213 2215 3276 2266 γε
3309 2200 3411 2270 τὴν
3457 2202 3756 2274 ἱερωσύνην,

2201 2284 2262 2336 ού
2296 2285 2433 2337 κατὰ
2465 2284 2562 2357 τὴν
2598 2286 2692 2339 νῦν
2725 2288 2972 2341 εὐκολίαν
3008 2290 3102 2342 καὶ
3140 2292 3383 2357 ἀταξίαν,
3423 2293 3563 2347 ἀλλά
3590 2298 3756 2366 μικρόν

2201 2393 2253 2429 τι
2280 2376 2558 2443 διαλιπὼν,
2589 2377 2728 2431 ὥστε
2756 2382 2822 2450 τῇ
2853 2380 3116 2453 καθάρσει
3162 2384 3534 2460 προστεθῆναι
3566 2387 3651 2438 καὶ
3675 2388 3757 2457 τὴν

2203 2468 2295 2521 τοῦ
2334 2469 2613 2540 καθαίρειν
2659 2472 2947 2543 ἐμπειρίαν
2981 2474 3075 2527 καὶ
3118 2475 3367 2547 δύναμιν,
3410 2480 3672 2553 ὄπερ(51)
3702 2482 3755 2553 δὴ

2206 2561 2367 2631 νόμος
2396 2562 2711 2627 ἀκολουθίας
2735 2568 3129 2637 πνευματικῆς.
3173 2569 3324 2623 Ἐπεὶ
3351 2571 3413 2624 δὲ
3444 2576 3754 2634 πιστεύεται.

2207 2652 2366 2707 πλέον
2396 2654 2429 2724 ἡ
2468 2654 2624 2725 χάρις
2660 2654 2959 2720 δοξάζεται,
3000 2657 3185 2731 ὥσπερ
3230 2662 3400 2727 ὅντως
3431 2665 3785 2743 Θεοῦ

2204 2744 2319 2797 ἀλλ’
2358 2746 2458 2799 οὐκ
2485 2746 2809 2818 ἀνθρώπων,
2842 2749 2984 2814 οὐδὲ,
3018 2751 3046 2803 ὃ
3076 2769 3238 2824 φησιν
3261 2756 3289 2807 ὀ
3327 2744 3754 2831 Ἐκκλησιαστῆς,

2206 2836 2348 2908 ὁρμή
2384 2855 2467 2901 τις
2494 2839 2812 2910 αὐτόνομος,
2843 2842 2936 2894 καὶ⁵
2974 2845 3292 2918 προαίρεσις
3319 2850 3623 2920 πνεύματος
3642 2850 3751 2921 (52).

536 2932 604 2986 ad
660 2931 746 2985 sui
780 2930 1154 3001 purgationem
1213 2928 1439 2983 aliorum
1488 2943 1704 2998 quoque
1756 2926 2155 2997 purgandorum
2196 2930 2444 2994 peritiam
2498 2942 2554 2985 et
2597 2929 2906 2987 facultatem
2948 2935 3279 3007 adjungcret,
3320 2944 3750 3010 quemadmodum

534 3031 787 3088 videlicet
845 3029 1140 3098 Spiritualis
1190 3030 1397 3085 ordinis
1428 3029 1517 3084 lex
1573 3028 1768 3100 poscit.
1794 3028 2082 3098 Postquam
2121 3037 2300 3083 autem
2360 3032 2623 3101 suscepit,
2685 3034 2858 3104 gratia
2913 3036 3084 3105 magis
3115 3034 3445 3100 celebratur,
3491 3048 3550 3091 ut
3594 3053 3752 3091 revera

535 3124 629 3179 Dei
658 3128 852 3193 gratia,
883 3140 988 3181 non
1017 3136 1196 3181 autem
1225 3126 1501 3181 hominum
1524 3166 1539 3189 ,
1596 3138 1701 3180 nec
1744 3134 1823 3192 ut,
1858 3125 2001 3195 quod
2026 3125 2102 3179 ait
2135 3123 2510 3194 Ecclesiastes,
2542 3129 2773 3200 impetus
2814 3130 3031 3200 quidam
3081 3131 3312 3196 solutus,
3356 3141 3413 3187 et
3437 3135 3752 3204 praesumptio

536 3225 757 3293 spiritus
780 3225 846 3277 ⁸³.

610 3318 750 3374 XVI.
782 3317 916 3373 Nam
940 3333 1061 3373 cum
1114 3318 1368 3374 silvosam
1397 3288 1463 3374 eti
1501 3326 1767 3389 agrestem
1800 3316 2101 3372 Ecclesiam
2130 3320 2172 3378 C

537 3413 859 3483 accepisset,
886 3426 991 3466 non
1019 3411 1177 3483 longo
1199 3421 1324 3467 ante
1378 3420 1620 3482 tempore
1645 3410 1938 3481 episcopali
1964 3424 2092 3465 cura

529 3505 917 3574 gubernatam,
942 3504 1035 3557 sed
1065 3503 1131 3557 ab
1165 3518 1273 3557 uno
1307 3510 1518 3557 tantum
1568 3518 1635 3557 ex
1664 3502 2107 3557 antecessoribus

537 3596 652 3650 suis
688 3595 1275 3665 exornatam,quique,
1326 3604 1384 3647 ut
1429 3594 1762 3648 admirandis
1817 3602 1976 3663 atque
2008 3606 2108 3645 an-

537 3686 727 3756 gelicis
757 3685 999 3739 moribus
1021 3694 1141 3738 erat
1165 3684 1442 3752 praeditus,
1486 3686 1557 3738 ita
1590 3682 1912 3754 simplicior,
1945 3680 2104 3753 3&1

538 3792 699 3847 quam
731 3777 819 3845 qui
851 3791 994 3830 nunc
1026 3774 1223 3846 populo
1254 3784 1513 3845 praesunt,
1555 3776 1891 3841 habebatur;
1923 3790 1990 3829 eo
2012 3790 2110 3826 au-

541 3880 649 3927 tem
679 3868 958 3924 celerrime
1011 3870 1061 3921 iu
1096 3868 1291 3923 callum
1345 3877 1641 3937 assumpto,
1668 3867 1857 3936 perdiu
1884 3881 2101 3920 rursum

543 3959 868 4031 neglectam,
902 3968 957 4012 et
991 3959 1060 4012 ob
1098 3959 1354 4012 antistitis
1404 3959 1639 4027 inopiam
1680 3957 1933 4027 squalore
1956 3956 2090 4010 affe-

540 4062 704 4116 clam,
733 4060 893 4120 atque
926 4050 977 4104 in
1020 4065 1214 4119 vepres
1258 4050 1554 4115 redactam,
1605 4049 1834 4118 primum
1870 4049 2091 4118 quidem

542 4143 754 4198 ferinos
785 4143 1064 4197 hominum
1100 4157 1279 4197 mores
1311 4143 1450 4196 baud
1501 4157 1696 4210 magno
1723 4142 1937 4209 negotio
1967 4142 2113 4195 miti-

540 4235 716 4305 gavit,
738 4243 848 4289 tum
880 4234 1173 4304 pastoralis
1231 4234 1365 4288 artis
1416 4232 1779 4299 sermonibus,
1806 4242 1915 4287 tum
1946 4233 2110 4288 etiam

541 4327 684 4395 quod
735 4341 815 4390 se,
868 4326 1015 4380 velut
1065 4325 1398 4395 spiritualem
1438 4327 1728 4396 quamdam
1775 4334 2010 4379 statuam
2045 4327 2111 4379 ad

541 4421 771 4491 optima
788 4418 1047 4491 cujusque
1067 4418 1299 4475 actionis
1316 4419 1769 4491 pulchritudinem
1796 4418 2111 4489 expolitam,

542 4514 609 4565 ad
641 4512 960 4565 imitandum
986 4521 1332 4585 proponeret.
1367 4511 1570 4566 Deinde
1594 4511 1645 4565 in
1672 4525 1950 4565 sacrarum
1972 4510 2114 4564 litte-

546 4617 726 4654 rarum
759 4601 1127 4676 meditatione,
1157 4616 1367 4656 summa
1415 4616 1536 4655 cum
1567 4601 1734 4655 animi
1767 4602 2113 4654 contentione

2277 3315 2373 3367 1Σ’.
2410 3312 2748 3385 Παραλαϐὼν
2789 3311 2897 3384 γὰρ
2946 3313 3044 3385 τὴν
3109 3314 3436 3386 Ἐκκλησίαν
3481 3315 3642 3386 ὑλώδη
3675 3314 3753 3368 καὶ

2214 3406 2739 3478 ἀπηγροικισμένην,
2784 3406 2844 3458 ού
2892 3405 3170 3479 πόρρωθεν
3212 3408 3309 3477 μὲν
3352 3409 3618 3477 ἐπισκοπῇ
3662 3423 3754 3458 ποι-

2219 3502 2528 3571 μανθείσαν,
2563 3498 2676 3551 ἀλλ’
2704 3500 2826 3552 ὅσον
2862 3500 2940 3552 ἐνὶ
2966 3498 3072 3552 τῶν
3099 3499 3202 3571 πρὸ
3226 3499 3390 3554 αὑτοῦ
3420 3501 3749 3571 κοσμηθῆναι,

2216 3593 2308 3647 καλ⁸
2342 3591 2514 3661 τούτῳ
2549 3590 2834 3662 θαυμασίῳ
2877 3591 2975 3661 μὲν
3013 3591 3106 3647 καὶ
3135 3592 3409 3663 ἀγγελικῷ
3451 3594 3541 3646 τὸν
3563 3593 3749 3663 τρόπον,

2219 3686 2572 3755 ἀπλουστέρῳ
2610 3684 2665 3737 δὲ
2706 3685 2738 3755 ἢ
2772 3685 2910 3738 κατά
2940 3686 3065 3747 τοὺς
3096 3684 3191 3738 νῦν
3221 3686 3327 3738 τῶν
3363 3684 3510 3738 λαῶν
3548 3684 3750 3757 προστάο

2215 3792 2309 3837 τας
2328 3792 2341 3805 ·
2374 3773 2558 3826 τούτου
2590 3773 2646 3826 δὲ
2669 3775 2893 3844 τάχιστα
2930 3772 3384 3844 προσληφθέντος,
3418 3775 3639 3827 ἐπιπολὺ
3664 3773 3751 3824 πάο

2216 3866 2299 3919 λιν
2333 3865 2735 3938 ῥαθυμηθεῖσάν
2777 3882 2836 3918 τε
2874 3867 2967 3919 καὶ¹
3004 3868 3492 3937 χερσομανήσασαν
3525 3867 3579 3932 ἐξ
3610 3865 3749 3933 ἀναρ-

2218 3960 2339 4029 χίας
2360 3976 2373 3989 ο
2399 3959 2614 4030 πρῶτον
2644 3958 2743 4029 μὲν
2770 3958 2837 4012 τὰ
2863 3958 2969 4029 ᾕθη
2994 3960 3101 4013 τῶν
3127 3958 3429 4030 ἀνθρώπων
3452 3960 3511 4012 ού
3537 3957 3749 4030 χαλεπῶς

2218 4050 2531 4122 ἐξημέρωσε
2578 4049 2755 4118 λόγοις
2802 4067 2860 4103 τε
2918 4051 3409 4122 ποιμαντικῆς(53)
3458 4050 3747 4119 ἐπιστήμης.

2218 4140 2408 4210 καὶτῷ
2431 4139 2708 4210 προθεῖναι
2726 4139 2835 4210 (54)
2859 4139 3025 4193 τύπον
3053 4141 3261 4205 ἑαυτὸν,
3286 4140 3477 4213 ὥσπερ
3498 4138 3748 4211 ἀνδριάντα

2219 4232 2603 4303 πνευματικὸν,
2631 4234 2709 4295 εἰς
2740 4230 2933 4295 κάλλος
2958 4232 3325 4303 ἀπεξεσμένον
3357 4235 3538 4305 πάσης
3556 4232 3749 4303 ἀρίστης

2219 4324 2491 4397 πράξεως,
2529 4325 2760 4377 Ἔπειτα
2786 4328 2898 4388 τοῖς
2927 4325 3088 4389 θείοις
3114 4326 3291 4395 λόγοις
3323 4328 3583 4390 συντόνως
3610 4327 3749 4393 ἐμμε-

2217 4418 2470 4488 λετήσας,
2515 4414 2714 4489 καίπερ
2762 4416 3034 4489 ὀψιμαθὴς
3069 4418 3175 4471 τῶν
3205 4418 3461 4472 τοιούτων
3488 4416 3745 4487 τυγχάνων,

2220 4510 2489 4581 τοσαύτην
2538 4509 2688 4571 ἐντὸς
2746 4510 2927 4578 ὀλίγου
2973 4511 3166 4582 χρόνου
3222 4513 3413 4580 σοφίαν
3444 4510 3743 4573 συνελέξατο,

2223 4600 2360 4653 ὥστε
2386 4600 2454 4651 τά
2486 4614 2540 4651 τε
2566 4597 2699 4651 ἀλλα
2732 4598 2956 4669 μηδενὸς
2980 4600 3257 4655 λείπεσθαι
3288 4602 3393 4657 τῶν
3420 4603 3512 4655 ἐπὶ
3539 4601 3746 4653 πλεῖστον

541 4705 810 4757 versatus,
850 4694 1097 4764 quamvis
1127 4694 1301 4748 serius
1327 4693 1392 4746 ad
1438 4692 1742 4761 lmjusmodi
1795 4692 1970 4746 studia
1998 4707 2103 4746 sese

2219 4691 2624 4763 πεπονηκότων,
2655 4691 2930 4769 καὶ-χάριν
2959 4694 3020 4746 ἐκ
3044 4693 3178 4747 Θεοῦ
3208 4695 3408 4766 ταύτην
3444 4693 3615 4748 λαϐεῖν
3634 4687 3746 4754 ἐξαί-

546 4788 893 4852 contulisset,
919 4794 1127 4863 tantum
1151 4785 1473 4842 eruditionis
1490 4785 1641 4841 brevi
1668 4784 1905 4854 collegit,
1939 4791 1997 4837 ut
2016 4798 2113 4839 nec

623 4928 670 4959 "
691 4926 813 4981 Act.
844 4941 920 4987 rx.
952 4926 1007 4981 5.
1087 4926 1134 4958 '°
1156 4926 1333 4981 Eccle.
1365 4942 1401 4991 ι,
1432 4926 1518 4983 l7.

617 5060 730 5130 (48)
775 5054 893 5125 Οἷς.
930 5060 1023 5114 Or.
1065 5060 1115 5125 1,
1151 5059 1303 5123 οἵοις.

618 5126 732 5200 (49)
776 5132 1034 5196 Ἄλλως,
1065 5140 1170 5184 etc.
1206 5130 1460 5194 Monlac..
1496 5130 1677 5193 ἄλλοις
1720 5129 1897 5193 ἄλλως
1924 5170 1961 5184 ..
1999 5126 2115 5181 ἐτε-

544 5200 806 5272 λεύτησεν
838 5202 1063 5272 ἐκεῖνος.
1097 5200 1295 5272 Verum
1328 5203 1408 5255 ha:
1445 5216 1601 5255 voces
1639 5200 1853 5272 ἄλλοις,
1882 5210 1934 5254 et
1969 5200 2113 5251 ὲκεί-

546 5290 657 5353 νος,
686 5270 804 5353 quae
840 5271 891 5323 in
925 5272 1076 5353 nullo.
1108 5271 1451 5353 reperiuntur
1477 5273 1687 5338 codice,
1732 5270 1889 5326 nobis
1918 5285 2112 5339 super-

548 5344 688 5404 fluae,
727 5343 954 5409 ideoque
983 5341 1286 5410 rejicienda:
1319 5341 1589 5395 videntur.

548 5484 561 5497 ν
620 5412 845 5497 (50)."?!
870 5407 942 5467 οὗ
982 5411 1343 5480 προήρξατο.
1384 5409 1572 5465 Btllms
1602 5431 1615 5467 :
1652 5430 1671 5464 ι
1708 5426 1870 5481 quam
1897 5420 1959 5465 ut
2002 5410 2116 5481 ipse

550 5490 1184 5624 ωῗτξιῐλιιλόπέρ..ῐὶοεε.
1218 5567 1271 5619 a,
1303 5552 1414 5616 bm.
1446 5552 1636 5623 ὅσπερ·
1685 5552 1872 5608 Βί¹¹ί¹¹⁵
1902 5553 2119 5608 Viden"

549 5621 762 5692 legisse,
804 5621 1014 5692 ὥσπερ.

620 5693 734 5761 (52)
774 5693 885 5746 Καὶ
916 5691 1263 5759 προαίρεσις
1291 5692 1647 5761 πνεύματος.
1694 5710 1712 5743 ι
1742 5691 2117 5762 Przesumptio,

552 5762 771 5819 afﬂictio
805 5764 1051 5833 spiritus.
1080 5782 1100 5816 ι
1134 5763 1225 5818 Sic
1251 5762 1505 5818 LXX..lu
1543 5762 1769 5821 Hebrao
1794 5774 1971 5820 autem
2004 5778 2117 5820 ser-

2220 4801 2395 4857 ρετον,
2434 4780 2740 4854 ὀρθοδοξίας
2789 4783 3038 4851 γενέσθαι
3092 4785 3270 4857 πατὴρ
3299 4786 3392 4838 καὶ
3433 4780 3744 4841 διδάσκαλος³

2218 5071 2401 5122 mone,
2442 5065 2551 5141 πῃ
2576 5063 2743 5141 ’ρης-π,
2782 5073 2801 5107 ι
2839 5056 3080 5141 depastio
3113 5055 3281 5141 venti.
3337 5075 3358 5109 ι
3411 5054 3559 5141 Unde

2217 5144 2316 5199 pro
2356 5122 2684 5199 προαίρεσις
2726 5122 3035 5197 πνεύματος
3049 5168 3089 5199 ,_
3120 5127 3316 5199 habet,
3349 5126 3487 5199 νομὴ
3534 5122 3739 5199 ἀνέμου.

2223 5190 2241 5249 ἱ
2273 5190 2710 5279 depa'stio'venti,
2748 5190 3321 5279 inut:apu_d_llebrzeos_.
3347 5190 3607 5279 partem".

2219 5270 2401 5339 gorius
2448 5267 2537 5339 hic
2570 5266 2703 5320 nihil
2733 5266 2877 5321 aliud
2919 5266 3225 5339 intellexit_.
3254 5267 3360 5339 nisi
3398 5266 3739 5339 quodexptﬁs-

2219 5328 2406 5393 serunt
2452 5337 2796 5406 interpretes,
2840 5352 2963 5391 cum
3014 5339 3125 5391 haec
3180 5337 3355 5391 Eccle.
3389 5328 3433 5402 ιζ
3486 5335 3567 5398 l7,
3614 5328 3739 5383 verba

2220 5408 2557 5475 interpretati
2610 5417 2773 5469 sunt,
2825 5422 3017 5474 nempe
3071 5406 3391 5478 Gregorium
3441 5416 3631 5478 patrem
3666 5408 3739 5450 nec

2218 5479 2484 5550 prmcipiti
2522 5488 2695 5540 motu.
2722 5493 2819 5533 nec
2857 5478 3001 5532 inani
3032 5476 3203 5549 gloria
3231 5476 3473 5543 ductum,
3496 5476 3561 5529 ad
3584 5481 3735 5527 sacer-

2221 5550 2427 5602 dotium
2459 5551 2773 5603 accessisse.

2292 5619 2405 5689 (55)
2444 5617 2865 5688 Ποιμαντικῆς.
2900 5617 2990 5674 Sic
3016 5616 3185 5688 Regg.
3221 5632 3274 5683 a,
3312 5617 3422 5685 bm,
3453 5628 3554 5674 etc.
3580 5614 3625 5668 In
3647 5606 3735 5666 edn

2222 5693 2619 5760 ποιμαντικοῖς.

2293 5758 2405 5831 (54)
2444 5760 2770 5829 Προθεῖναι.
2804 5759 2935 5830 Reg.
2965 5759 3077 5828 bm,
3111 5758 3444 5830 προσθεῖναι.
