3852 6408
178 363 292 423 10δὸ

1046 346 1298 401 ORATIO
1338 343 1524 400 XVIII,
1560 373 1626 384 --
1667 335 2014 398 FUNEBRIS
2053 339 2119 394 IN
2165 336 2464 392 PATREM.

3191 299 3386 390 .1006'

172 488 221 540 οὐ
249 476 370 534 κατὰ
411 475 527 535 τοὺς
572 469 664 522 νῦν
707 469 899 537 σοφοὺς
944 470 1053 529 τοῖς
1092 470 1305 538 καιροῖς
1352 466 1706 536 συγκλινόμε-

1829 464 1934 517 tliis
1968 463 2018 517 in
2064 463 2223 516 rebus
2277 475 2546 530 quoquam
2578 473 2786 520 eorum,
2839 457 2926 527 qui
2957 457 3210 511 diuturno
3237 469 3374 510 tem-

173 593 263 638 νος,
292 568 400 622 οὐδὲ
430 564 600 635 μέσως
649 562 741 615 καὶ
776 559 1037 630 τεχνικῶς
1075 558 1168 610 τοῦ
1214 557 1336 610 καθ’
1365 559 1510 628 ἡμᾶς
1541 556 1699 624 λόγου

171 661 547 737 προϊστάμενος,
582 655 657 717 ὡς
701 653 767 706 ἂν
793 653 842 705 οἱ
879 651 951 722 μὴ
1000 650 1161 720 πῆξιν
1193 650 1406 720 ἔχοντες
1441 651 1698 713 πίστεως,

173 761 198 828 ἦ
225 749 596 822 καπηλεύοντες
621 746 721 817 τὴν
750 745 1005 816 ἀλήθειαν
1025 761 1039 774 ’
1065 743 1179 797 ἀλλ’
1208 739 1276 813 ἦν
1303 742 1410 796 ’τῶν
1442 744 1537 812 μὲν
1560 743 1703 812 λόγῳ

169 844 377 904 δυνατῶν
427 838 826 909 εὐσεϐέστερος,
867 836 973 890 τῶν
1017 835 1192 908 ὀρθῶν
1237 835 1292 888 δὲ
1340 833 1435 905 τὴν
1467 834 1704 888 διάνοιαν

169 933 526 1006 λογικώτεροςο
577 927 775 998 μᾶλλον
812 927 870 980 δὲ
917 927 1076 992 λόγου
1125 926 1192 978 τά
1238 927 1468 996 δεύτερα
1499 926 1702 995 φέρων,

169 1024 391 1093 εὐσεϐείᾳ
423 1019 636 1072 πάντων
680 1016 918 1088 ἐκράτει.
963 1016 1100 1068 Ἕνα
1151 1015 1248 1084 μὲν
1285 1013 1418 1066 Θεὸν
1453 1010 1608 1075 εἰδὼς
1647 1013 1704 1062 ὲν

169 1118 332 1192 Τριὰδι
369 1109 853 1184 προσκυνούμενον,
899 1108 1024 1178 τρία
1073 1107 1130 1158 δὲ
1175 1108 1254 1168 είς
1300 1105 1428 1174 μίαν
1478 1103 1706 1174 θεότητα

169 1208 504 1276 συναγόμενα·
544 1204 638 1255 καὶ
673 1201 794 1254 οὔτε
832 1200 910 1270 τῷ
943 1200 1022 1252 ἐνὶ
1055 1198 1413 1262 Σαϐελλίζων,
1445 1197 1567 1250 οὔτε
1596 1197 1707 1257 τοῖς

166 1301 318 1374 τρισὶν
368 1293 742 1367 Ἄρειανίζων,
792 1293 824 1364 ἢ
865 1291 941 1362 τῷ
981 1290 1285 1344 συστέλλειν
1340 1288 1568 1358 θεότητα
1614 1289 1707 1341 καὶ

166 1392 390 1451 ἀναλύειν
415 1388 522 1459 (55)
549 1387 746 1450 ἀθέως,
773 1387 806 1456 ἦ
839 1386 917 1456 τῷ
944 1385 1302 1454 κατατέμνειν
1326 1384 1529 1446 ἀνίσοις
1555 1383 1708 1436 ἁλλο-

166 1478 496 1557 τριότησιν,ἢ
546 1476 826 1548 μεγέθους,
872 1476 905 1547 ἢ
954 1475 1186 1544 φύσεως.
1217 1467 1291 1527 Οὖ
1336 1474 1444 1545 γὰρ
1483 1474 1710 1528 ἕκαστον

166 1575 518 1644 ἀκατάληπτον
546 1569 641 1623 καὶ
676 1569 811 1639 ὑπὲρ
848 1569 947 1638 τὴν
985 1567 1259 1637 ἡμετέραν
1289 1567 1550 1630 ἐπίνοιαν,
1596 1565 1712 1628 πῶς

163 1665 372 1722 ἐνταῦθα
395 1663 454 1716 τὺ
476 1663 771 1732 ὑπεραῖρον
800 1660 832 1729 ἢ
861 1659 1198 1730 νοηθήσεται,
1226 1658 1258 1726 ἢ
1285 1656 1714 1728 δογματισθήσε-

165 1779 272 1824 ταις
302 1756 405 1812 Ποῦ
445 1755 501 1808 δὲ
535 1755 812 1825 μετρεῖται
853 1752 914 1804 τὸ
952 1750 1196 1820 ἄπειρον,
1239 1749 1326 1808 ἵν’.
1355 1749 1383 1802 ὃ
1410 1749 1516 1802 τῶν
1547 1766 1714 1819 περα-

1804 555 1954 624 poris
1982 555 2155 624 spatio
2185 554 2580 614 laboraverant,
2614 551 2988 606 inferioresset
3015 566 3029 614 ;
3059 565 3118 602 ac
3147 558 3372 617 pratter-

1803 663 1863 702 ea
1925 647 2252 717 singularem
2304 647 2444 701 hanc
2499 661 2526 696 a
2562 645 2668 698 Deo
2720 644 2944 714 gratiam
2999 642 3290 711 acciperet,
3315 651 3375 694 nt

1804 738 2122 793 orthodoxae
2148 738 2410 792 doctrinm
2440 745 2596 806 pater
2624 745 2678 789 et
2732 735 2988 804 magister
3031 731 3370 799 efﬁceretur;

1806 846 1933 895 non,
1957 839 2016 883 ut
2045 827 2206 895 hujus
2240 829 2496 898 temporis
2531 828 2826 897 sapientes,
2882 842 2985 880 una
3020 843 3138 880 cum
3166 835 3374 895 tempo-

1807 923 1955 976 rilms
1982 937 2042 976 se
2075 921 2376 985 inﬂectens,
2434 936 2530 974 nec
2574 921 2730 974 ﬁdem
2767 929 3002 974 nostram
3033 920 3209 973 medio
3239 935 3374 988 quo-

1807 1016 1928 1067 dam
1958 1026 2010 1066 et
2042 1016 2338 1070 artiﬁcioso
2375 1015 2532 1067 modo
2558 1014 2874 1074 defendens,
2919 1025 2977 1066 ut
3026 1014 3082 1078 ii,
3130 1014 3218 1082 qui
3251 1013 3374 1065 ﬁdei

1810 1107 2119 1160 ﬁrmitatem
2163 1122 2270 1159 non
2333 1106 2553 1167 habent,
2611 1114 2700 1156 aut
2725 1105 3006 1158 veritatem
3071 1119 3374 1172 cauponum

1811 1213 1958 1250 inore
1989 1196 2330 1262 adulteram;
2361 1197 2453 1250 sed
2489 1197 2558 1250 ita
2589 1212 2645 1249 se
2672 1196 3040 1264 comparabat,
3079 1207 3138 1248 ut
3173 1203 3226 1248 et
3248 1210 3374 1248 eru-

1810 1291 1950 1344 ditos
1972 1292 2195 1359 pietate,
2224 1298 2279 1344 et
2320 1291 2437 1358 pios
2483 1288 2806 1344 eruditionis
2856 1288 3013 1341 laude
3066 1297 3374 1354 superaret,

1813 1380 1921 1433 imo
1943 1379 2145 1449 potius,
2175 1379 2246 1434 ita
2279 1380 2542 1436 secundas
2570 1379 2827 1433 doctrina:
2858 1378 3085 1439 ferebat,
3114 1386 3172 1430 ut
3197 1387 3373 1430 tamen

1811 1469 2027 1538 pietatis
2065 1471 2266 1538 primas
2295 1471 2582 1525 obtineret.
2619 1468 2795 1524 Unttm
2848 1469 3046 1537 quippe
3076 1469 3375 1535 Deum,qui

1813 1561 1866 1614 in
1897 1560 2162 1616 Trinitate
2197 1562 2476 1624 adoratur,
2533 1559 2634 1614 tria
2685 1566 2886 1621 autem,
2925 1574 3047 1627 quae
3097 1559 3150 1611 in
3211 1575 3374 1611 unam

1814 1655 2068 1708 deitatem
2089 1655 2435 1725 colliguntur,
2459 1658 2823 1725 agnoscebat:
2853 1667 2917 1706 ac
2956 1665 3130 1718 neque
3163 1662 3255 1704 aut
3281 1666 3377 1719 per

1815 1759 2004 1807 unmn,
2039 1743 2296 1804 Sabellio,
2325 1751 2417 1795 aut
2447 1756 2542 1810 per
2566 1741 2693 1803 tria,
2747 1739 2876 1793 Ario
2911 1737 3158 1802 favebat;
3184 1750 3379 1803 nempe

162 1850 412 1920 τουμένων
449 1844 588 1908 ἐστὶ,
620 1842 777 1896 τοῦτο
816 1841 961 1914 πάθῃ
992 1841 1198 1911 θεότης,
1235 1837 1458 1910 βαθμοῖς
1486 1855 1711 1909 μετρου-

1829 1834 1894 1888 vel
1920 1834 2175 1888 deitatem
2226 1834 2388 1902 impie
2411 1832 2782 1888 contrahendo
2833 1838 2888 1883 et
2916 1828 3256 1890 resolvendo.
3290 1825 3379 1878 vel

165 1946 284 2016 μένη
318 1941 412 1995 καὶ
449 1936 778 1992 ὑποϐάσεσιν
796 1934 938 2006 (56);

1782 1925 1912 1997 ‘per
1950 1926 2191 1994 dispares
2225 1924 2611 1996 magnitudinis
2649 1933 2742 1977 aut
2773 1934 2978 1976 naturae
3016 1922 3212 1989 gradus
3251 1932 3380 1972 cou-

162 2009 456 2092 scindendo.
487 2030 593 2086 Ubi
638 2030 782 2085 enim
810 2027 1226 2096 unumquodque
1254 2026 1471 2083 .mentis
1508 2033 1706 2078 nostra:
1744 2030 1907 2088 atque
1935 2019 2136 2088 ingenii
2159 2029 2374 2087 captum
2409 2017 2888 2084 excedit,quonam
2938 2013 3095 2067 modo
3131 2011 3237 2064 illic
3262 2052 3277 2074 ,
3328 2009 3381 2061 itl

161 2127 285 2196 quod
325 2121 605 2192 praecellit,
656 2120 853 2189 poterit
908 2119 990 2173 vel
1039 2127 1218 2172 mente
1270 2117 1492 2186 percipi,
1537 2113 1617 2169 vel
1647 2111 1862 2168 doceri?
1917 2110 2172 2178 Quanam
2246 2112 2374 2164 item
2422 2109 2696 2162 immensa:
2729 2106 2802 2161 rei
2846 2103 3186 2159 dimetienda:
3239 2099 3380 2154 ratio

159 2220 318 2273 futura
349 2224 450 2278 est,
484 2223 568 2279 ut,
594 2213 735 2282 quod
762 2211 922 2265 rebus
955 2210 1119 2266 ﬁnitis
1147 2211 1420 2274 convenit,
1471 2209 1610 2264 idem
1660 2206 1925 2262 divinitati
1980 2220 2194 2275 quoque
2237 2205 2468 2268 accidat,
2504 2203 2876 2275 gradunmque
2906 2214 2971 2255 ac
3019 2199 3376 2253 descensurum

159 2323 410 2366 mensura:
439 2301 803 2373 subjiciatur?

215 2403 306 2454 ιζ’.
340 2398 528 2451 Ταῦτα
562 2394 756 2448 ἐννοῶν
796 2395 826 2446 ό
862 2392 1033 2464 μέγας
1077 2393 1281 2454 ἐκεῖνος
1299 2389 1408 2460 (57)
1433 2387 1712 2458 ἄνθρωπος

157 2495 236 2548 τοῦ
259 2491 411 2555 Θεοῦ,
445 2489 544 2544 καὶ
574 2487 788 2559 ἀληθῶς
817 2486 1095 2554 Θεολόγος,
1127 2486 1218 2538 καὶ
1255 2483 1391 2556 μετὰ
1423 2481 1515 2534 τοῦ
1546 2480 1714 2533 Πνεῦ-

158 2604 310 2656 ματος
339 2584 470 2656 περὶ
497 2582 705 2637 τούτων
739 2579 1071 2650 κινούμενος,
1100 2579 1153 2631 τί
1177 2577 1280 2648 χρὴ
1304 2577 1480 2644 λέγειν
1506 2574 1712 2644 ἕτερον,

155 2682 183 2750 ἢ
208 2682 282 2733 ὅτι
316 2678 444 2734 νέαν
479 2673 835 2748 Ἰερουσαλὴμ
859 2671 950 2725 καὶ
978 2670 1206 2724 κιϐωτὸν
1235 2667 1396 2738 ἄλλην
1429 2666 1568 2737 ὑπὲρ
1591 2664 1717 2718 ὑδά-

153 2790 248 2826 των
272 2768 610 2843 φερομένην,
638 2767 784 2820 ὥσπε
794 2783 824 2837 ρ
847 2767 876 2818 ὁ
902 2764 1071 2835 μέγας
1095 2762 1298 2824 ἐκεῖνος
1330 2759 1473 2826 Νῶε,
1505 2759 1597 2812 καὶ⁹
1621 2755 1714 2810 τοῦ

153 2866 389 2936 δευτέρου
419 2861 616 2914 τούτου
649 2859 870 2929 κόσμου’
896 2856 1100 2927 πατὴρ,
1147 2853 1304 2925 τήνδε
1343 2852 1441 2924 τὴν
1491 2849 1718 2916 Ἐκκλη-

155 2955 262 3008 σίαν
314 2949 606 3006 καλεῖσθαι
664 2948 962 3018 πεποίηκε’
1017 2944 1176 2997 τοῦτό
1229 2960 1288 2995 τε
1335 2938 1715 3010 κατακλυσμοῦ

150 3043 246 3096 τῶν
269 3041 484 3114 ψυχῶν,
512 3041 610 3093 καὶ
635 3039 732 3108 τῆς
776 3037 883 3088 τῶν
923 3032 1214 3106 αἱρετικῶν
1248 3031 1508 3102 ἐπηρείας
1535 3028 1718 3098 σαφῶς

153 3133 582 3204 ὑπεραίρουσαν·
615 3130 710 3184 καὶ
731 3129 839 3197 ὅσῳ
870 3126 1062 3197 πλήθει
1112 3123 1219 3176 τῶν
1251 3123 1424 3178 ἄλλων
1453 3121 1715 3181 ἐλείπετο,

149 3225 389 3279 τοσοῦτον
415 3220 642 3293 εὐδοξία
678 3218 1015 3290 κρατοῦσαν
1061 3217 1154 3271 καὶ
1194 3215 1255 3268 τὸ
1305 3214 1402 3284 τῆς
1439 3215 1589 3284 ἱερᾶς
1618 3213 1721 3266 πά-

152 3331 371 3385 σχουσαν
398 3310 762 3382 Βηθλεὲμ,ἣν
777 3309 925 3363 οὐδὲν
950 3307 1189 3361 ἐκώλυσε
1214 3307 1307 3360 καὶ
1337 3309 1540 3376 μικρὰν
1583 3300 1718 3358 εἶναι

149 3405 312 3467 πόλιν,
353 3405 450 3458 καὶ
486 3403 592 3473 τῆς
629 3400 950 3470 οἰκουμένης
983 3397 1330 3468 μητρόπολιν,
1378 3395 1453 3459 ὡς
1486 3394 1719 3466 Χριστοῦ

150 3497 232 3549 καὶ
261 3495 373 3566 (58)
423 3493 636 3564 τροφὸν
685 3493 781 3545 καὶ
831 3489 1060 3561 μητέρα,
1106 3486 1198 3540 τοῦ
1243 3491 1334 3541 τὸν
1380 3487 1582 3556 κόσμον
1627 3486 1722 3538 καὶ

146 3589 472 3659 Δποιήσαντος
501 3586 603 3640 καὶ
631 3585 977 3654 νικήσαντοςς

208 3855 312 3907 ιιιν.
342 3854 672 3923 Τεκμηριον
695 3849 750 3901 δὲ
778 3846 870 3901 τοῦ
909 3851 1066 3913 λόγου
1085 3859 1099 3872 ⁸
1127 3844 1236 3896 Και
1264 3849 1371 3910 γαρ
1393 3838 1550 3908 ἡνίκα
1582 3835 1728 3906 παρὰ

141 3943 226 3997 τοῦ
256 3943 614 4016 θερμοτέρου
646 3940 840 4011 μέρους
863 3937 961 4007 τῆς
999 3932 1322 4004 Ἐκκλησίας
1373 3930 1760 3986 κατεστασιά-.

145 4035 346 4106 σθημεν
365 4034 826 4106 (59),γράμματι
846 4027 1142 4090 κλαπέντες
1176 4027 1269 4079 καὶ
1303 4028 1510 4097 ῥήμασι
1548 4041 1722 4094 τεχνι-

139 4129 248 4191 κοῖς
296 4128 382 4190 είς
429 4125 692 4196 πονηρὰν
737 4121 1041 4184 κοινωνίαν,
1099 4119 1256 4190 μόνος
1302 4118 1401 4187 μὲν
1435 4114 1726 4185 ἐπιστεύθη

139 4221 230 4292 τὴν
257 4221 515 4274 διάνοιαν
566 4217 812 4288 ἄτρωτον
844 4213 1009 4285 ἔχειν,
1039 4213 1132 4266 καὶ
1167 4212 1243 4282 μὴ
1290 4210 1366 4282 τῷ
1400 4211 1590 4282 μέλανι
1632 4209 1731 4280 τὴν

136 4313 307 4384 ψυχὴν
340 4307 849 4383 συμμελαίνεσθαι,
872 4309 919 4360 εἰ
940 4307 1034 4359 καὶ
1057 4304 1318 4374 ἁπλότητι
1350 4301 1729 4375 συνηρπάσθη,

139 4406 226 4458 καὶ
269 4405 364 4459 τὸν
400 4405 572 4458 δόλον
607 4403 670 4454 ὲκ
718 4400 812 4453 τοῦ
857 4399 956 4468 τῆς
987 4397 1162 4466 ψυχῆς
1205 4393 1391 4448 ἀδόλου
1430 4395 1504 4464 μὴ
1539 4393 1734 4461 ἐφυλά-

137 4497 292 4562 ξατοο
346 4499 528 4569 μόνος
587 4495 667 4557 δὲ,
722 4492 918 4564 μᾶλλον
959 4491 1014 4543 δὲ
1061 4487 1295 4560 πρῶτος,
1341 4486 1400 4540 τὸ
1447 4487 1733 4550 στασιάζον

136 4589 266 4659 πρὸς
298 4591 486 4660 ἡμᾶς,
527 4585 684 4656 ζήλῳ
729 4584 826 4653 τῆς
872 4579 1150 4643 εὐσεϐείας
1179 4577 1356 4647 ἑαυτῴ
1399 4595 1459 4630 τε
1498 4577 1591 4631 καὶ
1623 4580 1734 4640 τοῖς

135 4673 311 4744 ἄλλοις
346 4676 702 4751 κατήλλαξε,
731 4673 1037 4728 τελευταῖόν
1060 4671 1106 4725 τ’
1133 4670 1240 4741 (60)
1276 4670 1610 4740 ἁποδραμὺν,
1643 4671 1736 4724 καὶ

137 4775 353 4844 πρῶτον
383 4769 787 4845 προσδραμὸν,
817 4767 956 4822 αἰδοῖ
979 4782 1037 4818 τε
1067 4763 1160 4817 τοῦ
1187 4762 1399 4834 ἀνδρὸς,
1431 4765 1526 4815 καὶ
1556 4765 1622 4834 τῇ
1640 4761 1734 4815 τοῦ

135 4865 414 4937 δόγματος
450 4861 806 4934 καθαρότητι
823 4876 837 4891 ο
860 4858 998 4911 ὥστε
1027 4856 1120 4908 καὶ⁵
1142 4854 1232 4908 τὸν
1253 4853 1420 4907 πολὺν
1449 4852 1604 4906 σάλον
1628 4851 1736 4905 τῶν

225 5093 296 5127 Οἱ)

177 5073 319 5142 ’(55)
360 5073 486 5125 Καὶ
530 5073 847 5121 ἀναλύειν.
885 5073 1067 5115 Bittius
1102 5079 1115 5113 :
1159 5077 1176 5108 ι
1207 5073 1260 5112 et
1285 5073 1678 5112 contundenuo.
1712 5074 1726 5106 ι

135 5141 337 5197 Yet-um
377 5143 468 5194 sic
509 5135 806 5194 vertendo,
845 5133 951 5184 vim
996 5130 1144 5185 vocis
1177 5143 1280 5182 non
1316 5127 1512 5197 reddit.
1547 5128 1726 5194 Impu-

135 5196 259 5279 gnat
307 5211 470 5263 enim
535 5209 635 5261 hic
681 5202 968 5279 Gregorius
1015 5214 1224 5279 novuul
1263 5196 1727 5279 Sabellianismum

132 5267 679 5341 Elarcellianorum,
712 5267 814 5342 qui
851 5271 1042 5325 Filium
1083 5284 1148 5323 ac
1190 5267 1448 5337 Spiritum
1483 5277 1727 5342 sanctum

133 5369 160 5405 a
193 5353 361 5405 Patre
394 5336 879 5418 productos:esse
921 5336 1304 5418 concedentes2
1341 5351 1435 5418 eos
1468 5348 1643 5418 tamen
1677 5336 1727 5418 in

132 5404 368 5491 persona
396 5404 552 5491 ‘vere
599 5413 898 5491 subsistere
929 5412 1227 5491 .negabant.
1262 5405 1437 5491 U_nde,
1467 5407 1546 5468 είς
1574 5404 1651 5491 ἓν..
1692 5405 1726 5475 ἢ

134 5475 326 5563 μηδὲν,
361 5488 570 5558 inquit.
599 5483 851 5563 Basilius,
879 5500 897 5532 ι
929 5475 1192 5563 injuaﬁm,
1223 5478 1305 5563 vel
1330 5475 1729 5563 potiuspullarn

130 5543 464 5631 Bel-Emim'
497 5543 882 5631 resolvebant.
918 5569 936 5602 ι
964 5549 1054 5631 _Et
1099 5543 1451 5631 βιξιιοιὶιιέιιξεξ
1481 5547 1562 5631 ei;
1607 5543 1732 5614 τρία

128 5617 406 5704 όνόματα,
437 5647 458 5679 ι
496 5629 561 5681 in
592 5627 698 5704 tria
721 5619 1281 5704 nomina'Trinitatem
1307 5617 1674 5704 Ξοεοινειιιιιιι.
1708 5633 1727 5664 ι

352 5684 652 5774 Βαθμοῖς
671 5689 1034 5774 μετρριίμένη
1061 5688 1157 5742 καὶ
1183 5685 1532 5774 ῠποϐἀσεονι.
1565 5703 1582 5734 ι
1608 5684 1736 5762 thas

129 5757 314 5829 du'u'm'
333 5757 715 5841 superiorum
741 5757 792 5818 et
810 5757 1121 5819 inferiorum
1148 5771 1407 5814 mensurae
1430 5757 1682 5811 obnoxia.
1706 5758 1734 5804 ι’

1891 2380 2054 2436 XVII.
2088 2377 2213 2432 Ila‘c
2240 2374 2361 2430 cum
2390 2387 2616 2444 magnus
2677 2370 2764 2424 ille
2818 2370 2978 2422 homo
3008 2367 3122 2428 Dei,
3152 2377 3383 2430 vereque

1820 2468 2145 2538 Theologus,
2176 2465 2339 2520 ac'de
2370 2463 2458 2518 his
2489 2463 2650 2517 rebus
2673 2469 2782 2514 "una
2819 2474 2938 2511 cum
2966 2454 3173 2524 Spiritu
3195 2462 3386 2506 sancto

1822 2563 2076 2618 incitatus
2112 2569 2167 2613 et
2208 2556 2468 2627 agitatus,
2512 2567 2695 2608 secum
2744 2557 3038 2618 reputaret,
3075 2546 3205 2616 quid
3239 2543 3383 2597 aliud

1823 2653 2114 2709 dicendum
2139 2659 2247 2714 est,
2267 2663 2429 2716 quam
2483 2646 2623 2716 quod
2656 2645 2757 2698 hoc
2779 2642 3040 2704 effecerit,
3065 2649 3124 2693 ut
3145 2655 3278 2693 nova
3297 2637 3386 2693 Je-

1822 2742 2079 2806 rusalem,
2108 2756 2172 2794 ac
2226 2738 2460 2793 secunda
2497 2733 2739 2804 quazdam
2774 2747 2900 2786 arca
2933 2730 3092 2784 undis
3122 2729 3385 2788 eminens,

1824 2833 2277 2906 quemadmodum
2338 2830 2428 2883 illa
2476 2827 2656 2898 magni
2699 2827 2843 2880 illius
2886 2823 3019 2887 Noe,
3061 2822 3389 2889 secundique

1823 2927 1981 2994 hujus
2000 2923 2182 2979 mundi
2197 2922 2456 2992 parentis,
2472 2920 2587 2975 haec
2603 2918 2842 2973 Ecclesia
2863 2932 2988 2972 voca
2998 2925 3146 2970 retur
3166 2917 3391 2984 ;quippe

1823 3033 1943 3086 qua:
1975 3016 2103 3069 illud
2147 3014 2448 3068 animarum
2476 3010 2757 3076 diluvium,
2799 3009 2942 3077 quod
2969 3019 3080 3062 tum
3104 3007 3390 3077 grassaba-

1824 3119 1932 3171 tur,
1958 3116 2120 3175 atque
2149 3103 2533 3158 haereticorum
2563 3100 2953 3166 impreSsiones
2976 3098 3134 3168 plane
3161 3111 3386 3166 supera-

1828 3209 1933 3263 ret,
1961 3207 2333 3267 quantumque
2365 3194 2488 3248 aliis
2516 3208 2741 3246 numero
2782 3190 2942 3262 342
2973 3189 3217 3251 cedebat,
3236 3198 3391 3242 tanta

1826 3309 1919 3347 eas
1952 3289 2188 3344 nominis
2227 3287 2552 3340 celebritate
2583 3285 2863 3347 vinceret;
2896 3283 3142 3350 idemque
3169 3281 3268 3349 ipsi
3293 3296 3390 3334 usu

1826 3382 2050 3440 veniret,
2076 3381 2217 3449 quod
2244 3377 2557 3432 Bethlehem
2604 3375 2868 3429 accidisse
2922 3374 3182 3435 videmus,
3227 3387 3390 3441 quam

1830 3476 1971 3530 tmlla
2009 3487 2096 3527 res
2125 3470 2421 3541 prohibuit,
2459 3467 2749 3538 quominus
2781 3465 2942 3520 simul
2977 3473 3031 3519 et
3071 3480 3236 3532 parva
3261 3463 3394 3518 civi-

1830 3579 1910 3623 tas
1951 3575 2116 3628 esset,
2162 3575 2216 3618 et
2257 3563 2422 3617 totius
2481 3570 2640 3616 terra:
2691 3558 3028 3627 metropolis,
3063 3567 3244 3626 utpote
3270 3571 3391 3625 quae

1753 3674 1795 3730 c
1828 3658 2052 3720 Christi,
2097 3656 2245 3709 orbis
2277 3653 2575 3709 conditoris
2619 3667 2684 3706 ac
2719 3650 2964 3715 victoris,
3005 3663 3200 3718 parens
3229 3657 3391 3717 atque

1831 3745 2012 3801 nutrix
2031 3742 2342 3798 exstiterit?

1908 3836 2097 3891 XVIII.
2134 3835 2261 3888 Illud
2295 3842 2473 3888 autem
2520 3833 2643 3886 hinc
2684 3831 2988 3901 conjicitur.
3041 3831 3170 3884 Nam
3215 3847 3334 3886 cum
3363 3847 3394 3883 a

1832 3929 2160 3985 ferventiore
2187 3927 2442 3981 Ecclesia:
2475 3935 2628 3995 parte
2675 3926 2744 3980 ob
2797 3940 2914 3979 eam
2959 3939 3174 3979 causam
3203 3925 3399 3979 seditio

1831 4024 1885 4076 in
1917 4037 2016 4078 nos
2052 4020 2285 4075 excitata
2319 4027 2486 4080 esset,
2534 4016 2677 4087 quod
2705 4018 2910 4084 scripto
2954 4016 3209 4083 quodam,
3232 4028 3286 4070 et
3308 4030 3396 4070 ar-

1839 4114 2081 4169 tiﬁciosis
2143 4111 2323 4167 verbis
2364 4110 2793 4179 circumscripti,
2837 4109 2888 4161 in
2922 4123 3140 4176 pravam
3164 4111 3397 4163 societa-

1842 4217 1945 4262 tem
1971 4207 2224 4275 pertracti
2254 4205 2564 4266 fuissemus,
2594 4203 2739 4257 solus
2773 4203 2884 4270 ipse
2909 4201 3130 4255 illaasam
3163 4213 3397 4256 mentem

1840 4297 2167 4365 minimeque
2218 4294 2377 4349 simul
2407 4309 2529 4348 cum
2553 4303 2855 4346 atramento
2887 4291 3137 4347 infectam
3163 4294 3398 4346 animam

1839 4390 2040 4444 habere
2063 4388 2302 4442 creditus
2326 4397 2430 4450 est,
2487 4387 2699 4440 tametsi
2737 4400 2832 4453 per
2876 4386 3042 4440 animi
3085 4385 3400 4455 simplicita-

1840 4489 1946 4532 tem
1976 4480 2230 4546 abreptus
2257 4475 2469 4539 fuisset,
2495 4473 2785 4545 dolumque
2807 4475 2877 4528 ob
2920 4475 3086 4528 animi
3115 4475 3399 4530 sincerita-

1838 4583 1944 4626 tem
1972 4571 2039 4623 ab
2069 4569 2215 4623 omni
2251 4567 2371 4623 dolo
2416 4567 2646 4621 alienam
2700 4568 2922 4622 minime
2968 4568 3218 4622 cavisset.
3255 4568 3395 4633 Quin

1837 4668 2001 4720 etiam
2033 4666 2200 4731 solus,
2232 4675 2345 4728 aut,
2365 4673 2424 4717 ut
2446 4663 2645 4717 rectius
2667 4662 2864 4726 dicam,
2888 4662 3113 4731 primus,
3131 4677 3243 4725 eos,
3259 4663 3396 4733 quia

1834 4757 1987 4810 nobis
2001 4745 2077 4812 δι)
2102 4757 2318 4826 pietatis
2339 4755 2510 4808 zelum
2536 4752 2886 4820 dissidebant,
2907 4763 2958 4807 et
2982 4755 3164 4816 sibi,et
3189 4756 3398 4809 caeteris

1836 4849 2224 4912 reconciliavit,
2249 4856 2547 4919 postremos
2573 4861 2602 4898 a
2627 4845 3096 4916 nobissejunctos,
3116 4859 3170 4901 et
3193 4848 3396 4916 primos

300 5073 319 5140 )
360 5069 486 5125 Καὶ
530 5065 847 5140 ἀναλύειν.
881 5061 1067 5140 _Billius
1099 5079 1115 5140 ξ
1159 5077 1176 5108 ι
1207 5067 1260 5112 et
1285 5055 1678 5140 confundenda.
1712 5074 1730 5106 ι
1770 5049 1812 5102 D
1839 5053 2236 5140 Lapsublimimli
2280 5054 2479 5140 gradu"
2497 5053 2710 5137 Patrem
2735 5051 3092 5137 .cnllocabant
3123 5049 3397 5112 haeretici.

1837 5123 2030 5178 Filium
2066 5125 2114 5175 in
2154 5123 2410 5189 inferiori,
2447 5125 2704 5187 Spiritum
2735 5125 2786 5178 in
2820 5125 3026 5175 intimo.

1908 5193 2020 5263 (57)
2065 5194 2126 5247 Ὀ
2151 5194 2334 5262 μέγας
2359 5186 2611 5260 ἐκεῖνος.
2663 5195 2755 5249 Sic
2785 5196 2919 5262 Reg.
2953 5208 3004 5253 ιι,
3044 5201 3098 5244 et
3125 5189 3217 5244 0r.
3252 5189 3306 5243 9..
3341 5186 3395 5239 In

1837 5267 1943 5324 ed..
1973 5266 2176 5326 ἐκεῖνος
2204 5266 2232 5316 ὁ
2260 5267 2450 5334 μέγας.
2630 5319 2633 5324 _
2827 5331 2845 5334 _
2948 5333 2958 5334 ί
3411 5295 3418 5304 .

1909 5335 2020 5402 (58)
2063 5335 2192 5389 Καί.
2224 5331 2380 5390 Deest
2413 5337 2465 5388 in
2492 5335 2620 5404 Reg.
2646 5349 2698 5396 τι,
2729 5345 2793 5404 et
2813 5331 2909 5404 Or.
2940 5333 3013 5404 I3.

2080 5400 2709 5474 Κατεστασιάσθήμεν.
2762 5401 2915 5475 Sicii
2950 5400 3128 5475 Colb.,
3170 5401 3334 5455 Coisl.
3367 5404 3392 5456 l

1840 5484 1893 5529 et
1937 5473 2008 5536 ἓ,
2047 5475 2140 5531 Or.
2178 5476 2229 5538 I,
2267 5477 2402 5540 .Ies.,
2453 5473 2572 5531 etc.
2603 5476 2852 5530 Mendose
2904 5473 2955 5526 in
3005 5473 3163 5526 editis
3188 5511 3202 5535 ,
3261 5491 3400 5526 κατ-

1840 5545 2222 5616 εστιάσθημεν.

1838 5685 1860 5726 ἲ
1911 5616 2417 5726 (Gul/lalsvtaidr
2447 5619 2514 5671 τ’.
2565 5619 2727 5687 chg.
2764 5634 2813 5682 ιι,
2857 5616 2966 5681 bm,
3000 5627 3055 5671 et
3093 5617 3185 5672 0r.
3217 5615 3238 5667 I
3311 5629 3403 5666 τε-

1857 5704 2013 5726 ,τιιτ-ηι
2108 5704 2162 5726 er:

1839 5703 2078 5740 Αευταιον
2108 5704 2162 5738 τε
2174 5728 2185 5740 .
