3852 6408
420 285 564 342 ιοοτ
624 266 631 273 ’
1396 310 1417 327 .
1626 278 1682 334 s.
1724 276 2051 334 cnsooen
2091 274 2441 333 THEOLOGI
3533 273 3659 329 toos

427 418 698 470 reversos,
734 412 845 458 tum
864 401 932 456 ob
948 400 1116 471 ipsius
1130 396 1632 461 rererentiam,tum
1651 396 1719 451 ob
1737 395 2000 466 dogmatis

2114 393 2447 464 Ἐκκλησιῶν
2470 392 2924 464 κατασϐεσθῆναι,
2941 392 3036 448 καὶ
3055 392 3248 462 στῆναι
3268 392 3368 464 τὴν
3386 392 3663 460 καταιγίδα

432 499 754 571 puritatem,
785 494 858 550 ita
880 502 938 547 ut
963 492 1147 562 gravis
1187 489 1549 546 Ecclesiarum
1592 496 1881 557 tempestas
1896 503 1992 542 ex-

2113 488 2185 549 είς
2215 485 2410 558 αὔραν,
2427 488 2547 551 ταῖς
2563 486 2774 540 ἐκείνου
2810 484 3065 540 λυθεῖσαν
3103 487 3287 557 εὐχαῖς
3322 503 3383 539 τε
3418 486 3517 539 καὶ
3538 503 3645 558 παρ

426 596 621 650 stincta
642 591 735 657 sit,
769 605 833 646 ac
860 586 1096 659 procella
1126 586 1178 640 in
1201 599 1387 639 auram
1410 584 1650 647 redacta,
1684 581 1852 650 ipsius
1879 594 2001 650 pre-

2113 577 2395 643 αινέσεσιν,
2455 579 2510 632 εῐ
2541 595 2595 631 τι
2639 578 2722 631 δεῖ
2765 577 2862 631 καὶ
2911 576 3326 633 νεανιεύσασθαι
3368 577 3509 647 (61),
3560 578 3651 649 μεθ

428 686 584 739 cibus
606 676 1130 736 etadmonitionibus
1145 673 1341 739 soluta,
1379 673 1537 727 nobis
1562 671 1775 726 interim
1791 669 1996 742 (siquid

2113 668 2260 740 ἡμῶν
2309 669 2582 724 κοινωνῶν
2634 672 2727 724 καὶ
2756 671 2858 741 τῆς
2892 671 3194 735 εὑσεὸείας,
3242 672 3337 724 καὶ
3375 671 3482 740 τῆς
3525 673 3644 743 ὲνερ

422 772 651 846 juvenili
686 786 836 827 more
858 767 1186 840 jactabunde
1225 763 1371 835 loqui
1408 763 1490 818 fas
1515 761 1645 833 est),
1684 770 1740 816 et
1780 760 1997 829 pietatis

2113 760 2288 829 γείας·
2323 761 2374 815 οἳ
2400 762 2538 833 πρὸς
2583 763 2693 815 πᾶν
2730 762 2932 831 ἀγαθὸν
2962 762 3110 833 αὑτῷ
3142 763 3546 835 συναιρόμενοι,
3586 779 3654 816 κα

426 877 482 921 et
512 880 689 936 operae
714 862 899 929 sociis,
927 861 1161 930 quicum
1193 859 1259 911 ad
1307 869 1466 910 omne
1493 854 1691 909 bonum
1721 850 1997 920 adjutores

2113 847 2209 906 ιῖον
2230 854 2712 925 παρομαρτοῦντες
2732 855 2827 908 καὶ⁵
2847 854 3232 926 παραθέοντες,
3269 854 3506 908 ἐνταῦθα
3541 855 3658 907 πλεῖ

428 961 531 1029 ipsi
558 966 613 1014 et
639 957 868 1011 comites
893 967 1163 1015 essemus,
1193 965 1255 1002 ac
1307 947 1455 1003 velut
1486 962 1515 999 a
1553 947 1721 1000 latere
1750 957 1999 998 currere-

2113 960 2227 997 στον
2257 945 2420 1016 μέρος
2460 949 2889 1015 συνεισενεγκεῖν
2941 946 3274 1017 ἠξιώθημεν.
3331 946 3476 1002 Ἀλλ’
3508 948 3538 1000 ὁ
3588 947 3659 1016 μὲ

428 1064 569 1115 mus,
600 1047 690 1103 hic
720 1046 814 1101 Dei
844 1043 1109 1101 beneﬁcio
1136 1038 1305 1095 multo
1335 1038 1626 1092 maximam
1663 1036 1866 1092 laboris
1885 1044 1997 1089 stu-

2113 1036 2234 1108 περ).
2256 1036 2461 1092 τούτων
2482 1037 2660 1107 λόγος,
2690 1039 2885 1110 μικρόν
2906 1056 2958 1092 τι
2982 1038 3403 1111 προεκδραμὼν,
3444 1038 3661 1093 ἐνταῦθα

426 1140 610 1210 diique
682 1145 893 1207 partem
973 1131 1327 1189 contulimus.
1389 1127 1590 1182 Verum
1672 1140 1851 1183 sermo
1933 1127 2001 1181 de
2108 1127 2366 1198 μεινάτω.

426 1238 512 1293 his
572 1234 761 1300 rebus,
808 1233 1060 1289 ordinem
1123 1243 1278 1285 suum
1337 1224 1585 1283 nonnihil
1639 1234 2003 1297 antegressus,
2041 1223 2142 1280 hoc
2173 1225 2293 1282 loco
2311 1226 2684 1297 conquiescat.

486 1350 637 1431 \XIX.
674 1349 807 1417 Quis
831 1358 1007 1404 autem
1037 1357 1119 1403 tot
1154 1347 1301 1404 illius
1348 1347 1595 1410 virtutes,
1651 1354 1745 1400 aut
1772 1359 1998 1400 enume—

2168 1345 2271 1401 18’.
2305 1347 2403 1412 Τίς
2449 1348 2496 1402 δ’
2527 1347 2595 1401 ἂν
2640 1348 2751 1403 τῶν
2800 1349 3012 1403 ἐκείνου
3057 1348 3239 1405 καλῶν
3279 1350 3313 1422 ἢ
3359 1350 3425 1405 τὸ
3479 1348 3664 1422 πλῆθοι

431 1448 600 1503 rando
632 1451 934 1510 recenseat,
967 1449 1060 1496 aut
1084 1441 1250 1497 multa
1299 1439 1579 1511 praeterire
1604 1437 1845 1507 cupiens,
1861 1436 1990 1505 quid

2113 1436 2543 1510 εξαριθμήσαιτο,
2569 1439 2602 1509 ἢ
2639 1438 2707 1492 τὰ
2745 1438 2914 1493 πλείω
2947 1441 3325 1513 παραδραμεῖν
3357 1443 3587 1508 ἐθέλων,
3612 1444 3665 1515 μὶ

429 1536 865 1612 ρτωιετευηιὶωη
899 1535 992 1599 sit,
1038 1533 1195 1588 facile
1242 1532 1481 1603 reperire
1536 1526 1995 1599 queat?Semper

2113 1528 2349 1599 (αλεπῶς
2381 1529 2533 1602 εὖροι
2569 1530 2630 1583 τὸ
2676 1530 2943 1602 παρετέον
2968 1531 3112 1603 (62);
3166 1533 3277 1587 Ἀεὶ
3328 1534 3443 1605 γὰρ
3494 1534 3559 1588 τὸ
3590 1534 3666 1606 τὴ·

430 1631 577 1684 enim
605 1625 870 1700 quidquid
898 1626 1139 1681 animum
1178 1625 1344 1688 subit,
1396 1623 1741 1694 praestantius
1765 1622 1851 1687 iis,
1882 1636 2001 1691 qua:

2113 1621 2340 1675 διάνοιαν
2377 1622 2636 1687 ὲπεισιὸν,
2687 1625 2937 1695 κρεῖττον
2976 1624 3083 1677 τῶν
3115 1625 3535 1697 προειληφότων
3567 1626 3657 1694 qui

434 1726 858 1794 praecesserunt,
893 1733 1012 1775 esse
1040 1718 1290 1773 videtur:
1323 1717 1486 1788 idque
1531 1716 1862 1785 amplector:
1887 1729 2002 1769 ma-

2113 1731 2279 1767 νεται·
2318 1716 2411 1767 καὶ
2441 1714 2581 1785 μετὰ
2608 1715 2799 1768 τούτου
2825 1714 2935 1787 (65)
2964 1715 3184 1786 γίνομαι
3205 1735 3219 1748 ο
3246 1718 3341 1770 καὶ
3364 1717 3557 1771 πλεῖον
3578 1718 3665 1789 (64'

433 1814 779 1885 gisqueipse,
818 1811 946 1882 quid
990 1809 1117 1865 mihi
1170 1809 1526 1864 omittendum
1570 1810 1660 1873 sit,
1701 1822 1861 1877 quam
1910 1805 1999 1860 alii

2113 1805 2224 1875 ἐμοὶ
2243 1805 2337 1857 τοῦ
2368 1805 2421 1859 τί
2444 1807 2551 1878 χρὴ
2580 1807 2933 1879 παραλιπεῖν,
2964 1807 2996 1880 ἤ
3024 1811 3139 1873 τοῖς
3168 1809 3347 1875 ἄλλοις
3371 1811 3666 1863 ἐπαινέταιι

436 1907 761 1969 laudatores,
793 1902 921 1973 quid
949 1902 1127 1957 dicere
1160 1900 1415 1967 debeant,
1459 1899 1733 1953 addubito.
1787 1897 1864 1951 lta
1920 1897 1999 1963 lit,

436 2006 496 2053 ut
522 1995 654 2051 mihi
682 1995 833 2065 copia
867 1992 1263 2063 quodammodo
1311 1992 1362 2045 in
1407 1991 1789 2046 detrimentum
1822 1992 1999 2055 cedat,

432 2101 697 2157 mensque
724 2086 838 2155 ipsa
866 2083 1198 2155 exploretur,
1238 2085 1361 2137 dum
1411 2070 1554 2137 illius
1582 2082 1768 2136 laudes
1807 2080 1999 2151 explo-

436 2193 557 2234 rare
584 2178 915 2249 aggreditur,
956 2190 1060 2231 nec
1098 2176 1237 2229 inter
1266 2173 1492 2243 aequalia
1538 2174 1884 2243 praestantius
1919 2172 2003 2225 ni-

439 2270 513 2325 hil
553 2268 794 2325 invenire
817 2275 1015 2338 potest.
1055 2264 1190 2321 Nam
1218 2266 1361 2335 quod
1404 2267 1456 2319 in
1497 2264 1803 2334 tranquillis
1842 2263 2001 2318 undis

433 2359 652 2415 evenire
683 2349 981 2421 cernimus,
1038 2367 1100 2410 ut
1151 2370 1273 2411 cum
1324 2354 1553 2423 injectus
1593 2354 1730 2424 lapis
1756 2363 2000 2410 centrum

434 2450 703 2516 eﬂecerit,
736 2449 874 2503 alius
898 2462 1061 2518 super
1084 2447 1247 2501 alium
1295 2446 1528 2502 circulus
1565 2446 1851 2513 excitetur,
1868 2458 2002 2501 con-

438 2545 784 2613 tincnterque
806 2541 860 2595 in
892 2538 1230 2610 superﬁciem
1265 2540 1496 2609 agitatus
1513 2548 1797 2592 externum
1830 2537 2004 2592 circu-

432 2636 544 2691 lum
572 2648 787 2703 semper
814 2632 1097 2695 dissolvat,
1124 2631 1175 2684 id
1199 2630 1329 2685 mihi
1371 2630 1527 2699 plane
1555 2629 1644 2685 hic
1669 2643 1889 2699 quoque
1914 2642 2005 2684 ac-

435 2728 589 2782 cidit.
623 2724 779 2780 Aliud
818 2725 961 2779 enim
985 2724 1037 2776 in
1065 2731 1299 2777 mentem
1347 2720 1519 2786 venit,
1568 2720 1713 2775 aliud
1744 2735 2003 2790 superve-

434 2816 538 2881 nit,
571 2816 716 2870 aliud
747 2828 864 2870 sese
889 2813 1181 2878 subduxit;
1216 2821 1379 2881 atque
1430 2812 1484 2865 in
1531 2810 1739 2867 delectu
1797 2810 2001 2879 laboro,

434 2908 595 2982 3&3
619 2908 741 2963 dum
767 2907 841 2972 id,
875 2907 1014 2976 quod
1050 2905 1201 2975 prius
1231 2904 1706 2975 arripui,ei,quod
1737 2914 1920 2974 postea
1949 2904 2002 2959 in

436 3003 677 3056 animum
711 2996 906 3064 inﬂuit,
942 2996 1061 3052 loco
1088 2996 1249 3051 cedit.

505 3092 624 3149 XX.
680 3091 814 3158 Quis
867 3090 1010 3167 enim
1067 3090 1158 3145 illo
1188 3089 1239 3143 in
1278 3086 1508 3167 publicis
1538 3088 1769 3157 negotiis
1797 3087 2001 3143 studio-

435 3185 592 3241 sior?
622 3184 757 3252 Quis
789 3184 841 3238 in
885 3165 1047 3237 rebus
1075 3165 1399 3236 domesticis
1421 3179 1740 3249 sapientior,
1758 3180 2007 3250 quando-

436 3277 652 3347 quidem
686 3275 810 3344 ipsi,
838 3282 893 3327 et
919 3273 1157 3335 domttm,
1195 3279 1249 3325 et
1273 3285 1400 3340 opes
1422 3271 1557 3325 satis
1583 3270 1811 3340 amplas,
1838 3271 2003 3334 Deus,

438 3369 527 3437 qui
565 3366 747 3422 omnia
772 3373 919 3420 recte
945 3378 1009 3418 ac
1036 3361 1184 3418 varie
1217 3361 1583 3427 administrat,
1630 3361 1853 3433 largitus
1884 3361 2006 3418 est?

438 3459 572 3525 Quis
602 3458 949 3529 pauperibus,
984 3457 1088 3511 hoc
1126 3463 1233 3518 est,
1276 3454 1665 3525 ahjectissimae
1712 3454 1849 3524 parti
1908 3468 2008 3508 na-

439 3563 595 3618 turze,
624 3550 708 3605 cui
742 3549 883 3604 idem
914 3548 1139 3603 debetur
1160 3548 1353 3613 honor,
1381 3546 1466 3601 vel
1492 3546 1673 3601 animo
1706 3545 2004 3601 condolen-

440 3645 567 3711 tior,
599 3641 679 3697 vel
708 3656 869 3696 manu
915 3638 1117 3710 largior
1170 3649 1223 3694 et
1261 3638 1586 3709 profusior?
1632 3635 1765 3692 Nam
1819 3652 2006 3694 revera

441 3745 693 3802 tanquam
723 3729 1023 3785 alienorum
1056 3727 1321 3783 bonorum
1356 3736 1703 3797 procurator,
1758 3726 1826 3782 de
1852 3726 2008 3782 bonis

440 3825 555 3879 suis
584 3821 898 3895 cogitabat,
937 3835 1232 3890 pauperum
1281 3820 1521 3887 inopiam
1564 3832 1725 3888 quam
1772 3818 2009 3873 maxime

441 3923 676 3985 poterat,
712 3913 1025 3977 sublevans,
1058 3927 1156 3967 nec
1179 3910 1447 3981 superﬂua
1488 3911 1771 3978 duntaxat,
1795 3911 1889 3965 sed
1914 3924 2009 3966 ne-

439 4005 674 4064 cessaria
696 4019 911 4074 quoque
935 4005 987 4058 in
1007 4019 1124 4059 eam
1145 4017 1257 4056 rem
1281 4002 1579 4067 insumens,
1611 4003 1757 4072 quod
1785 4001 2003 4071 quidem

441 4098 724 4154 charitatis
787 4111 915 4166 erga
981 4110 1245 4166 pauperes
1283 4095 1683 4162 apertissimum
1723 4109 2010 4164 argumen-

442 4200 554 4245 tum
585 4197 687 4254 est,
721 4190 1049 4259 partemque
1092 4185 1247 4249 dans,
1295 4199 1403 4238 non
1456 4193 1663 4255 septem
1724 4185 2008 4259 duntasat,

440 4284 588 4339 velut
623 4281 927 4337 Salomonis
962 4280 1046 4334 lex
1080 4279 1383 4349 praescribit
1409 4278 1480 4344 'V,
1520 4293 1703 4333 verum
1724 4278 1768 4333 si
1786 4288 2007 4332 octavus

439 4377 604 4432 etiam
623 4376 923 4441 accederet,
958 4387 1025 4427 ne
1070 4372 1162 4427 hic
1210 4382 1388 4426 tamen
1420 4370 1655 4426 restricti
1704 4384 1769 4424 ac
1802 4371 2005 4426 sordidi

441 4468 607 4525 animi
648 4468 779 4522 vitio
802 4464 1075 4530 laborans,
1104 4463 1198 4519 sed
1241 4461 1494 4516 libentius
1524 4476 1618 4516 sua
1650 4461 2004 4530 profundens,

440 4571 600 4626 quam
624 4555 711 4609 alii
740 4554 1066 4624 acquirant:
1118 4550 1396 4607 vinculum
1442 4560 1495 4607 et
1538 4550 1857 4607 electionem
1908 4552 2009 4608 tol-

439 4649 616 4705 lens"
638 4648 765 4719 (hoc
828 4654 933 4713 est,
989 4655 1049 4701 ut
1100 4645 1315 4715 quidem
1364 4645 1711 4715 interpretor,
1744 4644 2007 4717 tenacita-

408 4751 572 4815 ,tem,
624 4748 681 4794 et
736 4738 1159 4809 explorationem
1208 4736 1345 4802 eius,
1408 4735 1497 4805 qui
1558 4746 1878 4804 accepturus
1902 4746 2005 4802 est,

440 4831 581 4887 sitne
627 4831 880 4889 videlicet
914 4830 1127 4901 dignus,
1185 4828 1399 4898 necne),
1462 4842 1526 4883 ac
1562 4829 1856 4883 murmuris
1885 4844 2007 4884 ver-

509 4949 557 4983 "
582 4948 762 5006 Eccle.
785 4964 839 5003 ιι
860 4989 877 5015 ,
922 4947 980 5001 2.
1056 4946 1101 4978 ⁸⁸
1124 4943 1226 5002 lsa.
1259 4959 1412 5012 Lvm,
1438 4943 1492 4998 9.

512 5087 624 5160 (6i)
663 5082 1275 5160 Nearteﬁo'aqdat._0r.
1311 5084 1364 5160 _l,
1392 5079 1792 5160 νεανιεύεσθαι.

513 5148 625 5229 (62)
666 5154 982 5229 Παρετέογ·Ῐ
1009 5154 1106 5229 _Sic
1145 5154 1276 5222 lleg.
1314 5154 1422 5217 but,
1460 5162 1566 5206 tres
1596 5151 1777 5209 Colb..
1808 5148 1902 5206 0r.
1951 5150 2007 5216 l,

442 5224 553 5283 Jes.
585 5224 641 5281 lin
676 5228 787 5292 e.’l.,
817 5224 1081 5297 παρεθέν.

516 5298 627 5367 (63)
668 5289 829 5351 Μετὰ
858 5289 1093 5350 τούτου.
1133 5293 1299 5366 Regg.
1350 5308 1403 5359 a,
1434 5291 1557 5358 bm,
1585 5300 1641 5347 et
1673 5289 1767 5348 0r.
1803 5291 1858 5360 1,
1893 5293 2011 5364 μετ’

445 5368 629 5423 αὑτοῦ.

536 5438 627 5507 64)
672 5435 911 5493 Πλεῖον.
941 5435 1073 5490 Tres
1103 5434 1365 5507 Colb.,et
1398 5431 1652 5507 Montem,
1680 5431 1902 5507 πλείων.

538 5502 627 5576 65)
677 5507 1003 5575 Ἡθὰπορία.
1031 5507 1163 5574 Reg.
1200 5522 1251 5569 a,
1282 5502 1585 5576 dir-ccipia._t
1618 5503 1905 5576 imperitia.
1946 5520 1965 5555 ι

515 5572 627 5647 (66)
670 5577 745 5631 Τὸ
782 5572 996 5631 wber
1014 5572 1360 5647 sup—sittch
1380 5572 1697 5647 ὁμοτίμοις.
1727 5572 1860 5641 Reg.
1896 5574 2007 5637 lim,

448 5659 500 5701 et
537 5642 629 5702 or.
659 5648 711 5711 l,
752 5648 814 5700 τὸ
842 5642 1246 5720 vrxdwlliene].
1279 5648 1417 5720 Idem
1432 5642 1581 5720 ‘Reg.
1638 5643 1762 5720 bur,
1793 5653 1849 5697 et
1894 5652 2003 5720 tres

450 5720 626 5785 αυιυη
649 5720 707 5771 ὲν
733 5720 846 5781 τοῖς
872 5711 1175 5789 ὁμοτίμοις,
1206 5711 1476 5789 [optime].
1513 5711 1667 5779 Quod
1703 5713 1781 5769 sic
1803 5712 2007 5783 optime

2100 1897 2194 1952 τοῦ
2227 1899 2280 1951 τί
2310 1900 2415 1972 χρὴ
2462 1900 2642 1969 λέγειν
2685 1902 2720 1972 ἡ
2770 1900 2976 1973 ἀπορία
2999 1901 3147 1972 (65)·
3175 1902 3316 1957 ὥστε
3361 1921 3457 1975 μοι
3485 1903 3666 1975 τρόπο-

2100 1989 2222 2043 τινὰ
2245 1989 2449 2061 ζημίαν
2469 1990 2713 2060 γίνεσθαι
2744 1990 2841 2063 τὴν
2887 1992 3222 2063 περιουσίαν,
3270 1993 3365 2047 καὶ
3395 1994 3655 2064 δοκιμάζε

2104 2080 2338 2154 σθαιτὴν
2352 2083 2610 2147 διάνοιαν,
2624 2082 2693 2136 τὰ
2713 2084 2921 2136 ἐκείνου
2945 2083 3256 2155 δοκιμάζειν
3273 2083 3661 2156 ὲπιχειροῦσαν

2103 2176 2198 2229 καὶ
2227 2176 2326 2230 οὑκ
2354 2175 2582 2247 ἔχουσαν
2602 2178 2666 2231 τὸ
2685 2175 2870 2231 νικοῦν
2894 2177 3074 2250 εὑρεῖν
3098 2179 3212 2242 τοῖς
3241 2179 3536 2249 ὁμοτίμοις
3557 2178 3658 2250 (66)

2104 2266 2281 2339 Ὅπερ
2301 2268 2409 2341 γὰρ
2436 2269 2653 2323 ἐπὶτῶν
2683 2269 2960 2343 παθερῶν
2978 2270 3181 2325 ὑδάτων
3204 2271 3425 2343 ὁρῶμεν
3456 2271 3656 2341 συμεαῖ

2102 2376 2213 2425 νον,
2251 2361 2380 2415 ὅταν
2421 2359 2593 2431 ψηφὶς
2638 2362 2959 2434 ἐμπεσοῦσα
2987 2362 3213 2434 κέντρον
3246 2363 3502 2434 γένηται,
3539 2363 3669 2417 ἄλλοι

2103 2451 2190 2504 ἐπ’
2214 2452 2359 2523 ἄλλῳ
2390 2451 2589 2516 κύκλος
2636 2453 2983 2526 ἐγειρόμενος
3020 2454 3114 2506 καὶ¹
3154 2452 3399 2525 συνεχῶς
3435 2454 3659 2525 ὲπιφρίσ

2107 2562 2216 2600 σων
2254 2533 2342 2599 ἀέὶ
2373 2543 2489 2599 λύει
2543 2545 2634 2599 τὸν
2668 2546 2897 2612 ἔξωθεν·
2922 2546 3080 2601 τοῦτο
3114 2548 3390 2619 καὶαὺτῷ
3425 2566 3520 2619 μοι
3555 2567 3659 2620 συμ

2106 2631 2338 2704 ϐέϐηκεν
2362 2632 2642 2707 ἄντικρυς.
2660 2635 2732 2689 Τὸ
2764 2634 2861 2707 μὲν
2882 2635 2973 2689 ἐπὶ
2998 2634 3122 2690 νοῦν
3150 2633 3304 2710 ἦλθε,
3322 2638 3386 2691 τὸ
3415 2638 3474 2692 δὲ
3506 2642 3657 2693 ὲπεισ

2103 2722 2258 2794 ἦλθε,
2309 2723 2371 2779 τὸ
2400 2725 2457 2779 δὲ
2495 2724 2850 2798 ὑπεχώρησεν
2870 2744 2884 2759 ο
2920 2727 3013 2781 καὶ
3038 2727 3232 2800 κάμνω
3254 2730 3386 2801 περὶ
3410 2730 3513 2803 τὴν
3542 2732 3655 2803 αἶρε

2108 2833 2214 2880 σιν,
2242 2817 2331 2870 ἀεὶ
2353 2816 2447 2871 τοῦ
2477 2818 2985 2891 προκαταλαϐόντος
2999 2820 3110 2892 (67)
3145 2821 3588 2894 ὑπεξισταμένου
3612 2823 3673 2895 τᾷ

2108 2907 2468 2980 ὲπεισρέοντι.

2175 3088 2261 3141 K'.
2289 3086 2387 3151 Τίς
2417 3087 2516 3159 μὲν
2543 3087 2653 3161 γὰρ
2680 3087 2887 3143 ἐκείνου
2922 3090 3051 3163 περὶ
3089 3090 3158 3145 τὰ
3194 3090 3354 3144 κοινὰ
3395 3092 3675 3147 σπουδαιό-

2104 3196 2260 3249 τερος
2283 3197 2299 3246 ;
2329 3180 2413 3245 τίς
2433 3182 2491 3234 δὲ
2512 3180 2579 3235 τὰ
2594 3182 2732 3236 οίκοι
2760 3182 3190 3256 φιλοσοφώτερος
3213 3184 3347 3255 (68),
3382 3186 3579 3259 ἐπειδὴ
3598 3189 3679 3241 καὶ

2105 3267 2252 3325 οἷκον
2274 3271 2529 3344 ἐμέρισεν
2553 3273 2700 3345 αὑτῷ
2720 3315 2732 3339 ,
2752 3276 2846 3328 καὶ
2867 3275 3058 3346 κτῆσιν
3094 3275 3412 3348 σύμμετρον
3430 3319 3445 3341 ,
3465 3281 3495 3332 ὁ
3520 3280 3678 3333 πάντα

2104 3362 2288 3428 καλῶς
2308 3365 2401 3417 καὶ
2418 3365 2677 3429 ποικίλως
2689 3367 2990 3438 οίκονομῶν
3004 3366 3134 3432 Θεός
3154 3385 3168 3433 ;
3183 3369 3278 3433 Τίς
3302 3369 3361 3422 δὲ
3380 3370 3599 3441 πένησι,
3613 3371 3680 3439 τῷ

2104 3455 2431 3527 ἁτιμωτάτῳ
2460 3455 2615 3528 μέρει
2645 3460 2744 3529 τῆς
2774 3458 3034 3529 ὁμοτίμου
3066 3459 3339 3531 quideng
3374 3460 3477 3533 τὴν
3516 3462 3682 3533 ψυχὴν

2104 3563 2170 3600 συ
2178 3546 2451 3617 μπαθέστε
2461 3565 2571 3620 ρος,
2584 3548 2616 3620 ἢ
2638 3549 2734 3622 τὴν
2752 3553 2908 3622 χεῖρα
2921 3550 3107 3621 δαψιλέ
3115 3570 3205 3605 στε
3211 3570 3305 3625 ρος
3324 3570 3338 3619 ;
3362 3555 3441 3625 τῷ
3453 3556 3570 3608 ὄντι
3586 3556 3685 3626 γὰρ

2102 3637 2179 3702 ὡς
2193 3639 2475 3710 οἰκονόμος
2495 3640 2789 3713 ἀλλοτρίων
2813 3643 3063 3699 διενοεῖτο
3081 3662 3148 3699 πε
3158 3647 3210 3715 pi.
3242 3647 3353 3700 τῶν
3379 3648 3553 3715 ίδίων,
3575 3652 3684 3702 £7.1-

2104 3730 2378 3801 κουφίζων
2398 3732 2496 3802 τὴν
2513 3733 2703 3787 πενίαν
2718 3736 2797 3800 εἰς
2820 3734 3071 3809 δύναμιν,
3091 3738 3183 3791 καὶ
3198 3738 3613 3811 δαπανώμενος,
3629 3742 3686 3794 οὑ

2104 3824 2215 3886 τοῖς
2253 3827 2525 3895 περιττοῖς
2570 3827 2748 3896 μόνον,
2784 3828 2920 3884 ἀλλὰ
2962 3829 3025 3901 δὴ
3059 3820 3151 3884 καὶ
3195 3835 3307 3896 τοῖς
3345 3833 3684 3903 ἀναγκαίοις.

2103 3915 2247 3989 ἤπερ
2282 3916 2347 3988 δὴ
2383 3920 2693 3992 σαφεστάτη
2731 3921 3101 3992 φιλοπτωχίας
3146 3926 3446 3993 ἀπόδειξις,
3485 3930 3582 3983 καὶ
3616 3930 3690 3983 δι-

2104 4007 2228 4073 δοὺς
2257 4009 2473 4082 μερίδα,
2521 4013 2583 4066 οὑ
2625 4017 2739 4079 τοῖς
2772 4014 2911 4070 ἑπτὰ
2942 4019 3124 4088 μόνον,
3154 4019 3297 4072 κατὰ
3334 4020 3435 4092 τὴν
3471 4022 3567 4075 τοῦ
3598 4022 3688 4074 Σο-

2104 4101 2382 4174 λομῶντος
2414 4103 2756 4175 νομοθεσίαν,
2794 4107 2910 4161 ἀλλ’
2938 4110 2986 4162 εί
3024 4110 3309 4181 προσέλθοι
3348 4112 3445 4165 καὶ
3482 4112 3686 4181 ὄγδοος,

2109 4192 2245 4263 μηδὲ
2283 4194 2511 4249 ἐνταῦθα
2549 4197 3055 4271 μικρολογούμενος,
3097 4200 3209 4254 ἀλλ’
3244 4202 3399 4272 ἣδιον
3436 4202 3688 4256 ἀποκτώ-

2112 4299 2292 4354 μενος,
2337 4284 2370 4356 ἢ
2423 4288 2735 4358 κτωμένους
2788 4290 2979 4356 ἄλλους
3029 4293 3398 4364 γινώσκομεν·
3446 4295 3689 4368 ἀναιρῶν

2115 4372 2409 4445 σύνδεσμον
2445 4378 2538 4431 καὶ
2584 4381 2913 4450 χειροτονίαν
2957 4382 3113 4455 (ὅπερ
3154 4383 3277 4454 ἐμο)⁸
3324 4383 3555 4439 δύναται
3602 4402 3689 4454 μι-

2111 4463 2397 4534 κρολογίαν
2424 4468 2516 4521 καὶ
2553 4469 2875 4541 δοκιμασίαν
2917 4471 3012 4525 τοῦ
3062 4473 3369 4545 ληψομένου
3392 4515 3406 4538 ,
3441 4476 3595 4539 ὅστις
3635 4490 3691 4528 τε

2110 4555 2278 4623 ἄξιος,
2292 4560 2385 4613 καὶ
2398 4561 2543 4626 ὅστις
2562 4562 2624 4615 οὑ
2639 4563 2820 4637 [68⁸]),
2839 4566 2931 4619 καὶ
2950 4567 3014 4638 ei}
3023 4584 3096 4637 μα
3108 4567 3423 4638 γογγυσμοῦ
3442 4571 3693 4640 petita;

2110 4648 2426 4715 ἐπιδόσεως.
2458 4652 2634 4727 Ὅπερ
2659 4656 2961 4727 πάσχουσιν
2989 4659 3036 4710 oi
3065 4657 3268 4724 πολλοὶ,
3298 4658 3537 4724 διδόντες
3570 4660 3689 4731 μὲν,

2109 4737 2171 4792 τὸ
2213 4740 2271 4794 δὲ
2320 4742 2615 4815 προθύμως
2660 4746 2721 4799 οὐ
2764 4748 3178 4820 προστιθέντες·
3222 4750 3251 4803 ὃ
3293 4750 3387 4805 τοῦ
3428 4753 3693 4823 παρέχειν

2114 4834 2300 4905 μεῖζόν
2330 4837 2447 4890 ἐστι
2477 4839 2570 4892 καὶ
2593 4838 2940 4915 τελεώτερον.
2970 4842 3157 4914 Πολλῷ
3193 4842 3302 4916 γὰρ
3338 4843 3555 4915 βέλτιον
3584 4844 3692 4917 (69)

2119 5078 2507 5148 interpretatur
2548 5082 2693 5139 Elias
2730 5102 2749 5157 ι
2790 5103 2809 5138 ι
2847 5099 2947 5141 nec
2976 5086 3103 5155 quid
3161 5097 3381 5157 praestet
3434 5089 3697 5145 invenire

2117 5161 2302 5225 queat,
2338 5166 2457 5225 cum
2492 5159 2670 5207 Omnia
2697 5156 2807 5210 sint
2844 5159 3089 5225 aequalia.
3133 5176 3153 5211 ι

2110 5222 2921 5354 δάξξέέ.Πρ⁰καταλαδόντοςέ
2956 5226 3089 5298 Res-
3138 5243 3193 5294 a.
3230 5228 3323 5283 0r.
3380 5229 3431 5294 ι,
3489 5231 3703 5303 προλα-

2179 5363 2290 5438 (6:9
2340 5364 2844 5438 ξῆιλοσσφώτερος.
2882 5384 2902 5417 ‹
2928 5366 3342 5438 Eqnijustiqne
3366 5371 3646 5425 tenacior.
3678 5389 3695 5421 ι

2183 5434 2317 5505 (68‘)
2340 5435 2513 5488 Verba
2547 5437 2599 5489 in
2635 5440 2948 5504 parenthesi
2982 5434 3207 5502 inclusa,
3241 5434 3504 5493 Scholion
3546 5444 3699 5494 nobis

2109 5515 2227 5583 esse
2256 5507 2523 5583 videntur,
2560 5509 2701 5575 quod
2742 5523 2772 5563 e
2814 5509 3057 5578 margine
3088 5512 3211 5566 cod.
3249 5526 3347 5568 IIIS.
3390 5513 3441 5566 in
3484 5524 3692 5565 tenuat

2113 5577 2409 5643 irrepserit.
2468 5577 2626 5630 Ευιτ.

2144 5710 2147 5715 η
2182 5646 2292 5716 (69)
2332 5646 2547 5712 Πολλῷ
2576 5647 2688 5716 γὰο
2710 5647 2982 5714 βέλτιον.
3020 5649 3277 5707 Praeclara
3323 5650 3438 5708 haec
3471 5661 3693 5711 se“‘e.i-
