3892 6506
138 430 325 503 κιοοθ

1111 438 1369 497 ORATIO
1406 440 1591 498 XVIII.
1628 476 1697 486 —
1734 441 2076 502 FUNEBRIS
2111 446 2180 502 IN
2217 436 2513 503 PATREM.

3284 451 3419 507 1010

175 547 308 606 εἶναι
338 553 432 607 διὰ
473 556 604 617 τοὺς
646 555 829 622 ἀξίους
867 558 1081 631 ope...»
1129 563 1227 615 καὶ
1269 567 1381 628 τοῖς
1422 562 1682 631 ἀναξίοις,
1721 566 1755 637 ἢ

1863 567 1985 622 bum
2014 582 2136 622 cum
2167 566 2470 639 largitione.
2506 566 2562 622 ld
2610 565 2853 638 profecto
2893 564 3166 638 plerisque
3200 567 3419 631 accidit,

176 646 299 707 τοὺς
326 645 514 709 ἀξίους
541 647 865 720 ἀποστερεῖν
894 649 1005 704 δέει
1040 650 1150 704 τῶν
1178 653 1433 720 ἀναξίων.
1469 654 1580 708 Καὶ
1605 654 1761 709 τοῦτο

176 729 310 788 εἶναι
343 738 621 806 φαίνεται,
654 739 716 793 τὸ
744 741 939 811 χρῆναι
971 744 1208 813 πέμπειν
1238 745 1330 798 τὸν
1367 746 1529 819 ἄρτον
1565 746 1758 800 ἑαυτοῦ

177 830 266 881 καὶ
288 829 416 881 καθ’
449 830 665 894 ὕδατος,
692 831 768 895 ὡς
798 833 860 885 ού
904 837 1445 907 παρασυρησόμενον,
1480 838 1602 892 οὐδὲ
1626 840 1760 894 ἀπο-

178 917 441 989 λούμενον
481 921 562 992 τῷ
601 922 793 995 δικαίῳ
830 923 1035 979 τούτων
1076 926 1334 1000 ὲξεταστῇ
1362 928 1496 999 (70),
1527 931 1641 984 ἀλλ’
1670 933 1755 985 ἐν·

1858 660 1949 729 qui
1982 658 2224 714 tribuunt
2256 662 2495 728 quidem,
2536 674 2724 713 verum
2770 658 2876 713 boc
2906 672 3011 712 non
3054 655 3331 727 adjiciunt,
3360 667 3419 711 ut

1856 761 2102 820 prompte
2126 765 2189 805 ac
2240 750 2474 806 libenter
2498 750 2763 816 tribuant,
2796 749 2937 820 quod
2976 758 3122 804 certe
3159 747 3335 816 majus
3364 758 3419 803 et

1855 842 2149 912 perfectius
2188 853 2291 908 est,
2323 834 2486 912 quam
2540 845 2799 911 praebere.
2844 839 3009 894 Multo
3058 838 3207 893 enim
3250 837 3421 892 satius

1858 940 1942 983 est
1965 930 2035 985 ob
2065 943 2179 993 eos,
2206 932 2295 1000 qui
2326 931 2470 998 digni
2503 938 2649 997 sunt,
2683 930 2915 999 indignis
2942 942 3160 998 quoque
3190 928 3403 997 largiri,

1857 1035 2041 1089 quam,
2078 1021 2207 1076 dum
2240 1024 2533 1077 metuimus
2567 1036 2633 1076 ne
2660 1021 2729 1075 de
2760 1020 2997 1089 indignis
3033 1021 3170 1075 bene
3204 1034 3415 1073 nterea-

1857 1126 2002 1176 mur,
2023 1112 2214 1181 dignos
2242 1113 2406 1167 etiam
2436 1112 2699 1168 benelicio
2733 1109 3079 1166 defraudare.
3118 1110 3293 1179 Atque
3315 1110 3421 1163 hue

1858 1208 2129 1273 pertinere
2154 1204 2385 1268 videtur,
2445 1206 2587 1274 quod
2623 1204 2699 1257 ait
2755 1202 3032 1272 Scriptura
3060 1242 3076 1265 ,
3121 1216 3315 1272 panem
3354 1201 3409 1254 in

178 1294 376 1349 aquam
415 1295 632 1351 quoque
665 1283 985 1342 mittendum
1035 1303 1158 1344 esse
1203 1290 1282 1358 ";
1316 1305 1424 1344 non
1448 1299 1507 1345 ut
1555 1290 1911 1354 distrahatur,
1966 1300 2059 1347 aut
2104 1301 2289 1364 pereat
2340 1292 2481 1362 apud
2535 1292 2737 1363 justum
2797 1293 2987 1347 barum
3037 1307 3219 1346 rerum
3272 1293 3421 1347 testi-

181 1386 468 1445 matorem,
508 1381 602 1434 sed
637 1395 704 1435 eo
734 1386 1036 1451 perveniat,
1083 1380 1174 1435 ubi
1205 1381 1386 1436 omnia
1446 1389 1633 1437 nostra
1675 1381 2106 1449 collocabuutur,
2171 1393 2333 1453 atque
2383 1384 2437 1438 iu
2471 1393 2712 1452 tempore
2759 1393 3089 1447 occurrent,
3146 1393 3433 1453 utcunque

178 1468 342 1522 aliter
369 1470 768 1527 existimemus.

245 1602 380 1657 ΚΜ.
412 1600 489 1656 Τὸ
517 1603 572 1657 δὲ
603 1603 893 1657 κάλλιστόν
918 1621 979 1657 τε
1008 1602 1102 1657 καὶ¹
1135 1603 1411 1674 μέγιστον,
1443 1604 1525 1657 ὅτι
1558 1602 1637 1672 τῷ
1667 1619 1765 1674 με·

180 1692 475 1765 γαλοψύχῳ
518 1694 728 1765 προσῆν
766 1695 862 1748 καὶ
906 1695 968 1749 τὸ
1004 1694 1340 1764 ἀφιλότιμον.
1381 1693 1543 1747 Ὅσον
1575 1692 1633 1745 δὲ
1666 1691 1763 1746 καὶ

181 1781 311 1850 οἷον,
346 1786 605 1857 δηλώσων
628 1785 859 1856 ἔρχομαι
878 1802 892 1817 ο
930 1785 1012 1839 Τὰ
1048 1786 1145 1855 μὲν
1172 1785 1281 1853 γὰρ
1306 1784 1561 1856 χρήματα
1584 1783 1761 1847 κοινά,

1934 1597 2079 1654 XXI.
2116 1597 2268 1666 Quod
2310 1608 2491 1654 autem
2558 1599 2851 1654 maximum
2899 1608 2953 1655 et
2999 1599 3420 1671 pulcherrimum

1863 1698 1966 1756 est,
2001 1689 2068 1743 ad
2106 1688 2270 1743 animi
2330 1688 2752 1760 magnitudinem
2808 1690 2993 1758 gloria:
3041 1706 3257 1760 quoque
3288 1706 3422 1747 con-

1865 1792 2128 1851 temptum
2182 1779 2530 1851 adiungebat.
2589 1780 2833 1847 Quantus
2903 1790 3085 1836 autem
3137 1792 3194 1836 et
3244 1784 3422 1852 qualis

182 1878 273 1931 καὶ
299 1878 335 1949 ἡ
370 1877 651 1949 προθυμία
683 1877 776 1931 τοῦ
811 1878 1091 1948 παρέχειν,
1129 1876 1277 1947 αύτῷ
1308 1893 1367 1930 τε
1394 1878 1489 1930 καὶ
1525 1879 1588 1947 τῇ
1626 1878 1755 1946 δμο-

1863 1872 2046 1936 [ιετὶι,
2090 1871 2393 1925 ostendam.
2441 1870 2699 1937 Quamvis
2748 1871 2892 1924 enim
2950 1886 3082 1941 opes
3111 1871 3212 1942 ipsi
3240 1882 3423 1927 essent

183 1969 326 2040 ζύγῳ
345 1970 485 2040 πρὸς
504 1970 565 2022 τὸ
588 1969 871 2023 κάλλιστον
890 1967 1286 2040 ἁμιλλωμένοις
1308 1982 1324 2000 ο
1346 1968 1445 2039 τῆς
1462 1967 1753 2029 ἐπιδόσεως

1863 1978 1979 2017 cum
2018 1976 2187 2015 uxore
2216 1976 2553 2028 communes,
2584 1962 2823 2031 itemque
2858 1962 3123 2033 largiendi
3168 1965 3422 2034 prompti-

181 2063 236 2114 δὲ
261 2062 323 2114 τὸ
360 2061 611 2115 πλεῖστον
639 2063 705 2132 τῇ
729 2062 942 2132 ἐκείνης
969 2061 1113 2133 χειρὶ
1137 2061 1405 2131 παρῆκεν,
1430 2059 1505 2122 ὡς
1530 2058 1755 2129 ἀρίστης

181 2154 466 2223 οἰκονόμου
516 2152 624 2205 τῶν
668 2154 924 2208 τοιούτων
967 2153 1061 2206 καὶ
1112 2152 1462 2222 πιστοτάτης.
1498 2151 1654 2214 Τίνος
1690 2148 1755 2220 δὴ

183 2247 437 2315 γυναικὸς
468 2246 631 2315 λέγω,
664 2246 756 2299 καὶ
782 2246 918 2311 οἵας,
1021 2245 1157 2317 μηδὲ
1190 2244 1251 2299 τὸ
1290 2243 1630 2297 Ἀτλαντικὸν
1654 2241 1753 2294 πέ-

182 2338 361 2406 λαγος,
397 2338 429 2407 ἢ
463 2337 516 2390 εῐ
542 2354 595 2390 τι
624 2336 750 2390 ἀλλο
780 2336 887 2390 τῶν
913 2336 1203 2407 μεγίστων,
1231 2336 1463 2406 ιἤρκεσεν
1485 2334 1550 2387 ἂν
1579 2334 1754 2386 ἀπαν-

184 2430 472 2499 τλούμενον
491 2445 505 2494 ;
523 2428 771 2491 τοσοῦτος
795 2428 933 2500 ἔρως
964 2427 1059 2481 τοῦ
1089 2427 1349 2499 παρέχειν
1375 2427 1533 2496 αὐτῇ,
1559 2424 1653 2478 καὶ
1671 2421 1757 2477 οὗ·

183 2538 283 2584 τως
308 2522 575 2591 ἀμετροςο
600 2521 745 2593 ἢτὴν
772 2518 1162 2593 Σολομὼντειον
1185 2518 1404 2589 βδέλλαν
1432 2519 1511 2581 είς
1534 2517 1756 2569 τούναν-

184 2613 288 2664 τίον
334 2610 600 2681 ἐζήλωσε,
648 2612 715 2681 τῇ
751 2610 880 2681 περὶ
938 2609 1000 2662 τὸ
1044 2612 1290 2681 κρεῖττον
1324 2606 1595 2678 ἀπληστίᾳ
1655 2605 1755 2677 τὴν

185 2705 259 2768 εἰς
298 2704 362 2757 τὸ
399 2705 583 2774 χεῖρον
616 2701 727 2773 (72)
771 2702 1062 2772 νικήσασα,
1097 2700 1191 2755 καὶ
1238 2699 1397 2770 κόρον
1428 2700 1527 2752 ούκ
1557 2698 1754 2768 ἔχουσα

184 2795 278 2865 τῆς
311 2796 443 2866 περὶ
474 2794 536 2848 τὸ
572 2789 631 2849 εὖ
668 2796 841 2847 ποιεῖν
878 2792 1221 2864 προθυμίαςο
1258 2793 1291 2862 ἥ
1329 2793 1404 2862 μὴ
1440 2791 1523 2844 ὅτι
1558 2807 1623 2858 γε
1657 2788 1754 2860 τὴν

185 2890 373 2943 οὐσίαν
426 2888 667 2953 ἃπασαν,
705 2887 803 2959 ὃση
842 2903 902 2940 τε
947 2882 1015 2957 ἦν
1058 2887 1265 2949 αὐτοῖς,
1311 2886 1407 2939 καὶ
1449 2885 1546 2955 ὅση
1591 2900 1757 2954 προσ-

187 2984 413 3050 εγένετο,
448 2980 774 3052 μικροτέραν
798 2980 981 3052 ἡγεῖτό
998 2979 1094 3049 τῆς
1114 2978 1318 3042 οἰκείας
1348 2976 1584 3046 ἐφέσεως
1605 2976 1715 3045 (75)
1736 2991 1751 3007 '

186 3076 315 3129 ἀλλὰ
338 3075 433 3132 καὶ
457 3072 654 3145 ἑαυτὴν
680 3071 917 3133 καὶτοὺς
942 3070 1138 3133 παῖδας
1162 3068 1394 3138 ἑτοίμως
1418 3066 1645 3121 ἀπέδοτο
1665 3065 1752 3133 ἂν,

189 3170 236 3221 εί
259 3185 377 3231 πως
410 3167 559 3238 ἐνῆν,
585 3165 614 3219 δ
646 3168 738 3220 καὶ
758 3162 1018 3227 πολλάκις
1043 3161 1213 3233 αὐτῆς
1242 3158 1505 3231 λεγούσης
1524 3159 1750 3230 ἤκουσα,

1856 2055 2008 2119 tudo,
2042 2054 2243 2124 quippe
2296 2053 2390 2124 qui
2422 2054 2488 2107 de
2549 2052 2911 2123 pulcherrima
2962 2069 3175 2124 quaque
3224 2055 3421 2109 virtute

1855 2148 2288 2212 contenderent;
2316 2146 2575 2215 majorem
2613 2156 2790 2201 tamen
2823 2148 2938 2217 ipse
2969 2147 3266 2217 largitionis
3292 2162 3421 2216 par-

1860 2246 1966 2293 tem
2000 2238 2074 2304 ei,
2102 2248 2161 2293 ut
2190 2238 2410 2310 optimze
2437 2249 2492 2294 et
2526 2239 2853 2296 ﬁdelissimae
2896 2242 3200 2312 bujusmodi
3240 2258 3418 2299 rerum

1858 2331 2261 2402 dispensatrici,
2296 2332 2662 2402 relinquebat.
2693 2335 2864 2398 Quam
2898 2345 3079 2390 autem
3124 2344 3179 2389 et
3203 2335 3418 2406 qualem

1861 2424 2141 2479 mulierem
2175 2426 2317 2489 dico,
2351 2425 2437 2479 cui
2467 2440 2534 2480 ne
2557 2425 2888 2482 Atlanticum
2927 2427 3145 2493 quidem
3178 2428 3418 2498 pelagus,

1855 2526 1950 2568 aut
1978 2515 2022 2569 si
2053 2516 2182 2585 quid
2217 2516 2363 2571 aliud
2412 2518 2707 2572 maximum
2742 2526 2850 2586 est,
2881 2519 2948 2573 ad
2985 2519 3419 2576 exhauriendum

1856 2605 2104 2661 suﬂicere
2157 2608 2459 2677 potuisset?
2496 2606 2704 2665 Tantus
2730 2619 2949 2681 tamque
2970 2612 3293 2668 immodicus
3318 2613 3417 2683 ipsi
3508 2660 3511 2665 λ

1856 2696 2030 2751 iuerat
2064 2696 2326 2768 largiendi
2348 2701 2537 2753 amor!
2568 2699 2732 2773 344
2761 2700 2894 2767 Quae
2941 2701 3246 2761 Salomonis
3288 2719 3419 2760 san-

1857 2790 2141 2860 guisugam
2173 2791 2217 2823 ⁶⁰
2248 2793 2302 2847 in
2363 2794 2697 2848 contrarium
2740 2795 2988 2850 aemulata
3025 2807 3127 2862 est,
3164 2796 3417 2852 nimirum

1854 2894 1949 2948 per
1978 2881 2358 2950 inexplebilem
2397 2884 2463 2938 ad
2495 2886 2698 2941 bonum
2732 2887 3103 2957 cupiditatem,
3141 2888 3416 2944 insatura-

1854 2969 2015 3024 bilem
2054 2971 2123 3025 ad
2173 2973 2371 3027 malum
2426 2977 2740 3032 aviditatem
2794 2979 3038 3044 vincens,
3066 2986 3325 3049 tantaque
3352 2980 3417 3033 ad

1854 3061 1997 3116 bene
2031 3064 2344 3118 merendum
2376 3064 2656 3120 alacritate
2684 3069 2931 3136 praedita,
2987 3078 3046 3122 ut
3092 3083 3156 3123 ea
3188 3069 3417 3123 saturari

1856 3167 1963 3206 non
1987 3162 2203 3224 posset;
2239 3169 2358 3225 quae
2393 3156 2626 3229 denique
2658 3172 2765 3211 non
2811 3174 2941 3226 opes
2985 3159 3156 3213 solum
3206 3173 3413 3223 omnes,

187 3264 321 3317 ὥστε
359 3259 800 3331 ἐκδαπανηοῆναι
836 3260 947 3322 τοῖς
985 3256 1200 3326 πένησι.
1244 3252 1426 3325 Ταύτῃ
1469 3253 1567 3315 τὰς
1600 3250 1755 3324 ἡνίας

1863 3259 1992 3314 quas
2017 3245 2101 3299 vel
2131 3246 2200 3301 ab
2236 3246 2388 3302 initio
2418 3247 2629 3314 habuit,
2656 3247 2739 3302 vel
2783 3258 2969 3317 postea
2993 3259 3280 3305 consecuta
3312 3263 3411 3314 est,

187 3357 307 3419 ὅλας
340 3353 595 3424 ἐπαφῆκε
626 3353 722 3424 τῆς
750 3351 1059 3413 ἐπιδόσεως.
1092 3350 1158 3402 '0
1199 3348 1292 3401 καὶ
1318 3343 1755 3417 παραδείγματος

188 3448 302 3518 ἐμοὶ
332 3446 468 3515 γοῦν
497 3447 744 3515 κρεῖττον
785 3441 1246 3513 ὑπολαμϐάνεται.
1285 3437 1360 3492 Τὸ
1407 3436 1506 3508 μὲν
1538 3435 1646 3506 γὰρ
1674 3436 1755 3498 εἰς

188 3541 440 3611 χρήματα
485 3534 880 3607 μεγαλόψυχον,
910 3534 1003 3588 καὶ
1032 3534 1163 3604 παρ’
1192 3531 1373 3595 ἄλλοις
1402 3530 1463 3583 ού
1501 3526 1755 3599 χαλεπῶς

188 3626 331 3697 εὖροι
357 3642 445 3688 τις
469 3624 557 3689 ἂν,
614 3624 715 3678 ὅσα
744 3640 804 3677 τε
849 3624 929 3686 είς
971 3620 1072 3686 τὰς
1108 3621 1294 3683 κοινὰς
1340 3619 1434 3673 καὶ
1471 3616 1755 3680 πολιτικὰς

185 3717 477 3771 ἀπόλλυται
507 3714 832 3787 φιλοτιμίας,
860 3714 959 3768 ὅσα
986 3730 1045 3767 τε
1085 3713 1162 3783 τῷ
1192 3711 1311 3783 Θεῷ
1337 3710 1423 3765 διὰ
1448 3709 1555 3793 τῶν
1584 3709 1753 3779 πενή-

185 3824 285 3861 των
314 3806 641 3872 δανείζεται,
672 3806 767 3860 καὶ
801 3806 937 3877 μόνα
970 3807 1083 3868 τοῖς
1117 3803 1464 3857 ἀναλίσκουσι
1493 3798 1755 3872 Θησαυρί-

187 3898 357 3963 ζεται·
389 3899 492 3970 τῆς
516 3898 573 3951 δέ
609 3897 701 3950 ἐπὶ⁸
731 3896 905 3968 τούτῳ
932 3895 1041 3967 (74)
1070 3893 1249 3964 δόξης,
1277 3893 1375 3946 οὐκ
1405 3890 1550 3943 ἐστιν
1576 3890 1756 3943 ὅντινα

185 3992 660 4063 παραχωρήσαντα
707 3989 903 4063 ῥαδίως
946 3988 1290 4060 εὑρίσκομεν.
1348 3982 1456 4037 Τοῦ
1505 3981 1603 4054 μὲν
1648 3979 1756 4051 γὰρ

184 4085 444 4157 δαπανᾷν,
490 4084 586 4138 καὶ
630 4085 665 4154 ἠ
720 4080 991 4152 φιλοδοξία
1029 4082 1143 4143 τοῖς
1188 4076 1401 4140 πολλοῖς
1436 4073 1663 4146 παρέχει
1690 4072 1752 4125 τὸ

185 4179 489 4249 πρόθυμον·
524 4168 586 4229 οὗ
638 4175 693 4227 δὲ
728 4172 939 4244 ἀφανὴς
973 4171 1084 4242 (75)
1132 4171 1167 4243 ή
1218 4168 1476 4233 ἐπίδοσις,
1511 4167 1627 4219 ἐκεῖ
1657 4164 1753 4218 καὶ

185 4269 242 4322 τὸ
272 4268 540 4341 παρέχειν
564 4265 803 4337 ἀμϐλύτε
812 4281 926 4337 ρον.

190 4362 417 4417 duntur:
450 4370 507 4413 at
557 4360 649 4431 qui
682 4360 909 4429 gloriam
945 4372 1013 4413 ex
1059 4369 1125 4413 ea
1194 4368 1254 4410 re
1298 4352 1580 4409 collectam
1628 4347 1783 4402 alteri

1851 3334 2145 3403 cupiditate
2190 3350 2288 3390 sua
2344 3338 2580 3393 minores
2613 3340 2957 3394 existimabat
2993 3357 3009 3395 :
3054 3340 3152 3395 sed
3184 3341 3414 3411 seipsant

1851 3439 2088 3494 quoque,
2142 3427 2189 3481 si
2240 3426 2357 3482 ﬁeri
2393 3430 2682 3497 potuisset,
2743 3439 2798 3484 et
2829 3429 3054 3495 liberos,
3107 3439 3165 3484 ut
3197 3445 3265 3484 ex
3299 3429 3415 3499 ipsa

1851 3530 1992 3585 sape
2013 3517 2216 3583 audivi,
2240 3529 2491 3590 prompte
2514 3535 2581 3576 ac
2608 3521 2858 3576 lubenter
2885 3520 3242 3587 vendidisset,
3276 3532 3335 3576 ut
3363 3522 3413 3575 in

1851 3625 2147 3680 pauperum
2211 3627 2341 3669 usus
2392 3616 2852 3683 expenderentur.
2906 3613 3045 3669 Huic
3080 3623 3219 3670 totas
3251 3613 3415 3683 largi-

1854 3702 2015 3757 tionis
2036 3702 2273 3760 babenas
2302 3706 2390 3761 ille
2420 3707 2759 3776 permiserat.
2784 3707 2913 3773 Quae
2935 3721 3043 3773 res,
3060 3720 3179 3760 mea
3200 3706 3415 3774 quidem

1852 3793 2145 3859 sententia,
2174 3795 2322 3849 omni
2354 3796 2603 3865 exemplo
2649 3796 2994 3867 prmstantior
3023 3810 3089 3851 ac
3127 3795 3412 3850 sublimior

1852 3892 1955 3939 est.
1983 3881 2118 3937 Nam
2151 3886 2317 3941 animi
2350 3887 2563 3956 quidem
2616 3888 2670 3942 in
2704 3888 2950 3958 pecuniis
2994 3886 3417 3960 magnitudinem

1853 3978 1993 4045 apud
2028 3977 2163 4033 alios
2214 3994 2429 4049 quoque
2477 3980 2637 4035 facile
2702 3984 2939 4051 reperire
2994 3989 3107 4046 est,
3170 3981 3286 4036 sive
3322 3994 3416 4035 eas

1855 4076 2092 4137 spectes,
2133 4085 2253 4139 quae
2289 4073 2341 4125 in
2398 4073 2637 4142 publicas
2682 4083 2737 4127 et
2788 4072 3037 4142 politicas
3098 4071 3417 4142 cupiditates

1854 4162 2064 4231 perdite
2090 4162 2464 4231 effunduntur,
2490 4166 2605 4221 sive
2632 4180 2751 4235 qua:
2782 4165 2894 4221 Deo
2928 4179 3026 4235 per
3051 4178 3317 4235 pauperes
3340 4163 3417 4217 fe-

1855 4253 1973 4305 nori
2003 4251 2223 4319 dantur,
2245 4255 2484 4326 solaeque
2513 4257 2603 4321 iis,
2634 4260 2725 4325 qui
2754 4271 2848 4311 eas
2864 4255 3195 4326 expendunt,
3224 4267 3416 4308 recon-

1854 4348 2205 4415 concesserit,
2248 4350 2387 4403 haud
2431 4350 2505 4406 ita
2560 4350 2718 4405 facile
2773 4349 3126 4420 reperiemus.
3158 4344 3415 4403 Permulti

190 4454 451 4523 siquidem
481 4454 547 4506 ad
577 4462 823 4522 sumptus
850 4459 1098 4523 prompto
1130 4449 1311 4503 animo
1337 4446 1610 4501 faciendos
1660 4441 1775 4497 sola
1815 4438 2039 4495 honoris
2079 4444 2373 4512 cupiditate
2416 4446 2710 4500 ducuntur.
2739 4442 2843 4500 Ubi
2872 4451 3050 4500 autem
3086 4442 3303 4512 largitio
3331 4457 3415 4497 ar-

190 4548 338 4603 bitris
370 4556 546 4608 caret.
602 4546 713 4602 illic
769 4560 984 4618 quoque
1038 4543 1252 4616 largitio
1301 4537 1623 4610 languescit,
1652 4545 1707 4590 et
1743 4531 2086 4589 obtunditur.

252 4690 346 4743 ΚΡ
373 4728 383 4741 .
422 4688 486 4740 Ἦ
521 4687 619 4755 μὲν
651 4680 744 4740 οὖν
776 4683 897 4757 χεὶρ
927 4680 1193 4751 τοσαύτη·
1223 4678 1317 4734 καὶ
1352 4677 1423 4732 τὰ
1449 4674 1617 4730 πλείω
1643 4674 1754 4734 τοῖς

1928 4668 2095 4727 XXII.
2134 4668 2305 4725 Tanta
2329 4670 2543 4741 quidem
2577 4687 2641 4727 ac
2671 4672 2795 4729 talis
2847 4671 2948 4728 fuit
3009 4672 3150 4729 illius
3184 4671 3418 4727 liberali-

190 4780 348 4833 εἰδόσι
378 4779 719 4849 παρήσομεν,
749 4775 913 4838 ὥστε,
948 4773 1001 4827 εί
1032 4791 1086 4827 τι
1119 4773 1212 4827 καὶ
1239 4773 1370 4844 ἡμῖν
1400 4772 1755 4842 μαρτυρεῖται

191 4871 443 4935 τοιοῦτον,
475 4869 534 4935 ἐξ
560 4869 772 4939 ἐκείνης
799 4864 939 4921 εἶναι
971 4866 1072 4936 τῆς
1108 4866 1308 4936 πηγῆς,
1353 4863 1605 4918 κάκείνου
1635 4865 1754 4933 μοῖ-

196 4978 287 5030 ραν
315 4960 412 5015 τοῦ
442 4942 864 5062 όεύματοςρές
906 4956 963 5010 δὲ
1010 4957 1147 5027 μετά
1182 4954 1316 5009 Θεοῦ
1357 4955 1572 5026 μᾶλλον,
1615 4953 1648 5025 ἢ
1678 4952 1757 5023 τῷ

261 5183 306 5214 ⁸⁸
336 5181 517 5237 Eccle.
543 5196 617 5247 ιι,
645 5181 695 5234 l.
770 5180 816 5211 ‘°
836 5179 995 5233 Prov.
1025 5194 1152 5243 xxx,
1205 5178 1290 5232 15.

194 5380 262 5433 tia
312 5380 456 5449 apud
499 5378 843 5434 Demosthen.
876 5378 970 5435 0r.
1017 5378 1081 5432 de
1111 5377 1358 5433 Corona:
1400 5377 1629 5449 Βέλτιον
1658 5377 1748 5430 δια

1854 4772 1969 4831 tas;
2006 4764 2271 4833 pluraque
2323 4764 2487 4817 etiam
2524 4764 2820 4819 scientibus
2868 4762 3252 4835 relinquemus,
3284 4764 3418 4819 adeo

1855 4863 1933 4919 ut,
1966 4855 2013 4910 si
2043 4853 2149 4909 tale
2175 4854 2304 4923 quid
2338 4869 2368 4908 a
2400 4854 2557 4909 nobis
2593 4863 3075 4921 commemoretur,
3105 4854 3235 4909 illud
3268 4869 3419 4911 exeo

1856 4947 2004 5003 fonte
2028 4961 2373 5018 promanare,
2440 4946 2694 5018 illiusque
2747 4944 2996 5017 proﬂuvii
3043 4956 3248 5017 partem
3274 4962 3435 5010 esse,

1928 5378 2039 5448 (τι)
2090 5373 2583 5445 Ἀπαντήσονται.
2619 5374 2753 5443 Reg.
2798 5374 2906 5439 bm,
2954 5370 3123 5427 etOr.
3156 5371 3209 5436 ι,
3244 5369 3418 5422 ἀπανι-
3486 5352 3487 5355 ‘

193 5452 315 5516 τοὺς
342 5448 525 5532 ἀξίους
549 5451 714 5520 τιμᾷν
735 5450 862 5532 τους
884 5448 1154 5531 ἀναξίους,
1174 5449 1380 5532 ᾒτοὺς
1402 5448 1596 5532 ἀξίους
1608 5448 1749 5532 ἀποο
1850 5451 2105 5532 snit-33a;

196 5521 531 5603 ns‘ps'ivcﬁq.
556 5517 949 5603 προσηκούσης
974 5521 1143 5603 τιμιῇς
1170 5517 1411 5603 διὰ-τοὺς
1466 5517 1746 5583 ἀναξίους·

1924 5517 2035 5589 (72)
2070 5517 2173 5583 Εις
2211 5515 2279 5569 τὸ
2329 5515 2549 5585 χεῖρον.
2601 5514 2735 5582 Reg.
2775 5528 2828 5579 a,
2879 5522 2935 5567 et
2971 5511 3067 5568 Or.
3125 5511 3179 5576 1,
3229 5512 3309 5574 είς
3347 5511 3416 5563 τὰ

202 5611 222 5644 t
256 5588 495 5647 9mm
518 5588 765 5660 indignos
801 5588 1020 5661 propter
1038 5588 1241 5657 dignos
1270 5588 1559 5651 honorare,
1592 5604 1749 5661 quam
1854 5589 2037 5661 χείρω.

194 5664 401 5730 dignos,
466 5658 686 5731 propter
748 5658 1014 5732 indignos,
1056 5661 1247 5715 merito
1284 5661 1510 5727 honore
1551 5658 1749 5728 spolia-

198 5749 377 5871 ἐἶ-ὦ)
425 5799 775 5873 Ἔξεταστῇ.
816 5802 906 5861 Sic
934 5801 1102 5873 Regg.
1132 5818 1183 5870 a,
1209 5801 1319 5865 bm,
1353 5799 1444 5857 0r.
1484 5800 1535 5862 l,
1568 5808 1675 5854 etc.
1700 5798 1755 5853 lu

198 5875 303 5939 0.1.,
331 5871 614 5942 ἐξιτασθῇ.

1873 5650 1886 5661 ’
1926 5650 2037 5728 (75)
2087 5657 2395 5727 Ἐφέσεως·
2418 5653 2595 5728 Ῐῖεεζιξ.Δ
2611 5670 2662 5728 :1,
2682 5653 2907 5728 b_m._0r.
2941 5651 3003 5728 I_,
3031 5650 3344 5723 ἐπιθυμίας.

1930 5721 2042 5798 (74)
2112 5721 2236 5798 Ἐπὶ
2265 5728 2472 5793 τούτῳ.
2506 5724 2684 5798 Coisl._
2704 5724 2755 5786 l,
2770 5721 3132 5798 petentium).

1940 5788 2051 5871 (ἴδ’)
2094 5797 2174 5856 os
2225 5788 2719 5871 δὲρφἁηῇηδίο
2751 5792 2922 5871 _Coisl.
2961 5794 3011 5861 ι,
3052 5792 3144 5849 0r.
3179 5792 3230 5857 l,
3279 5788 3423 5855 les..-

1864 5865 1969 5929 etc‘.
2014 5865 2144 5925 Male
2179 5871 2227 5924 in
2259 5865 2410 5926 edit”
2443 5866 2561 5919 οὐδὲ
2593 5865 2821 5935 ἀφανής.
