3852 6408
138 411 253 467 IIIIS
1006 399 1263 456 ORATIO
1304 402 1491 458 XVIII.
1533 432 1603 443 --
1643 400 1683 456 F

1789 400 1987 457 EBRIS
2026 402 2095 457 IN
2134 401 2431 460 PATREM.
3195 407 3343 463 ιοιι

133 530 202 584 διὰ
228 522 386 588 τοῦτο,
413 519 471 572 τὸ
504 519 599 590 μὲν
644 517 916 590 ὁρώμενον
954 518 1063 590 (89)
1101 520 1410 590 ἀτιμάζειν,
1442 523 1591 585 ὅπως
1618 522 1661 575 δ’

1789 520 2039 577 llecebris
2068 521 2262 577 irretiti
2298 537 2419 577 esse
2451 521 2837 586 arbitrabatur,
2887 521 3027 577 dicta
3073 520 3332 593 factaque

134 623 187 676 ἂν
207 616 338 678 ἐντὸς
359 612 464 684 (90)
492 611 749 666 κάλλιστα
770 611 899 681 ἔχοι,
926 611 1082 666 τοῦτο
1114 615 1271 683 μόνον
1303 616 1543 677 σκοπεῖν,
1566 612 1661 666 καὶ

1789 630 1864 669 ιιιει
1902 614 2086 670 omnia
2122 616 2226 669 huc
2251 614 2477 681 referre,
2532 623 2590 668 ut
2638 613 2863 682 gloriam
2909 623 2963 669 et
2990 613 3330 684 splendorem

132 711 276 768 ταῦτα
307 706 426 778 περὶ
465 704 655 758 πολλοῦ
691 704 979 769 ποιεῖσθαι,
1007 705 1066 769 ἐξ
1090 699 1164 759 ὧν
1210 706 1372 770 αὐτὸς
1420 723 1479 759 τε
1509 705 1661 759 πλεί-

1789 706 1911 775 tpud
1942 715 2162 761 exteros
2191 717 2533 776 assequatur,
2559 706 2758 776 quippe
2805 705 2896 776 qui
2925 708 3178 776 praesenti
3224 708 3335 760 vita

135 820 240 855 στου
279 797 417 862 ἄξιος
455 795 626 859 ἔσται,
657 796 749 848 καὶ
780 796 906 859 τοὺς
954 795 1145 860 ἄλλους
1197 796 1338 861 ἕλξει
1377 798 1443 851 δι’
1472 796 1663 852 ἑαυτοῦ

1789 797 1908 852 nihil
1942 798 2158 855 beatius
2183 812 2305 854 esse
2334 798 2534 853 ducat:
2571 798 2869 867 spiritualis
2899 806 3074 853 autem
3102 807 3156 853 et
3180 797 3337 853 Chri-

133 894 247 965 πρὸς
272 888 327 943 τό
353 887 641 959 βέλτιστον.

1789 890 1966 956 stiani,
2001 907 2162 946 unam
2192 900 2400 946 tantum
2434 891 2667 947 salutem
2695 889 2765 944 ob
2793 889 2978 945 oculos
3005 892 3107 945 sibi
3136 906 3333 960 propo-

133 1002 260 1051 nere,
287 994 444 1052 atque
471 996 554 1045 ea,
592 995 712 1049 quze
763 981 831 1037 ad
886 982 1024 1037 hanc
1068 982 1293 1048 ducant,
1366 983 1583 1053 plurimi
1621 982 1837 1049 facere,
1904 1000 2025 1055 qua:
2059 995 2243 1040 autem
2293 985 2361 1039 ad
2421 999 2542 1039 eam
2583 983 2717 1037 nihil
2750 982 3043 1052 adjumenti
3080 981 3333 1047 aﬂ‘erant,

130 1093 179 1139 ut
208 1080 344 1144 vilia,
395 1075 710 1148 nulliusque
761 1077 943 1147 pretii,
996 1080 1312 1147 aspernari;
1345 1077 1415 1132 ob
1474 1093 1703 1148 eamque
1742 1093 1987 1146 causam,
2023 1079 2077 1135 id
2108 1080 2350 1150 quidem,
2409 1077 2553 1148 quod
2613 1078 2665 1131 in
2709 1086 2987 1148 aspectum
3024 1077 3191 1142 cadit,
3240 1092 3339 1146 pro

134 1171 281 1229 nihilo
308 1178 531 1239 putare,
562 1168 615 1222 id
644 1177 823 1223 autem
855 1184 1017 1222 unum
1051 1177 1317 1236 spectare,
1344 1176 1507 1238 atque
1565 1169 1618 1222 iu
1673 1182 1738 1223 eo
1775 1168 2082 1235 elaborare,
2116 1180 2175 1225 ut
2197 1170 2409 1224 interna
2444 1168 2647 1237 optimo
2684 1177 2740 1223 et
2785 1168 3149 1236 pulcherrimo
3192 1177 3339 1223 statu

128 1268 236 1330 sint,
292 1275 460 1331 eaque
506 1260 687 1331 magni
740 1260 1032 1327 aestimare,
1086 1276 1153 1315 ex
1206 1260 1404 1331 quibus
1473 1269 1528 1315 et
1571 1261 1686 1330 ipse
1722 1276 1882 1331 quam
1949 1262 2185 1333 optimus
2241 1260 2454 1316 iuturus
2493 1261 2587 1325 sit,
2616 1270 2669 1314 et
2701 1260 2837 1315 alios
2864 1260 3108 1328 exemplo
3139 1274 3239 1315 suo
3271 1260 3339 1314 ad

129 1357 308 1427 optima
342 1367 566 1421 quazque
600 1362 974 1422 pertracturus

184 1448 297 1500 ΚΝ.
339 1442 404 1499 Ὀ
461 1444 519 1497 δὲ
571 1443 857 1499 κάλλιστον
904 1443 1013 1497 τῶν
1061 1444 1268 1498 ἐκείνου
1326 1445 1418 1499 καὶ
1468 1444 1681 1499 ἰδιώτα-

127 1557 202 1594 τον
231 1537 354 1609 (91),
382 1536 477 1590 καὶ
506 1536 628 1590 οὐδὲ
657 1539 770 1600 τοῖς
804 1536 1015 1601 πολλοῖς
1042 1537 1424 1609 ἀγνοούμενον,
1454 1541 1488 1608 ἡ
1516 1538 1681 1593 ἁπλό-

124 1649 224 1702 της,
249 1629 339 1682 καὶ
382 1627 444 1679 τὸ
490 1627 585 1679 τοῦ
618 1626 783 1698 ῆθους
821 1627 1005 1681 ἀδολόν
1040 1645 1099 1681 τε
1142 1628 1238 1682 κα)⁹
1283 1628 1680 1701 ἀμνησίκακον.

129 1722 298 1784 ’Δλλος
342 1719 440 1790 μὲν
469 1718 580 1789 γὰρ
631 1718 759 1773 ἀλλο
781 1736 835 1771 τι
880 1718 988 1773 τῶν
1025 1719 1270 1773 παλαιῶν
1316 1719 1350 1791 ἢ
1391 1720 1500 1773 τῶν
1548 1721 1685 1776 νέων

126 1810 522 1884 κατωρθωκέναι
576 1810 924 1877 πιστεύεται,
970 1811 1045 1875 ὼς
1093 1810 1325 1874 ἕκαστος
1380 1809 1567 1881 ἔτυχεν
1618 1813 1683 1865 ὲκ

124 1902 238 1957 Θεοῦ
264 1899 484 1972 χάριτός
523 1917 669 1963 τινος
704 1898 1022 1970 ἠξιωμένος.
1069 1898 1209 1961 Ἰὼϐ,
1244 1900 1305 1952 τὸ
1342 1899 1398 1952 ὲν
1435 1901 1547 1962 τοῖς
1577 1901 1681 1953 πά-

125 1998 221 2050 θεσι
252 1992 574 2063 καρτερικὸν
608 1991 702 2045 καὶ
722 1990 995 2045 ἀνάλωτον
1020 2008 1033 2021 ·
1065 1990 1270 2062 Μωσῆς
1298 1991 1392 2044 καὶ
1414 1989 1598 2057 Δαὸὶδ,
1620 1990 1683 2043 τὸ

124 2087 308 2158 πρᾶονο
342 2083 599 2154 Σαμουὴλ
630 2083 691 2136 τὸ
727 2082 1086 2154 χρηματίσαι,
1117 2082 1326 2153 βλέπων
1368 2082 1435 2137 τὰ
1478 2082 1684 2154 ἔμπρο-

124 2179 260 2235 σθεν·
292 2176 476 2238 Φινεὲς
504 2176 597 2229 τὸν
628 2160 811 2245 ζῆλον,
842 2175 934 2243 ἀφ’
961 2166 1023 2228 οῦ
1067 2175 1163 2229 καὶ
1194 2172 1520 2246 ὀνομάζεται
1541 2193 1553 2205 ·
1585 2175 1685 2228 Πέ-

121 2287 227 2342 τρος
251 2268 343 2323 καὶ
373 2265 597 2330 Παῦλος
625 2266 759 2339 (9‘2),
788 2266 848 2318 τὸ
876 2264 1128 2318 σύντονον
1157 2265 1252 2318 τοῦ
1287 2265 1641 2337 κηρύγματος
1665 2284 1680 2297 ο

122 2365 159 2416 οί
182 2362 265 2415 τοῦ
289 2358 581 2415 Ζεϐεδαίου
608 2358 669 2411 τὸ
701 2348 1102 2429 μεγαλόφωνον,
1130 2355 1158 2409 ὃ
1189 2354 1298 2427 (9'5)
1336 2356 1431 2409 κα)¹
1456 2356 1685 2427 βροντῆς

120 2454 250 2515 υἱοὺς
289 2451 493 2514 αὐτοὺς
544 2449 1011 2521 προσηγόρευσεν·
1061 2447 1156 2501 καὶ
1206 2446 1258 2499 τί
1304 2446 1369 2500 ἂν
1428 2447 1686 2518 καταριθ-

122 2545 261 2615 μοίην
289 2542 399 2614 (94)
425 2542 707 2606 ἅπαντας
732 2540 790 2593 ὲν
809 2539 917 2610 γὰρ
938 2537 1131 2591 εἰδόσιν
1154 2539 1181 2591 ό
1209 2536 1388 2606 λόγος.
1412 2537 1686 2605 Στεφάνου

117 2637 164 2691 δὲ
188 2636 290 2705 (95)
325 2635 425 2689 καὶ
469 2632 572 2686 τοῦ
627 2631 762 2704 ὲμοῦ
808 2630 1036 2703 πατρὸς,
1081 2629 1234 2682 οὐδὲν
1281 2628 1483 2692 οὕτως,
1518 2628 1593 2691 ὡς
1625 2628 1687 2681 τὸ

120 2728 373 2800 ἀπόνηρον
414 2723 733 2796 γνώρισμα.
782 2723 841 2776 '0
891 2722 989 2793 μὲν
1038 2719 1147 2792 γὰρ
1194 2720 1315 2774 οὐδὲ
1366 2719 1688 2774 κινδυνεύων

118 2821 275 2889 ἐμίσει
306 2819 438 2881 τοὺς
471 2816 792 2888 βάλλοντας,
831 2812 944 2868 ἀλλ’
985 2808 1263 2874 ὲλιοάζετο
1299 2810 1419 2880 μὲν,
1461 2808 1600 2882 ὑπὲρ
1630 2808 1689 2861 δὲ

117 2911 210 2964 τῶν
232 2908 567 2974 λιθαζόντων
606 2906 825 2980 ηὔχετο,
864 2905 940 2969 ὡς
982 2899 1219 2976 Χριστοῦ
1254 2900 1518 2973 μαθητὴς,
1550 2901 1689 2973 ὑπὲρ

115 2996 165 3055 οὗ
195 3004 284 3056 καὶ
308 3002 370 3055 τὸ
394 3001 636 3072 πάσχειν
655 2995 723 3071 ἦν
752 2995 920 3067 αὐτῷ,
955 2994 1138 3067 μεῖζον
1163 2992 1257 3047 τοῦ
1294 2991 1522 3047 θανάτου
1555 3007 1692 3061 καρ-

118 3094 352 3165 ποφορῶν
397 3092 482 3164 τῷ
530 3089 673 3163 Θεῷ,
719 3089 818 3162 τὴν
869 3087 1287 3165 μακροθυμίαν·
1326 3084 1404 3156 τῷ
1439 3084 1497 3138 δὲ
1540 3083 1691 3137 οὐδὲν

1852 1443 2041 1500 XXIV.
2085 1445 2193 1498 Sed
2245 1443 2386 1498 inter
2419 1443 2602 1499 omnia
2644 1445 2814 1513 ipsius
2861 1455 3178 1498 ornamenta
3204 1444 3343 1498 nihil

1778 1553 1931 1608 aeque
1976 1536 2285 1606 pulchrum,
2342 1534 2504 1604 eique
2555 1536 2856 1604 proprium,
2915 1550 2980 1589 ac
3008 1535 3339 1589 multitudini

1779 1630 1942 1685 etiam
1962 1628 2245 1710 cognitum
2282 1636 2420 1692 erat,
2448 1635 2506 1681 ut
2529 1626 2880 1697 simplicitas,
2926 1637 2980 1681 et
3019 1640 3193 1680 mores
3236 1626 3344 1680 doli

1781 1728 2055 1789 expertes,
2101 1728 2261 1788 atque
2316 1718 2635 1787 injuriarum
2692 1717 2911 1772 oblivio.
2964 1718 3175 1772 Etenim
3204 1717 3346 1772 alius

1782 1809 1996 1880 quidem
2031 1809 2372 1879 antiquorum
2402 1817 2494 1860 aut
2520 1808 2882 1861 recentiorum
2909 1807 3193 1860 hominum
3221 1820 3349 1876 pro-

1782 1899 1896 1968 pria
1924 1898 2155 1967 quadam
2192 1896 2388 1950 virtute
2410 1896 2699 1951 emicuisse
2723 1897 2986 1963 creditur,
3016 1910 3112 1964 pro
3134 1909 3197 1949 ea
3238 1895 3346 1950 sci-

1788 1990 1917 2045 licet
1944 1989 2138 2059 gratia,
2172 2002 2334 2057 quam
2369 1986 2533 2059 346
2563 1988 2788 2058 quisque
2816 2003 2845 2041 a
2877 1986 2987 2042 Deo
3024 1997 3351 2042 consecutus

1781 2091 1885 2137 est.
1912 2081 2149 2135 Emicuit
2194 2079 2296 2135 Job
2336 2095 2527 2148 magna
2578 2081 2886 2149 invictaque
2944 2081 2996 2134 in
3043 2080 3202 2134 malis
3253 2095 3353 2150 pa-

1785 2171 1970 2226 tientia
2002 2168 2304 2239 ",Moyses
2323 2178 2375 2225 et
2401 2169 2563 2223 David
2604 2169 3016 2223 mansuetudine
3034 2169 3103 2233 ⁸³,
3137 2167 3354 2223 Samuel

1783 2260 2084 2326 vaticiniis,
2137 2258 2280 2330 quod
2347 2258 2529 2313 futura
2583 2259 2975 2327 prmuuntiaret
3008 2258 3078 2323 “,
3124 2258 3353 2314 Phinees

1785 2357 1901 2407 zelo
1928 2352 1997 2420 ",
2026 2367 2131 2423 quo
2168 2367 2416 2419 magnam
2454 2351 2555 2406 sibi
2596 2351 2797 2406 famam
2830 2352 3059 2421 peperit,
3084 2351 3274 2407 Petrus
3300 2360 3358 2406 et

1784 2445 1985 2500 Paulus
2045 2444 2211 2498 animi
2273 2444 2622 2498 contentione
2682 2443 2737 2497 in
2806 2442 3098 2512 Evangelio
3157 2444 3357 2512 praedi-

1787 2536 1959 2590 cando
1983 2534 2052 2603 °°,
2093 2534 2188 2588 lilii
2211 2532 2456 2588 Zebedaei
2483 2533 2972 2604 grandiloquentia,
3003 2533 3145 2588 unde
3174 2544 3230 2588 et
3260 2532 3355 2587 ﬁlii

1788 2626 2010 2684 tonitrui
2062 2623 2315 2696 appellati
2369 2632 2497 2679 sunt
2536 2624 2618 2690 ‘7;
2674 2635 2730 2679 et
2758 2625 2888 2693 quid
2920 2638 3107 2679 omnes
3138 2639 3360 2679 enume-

1786 2714 1940 2770 rem?
1993 2714 2149 2784 Apud
2204 2728 2298 2769 eos
2331 2713 2493 2775 enim,
2528 2714 2620 2782 qui
2653 2714 2770 2768 haec
2814 2722 3032 2780 norunt,
3057 2712 3358 2767 orationem

1789 2810 1988 2866 habeo.
2014 2809 2083 2862 At
2117 2806 2453 2877 Stephanum
2509 2815 2566 2860 et
2611 2817 2819 2876 patrem
2872 2819 3051 2860 meum
3093 2804 3237 2858 nulla
3273 2820 3360 2861 res

1790 2900 2017 2972 perinde
2043 2899 2253 2954 nobiles
2273 2908 2328 2954 et
2362 2898 2603 2967 insignes
2631 2897 2823 2963 reddit,
2857 2911 2921 2951 ac
2952 2911 3162 2951 morum
3191 2896 3364 2966 placi-

1791 2990 1931 3044 ditas
1960 2996 2015 3043 et
2046 2987 2383 3042 innocentia.
2433 2984 2525 3039 Ille
2554 2987 2774 3055 quippe,
2814 3001 2915 3040 nec
2954 2987 3006 3040 in
3062 2985 3360 3055 periculum

1790 3080 2007 3153 quidem
2035 3079 2162 3134 vita:
2185 3078 2467 3141 adductus,
2500 3092 2618 3142 eos,
2673 3093 2702 3131 a
2732 3078 2930 3146 quibus
2974 3077 3358 3147 impetebatur,

118 3186 263 3255 μέσον
294 3182 364 3258 ἦν
395 3185 506 3256 τῆς
543 3182 884 3255 ὲπιπλήξεως
911 3180 1005 3235 καὶ
1044 3181 1145 3250 τῆς
1194 3179 1461 3249 ἀφέσεως,
1490 3177 1566 3241 ὡς
1601 3194 1685 3247 μι-

1796 3172 2005 3235 oderat,
2042 3184 2228 3225 verum
2261 3183 2383 3223 cum
2439 3168 2795 3238 lapidaretur,
2847 3182 2947 3238 pro
2998 3168 3362 3237 lapidantibus

116 3279 231 3349 κροῦ
260 3279 357 3332 καὶ
387 3275 733 3332 κλέπτεσθαι
756 3274 816 3329 τὸ
841 3272 1048 3327 λυποῦν
1073 3270 1152 3343 τῷ
1175 3272 1328 3342 τάχει
1349 3270 1450 3340 τῆς
1475 3285 1691 3339 συγχω-

116 3389 327 3442 ρησεως.

1796 3266 1987 3320 orabat
2007 3261 2079 3328 “,
2109 3270 2169 3315 ut
2196 3259 2399 3313 Christi
2428 3258 2749 3328 discipulus,
2788 3273 2889 3329 pro
2916 3273 3024 3328 quo
3052 3260 3214 3313 etiam
3240 3274 3363 3312 cru-

1798 3357 2001 3414 ciatum
2059 3351 2378 3415 sull'erebat,
2436 3347 2614 3419 majus
2669 3351 2871 3421 aliquid
2925 3362 3099 3406 morte
3145 3351 3363 3407 Christo

114 3440 354 3525 ullerens,
389 3475 598 3530 nempe
621 3457 1119 3529 longanimitalem;
1150 3454 1239 3509 hic
1284 3462 1463 3508 autem
1490 3451 1691 3506 nullum
1736 3448 1992 3518 temporis
2014 3452 2342 3499 momentum
2374 3443 2516 3497 inter
2548 3440 2980 3511 obiurgationem
3039 3451 3095 3497 et
3150 3444 3364 3499 veniam

112 3554 262 3611 ﬂuere
281 3557 610 3625 patiebatur
633 3572 648 3621 ;
670 3556 803 3609 adeo
829 3561 885 3607 ut
908 3549 1221 3622 ignoscendi
1243 3549 1522 3604 celeritate
1540 3562 1743 3603 mmror
1772 3558 1986 3616 quoque
2020 3541 2133 3612 ipse
2168 3553 2302 3609 pene
2341 3538 2735 3607 subriperetur.

173 3649 294 3701 ΚΒ.
329 3647 476 3702 Θεοῦ
510 3648 617 3720 μὲν
647 3648 816 3718 ὀργῆς
844 3649 1073 3722 τρυγίαν
1103 3646 1224 3700 τινὰ
1246 3644 1339 3699 καὶ
1366 3643 1685 3715 πιστεύομει

1869 3635 2033 3695 XXV.
2067 3639 2147 3692 Ac
2176 3650 2272 3691 nos
2293 3634 2509 3705 quidem
2556 3632 2845 3702 quamdam
2898 3633 2992 3686 irae
3029 3632 3225 3687 divinae
3271 3631 3367 3688 fae-

112 3743 192 3797 καὶ
222 3742 536 3814 ἀκούομεν,
585 3740 647 3794 τὸ
676 3742 883 3813 λεῖμμα
913 3740 1024 3811 (96)
1070 3740 1168 3810 τῆς
1206 3737 1347 3792 κατά
1378 3736 1487 3790 τῶν
1534 3735 1685 3800 ἀξίωι

1798 3748 1913 3787 cem
1945 3731 2010 3796 “,
2045 3738 2099 3784 et
2135 3728 2427 3790 credimus,
2459 3734 2514 3781 et
2544 3726 2817 3789 audimus,
2848 3723 2949 3780 hoc
2983 3734 3088 3789 est,
3125 3739 3367 3779 commo-

112 3836 369 3905 κινήσεως
398 3853 410 3865 ο
446 3834 649 3905 ἐπειδὴ
683 3833 814 3897 Θεὸς
855 3833 1184 3904 ὲκδικήσεων
1230 3829 1455 3899 Κύριος.
1494 3829 1558 3881 El
1588 3830 1685 3899 γὰρ

1801 3822 1967 3878 tionis
1992 3822 2252 3875 adversus
2279 3834 2398 3884 eos,
2423 3818 2514 3887 qui
2575 3830 2639 3869 ea
2691 3815 2835 3887 digni
2877 3825 3025 3883 sunt,
3056 3816 3364 3883 residuum;

111 3924 193 3975 καὶ
224 3922 398 3977 κλίνει
444 3924 546 3977 διὰ
585 3923 990 3995 φιλανθρωπίαν
1025 3925 1089 3975 ἐκ
1123 3920 1216 3974 τοῦ
1252 3921 1527 3991 ἀποτόμου
1563 3917 1685 3989 πρὸς

1801 3913 2235 3985 quandoquidem
2294 3911 2436 3966 Deus
2495 3908 2761 3963 ultionum
2812 3907 3072 3963 Dominus
3098 3908 3167 3963 7°.
3216 3908 3369 3964 Licet

109 4012 161 4063 τὸ
185 4014 357 4067 ὲνδόσι
366 4031 500 4086 μον,
527 4014 652 4069 ἀλλ’
691 4016 750 4068 ού
792 4016 970 4084 πάντη
1010 4015 1284 4083 συγχωρεῖ
1311 4015 1423 4075 τοῖς
1450 4010 1685 4081 ἁμαρτά-

1799 4004 1946 4059 enim
1980 4017 2079 4073 pro
2105 4016 2201 4055 sua
2234 3998 2568 4067 benignitate
2601 4006 2762 4065 atque
2795 3996 3080 4052 clementia
3110 4011 3176 4052 ex
3205 4012 3367 4053 seve-

108 4121 296 4171 νουσιν,
336 4108 430 4162 ἵνα
470 4108 557 4180 μὴ
591 4111 657 4179 τῇ
706 4094 1033 4178 χρηστότητι
1070 4104 1285 4176 χείρους
1317 4102 1592 4172 γίνωνται.
1641 4102 1685 4153 'C

1802 4096 1965 4150 ritate
1987 4094 2055 4148 ad
2090 4092 2401 4147 facilitatem
2430 4099 2484 4145 et
2504 4089 2716 4144 veniam
2748 4091 2992 4156 inclinet,
3022 4094 3370 4161 peccantibus

105 4196 155 4249 δὲ
180 4199 333 4253 οὐδὲν
387 4199 709 4269 ὑπεκράτει
744 4199 853 4271 (97)
892 4201 1004 4261 τοῖς
1041 4196 1423 4269 παροξύνουσι,
1457 4195 1685 4261 καίτοιγε

1803 4198 1985 4242 tamen
2010 4200 2114 4239 non
2143 4183 2366 4240 omnino
2394 4182 2641 4252 ignoscit,
2672 4198 2741 4236 ne
2762 4181 3100 4253 benignitate
3133 4186 3373 4240 deterio~

105 4289 214 4343 οὐδὲ
239 4292 615 4346 παντάπασιν
660 4293 901 4363 ἄτρωτος
935 4286 1002 4362 ἦν
1042 4288 1218 4360 θυμῷ,
1265 4288 1368 4341 κάν
1393 4289 1505 4350 τοῖς
1536 4303 1685 4338 πνευ-

1803 4294 1889 4334 res
1916 4280 2069 4333 (iant.
2102 4278 2170 4330 At
2201 4285 2354 4345 pater
2384 4274 2451 4328 iis
2481 4289 2511 4327 a
2551 4274 2745 4343 quibus
2788 4276 3185 4344 concilabatur,
3235 4279 3372 4334 nihil

107 4389 349 4450 ματικοῐς
385 4386 645 4457 μάλιστα
672 4384 749 4455 τῷ
777 4383 884 4454 (98)
919 4381 1065 4453 ζήλῳ
1111 4380 1412 4451 νικώμενος
1432 4396 1447 4409 υ
1476 4378 1615 4449 πλὴν
1652 4381 1685 4430 ε]

1804 4369 2140 4432 reservabat,
2168 4370 2252 4423 vir
2275 4365 2476 4435 alioqui
2523 4365 2592 4418 ab
2616 4365 2914 4419 iracundia:
2933 4366 3247 4423 vulneribus
3266 4385 3370 4425 non

106 4491 197 4530 που
234 4478 393 4548 τύχοι
423 4476 959 4549 παρεσκευασμένος
992 4475 1085 4528 καὶ
1116 4472 1478 4543 ὡπλισμένος,
1507 4472 1601 4523 κα).
1627 4469 1685 4532 ὡς

1804 4474 2026 4529 prorsus
2060 4456 2339 4518 immunis,
2361 4469 2425 4509 ac
2448 4454 2744 4524 praesertim
2774 4454 2860 4523 ,_in
2893 4453 3055 4508 rebus
3078 4455 3375 4524 spirituali-

102 4568 229 4639 πρὸς
263 4569 588 4623 ἀντίπαλον
619 4568 679 4621 τὸ
712 4566 949 4638 λυπῆσον
984 4564 1265 4636 πόρρωθεν
1288 4559 1703 4633 παρατεταγμέ-

103 4636 200 4721 νος.
232 4659 396 4712 Οὕτω
417 4660 482 4712 δὲ
506 4657 625 4712 οὐδ’
658 4658 723 4711 ἂν
753 4636 977 4728 μυριάσι
1007 4653 1358 4726 μετεκινήθη,
1380 4653 1441 4705 τὸ
1465 4651 1529 4722 δὴ
1552 4650 1685 4718 λεγό

1804 4653 1857 4698 et
1893 4650 2139 4695 armatus
2183 4646 2352 4703 esset,
2404 4645 2569 4705 atque
2622 4636 2882 4690 adversus
2910 4636 2984 4701 id,
3018 4639 3161 4705 quod
3200 4638 3373 4695 mole-

105 4768 275 4817 μενον,
310 4755 415 4807 καὶ
460 4753 637 4805 τοῦτο
680 4725 889 4804 ἐκείνου
941 4725 1113 4817 γλυκὺ
1160 4746 1223 4799 τὸ
1269 4745 1458 4809 πάθος.
1499 4745 1558 4797 '0
1606 4742 1685 4814 μὲι

1806 4735 1962 4789 stiam
1993 4732 2282 4786 allaturum
2314 4737 2453 4791 erat,
2508 4735 2766 4795 tanquam
2806 4725 3065 4781 adversus
3113 4727 3322 4782 hostem
3344 4745 3375 4784 a

102 4815 201 4914 γὰρ
224 4815 404 4915 θυμὸς
429 4840 509 4913 ἦν
537 4841 712 4912 αύτῷ,
736 4843 795 4895 ού
826 4815 969 4893 κατά
991 4840 1091 4911 τὴν
1112 4836 1368 4910 ὁμοίωσιν
1395 4833 1487 4889 τοῦ
1506 4834 1681 4903 ὄφεως

1808 4825 2102 4895 longinquo
2161 4823 2459 4876 instructus
2497 4827 2550 4873 et
2584 4817 2885 4887 expeditus.
2931 4815 3023 4872 Sic
3059 4817 3203 4873 enim
3248 4834 3315 4874 ne
3343 4835 3374 4874 ει

97 4910 308 4989 ἔνδοθεν*
328 4910 715 5005 ὑποσμύχων,
748 4931 842 4985 κα)⁸
870 4931 1006 5002 πρὸς
1035 4910 1245 5000 άμυναν
1268 4926 1556 4999 εὐτρεπὴς,
1582 4924 1685 4978 ούδὲ

1810 4916 2144 4988 myriadibus
2172 4914 2411 4982 quidem,
2444 4920 2502 4965 ut
2545 4910 2653 4973 dici
2706 4911 2863 4977 solet,
2916 4919 3127 4967 emotus
3160 4912 3371 4978 fuisset,

99 5026 170 5085 εἰς
198 5025 377 5096 ὀργὴν
436 4999 678 5094 φθάνων
727 5024 791 5076 ὲκ
836 4999 929 5074 τοῦ
986 4999 1201 5093 πρῶτου
1246 5021 1561 5089 κινήματος,
1608 5016 1685 5068 κα¹

1810 5012 1939 5077 quin
1980 5003 2163 5060 suavis
2190 5016 2408 5072 quoque
2440 5001 2529 5054 hic
2576 4999 2721 5055 illius
2782 5000 2952 5053 animi
3012 5008 3193 5055 motus
3231 5010 3369 5055 erat.

94 5091 423 5180 ἀντιδόσεως
451 5091 705 5185 ⁷ιίξςρεσιν,
740 5112 876 5168 ἀλλά
909 5091 1067 5167 κατάν
1098 5111 1159 5164 τὸ
1207 5110 1429 5181 κέντρον
1458 5109 1558 5179 τῆς
1606 5124 1685 5177 με·

1809 5099 1983 5154 Furor
2014 5098 2156 5152 enim
2187 5096 2284 5166 ipsi
2321 5109 2426 5147 non
2474 5094 2772 5148 secundum
2825 5091 3230 5149 similitudinem
3257 5107 3374 5147 ser-

160 5229 203 5260 "
226 5229 331 5285 Job
358 5248 405 5293 ι,
436 5232 545 5284 21.
672 5230 716 5261 ⁸³
752 5228 911 5282 Num.
956 5241 1054 5286 xu,
1080 5224 1148 5285 ὃς
1191 5221 1333 5276 Psal.
1360 5236 1545 5282 cxxxt,
1578 5220 1631 5271 l.

1822 5210 2004 5293 IEeg.
2039 5225 2116 5293 I_x,
2144 5208 2198 5262 9.
2309 5206 2355 5293 ξ’
2385 5202 2544 5259 Num.
2580 5219 2743 5269 xxxv,
2770 5203 2820 5257 7.
2926 5202 2970 5234 “
3004 5202 3180 5259 Galat.
3212 5217 3274 5270 ιι,
3313 5202 3369 5258 7.

96 5298 135 5329 "
172 5276 631 5367 MQEEf-ilff'n.
708 5276 1164 5361 vit—,V'btl.
1243 5295 1286 5326 θ’
1336 5276 1480 5347 Psal.
1523 5276 1683 5343 Lutv

1865 5282 1912 5315 ⁷⁸)
1954 5276 2097 5334 Psal.
2132 5292 2287 5341 XCIII,
2317 5276 2368 5330 I.

1876 5399 1986 5473 (94)
2026 5395 2480 5473 Καταριθμοζην.
2515 5393 2620 5473 Or._
2645 5393 2697 5458 I,
2730 5391 3191 5473 xaraptﬂpqlpnv.

1804 4554 1923 4619 bus,
1954 4551 2007 4604 in
2032 4550 2230 4619 quibus
2262 4564 2291 4601 a
2314 4546 2430 4600 zelo
2453 4545 2798 4611 vincebatur;
2830 4546 2933 4600 nisi
2986 4545 3126 4601 forte
3148 4559 3374 4617 paratus

160 5413 271 5483 (89)
336 5414 851 5485 ὈρὼμενοἈδίο
896 5415 1065 5483 Regg.
1120 5428 1172 5478 ο,
1210 5414 1323 5478 bm,
1358 5414 1463 5465 duo
1512 5407 1675 5463 Coisl.

1876 5407 1986 5485 (Ἡ)
2026 5407 2497 5485 ἐξατειριονμοιὲην.Δ
2509 5407 2620 5485 ρι’..

93 5495 142 5537 et
161 5461 270 5540 ὀτῖ
299 5487 360 5541 ι.
399 5461 460 5540 ἶῖι
497 5461 627 5549 ἕδη
658 5484 932 5555 ὁρώμενα.
977 5461 1041 5483 ⁸³⁸³
1157 5461 1172 5478 ’
1308 5461 1323 5478 ’

2025 5461 2329 5555 ξτεφᾶνόιί
2358 5466 2447 5530 δέ,
2474 5475 2578 5520 etc.
2606 5463 2662 5515 In
2695 5461 2986 5527 nonnullis,
3017 5461 3288 5532 Στέφανον
3310 5461 3374 5516 δι

182 5535 273 5623 se;
306 5535 1103 5622 "23%85.'0Ffifzélévz6;.
1804 5535 2011 5623 καῖλτὲν
2035 5535 2168 5623 ὲμρν
2190 5535 2421 5623 πατὲξθςκτ
2473 5620 2485 5623 4
3426 5544 3435 5559 ‘

181 5604 275 5695 9i)
760 5604 1422 5695 ὗιιιῖδοιῦξῑίδιαίτατον.
1444 5691 1484 5695 ω

1804 5688 1818 5695 _
1839 5686 1861 5695 _
1878 5613 1990 5684 (96)
2035 5604 2281 5678 Ᾰεῑμμα.
2308 5604 2441 5677 Reg.
2467 5620 2519 5670 a,
2548 5604 2780 5661 secunda
2802 5618 2985 5668 manu,
3011 5604 3103 5658 sed
3123 5604 3366 5673 antiqua,

330 5697 595 5765 Πέτρος
644 5695 741 5749 καὶ
794 5686 1194 5762 [Iudico-0r.
1244 5697 1295 5760 I,
1354 5691 1563 5755 Παῦλος
1616 5692 1708 5744 καὶ
1804 5686 2018 5779 λῆμμα.

145 5742 583 5836 iege-"nr"
644 5742 739 5836 πί
1108 5742 1194 5751 ”’
1248 5742 1295 5760 ’⁷
1858 5742 1990 5836 ’ζρῃ
2033 5742 2980 5836 inﬁciet-7913,95;agtmﬁpéft-

162 5813 418 5909 (ιοὲῖλο.
469 5836 580 5893 Or.
623 5836 671 5898 l,
701 5830 743 5904 ᾧ

1879 5813 1988 5895 (98)
2033 5821 2143 5887 Τῷ.
2174 5813 2324 5875 ῡέυει
2361 5819 2411 5873 in
2446 5813 2576 5886 Reg.
2618 5818 2728 5881 bm,
2763 5813 2819 5871 et
2847 5813 2938 5869 Or.
2976 5815 3026 5869 1,
