3892 6578
510 400 645 454 1015

1711 407 1769 461 S.
1813 405 2138 461 GREGORll
2179 403 2527 461 THEOLOGI

3636 403 3759 456 1016

508 516 687 587 pentis
720 517 761 547 ἰ
786 524 926 580 erat,
952 516 1191 572 animum
1225 517 1778 585 interrae-incendens,
1815 534 1869 578 et
1894 524 1961 577 ad
1995 523 2074 578 ul-

2189 524 2365 593 lisanq
2391 522 2513 591 δίχα
2538 518 2633 573 τοῦ
2682 516 2943 572 θανατοῦν
2975 516 3066 571 τὸν
3107 515 3507 589 πλησσόμενον
3529 514 3669 586 (99)·
3705 518 3761 572 τὸ

512 611 719 663 tionem
753 617 994 677 paratus,
1025 617 1186 677 atque
1211 624 1279 665 ex
1315 611 1488 678 primo
1532 622 1677 668 motu
1724 614 1795 669 ad
1850 615 1984 668 iram
2021 623 2077 669 et

514 701 807 754 vindictam
843 699 1226 771 progrediens;
1281 717 1466 758 verum
1505 704 1622 774 apis
1667 706 1857 762 aculeo
1883 707 2076 762 similis

508 793 598 860 qni
630 793 701 846 ita
732 782 938 859 pungit,
965 799 1024 847 ut
1056 802 1285 849 mortem
1312 808 1418 850 non
1443 794 1666 852 afferat:
1697 806 1752 850 at
1786 806 1930 851 tanta
1956 806 2076 852 erat

512 885 683 950 ipsius
723 885 1045 951 benignitas.
1071 894 1272 953 quanta
1303 900 1401 942 nec
1427 889 1494 942 ab
1517 888 1731 943 homine
1756 888 2074 959 postulanda

511 973 744 1027 videtur.
778 972 944 1028 Rotas
971 984 1025 1029 et
1062 973 1233 1045 ﬂagra
1265 989 1407 1046 saepe
1429 977 1758 1045 minabatur,
1784 994 1847 1033 ac
1877 988 2078 1049 praesto

510 1072 687 1126 erant,
731 1066 821 1134 qui
853 1066 966 1119 lucc
996 1067 1352 1133 exhiberem;
1412 1068 1712 1137 periculum
1765 1078 1962 1134 autem,
1995 1070 2079 1124 vel

513 1153 567 1207 in
599 1153 811 1207 aurium
838 1155 1318 1224 compressionem,
1374 1157 1462 1214 vel
1486 1159 1537 1213 in
1589 1174 1848 1229 genarum
1891 1168 2080 1214 contu-

513 1247 750 1308 meliam.
773 1248 850 1299 vel
870 1248 921 1301 iu
947 1249 1207 1318 impaclas
1224 1249 1417 1319 pugnis
1438 1249 1645 1319 alapas,
1663 1250 1959 1305 desinebat.
1987 1248 2079 1304 Sic

513 1335 670 1390 minae
699 1337 1063 1392 solvebantur.
1094 1338 1255 1410 35,7
1299 1337 1478 1396 Vestis
1518 1350 1573 1395 et
1601 1340 1960 1396 calceamenta
1985 1340 2078 1394 de-

515 1426 887 1491 trahebantur,
908 1438 1073 1498 atque
1096 1430 1245 1484 humi
1266 1438 1470 1485 stratus
1487 1430 1726 1500 jacebat,
1750 1432 1843 1500 qui
1869 1429 2079 1484 facinus

517 1515 733 1585 aliquod
768 1531 1142 1589 perpetrarat:
1180 1530 1366 1589 postea
1403 1522 1682 1577 iracundia
1716 1537 1823 1578 non
1854 1522 1908 1576 in
1932 1536 2076 1585 eum,

519 1609 612 1672 qui
641 1609 958 1675 injusntiam
994 1611 1216 1677 fecerat,
1260 1612 1357 1668 sed
1405 1612 1459 1668 in
1490 1628 1637 1679 eum,
1689 1614 1783 1685 qui
1831 1620 2078 1683 prompte

2178 613 2234 666 δὲ
2284 613 2663 690 φιλόινθριυπον
2712 610 2852 680 ὑπὲρ
2907 609 3207 680 ἄνθρωπον.
3259 607 3480 678 Τροχοὶ
3522 607 3762 671 πολλάκις

2173 704 2493 775 ήπειλοῦντο
2539 686 2635 755 καὶ
2692 702 2972 773 μάστιγες,
3030 702 3124 755 καὶ
3179 703 3228 755 οί
3283 699 3762 771 παραστησόμενος

2174 796 2433 866 πλησίονο
2468 794 2561 847 καὶ
2601 796 2629 847 ὁ
2671 793 2913 856 κίνδυνος
2945 787 3014 864 ἦν
3054 792 3205 846 ῶτων
3246 793 3335 862 (1)
3371 792 3583 860 θλίψις,
3610 793 3642 861 ἦ
3673 810 3765 845 πα-

2176 886 2336 958 ρειῶν
2382 884 2566 956 ὕϐρεις
2606 883 2706 954 (‘2),
2754 883 2787 954 ἢ
2837 883 2944 950 πὺξ
2996 882 3139 937 κατὰ
3186 885 3444 955 κόρῤηςο
3496 882 3638 936 οὕτω
3676 882 3764 954 τὴν

2171 977 2401 1047 ἀπειλὴν
2436 974 2671 1028 διελύετο
2700 975 2798 1045 (5).
2844 973 3037 1045 Ἐσθὴς
3072 977 3405 1047 περιῃρεῖτο
3441 973 3543 1026 καὶ
3574 974 3764 1043 ὑποδή-

2179 1085 2343 1139 ματα,
2373 1067 2466 1121 καὶ
2495 1066 2634 1120 κατὰ
2664 1067 2767 1136 γῆς
2806 1068 2835 1119 6
2867 1067 3202 1137 κακοῦργος·
3236 1063 3369 1119 εἶτα
3407 1067 3438 1118 6
3471 1064 3643 1135 θυμὸς
3675 1065 3764 1119 οὐκ

2176 1158 2268 1211 ἐπὶ
2295 1156 2386 1210 τὸν
2426 1156 2721 1227 ἠδικηκότα
2772 1154 2870 1226 (4),
2918 1157 3009 1208 τὸν
3046 1156 3102 1210 δὲ
3150 1155 3467 1229 προθύμως
3504 1155 3765 1226 ὑπουργή-

2184 1265 2370 1313 σαντα,
2396 1246 2471 1309 ῶς
2492 1246 2677 1300 κακῶν
2702 1246 3002 1317 ὑπηρέτην.
3027 1247 3150 1312 Πῶς
3169 1248 3234 1302 ἄν
3254 1265 3348 1310 τις
3376 1245 3587 1317 μᾶλλον
3608 1246 3763 1317 ἐφάνη

2181 1338 2414 1410 χρηστὸς
2437 1338 2533 1403 ὢν,
2576 1338 2608 1409 ἢ
2636 1336 2755 1408 Θεῷ
2787 1338 2933 1409 δῶρα
2963 1340 3297 1409 προσφέρειν
3332 1338 3533 1403 ἄξιοςς
3563 1338 3635 1390 06
3665 1338 3763 1409 γὰρ

2182 1430 2380 1497 ἔφθανε
2424 1428 2777 1499 κεκινημένος
2828 1428 3118 1493 πολλάκις,
3166 1431 3259 1483 καὶ
3301 1428 3765 1499 ὑπεραπελογεῖτο

2181 1520 2276 1573 τοῦ
2309 1519 2643 1588 κινήσαντος,
2689 1517 2957 1590 ἐρυθριῶν
2995 1518 3071 1583 ὠς
3118 1520 3371 1585 οἰκείοις,
3420 1507 3761 1584 τοῖςέκείνου

2184 1610 2541 1679 πταίσμασιν.

514 1710 678 1768 atque
710 1702 937 1772 impigre
997 1704 1353 1770 observierat,
1403 1714 1463 1758 ut
1492 1705 1753 1760 malorum
1811 1705 2146 1771 ministrum,
2187 1717 2245 1757 se
2283 1699 2656 1756 convertebat.
2680 1697 2925 1767 Quonam
2959 1711 3138 1758 autem
3165 1703 3332 1759 modo
3358 1703 3653 1775 quisquam
3676 1706 3759 1760 be-

519 1794 735 1865 nignior
767 1796 932 1850 videri
967 1799 1250 1867 potuisset,
1284 1809 1377 1853 aut
1402 1800 1636 1869 dignior,
1686 1802 1776 1870 qui
1837 1800 1974 1853 dona
2004 1797 2113 1851 Deo
2148 1794 2403 1848 oﬁ‘errct?
2460 1790 2612 1862 Saepe
2640 1794 2784 1848 enim
2828 1794 2917 1848 vix
2952 1794 3279 1849 commoveri
3328 1803 3605 1863 creperal,
3634 1811 3742 1849 cum

515 1902 664 1954 cum,
699 1902 729 1943 a
758 1903 868 1957 quo
892 1900 1191 1945 commotus
1259 1888 1456 1956 fuerat,
1516 1893 1698 1946 statim
1768 1891 2085 1954 excusabat,
2121 1889 2192 1943 ob
2232 1886 2374 1941 illius
2434 1894 2676 1953 peccata,
2737 1900 2845 1940 non
2909 1899 3065 1941 secus
3118 1893 3278 1955 atque
3306 1883 3385 1938 ob
3431 1898 3555 1948 sua,
3586 1882 3757 1937 erube-

522 1994 701 2035 δοεηε.

592 2069 783 2127 XXVI.
823 2068 934 2124 Rus
964 2069 1142 2137 potius
1180 2066 1349 2121 solem
1372 2067 1674 2122 matutinos
1702 2066 1883 2121 radios
1901 2064 2090 2120 diffun-

2258 2069 2403 2135 ΚΦ.
2444 2066 2645 2137 Δρὸσος
2701 2066 2993 2135 ὑφίσταται
3051 2062 3248 2136 μᾶλλον
3290 2062 3542 2135 ἡλιακὴν
3582 2062 3755 2117 ἀκτῖνα

520 2165 739 2218 dentem
770 2161 1141 2223 sustinuisset,
1167 2175 1327 2228 quam
1355 2168 1414 2211 ut
1438 2157 1569 2227 quid
1605 2157 1901 2212 iracundiae
1928 2158 1980 2212 in
2008 2158 2088 2229 ip-

522 2255 636 2308 sius
664 2254 846 2305 animo
876 2248 1347 2305 resideret.Simul
1381 2250 1525 2303 enim
1552 2259 1714 2318 atque
1746 2248 2083 2318 loquebatur,

521 2354 770 2414 protmus
803 2341 1102 2412 indignatio
1131 2355 1255 2395 cum
1300 2342 1484 2395 verbis
1537 2340 1881 2405 abscedebat,
1912 2342 2086 2396 solum

519 2434 806 2503 probitatis
842 2446 1079 2487 amorem
1108 2431 1331 2486 inﬁxum
1383 2431 1714 2500 relinquens,
1751 2445 1849 2485 nec
1881 2430 2087 2484 tardius

520 2543 758 2598 unquam
792 2526 907 2581 sole
939 2524 1419 2593 occumbens;nec
1461 2525 1619 2589 iram,
1649 2540 1768 2596 qua
1806 2526 2086 2594 prudenti-

520 2623 622 2674 bus
651 2622 812 2673 etiam
844 2618 979 2674 viris
1011 2620 1236 2673 exitium
1270 2618 1452 2683 affert,
1479 2617 1689 2683 fovens,
1719 2625 1813 2672 aut
1852 2616 2087 2684 aliquam

522 2712 641 2765 vitii
673 2712 757 2765 sui
792 2720 976 2766 notam
1031 2712 1241 2780 corpori
1280 2711 1615 2779 imprimens,
1654 2718 1841 2779 utpote
1872 2710 1982 2776 cui,
2032 2712 2086 2763 in

521 2805 640 2871 ipsa
664 2817 877 2871 quoque
900 2802 1064 2855 animi
1094 2801 1521 2871 perturbatione,
1567 2816 1665 2855 sua
1686 2812 1961 2858 constaret
1992 2818 2079 2857 se-

528 2895 752 2947 renitas.
783 2892 896 2948 Hoc
930 2893 1116 2962 igitur,
1176 2893 1318 2960 quod
1350 2894 1585 2950 maxime
1639 2894 1944 2950 mirandum
1982 2904 2087 2963 est,

528 2988 630 3055 ipsi
673 2986 1036 3055 contingebat,
1067 3000 1170 3041 non
1203 2986 1420 3056 quidem
1472 2996 1529 3041 ut
1577 2987 1725 3044 solus
1757 2989 2085 3061 objurgaret,

531 3078 627 3133 sed
664 3089 719 3131 ut
751 3078 893 3133 solus
922 3078 1185 3142 iisetiam,
1215 3079 1409 3147 quibus
1434 3082 1807 3152 succensebat,
1838 3094 1894 3139 et
1919 3088 2088 3141 amori

526 3182 583 3223 et
612 3170 953 3225 admirationi
988 3178 1151 3235 esset,
1188 3170 1519 3241 benignitate
1543 3174 1792 3230 videlicet
1825 3176 2089 3233 fervorem

533 3270 860 3331 superante:
890 3275 953 3316 ac
983 3259 1246 3331 profecto,
1274 3276 1309 3316 a
1343 3262 1461 3318 viro
1504 3262 1652 3333 justo
1693 3265 1891 3336 corripi
1918 3270 2091 3325 satius

532 3364 638 3417 est,
669 3368 829 3422 quam
865 3354 932 3407 ab
956 3353 1204 3421 improbo
1238 3353 1460 3424 inungi;
1490 3354 1636 3409 illius
1653 3355 1796 3410 enim
1825 3360 2091 3427 asperitas

528 3439 691 3492 etiam
733 3445 950 3507 promer
982 3439 1273 3494 utilitatem
1314 3441 1495 3496 suavis
1548 3455 1668 3510 eSt,
1698 3443 1857 3515 hujus
1901 3459 2090 3503 contra

526 3529 599 3582 ob
616 3543 827 3583 morum
843 3531 1251 3597 perversitatem
1273 3530 1574 3601 benignitas
1591 3549 1804 3604 quoque
1821 3548 2089 3608 suspecta.

525 3620 850 3689 Quanquam
884 3631 1067 3676 autem
1094 3624 1277 3677 animo
1328 3624 1403 3679 ita
1447 3635 1789 3694 comparatus
1821 3638 1989 3694 esset,
2027 3645 2093 3685 ac

528 3709 710 3763 divina
744 3710 977 3775 quadam
1011 3725 1221 3766 morum
1270 3714 1620 3783 simplicitate
1657 3717 1935 3786 praeditus,
1966 3734 2094 3775 con-

529 3800 831 3856 tumeliosis
864 3811 1043 3856 taruen
1068 3809 1123 3856 et
1150 3803 1518 3873 petulantibus
1547 3806 1856 3865 hominibus
1882 3811 1952 3864 ob
1980 3809 2094 3879 pie-

539 3900 704 3944 tatem
741 3892 937 3945 terrori
989 3902 1141 3959 erat;
1204 3894 1334 3958 imo,
1367 3904 1425 3948 ut
1466 3897 1670 3952 rectius
1707 3897 1915 3968 loquar,
1950 3900 2092 3953 nulla

538 3996 629 4035 res
664 3982 766 4035 alia
801 3982 931 4050 ipsis
965 3984 1104 4039 adeo
1139 3984 1320 4053 gravis
1377 3995 1518 4053 erat,
1577 4002 1738 4057 quam
1787 4002 2092 4062 contempta

530 4071 875 4142 simplicitas.
907 4071 1025 4127 Non
1054 4075 1198 4128 enim
1249 4073 1367 4128 ﬂeri
1412 4086 1644 4147 poterat,
1688 4094 1812 4134 cum
1844 4081 2091 4150 cuiquam

532 4171 711 4223 fausta
742 4166 824 4218 Vel
858 4166 1094 4220 infausta
1128 4177 1465 4237 precaretur,
1494 4171 1626 4239 quin
1666 4172 1716 4226 ei
1772 4172 1975 4237 statim,
2008 4171 2091 4226 vel

532 4262 849 4316 diuturnum
876 4261 1091 4330 aliquod
1130 4260 1355 4327 bonum,
1410 4263 1495 4316 vel
1536 4266 1751 4320 brevem
1797 4264 2097 4320 molestiam

533 4354 773 4409 afferret.
805 4354 945 4409 illud
972 4355 1114 4409 enim
1146 4354 1216 4409 ab
1241 4354 1430 4409 intimo
1461 4367 1678 4425 pectore
1710 4356 2095 4426 proficisceba-

534 4456 654 4510 tur;
687 4446 828 4500 istud
877 4455 1059 4500 autem
1119 4445 1174 4501 in
1206 4448 1467 4502 extremis
1503 4456 1707 4502 tantum
1751 4449 1908 4504 labiis
1934 4451 2096 4505 situm

532 4546 673 4601 erat,
707 4551 771 4590 ac
804 4548 1043 4605 paterna:
1071 4538 1350 4606 cujusdam
1400 4538 1796 4608 obiurgationis
1832 4541 2095 4596 rationem

536 4629 787 4683 habebat.
816 4628 997 4683 Multis
1014 4629 1395 4696 quidemcerte
1424 4644 1493 4685 ex
1524 4629 1615 4697 iis,
1644 4646 1674 4685 a
1713 4630 1908 4702 quibus
1925 4631 2097 4688 offen-

601 4763 649 4795 '“
675 4762 819 4818 Psal.
844 4779 977 4829 Lvn,
1024 4764 1078 4818 5.

609 4902 720 4970 (99)
778 4902 897 4953 Τὸν
946 4902 1320 4966 πλησσόμενι

539 4972 799 5041 πλῆσσον.
835 4970 929 5024 Or.
960 4970 1013 5041 ,
1046 4970 1320 5041 πλήσσωνΣ

611 5035 684 5111 (ἰ)
728 5035 1181 5111 "armum,
1210 5049 1262 5091 et
1289 5036 1383 5111 (λς’.
1419 5038 1471 5102 1,
1500 5035 1763 5111 νώτωνη(
1793 5037 1959 5111 dorsi:
1982 5057 2012 5111 At

612 5104 691 5188 ig)
746 5107 1013 5178 Παρειῶν
1060 5104 1277 5188 ὕϐρεις.
1320 5107 1463 5188 Beg._
1501 5124 1555 5173 a,
1594 5118 1657 5188 _et
1702 5104 1796 5161 Or.
1835 5107 1887 5171 1,
1934 5107 2109 5188 ὕϐρις.

552 5200 570 5233 ι
612 5176 887 5236 Genarnin
925 5179 1272 5243 contumelia,
1316 5197 1335 5231 ι
1384 5176 1489 5243 vel,
1536 5195 1555 5229 ι
1594 5178 1823 5244 impacta
1878 5176 2112 5233 maxillae

543 5255 716 5319 alapa.
757 5269 777 5303 ›
810 5248 970 5319 Juxta
1000 5247 1201 5319 Eliam,
1245 5266 1264 5299 ι
1297 5264 1393 5318 per
1421 5262 1679 5317 genarum
1709 5248 2114 5313 contumeliam,

547 5318 1009 5392 percussionesin
1045 5318 1291 5392 maxillas
1322 5319 1735 5392 intelliguntur;
1778 5330 1874 5392 per
1905 5333 2111 5387 pugno-

548 5387 668 5446 rum
721 5401 901 5444 autem
946 5390 1086 5443 ictus
1131 5389 1186 5442 in
1230 5388 1465 5449 malam,
1506 5397 1604 5441 aut
1651 5402 1737 5440 res
1769 5387 1989 5452 eadem,
2023 5396 2115 5441 aut

547 5460 945 5527 quodammodo
988 5461 1194 5528 dispar.
1244 5456 1381 5512 illud
1424 5457 1569 5512 enim
1625 5458 1881 5527 expansis
1928 5457 2111 5529 digitis

549 5528 627 5595 fit,
656 5530 759 5583 hoc
786 5539 968 5584 autem
1000 5530 1314 5583 contractis.
1345 5547 1363 5580 ι

623 5598 700 5664 (5)
734 5600 1029 5653 Διελύετο.
1064 5598 1228 5653 Cuisl.
1261 5600 1314 5661 1,
1347 5596 1649 5651 συνελύετο.

621 5666 697 5739 (4)
747 5668 1122 5739 ᾙδικηκότα.
1171 5686 1189 5718 t
1224 5669 1279 5723 In
1314 5684 1435 5723 eum
1478 5670 1566 5739 qui
1604 5666 1919 5739 iniustitiam
1963 5668 2107 5725 fece-

551 5737 714 5791 rat.)
766 5737 881 5808 Non
927 5740 1061 5792 bene
1095 5738 1319 5795 Billius:
1366 5756 1385 5791 ι
1423 5755 1451 5793 a
1495 5737 1605 5808 quo
1646 5738 1803 5793 laesus
1835 5739 2046 5805 fuerat;
2083 5759 2103 5791 ι

554 5824 703 5879 quast
751 5807 1044 5877 Gregorius
1084 5808 1198 5879 ipse
1243 5824 1371 5865 suas
1425 5807 1566 5866 ultus
1613 5809 1803 5866 fuisset
1850 5808 2098 5877 injurias.

2188 2159 2384 2213 ἑωθινὰ
2413 2158 2731 2230 βάλλουσαν,
2766 2160 2800 2231 ἦ
2824 2177 2876 2212 τι
2904 2158 3210 2230 παρέμενεν
3239 2156 3449 2225 ἐκείνῳ
3473 2155 3643 2225 θυμοῦ
3664 2154 3755 2206 λεί-

2185 2250 2381 2320 ψανονο
2408 2250 2522 2303 ἀλλ’
2546 2248 2681 2321 ὁμοῦ
2709 2266 2771 2302 τε
2802 2248 3115 2318 ἐφθέγγετο,
3146 2247 3240 2302 καὶ
3285 2249 3316 2301 6
3351 2245 3518 2317 χόλος
3560 2244 3633 2314 (5)
3658 2245 3755 2306 τοῖς

2190 2344 2397 2413 ῥήμασι
2430 2343 2825 2412 συναπήρχετο,
2875 2340 3033 2411 μόνον
3057 2340 3216 2409 ἀφεὶς
3238 2338 3302 2392 τὸ
3328 2337 3650 2408 φιλάγαθον,
3672 2335 3753 2388 καὶ

2187 2432 2383 2486 οῦποτε
2409 2432 2558 2504 ήλίου
2588 2434 2779 2501 φανεὶς
2803 2431 3135 2503 μακρότερος
3152 2448 3167 2462 ·
3198 2430 3322 2485 οὐδὲ
3348 2428 3453 2501 τὴν
3480 2426 3751 2481 ἀπολλύουο

2190 2542 2287 2577 σαν
2313 2524 2405 2577 καὶ
2444 2523 2740 2594 φρονίμους
2771 2523 2939 2595 ὀργὴν
2968 2523 3315 2594 γεωργήσας,
3359 2523 3397 2592 ἡ
3427 2539 3482 2575 τι.
3517 2521 3613 2591 τῆς
3639 2520 3747 2572 ἑαυ-

2187 2615 2281 2668 τοῦ
2312 2615 2512 2678 κακίας
2544 2616 2855 2686 ὲνσημήνας
2877 2613 2953 2684 τῷ
2978 2614 3206 2685 σώματι,
3236 2612 3298 2666 τὺ
3332 2612 3394 2666 δὲ
3416 2612 3642 2689 γαληνὸν
3660 2609 3752 2662 δια-

2191 2706 2379 2770 σώξων
2404 2707 2505 2758 κάν
2537 2705 2617 2776 τῷ
2650 2707 2929 2776 κινήματι.
2958 2703 3254 2776 Τοιγαροῦν
3282 2703 3598 2758 συνέϐαινεν
3623 2702 3745 2755 ὲκεί-

2190 2816 2265 2868 νῳ
2311 2798 2372 2851 τὸ
2404 2796 2857 2870 παραδοξότατον,
2887 2798 2946 2849 οὐ
2975 2797 3121 2868 μόνῳ
3167 2797 3264 2867 μὲν
3302 2797 3586 2866 ἐπιτιμᾷν,
3621 2793 3745 2865 μόνῳ

2188 2892 2245 2945 δὲ
2273 2891 2378 2945 ὑπὸ
2406 2892 2514 2945 τῶν
2546 2888 2960 2959 ἐγκαλουμένων
2989 2886 3307 2957 ἀγαπᾶσθαι
3341 2904 3401 2940 τε
3433 2886 3526 2940 καὶ
3554 2884 3740 2953 θαυμά-

2192 2984 2401 3048 ζεσθαι,
2449 2983 2707 3047 νικῶντος
2750 2980 2846 3034 τοῦ
2884 2979 3119 3051 χρηστοῦ
3160 2978 3233 3051 (6)
3286 2979 3393 3049 τὴν
3426 2976 3740 3049 θερμότητα·

2190 3077 2285 3131 καὶ
2325 3077 2493 3139 ὅντως
2529 3073 2852 3145 τιμιώτερον
2894 3069 3029 3125 εἶναι
3078 3071 3138 3124 τὸ
3170 3071 3249 3141 (7)
3287 3070 3373 3142 τῷ
3406 3069 3596 3138 δικαίῳ
3640 3082 3739 3116 παι-

2190 3167 2461 3229 δεύεσθαι,
2489 3165 2523 3237 ἢ
2557 3163 2635 3234 τῷ
2660 3163 2882 3236 πονηρῷ
2916 3162 3338 3233 καταλείψεσθαι
3359 3180 3375 3194 ’
3412 3161 3503 3222 τοῦ
3537 3161 3625 3231 μὲν
3650 3157 3741 3225 γὰρ

2193 3261 2287 3314 καὶ
2318 3261 2377 3314 τὸ
2399 3261 2573 3332 τραχὺ
2599 3258 2868 3331 προσηνὲς
2898 3257 2987 3310 διὰ
3010 3259 3106 3328 τὴν
3138 3257 3432 3326 ὠφέλειαν,
3474 3253 3563 3307 τοῦ
3587 3251 3637 3306 δὲ
3661 3250 3737 3302 καὶ

2192 3352 2252 3406 τὸ
2281 3352 2516 3424 χρηστὸν
2550 3350 2789 3403 ὕποπτον
2818 3347 2907 3402 διὰ
2941 3349 3001 3403 τὸ
3023 3348 3310 3419 κακόηθες.
3345 3347 3562 3416 Καίπερ
3588 3341 3638 3395 δὲ
3662 3340 3736 3392 οὗ·

2118 3415 2159 3471 C
2192 3415 2471 3513 τωξηὲγξων
2508 3441 2686 3512 ψυχῆς
2716 3438 2809 3493 καὶ
2842 3438 3004 3510 ἤθους
3044 3415 3302 3491 ἁπλοῖκοῦ
3353 3438 3447 3491 καὶ
3483 3428 3732 3492 θεοειδοῦς,

2197 3524 2361 3607 ὂμωςί
2394 3535 2472 3605 (8)
2515 3553 2569 3587 τι
2601 3537 2714 3598 τοῖς
2747 3534 3029 3604 ὑϐρισταῖς
3062 3532 3154 3585 καὶ
3182 3533 3417 3604 φοϐερὸς
3442 3527 3509 3601 ἦν
3549 3527 3627 3580 διὰ
3651 3525 3734 3595 τήν

2196 3628 2473 3682 εὐσέϐειαν
2496 3643 2510 3657 ⁶
2544 3626 2744 3697 μᾶλλον
2788 3625 2845 3679 δὲ
2868 3625 2984 3678 οὐδὲ
3018 3623 3147 3678 ἄλλο
3178 3642 3229 3677 τι
3257 3624 3320 3677 τὸ
3345 3624 3574 3692 πλῆττον
3598 3614 3673 3689 ἦν.
3702 3615 3730 3684 ἦ

2197 3718 2434 3789 ἁπλότης
2453 3714 2955 3788 καταφρονουμένη.
2994 3713 3069 3767 Οὐ
3105 3713 3214 3782 γὰρ
3236 3708 3303 3785 ἧν
3329 3711 3492 3767 αὐτὸν
3516 3709 3678 3779 εὐχῆς,
3701 3703 3729 3773 ἢ

2198 3808 2441 3881 κατάρας
2480 3807 2745 3880 προέσθαι
2774 3805 2946 3877 ῥῆμα,
2971 3805 3067 3859 καὶ
3107 3806 3181 3876 μή
3215 3822 3267 3857 τι
3291 3804 3478 3858 δοῦναι
3506 3794 3733 3869 παραυτί-

2198 3921 2291 3966 κα,
2324 3902 2357 3972 ἣ
2398 3900 2595 3970 ἀγαθὸν
2641 3897 2879 3970 διαρκὲς,
2924 3896 2958 3966 ἢ
3013 3894 3255 3967 λυπηρὸν
3295 3895 3642 3967 πρόσκαιρον’
3681 3881 3729 3933 τὸ

2203 3994 2300 4067 μὲν
2339 3993 2445 4064 γὰρ
2477 3989 2546 4062 ἦν
2589 3993 2654 4043 ἐκ
2686 3989 2881 4061 βάθους
2910 3988 3109 4059 ψυχῆς,
3142 3988 3207 4040 τὸ
3234 3986 3291 4039 δὲ
3329 3986 3422 4039 ἐπὶ
3448 3981 3631 4055 χεΰιεσι
3658 3974 3730 4067 b6-

2199 4065 2309 4151 νον,
2350 4084 2441 4137 καὶ
2480 4082 2718 4153 πατρική
2757 4098 2840 4144 τις
2879 4078 3188 4149 ὲπίπληξις.
3228 4077 3450 4140 Πολλοῖς
3471 4073 3531 4145 γέ
3552 4086 3622 4124 τοι
3640 4065 3725 4119 τῶν

2197 4178 2581 4247 λελυπηκότων
2610 4175 2728 4229 οὐδὲ
2758 4175 3109 4245 ὑπερήμερος
3141 4173 3451 4243 ἀπήντησεν
3495 4168 3525 4237 ἡ
3554 4159 3724 4217 ἀντίδο-

2203 4288 2307 4334 σις,
2338 4270 2459 4322 οὐδὲ
2490 4268 2820 4331 ὀπισθόπους
2848 4269 2881 4337 ή
2909 4267 3054 4336 δίκη,
3084 4264 3241 4319 τοῦτο
3268 4263 3333 4335 δὴ
3364 4263 3425 4317 τὸ
3453 4259 3522 4333 (9)
3554 4268 3725 4322 ποιητι-

2200 4362 2297 4415 κόν
2320 4378 2335 4391 ο
2366 4360 2501 4415 ἀλλὰ
2533 4360 2663 4431 παρ’
2693 4358 2833 4413 αὐτὰ
2853 4358 2952 4427 τῆς
2983 4362 3245 4427 κινήσεως
3275 4356 3593 4425 ἐπλήγησαν,
3620 4346 3722 4395 ἐπε-

2203 4450 2543 4523 στράφησαν,
2597 4446 2919 4520 προσῆλθον,
2970 4446 3392 4515 ὲγονυπέτησαν,
3444 4433 3719 4507 συγγνώμης

2201 4540 2410 4613 ἔτυχον,
2445 4539 2704 4612 ἀπῆλθον,
2738 4538 3030 4609 ἡττημένοι
3055 4538 3254 4604 καλῶς,
3287 4536 3532 4608 ἀμείνους
3549 4525 3720 4613 ἐγένοὴ

2200 4610 2430 4699 rogata!
2474 4610 2950 4705 σωφρονισθέντες,
2985 4630 3081 4683 κα)⁵
3121 4628 3561 4699 συγγνωσθέντες.
3598 4610 3716 4669 Ἐπεὶ

778 4898 897 4953 Τὸν
946 4898 1404 4966 πλησσόμενον.
1454 4894 1591 4965 Reg.
1641 4909 1694 4961 a,
1754 4906 1864 4950 tres
1924 4897 2090 4952 Colb-

2214 4915 2328 4956 non
2362 4917 2491 4957 sane
2535 4904 2670 4969 srbi,
2702 4904 2795 4959 sed
2827 4904 2947 4957 aliis
2994 4904 3198 4965 illatas,
3240 4910 3295 4957 et
3347 4901 3454 4955 Deo
3488 4890 3711 4969 maxime,

2210 4971 2362 5040 cujus
2388 4972 2582 5027 vindex
2613 4961 2668 5028 et
2700 4976 2841 5029 ttltor
2872 4984 2989 5029 erat
3027 4961 3333 5043 episcopus,
3356 4974 3439 5043 sic
3464 4961 3707 5043 plectebaf.

2280 5033 2358 5112 (5)
2409 5043 2469 5095 '0
2502 5045 2701 5112 χόλος.
2744 5045 2991 5110 Plerique
3038 5033 3229 5106 codd...
3275 5033 3327 5096 ό
3355 5033 3523 5109 λόγος.
3565 5033 3706 5112 IIN‘PF‘l

2209 5110 2945 5188 lectio_._»Pra§_l'ertCombef.,
2972 5117 3002 5168 6
3038 5113 3209 5183 θυμός
3228 5155 3243 5177 ,
3273 5116 3413 5181 quod
3442 5118 3497 5188 ει,
3516 5118 3608 5188 ⁸89,

2209 5183 2329 5255 lim.
2360 5185 2633 5251 Siquidem
2660 5185 2814 5255 χόλος
2855 5204 2874 5236 r
2906 5171 3037 5255 iram
3066 5171 3374 5238 diuturnam
3408 5199 3426 5232 ι
3458 5171 3705 5244 signifies”.

2209 5253 2384 5322 qualis
2412 5253 2670 5324 Gregorii
2685 5253 2775 5307 ira
2805 5270 2909 5324 non
2949 5254 3066 5307 fuit.

2278 5305 3000 5393 (syroawaazssisi;
3031 5305 3137 5379 duo
3182 5321 3371 5383 Coisl..
3417 5316 3502 5374 Or.
3532 5305 3704 5375 ωδε..

2209 5392 2314 5447 etc.
2338 5392 2485 5464 Male
2522 5395 2572 5447 itt
2600 5398 2708 5458 ed.,
2738 5392 2994 5464 Χριστοῦ.

2276 5463 2354 5534 (7)
2393 5462 2492 5518 Τό.
2522 5463 2575 5517 ltt
2608 5462 2848 5534 pluribus
2879 5465 3050 5516 deest.

2300 5534 2352 5603 8)
2388 5534 2597 5603 Ὅμως.
2640 5534 2770 5603 licg.
2800 5549 2851 5596 a,
2880 5534 3099 5603 ὁμοίως.

2300 5536 2352 5607 8)
2388 5536 2597 5603 Ὅμως.
2640 5536 2770 5602 licg.
2800 5549 2851 5596 a,
2880 5536 3099 5603 ὁμοίως.
3274 5602 3284 5612 υ

2276 5536 2353 5675 (9)
2396 5603 2579 5658 Τοῦτο
2616 5602 2705 5675 δὴ
2738 5603 2805 5656 τὸ
2849 5604 3182 5675 ποιητικόν.
3230 5582 3693 5675 διολιὶιιεκιιξςλζτξς

2203 5648 2326 5727 Αιῖἷ
2335 5648 2709 5741 ὃηῖίῖἱυόἲξέές
2726 5648 2945 5738 finite.
2957 5648 3144 5739 ’ἓιῖἆὲξ
3168 5648 3211 5724 ἰ
3231 5648 3530 5725 ἶιίῬῖἱίὲἐὶι
3558 5648 3695 5708 rex!»s

2206 5756 2344 5799 utar.
2378 5761 2397 5796 ο
