3892 6518
134 397 272 450 ΙθΠ

1065 405 1325 463 ORATIO
1364 406 1552 464 XVIII.
1590 441 1658 451 -—
1696 408 2047 467 FUNEBRIS
2083 406 2150 463 IN
2190 403 2493 462 PATREM.

3236 404 3369 461 10!!

130 521 218 572 και.
242 520 309 571 τὺ
348 519 668 591 σύγγνωμον
695 523 951 588 πολλάκις
986 526 1127 596 μέγα
1151 528 1289 600 πρὸς
1305 533 1598 605 σωτηρίαν,
1618 534 1702 586 αί-

1810 548 1903 587 sus
1930 530 2125 592 fuerat,
2154 543 2221 583 ne
2245 543 2366 583 sera
2394 524 2609 594 quidem
2634 537 2700 578 ac
2718 520 3060 593 pedissequa,
3082 528 3143 575 ut
3162 524 3371 587 poetico

129 612 201 661 δοῖ
224 613 525 681 κατεῖργον
569 612 659 664 τὸν
704 613 1052 685 ἀδικήσαντα,
1079 620 1173 671 καὶ
1212 621 1447 690 μετάγον
1477 624 1556 687 είς
1584 624 1702 691 φίλ-

126 719 247 771 τρον
278 704 350 754 ὲκ
388 702 555 771 φόϐου
580 704 678 774 τὴν
710 706 1115 780 ἀσφαλεστέραν
1143 711 1373 767 εὔνοιαν.
1421 715 1701 769 Ἐπαιδεύ-

128 793 298 861 θησαν
340 794 417 855 δὲ,
451 796 499 848 οἱ
543 796 639 866 μὲν
669 797 773 850 ὑπὸ
806 796 943 867 βοῶν
986 802 1372 874 ἀναῤῥιφέντες
1407 809 1474 877 τῇ
1502 805 1701 878 ζεύγλῃ

124 887 580 957 τετρυχωμένων,
637 890 733 941 καὶ
790 893 1216 963 ἀπαντησάντων
1268 895 1498 967 ἀθρόως,
1549 897 1702 951 οὔπω

124 977 281 1030 τοῦτο
310 980 580 1050 πρότερον
618 982 961 1035 πεπονθότων
986 1000 1000 1014 ·
1031 986 1081 1036 οἱ
1111 985 1166 1038 δὲ
1196 986 1379 1049 ἵπποις
1413 986 1699 1059 σφενδονηο

125 1065 333 1131 θέντες,
383 1068 480 1120 καὶ
524 1070 987 1141 συμπατηθέντες,
1022 1072 1131 1124 τῶν
1170 1075 1597 1129 εὐπειθεστάτων
1644 1095 1703 1131 τε

124 1160 215 1211 καὶ
250 1161 661 1231 ἡμερωτάτων·
705 1164 751 1214 οί
796 1162 852 1215 δὲ
899 1168 1151 1235 πυρετοῖς
1193 1167 1439 1236 ἁσχέτοις
1467 1169 1704 1240 καταλη-

126 1252 378 1319 φθέντες,
402 1253 497 1305 καὶ
526 1254 845 1323 φαντασίαις
874 1247 948 1307 ὧν
981 1256 1405 1327 τετολμήκασιν·
1442 1261 1492 1312 οἱ
1522 1259 1578 1313 δὲ
1608 1261 1703 1314 άλ-

123 1344 198 1397 λοι
229 1343 515 1413 (10)οᾶλλο
544 1362 597 1398 τι
626 1347 1153 1419 παιδαγωγηθέντες,
1189 1350 1284 1401 καὶ
1316 1348 1576 1421 μαθόντες
1605 1351 1702 1423 τὴν

123 1435 377 1507 ὑπακοὴν
413 1436 474 1500 ἐξ
498 1429 574 1490 ὧν
605 1436 825 1493 ἔπαθον.

1812 624 1980 679 verbo
2013 636 2161 685 utar,
2189 621 2269 675 vis
2320 620 2407 673 illa
2449 617 2717 671 scelerum
2762 613 2929 668 ultrix
2976 612 3249 679 occurrit;
3276 613 3370 666 sed

1809 717 1864 771 in
1896 717 2012 783 ipso
2043 714 2136 767 ira:
2164 709 2393 765 articqu
2420 706 2662 778 percussi
2702 714 2847 768 sunt,
2903 704 3269 773 resipuerunt,
3304 705 3370 758 ad

1807 825 1929 862 eum
1956 814 2324 867 accesserunt,
2386 803 2453 856 ad
2505 815 2676 869 genua
2738 796 3107 866 prociderunt,
3153 797 3369 850 veniam

1808 900 2191 969 impetrarunt,
2223 896 2445 967 pulchre
2478 893 2602 948 victi
2627 892 3011 953 discesserunt,
3043 899 3227 957 alque,
3259 898 3368 941 tum

1806 994 1879 1047 ob
1916 991 2358 1060 castigationem,
2413 998 2523 1041 tum
2574 986 2641 1038 ob
2675 983 2907 1047 veniam,
2947 979 3195 1035 meliores
3240 979 3368 1034 facti

1806 1096 1950 1140 sunt.
1978 1084 2146 1156 358
2169 1080 2610 1149 Quandoquidem
2633 1077 2795 1131 etiam
2823 1088 3060 1144 persaepe
3100 1072 3277 1141 magni
3302 1074 3369 1125 ad

1807 1176 2041 1231 salutem
2072 1173 2329 1229 momenti
2358 1182 2442 1226 est
2495 1183 2754 1224 noxarum
2789 1164 3135 1227 condonatio,
3167 1173 3225 1216 ut
3250 1176 3371 1232 qua:

1808 1282 1956 1330 eum,
1989 1268 2079 1336 qui
2109 1266 2363 1333 iniuriam
2397 1264 2601 1327 intulit,
2653 1260 2859 1329 pudore
2899 1264 3167 1319 coerceat,
3206 1266 3371 1322 atque

1809 1372 1841 1412 a
1872 1366 2016 1411 metu
2046 1356 2113 1409 ad
2171 1370 2436 1418 antorem,
2473 1354 2576 1407 ltoc
2631 1361 2711 1405 est
2740 1350 2995 1403 tutiorem
3050 1343 3373 1401 benevolen-

1808 1450 1957 1514 tiam,
1990 1449 2258 1503 traducat.
2288 1446 2545 1516 Castigati
2603 1458 2770 1514 porro
2812 1451 2961 1502 sunt,
3014 1439 3103 1493 alii
3148 1450 3369 1493 sursum

120 1531 313 1599 jactati
346 1547 382 1586 a
416 1532 589 1587 bobus
610 1533 745 1604 jugo
776 1535 980 1589 vexatis
1006 1543 1061 1589 et
1104 1535 1343 1603 aﬂlictis,
1377 1552 1441 1593 ac
1481 1551 1699 1610 repente
1737 1544 2156 1611 incursantibus,
2220 1561 2345 1601 cunt
2421 1557 2699 1613 nunquam
2735 1541 2887 1610 prius
2936 1541 3038 1593 boc
3068 1537 3196 1605 ipsis
3222 1536 3369 1591 accio

130 1622 337 1688 disset;
373 1622 466 1676 alii
532 1623 599 1677 ab
633 1623 808 1692 equis,
853 1625 1016 1679 etiam
1073 1627 1521 1685 mansuetissimis
1583 1641 1635 1686 et
1670 1634 2197 1703 obsequentissintis,
2224 1635 2441 1692 excussi
2469 1646 2522 1689 et
2547 1633 2796 1703 protriti;
2861 1631 2949 1685 alii
3013 1628 3369 1684 intolerandis

129 1714 375 1769 febribus
399 1716 661 1785 correpti,
692 1726 855 1784 atque
884 1715 1097 1785 objecta
1138 1715 1438 1772 facinorum
1469 1734 1692 1777 suorum
1732 1726 1913 1793 Specie
1941 1726 2277 1796 perturbati;
2338 1725 2431 1780 alii
2456 1724 2575 1779 aliis
2604 1724 2777 1779 modis
2820 1722 3038 1786 eruditi,
3074 1730 3235 1791 atque
3296 1733 3365 1774 ex

131 1808 233 1870 bis,
265 1820 396 1874 qua:
427 1806 671 1876 perpessi
704 1805 945 1872 fuerant,
986 1807 1351 1863 obedientiam
1387 1810 1585 1867 edocti.

185 1898 321 1951 KZ'.
359 1893 489 1968 Ἆρ’
524 1893 616 1950 οὖν
648 1898 708 1950 τὸ
739 1898 834 1967 μὲν
864 1898 1105 1962 ἐπιεικὲς
1135 1898 1389 1954 τοσοῦτον
1430 1902 1581 1974 αύτῷ
1611 1906 1702 1958 καὶ

1878 1903 2095 1959 XXVII.
2138 1903 2243 1959 Sed
2316 1903 2477 1957 fuerit
2528 1916 2661 1956 sane
2721 1908 2867 1954 tanta
2924 1912 3142 1967 tamque
3177 1895 3366 1949 illustri

124 1988 261 2041 οὕτω
296 1988 610 2059 γνώριμον·
642 1988 909 2053 ἐντελείας
948 1989 1060 2060 (II)
1087 1990 1143 2043 δὲ
1172 1992 1265 2045 καὶ
1292 1993 1389 2055 τῆς
1428 1994 1541 2063 (12)
1575 1998 1702 2067 περὶ

124 2082 178 2134 τὸ
200 2082 487 2152 πρακτέον
514 2083 715 2152 ἀρετῆς
747 2083 995 2153 παρῆκεν
1032 2083 1204 2155 ἑτέρῳ
1236 2084 1298 2137 τὸ
1333 2085 1492 2139 πλέον
1522 2086 1701 2158 ἕχειν;

126 2175 192 2225 υύ
226 2174 327 2243 μὲν
366 2169 491 2226 οὖν·
532 2172 647 2225 ἀλλ’
683 2169 751 2243 ἦν
779 2174 807 2226 ό
836 2175 997 2238 αὐτὸς
1023 2175 1228 2245 ἥμερος
1259 2176 1377 2246 μὲν,
1413 2179 1461 2230 εί
1501 2180 1593 2233 καί
1620 2197 1703 2245 τις

127 2266 298 2329 ἄλλος,
337 2265 563 2336 ἐνεργὸς
599 2266 656 2318 δὲ
697 2265 838 2318 κατὰ
874 2258 939 2318 τό
964 2267 1191 2336 ἥμερον.
1226 2268 1329 2321 Δύο
1360 2270 1468 2341 γὰρ
1500 2270 1703 2324 τούτων

126 2359 194 2421 ('9;
228 2359 300 2411 τὰ
334 2358 512 2410 πολλὰ
562 2358 883 2428 μαχομένων
916 2357 1165 2428 ἀλλήλοις
1199 2361 1293 2413 καὶ
1323 2360 1705 2415 ἀντικαθιστα-

130 2450 323 2519 μένων,
370 2448 675 2518 ἁπλότητος
721 2447 815 2501 καὶ
856 2448 1210 2519 τραχύτητος,
1254 2451 1347 2504 καὶ
1378 2451 1477 2523 τῆς
1512 2453 1610 2523 μὲν
1640 2453 1703 2506 τὸ

126 2543 328 2611 ἥμερον
366 2540 602 2611 ἐχούσης
639 2538 777 2610 μετὰ
801 2539 895 2593 τοῦ
925 2541 1229 2610 ἀπράκτου,
1259 2542 1358 2613 τῆς
1386 2542 1441 2595 δὲ
1469 2544 1530 2597 τὸ
1562 2562 1705 2615 πρα-

128 2634 306 2685 κτικὶν
328 2632 456 2703 δίχα
475 2631 571 2684 τοῦ
602 2630 1000 2703 φιλανθρώπου,
1034 2633 1226 2703 ἐκείνῳ
1248 2633 1472 2704 συνῆλθε
1502 2634 1707 2705 θαυμα-

131 2723 252 2786 σίως
274 2722 597 2793 ἀμφότερα·
625 2723 884 2793 πράττειν
909 2723 1029 2793 μὲν,
1049 2723 1126 2787 ὡς
1154 2724 1411 2795 αὐστηρῷ
1444 2726 1580 2795 μετὰ
1605 2727 1705 2797 τῆς

128 2818 470 2887 ἡμερότητος
490 2832 504 2844 ·
539 2815 790 2883 ὑφίεσθαι
814 2816 892 2879 δὲ,
926 2817 1002 2880 ὼς
1028 2817 1295 2888 ἀπράκτῳ
1326 2818 1464 2888 μετὰ
1493 2822 1592 2889 τῆς
1619 2821 1706 2873 ὲν-

129 2910 358 2972 τελείας,
385 2911 445 2962 ὲν
470 2909 847 2979 προστασίαις,
882 2910 939 2962 ὲν
966 2910 1319 2981 παρῤησίαις,
1348 2911 1405 2963 ὲν
1433 2911 1559 2964 εῖδει
1577 2928 1707 2964 παν-

128 3004 176 3054 τὶ
201 3003 609 3073 κυϐερνήσεως.
640 3002 713 3055 Τὸ
741 3002 847 3073 γὰρ
881 3002 972 3055 τοῦ
1001 3004 1176 3072 ὄφεως
1206 3003 1466 3075 φρόνιμον
1493 3006 1620 3077 περὶ
1645 3005 1706 3059 τὸ

132 3093 293 3145 κακὸν
340 3091 422 3161 τῷ
468 3092 568 3160 τῆς
613 3093 942 3163 περιστερᾶς
983 3093 1227 3163 ἀκεραίῳ
1282 3094 1410 3165 περὶ
1444 3093 1505 3146 τὸ
1543 3094 1707 3147 καλὸν

133 3186 421 3256 ἀναμίξας,
474 3183 597 3237 οὔτε
628 3184 689 3237 τὸ
726 3186 987 3255 φρόνιμον
1018 3186 1166 3239 εἴασε
1212 3185 1522 3258 κακοῦργον
1553 3188 1707 3254 γενέ-

134 3276 267 3341 σθαι,
309 3276 439 3330 οὔτε
472 3276 534 3328 τὸ
558 3275 759 3329 ἁπλοῦν
785 3277 1009 3347 ἀνόητον
1032 3295 1045 3308 ·
1078 3279 1192 3332 ἀλλ’
1227 3280 1284 3332 ἓν
1310 3281 1508 3351 ἀρετῆς
1540 3277 1697 3347 εἶδος,

130 3368 199 3431 ὡς
221 3369 465 3439 μάλιστα
507 3368 654 3438 ἐνῆν,
680 3367 739 3432 ἐξ
770 3369 1092 3439 ἀμφοτέρων
1118 3372 1560 3443 ἁπηκριὸὡσατο.
1596 3371 1700 3424 Τὸν

131 3460 187 3529 δὴ
219 3457 467 3512 τοιοῦτον
518 3458 616 3528 μὲν
657 3458 937 3526 γεγονότα,
985 3458 1127 3511 οὕτω
1166 3459 1222 3512 δὲ
1267 3460 1366 3528 τῆς
1402 3459 1699 3530 ἱερωσύνης

132 3550 464 3622 προστάντα,
500 3548 753 3619 τοιαύτης
781 3549 837 3602 δὲ
870 3548 1022 3620 παρὰ
1050 3552 1183 3603 πᾶσι
1227 3550 1383 3621 δόξης
1407 3550 1701 3621 τετυχηκό-

131 3659 212 3704 τα,
240 3643 294 3695 τί
315 3641 631 3711 θαυμαστὸν
660 3640 752 3695 καὶ
772 3643 1013 3713 σημείων
1041 3640 1357 3712 ἀξιωθῆναι,
1390 3639 1472 3706 οἷς
1493 3642 1701 3713 βεϐαιοῖ

131 3735 255 3798 Θεὸς
277 3734 383 3804 τὴν
416 3732 696 3787 εὐσέϐειαν
715 3750 730 3797 ;

1810 2012 2026 2050 morum
2085 1996 2378 2062 facilitate;
2438 1993 2704 2048 industria
2745 2006 2893 2057 vero,
2941 2005 3113 2057 eaque
3148 1989 3367 2049 virtute.

1802 2105 1925 2160 quae
1950 2089 2003 2143 in
2032 2089 2193 2142 rebus
2219 2087 2473 2157 gerendis
2508 2095 2779 2147 versatur,
2833 2099 2960 2137 num
2999 2083 3250 2151 cuiquam
3276 2080 3368 2134 alii

1801 2181 2073 2237 cedebat?
2137 2179 2379 2235 Minime.
2436 2177 2640 2232 Verum
2703 2177 2843 2229 idem
2894 2174 3007 2241 ipse
3044 2183 3099 2226 et
3142 2172 3277 2226 lenis
3304 2185 3369 2225 ac

1802 2271 2069 2341 placidus,
2099 2278 2158 2323 ut
2184 2269 2231 2323 si
2254 2268 2377 2338 quis
2407 2266 2567 2331 alius,
2596 2275 2736 2329 erat,
2771 2274 2824 2319 et
2850 2263 2914 2316 ad
2950 2263 3210 2333 agendum
3239 2275 3367 2330 per-

1801 2378 1957 2432 aeque
1997 2374 2154 2431 aptus
2193 2370 2249 2416 et
2312 2360 2611 2431 appositus.
2660 2356 2917 2425 Quamvis
2965 2356 3108 2409 enim
3140 2354 3219 2407 lue
3248 2354 3369 2407 dua:

1804 2470 1890 2509 res
1919 2453 2035 2509 fere
2065 2455 2209 2508 inter
2236 2467 2294 2508 se
2320 2460 2555 2523 pugnent
2582 2459 2635 2504 et
2660 2456 3027 2518 Opponanlur,
3049 2444 3370 2515 simplicitas

1802 2545 2061 2600 nitnirum
2118 2556 2174 2600 et
2228 2543 2518 2612 asperitas,
2573 2541 2853 2609 alteraque
2899 2536 3368 2591 mansuetudinem

1802 2652 1923 2692 cum
1954 2634 2147 2691 inertia
2174 2634 2522 2704 conjunctam
2550 2631 2765 2693 habeat,
2784 2630 2951 2683 altera
2970 2631 3131 2682 rebus
3152 2627 3371 2697 quidem

1808 2728 2061 2798 gerendis
2088 2736 2210 2794 apta
2240 2727 2333 2793 sit,
2363 2738 2548 2778 verum
2575 2720 2911 2775 humanitate
2940 2727 3145 2782 careat,
3190 2719 3244 2771 in
3278 2717 3371 2771 illo

1803 2828 1991 2873 tamen
2055 2816 2287 2872 mirifice
2339 2816 2456 2871 bare
2506 2816 2612 2868 duo
2664 2813 2718 2867 in
2778 2827 2942 2866 unum
2982 2817 3369 2871 convenerunt,

1803 2925 1999 2979 nempe
2022 2918 2078 2963 ut
2104 2918 2158 2964 et
2186 2918 2449 2977 tanquam
2481 2921 2641 2976 asper
2664 2919 2727 2959 ac
2754 2904 3049 2958 vehemens
3077 2903 3239 2956 rebus
3274 2916 3372 2970 ge-

1806 3002 1989 3057 rendis
2021 3016 2144 3056 cum
2174 2997 2599 3053 mansuetudine
2640 2996 3002 3058 incumberet,
3032 3004 3084 3046 et
3115 3003 3370 3061 tanquam

1806 3105 1837 3143 a
1866 3091 2029 3144 rebus
2063 3088 2314 3159 gerendis
2362 3087 2573 3141 alienus
2637 3100 2758 3139 sese
2782 3100 2903 3138 cum
2938 3082 3204 3136 industria
3240 3083 3373 3136 sub-

1807 3182 2068 3245 mitteret,
2102 3181 2155 3234 in
2202 3178 2473 3250 praesidiis
2524 3176 2785 3241 ferendis,
2820 3178 2871 3229 in
2919 3175 3263 3230 sermonibus
3302 3174 3368 3228 alt

1732 3259 1776 3317 (ἶ
1806 3274 1954 3328 omni
1992 3283 2137 3326 metu
2160 3271 2372 3334 liberis,
2412 3270 2466 3323 in
2522 3268 2668 3322 omni
2701 3266 2932 3336 denique
2960 3264 3370 3335 gubernationis

1806 3379 2026 3436 genere.
2061 3362 2195 3417 Nam
2222 3378 2344 3417 cum
2368 3361 2640 3429 serpentis
2664 3360 2731 3414 ad
2783 3359 2984 3412 malum
3024 3358 3367 3428 prudentiam

1802 3470 1929 3510 cum
1955 3454 2219 3510 columba:
2250 3454 2315 3507 ad
2347 3452 2550 3507 bonum
2590 3449 2936 3519 simplicitate
2978 3448 3369 3518 conjunxisset,

1803 3547 1878 3602 ita
1910 3562 1969 3602 se
2000 3546 2352 3614 comparavit,
2386 3553 2445 3599 ttt
2485 3559 2585 3598 nec
2622 3543 2957 3609 prudentiam
3006 3541 3061 3596 in
3095 3549 3371 3593 versatam

1805 3640 2239 3710 improbitatem,
2302 3654 2403 3693 nec
2465 3636 2866 3706 simplicitatem
2920 3635 2974 3689 in
3023 3634 3369 3688 stoliditatem

1803 3733 2129 3798 degenerare
2154 3730 2386 3795 sineret;
2411 3744 2597 3783 verum
2628 3741 2696 3781 ex
2738 3727 3017 3792 ambabus,
3044 3727 3220 3796 quoad
3242 3726 3363 3793 ejus

133 3827 243 3882 fieri
283 3837 527 3897 poterat,
582 3841 748 3880 uuam
814 3825 1032 3882 virtutis
1089 3826 1327 3895 speciem
1376 3826 1635 3891 eﬂiceret,
1700 3827 1941 3881 numeris
1969 3825 2220 3880 omnibus
2268 3824 2562 3893 perfectam
2609 3834 2663 3877 et
2698 3823 3029 3879 absolutam.
3100 3820 3251 3875 Hunc
3272 3822 3374 3891 igi-

134 3934 235 3988 tur,
266 3938 395 3979 cum
422 3923 582 3975 talem
617 3937 677 3976 se
706 3922 1044 3991 praebuisset,
1092 3934 1256 3994 atque
1282 3922 1355 3977 ita
1421 3922 1725 3977 sacerdotio
1765 3920 2096 3991 prmfuisset,

2177 3927 2495 3987 tantamque
2547 3918 2687 3987 apud
2730 3932 2919 3971 omnes
2970 3917 3195 3986 gloriam
3230 3914 3373 3970 obti—

133 4019 366 4081 nnisset,
390 4018 520 4086 quid
557 4016 751 4070 mirum
776 4015 945 4083 signis
973 4014 1160 4080 etiam,
1202 4016 1402 4084 quibus
1425 4015 1568 4071 Deus
1594 4014 1846 4084 pietatem
1869 4014 2176 4076 confirmat,
2209 4012 2429 4082 dignum
2477 4010 2720 4064 habitum
2758 4008 2972 4063 fuisse?

195 4112 336 4165 ΚΗ.
361 4110 457 4163 Ἐν
491 4109 548 4161 δὲ
574 4107 682 4160 τῶν
708 4107 835 4178 περὶ
854 4107 1056 4159 ἐκεῖνον
1089 4104 1400 4177 θαυμάτων·
1423 4107 1699 4177 Ἐκαμνεν

132 4203 433 4276 ἀρρωστία,
470 4200 568 4255 καὶ
610 4199 861 4269 πονηρῶς
907 4194 1018 4270 εἶχε
1054 4197 1151 4250 τοῦ
1200 4197 1471 4269 σώματος.
1508 4199 1617 4253 Καὶ
1648 4199 1703 4253 τί

133 4295 465 4367 θαυμαστὸν,
494 4295 543 4346 εί
571 4292 939 4347 κακοπαθοῦσι
970 4292 1062 4344 καὶ
1083 4290 1246 4359 ἆγιοι,
1277 4292 1386 4344 εἴτε
1402 4293 1480 4355 είς
1495 4291 1699 4365 κάθαρ-

1890 4102 2127 4161 XXVIII.
2171 4102 2375 4157 IIorum
2409 4116 2572 4170 porro
2624 4101 3031 4165 miraculorum,
3076 4114 3196 4169 qua:
3223 4100 3275 4153 in
3305 4112 3373 4153 eo

1806 4200 1949 4254 edita
1981 4202 2130 4259 sunt,
2160 4196 2260 4249 hoc
2280 4210 2449 4248 unum
2473 4204 2588 4248 est:
2611 4192 2796 4247 Morbo
2834 4192 3132 4253 laborabat.
3152 4206 3215 4245 ac
3230 4204 3374 4259 aegro

1808 4299 2038 4356 corpore
2103 4294 2241 4338 erat.
2292 4283 2431 4348 Quid
2488 4292 2667 4335 autem
2729 4281 3066 4346 mirandum,
3099 4279 3146 4334 si
3198 4278 3371 4335 sancti

134 4406 213 4442 σιν
249 4386 478 4455 καὶτῆς
509 4386 709 4457 μικρᾶς
760 4384 924 4447 ἰλύος,
974 4385 1083 4437 εἴτε
1132 4386 1211 4447 είς
1244 4383 1473 4454 βάσανον
1506 4383 1702 4455 ἀρετῆς

1810 4391 2015 4447 quoque
2064 4374 2167 4428 viri
2224 4375 2385 4427 malis
2443 4384 2777 4442 premantur,
2823 4371 2938 4427 sive
2962 4371 3027 4423 ad
3057 4370 3166 4423 limi
3198 4386 3375 4438 quan-

134 4479 224 4533 καὶ
246 4481 447 4549 πεῖραν
473 4476 808 4545 φιλοσοφίας,
845 4476 955 4528 εἴτε
987 4476 1066 4538 είς
1097 4474 1377 4527 παίδευσιν
1404 4472 1512 4526 τῶν
1542 4472 1702 4528 ἀσθε-

1810 4468 2001 4522 tmnvis
2027 4466 2205 4535 exigui
2238 4466 2635 4535 purgationem,
2688 4464 2802 4519 sive
2831 4464 2900 4517 ad
2935 4462 3150 4516 virtutis
3187 4460 3374 4528 explo-

130 4569 403 4638 νεστέρων
428 4567 486 4618 ὲν
507 4565 738 4628 ἐκείνοις
761 4563 1136 4635 μανθανόντων
1159 4563 1220 4617 τὸ
1243 4565 1547 4634 καρτερεῖν,
1572 4561 1702 4616 ἀλλά

1810 4558 2071 4615 rationem
2107 4566 2161 4611 et
2188 4556 2541 4625 pbilos0phize
2566 4552 3108 4617 documentum,sive
3140 4552 3374 4621 denique

134 4662 204 4734 μὴ
230 4661 496 4715 ἐκκακεῖν
522 4660 634 4723 τοῖς
658 4657 912 4721 πάθεσιν;
948 4658 1223 4728 Ἐκαμνεν
1257 4653 1369 4721 οὖν,
1395 4656 1491 4709 καὶ
1523 4658 1551 4709 ό
1586 4673 1702 4709 και-

1810 4651 1870 4704 ad
1896 4648 2306 4704 imbecilliorum
2329 4646 2689 4701 eruditionem
2716 4683 2731 4709 ,
2778 4646 2869 4716 qui
2927 4646 2981 4699 in
3022 4643 3126 4697 illis
3160 4642 3376 4697 fortiter

134 4718 222 4827 ρος
259 4751 329 4824 ἦν
365 4752 431 4805 τὸ
465 4718 629 4819 ἅγιον
647 4750 838 4820 Πάσχα
861 4718 954 4803 καὶ
981 4718 1300 4818 περίὸόητον
1330 4718 1464 4817 (l5),
1490 4748 1522 4818 ἡ
1552 4746 1702 4817 βασί-

1810 4744 2037 4796 adversa
2107 4740 2373 4811 perferre,
2433 4746 2489 4793 et
2544 4738 2877 4793 calamitosis
2936 4737 3097 4791 rebus
3150 4737 3375 4789 minime

131 4845 288 4899 λισσα
320 4842 432 4895 τῶν
461 4840 683 4912 ἡμερῶν
710 4840 913 4911 ἡμέρα,
942 4840 1091 4910 καὶὴ
1122 4839 1349 4909 λαμπρὰ
1375 4837 1471 4902 νὺξ
1503 4835 1703 4891 λύουσα

131 4938 187 4989 τὸ
220 4936 420 4996 σκότος
454 4932 554 5001 τῆς
588 4930 879 5002 ἁμαρτίας,
905 4929 1025 4983 καθ’
1052 4930 1117 4999 ἣν
1147 4931 1307 4998 ἡμεῖς
1336 4927 1440 4981 ὑπὸ
1469 4927 1703 4998 πλουσίῳ

133 5028 268 5095 φωτὶ
309 5027 414 5096 τὴν
438 5024 710 5094 σωτηρίαν
740 5021 896 5092 ἡμῶν
931 5019 1111 5075 αὐτῶν
1139 5020 1484 5091 ἑορτάζομεν,
1506 5018 1598 5072 καὶ
1626 5018 1702 5089 τῷ

133 5118 273 5188 φωτὶ
309 5118 379 5171 δι’
409 5118 559 5185 ἡμᾶς
598 5113 922 5185 νεκρωθέντι
958 5111 1436 5181 συννεκρωθέντες,
1488 5111 1580 5164 καὶ
1617 5110 1705 5164 ἀν-

135 5210 412 5280 ισταμένῳ
444 5205 895 5277 συνανιστάμεθα.
935 5202 1197 5256 Ἐνταῦθα
1232 5204 1329 5272 μὲν
1366 5203 1430 5275 δὴ
1457 5203 1550 5257 τοῦ
1583 5220 1703 5257 και-

134 5301 225 5372 ροῦ
258 5302 321 5354 τὸ
352 5298 558 5363 πάθος·
588 5299 649 5351 τὸ
690 5298 747 5351 δὲ
777 5294 865 5369 ἦν,
894 5294 968 5359 ὡς
997 5297 1054 5348 ὲν
1081 5294 1270 5366 βραχεῖ
1312 5294 1670 5366 διηγήσασθαι
1689 5312 1703 5324 ·

133 5394 380 5467 Πυρετὺς
412 5392 515 5463 μὲν
543 5390 771 5463 σφοδρὸς
800 5390 893 5443 καὶ
919 5388 1147 5459 διακαὴς
1178 5390 1286 5440 πάν
1310 5386 1369 5441 τὸ
1392 5387 1552 5456 βάθος
1579 5404 1704 5440 συν-

137 5486 386 5557 έφλεγεν,
408 5486 446 5555 ὴ
466 5483 523 5537 δὲ
550 5481 778 5552 δύναμις
801 5478 1161 5545 ἐπελελοίπει,
1180 5477 1289 5531 τῶν
1312 5478 1495 5531 σιτίων
1510 5478 1566 5531 δὲ
1594 5479 1707 5550 (14)

206 5706 325 5775 (Ill)
370 5706 604 5759 Ἄλλοι.
636 5701 889 5775 Βεεζεκρ,
921 5699 1034 5764 btn,
1130 5698 1309 5775 Coll»,
1332 5699 1425 5755 0r.
1447 5700 1497 5763 l,
1525 5698 1699 5775 ἄλλος.

209 5769 324 5847 lli)
386 5769 1020 5847 ἘντελεὶαςδΝοηηθν
1068 5769 1410 5841 ὲντρεχείας,
1470 5781 1527 5824 ut
1582 5772 1699 5825 Bill.

139 5845 357 5905 videtur
391 5845 621 5913 legisse?

1807 4831 1980 4901 frangi
2030 4846 2096 4885 ac
2150 4828 2415 4885 debilitari
2457 4828 2817 4883 condiscunt?
2880 4826 3067 4881 Morbo
3102 4828 3263 4895 igitur
3296 4825 3375 4879 la-

1807 4924 2139 4991 borabat,ac
2174 4921 2345 4976 morbi
2374 4933 2585 4990 tempus
2611 4930 2729 4975 erat
2770 4932 3016 4975 sanctum
3070 4930 3125 4975 et
3162 4919 3375 4973 celebre

1811 5016 1976 5088 349
2004 5016 2232 5081 Pascha,
2261 5017 2376 5070 dies
2416 5014 2627 5069 dierum
2679 5028 2797 5078 rex,
2853 5026 2916 5066 ac
2966 5011 3243 5080 splendida
3279 5009 3370 5065 illa

1807 5125 1936 5174 nox,
1961 5108 2166 5178 peccati
2202 5109 2453 5163 tenebras
2485 5107 2721 5173 solvens,
2748 5105 2799 5160 in
2828 5122 2930 5175 qua
2957 5121 3055 5160 nos
3081 5119 3203 5158 cum
3252 5118 3372 5157 ma-

1813 5216 1915 5272 gna
1951 5199 2174 5255 luminis
2199 5200 2353 5270 capia
2412 5200 2603 5255 salutis
2649 5206 2847 5253 nostra:
2907 5196 3098 5251 festum
3128 5194 3374 5249 celebra-

1814 5309 1958 5355 mus.
1983 5302 2144 5362 atque
2169 5308 2292 5347 cum
2324 5305 2538 5347 mortua
2572 5307 2668 5361 pro
2693 5289 2985 5344 ttobislttce
3018 5298 3190 5342 morte
3212 5284 3376 5341 simul

1811 5384 2008 5447 affecti,
2061 5390 2115 5437 et
2165 5399 2287 5439 cum
2344 5385 2531 5437 eadem
2582 5384 2814 5437 excitata
2851 5380 3014 5435 simul
3050 5379 3372 5433 excitamur.

1816 5476 1931 5532 Hoc
1965 5485 2210 5545 tempore
2242 5478 2467 5531 morbus
2504 5476 2746 5547 urgebat.
2778 5473 2827 5528 Is
2872 5484 3076 5527 autem.
3113 5480 3176 5526 ut
3212 5472 3375 5526 breve

1880 5698 1993 5767 (ιὲ)
2026 5696 2165 5765 Τῆς.
2208 5696 2366 5751 Deest
2396 5698 2448 5751 in
2483 5698 2613 5766 RPg.
2648 5698 2756 5750 lim.

1880 5764 1988 5837 (l3)
2030 5764 2402 5837 Περιϐόητον.
2445 5764 2648 5833 Regia,
2681 5766 3021 5837 περιϐόητος.

1882 5834 1990 5910 (Η)
2029 5840 2237 5893 Σιτίων
2257 5836 2340 5890 δέ.
2367 5838 2528 5893 Coisl.
2567 5838 2589 5890 1
2619 5834 2787 5902 addit,
2823 5836 2987 5902 ἅπαν,
3026 5855 3045 5888 ι
3074 5834 3312 5893 omnino.
3345 5850 3367 5887 ι
