3852 6408
483 307 624 362 1019

1685 313 1740 368 S.
1787 312 2110 370 GREGORH
2150 314 2489 372 TllEOLOGl
2544 381 2546 385 ι

3572 315 3681 370 1091

487 426 707 490 faciam,
766 425 886 480 talis
928 433 1046 480 erat
1075 423 1418 508 εΥθ1ιοιιιεηε
1477 427 1722 495 qnzedam
1764 438 1817 482 et
1851 433 2046 485 ardens

2170 432 2558 493 ὶποκέκλειστο,
2597 428 2762 493 ὕπνος
2789 429 2845 482 δὲ
2876 430 3203 499 ἀπελήλατο,
3237 428 3442 499 ἀπορίᾳ
3477 427 3531 481 δὲ
3571 432 3687 500 εἶχε·

485 519 654 573 febris
685 519 902 574 intimas
933 533 1126 572 omnes
1169 520 1414 587 corporis
1447 530 1630 588 partes
1656 522 1940 587 exurebat,
1971 524 2048 576 vi-

487 623 575 663 re‘s
605 607 939 672 defecerant,
975 624 1004 661 a
1037 609 1176 663 cibis
1197 610 1449 664 exclusus
1501 619 1641 674 erat,
1669 626 1894 666 somnus
1921 613 2048 667 abs-

485 709 742 762 cesserat,
779 715 887 768 quo
917 715 976 754 se
1001 709 1237 754 verteret
1272 689 1568 768 nesciebat,
1621 713 1784 772 atque
1811 704 1884 759 ob
1932 719 2052 758 cor-

486 792 570 846 dis
605 791 988 860 palpitationcs
1018 792 1202 845 animo
1248 793 1478 848 subinde
1531 794 1899 864 linquebatur.
1931 794 2050 850 Jam

483 883 667 936 omnia
698 883 810 938 oris
839 883 1117 948 interiora,
1149 891 1204 937 et
1235 883 1473 952 palatum
1498 885 1694 954 ipsum,
1721 896 1776 940 et
1796 887 2052 956 quidquid

488 977 740 1045 superius
769 977 985 1045 pendet,
1018 985 1098 1030 tot
1152 986 1370 1046 tamque
1424 978 1637 1032 acerbis
1689 987 1745 1032 et
1783 980 2054 1034 continuis

487 1065 762 1118 ulceribus
790 1066 1090 1129 scatebunt,
1126 1076 1183 1119 ut
1216 1080 1284 1119 ne
1333 1081 1488 1134 aqua:
1517 1066 1736 1135 quidem
1785 1066 1963 1122 facilis
2001 1077 2056 1122 et

486 1155 729 1224 periculo
755 1171 950 1225 expers
977 1166 1186 1211 meatus
1219 1170 1381 1212 esset.
1415 1157 1525 1211 Nec
1558 1173 1688 1212 vero
1739 1169 1832 1213 aut
1878 1159 2050 1214 medi-

492 1261 678 1300 corum
711 1258 880 1317 artes,
910 1257 1002 1300 aut
1037 1249 1467 1318 prapinqunrum
1492 1249 1577 1302 vel
1618 1253 2054 1306 necessariorum

490 1338 787 1406 quamlibet
816 1339 1043 1393 assiduae
1076 1353 1287 1408 preces.
1327 1350 1421 1392 aut
1445 1340 1614 1393 ullum
1646 1340 1944 1396 curationis
1961 1357 2057 1410 ge-

494 1446 598 1486 nus
626 1432 816 1486 morbo
846 1431 1162 1501 depellenda
1208 1448 1304 1500 par
1346 1447 1466 1488 esse
1497 1441 1727 1499 poterat.
1767 1434 1940 1502 Atque
1969 1434 2058 1488 hic

492 1537 560 1576 eo
581 1531 722 1576 statu
749 1533 888 1587 erat,
915 1525 1164 1593 exiguum
1201 1523 1456 1592 quiddam
1499 1532 1552 1578 et
1585 1523 1925 1592 desperatum
1949 1525 2060 1594 spi-

492 1628 640 1678 rans,
667 1628 731 1668 ac
759 1631 826 1667 ne
851 1624 1144 1683 praesentes
1173 1614 1387 1682 quidem
1413 1628 1733 1684 agnoscens,
1774 1630 1957 1668 verum
1981 1623 2062 1668 to-

495 1716 580 1758 tus
612 1705 663 1758 in
686 1705 988 1760 discessum
1011 1707 1272 1770 intentus,
1304 1705 1543 1774 atquein
1574 1721 1659 1772 ea,
1691 1721 1808 1775 quae
1835 1706 2060 1777 jampri-

2151 543 2229 588 το,
2260 525 2353 578 καὶ
2378 523 2610 594 παλμοῖς
2634 521 3014 578 συνεκόπτετο.
3045 522 3125 575 Τὰ
3157 521 3212 573 δὲ
3236 519 3368 573 εῖσω
3396 519 3486 572 τοῦ
3520 521 3690 591 στόμα-

2149 634 2242 681 τος
2299 617 2533 682 ἅπαντα,
2581 615 2616 686 ἢ
2672 632 2732 668 τε
2779 613 3021 685 ὑπερῷα,
3077 614 3170 666 καὶ
3214 614 3337 666 ὅσον
3383 612 3694 684 ὑπεραιὼρηο

2152 727 2241 762 ται
2269 710 2402 779 (15),
2425 707 2697 770 τοσούτοις
2737 706 2950 760 ἕλκεσιν
2987 704 3294 776 ἐξηνθήκει,
3337 704 3430 756 καὶ
3455 702 3589 755 οὓτω
3616 721 3694 756 πι-

2153 803 2304 873 κροῖς
2323 818 2384 854 τε
2408 801 2501 854 καὶ
2532 797 2828 867 συνεχέσιν,
2860 797 3000 850 ὥστε
3031 796 3165 868 μηδὲ
3199 795 3352 849 ὕδατι
3381 795 3557 866 ῥᾴδιον
3578 790 3695 848 εἶναι

2152 893 2241 945 τὸν
2271 895 2455 964 πόρον,
2496 891 2629 963 μηδὲ
2668 889 2966 944 ἀκίνδυνον.
3001 889 3242 960 Ἤρκουν
3281 887 3339 939 δὲ
3369 885 3492 940 οὔτε
3525 887 3696 957 ἰατρῶν

2153 984 2358 1054 τέχναι,
2381 983 2503 1037 οὔτε
2526 982 2738 1036 οἰκείων
2759 982 2914 1052 εὑχαὶ
2938 981 3031 1034 καὶ
3049 979 3168 1033 λίαν
3186 977 3696 1051 προσλιπαρούντων,

2155 1075 2278 1128 οὕτε
2331 1074 2592 1145 θεραπεία
2650 1075 2800 1127 πᾶσα
2852 1071 3257 1143 προσαγομένη.
3301 1071 3361 1124 '0
3408 1070 3508 1140 μὲν
3542 1065 3627 1122 οὖν
3653 1073 3702 1123 ὲν

2155 1167 2365 1230 τούτοις
2391 1163 2478 1238 ἦν,
2506 1163 2680 1218 πνέων
2704 1163 2874 1237 μικρὰ
2898 1163 2990 1216 καὶ
3015 1163 3434 1232 ἀπεγνωσμένα,
3465 1162 3559 1215 καὶ
3589 1162 3704 1232 μηδὲ

2157 1259 2264 1311 τῶν
2291 1257 2572 1329 παρόντων
2613 1254 3088 1325 ἐπαισθανόμενος,
3131 1252 3244 1306 ἀλλ’
3273 1253 3392 1316 ὅλος
3436 1252 3536 1321 τῆς
3568 1253 3704 1322 ἐκδη-

2162 1350 2290 1417 μίας
2332 1347 2426 1411 ὣν,
2466 1347 2556 1399 καὶ
2593 1346 2701 1398 τῶν
2727 1345 2890 1398 πάλαι
2929 1343 3272 1414 ποθουμένων
3303 1342 3456 1412 αὑτῷ
3492 1343 3584 1396 καὶ
3617 1343 3703 1412 ηὑ-

2159 1427 2690 1511 τρεπισμένωνᾘϐ).
2741 1437 2917 1507 Ἦμᾶς
2953 1436 3010 1489 δὲ
3052 1432 3166 1505 εἶχε
3209 1434 3270 1486 τὸ
3311 1434 3479 1502 ἱερὸν,
3520 1431 3704 1503 μύστας

2157 1528 2291 1599 ὁμοῦ
2327 1528 2434 1597 (17)
2466 1527 2559 1580 καὶ
2591 1529 2772 1589 ἱκέτας
2815 1525 3022 1596 (ἐπειδὴ
3048 1525 3157 1578 τῶν
3184 1523 3358 1578 ἄλλων
3388 1522 3701 1591 ἀπεγνώκει-

2164 1637 2263 1690 μεν
2305 1617 2600 1683 ἁπάντων),
2633 1615 2769 1687 πρὸς
2798 1614 2887 1668 τὸν
2917 1615 3086 1686 μέγαν
3130 1614 3314 1684 ἰατρὸν
3354 1613 3452 1666 καὶ
3496 1611 3590 1684 τὴν
3615 1613 3699 1682 τῆς

2162 1711 2354 1774 νυκτὸς
2383 1709 2596 1780 ἐκείνης
2627 1708 2854 1779 δύναμιν
2881 1706 3342 1776 καταφεύγοντας,
3385 1706 3482 1759 καὶ
3513 1706 3603 1778 τὴν
3626 1724 3701 1759 τετ

495 1796 616 1849 dem
639 1797 947 1865 expetebat,
988 1811 1214 1866 quaeque
1252 1796 1352 1865 ipsi
1391 1805 1685 1864 praeparata
1735 1806 1909 1850 erant.
1950 1795 2058 1849 Nos

2170 1801 2409 1855 leumiav
2465 1797 2816 1868 ἐπικουρίαν·
2864 1796 2916 1849 τί
2962 1796 3056 1850 καὶ
3111 1796 3233 1866 φῶ;
3272 1795 3705 1867 έορτάσοντας,ἦ

492 1901 621 1940 vero
656 1888 708 1940 in
749 1886 945 1955 templo
971 1902 1218 1948 eramus,
1262 1893 1452 1955 mysta:
1487 1885 1648 1938 simul
1679 1896 1735 1938 et
1787 1883 2055 1953 supplices

493 1978 814 2048 (desperatis
835 1979 1084 2033 videlicet
1112 1976 1366 2031 omnibus
1396 1975 1518 2031 aliis
1540 1976 1814 2042 remediis,
1841 1976 1907 2029 ad
1941 1990 2055 2027 ma-

492 2086 654 2140 gnum
687 2071 976 2134 medicum,
1003 2079 1057 2123 ct
1079 2070 1252 2122 noctis
1275 2068 1423 2122 illius
1449 2069 1765 2136 potentiam,
1800 2075 2055 2135 tanquam

491 2163 558 2215 ad
612 2172 910 2217 extremam
964 2175 1120 2230 opem
1177 2170 1231 2214 et
1287 2160 1571 2225 auxilium,
1603 2157 2050 2229 confugientes);

497 2253 628 2320 quid
660 2253 875 2307 dicam?
912 2251 1204 2307 Festumne
1235 2260 1292 2306 ut
1331 2266 1636 2321 ageremus,
1667 2265 1736 2304 an
1761 2259 1820 2303 ut
1845 2251 2056 2320 lugere-

497 2345 656 2400 tnus?
686 2345 1021 2399 Laetitiamne
1052 2353 1109 2400 ut
1138 2361 1205 2399 ex
1228 2344 1337 2400 diei
1375 2344 1687 2398 celebritate
1718 2357 2055 2411 caperemus.

494 2453 561 2489 an
594 2446 651 2489 ut
685 2451 832 2499 eum,
861 2439 950 2504 qui
983 2450 1090 2490 non
1115 2435 1227 2502 jam
1270 2435 1361 2488 hic
1405 2446 1573 2500 esset,
1621 2433 1936 2487 funebribus
1964 2433 2059 2486 bo-

494 2531 720 2583 noribus
773 2527 1151 2583 alﬁcercmus?
1189 2527 1233 2580 0
1269 2527 1535 2598 lacrymas
1585 2525 1724 2591 illas,
1775 2541 1913 2594 quas
1947 2533 2056 2578 tum

499 2623 751 2674 universa
788 2621 939 2690 plebs
985 2620 1151 2674 fudit!
1195 2617 1240 2674 Ο
1302 2635 1463 2674 voces
1513 2629 1568 2672 et
1625 2619 1914 2682 clamores,
1965 2617 2056 2686 qui

495 2689 826 2780 psalmorum
871 2711 1120 2765 cantibus
1150 2711 1620 2765 admiscebanturl
1659 2710 1702 2764 Α
1736 2711 1936 2778 templo
1969 2723 2060 2763 sa-

499 2803 791 2866 cerdotem,
815 2817 846 2854 a
878 2801 1136 2870 mysterio
1197 2792 1498 2854 sacrorum'
1522 2799 1847 2864 antistitem,
1876 2815 1907 2852 a
1951 2798 2061 2854 Deo

497 2894 712 2963 dignum
745 2893 958 2950 astitem
995 2892 1372 2960 requirebant:
1399 2891 1561 2962 idque
1590 2890 1916 2960 praecinente
1941 2904 2060 2944 mea

494 2985 682 3048 Maria,
711 2993 1152 3054 tympanumque,
1191 3000 1296 3038 non
1318 2983 1665 3052 triumphale,
1701 2983 1794 3038 sed
1839 2983 2061 3053 supplex

499 3077 750 3146 pulsante
799 3075 868 3140 ",
899 3092 962 3129 ac
1019 3084 1131 3130 tum
1193 3077 1422 3144 primurn
1454 3076 1714 3142 pudorem
1738 3088 1847 3143 pra:
1877 3073 2062 3128 dolore

2162 1892 2562 1964 θρηνήσονταςς
2622 1887 3109 1958 πανηγυρίσοντας,
3169 1887 3201 1959 ἢ
3256 1889 3583 1958 τιμήσοντας
3631 1887 3708 1940 τὸν

2161 1984 2340 2038 οὑκέτι
2363 1980 2595 2036 ἐνταῦθα
2630 1980 2700 2033 τὰ
2735 1979 3025 2048 ὲπιτάφια;
3072 1980 3136 2032 Ὠ
3162 1979 3270 2032 τῶν
3305 1978 3559 2050 δακρύων
3589 1980 3710 2031 ὲκεί-

2161 2093 2288 2139 νων,
2328 2073 2364 2128 ἆ
2410 2072 2561 2144 παρὰ
2597 2071 2794 2135 παντὸς
2835 2069 2999 2140 ὲχέθη
3030 2069 3122 2123 τοῦ
3159 2069 3291 2123 λαοῦ
3323 2069 3645 2139 τηνικαῦταῑ
3671 2068 3710 2120 ὣ

2162 2165 2373 2236 φωνῶν,
2410 2165 2499 2217 καὶ
2538 2163 2695 2234 βοῶν,
2735 2163 2830 2216 καὶ
2868 2161 3052 2232 ὓμνων
3093 2162 3202 2232 (18)
3237 2164 3358 2225 ταῖς
3390 2161 3711 2232 ψαλμῳδίαις

2164 2255 2637 2328 συγκιρναμένωνε
2684 2253 2937 2325 Ἐζήτουν
2969 2253 3120 2324 παρά
3149 2252 3242 2306 τοῦ
3266 2253 3413 2325 ίεροῦ
3444 2252 3534 2305 τὸν
3563 2254 3710 2324 ἱερέα,

2163 2351 2313 2421 παρὰ
2361 2349 2454 2403 τοῦ
2501 2348 2796 2419 μυστηρίου
2839 2346 2929 2400 τὸν
2983 2347 3364 2418 μυσταγωγὸν,
3423 2347 3575 2416 παρὰ
3631 2347 3710 2398 τοῦ

2163 2440 2300 2494 Θεοῦ
2331 2440 2420 2492 τὸν
2441 2438 2584 2503 ἀξιον
2616 2437 2995 2508 παραστάτην·
3023 2437 3114 2489 καὶ
3142 2436 3317 2489 ταῦτα
3334 2432 3404 2506 ἦν
3428 2475 3444 2498 ,
3480 2435 3713 2507 ἐξαρκού-

2166 2547 2266 2603 σης
2319 2529 2419 2600 τῆς
2461 2531 2605 2600 ὲμῆς
2638 2529 2855 2598 Μαρίας
2883 2526 3016 2598 (19),
3067 2526 3162 2580 καὶ
3203 2527 3641 2596 ἁνακρουομένης
3666 2527 3714 2577 τὸ

2163 2623 2461 2694 τύμπανον,
2486 2621 2547 2672 οὑ
2570 2619 2630 2672 τὸ
2658 2620 2937 2684 ἐπινίκιον,
2973 2617 3109 2672 ἀλλὰ
3136 2618 3196 2671 τὸ
3225 2619 3451 2678 ἱκέσιον,
3479 2619 3583 2678 ,καὶ
3614 2618 3713 2671 τότε

2164 2713 2379 2785 πρῶτον
2407 2713 2780 2781 ἀναισχυντεῖν
2816 2709 3089 2781 μαθούσης
3117 2708 3222 2762 ὑπὸ
3248 2709 3344 2761 τοῦ
3382 2708 3606 2772 πάθους,
3641 2709 3714 2760 καὶ

2165 2802 2518 2872 καταϐοὼσης
2563 2803 2654 2855 τοῦ
2702 2800 2830 2854 λαοῦ
2870 2817 2928 2854 τε
2967 2801 3169 2870 ὁμοίως
3211 2801 3308 2854 καὶ
3333 2800 3430 2853 τοῦ
3457 2799 3714 2853 Θεοῦ-τοῦ

2170 2896 2288 2968 μὲν,
2321 2894 2601 2962 συναλγεῖν
2624 2893 2901 2964 πασχούσῃ
2924 2892 3058 2961 (20),
3086 2893 3178 2945 καὶ
3199 2892 3714 2963 προσφιλοτιμεῖσθαι

2166 2988 2279 3048 τοῖς
2299 2984 2560 3054 δάκρυσι·
2593 2983 2685 3036 τοῦ
2715 2981 2791 3046 δὲ,
2823 2982 3126 3035 εἰσακούειν
3147 2983 3257 3036 τῶν
3282 2982 3574 3053 δεομένων,
3601 2983 3716 3036 πάικ

2165 3093 2274 3130 των
2308 3074 2472 3128 αὑτὸν
2505 3074 2611 3128 τῶν
2652 3075 2758 3145 πρὸ
2796 3073 2984 3127 τούτου
3019 3073 3314 3143 θαυμάτων
3338 3074 3454 3143 (21)
3480 3076 3590 3144 (καὶ
3623 3076 3716 3144 γὰρ

496 3168 823 3235 deponente,
855 3165 1220 3235 potiulumque
1247 3164 1405 3218 simul
1435 3180 1498 3218 ac
1522 3162 1692 3219 Deum
1728 3165 1940 3233 magnis
1957 3165 2062 3218 cla-

2170 3164 2444 3236 εὑρετικὸν
2471 3163 2531 3217 τὸ
2555 3164 2805 3233 πάσχειν)
2837 3165 3344 3234 ὑπομιμνήσκουσα.

501 3259 744 3313 moribus
765 3261 1118 3330 implorante;
1153 3258 1302 3313 illum
1341 3273 1554 3328 nempe,
1588 3271 1648 3314 ut
1693 3259 1893 3314 dolenti
1919 3260 2250 3325 condoleret,
2312 3260 2669 3330 certatimque
2729 3275 2850 3314 cum
2915 3274 2978 3314 ea
3036 3259 3303 3329 lacrymas
3343 3258 3714 3328 profundent;

499 3358 640 3411 hunc
675 3366 875 3423 autem,
914 3367 973 3412 ut
997 3365 1215 3410 orantes
1244 3357 1550 3423 exaudiret,
1611 3371 1676 3411 ac
1733 3358 2118 3413 miraculorum
2155 3357 2422 3422 omnium,
2459 3372 2578 3427 qua:
2640 3355 2788 3424 prius
2839 3355 3082 3411 ediderat
3125 3358 3401 3427 (magnam
3476 3357 3615 3410 enim
3661 3359 3717 3410 ad

497 3452 874 3506 inveniendum
896 3453 1004 3505 vim
1029 3452 1178 3506 dolor
1209 3449 1431 3521 habet),
1459 3452 1838 3507 submonente.

569 3541 758 3597 XXIX.
797 3543 934 3612 Quid
968 3543 1129 3612 igitur
1153 3547 1326 3600 noctis
1349 3547 1516 3614 illius,
1557 3557 1612 3602 et
1637 3549 1873 3618 jacentis
1898 3549 2063 3620 350

505 3633 682 3687 Deus?
708 3633 833 3686 Mihi
865 3634 932 3688 ad
959 3651 1169 3700 eorum,
1196 3652 1316 3706 qua:
1347 3649 1669 3708 sequantur,
1693 3641 2062 3709 narrationem

497 3724 892 3794 progredienti,
946 3728 1331 3783 cohorrescere
1369 3732 1549 3795 subit;
1581 3747 1645 3786 ac
1669 3749 1764 3786 vos
1786 3734 1948 3786 etiam
1976 3748 2067 3786 co-

506 3817 838 3872 burrescatis
871 3817 1054 3883 velint,
1104 3835 1212 3873 non
1269 3832 1447 3876 autem
1515 3824 1674 3877 [idem
1716 3824 1946 3877 orationi
1975 3824 2067 3876 de-

504 3910 762 3963 trahatis:
798 3925 973 3978 neque
1001 3912 1145 3966 enim
1179 3911 1262 3967 fas
1284 3923 1388 3980 est,
1413 3931 1534 3968 cum
1566 3925 1619 3970 et
1643 3931 1760 3980 nos,
1787 3925 1841 3970 et
1869 3917 1933 3970 de
1953 3916 2063 3981 illo,

508 4001 672 4057 verba
706 3997 989 4058 faciamus.
1029 4003 1269 4074 Mysterii
1321 4015 1532 4076 tempus
1586 4009 1788 4073 aderat,
1828 4019 1881 4062 et
1909 4024 2068 4061 vene-

504 4096 674 4148 rauda
703 4095 884 4160 statio,
913 4104 1074 4163 atque
1107 4096 1264 4159 ordo,
1299 4097 1366 4150 ad
1396 4114 1458 4150 ea
1482 4112 1604 4166 quae
1630 4098 2063 4162 celebrabantur,

502 4185 741 4253 quietem
771 4194 825 4238 et
881 4185 1157 4238 silentium
1211 4197 1420 4254 tenens,
1469 4204 1589 4242 cum
1629 4189 1718 4242 ille
1744 4190 1810 4242 ab
1839 4204 1924 4254 eo,
1953 4189 2064 4257 qui

508 4285 750 4330 mortuos
780 4275 844 4328 ad
872 4275 1038 4329 vitam
1071 4289 1307 4341 revocat,
1342 4289 1396 4331 ct
1439 4294 1468 4332 a
1518 4292 1674 4333 nocte
1721 4289 2066 4334 sacrosancta

503 4369 792 4422 excitatur.
818 4366 1000 4420 Primo
1027 4369 1298 4436 paululum
1320 4387 1378 4425 se
1409 4379 1604 4433 movet,
1626 4372 1820 4426 deinde
1841 4371 2065 4425 firmius:

506 4475 626 4513 mox
690 4460 882 4528 exigua
934 4460 1219 4514 admodum
1279 4472 1332 4516 et
1380 4463 1611 4518 obscura
1639 4479 1770 4519 voce
1810 4464 2070 4516 famulum

502 4552 787 4622 quemdam
815 4567 880 4604 ex
916 4549 1001 4614 iis,
1031 4552 1120 4620 qui
1149 4552 1194 4606 ei
1232 4555 1578 4618 assistebant,
1619 4555 1937 4610 nominatim
1977 4569 2071 4608 ac-

504 4645 672 4699 citum
706 4653 903 4712 praesto
933 4659 1074 4708 esse,
1107 4660 1170 4699 ac
1195 4657 1396 4701 vestem
1421 4647 1719 4717 porrigere,
1745 4660 2073 4716 manumque

572 4759 616 4790 "
647 4757 817 4810 Exod.
855 4772 942 4821 xv,
967 4756 1058 4810 ‘20.

574 4873 685 4944 (15)
722 4873 1185 4944 Ὑπεραιώρηζαι.
1223 4870 1353 4944 Reg.
1386 4888 1438 4935 a,
1466 4871 1717 4944 Coislal,
1747 4869 2066 4944 (irrepet!)qu
2099 4877 2140 4932 ι)

503 4940 614 4998 ται.
653 4946 745 4999 Or.
778 4940 1246 5014 1.ἷὺπερηρωηται
1294 4942 1414 5012 (ι)Γο
1445 4940 1891 5014 ὑπερῃώρηται),
1924 4940 2064 5014 quod

505 5009 1053 5083 Cumbetisioplacet'.‘
1078 5009 1329 5073 Mentacf,
1360 5009 1702 5083 ὑπηρώηται·
1731 5009 1762 5064 ἰ
1805 5009 2063 5079 quidquid

509 5086 609 5139 sub
643 5085 729 5138 illo
755 5081 971 5151 (palatii)
1000 5083 1214 5150 pendet,
1236 5102 1265 5152 Δι
1295 5098 1403 5149 quo
1438 5081 1773 5152 putissimum
1792 5099 1810 5132 t
1832 5083 2066 5152 linguam

506 5161 682 5223 palato
705 5149 1011 5216 subiectam,
1031 5169 1049 5202 ι
1080 5149 1368 5223 ἐίςςιιίίὶςειι.

579 5224 692 5292 (16)
718 5219 1239 5294 ΗὺτγοιςετιολαέίνιυνΣ
1265 5221 1360 5274 Or.
1386 5221 1438 5286 1,
1473 5221 1930 5294 εὐτρεπισμένων.

579 5289 688 5360 (17)
711 5295 978 5356 Μύστας,
1004 5304 1108 5345 etc.
1154 5309 1171 5341 ι
1208 5290 1495 5344 Sacrorum
1528 5289 1794 5346 antiStites
1832 5289 1990 5345 simul
2018 5296 2072 5360 et

509 5359 796 5433 supplices.
839 5383 857 5414 ›
910 5364 1025 5430 Ipse
1053 5361 1429 5433 intelligendus
1464 5373 1546 5416 est
1589 5359 1918 5431 Tlteolngus,
1977 5359 2069 5426 qui

512 5431 679 5502 patris
705 5435 849 5486 vit-es
871 5434 1078 5499 agebat.
1122 5431 1264 5485 Elias
1295 5448 1307 5482 :
1339 5450 1357 5482 ι
1394 5433 1586 5485 festum
1629 5441 1883 5502 agentes.
1907 5451 1924 5483 ο

508 5574 553 5629 0
583 5503 693 5627 (1‘8)
742 5504 851 5556 Καὶ
878 5503 1097 5571 ὕμνων.
1137 5503 1259 5556 Haec
1294 5503 1489 5557 desunt
1517 5504 1568 5555 in
1600 5503 1768 5572 ltcgg.
1793 5518 1846 5565 a,
1877 5501 1988 5567 bm,
2019 5507 2073 5554 et

558 5589 601 5626 r.
665 5609 682 5626 .

558 5589 601 5626 r.
632 5575 682 5627 1.

585 5641 696 5710 (19)
721 5643 965 5710 Μαρίας.
1001 5642 1156 5699 Juxta
1186 5642 1376 5706 Eliam,
1409 5643 1651 5697 Nomium
1677 5651 1897 5698 matrem
1929 5639 2078 5696 intel-

513 5714 628 5786 ligit
663 5713 970 5784 Gregorius.

2235 3544 2362 3598 ΚΘ’.
2394 3543 2459 3595 Τί
2485 3535 2578 3594 οὖν
2608 3539 2840 3594 ἐνταῦθα
2866 3539 2978 3611 (22)
3006 3542 3035 3593 ὁ
3062 3539 3160 3610 τῆς
3188 3540 3382 3602 νυκτὸς
3413 3541 3619 3610 ἐκείνης
3639 3548 3719 3597 καὶ

2165 3635 2257 3690 τοῦ
2280 3633 2528 3703 κειμένου
2555 3631 2719 3695 Θεός;
2752 3630 2997 3702 Φρίττειν
3031 3630 3322 3701 ἐπέρχεταί
3357 3648 3449 3701 μοι
3470 3635 3577 3694 τοῖς
3607 3632 3722 3699 ἑξῆς

2167 3728 2441 3802 προσιόντι
2504 3723 2597 3777 τού
2647 3723 2982 3793 διηγήματος
3025 3721 3143 3792 ’(25)
3192 3723 3490 3794 (φρίττοιτε
3539 3723 3592 3776 δὲ
3640 3724 3722 3775 καὶ

2167 3824 2344 3893 ὑμεῖς,
2385 3822 2432 3872 οί
2462 3816 2767 3879 ἀκούοντες,
2800 3815 2873 3887 μὴ
2902 3816 3216 3885 ἀπιστοίητε
3239 3817 3296 3868 δέ
3317 3834 3329 3846 ·
3357 3819 3418 3869 οὑ
3447 3817 3553 3888 γὰρ
3572 3818 3720 3872 ὅσιον.

2171 3915 2324 3986 ἡμῶν
2359 3911 2472 3980 (24)
2521 3909 2615 3964 καὶ
2647 3909 2774 3980 περὶ
2812 3907 3019 3960 ἐκείνου
3052 3908 3469 3979 διηγουμένων).
3502 3909 3723 3979 Παῄνό

2171 4006 2262 4059 τοῦ
2297 4003 2592 4076 μυστηρίου
2628 4001 2838 4071 καιρὸς,
2877 4001 2971 4053 καὶ
3005 4001 3039 4071 η
3075 4000 3368 4071 σεϐάσμιος
3405 4001 3607 4063 στάσις,
3642 4001 3724 4052 καὶ

2171 4095 2341 4159 τάξις,
2388 4095 2498 4154 τοῖς
2541 4090 2882 4160 τελουμένοις
2924 4090 3376 4159 ὲφησυχάζουσα·
3423 4092 3452 4143 ὁ
3500 4091 3555 4143 δὲ
3586 4089 3725 4158 παρὰ

2174 4187 2263 4241 τοῦ
2293 4183 2678 4252 ζωοποιοῦντος
2702 4187 2828 4246 τοὺς
2848 4185 3072 4254 νεκροὺς
3105 4184 3201 4236 καὶ
3234 4185 3333 4255 τῆς
3363 4185 3516 4256 ἱερᾶς
3551 4183 3726 4246 νυκτὸς

2172 4277 2522 4331 διανίσταται.
2551 4274 2760 4345 Μικρὸν
2784 4275 3117 4326 ὑποκινείται
3157 4273 3398 4345 πρῶτον,
3429 4270 3550 4326 εἶτα
3585 4276 3725 4344 στερο

2176 4369 2392 4440 ρότερον
2412 4383 2424 4397 ο
2451 4362 2569 4419 εἶτα
2600 4364 2833 4426 καλέσας
2854 4363 2963 4416 τῶν
2985 4364 3410 4435 παραμενόντων
3437 4366 3563 4418 τινὰ
3587 4366 3726 4435 θερα-

2175 4456 2378 4528 πευτὴν
2409 4454 2520 4528 (‘25)
2544 4453 2604 4518 ἐξ
2623 4453 2900 4523 ὀνόματος,
2940 4453 3108 4523 μικρὰ
3133 4454 3272 4506 πάνυ
3307 4454 3406 4505 καὶ
3436 4454 3648 4524 ἁμυδρᾷ
3669 4456 3724 4522 τῇ

2176 4553 2348 4620 φωνῇ,
2381 4545 2628 4616 παρεῖναί
2654 4560 2711 4596 τε
2732 4544 2826 4595 καὶ
2849 4542 3060 4614 ὀρέγειν
3092 4543 3314 4613 ἐσθῆτα,
3346 4546 3443 4596 καὶ
3464 4548 3617 4615 χεῖρα
3646 4545 3728 4596 ὑπο

2178 4642 2320 4711 ἐχειν
2353 4634 2617 4689 ἐκέλευεν.
2660 4632 2768 4684 Καὶ
2807 4631 2865 4694 ὃς
2905 4632 3083 4716 παρῆν
3123 4631 3238 4702 μετ’
3275 4632 3609 4704 ἐκπλήξεως,
3649 4635 3727 4684 καὶ

2240 4866 2353 4939 (20)
2383 4865 2743 4939 Πᾳσχούση.
2774 4863 3322 4939 Ιθςημπαρασχούσῃ.

2241 4935 2352 5008 (21)
2418 4935 2612 5008 dibu)?
2655 4935 2773 5008 τῶν
2795 4935 2938 5008 ’πρὸ
2962 4935 3198 5008 τούτου,
3229 4935 3570 5008 θᾶυμάτων.
3611 4936 3725 5008 Reg.

2143 5061 2146 5064 .
2173 5003 2282 5087 uni,
2325 5003 2772 5087 αὐτῶν,“[ῠι.ιμοιί.ιιε
2794 5005 2814 5078 ]
2837 5003 3002 5087 Coisl._
3031 5008 3087 5068 2,
3113 5007 3220 5087 προ
3241 5003 3350 5059 τού
3367 5007 3492 5079 [pro
3523 5003 3724 5087 προτού]

2179 5079 2490 5148 θαυμάτων.
2527 5077 2644 5130 Bill.
2698 5078 2772 5148 in.
2798 5077 3038 5148 secunda
3086 5077 3330 5131 versione
3361 5077 3447 5148 {ﬁt
3488 5080 3725 5132 miracula

2177 5146 2357 5204 omnia
2403 5149 2454 5201 in
2485 5147 2802 5200 memoriam
2835 5146 2935 5213 ipsi
2991 5149 3284 5215 redigente.
3320 5167 3338 5199 ι
3386 5147 3607 5209 Verum,
3647 5150 3727 5200 bac

2179 5218 2768 5287 postltabita,_priorem
2803 5217 3149 5269 restituimus.

2249 5288 2359 5360 (22)
2384 5289 2442 5342 Τί
2461 5284 2585 5360 *οὖν
2601 5286 2892 5360 ἐνταῦθα,
2908 5299 3025 5360 e_tc._
3051 5286 3725 5360 ¢_Quid_liic_igitt_tr_guoctis

2177 5356 2349 5440 illius,
2377 5368 2433 5412 et
2456 5357 2685 5438 jacentis
2711 5359 2896 5427 aegroti
2926 5357 3055 5411 facit
3079 5357 3266 5411 Deus?
3308 5376 3329 5408 ι
3357 5357 3452 5413 Sic
3483 5356 3662 5411 Billius
3683 5359 3723 5406 in

2177 5443 2347 5498 prima
2385 5442 2646 5498 versuone.

2253 5498 2364 5568 (25)
2385 5496 2765 5568 Διηγῄματος.
2796 5495 2958 5568 coisl.
2990 5497 3050 5568 1ἒ
3075 5495 3370 5566 θαύματος.

2254 5565 2366 5638 (24)
2411 5565 2621 5636 Ἠμῶν.
2649 5568 2814 5638 Cutsl.
2849 5565 2900 5628 1,
2940 5566 3112 5635 ὑμῶν.

2227 5635 2370 5720 ..(25)
2426 5635 2824 5706 Θεραπευτήν.
2864 5638 2992 5706 lieg.
3041 5657 3090 5701 a,
3150 5635 3313 5693 Coisl.
3374 5638 3425 5702 1,
3485 5638 3724 5708 θερσπυο

2185 5727 2310 5763 των.
