3852 6408
110 405 220 460 1021-

973 391 1232 453 ORATIO
1269 398 1454 453 XVIII.
1497 431 1565 440 —
1606 399 1945 456 FUNEBRIS
1983 401 2050 456 IN
2089 403 2391 462 PATREM.

3154 412 3292 468 Η]ἓῖ

105 519 317 582 pangeret
364 507 686 577 προθύμως·
738 511 831 562 καί
865 510 923 574 ὃς
978 511 1090 582 (26)
1134 512 1210 575 ὡς
1260 513 1532 586 βακτηρίᾳ
1559 519 1615 586 τῗ

1730 518 1997 588 subjicere
2020 519 2192 588 jubet.
2221 523 2471 588 Quicum
2517 537 2622 578 non
2664 522 2782 578 sine
2802 534 3019 594 stupore
3054 527 3288 590 adesset,

101 600 390 678 χειραγ.ιυγίᾳ
419 601 782 671 χρησάμενος,
816 607 1063 675 μιμεῖται
1103 605 1194 658 τὸν
1228 607 1320 658 ἐπὶ
1349 607 1444 659 τοῦ
1466 607 1625 678 ὅρους

102 691 455 760 Mw53é1(9.7),
486 693 578 746 καὶ
618 693 716 756 τὰς
755 696 1091 766 παρειμένας
1131 700 1317 768 χεῖρας
1353 700 1432 761 είς
1459 698 1624 768 εὐχὴν

104 781 416 857 σχημ²τί⁵⁴³ς’
451 783 690 835 συντελεῖ
713 783 1009 856 προθύμως
1037 787 1068 856 ἢ
1101 787 1353 858 προτελεῖ
1387 787 1480 840 τοῦ
1511 789 1622 857 (28)

99 883 199 936 λαοῦ
219 880 277 932 τὰ
299 881 587 950 μυστήρια,
613 883 820 953 ῥήμασι
845 885 942 954 μὲν
969 885 1170 953 ὀλίγοις
1196 887 1289 940 καὶ
1308 888 1450 951 ὅσοις
1481 886 1626 940 ἔσθε-

98 996 182 1036 νεν,
205 973 392 1044 διανοίᾳ
423 973 502 1039 δὲ,
544 975 620 1038 ὡς
659 977 780 1046 ἐμοὶ
809 976 975 1042 δοκεῖ,
1019 980 1113 1032 καὶ
1155 979 1274 1033 λίαν
1312 980 1620 1054 τελεωτάτη

97 1071 147 1132 (ὦ
171 1067 249 1122 τοῦ
274 1067 544 1138 θαύματος
565 1071 576 1122 !
603 1070 642 1139 ),
667 1071 794 1124 ἄνευ
821 1071 1059 1143 βήματος
1084 1075 1175 1126 ἐπὶ
1205 1073 1464 1144 βήματος,
1496 1076 1621 1129 ἄνευ

97 1158 434 1228 θυσιαστηρίου
479 1158 664 1230 θύτης,
703 1162 877 1231 ἱερεὺς
914 1163 1099 1235 πόρρω
1125 1165 1232 1217 τῶν
1251 1165 1617 1236 τελουμένωνο

93 1251 166 1303 καὶ
192 1249 347 1302 ταῦτα
387 1251 566 1321 παρῆν
598 1251 745 1321 αὐτῴ
784 1253 935 1324 παρὰ
963 1253 1056 1306 τοῦ
1100 1255 1255 1323 ἁγίου
1284 1255 1620 1325 Πνεύματος,

96 1341 210 1410 ιὺτῷ
237 1341 328 1410 μὲν
359 1343 754 1413 γινωσκόμενα,
791 1349 902 1408 τοῖς
930 1347 1162 1418 παροῦσι
1189 1348 1245 1400 δὲ
1283 1349 1380 1418 οὐχ
1407 1347 1621 1418 ὁρώμε-

94 1453 152 1488 να.
198 1431 320 1486 Εἶτα
366 1435 605 1488 ἐπειπὼν
643 1437 712 1490 τὰ
742 1439 841 1508 τῆς
867 1440 1217 1510 εὐχαριστίας
1259 1443 1478 1512 ῥήματα
1507 1443 1618 1513 (29)

93 1527 241 1589 δῦτως,
269 1527 340 1588 ὡς
375 1525 622 1598 σύνηθες,
656 1531 749 1584 καὶ
781 1531 872 1584 τὸν
904 1531 1030 1585 λαὸν
1056 1533 1484 1605 κατευλογήσας,
1524 1535 1623 1588 πά-

89 1625 148 1670 λιν
168 1619 254 1688 τῆς
283 1618 468 1689 κλίνης
499 1620 727 1688 γίνεται,
763 1623 972 1694 τροφῆς
1003 1641 1063 1676 τε
1098 1625 1291 1696 μικρόν
1336 1642 1388 1678 τι
1419 1626 1620 1697 προσέ-

89 1729 213 1781 μενος
249 1711 376 1780 (50),
428 1714 521 1766 καὶ
569 1713 736 1767 ὕπνου
777 1715 1115 1785 μεταλαϐὼν,
1155 1717 1507 1771 ἀνακαλεῖται
1557 1717 1620 1770 τὸ

88 1800 293 1869 πνεῦμα·
355 1801 450 1852 καὶ
504 1803 626 1865 ταῖς
671 1803 810 1855 κατὰ
873 1803 1066 1873 μικρὸν
1133 1803 1471 1874 προσθήκαις
1519 1803 1618 1873 τῆς

1725 619 2079 678 prompteque
2107 613 2520 678 obsequeretur,
2565 611 2680 681 ipse
2709 628 2870 666 manu
2915 625 3163 684 tanquatn
3194 616 3286 670 ba-

1723 699 1844 754 culo
1872 701 2086 766 ductus,
2118 701 2357 774 Moysem
2405 704 2552 757 illum
2601 704 2655 757 in
2687 714 2872 760 monte
2900 717 3144 761 orantem
3174 707 3289 760 imi-

1723 800 1891 857 tatur,
1922 791 2221 862 fractisque
2253 809 2317 848 ac
2345 795 2645 851 debilitatis
2699 797 2950 851 manibus
2978 799 3044 850 ad
3085 798 3287 852 oratio~

1723 895 1844 934 nem
1877 883 2211 951 compositis,
2241 883 2406 938 alacri
2435 886 2617 939 animo
2667 901 2788 940 cum
2823 887 3039 956 p0pulo,
3079 886 3160 941 vel
3190 903 3288 956 pro

1721 972 1916 1041 popqu
1941 975 2196 1043 mysteria
2224 977 2457 1046 peragit,
2498 979 2685 1045 paucis
2727 978 2966 1047 quidem,
2996 987 3050 1031 et
3089 977 3288 1048 quibus

1709 1072 1952 1132 poterat,
1989 1065 2193 1129 verbis,
2220 1077 2400 1120 mente
2433 1078 2628 1131 autem,
2665 1077 2722 1121 ut
2753 1068 2885 1121 mihi
2912 1069 3142 1133 videtur,
3166 1083 3287 1135 per-

1719 1169 1880 1223 quam
1913 1157 2116 1222 integra
2145 1172 2292 1224 ;rem
2318 1158 2508 1212 miram
2537 1161 2549 1213 !
2594 1161 2711 1214 sine
2743 1159 2981 1214 sacrario
3015 1161 3065 1211 in
3098 1175 3287 1213 sacra-

1722 1245 1827 1310 rio,
1857 1246 1980 1299 sine
2013 1245 2172 1300 altari
2207 1249 2507 1315 sacriﬁcus,
2531 1251 2788 1304 sacerdos
2810 1265 2840 1304 a
2880 1249 3152 1319 mysteriis
3171 1265 3287 1318 pro-

1719 1337 1801 1390 cul
1829 1348 2090 1391 remotus.
2124 1338 2300 1406 Atque
2328 1339 2443 1393 hinc
2467 1355 2682 1409 quoque
2713 1341 2786 1394 illi
2820 1356 2849 1394 a
2879 1339 3077 1408 Spiritu
3097 1349 3285 1394 sancto

1719 1430 1964 1494 aderant,
2019 1429 2117 1499 ipsi
2159 1430 2381 1498 quidem
2427 1432 2662 1500 cognita,
2721 1433 3079 1500 praesentibus
3103 1442 3284 1485 autem

1718 1518 2132 1590 haudquaquam
2195 1531 2498 1591 perspecta.
2540 1522 2758 1590 Postea,
2815 1538 2938 1577 cum
2989 1523 3284 1592 gratiarum

1717 1611 1945 1665 actionis
1975 1613 2160 1677 verba,
2195 1613 2263 1666 ita
2295 1622 2350 1666 ut
2385 1614 2723 1668 consuetudo
2760 1614 2884 1676 fert,
2948 1615 3282 1682 protulisset,

1715 1717 1779 1756 ac
1825 1703 2076 1772 populum
2131 1703 2544 1769 benedixisset,
2597 1705 2652 1758 in
2700 1705 2955 1761 lectulum
2997 1720 3185 1760 rursus
3227 1720 3286 1759 se

1717 1793 1958 1862 conjicit.
1996 1794 2240 1862 Cumque
2264 1796 2534 1862 paululum
2555 1796 2806 1866 quiddam
2825 1799 2928 1852 cibi
2957 1797 3284 1858 admisisset,

86 1893 236 1962 ὅγείας
260 1893 371 1960 (51)
397 1892 844 1965 συναυξηθείσης,
874 1897 906 1965 ὴ
936 1894 1093 1966 καινὴ
1122 1895 1299 1966 παρῆν
1328 1895 1440 1962 (52)
1474 1895 1615 1965 ἡμέ-

1723 1899 1780 1938 ac
1811 1885 1983 1939 somni
2020 1889 2291 1956 particeps
2319 1888 2492 1943 factus
2517 1889 2728 1955 fuisset,
2768 1890 3018 1960 spiritum
3041 1899 3283 1956 revocat;

85 2001 133 2050 pa
153 1983 238 2053 τῆς
263 1984 453 2053 ἑορτῆς
481 1985 566 2054 (ἣν
589 1982 762 2046 οὕτως
784 1983 1119 2054 ὀνομάζομεν
1150 1986 1372 2056 πρώτην
1404 1988 1616 2057 Κυρια-

85 2075 174 2143 ιὴν,
205 2075 336 2144 μετὰ
357 2074 474 2144 ,τὴν
509 2076 876 2145 ἁναστάσιμον
905 2076 1106 2145 ταύτην
1134 2075 1364 2145 ἔχοντες)
1389 2092 1400 2103 ·
1438 2076 1530 2128 καὶ
1557 2075 1617 2128 τὺ

82 2165 193 2233 ,ερὸν
219 2164 541 2220 καταλαϐὼν
571 2167 667 2219 σὺν
694 2168 858 2220 παντὶ
886 2166 962 2237 τῷ
988 2169 1085 2239 τῆς
1118 2169 1447 2238 Ἐκκλησίας
1479 2169 1617 2239 πλη-

80 2248 254 2325 ρώματι
285 2255 585 2324 ἐγκαινίζει
618 2257 716 2329 τὴν
751 2259 1042 2328 σωτηρίαν,
1078 2259 1173 2312 κα)⁸
1207 2258 1322 2312 θύει
1371 2259 1438 2312 τὰ
1461 2277 1618 2331 ,χαρι-

81 2350 256 2414 πήρια.
281 2347 393 2400 Καί
427 2346 518 2416 μοί
551 2363 606 2400 τι
636 2345 794 2398 τοῦτο
827 2348 940 2414 (55)
969 2347 1031 2399 τὸ
1060 2347 1218 2418 ἔργον
1246 2346 1337 2400 τοῦ
1369 2348 1498 2420 περὶ
1524 2348 1616 2401 τὸν

79 2438 292 2508 Ἐζεκίαν
315 2439 596 2510 θαύματος
626 2439 725 2493 ούκ
759 2441 1080 2510 ἀτιμότερον
1103 2442 1216 2511 (54)
1236 2456 1250 2472 ⁸
1289 2441 1349 2495 ὃν
1384 2441 1615 2512 ἀσθενή-

77 2547 210 2582 ςαντα
247 2532 338 2584 καὶ
380 2530 664 2602 δεηθέντα,
718 2531 1003 2602 προσθήκῃ
1038 2531 1184 2602 ζωῆς
1216 2535 1244 2585 ὁ
1273 2532 1403 2596 Θεὸς
1432 2531 1616 2598 ἐδόξα-

73 2641 156 2676 σεν·
192 2624 280 2677 καί
303 2625 472 2677 τοῦτο
497 2623 758 2695 ἐγνώρισε
777 2627 842 2694 τῇ
865 2626 991 2694 σκιᾷ
1029 2624 1137 2676 τῶν
1172 2623 1500 2695 ἀναϐαθμῶν
1519 2627 1617 2678 ἐπ·

74 2716 487 2788 auxesin-1155),
507 2717 648 2770 κατὰ
673 2718 768 2788 τὴν
790 2717 954 2770 αὑτοῦ
984 2717 1078 2769 τοῦ
1100 2717 1610 2788 σωθέντοςξαῖτησιν·

70 2808 172 2877 Σμοῦ
196 2826 252 2862 τε
278 2812 346 2879 τῇ
383 2811 568 2880 χάριτι
594 2811 686 2862 καὶ
705 2809 783 2879 τῷ
814 2810 1024 2881 σημείῳ
1048 2809 1137 2862 τὸν
1169 2808 1392 2880 βασιλέα
1416 2810 1612 2880 τιμῶν,

69 2901 140 2952 cui.
168 2902 227 2970 τῇ
254 2899 546 2972 προσθήκῃ
573 2900 670 2971 τῆς
692 2901 904 2972 ἡμέρας
929 2901 1027 2972 τὴν
1055 2899 1163 2954 τῶν
1188 2900 1410 2971 ἡμερῶν
1445 2918 1615 2972 προσ-

65 2989 208 3062 θήκην
237 2991 622 3062 πιστούμενος.

1719 1985 1986 2044 auctaque
2034 1977 2290 2046 paulatim
2339 1980 2592 2046 sanitate,
2640 1999 2762 2036 cum
2818 1996 2992 2035 novus
3040 1981 3130 2034 ille
3164 1979 3285 2033 festi

1721 2065 1838 2120 dies
1867 2066 1964 2135 (ita
1991 2081 2114 2119 eum
2167 2068 2518 2137 appellamus,
2574 2073 2716 2138 quod
2768 2081 2890 2140 post
2932 2071 3286 2123 resurrectio-

1718 2170 1836 2210 nem
1857 2155 2192 2211 Dominicam
2227 2158 2458 2228 primum
2490 2175 2609 2213 eum
2641 2160 3108 2228 habeamus,)jam
3129 2159 3285 2213 ades-

1716 2258 1819 2312 set,
1855 2250 1906 2301 in
1937 2249 2190 2318 templum
2221 2265 2279 2304 se
2308 2251 2544 2320 confert,
2577 2268 2640 2306 ac
2688 2270 2811 2307 cum
2854 2253 2998 2307 omni
3031 2252 3285 2307 Ecclesia:

1717 2339 1931 2406 agtuine
1995 2338 2188 2393 salutis
2242 2339 2481 2394 encaania
2532 2341 2807 2406 celebrat,
2855 2352 3014 2411 atque
3063 2341 3114 2394 in
3144 2340 3283 2409 grati

1715 2431 1884 2483 animi
1915 2429 2368 2496 significationem
2420 2432 2747 2487 sacrificium
2795 2434 2970 2488 offert.
3008 2433 3136 2498 Quae
3164 2433 3286 2500 qui-

1717 2519 1845 2574 detn
1877 2535 1962 2572 res
1987 2520 2253 2574 miraculo
2293 2521 2409 2586 illo,
2439 2523 2580 2589 quod
2607 2523 2658 2575 in
2685 2522 2915 2576 Ezechia
2959 2523 3283 2585 editumest,

1721 2625 1844 2664 meo
1874 2610 2090 2678 quidem
2149 2609 2378 2678 judicio,
2435 2626 2779 2681 nequaquam
2836 2611 3060 2666 inferior
3098 2609 3286 2665 haberi

1715 2700 1910 2766 debet;
1944 2715 2128 2770 quem,
2164 2715 2284 2754 cum
2324 2701 2374 2754 in
2405 2701 2649 2755 morbum
2687 2702 2986 2767 incidisset,
3017 2713 3070 2756 et
3095 2717 3285 2771 preces

1715 2793 2077 2858 adhibuisset,
2106 2792 2249 2848 Deus
2276 2793 2401 2847 vita:
2432 2793 2774 2848 incremento
2813 2794 3069 2859 donavit;
3123 2793 3286 2861 idque

1716 2887 1977 2941 iudicavit
2006 2901 2102 2954 per
2126 2896 2456 2941 retroactam
2514 2888 2778 2956 graduum
2833 2888 3098 2950 umbram,
3127 2896 3286 2955 prout

1716 2979 2028 3050 petierat",
2054 2977 2144 3046 qui
2174 2982 2404 3032 salutem
2430 2979 2658 3047 accepit,
2689 2995 2868 3046 regem
2892 2979 3093 3032 scilicet
3110 2980 3283 3046 gratia

1714 3067 1875 3123 simul
1901 3078 1958 3123 et
1983 3068 2136 3137 signo
2167 3069 2463 3135 honorans,
2487 3078 2646 3137 atque
2678 3069 2835 3139 351
2865 3085 2958 3138 per
3002 3071 3106 3123 diei
3149 3085 3281 3138 aug-

1714 3170 1979 3225 mentum,
2018 3159 2225 3213 dierum
2266 3169 2610 3229 augmentum
2639 3163 2987 3214 confirmans.

111 3250 180 3301 A'.
219 3247 292 3300 Τὸ
318 3248 365 3301 δ’
393 3247 528 3302 αὐτὸ
560 3249 653 3301 καὶ
678 3249 805 3318 περὶ
843 3248 944 3319 τὴν
974 3247 1184 3320 μητέρα
1210 3248 1308 3319 τὴν
1329 3249 1469 3320 ἐμὴν
1489 3266 1610 3301 συνο

1795 3249 1968 3304 ΧΧΧ.
2002 3249 2146 3304 Idem
2178 3260 2358 3304 autem
2386 3250 2704 3304 miraculum
2731 3251 2783 3309 in
2814 3261 2988 3304 matre
3011 3251 3284 3319 aliquanto

59 3338 226 3410 ηνέχθη
277 3339 493 3410 θαῦμα,
549 3340 610 3392 οὐ
664 3339 857 3410 μικρὸν
898 3339 1152 3410 ὕστερον·
1203 3339 1352 3404 ἄξιον
1392 3341 1448 3392 δὲ
1483 3342 1618 3412 μηδὲ

60 3430 185 3482 τοῦτο
216 3430 636 3502 παραδραμεῖν·
673 3429 876 3500 ταύτην
908 3446 967 3481 τε
1011 3428 1120 3500 γὰρ
1150 3428 1214 3482 τὰ
1240 3429 1423 3482 εἰκότα
1454 3431 1618 3500 τιμή-

54 3538 210 3590 σομεν,
249 3522 416 3592 εἴπερ
455 3521 575 3574 τινὰ
611 3516 772 3574 οὖσαν
800 3522 971 3591 τιμῆς
999 3520 1174 3586 ἀξίαν,
1215 3523 1408 3592 ἐκείνῳ
1435 3539 1492 3574 τε
1520 3539 1616 3591 χα-

51 3614 287 3685 ριούμεθα
317 3614 425 3684 τὴν
451 3614 732 3666 κοινωνίαν
767 3613 878 3684 (56)
903 3613 995 3666 τοῦ
1018 3615 1372 3684 διηγήματος.
1417 3615 1613 3667 Ἀπτε-

55 3724 120 3759 ται
152 3709 419 3779 κάκείνης
449 3707 728 3778 ἀρρωστία
766 3707 864 3777 τῆς
893 3706 1072 3759 πάντα
1103 3707 1433 3777 καρτερικῆς
1473 3707 1606 3778 (57),

48 3800 122 3852 καὶ
160 3800 452 3868 γενναίας,
490 3799 585 3851 καὶ
621 3799 810 3852 ὰνόσου
847 3799 938 3853 τὸν
972 3800 1184 3854 ἅπαντα
1221 3799 1430 3870 χρόνον.
1475 3800 1614 3852 Πολ-

48 3892 132 3943 Αῶν
155 3892 207 3944 δὲ
239 3892 422 3945 ὄντων
443 3891 550 3944 τῶν
573 3891 900 3954 λυπούντων,
929 3892 1016 3945 ἴνα
1053 3891 1126 3962 μὴ
1150 3891 1359 3961 μακρὸν
1391 3891 1612 3944 ἀποτεί-

45 4004 101 4037 an
125 3987 303 4054 λόγον,
329 3990 365 4058 ἡ
396 3987 508 4057 (58)
537 3987 767 4058 ἁτροφία
789 3987 850 4039 τὸ
873 3986 1176 4058 βαρύτατον
1209 3984 1276 4058 ἦν
1301 3989 1392 4040 ἐπὶ
1418 3989 1614 4058 συχνὰς

48 4078 233 4148 ἡμέρας
275 4079 448 4132 τοῦτο
490 4079 893 4150 κινδυνευούσῃ.
928 4081 1020 4132 καὶ
1077 4081 1242 4152 μηδὲν
1288 4081 1613 4154 εὑρισκούσῃ

39 4168 115 4219 τοῦ
147 4168 327 4222 κα.κοῦ
363 4168 681 4240 φάρμακον.
712 4169 836 4232 Πῶς
861 4165 951 4223 οὖν
980 4170 1170 4240 τρέφει
1209 4170 1410 4240 ταύτην
1445 4170 1612 4235 Θεός;

39 4256 100 4306 υύ
133 4259 310 4326 μάννα
349 4257 576 4328 βρέξας,
610 4257 684 4319 ὼς
718 4257 779 4310 τὸ
827 4258 994 4311 πάλαι
1038 4258 1116 4329 τῷ
1159 4259 1403 4330 Ἰσραήλ·
1444 4258 1476 4326 ἢ
1520 4259 1617 4310 πέ-

92 4416 134 4445 ⁷³
165 4415 230 4468 IV
270 4417 420 4486 Reg.
448 4432 540 4480 xx,
570 4415 632 4480 9;
664 4415 761 4469 lsa.
795 4432 1020 4482 xxxvnt,
1050 4415 1104 4468 8.
1178 4417 1224 4448 ⁷³
1245 4416 1414 4470 Exod.
1440 4431 1548 4481 xvi,
1577 4417 1662 4471 17.

89 4573 197 4642 (26)
230 4577 348 4628 Καὶ
387 4575 480 4640 ὅς.
517 4575 573 4630 1η
615 4574 901 4640 nonnullis,
930 4574 1024 4628 καὶ
1049 4575 1096 4627 ὁ.

91 4641 197 4714 (ετ)
239 4647 538 4699 Μωϋσέα.
607 4647 738 4714 Reg,
796 4647 904 4714 bm,
941 4657 994 4699 et
1027 4643 1207 4714 0r._l,
1254 4641 1474 4697 Μωσὲα.

88 4712 202 4782 (⁸28)
242 4714 554 4784 Προτελεῐ
574 4712 878 4778 τοῦήλαοῦ,
909 4726 1014 4769 etc.
1065 4733 1082 4764 ι
1120 4712 1222 4766 Pro
1266 4715 1458 4782 populo
1488 4727 1604 4782 my-

27 4786 176 4837 steria
202 4792 456 4854 peragit.
491 4805 510 4837 ι
565 4786 784 4838 Billitts:
845 4803 863 4835 ε
902 4797 1025 4838 ante
1067 4785 1318 4851 populum
1348 4785 1606 4854 mysteria

25 4857 245 4920 peragit.
283 4876 304 4906 ι
349 4853 472 4908 Non
504 4867 679 4909 recte:
709 4871 808 4906 vox
829 4857 969 4924 enim
1014 4854 1294 4924 προτελεῖν
1344 4853 1430 4906 hic
1469 4854 1608 4905 idem

24 4937 170 4978 sonat
197 4943 264 4980 ac
298 4925 680 4997 προεύχεσθαι
699 4924 804 4997 Ατυῦ
833 4923 984 4988 λαοῦ,
1003 4942 1022 4974 ι
1048 4940 1207 4997 orare
1240 4939 1335 4991 pro
1358 4924 1604 4997 populo,»

23 4997 154 5064 quiod
196 4993 361 5060 apud
384 5000 635 5049 eumdem
688 4993 1003 5064 Gregorium
1029 4996 1313 5060 reperitur.
1346 4994 1607 5046 Ctl‘let'llttl

22 5061 69 5114 in
99 5063 309 5118 Mouito
327 5068 683 5134 probavimus
711 5061 1028 5136 Gregorium
1061 5065 1326 5118 seniorem
1355 5080 1457 5117 non
1487 5079 1612 5117 vere

19 5148 165 5185 sacra
199 5151 519 5203 peregisse.

83 5203 193 5276 (.29)
284 5203 599 5258 Ἐπειπὼν
638 5203 713 5257 τὰ
762 5203 872 5272 τῆς
922 5205 1304 5276 εὐχαριστίας
1352 5203 1609 5273 ῥήματα.

17 5271 246 5329 Dillius:
304 5293 326 5326 ι
377 5291 506 5330 cum
552 5271 892 5330 eucharistize
930 5271 1090 5331 verba
1142 5276 1335 5332 effatus
1379 5271 1542 5328 esset.
1587 5293 1604 5325 ι

16 5340 210 5398 Verum
238 5347 300 5398 in
336 5347 494 5399 notis
523 5347 792 5408 observat,
825 5361 919 5412 per
950 5364 970 5398 ι
999 5347 1335 5403 eucharistia:
1363 5347 1545 5404 verba,
1588 5364 1606 5395 ι

16 5415 88 5466 vel
117 5429 181 5467 ea
217 5416 471 5485 intelligi
504 5431 684 5485 posse,
712 5415 905 5484 quibus
933 5417 1268 5471 consecratio
1299 5416 1610 5483 perficitur;

15 5485 89 5536 vel
122 5499 216 5550 ea,
247 5484 475 5553 quibds
503 5487 603 5541 sub
632 5484 804 5539 Missa:
827 5485 984 5539 finem
1020 5503 1049 5539 a
1077 5486 1387 5548 sacerdote,
1417 5485 1484 5538 ob
1515 5501 1606 5537 sa-

15 5565 376 5609 crosanctum
448 5555 682 5621 epulum,
734 5556 857 5626 Deo,
889 5557 1076 5624 gratia:
1121 5553 1607 5626 agebanturnllxc

15 5627 291 5688 posterior
347 5626 631 5690 expositio
662 5627 782 5692 ipsi,
814 5625 882 5679 ob
909 5641 1000 5696 ea,
1049 5625 1175 5696 quai
1196 5627 1261 5680 de
1309 5625 1487 5694 populi
1519 5631 1606 5678 be-

15 5697 334 5814 uepictione
393 5710 524 5749 mox
576 5696 848 5766 subjungit
895 5695 1230 5766 Gregorius,
1300 5696 1469 5765 magis
1523 5711 1608 5749 ar-

15 5777 163 5814 ruet.

15 5777 163 5818 nitet.

74 5835 189 5909 (50)
219 5833 647 5904 Πρσσέμει·ος.
672 5835 726 5890 ltt
745 5835 1032 5901 nonnullis,
1066 5836 1437 5906 προσιέμενος.

1718 3350 1839 3411 post
1885 3341 2154 3410 contigit,
2220 3341 2364 3410 quod
2409 3343 2576 3395 etiam
2627 3343 2802 3410 ipsum
2858 3357 3286 3398 commemorare

1715 3448 1894 3504 opera:
1923 3434 2157 3503 pretium
2187 3443 2307 3499 est,
2343 3442 2403 3486 ut
2432 3443 2488 3488 et
2522 3447 2642 3488 eam
2681 3433 2907 3498 honore,
2943 3435 2987 3488 si
3018 3450 3120 3502 qua
3154 3435 3278 3498 alia,

1714 3525 1951 3591 dignam,
1981 3533 2038 3577 ut
2061 3540 2159 3593 par
2181 3531 2282 3591 est,
2309 3524 2657 3592 honoremus,
2687 3533 2741 3579 et
2765 3526 2831 3578 ab
2859 3524 2952 3578 illo
2980 3541 3072 3594 per
3095 3542 3282 3579 narra-

1709 3616 1871 3670 tionis
1919 3615 2238 3670 societatem
2295 3616 2525 3686 gratiam
2570 3617 2834 3671 ineamus.
2883 3615 3032 3670 Hane
3069 3632 3283 3686 quoque

1708 3708 1926 3762 morbus
1957 3707 2180 3768 invadit,
2209 3707 2402 3762 fortem
2439 3724 2501 3763 ac
2531 3723 2851 3776 generosam
2884 3709 3081 3778 alioqui
3127 3708 3282 3762 femi-

1708 3814 1850 3863 nam,
1869 3815 1988 3868 qua:
2009 3814 2101 3869 per
2114 3815 2272 3854 omne
2291 3802 2410 3856 vita:
2439 3811 2647 3871 tempus
2670 3804 2946 3857 commoda
2981 3802 3282 3856 valetudine

1711 3893 1905 3946 fuerat.
1934 3892 1990 3944 In
2017 3892 2206 3946 multis
2228 3903 2402 3945 autem
2439 3892 2734 3956 doloribus,
2755 3907 2820 3946 ne
2835 3908 3133 3947 sermonem
3164 3894 3280 3945 lou-

1712 3985 1829 4055 gius
1849 3987 2162 4052 producam,
2183 3984 2314 4038 nihil
2335 3985 2554 4053 perinde
2573 4000 2734 4053 grave
2749 3997 2888 4052 erat,
2908 3995 3067 4055 atque
3081 3986 3278 4051 inedia,

1712 4089 1815 4142 qua
1863 4074 2062 4128 multos
2103 4072 2215 4140 jam
2260 4076 2376 4128 dies
2418 4076 2722 4144 periculose
2775 4075 3073 4139 laborabat,
3108 4091 3281 4144 neque

1714 4167 1871 4234 hujus
1916 4166 2039 4219 mali
2093 4166 2387 4220 remedium
2441 4167 2604 4219 ullum
2655 4168 2983 4221 inveniebat.
3036 4166 3277 4232 Quonam

1713 4259 1876 4328 igitur
1919 4259 2076 4313 modo
2121 4259 2260 4314 Deus
2299 4274 2416 4312 eam
2448 4260 2580 4313 alit?
2618 4258 2732 4312 Non
2789 4275 2980 4313 manna
3007 4260 3276 4330 pluens",

1638 4579 1682 4635 1)
1781 4573 1893 4644 (5|)
1928 4570 2338 4644 'Trelac._Reg.
2371 4573 2481 4644 bAm,
2511 4571 2740 4644 ὑγιείας,

1785 4637 1894 4715 (52)
1939 4637 2012 4696 'II
2040 4642 2218 4710 καινὴ
2259 4637 2478 4715 παρῆν,
2506 4637 2610 4715 etc.
2654 4662 2670 4693 ι
2707 4640 2884 4715 Novus
2927 4637 3279 4715 soletnnitatis

1709 4707 1826 4767 dies
1849 4707 2054 4774 aderat,
2086 4707 2243 4781 quem
2269 4707 2351 4766 sic
2373 4707 2720 4781 appellamus,
2746 4711 2885 4776 quod
2922 4720 3039 4778 post
3073 4707 3278 4781 Resur-

1712 4785 1965 4837 rectionis
2033 4779 2364 4837 Dominicum
2407 4779 2587 4846 diem,
2643 4782 2872 4848 primmu
2943 4779 3275 4832 Dominicum

1713 4853 1853 4907 hunc
1875 4855 2014 4907 diem
2041 4853 2355 4907 habeamus.
2393 4871 2412 4903 ι
2445 4851 2678 4907 Octavus
2709 4851 2926 4904 Pascha:
2951 4850 3086 4910 dies,
3117 4863 3274 4914 quem

1716 4942 1734 4975 ι
1773 4923 1826 4976 in
1875 4925 2023 4978 Albis
2083 4941 2102 4974 ι
2159 4937 2434 4983 vocamus,
2477 4923 2614 4989 apud
2654 4921 2870 4976 Gnaeos
2933 4938 2951 4970 ι
3003 4919 3274 4974 Dominiea

1720 5009 1857 5046 nova
1897 5013 1915 5045 ι
1957 4994 2343 5062 appellabatur.
2383 4992 2528 5045 llanc
2556 4991 2893 5062 Dominiram
2933 4989 3124 5059 insigni
3158 5005 3281 5042 ora-

1719 5063 1862 5116 tione
1893 5059 2179 5116 celébravit
2211 5062 2517 5132 Gregorius.
2556 5059 2682 5114 Vide
2705 5061 2796 5115 0r.
2833 5076 2976 5132 xciv.

1790 5133 1901 5203 (55)
1930 5134 2042 5186 Καί
2089 5133 2195 5202 μοι
2244 5128 2548 5186 τίτθῦτο.
2598 5133 2752 5185 Deest
2812 5147 2865 5203 τι
2919 5128 3279 5203 in_ch.bm,

1717 5213 1770 5254 et
1798 5197 1986 5256 tribus
2032 5197 2180 5257 Culb.
2231 5203 2391 5256 Coisl.
2453 5205 2471 5256 1
2547 5205 2728 5265 habet,
2765 5200 2858 5253 καί
2909 5199 2990 5252 τοί
3022 5216 3074 5250 τι
3096 5197 3278 5252 τοῦτο.

1784 5273 1895 5343 (54)
1949 5275 2253 5342 Θαύματος
2279 5274 2411 5343 κούκ
2447 5274 2808 5343 ἀτιμότερον.
2863 5268 2955 5324 Sic
3003 5269 3132 5343 Reg.
3169 5269 3280 5343 bm.

1718 5339 1810 5465 05.
1837 5339 1896 5423 Il,
1926 5339 2200 5464 iles.,'etc.
2261 5342 2354 5396 Sic
2385 5344 2497 5413 ipse
2531 5339 2654 5412 legit
2688 5341 2894 5405 Billius,
2923 5342 3023 5394 etsi
3076 5339 3175 5391 οὐκ
3230 5339 3280 5391 in

1720 5430 1748 5465 e
1793 5424 2063 5465 lllStCSll.

1720 5416 1880 5466 editis
1907 5416 2063 5466 desit.

1779 5483 1892 5552 (55)
1922 5483 2298 5551 Ἀναόαθμῶν
2313 5481 2737 5552 ἐπαναχθείσῃ.
2761 5481 2890 5552 Reg.
2909 5483 3018 5539 hm,
3039 5476 3281 5550 βαθμῶν.

1713 5553 1874 5624 Coislr.
1918 5555 1983 5624 1,
2005 5553 2470 5624 ὲπαναδειχθείσῃ.

1784 5623 1895 5686 (56)
1927 5623 2044 5689 Τὴν
2078 5621 2603 5677 κοινωνίαν-(Βοίδι.
2638 5623 2687 5683 1,
2709 5624 2773 5692 τῇ
2800 5621 3067 5691 κοινωνία.

1788 5685 1898 5761 (57)
1929 5685 2306 5761 Κὲιρτερικῆς.
2337 5693 2424 5745 Sic
2456 5692 2587 5755 Reg.
2622 5685 2868 5752 bmfires
2903 5685 3074 5754 Quid,
3113 5685 3282 5744 Coisl.

1725 5765 1770 5824 I,
1803 5764 1895 5817 0r.
1936 5764 1986 5826 1,
2018 5777 2119 5816 etc.
2157 5769 2207 5816 lu
2243 5766 2351 5824 ed.,
2385 5766 2725 5832 καρτερινῆςι

1767 5834 1899 5903 ,(58)
1937 5835 2017 5887 Ἠ.
2051 5837 2136 5888 sic
2163 5834 2252 5888 ον.
2299 5837 2418 5887 l.|n
2448 5836 2553 5895 αι,
2591 5833 2642 5902 ἥ.
