3892 6560
53 398 203 452 ιιιεδ

1001 399 1258 454 ORATIO
1299 399 1483 456 XVIII.
1518 432 1585 442 —-
1623 397 1967 455 FUNEBRIS
2005 397 2073 453 IN
2112 396 2412 452 PATREM.

3185 398 3324 456 109.6

50 518 305 589 δεούσης,
356 521 451 573 καὶ
496 520 823 594 ἀπειλούσης
854 522 947 577 τὸν
979 510 1256 576 κίνδυνον·
1299 522 1503 594 ταύτην
1546 523 1654 595 γάρ

1765 523 1973 577 modum
2017 532 2221 592 postea,
2255 521 2517 575 subducta
2552 518 2809 590 temporis
2846 519 3077 590 ratione,
3106 523 3325 580 domum

52 611 196 676 ἡμῖν
233 608 435 679 σαφῶς
466 610 502 681 ἡ
535 609 633 674 νὺξ
660 610 995 680 ὑπέγραψεν.
1026 610 1216 672 Ἀλλος
1241 610 1413 664 ἐδόκει
1432 611 1537 664 τῶν
1563 613 1656 681 ἐμ.

54 702 353 757 πλεόντων
386 700 481 776 (ἦν
516 704 572 757 δὲ
596 707 725 768 παῖς
745 704 857 776 (47)
879 705 986 761 τῶν
1015 705 1381 759 εὐνουστάτων
1407 704 1528 775 ἐμοὶ
1563 706 1656 758 καὶ

56 794 374 863 φιλτάτων,
396 797 494 849 καὶ
528 795 1052 867 ὑπεραγωνιὼντων,
1081 795 1251 859 οὕτως
1279 796 1534 867 ἔχοντος),
1558 795 1655 867 τὴν

58 885 287 957 μητέρα
326 888 432 957 τὴν
481 886 618 959 ἐμὴν
665 888 934 941 ἐπιϐᾶσαν
976 888 1072 957 τῆς
1099 887 1389 958 Θαλάσσης,
1431 888 1523 941 καὶ
1557 889 1654 957 τῆς

57 979 190 1047 νηὸς
224 978 545 1049 λαϐομένην
573 977 809 1043 ἐξέλκειν
839 977 1040 1049 ταύτην
1065 978 1156 1031 ἐπὶ
1186 979 1285 1049 τὴν
1314 979 1436 1049 γῆν,
1466 978 1527 1032 οὐ
1560 979 1655 1031 σὺν

58 1067 253 1138 πολλῷ
294 1068 379 1139 τῷ
405 1069 574 1141 πόνῳ.
606 1070 716 1122 Καὶ
756 1069 788 1138 ἡ
837 1069 956 1138 ὄψις
994 1070 1338 1124 ἐπιστεύετοο
1385 1070 1657 1141 ήμεροῦτο

56 1162 169 1230 γάρ
214 1160 252 1228 ἡ
307 1159 582 1221 θάλασσα,
618 1158 714 1213 καὶ
758 1159 935 1222 Ῥόδος
983 1154 1127 1230 εἶχεν
1173 1162 1320 1231 ἡμεῖς
1361 1162 1559 1215 αὐτίκα
1593 1161 1653 1213 οὐ

58 1250 202 1304 πολὺ
224 1250 294 1303 τὸ
322 1251 383 1304 ἐν
414 1250 566 1321 μέσῳ
597 1250 1103 1322 κακοπαθήσαντας.
1152 1252 1385 1305 Ἐκείνου
1413 1253 1507 1305 τοῦ
1539 1270 1657 1305 κιν-

60 1341 222 1395 δύνου
250 1344 355 1395 καὶ
387 1344 552 1414 ἡμεῖς
593 1341 764 1413 δῶρον
800 1344 1103 1413 γεγόναμεν
1125 1359 1139 1373 ⁸
1170 1343 1655 1415 καθυποσχόμενοι,
1701 1334 1707 1341 ’

61 1433 107 1483 εἰ
138 1431 494 1503 σωθείημεν,
536 1434 683 1503 ἡμᾶς
715 1432 909 1497 αὐτοὺς
945 1432 1023 1504 τῷ
1063 1430 1203 1503 Θεῷ,
1237 1432 1332 1486 καὶ
1366 1431 1657 1496 δεδωκότες

59 1523 134 1587 ὡς
150 1524 271 1595 (48)
300 1522 695 1595 ἀπεσώθημεν.

1762 614 1964 669 reversi
2003 613 2376 682 cognovimus.
2414 613 2468 668 ld
2501 614 2664 667 etiam
2702 611 2855 669 nobis
2883 614 3140 669 salutaris
3172 630 3322 670 som-

1770 718 1875 758 nus
1901 703 2175 769 indicavit,
2218 718 2339 758 cum
2374 704 2584 757 tandem
2620 702 2911 769 aliquando
2951 718 3095 767 eum,
3137 705 3327 757 remit-

1759 801 1909 850 tente
1963 794 2203 850 nonnihil
2277 804 2631 865 tempestate,
2684 798 3033 865 cepissemus.
3102 797 3321 853 Furiam

1761 885 1907 940 enim
1940 886 2070 940 mihi
2105 896 2284 939 tenere
2312 885 2555 949 videbar,
2590 885 2914 939 horrendum
2946 885 3151 940 vultum
3187 903 3320 956 princ

1760 976 2042 1042 ferentem,
2073 992 2137 1032 ac
2191 978 2487 1047 periculum
2548 978 2887 1031 minitantem
2940 979 3128 1033 :hanc
3174 979 3319 1033 enim

1766 1083 1874 1122 nox
1913 1078 2099 1137 aperte
2134 1069 2289 1123 nobis
2316 1068 2694 1122 adumbrabat.
2730 1068 2886 1122 Alius
2915 1083 2977 1122 ex
3016 1069 3323 1121 vectoribus

1764 1159 1923 1226 (puer
1951 1159 1997 1214 is
2035 1166 2153 1212 erat
2183 1157 2443 1229 singulari
2490 1172 2617 1227 erga
2666 1173 2751 1212 me
2797 1159 2975 1212 studio
3005 1168 3061 1213 et
3091 1160 3323 1214 benevo-

1763 1249 1925 1304 lentia
1957 1289 1973 1314 ,
2006 1263 2234 1317 meaque
2261 1264 2423 1304 causa
2458 1251 2809 1303 vehementer
2836 1250 3051 1316 anxius,
3086 1266 3207 1304 cum
3249 1251 3323 1305 ita

1761 1356 1821 1397 se
1856 1355 1943 1394 res
1967 1339 2240 1412 haberet,)
2275 1350 2499 1394 matrem
2544 1356 2717 1395 meam
2755 1340 2855 1395 sibi
2890 1342 3073 1396 videre
3107 1343 3326 1397 videba-

1764 1441 1876 1496 tur,
1915 1447 2033 1501 qua:
2078 1445 2229 1485 mare
2270 1430 2531 1500 ingressa,
2570 1432 2890 1501 prehensam
2936 1448 3125 1487 navem
3180 1433 3321 1487 haud

1762 1537 1956 1593 magno
1991 1522 2174 1577 labore
2217 1522 2284 1577 ad
2341 1530 2542 1577 terram
2598 1525 2960 1591 pertraheret.
3015 1526 3323 1596 Fidemque

62 1616 391 1673 inveniebat
440 1618 554 1672 haec
588 1617 745 1672 visio.
796 1616 1099 1673 Sedabatur
1135 1616 1281 1673 enim
1362 1632 1535 1683 mare,
1608 1618 1900 1686 statimque
1958 1618 2092 1671 citra
2148 1616 2368 1671 multam
2422 1631 2718 1671 aerumnam
2792 1616 3040 1673 Rhodum
3119 1620 3327 1690 appuli-

66 1721 209 1761 ωας.
239 1706 433 1773 Hujus
464 1704 564 1775 ipsi
590 1706 813 1776 periculi
837 1708 1033 1762 donum
1059 1708 1389 1763 exstitimus.
1447 1708 1518 1765 Ut
1572 1709 1718 1763 enim
1756 1724 1855 1764 nos
1904 1710 2014 1765 Deo
2064 1723 2419 1774 voveramus,
2472 1706 2520 1762 si
2572 1707 2864 1765 discrimen
2921 1709 3321 1780 eil‘ugeretnus,

64 1797 166 1861 ita,
224 1807 529 1867 postquam
579 1799 872 1865 evasimus,
919 1815 1017 1854 nos
1049 1801 1099 1856 ei
1144 1800 1310 1856 etiam
1357 1801 1498 1856 dono
1549 1801 1818 1857 dedimus.

128 1893 266 1948 AB’.
306 1894 396 1948 Τά
427 1893 524 1965 μὲν
541 1894 604 1964 δὴ
625 1894 778 1950 κοινά
807 1895 1050 1951 τοιαῦτα.
1078 1898 1252 1952 Πάλαι
1274 1898 1332 1952 δέ
1355 1892 1509 1969 οἶμαι
1535 1898 1658 1953 θαυ-

1841 1897 2057 1954 XXXII.
2108 1897 2235 1953 [hec
2276 1898 2494 1967 quidem
2538 1906 2697 1954 erant
2736 1898 2951 1967 utrique
2994 1898 3324 1952 communia.

68 1986 268 2055 μάζειν
312 1985 473 2051 τινὰς
503 1985 613 2040 τῶν
640 1987 711 2041 τὰ
739 1988 951 2042 ἐκείνου
987 1989 1172 2057 σαφῶς
1201 1992 1536 2059 ἐγνωκότων,
1577 1992 1658 2046 ὅτι

68 2079 195 2151 περὶ
219 2079 328 2147 μὲν
355 2077 566 2132 τούτων
590 2077 734 2134 οὕτω
763 2081 1227 2151 καταγεγόναμεν,
1254 2083 1329 2148 ὡς
1365 2084 1501 2154 μόνα
1524 2084 1658 2155 πρὸς

68 2170 355 2243 εὐφημίαν
388 2171 629 2241 ἔχοντες⁸
662 2173 759 2244 τῆς
780 2171 837 2225 δέ
858 2173 964 2225 τῶν
987 2173 1190 2245 καιρῶν
1216 2174 1532 2245 δυσχερείας
1560 2175 1658 2247 τὴν

71 2264 304 2334 μνήμην
362 2262 669 2333 ἀνεθέμεθα
715 2262 849 2333 (49),
886 2264 1022 2336 πρὸς
1062 2264 1154 2330 οὓς
1208 2267 1660 2338 παραταξάμενος

70 2356 283 2417 ἐκεῖνος
303 2352 577 2422 φαίνεται,
605 2352 794 2425 ὥσπερ
823 2354 854 2425 ἢ
890 2354 1254 2427 ἀγνοήσαντες
1285 2358 1481 2425 ταῦτα,
1515 2358 1549 2430 ἢ
1583 2357 1659 2430 μὴ

72 2444 296 2514 μεγάλα
327 2442 645 2513 νομίζοντες
671 2444 802 2515 (50).
822 2445 957 2518 Φέρε
989 2442 1081 2501 οὖν
1107 2448 1202 2501 καὶ
1229 2447 1400 2502 ταῦτα
1419 2449 1661 2521 προσθῶ-

76 2555 169 2608 μεν
216 2541 340 2603 τοῖς
382 2537 689 2610 εἰρημένοις
713 2555 729 2570 ο
768 2540 1034 2608 Ἦνεγκεν
1072 2542 1100 2593 ό
1136 2540 1259 2595 καθ’
1287 2543 1436 2613 ἡμᾶς
1472 2542 1660 2614 καιρὸς

74 2630 298 2701 πρῶτον
320 2630 518 2693 κακὸν,
549 2627 701 2701 οἶμαι
728 2629 785 2684 δὲ
813 2630 907 2684 καὶ
931 2632 1257 2699 τελευταῖον,
1302 2635 1394 2688 τὸν
1419 2635 1659 2689 ἀποστά-

74 2737 169 2791 την
204 2722 309 2774 καὶ
340 2721 440 2774 τοῦ
461 2719 594 2773 Θεοῦ
624 2719 719 2774 καὶ
748 2720 854 2774 τῶν
879 2720 1152 2791 λογισμῶν
1178 2721 1400 2783 βασιλέα
1426 2741 1437 2753 ·
1472 2724 1531 2788 ὂς
1567 2742 1658 2795 μι-

78 2812 204 2882 κρὸν
254 2812 360 2883 μὲν
403 2811 562 2883 ἔργον
590 2812 933 2883 ἡγησάμενος
966 2807 1103 2866 εἶναι
1150 2814 1363 2887 Πέρσας
1400 2814 1661 2887 χειρώσα-

82 2902 223 2967 σθαι,
258 2901 407 2973 μέγα
435 2902 492 2955 δὲ
526 2901 586 2956 τὸ
622 2903 982 2975 Χριστιανοὺς
1036 2904 1514 2976 παραστήσασθαι,
1561 2905 1657 2959 καὶ

80 2992 189 3063 ἅμα
228 2992 346 3047 τῶν
384 2992 628 3061 ἀγόντων
654 2993 815 3047 αὐτὸν
845 2993 1113 3066 δαιμόνων
1151 2995 1309 3049 τοῦτο
1339 2995 1657 3062 πειθόντων,

81 3086 230 3140 οὐδὲν
260 3082 406 3149 εἶδος
434 3085 684 3150 ἀσεϐείας
721 3086 961 3140 ἐνέλειπε
991 3087 1125 3158 (51),
1152 3088 1372 3152 πείθων,
1400 3090 1657 3156 ἀπειλῶν,

84 3176 463 3248 σοφιζόμενος,
487 3176 658 3231 ἕλκων
679 3178 815 3248 πρὸς
844 3162 1055 3242 ἑαυτὸν,
1080 3180 1140 3232 οὑ
1168 3180 1325 3250 μόνον
1351 3177 1432 3245 οἷς
1447 3183 1663 3252 ἐτεχνᾶ-

1769 1989 1954 2045 Mirari
1978 2000 2157 2045 autem
2184 1990 2506 2060 jampridem
2543 1990 2829 2045 nonnullos
2855 2005 3038 2044 eorum
3066 1992 3324 2054 arbitror,

1759 2085 1956 2153 quibus
2007 2097 2094 2137 res
2124 2082 2265 2137 illius
2310 2084 2551 2150 apprime
2594 2082 2824 2151 cognitae
2860 2092 3005 2145 sunt,
3054 2084 3183 2149 quid
3231 2083 3322 2143 sit,

1758 2189 1877 2240 cur,
1910 2190 2031 2229 cum
2056 2174 2107 2228 in
2136 2174 2218 2228 his
2250 2176 2410 2229 rebus
2464 2173 2535 2227 ita
2573 2188 2778 2228 moram
2817 2172 3126 2239 fecerimus,
3176 2188 3238 2227 ac.
3277 2175 3324 2228 si

1759 2263 1871 2318 sola
1906 2264 2115 2319 haecad
2147 2262 2358 2317 laudem
2388 2240 2731 2327 haberemus,
2767 2260 3099 2317 diﬂicultatis
3144 2272 3324 2316 tamen

1760 2364 2084 2425 temporum,
2133 2356 2392 2410 adversus
2440 2370 2558 2422 quae
2590 2355 2706 2423 ipse
2744 2355 2889 2410 velut
2921 2355 3091 2409 aciem
3126 2355 3327 2409 instru-

1759 2447 1903 2501 xisse
1940 2447 2295 2516 conspicitur,
2338 2446 2668 2501 mentionem
2716 2445 2897 2501 facere
2938 2446 3322 2510 distulerimus,

1758 2540 1904 2593 velut
1944 2539 1989 2593 si
2033 2554 2097 2592 ea
2122 2538 2203 2593 vel
2239 2540 2687 2609 iguoraverimus,
2730 2540 2814 2595 vel
2858 2555 2966 2594 non
3012 2542 3084 2595 ita
3132 2556 3326 2607 magna
3436 2530 3439 2531 ⁷

1758 2630 2277 2685 existimaverimus.
2314 2630 2426 2701 Age
2451 2632 2632 2699 igitur,
2662 2633 2788 2686 inec
2826 2647 3040 2701 quoque
3080 2633 3329 2701 superio-

1760 2724 1911 2777 ribus
1953 2722 2312 2793 adjungamns
2353 2741 2368 2778 :
2406 2720 2549 2777 Tulit
2597 2733 2781 2778 nostra
2810 2734 2939 2777 aetas
2962 2724 3219 2792 primum,
3248 2729 3321 2782 et.

1758 2825 1818 2868 ut
1843 2815 2058 2886 opinor,
2107 2825 2443 2885 postremum
2489 2817 2713 2882 malum,
2761 2816 2863 2869 hoc
2892 2824 2999 2879 est,
3041 2815 3330 2882 imperato-

1762 2920 1896 2968 rem,
1944 2906 2033 2975 qui
2071 2916 2125 2958 et
2146 2919 2176 2957 a
2205 2904 2333 2969 Deo,
2376 2913 2429 2957 et
2458 2919 2486 2958 a
2524 2916 2703 2959 mente
2724 2904 2951 2970 defecit;
2978 2904 3071 2973 qui
3101 2919 3327 2973 parvum

1758 2996 1973 3066 quidem
1998 3011 2130 3060 opus
2152 3011 2272 3049 esse
2296 2994 2611 3061 arbitratus,
2649 2996 2844 3050 Persas
2878 2996 3106 3064 imperio
3136 3010 3234 3049 suo
3261 3011 3327 3051 ac

1759 3086 1945 3142 ditioni
1982 3085 2141 3157 353
2181 3086 2466 3155 subjicere,
2517 3102 2773 3154 magnum
2837 3095 3013 3140 autem
3064 3086 3331 3140 Christia-

1763 3196 1864 3235 nos
1895 3180 1952 3234 in
1980 3189 2303 3248 potestatem
2333 3179 2597 3248 redigere,
2644 3195 2763 3233 cum
2796 3178 2897 3246 ipsi
2939 3177 3097 3232 simul
3132 3180 3330 3232 dzemo-

84 3268 222 3330 ζετο,
263 3266 405 3319 ἀλλά
450 3268 546 3320 καὶ
588 3262 669 3331 οἷς
702 3266 966 3332 ἐϐιάζετο.
1011 3271 1085 3323 Οὐ
1115 3270 1222 3342 μὴν
1250 3269 1429 3325 λαθεῖν
1461 3266 1571 3336 οἶός
1597 3289 1655 3325 τε

1765 3285 1875 3333 nes,
1901 3285 1931 3323 a
1953 3271 2150 3339 quibus
2174 3269 2490 3335 ducebatur,
2517 3271 2589 3322 ita
2619 3270 2926 3333 suaderent,
2970 3269 3174 3322 nullum
3216 3269 3319 3323 im-

80 3356 140 3430 ἦν
176 3359 439 3413 κλέπτων
474 3360 566 3413 τὸν
592 3360 829 3431 διωγμὸν
863 3366 1198 3430 σοφιστικαῖς
1227 3363 1509 3428 ἐπινοίαις,
1540 3364 1661 3418 οὐδὲ

87 3455 188 3524 μὴν
222 3452 323 3504 καὶ
354 3449 605 3521 φανερῶς
630 3453 695 3521 τῇ
728 3450 1014 3522 δυναστείᾳ
1046 3451 1356 3523 χρώμενος·
1390 3454 1455 3507 ἵν’
1484 3453 1565 3507 ἐνί
1596 3470 1661 3523 γε

83 3546 151 3617 τῷ
172 3547 371 3618 τρόπῳ
402 3544 618 3606 πάντως
642 3542 879 3613 ἁλῶμεν,
904 3543 939 3615 ἢ
973 3544 1460 3616 κακουργηθέντες,
1483 3546 1515 3618 ἢ
1547 3546 1663 3618 βια-

86 3639 326 3702 σθέντες.
355 3636 557 3690 Τοῦτον
588 3636 671 3699 τίς
700 3634 949 3707 μᾶλλονῆ
978 3638 1401 3707 περιφρονήσας,
1430 3636 1463 3709 ἧ
1494 3655 1661 3691 κατα-

85 3729 245 3793 λύσας
269 3727 623 3799 εὑρίσκεταις
661 3727 772 3797 Τῆς
805 3726 916 3798 (52)
954 3728 1050 3799 μὲν
1082 3722 1174 3780 οὖν
1219 3729 1660 3799 περιφρονήσεως

86 3822 215 3893 πρὸς
259 3820 481 3882 πολλοῖς
528 3819 707 3882 ἄλλοις
746 3820 920 3872 ἐκεῖνο
966 3822 1208 3891 σημεῖον,
1240 3820 1384 3873 οἵτε
1425 3819 1659 3886 τοξόται,

87 3914 172 3967 καὶ
198 3915 229 3967 ὁ
258 3910 472 3965 τούτων
503 3908 825 3981 στρατηγὸς,
855 3908 949 3973 οὓς
976 3911 1177 3981 ἐπῆγεν
1214 3910 1417 3975 ἐκεῖνος
1443 3913 1553 3975 τοῖς
1586 3913 1663 3965 ἱε-

89 4011 193 4079 po't;
222 4007 401 4069 οἴκοις
428 4005 605 4077 ἡμῶν,
632 4004 706 4068 ὡς
731 4005 762 4077 ἢ
800 4003 1271 4077 παραληψόμενος,
1304 4003 1338 4075 ἢ
1365 4021 1664 4076 καταστρε-

86 4101 320 4171 ψόμενος
340 4098 475 4169 (55).
512 4096 724 4169 Ἐπειδὴ
751 4097 859 4169 γὰρ
886 4096 1101 4160 πολλοῖς
1120 4094 1438 4167 προσϐαλὼν
1461 4096 1659 4161 ἄλλοις,

89 4190 365 4246 κάνταῦθα
392 4185 526 4262 ἧκεν
558 4191 695 4261 μετά
726 4189 819 4243 τοῦ
847 4189 962 4242 ἴσου
985 4190 1348 4259 φρονήματος,
1379 4188 1565 4242 καὶ’τδ
1590 4191 1665 4242 ἰε-

90 4285 172 4355 ρδν
203 4283 394 4354 ἐζήτει
439 4282 578 4353 μετά
619 4282 727 4336 τῶν
766 4281 1221 4354 προσταγμάτων,
1250 4279 1502 4334 τοσοῦτον
1529 4282 1665 4333 ἁπο-

87 4375 312 4446 σχέσθαι
334 4373 446 4445 (54)
469 4372 562 4428 τοῦ
600 4391 654 4427 τι
691 4371 1137 4442 καταπράξασθαι
1160 4364 1234 4425 ὧν
1256 4371 1525 4437 ἐϐούλετο,
1552 4371 1661 4425 ῶσ-

86 4484 159 4532 τε,
192 4469 244 4521 εἰ
271 4466 350 4539 μὴ
382 4466 575 4519 θᾶττον
596 4464 869 4539 ὑπεκλίθη⁵
890 4464 966 4534 τῷ
996 4463 1115 4535 ἐμῴ
1135 4461 1243 4533 (55)
1266 4464 1450 4532 πατρὶ,
1475 4463 1508 4534 ἢ
1532 4465 1661 4535 παρ’

86 4534 286 4613 ἐαυτοϐ
323 4534 528 4622 συνεὶς,
568 4558 603 4629 ἦ
638 4574 783 4621 τινος
822 4534 1320 4628 συμϐουλεύσαντος
1357 4555 1464 4627 (56)
1498 4534 1660 4610 ἀκου-

88 4669 203 4716 σας,
235 4651 346 4705 κᾶν
371 4651 498 4711 τοὺς
525 4649 693 4714 πόδας
728 4649 940 4715 ξανθεὶς
968 4647 1256 4719 ἀπηλλάγη
1290 4647 1433 4718 (57),
1469 4647 1526 4714 ζέ
1538 4667 1659 4703 σαν-

86 4760 174 4806 τος
209 4744 302 4796 ἐπ’
332 4742 495 4795 αὐτὸν
530 4740 685 4813 θυμῷ
713 4740 809 4794 καὶ
837 4739 987 4809 ζήλῳ
1016 4738 1146 4811 περὶ
1180 4738 1274 4792 τοῦ
1308 4737 1435 4793 ναοῦ
1467 4739 1561 4792 τοῦ
1598 4741 1665 4793 ἱε-

89 4834 247 4902 ρέως.
281 4832 395 4904 Τὴν
418 4833 715 4886 κατάλυσιν
760 4830 817 4884 δὲ
848 4831 965 4893 πῶς
1011 4829 1076 4884 ἄν
1111 4847 1195 4895 τις
1228 4829 1427 4901 μᾶλλον
1468 4831 1660 4903 φανείη

88 4925 679 4995 πραγματευσάμενος,
723 4922 759 4995 ἣ
787 4921 1020 4994 δημοσίᾳ
1060 4921 1157 4994 μέν
1185 4921 1372 4992 εὐχαῖς
1404 4924 1499 4976 καὶ
1535 4922 1661 4995 δεή-

155 5086 487 5158 (4τ)-Παῒς.
520 5084 612 5158 Sic
660 5080 839 5158 plures
872 5082 1007 5158 Reg.
1046 5080 1295 5148 etColb.,
1328 5083 1431 5137 duo
1461 5081 1650 5145 Coisi.,

87 5153 177 5214 0r.
205 5153 421 5220 ‘l,Jes.,
441 5166 547 5209 etc.
585 5154 740 5207 Deest
768 5154 818 5207 in
848 5153 933 5206 ed.

88 5316 138 5353 tn
166 5315 257 5353 Cll.

157 5367 273 5439 (ιθ)
316 5363 681 5439 Ἀνεθέμεθα.
716 5360 887 5433 chg.
934 5376 987 5425 a,
1014 5362 1124 5425 bm,
1169 5359 1332 5415 Coisl.
1358 5362 1411 5426 5,
1448 5361 1541 5418 0r.
1595 5362 1646 5427 l,

88 5436 194 5494 Jes.
210 5480 223 5500 ,
266 5436 657 5504 ἀνεϐαλόμεθα.

156 5509 271 5579 (50)
294 5500 660 5579 Νομίζων-τες.
680 5505 751 5579 ]η
775 5500 1060 5579 nonnullis,
1086 5500 1419 5571 νομίσαντες.

159 5571 271 5643 (ῆι)
314 5571 630 5631 Ἐἆ-ἐλειπε.
678 5574 807 5643 Reg.
845 5591 896 5634 a,
928 5571 1157 5643 ἐνέλιπε.

160 5587 239 5640 (ibi
316 5587 630 5631 Ἑνένιειπε.
678 5587 807 5643 Heg.
845 5591 896 5634 a,
928 5587 1157 5624 ενεΑιπε.

160 5587 273 5721 (Si;
310 5646 449 5717 Τῆς.
488 5647 577 5701 Sic
604 5646 765 5716 Regg.
792 5662 843 5711 a,
878 5645 986 5705 bm,
1010 5652 1062 5697 et
1082 5642 1117 5695 2
1161 5640 1325 5696 Coisl.
1356 5640 1523 5696 Prave
1550 5641 1647 5705 Τίς

90 5721 142 5773 in
173 5724 259 5771 eti.

160 5790 271 5859 (55)
344 5785 525 5859 Ὠς-ἢ
583 5784 1103 5859 παραληψόμενος,
1155 5782 1194 5851 ἢ
1235 5783 1647 5859 καταστρεψό-

88 5856 290 5930 μενος.
352 5877 371 5910 ι
434 5856 502 5911 Ut
569 5858 650 5910 vel
705 5871 798 5911 eas
862 5857 1151 5923 acciperet,
1224 5856 1335 5921 (ab
1400 5857 1648 5920 episcopo

1760 5083 2032 5148 nimirum,
2084 5092 2177 5136 aut
2229 5097 2258 5136 a
2311 5081 2517 5136 civibus
2569 5083 2836 5153 traditas,)

255 5152 421 5237 ;J_es.,
441 5166 547 5237 etc.
578 5154 740 5237 'l‘ieest
768 5154 818 5207 in
848 5153 933 5237 ed.
963 5152 975 5154 Ὗ
1002 5220 1039 5237 Α
1077 5221 1089 5233 ο
1128 5221 1140 5237 1
1189 5221 1224 5237 Α
1359 5219 1380 5237 ἰ
1492 5219 1536 5237 Ἄ

1765 5154 2142 5237 obnitentibus,
2194 5170 2212 5203 ι
2243 5163 2525 5237 everteret.
2564 5172 2583 5205 ι
2646 5152 2811 5210 Coisl.
2876 5155 2927 5219 1,
2975 5157 3323 5225 κατασκεψά-

156 5228 272 5298 (48)
304 5219 420 5292 Ὡς.
458 5225 550 5280 Sic
578 5223 747 5295 Regg.
780 5238 833 5287 a,
859 5223 967 5286 bm,
1000 5220 1163 5277 Coisl.
1189 5221 1247 5287 2,
1272 5230 1326 5276 et
1352 5219 1465 5276 Jes.
1492 5219 1656 5276 Deest
1759 5241 1916 5295 μενος
1950 5220 2299 5296 [perperam].

166 5300 257 5348 ed.
425 5311 431 5316 '
1828 5296 1940 5348 (54)
1984 5291 2299 5348 Ἀποσγέσι

1752 5594 1812 5630 το

1759 3365 1981 3434 pietatis
2004 3378 2171 3432 genus
2187 3364 2651 3434 praetermittebat,
2680 3378 2819 3418 nunc
2843 3364 3151 3426 alliciendo,
3187 3379 3330 3418 nunc

1762 3456 2163 3520 comminando,
2195 3472 2337 3510 nunc
2365 3456 2617 3520 fallendo,
2645 3472 2789 3511 nunc
2819 3456 2979 3509 etiam
3012 3472 3119 3510 non
3148 3455 3322 3510 solum

1761 3546 1973 3601 callidis
1998 3546 2225 3611 artibus,
2252 3551 2344 3603 sed
2362 3550 2412 3600 vi
2438 3562 2653 3617 quoque
2686 3548 2929 3601 homines
2945 3548 3010 3601 ad
3039 3562 3097 3600 se
3123 3558 3330 3618 pertra-

1762 3636 1960 3693 hendo.
1978 3636 2087 3692 Nec
2105 3653 2232 3692 vero
2264 3638 2339 3692 ita
2363 3640 2594 3693 obscura
2625 3639 2744 3707 eius
2769 3639 2992 3692 consilia
3020 3653 3139 3692 esse
3172 3645 3322 3705 pote-

1763 3738 1903 3795 rant,
1955 3730 2082 3799 quin
2130 3741 2413 3800 appareret
2454 3744 2577 3785 eum
2623 3731 2856 3784 versutis
2918 3746 2982 3783 ac
3021 3730 3332 3798 suphisticis

1762 3820 2007 3874 artiﬁciis
2065 3822 2493 3890 persecutionem
2553 3832 2766 3891 tegere;
2819 3836 2918 3875 nec
2970 3837 3183 3875 rursum
3234 3836 3329 3890 po-

1760 3912 1927 3967 tentia
1957 3927 2073 3977 ,sua
2136 3922 2318 3982 aperte
2372 3914 2623 3969 utebatur
2652 3954 2667 3979 ,
2722 3928 2830 3983 quo
2879 3928 3069 3983 nempe
3118 3914 3329 3969 utrovis

1762 4006 1919 4059 modo
1968 4019 2189 4074 prorsus
2237 4019 2575 4074 caperemur,
2645 4006 2730 4061 vel
2780 4004 3023 4075 improbe
3087 4004 3327 4076 decepti,

1765 4096 1844 4151 vel
1871 4096 2065 4150 coacti.
2106 4096 2239 4163 Quis
2279 4111 2443 4171 porro
2493 4098 2821 4167 reperietur,
2853 4098 2943 4166 qni
2974 4097 3120 4152 hunc
3149 4100 3325 4169 magis

1762 4201 1855 4245 aut
1902 4192 2317 4261 contempserit,
2357 4200 2452 4246 aut
2493 4192 2863 4262 oppresserit?
2894 4190 3324 4260 Contemptionis

1761 4282 1999 4352 quidem,
2043 4284 2185 4338 inter
2211 4283 2377 4337 multa
2402 4285 2504 4337 alia
2533 4285 2710 4352 signa,
2744 4293 2911 4338 testes
2939 4294 3064 4339 sunt
3093 4287 3321 4353 sagitta-

1764 4371 1828 4425 rii
1865 4372 1963 4437 illi,
2007 4386 2303 4442 eorumque
2340 4373 2643 4442 praefectus,
2678 4389 2814 4443 quos
2852 4375 2903 4427 in
2944 4373 3201 4428 ecclesias
3230 4390 3331 4427 no-

1762 4474 1905 4517 stras
1933 4464 2255 4528 immiserat,
2290 4474 2348 4517 ut
2375 4480 2467 4519 eas
2494 4465 2576 4517 vel
2605 4466 2877 4519 deditione
2912 4465 3206 4532 acciperet,
3244 4464 3329 4518 vel

1762 4555 1928 4609 armis
1971 4555 2265 4623 subigeret.
2313 4555 2447 4609 Nam
2495 4571 2615 4609 cum
2662 4557 2859 4611 multos
2902 4556 3036 4610 alios
3079 4557 3326 4620 adortus,

1767 4646 1870 4700 huc
1913 4662 2020 4717 quo
2035 4662 2140 4718 que
2166 4649 2282 4718 pari
2310 4664 2429 4703 cum
2457 4649 2679 4702 audacia
2716 4649 2951 4703 venisset
2980 4664 3043 4703 ac
3072 4665 3192 4702 cum
3226 4649 3328 4703 im-

1768 4741 2034 4808 peratoris
2058 4740 2213 4807 jussu
2248 4741 2502 4811 templum
2533 4743 2632 4795 sibi
2669 4743 2805 4795 tradi
2834 4753 3172 4811 exposceret,
3206 4754 3325 4797 tan-

1765 4840 1874 4885 tum
1906 4830 2078 4885 abfuit
2102 4843 2158 4886 ut
2183 4833 2453 4905 quidpiam
2483 4849 2695 4896 eorum,
2722 4849 2841 4903 quae
2883 4836 3155 4903 cupiebat,
3202 4850 3323 4905 per-

1766 4921 1970 4987 liceret,
2002 4932 2081 4992 ut,
2110 4926 2211 4979 nisi
2244 4928 2382 4996 patri
2424 4940 2564 4989 meo,
2611 4928 2694 4982 vel
2729 4937 2920 4998 suapte
2956 4928 3204 4995 consilio,
3239 4927 3325 4981 vel

2898 5085 2979 5139 vel
3031 5085 3169 5149 illas,
3206 5106 3223 5137 ι
3262 5089 3327 5143 iis

1828 5291 2402 5365 (54)”Αποσχέἀθαι.
2429 5291 2599 5364 Regg.
2632 5309 2685 5359 a,
2713 5294 2822 5359 bm,
2862 5293 3026 5350 Coisl.
3057 5296 3114 5362 ὅ,
3149 5291 3242 5353 0r.
3270 5298 3322 5362 l,

1756 5363 1890 5427 16s.,
1919 5365 2203 5434 ἀπέσχετο.

1827 5421 1937 5504 (55)
1972 5421 2213 5502 Τῴ’ἓ·μῷ.
2246 5433 2376 5506 Reg.
2407 5432 2515 5493 bm.
2545 5434 2622 5506 τῷ
2659 5434 2765 5506 μῷ.

1828 5506 1939 5575 (5ϋ)
2000 5504 2604 5573 Συμόουλεύσαντος.
2652 5504 2745 5561 Οιί.
2812 5505 2864 5571 1,
2928 5505 3323 5577 συμϐουλεύον-

1818 5615 1936 5716 ἷὲίΊ)
1978 5644 2122 5712 Τοὺς
2172 5645 2359 5712 πόδας
2390 5644 2627 5711 ﬁcu-08k
2674 5645 3018 5715 ἀπηλλάγη.
3060 5646 3243 5701 Billius
3269 5650 3320 5701 in

1754 5715 1896 5771 Elin;
1945 5733 1962 5764 ι
1995 5717 2216 5781 pedibus
2252 5726 2509 5772 contusus
2543 5715 2783 5773 abiisset.
2808 5738 2826 5770 ι
2854 5718 3102 5774 Mendose
3128 5721 3179 5773 in
3209 5724 3321 5781 ed.,

1755 5784 2092 5857 ἀπηλλάγης.
