3852 6408
569 287 704 350 i0:317

1762 295 1817 350 S.
1861 294 2185 350 GREGORII
2228 294 2573 348 TlllZOlDGl

3648 301 3747 356 tuas

575 420 850 488 Cuiusdam
889 418 1187 478 admonitu,
1251 417 1502 486 protinus
1557 417 1834 478 cessisset,
1890 419 2130 472 calcibus

2241 435 2346 469 ςεσι
2378 417 2678 486 πανδήμοις
2717 413 2921 482 βάλλων
2957 416 3046 468 τὸν
3085 433 3380 487 αλιτηριον,
3428 420 3518 470 καὶ
3559 420 3660 472 οὐδὲ
3684 427 3749 475 τὸν

571 515 733 568 etiam
773 525 947 566 caasus
993 511 1330 565 discessurus
1381 511 1582 577 fuerit;
1632 512 1704 565 ita
1745 513 1798 564 in
1846 512 1992 564 illmn
2038 513 2127 565 fu-

573 622 695 660 rore
719 620 782 658 ac
812 603 991 671 templi
1024 603 1139 656 zelo
1170 603 1424 656 sacerdos
1455 604 1755 657 aestuabat!
1790 603 1922 670 Quis
1953 616 2130 657 autem

573 696 670 762 ipsi
704 694 930 748 exitium
965 694 1136 762 magis
1165 708 1511 762 comparasse
1548 694 1715 748 videri
1751 702 1932 762 queat,
1969 710 2131 762 quam

572 783 680 846 ille,
724 783 814 850 qui
865 781 1074 849 publice
1124 783 1342 850 quidem
1391 782 1698 849 conjunctis
1748 783 1908 836 totius
1947 783 2125 852 populi

571 875 710 928 votis
734 882 787 927 et
813 873 1065 942 precibus
1096 873 1361 941 impurum
1400 873 1551 926 iIlmn
1579 885 1632 926 ct
1665 875 1984 943 sacrilegum
2030 875 2130 926 im—

567 975 795 1036 peteret,
839 982 901 1020 ac
943 981 1006 1020 ne
1047 976 1254 1034 tempus
1284 980 1496 1034 quoque
1531 976 1830 1029 metueret;
1872 967 2120 1034 privatim

570 1065 771 1115 autem,
819 1063 1133 1108 nocturnam
1182 1053 1442 1106 adversus
1467 1069 1586 1106 cum
1616 1053 1786 1106 aciem
1811 1060 2127 1120 opponeret,

571 1156 730 1213 atque
755 1155 808 1198 et
833 1145 982 1198 humi
1012 1145 1257 1198 cubando
1286 1143 1488 1197 seniles
1520 1144 1636 1196 illas
1667 1155 1721 1198 et
1746 1147 1985 1199 roscidas
2012 1160 2134 1199 car-

573 1252 671 1290 nes
693 1236 1008 1298 conﬁceret.
1036 1245 1088 1290 et
1113 1235 1364 1306 Iacryntis
1386 1235 1748 1301 pavimentum
1769 1235 2132 1303 perfunderet,

572 1330 623 1380 in
647 1343 842 1380 annum
872 1328 1032 1381 etiam
1061 1326 1230 1379 ferme
1253 1326 1541 1394 integrum,
1571 1325 1732 1393 idque
1760 1328 1807 1381 ei
1843 1327 2126 1392 duntaxat,

570 1418 653 1470 cui
681 1434 765 1471 res
792 1418 1016 1470 occulta:
1048 1417 1276 1486 cognitae
1312 1424 1461 1478 sunt,
1507 1428 1804 1483 praastans,
1848 1415 2004 1469 nobis
2035 1431 2129 1469 au-

2231 509 2420 580 καιρὸν
2447 506 2668 560 εὐλαϐού
2681 523 2836 576 μενος
2858 525 2869 534 ·
2907 507 3012 577 ἰδίᾳ
3033 507 3090 560 δὲ
3112 507 3209 577 τὴν
3229 507 3545 578 νυκτερινὴν
3561 511 3754 578 rupi-.2-

2233 599 2312 663 ξιν
2346 598 2464 652 κατ’
2485 596 2648 650 αὐτοῦ
2677 596 3128 667 προϐαλλόμενος,
3157 598 3428 668 χαμευνία
3450 597 3556 666 (58)
3585 599 3669 666 μὲν
3683 602 3755 664 τὰς

2229 687 2455 760 γεραιὰς
2491 688 2602 759 (59)
2637 687 2847 748 ὲκείνας
2874 689 2964 739 καὶ
2989 687 3250 758 δροσερὰς
3283 688 3629 755 κατατρύχων
3658 690 3758 758 σάρ-

2230 798 2350 844 κας,
2377 781 2607 851 δάκρυσι
2636 779 2692 831 δὲ
2727 779 2987 848 πηγάζων
3005 779 3064 830 τὸ
3089 779 3298 845 ἔδαφος,
3340 777 3534 847 μικροῦ
3564 779 3662 846 (60)
3692 783 3760 833 καὶ

2231 874 2311 936 εἰς
2357 872 2598 925 ἐνιαυτὸν
2644 871 2762 924 ὅλον
2784 887 2796 900 ⁸
2837 871 3114 923 καὶτοῦτο
3149 870 3226 939 τῷ
3256 870 3366 934 (61)
3408 869 3516 922 τῶν
3549 873 3762 941 κρυπτῶν

2231 965 2448 1036 γνώστῃ
2490 965 2634 1034 μόνῳ
2675 964 2997 1032 φιλοσοφῶν,
3034 965 3179 1033 ἡμᾶς
3207 963 3263 1015 δὲ
3284 962 3570 1024 λανθάνειν
3597 964 3763 1032 ἐπιχει-

2236 1058 2340 1128 ρῶν
2367 1057 2454 1110 διὰ
2473 1056 2531 1108 τὸ
2554 1056 2944 1116 ἀνεπίδεικτον,
2975 1055 3161 1125 ὥσπερ
3184 1053 3340 1124 ἔφην.
3367 1055 3466 1122 τῆς
3494 1052 3762 1114 εὐλαϐεωξ

2232 1145 2343 1197 Καὶ
2382 1143 2558 1196 λαθὼν
2605 1142 2670 1197 ἂν
2709 1139 2776 1214 ἦν
2810 1144 3176 1208 παντάπασιν,
3219 1145 3268 1194 εἰ
3314 1144 3386 1212 μή
3424 1158 3555 1194 ποτε
3595 1142 3767 1211 ἀθρόως

2232 1235 2559 1288 ἐπεισελθὼν
2595 1233 2725 1302 ἐγὼ,
2761 1235 2855 1287 καὶ
2893 1233 3002 1303 (6‘2)
3048 1234 3348 1304 χαμευνίας
3397 1233 3637 1303 σύμϐολα
3677 1233 3770 1286 θεα-

2237 1328 2490 1397 σάμενος,
2529 1327 2624 1380 καὶ
2660 1326 2766 1379 τῶν
2794 1327 2921 1395 περὶ
2950 1325 3110 1377 αὑτὸν
3145 1325 3468 1394 πυθόμενος,
3506 1325 3623 1378 τίνα
3648 1326 3770 1379 ταῦτ’

2234 1412 2322 1487 ἦν,
2353 1416 2522 1484 ἔγνων
2552 1417 2648 1485 τῆς
2677 1415 2869 1478 νυκτὸς
2895 1415 2955 1467 τὸ
2991 1416 3310 1485 μυστήριον.

573 1520 676 1563 tem
711 1509 779 1562 ob
806 1509 1054 1577 pietatem
1087 1509 1152 1560 ab
1178 1508 1560 1568 ostentatione,
1585 1518 1645 1560 ut
1671 1507 1780 1575 jam
1815 1508 1947 1572 dixi,
1984 1508 2238 1572 alienam,
2269 1509 2447 1563 celare
2501 1507 2767 1562 studens?
2800 1508 2879 1562 Ac
2936 1517 3083 1561 certe
3145 1507 3366 1562 omnino
3387 1505 3635 1568 celasset,
3690 1510 3770 1562 nisi

571 1605 684 1674 ipse
723 1605 1011 1674 aliquando
1059 1604 1363 1659 cubiculum
1424 1604 1604 1658 subito
1658 1609 1957 1671 ingressus,

2034 1604 2472 1671 chameuniaeque
2541 1602 2689 1670 signa
2768 1601 3132 1668 conspicatus,
3201 1609 3363 1668 atque
3439 1613 3509 1654 ex
3572 1600 3772 1668 quodam

574 1699 744 1768 ipsius
770 1698 986 1761 famulo,
1022 1699 1276 1766 quidnam
1313 1701 1415 1754 hoc
1446 1710 1587 1754 esset
1619 1710 1986 1769 percontatus,
2031 1702 2204 1754 noctis
2237 1715 2494 1754 arcanum
2525 1697 2932 1753 intellexissem.

644 1793 884 1850 XXXIII.
927 1795 1162 1848 Alteram
1199 1795 1438 1864 ejusdem
1487 1797 1743 1863 temporis
1773 1794 2121 1864 ejusdemque

2297 1796 2417 1849 Al".
2452 1795 2681 1865 Ἕτερον
2725 1793 2781 1846 δὲ
2823 1791 2914 1844 τοῦ
2952 1791 3115 1845 αὐτοῦ
3157 1789 3352 1862 καιροῦ
3398 1791 3493 1843 καὶ
3522 1789 3617 1858 τῆς
3635 1789 3773 1858 αὐτῆς

573 1865 903 1938 fortitudinis
934 1884 1294 1938 narrationem
1318 1885 1563 1954 accipite.
1602 1885 1861 1940 Caasareae
1890 1887 2036 1940 cives
2061 1887 2128 1939 de

569 1974 803 2043 cpisc0pi
869 1976 1142 2029 creatione
1203 1975 1343 2030 inter
1395 1991 1453 2030 se
1498 1977 1953 2032 contendebant:
2009 1993 2133 2030 nam

571 2065 709 2118 alter
730 2074 1055 2125 excesserat,
1080 2063 1218 2118 alter
1243 2066 1645 2135 requirebatur,
1671 2067 1919 2135 aerisque
1942 2066 2136 2122 seditio

568 2169 708 2220 erat,
740 2164 794 2213 et
832 2172 952 2226 quae
982 2172 1086 2212 non
1140 2149 1300 2212 facile
1338 2159 1623 2229 comprimi
1664 2175 1732 2214 ac
1770 2161 1948 2215 sedari
1972 2158 2136 2230 355.

570 2259 771 2320 posset.
803 2249 1004 2304 Praeter
1031 2251 1084 2305 id
1105 2250 1271 2312 enim,
1307 2251 1452 2320 quod
1483 2261 1673 2306 natura
1703 2268 1826 2317 sua,
1854 2253 1908 2306 in
1938 2253 2038 2307 hac
2079 2269 2135 2306 re

576 2341 902 2411 praesertim,
943 2342 1014 2396 ob
1046 2342 1168 2395 fidei
1222 2341 1490 2397 fervorem
1547 2345 1612 2397 ad
1663 2345 1984 2399 seditionem
2014 2361 2137 2415 pro‘

570 2431 732 2484 clivis
775 2439 858 2485 est
883 2446 944 2484 ea
977 2431 1194 2495 civitas,
1225 2432 1495 2488 cathedrae
1537 2433 1754 2502 insuper
1785 2434 1928 2488 illius
1963 2435 2139 2502 splen-

572 2523 670 2576 dor
704 2531 758 2575 et
793 2522 964 2592 gloria
1003 2521 1257 2589 majorem
1298 2525 1660 2580 contentionis
1696 2524 1970 2578 cumulum
2003 2524 2134 2579 affe-

571 2615 745 2669 rebat.
792 2614 968 2684 Atque
1015 2615 1118 2669 hoc
1159 2625 1302 2668 statu
1348 2631 1436 2670 res
1464 2626 1579 2671 erat
1610 2637 1623 2672 :
1659 2632 1722 2671 ac
1752 2618 1990 2671 nonnulli
2024 2617 2137 2687 epi-

575 2704 722 2773 scopi
773 2707 1020 2770 aderant,
1080 2715 1140 2759 ut
1181 2707 1478 2762 antistitem
1524 2709 1739 2763 darent.
1786 2708 1889 2763 Sed
1927 2725 2046 2763 cum
2084 2710 2136 2761 in

575 2795 756 2865 plures
807 2796 1105 2851 sententias
1171 2797 1461 2852 multitudo
1514 2797 1954 2862 distraheretur,
2015 2798 2138 2852 alii-

509 2951 512 2956 _
573 2902 680 2956 que
730 2887 896 2940 alium
950 2898 1339 2957 proponerent,
1383 2889 1837 2956 quemadmodum
1862 2891 1914 2943 in
1945 2889 2137 2957 hujus-

573 2979 716 3033 modi
753 2980 913 3032 rebus
938 2979 1051 3033 fieri
1073 2981 1374 3042 consuevit,
1403 2989 1564 3048 prout
1601 2980 1826 3050 quisque
1857 2979 1943 3034 vel
1972 2981 2139 3034 bene-

571 3060 806 3124 volentia
829 3085 959 3139 erga
992 3071 1248 3140 aliquem,
1274 3069 1356 3124 vel
1381 3071 1582 3140 pietate
1611 3085 1738 3141 erga
1775 3073 1939 3126 Deum
1967 3073 2138 3127 duce-

2235 1887 2448 1958 ἀνδρίας
2481 1887 2590 1952 (65)
2618 1886 2879 1956 διήγημα·
2907 1883 3223 1948 ἐστασίαζεν
3252 1885 3284 1953 ἡ
3311 1882 3634 1952 Καισαρέων
3652 1882 3773 1944 πόλις

2237 1979 2363 2047 περὶ
2386 1976 2652 2048 προϐολὴν
2680 1975 2977 2047 ἀρχιερέως
3003 1975 3133 2045 (64),
3151 1974 3242 2030 τοῦ
3274 1975 3373 2044 μὲν
3398 1972 3770 2039 ὑπεξελθόντες,

2235 2067 2326 2120 τοῦ
2362 2067 2417 2119 δὲ
2447 2065 2892 2137 ὲπιζητουμένου,
2921 2067 3014 2118 καὶ
3045 2067 3077 2135 ἡ
3119 2066 3306 2127 στάσις
3350 2063 3568 2135 θερμὴ,
3603 2064 3687 2115 καὶ
3716 2068 3772 2132 μὴ

2238 2157 2422 2228 ῥᾳδίαν
2468 2156 2565 2228 τὴν
2605 2157 2758 2209 λύσιν
2799 2156 3014 2226 ἔχουσα.
3053 2154 3213 2207 Φύσει
3253 2171 3312 2206 τε
3348 2153 3462 2224 γὰρ
3503 2154 3627 2224 περὶ
3651 2154 3777 2206 τοῦτο

2240 2250 2471 2320 μάλιστα
2511 2247 2809 2318 στασιώδης
2843 2250 2875 2318 ἡ
2910 2247 3085 2310 πόλις,
3119 2247 3208 2299 διὰ
3233 2247 3344 2316 (65)
3371 2246 3678 2316 θερμότητα
3703 2247 3776 2299 πί-

2238 2357 2426 2403 στεως,
2463 2339 2558 2392 καὶ
2588 2338 2647 2391 τὸ
2673 2340 2769 2408 τῆς
2791 2338 3057 2408 καθέδρας
3080 2337 3345 2400 ἐπίδοξον,
3375 2335 3550 2389 πλείω
3587 2337 3676 2406 τὴν
3706 2355 3779 2402 ’,ςι-

2235 2431 2501 2484 λονεικίαν
2537 2430 2838 2501 εἰργάζετο.
2888 2429 3072 2483 Ταῦτα
3126 2425 3214 2500 ἦν,
3257 2429 3354 2482 καὶ
3399 2428 3653 2500 παρῆσαν
3690 2429 3778 2479 τῶν

2238 2525 2548 2578 ἐπισκόπων
2585 2524 2731 2587 τινὲς
2771 2522 2862 2575 τὸν
2906 2523 3164 2593 ἀρχιερέα
3194 2521 3490 2583 δώσοντεςν
3528 2521 3604 2583 ὡς
3638 2519 3686 2572 δὲ
3713 2521 3778 2580 εἰς

2237 2615 2452 2678 πλείους
2497 2614 2591 2668 τοῦ
2647 2614 2820 2685 δήμου
2871 2613 3251 2684 διαιρεθέντος,
3301 2612 3396 2664 καὶ
3431 2610 3608 2664 ἄλλων
3651 2610 3779 2663 ἄλλον

2240 2707 2709 2780 προϐαλλομένων,
2735 2707 2872 2776 ὅπερ
2901 2707 2957 2758 ὲν
2985 2708 3096 2767 τοῖς
3121 2703 3381 2768 τοιούτοις
3412 2702 3559 2772 φιλεί
3588 2703 3780 2772 συμϐαίο

2238 2818 2370 2862 νειν,
2399 2800 2473 2864 ὡς
2498 2801 2726 2863 ἕκαστος
2758 2799 2944 2869 ἔτυχεν
2970 2799 3002 2869 ἦ
3030 2797 3208 2867 φιλίας
3237 2796 3373 2868 πρός
3399 2814 3556 2860 τινας
3589 2796 3728 2866 ἔχων,
3751 2798 3776 2864 ἦ

2240 2891 2375 2961 πρὸς
2405 2890 2537 2944 Θεὸν
2595 2888 2898 2950 εὐλαϐείας,
2943 2887 3093 2950 τέλος
3138 2887 3536 2957 συμφρονήσας
3585 2889 3614 2939 ὁ
3645 2885 3780 2954 δῆμος

2239 2981 2403 3047 ἄπας,
2436 2981 2542 3034 τῶν
2566 2981 2793 3052 πρώτων
2825 2979 2936 3049 (66)
2971 2982 3097 3051 παρ’
3131 2979 3311 3043 αὐτοῖς
3337 2979 3455 3043 ἕνα,
3617 2978 3783 3047 μὲν

2240 3074 2571 3144 ειλεγμένον,
2598 3072 2750 3126 οὔπω
2784 3072 2838 3124 δὲ
2867 3073 2945 3143 τῷ
2975 3055 3102 3140 θείῳ
3132 3071 3468 3141 βαπτίσματι
3507 3087 3783 3140 κατεσφρα-

571 3162 733 3218 batur
767 3179 780 3214 :
836 3165 1048 3218 tandem
1086 3164 1239 3234 plebs
1282 3173 1394 3218 tota
1431 3178 1541 3218 uno
1580 3179 1842 3218 consensu
1895 3164 2132 3234 primarii

2241 3167 2517 3236 γισμένον.
2569 3165 2755 3218 τοῦτον
2813 3165 3012 3219 ἄκοντα
3065 3163 3538 3236 συναρπάσαντες,
3583 3165 3668 3215 καὶ
3689 3164 3785 3231 ἄμα

570 3255 778 3309 ordinis
815 3255 989 3309 virum
1036 3272 1224 3320 unum,
1264 3257 1374 3310 vita
1418 3255 1636 3326 quidem
1661 3264 1717 3310 et
1745 3255 1986 3310 moribus
2019 3255 2134 3308 exi-

573 3344 760 3406 mium,
797 3344 980 3398 divino
1021 3354 1198 3400 tamen
1241 3345 1513 3414 baptismo
1556 3346 1794 3398 nondum
1844 3344 2136 3414 consigna-

573 3445 708 3498 tmn,
749 3435 972 3489 invitum
1023 3444 1080 3489 et
1118 3445 1509 3506 repugnantem
1537 3437 1913 3506 corripientes,
1945 3435 2133 3490 simul-

573 3541 676 3594 que
726 3526 1055 3581 militaribus
1120 3528 1315 3597 copiis,
1370 3543 1490 3596 quae
1540 3537 1652 3581 tum
1697 3529 1752 3581 in
1795 3528 1928 3583 urbe
1955 3537 2133 3588 erant,

571 3630 725 3684 opem
757 3615 1132 3681 all‘erentibus,
1163 3618 1218 3671 in
1253 3620 1500 3673 sacrario
1537 3618 1894 3684 collocarunt,
1937 3625 1992 3672 et
2023 3618 2138 3682 cpi-

573 3709 751 3777 scopis
798 3709 1129 3774 obtulerunt,
1157 3710 1225 3762 ab
1255 3709 1429 3777 iisque
1454 3719 1639 3779 petere
1669 3711 2040 3772 instituerunt,
2076 3717 2134 3762 ut

573 3813 696 3850 eum
754 3798 1055 3862 initiarent,
1101 3808 1156 3853 et
1202 3800 1502 3853 antistitem
1551 3800 1968 3869 proclamarem,
2021 3798 2132 3852 vim

575 3888 791 3941 interim
830 3888 1066 3942 suasioni
1106 3887 1507 3943 admiscentes:
1541 3903 1648 3942 non
1683 3887 1737 3942 id
1777 3888 1994 3957 quidem
2041 3888 2137 3940 ad-

573 3979 789 4034 modum
826 3981 1064 4034 modeste
1085 3989 1246 4048 atque
1284 3981 1602 4050 composite,
1633 3981 1920 4034 admodum
1953 3990 2132 4035 tamen

573 4070 662 4137 pie
698 4078 858 4138 atque
893 4070 1168 4125 ardenter.
1212 4067 1399 4138 Neque
1432 4071 1520 4125 hic
1545 4071 1854 4135 dicendum,
1885 4071 2134 4140 quisnam

573 4174 660 4222 eo,
695 4158 773 4211 vel
807 4159 1034 4226 clarior,
1081 4159 1165 4213 vel
1206 4160 1402 4228 pietate
1442 4161 1787 4230 praestantior
1825 4162 2129 4216 exstiterit:

575 4251 626 4304 id
664 4259 872 4318 tempus
895 4251 1150 4304 ostendit.
1209 4250 1346 4316 Quid
1381 4253 1524 4306 enim
1565 4253 1644 4318 fit,
1700 4262 1755 4309 et
1795 4270 1900 4324 quo
1940 4255 2135 4310 seditio

575 4359 854 4414 progressa
883 4346 997 4400 est?
1025 4345 1208 4400 Coacti
1248 4346 1320 4399 illi
1355 4362 1477 4401 eum
1508 4349 1882 4417 puriﬁcanmt,
1924 4351 2136 4406 antisti-

575 4445 680 4490 tem
735 4438 1145 4514 reuuntiarunt,
1198 4438 1249 4491 in
1307 4439 1499 4493 throno
1555 4440 1922 4507 collocarunt”,
1973 4459 2130 4497 manu

575 4539 751 4583 tamen
810 4530 1009 4597 potius,
1066 4545 1226 4599 quam
1275 4515 1874 4603 voluntatelanimique
1914 4536 2130 4598 affectu,

571 4619 719 4674 velut
760 4629 945 4692 postea
998 4621 1326 4676 declaratum
1377 4634 1481 4678 est.
1531 4622 1603 4678 Ut
1633 4627 1774 4679 enim
1833 4626 2136 4682 lubentibus

572 4707 767 4765 animis
813 4711 1198 4779 discesserunt,
1249 4730 1314 4769 ac
1359 4716 1682 4770 sententiam
1721 4732 1873 4770 suam
1903 4719 1955 4772 in
1985 4719 2132 4773 arbi-

575 4801 675 4853 trio
700 4816 796 4856 suo
829 4814 882 4856 et
914 4812 1177 4872 potestate
1215 4804 1537 4870 habuerunt,
1567 4807 1848 4861 consilium
1871 4807 2030 4882 inter
2077 4824 2136 4864 se

575 4896 777 4956 ineunt,
821 4895 963 4948 haud
1009 4896 1122 4949 scio
1165 4911 1232 4949 an
1271 4895 1507 4965 Spiritus
1544 4898 1799 4968 impulsu,
1832 4900 1924 4953 sed
1950 4899 2136 4954 ineunt

575 4995 775 5049 tamen,
808 4999 998 5055 nempe
1032 4995 1090 5038 ut
1127 4986 1260 5041 nihil
1299 5003 1509 5056 eorum,
1541 5005 1662 5059 qua:
1704 5001 1854 5059 gesta
1896 4991 2132 5056 fuerant,

648 5164 1120 5251 (58)'Xaysvrlgz.
1174 5165 1265 5219 Sic
1321 5164 1482 5221 Coisl.
1538 5167 1590 5228 1,
1635 5163 1768 5233 Jes.,
1805 5177 1906 5221 etc.
1939 5167 1992 5221 In
2017 5166 2127 5228 ed.,

569 5251 887 5306 χαμευνιαν.

642 5306 752 5390 (5'39)
815 5307 926 5373 Τὰς
989 5305 1246 5376 γεραιάς.
1328 5303 1422 5360 0r.
1488 5307 1512 5361 1
1582 5316 1634 5362 et
1695 5305 1820 5373 alii,
1880 5307 1978 5372 τὰς
2040 5324 2138 5378 γη-

571 5391 751 5519 ραξέὃ)
777 5446 1020 5519 Ηηᾲκρρῦ.
1040 5447 1181 5519 Βρε.
1200 5461 1252 5507 a,
1296 5446 1505 5519 μικρόν.

641 5516 753 5587 (6i)
791 5515 892 5580 Τῷ.
921 5515 1010 5570 Sic
1038 5515 1167 5587 Reg.
1193 5515 1308 5587 Iun,
1331 5529 1382 5571 et
1399 5515 1518 5574 'Jes.
1549 5519 1705 5571 Deest
1725 5517 1776 5570 in
1802 5521 1886 5573 ed.

642 5585 754 5655 (6‘2)
776 5588 904 5638 Kal.
937 5587 1091 5641 Deest
1120 5585 1168 5640 in
1196 5586 1326 5655 Reg.
1362 5590 1469 5650 bm,
1493 5597 1545 5641 et
1573 5588 1664 5642 Ot‘.
1695 5588 1743 5640 1.

645 5654 754 5726 (65)
821 5657 1108 5724 Ἀνδρίας.
1184 5654 1290 5710 δίο
1341 5658 1581 5726 plerique
1639 5659 1793 5712 codd.
1856 5657 2019 5713 Coisl.
2072 5658 2125 5720 3,

572 5730 625 5775 et
654 5725 746 5778 0r.
797 5726 848 5793 I,
875 5727 1140 5792 ἀνδρείας.
1176 5725 1349 5784 Ρηνθί
1375 5730 1424 5784 in
1455 5725 1563 5785 ed.,
1595 5728 1902 5800 ἀνανδρίας,
1936 5749 1952 5780 ι
1980 5732 2126 5800 igna-

1033 5855 1037 5860 .
1101 5818 1126 5842 ’
1883 5833 1898 5863 ι

2241 3257 2634 3330 στρατιωτικῆς
2654 3256 2833 3328 χειρὸς
2867 3256 3261 3327 συλλαϐομένης
3294 3255 3782 3323 αὑτοῖς-τηνικαῦτα

2237 3348 2606 3420 ὲπιδημούσης
2656 3349 2748 3400 ἐπὶ
2789 3349 2850 3400 τὸ
2888 3347 3036 3418 βῆμα
3074 3347 3287 3410 ἔθεσαν,
3314 3347 3409 3401 καὶ
3444 3351 3559 3410 τοῖς
3591 3349 3785 3399 ἑπισκτεο

2238 3457 2359 3503 ποις
2385 3442 2748 3513 προσήγαγον,
2777 3439 2894 3494 τελε
2905 3440 3092 3511 σθῆναι
3113 3459 3169 3494 τε
3190 3441 3372 3510 ἠξίουν
3408 3442 3503 3494 καὶ
3537 3441 3782 3511 κηρυχθῆ-

2236 3547 2344 3593 ναι,
2373 3531 2550 3585 πειθοῖ
2577 3531 2697 3600 βίαν
2723 3531 3081 3601 ἀναμίξαντες
3098 3549 3111 3561 ·
3146 3532 3205 3584 οὺ
3242 3531 3360 3584 λίαν
3387 3531 3485 3602 μὲν
3510 3533 3785 3593 εὐτάκτως.

2236 3622 2354 3676 λίαν
2401 3623 2456 3676 δὲ
2505 3626 2711 3688 πιστῶς
2762 3624 2855 3677 καὶ
2886 3624 3180 3695 διαπύρως.
3213 3623 3506 3678 Κάνταῦθα
3537 3625 3634 3677 οὐκ
3661 3626 3788 3677 ἔστιν

2237 3715 2430 3777 εἰπεῖν,
2459 3715 2640 3770 ὅντινα
2659 3715 3087 3787 εὐδοκιμωτέρων
3109 3716 3314 3769 ἐκείνου
3347 3717 3442 3768 καὶ
3467 3716 3787 3769 θεοσεϐέστε-

2239 3821 2331 3878 ρον
2362 3805 2612 3870 διέδειξεν
2640 3808 2668 3860 ὁ
2700 3806 2908 3876 καιρός.
2945 3807 3009 3859 Τί
3041 3807 3148 3878 γὰρ
3180 3808 3409 3876 γίνεται,
3436 3809 3531 3860 καὶ
3553 3811 3644 3859 ποῖ
3671 3825 3786 3877 προ-

2236 3898 2398 3967 ῆλθεν
2429 3898 2460 3967 ἡ
2493 3897 2714 3962 στάσις;
2757 3897 3138 3968 Ἐϐιάσθησαν,
3168 3899 3419 3968 ἥγνισαν,
3444 3899 3787 3970 ἀνεκήρυξαν,

2236 3991 2329 4043 ἐπὶ
2367 3989 2458 4042 τὸν
2490 3989 2675 4060 θρόνον
2705 3989 2916 4052 ἔθεσαν,
2950 3990 3094 4060 χειρὶ
3144 3989 3339 4060 μᾶλλον
3399 3991 3432 4062 ἢ
3471 3990 3666 4063 γνώμῃ
3710 3991 3790 4042 καὶ

2235 4078 2468 4131 διαθέσει
2515 4080 2855 4150 πνεύματος·
2901 4078 3144 4150 ἐδηλώθη
3191 4080 3246 4133 δὲ
3280 4083 3393 4144 τοῖς
3431 4083 3569 4150 μετὰ
3611 4081 3787 4134 ταῦτα.

2249 4169 2334 4232 Ὠς
2363 4171 2470 4240 γὰρ
2499 4170 2889 4241 ἀπηλλάγησαν
2918 4170 3162 4239 ἄσμενοι,
3197 4171 3290 4223 καὶ
3317 4170 3540 4243 γνώμης
3565 4173 3792 4239 ἐγένοντο

2236 4261 2431 4332 κύριοι,
2484 4261 2678 4332 βουλὴν
2730 4261 3068 4331 βουλεύονται
3118 4264 3215 4315 σὺν
3249 4263 3522 4333 ἀλλήλοις,
3560 4266 3662 4316 οὐκ
3692 4259 3790 4315 οἶδα

2239 4350 2338 4420 μὲν
2369 4352 2418 4403 εἰ
2444 4351 2814 4422 πνευματικὴν
2847 4352 2979 4420 (67),
3020 4350 3357 4420 βουλεύονται
3380 4354 3424 4406 δ’
3447 4355 3616 4424 ὅμως,
3651 4355 3790 4424 μηδὲν

2238 4441 2424 4512 κύριον
2455 4437 2704 4512 ἡγεῖσθαι
2731 4442 2839 4493 τῶν
2868 4441 3292 4511 πεπραγμένων,
3337 4444 3469 4515 μηδὲ
3508 4446 3603 4514 τὴν
3643 4446 3792 4497 κατά-

2244 4549 2431 4586 στασιν
2481 4531 2763 4604 ἔγκριτον·
2813 4536 2912 4601 τήν
2949 4549 3008 4585 τε
3058 4531 3178 4601 βίαν
3214 4535 3597 4598 ἐπικαλοῦντες
3641 4537 3788 4604 αὐτῷ.

2245 4621 2409 4692 μηδὲν
2452 4617 2613 4692 ἦττον
2649 4621 2938 4692 βιασθέντι,
2975 4624 3068 4677 καὶ
3112 4624 3370 4694 ῥημάτων
3410 4624 3791 4696 λαμϐανόμεπί

2241 4734 2420 4776 τινων,
2445 4715 2519 4780 ὡς
2553 4717 2855 4788 εἰρημένων
2887 4715 3185 4788 τηνικαῦτα
3206 4719 3642 4788 προπετέστερον
3671 4720 3702 4790 ἢ
3731 4735 3794 4769 σο-

2241 4809 2502 4880 φώτερον.
2527 4809 2600 4861 Οὐ
2631 4809 2736 4879 μὴν
2762 4809 2791 4860 ὁ
2816 4808 2984 4879 μέγας
3013 4810 3322 4880 ἀρχιερεὺς,
3352 4810 3447 4862 καὶ
3467 4809 3678 4872 δίκαιος
3703 4809 3790 4860 τῶν

2240 4900 2578 4970 πραγμάτων
2607 4898 2918 4968 ἐξεταστὴς,
2950 4900 2982 4970 ῆ
3010 4899 3328 4970 συναπήχθη
3349 4903 3463 4963 τοῖς
3495 4901 3672 4954 ταῦτα
3691 4901 3790 4970 βουο

2239 4990 2564 5060 λευομένοις,
2612 4990 2646 5061 ἢ
2695 4990 2792 5060 τὴν
2839 4991 3063 5062 γνώμην
3103 4992 3394 5063 ἐπῄνεσεν·
3443 4993 3564 5045 ἀλλ’
3603 4993 3788 5064 ἔμεινεν

2239 5183 2430 5308 mihi)
2465 5242 2823 5310 Ἀρχιερέως.
2861 5259 2880 5291 ε
2919 5240 3124 5294 Summi
3169 5240 3500 5301 sacerdotis.
3535 5261 3554 5292 ι
3611 5243 3662 5295 id
3705 5252 3784 5300 est,

2249 5327 2268 5359 ι
2299 5310 2555 5378 episcopi.
2600 5332 2618 5362 ι
2651 5312 2770 5364 Bill.
2804 5329 2822 5361 ι
2859 5312 3268 5381 archiepiscopi,
3308 5331 3326 5362 ι
3377 5327 3502 5382 qua:
3530 5328 3634 5368 vox
3680 5330 3786 5365 non-

2245 5382 2368 5430 dmn
2393 5391 2509 5432 erat
2535 5383 2585 5432 in
2609 5397 2727 5434 usu.

2315 5449 2424 5518 (65)
2469 5449 2590 5503 Διά.
2617 5451 2707 5504 Sic
2737 5452 2900 5522 Regg.
2932 5468 2983 5514 a,
3015 5451 3126 5520 bm,
3158 5451 3264 5506 duo
3297 5451 3491 5519 Coisl.,
3521 5451 3656 5516 Jes.,
3703 5460 3779 5505 etc.

2242 5516 2296 5569 Ιιι
2326 5516 2413 5572 eti.
2445 5522 2612 5573 deest.

2311 5588 2420 5650 (66)
2457 5589 2577 5642 Τῶν
2629 5589 2888 5660 πρώτων.
2921 5592 3012 5646 Sic.
3060 5591 3224 5648 Coisl.
3283 5593 3334 5656 ι,
3385 5591 3484 5646 0r.
3535 5591 3714 5652 1,.Ies.
3742 5602 3781 5643 et

2236 5657 2474 5732 Cutultef.
2507 5661 2562 5713 In
2589 5657 2696 5724 ed.,
2725 5663 2816 5714 τὸν
2844 5663 3075 5732 πρῶτον.
3150 5693 3156 5698 -

2303 5728 2413 5800 (67)
2444 5732 2512 5784 Εἰ
2545 5728 2972 5802 πνευματικήν.
3017 5733 3199 5788 Billius
3241 5750 3255 5785 :
3290 5749 3310 5784 ι
3343 5746 3415 5787 an
3450 5731 3736 5802 spirituale.
3765 5749 3778 5778 ι
