3892 6556
108 378 268 434 1οΞ9

1053 378 1307 434 ORATIO
1349 377 1530 433 XVIII.
1574 411 1642 419 —
1680 376 2024 434 FUNEBRIS
2060 376 2125 430 IN
2165 378 2464 433 PATREM.

3234 386 3255 438 I
3266 387 3376 442 030

102 495 353 565 ἀκλινὴς
373 510 471 547 και
491 509 775 566 αηττητος,
800 494 950 547 οὐδέν
973 512 1034 563 γε
1059 492 1219 560 ἦττον
1242 496 1275 566 ἦ
1307 496 1438 567 μηδὲ
1466 494 1701 565 βιασθεὶς

1810 501 1983 547 ratum
2023 508 2087 548 ac
2128 494 2341 549 firmum
2382 510 2500 550 esse
2542 495 2820 561 ducerent,
2861 512 2956 551 nee
2983 498 3372 557 institutionem

101 587 279 648 ὅλως.
346 586 565 656 Χῄναι
622 587 750 657 γὰρ,
797 586 981 656 κοινῆς
1023 585 1132 655 (68)
1174 586 1341 656 οὔσης
1370 587 1469 655 τῆς
1493 586 1632 657 βίας,
1674 586 1708 654 ἢ

104 673 576 741 κατηγοροῦντας
615 673 1179 745 ἀντικατηγορεῖσθαι,
1211 675 1243 745 ἢ
1271 676 1527 743 ἀφιέντας
1556 675 1712 743 ἀφίε-

105 762 276 827 σθαιτ
304 767 338 835 ἢ
378 765 445 818 τό
481 782 545 833 γε
576 765 928 836 δικαιότερον,
962 766 1087 836 μήτ’
1121 766 1231 836 (69)
1268 767 1526 832 ἀφιέντας
1553 767 1711 835 ἀφίε-

108 856 263 909 σθαι.
305 858 370 909 ει
419 858 519 927 μὲν
570 858 678 927 γὰρ
728 858 927 920 αὐτοὺς
958 854 1097 910 εἷναι
1132 857 1459 928 συγγνώμης
1503 857 1707 921 ἀξίους,

107 951 377 1002 κάκεῖνον
412 951 635 1013 πάντως
657 966 671 979 ο
702 950 752 1001 εί
774 949 832 1001 δὲ
867 950 1129 1020 μηδαμῶς
1148 952 1370 1014 ἐκεῖνον,
1408 950 1569 1020 σχολῇ
1603 951 1711 1021 γὰρ

108 1039 171 1089 iv
200 1039 440 1101 αὐτούς.
472 1038 662 1109 Πολλῷ
688 1039 795 1108 γὰρ
822 1038 1028 1108 βέλτιον
1052 1036 1210 1101 εἶναι,
1231 1039 1352 1091 τότε
1380 1039 1711 1092 κινδυνεύειν

107 1130 204 1181 καὶ
242 1130 575 1182 ἀντιτείνειν
635 1130 793 1200 μέχρι
848 1130 1068 1192 παντὸς,
1124 1130 1157 1201 ἢ
1219 1130 1444 1198 ὕστερον
1496 1131 1710 1184 ἐπιϐουο

108 1221 319 1279 λεύειν,
354 1222 465 1275 κάν
493 1221 667 1291 τούτῳ
691 1221 769 1292 τῷ
792 1222 965 1291 καιρῴ
996 1222 1107 1293 (70)
1139 1222 1392 1292 μάλιστα,
1432 1222 1591 1293 ἡνίκα
1616 1223 1709 1275 καὶ

108 1312 208 1374 τὰς
257 1310 440 1375 οὔσας
481 1311 680 1383 ἔχθρας
714 1310 1001 1363 καταλύειν
1029 1311 1252 1381 ἄμεινον
1279 1308 1368 1383 ἦν,
1401 1312 1434 1384 ἢ
1476 1313 1574 1377 τὰς
1605 1314 1705 1366 οὐκ

108 1403 289 1469 οὔσας
324 1407 602 1476 περινοεῖν
626 1422 639 1434 ·
676 1400 788 1473 εἶχε
817 1404 927 1475 γὰρ
949 1402 1140 1467 οὕτως.

1814 584 2147 655 legitimam:
2187 585 2294 638 vim
2344 586 2392 639 ei
2434 586 2770 654 objicientes,
2820 588 2907 656 qui
2956 605 3058 644 non
3110 592 3373 646 minorem

1807 674 1921 743 ipse
1951 676 2058 728 vim
2088 690 2278 744 passus
2310 675 2508 738 fuerat,
2541 692 2603 729 ac
2629 693 2907 733 sermones
2933 682 3191 747 quosdam
3223 684 3371 737 arri-

1808 766 2047 834 pientes,
2102 775 2163 819 ut
2213 767 2517 835 petulanter
2572 768 2744 837 magis
2780 782 2940 836 quam
2986 771 3260 837 sapienter
3309 787 3375 827 eo

1808 866 2048 926 tempore
2075 857 2331 926 prolatos.
2360 861 2429 911 At
2460 859 2707 921 antistes,
2736 868 2788 913 et
2816 875 3002 928 aequus
3027 876 3206 915 rerum
3229 865 3375 917 aesti—

1808 958 2008 1013 mator,
2056 964 2155 1003 nec
2176 965 2295 1003 cum
2345 950 2430 1015 iis,
2475 951 2565 1018 qui
2610 950 2909 1017 hujusmodi
2953 953 3235 1007 consilium
3288 954 3373 1007 in-

1817 1041 1984 1106 ibant,
2020 1042 2281 1097 abductus
2297 1052 2399 1105 est.
2425 1057 2524 1095 nec
2553 1057 2736 1096 eorum
2770 1044 3090 1098 sententiam
3122 1061 3371 1113 compro-

1811 1132 1988 1194 bavit,
2034 1148 2220 1186 verum
2261 1144 2516 1186 constans
2574 1143 2734 1202 atque
2781 1135 3011 1189 invictus
3054 1136 3371 1202 permansit,

1814 1241 1919 1278 non
1963 1225 2141 1280 minus
2178 1240 2338 1295 quam
2374 1226 2416 1279 si
2456 1224 2598 1278 nulla
2641 1227 2858 1279 omnino
2891 1226 2973 1280 vis
3003 1227 3101 1294 ipsi
3135 1228 3371 1281 adhibita

1810 1314 2023 1370 fuisset.
2066 1314 2199 1369 Nam
2244 1331 2367 1370 cum
2409 1317 2491 1369 vis
2536 1317 2834 1370 communis
2871 1327 3034 1382 esset,
3070 1328 3366 1385 oporteret,

1803 1415 1863 1459 ut
1908 1412 2001 1458 aut.
2044 1416 2359 1461 accusantes
2402 1405 2635 1459 vicissim
2686 1418 3099 1470 accusarentur,
3143 1417 3234 1459 aut
3277 1410 3370 1460 ab-

107 1497 404 1551 solventes
435 1496 889 1563 absolverentur;
920 1505 1036 1558 aut,
1071 1494 1213 1563 quod
1267 1494 1463 1563 justius
1497 1504 1635 1559 erat,
1711 1508 1778 1549 ne
1810 1494 2150 1550 absolventes
2196 1495 2411 1564 quidem
2460 1496 2881 1550 absolverentur.
2932 1497 2988 1550 Si
3031 1498 3173 1550 enim
3230 1498 3364 1566 ipsis

113 1594 272 1646 venia
310 1593 627 1655 deberetur,
673 1590 863 1659 utique
888 1596 943 1641 et
978 1586 1051 1639 illi
1088 1603 1100 1638 :
1138 1588 1221 1641 sin
1264 1586 1340 1639 illi
1375 1586 1519 1639 nullo
1552 1584 1706 1639 modo
1746 1585 2128 1656 ignoscendum
2188 1594 2352 1651 esset,
2389 1585 2556 1638 multo
2622 1594 2768 1639 certe
2805 1586 2981 1641 minus
3011 1587 3155 1655 ipsis.
3188 1587 3369 1658 Longe

112 1684 263 1739 enim
320 1685 497 1740 satius
540 1683 751 1747 fuisset,
786 1690 844 1734 ut
879 1678 976 1748 ipsi
1019 1687 1129 1732 tum
1168 1679 1424 1745 temporis
1468 1677 1763 1746 periculum
1822 1678 2056 1739 adirent,
2122 1686 2283 1746 atque
2311 1675 2377 1728 ad
2433 1684 2731 1730 extremum
2794 1693 2963 1745 usque
3018 1679 3365 1738 obsisterent.

118 1788 281 1837 quam
326 1783 385 1828 ut
431 1782 617 1844 postea
651 1773 873 1830 insidias
894 1782 1288 1843 compararent,
1315 1789 1488 1844 eoque
1517 1774 1680 1844 355
1720 1773 2019 1843 praesertim
2047 1783 2303 1841 tempore,
2373 1786 2479 1840 quo
2542 1783 2676 1826 ortae
2702 1772 2812 1842 jam
2866 1774 3161 1829 inimicitiae
3188 1774 3367 1844 potius

114 1880 305 1925 essent
324 1869 851 1940 deponendze,quam
875 1886 1028 1925 novre
1048 1872 1435 1941 excogitanda}.
1461 1870 1551 1925 Sic
1574 1872 1716 1925 enim
1757 1885 1842 1924 res
1876 1885 1932 1923 se
1957 1867 2207 1922 habebat.

179 1961 312 2013 ΛΝ.
348 1958 540 2030 Παρῆν
593 1959 690 2029 μὲν
726 1961 755 2012 ὁ
789 1959 1042 2028 βασιλεὺς
1089 1960 1303 2031 βρέμων
1330 1961 1695 2032 Χριπιανοῖς,

1870 1958 2110 2013 XXXIV.
2142 1959 2343 2012 Aderat
2375 1958 2669 2028 imperator
2707 1958 2967 2012 adversus
3020 1958 3364 2012 Christianos

117 2052 175 2104 St.‘
211 2052 397 2121 ὀργῆς
429 2050 487 2102 δὲ
514 2052 546 2121 ἡ
577 2051 898 2121 χειροτονία,
924 2051 1195 2121 ὴπειλεῖτο
1225 2051 1281 2104 δὲ
1306 2053 1333 2104 ὁ
1355 2051 1698 2124 επροὸληθείςο

119 2143 205 2196 ἐπὶ
255 2140 432 2212 ξυροῦ
466 2140 578 2212 (71)
605 2141 660 2193 δὲ
698 2143 732 2211 ἡ
766 2142 940 2205 πόλις,
970 2143 1002 2212 ἢ
1041 2144 1230 2213 μηκέτ’
1268 2138 1405 2195 εἶναι
1435 2141 1571 2212 μετά
1601 2143 1701 2213 τὴν

118 2234 335 2302 ἡμέραν
363 2230 597 2302 εκείνην,
630 2231 662 2301 ἢ
697 2231 1089 2303 περισωθῆναι,
1121 2232 1214 2286 καί
1233 2249 1377 2307 τινος
1398 2231 1702 2312 φιλανθρωέ

122 2326 249 2395 πίας
278 2326 487 2394 τυχεῖν.
534 2323 929 2394 Προσεγεγόνει
966 2323 1075 2395 γὰρ
1118 2317 1199 2386 οἷς
1225 2322 1539 2394 παρώξυντο
1571 2323 1699 2394 περὶ

239 2402 454 2485 Τύχης,
486 2414 542 2465 ὲν
570 2413 748 2484 καιρῷ
773 2414 871 2484 τῆς
896 2413 1150 2485 εὐτυχίας
1177 2413 1577 2486 περιλυθείσης,
1606 2414 1700 2466 καὶ

123 2508 151 2574 η
177 2506 312 2576 περὶ
341 2505 437 2557 τὸν
474 2504 643 2575 ἄνδρα
675 2504 1018 2574 καινοτομία,
1049 2503 1125 2567 ὡς
1158 2503 1267 2557 τῶν
1298 2503 1572 2575 δημοσίων
1608 2521 1700 2556 σε-

120 2597 466 2666 συλημένων.
502 2594 710 2667 Ἐζήτει
739 2596 795 2648 δὲ
824 2597 851 2649 ὁ
877 2594 970 2649 τοῦ
996 2594 1180 2657 ἔθνους
1208 2594 1389 2665 ἄρχων
1418 2594 1445 2647 ὃ
1463 2611 1517 2647 τι
1546 2593 1700 2666 χαρί-

120 2394 239 2403 ι-τινο.

120 2688 383 2767 σαιτοξῷ
409 2687 609 2759 καιρῷ,
647 2688 893 2741 κάκεῖνον
920 2686 973 2739 τί
993 2686 1201 2756 διαθείη
1232 2686 1418 2751 κακὸν,
1452 2674 1735 2741 obde-6'0}:

122 2762 387 2846 ιὼξέῷδς
418 2776 579 2830 αὐτὸν
604 2775 741 2847 ἔχων
770 2775 1104 2841 ἐπιτηδείως,
1136 2775 1248 2829 ἀλλ’
1281 2776 1357 2840 ὡς
1389 2776 1447 2844 ἐξ
1476 2777 1698 2831 ἀντιπο-

121 2868 325 2930 λιτείας
372 2868 627 2938 διάφορος
669 2868 763 2921 ὧν.
808 2867 1019 2921 Ἐκάλει
1058 2868 1115 2921 δὲ
1144 2868 1209 2920 δι’
1242 2869 1538 2922 ἐπιστολῶν
1571 2870 1697 2933 τοὺς

122 2962 610 3033 χειροτονήσαντας
643 2960 720 3024 ὡς
757 2962 1249 3033 κατηγορήσοντας,
1286 2962 1385 3014 οὐκ
1415 2961 1495 3014 ἔτι
1524 2963 1699 3032 ἀπραο

131 3052 364 3122 τμὸνως,
401 3052 515 3104 ἀλλ’
545 3052 643 3123 ἤδη
673 3068 727 3104 τι
759 3052 853 3105 καὶ
874 3051 1106 3121 ἀπειλῆς
1126 3052 1236 3123 (72)
1267 3051 1598 3121 προστιθεὶς,
1624 3052 1699 3115 ὼς

129 3144 276 3196 τοῦτο
306 3141 667 3206 ἀπαιτοῦντος
691 3143 802 3215 (75)
821 3143 915 3195 τοῦ
944 3144 1225 3213 βασιλέως.
1255 3144 1385 3197 Τότε
1406 3142 1585 3197 τοίνυν
1606 3143 1698 3196 καὶ

124 3236 259 3307 πρὸς
305 3235 472 3287 αὑτὸν
515 3235 774 3305 ἐλθούσης
814 3235 1119 3306 ἐπιστολῆς,
1155 3236 1305 3289 οὐδὲν
1345 3235 1543 3302 δείσας,
1577 3235 1697 3289 οὐδὲ

1804 2047 2078 2114 fremens;
2130 2049 2272 2103 hanc
2325 2060 2506 2102 autem
2567 2049 2964 2102 ordinationem
3017 2048 3157 2102 irato
3203 2058 3367 2117 atque

1801 2138 2022 2192 incenso
2042 2137 2221 2191 animo
2241 2137 2473 2201 ferebat,
2502 2140 2686 2207 gravia
2708 2153 2836 2191 vero
2862 2138 2914 2191 in
2946 2152 3095 2201 eum,
3121 2138 3209 2207 qui
3239 2154 3363 2208 pro-

1800 2240 1980 2281 motus
2013 2226 2210 2292 fuerat,
2263 2229 2608 2284 minabatnr:
2638 2237 2798 2298 atque
2829 2229 2880 2282 in
2930 2232 3205 2284 novaculae
3248 2232 3367 2285 acie

1802 2318 1994 2371 civitas
2017 2327 2158 2385 erat,
2196 2330 2374 2373 utrum
2412 2327 2534 2390 post
2561 2320 2705 2373 illum
2740 2321 2881 2374 diem
2916 2336 3036 2375 esse
3066 2321 3362 2383 desineret,

1802 2423 1867 2460 an
1901 2422 1931 2461 e
1960 2410 2204 2478 periculo
2234 2411 2509 2475 evaderet,
2552 2421 2715 2480 atque
2756 2412 3109 2467 humanitatis
3157 2414 3361 2483 aliquid

1801 2511 2244 2568 consequeretur.
2278 2501 2356 2556 Ad
2393 2517 2515 2555 eum
2564 2503 2707 2556 enim
2772 2503 3035 2566 dolorem,
3080 2518 3237 2572 quem
3289 2505 3366 2561 ob

1801 2588 2056 2644 Fortunae
2092 2592 2350 2661 templum
2412 2593 2688 2647 felicitatis
2748 2604 2990 2663 tempore
3028 2595 3261 2648 dirutum
3306 2603 3364 2648 et

1800 2693 2072 2744 eversum,
2110 2681 2377 2750 capiebat,
2409 2684 2511 2737 viri
2549 2680 2696 2736 illius
2730 2683 3003 2737 ordinatio
3052 2684 3366 2751 accedebat,

1799 2784 1961 2839 quam
1992 2771 2329 2840 publicarum
2358 2789 2536 2827 rerum
2566 2772 2972 2828 eonvulsionem
3005 2789 3070 2827 ac
3102 2774 3243 2827 velut
3270 2790 3367 2828 ex.

1799 2862 2113 2931 pilationem
2141 2878 2265 2918 esse
2295 2865 2774 2932 interpretabatur.
2809 2864 2855 2916 Is
2879 2875 3081 2932 autem,
3118 2865 3206 2933 qui
3240 2882 3368 2933 pro.

1799 2952 1991 3007 vincite
2018 2966 2269 3022 prmerat,
2315 2955 2551 3009 ratiOnes
2594 2959 2933 3024 exquirebat,
2973 2958 3171 3027 quibus
3225 2968 3363 3011 tem-

1801 3042 1918 3110 pori
1950 3041 2371 3104 obsecundaret,
2403 3053 2566 3111 atque
2594 3045 2766 3112 ipsum
2830 3046 2973 3097 malo
3016 3045 3200 3112 aliquo
3231 3045 3368 3097 mul-

1802 3139 1963 3195 taret,
2010 3139 2070 3183 ut
2101 3130 2193 3200 qui
2225 3146 2325 3186 nec
2356 3132 2554 3200 alioqui
2580 3133 2753 3188 amico
2778 3148 2840 3187 ac
2870 3134 3126 3187 benevolo
3161 3133 3214 3187 in
3245 3150 3368 3189 eum

1800 3222 1983 3275 animo
2014 3230 2177 3285 esset,
2196 3237 2394 3275 'verum
2422 3224 2491 3277 ob
2517 3225 2789 3277 contraria
2818 3225 2870 3277 in
2922 3225 3209 3293 republica;
3268 3227 3367 3277 ad-

127 3326 322 3396 μικρὸν
356 3326 597 3395 ἐπισχὼν
633 3326 944 3399 (σκοπῶμεν
971 3327 1068 3399 τὴν
1098 3327 1428 3400 παρρησίαν,
1475 3328 1574 3399 ὅση
1608 3327 1701 3381 καὶ

1807 3313 2197 3368 ministratione
2229 3313 2410 3368 studia
2442 3315 2511 3368 ab
2539 3330 2602 3369 eo
2633 3316 3218 3381 dissideret.Quocirca
3246 3332 3363 3380 eos,

128 3419 244 3487 μεθ’
270 3420 401 3472 ὅσου
429 3418 521 3472 τοῦ
552 3418 877 3489 πνεύματος,
909 3420 973 3473 ἐκ
994 3419 1102 3472 τῶν
1134 3416 1697 3490 ἀντεπεσταλμένων),

134 3510 353 3580 Ἡμεῖς,
415 3510 600 3579 φησᾲν,
661 3503 705 3561 ὧ
764 3509 1018 3581 κράτιστε
1085 3507 1307 3581 ἡγεμὼν
1367 3508 1503 3579 (74),
1566 3506 1702 3561 πάν-

126 3618 229 3653 των
253 3602 367 3654 τῶν
397 3600 784 3673 πραττομένων
811 3599 1004 3670 ἔχομεν
1036 3598 1327 3670 ἐξεταστὴν
1355 3598 1450 3652 ἕνα
1479 3598 1574 3652 καὶ
1607 3596 1703 3667 βα-

128 3693 301 3757 σιλέα,
345 3692 441 3746 τὸν
482 3692 578 3746 νῦν
618 3691 1053 3763 πολεμούμενον·
1108 3692 1313 3754 ἐκεῖνος
1351 3690 1445 3744 καὶ
1482 3688 1580 3761 τὴν
1607 3687 1701 3743 νῦν

128 3782 371 3849 ἐξετάσει
398 3784 748 3855 χειροτονίαν,
783 3783 849 3854 ἢν
872 3782 1127 3853 ἔνθεσμον
1294 3781 1388 3834 καὶ
1412 3780 1572 3851 φίλην
1600 3780 1701 3833 αὑ-

128 3873 201 3945 τῷ
228 3873 602 3946 πεποιήμεθα.
647 3872 807 3943 Ὑμῖν
837 3871 892 3925 δὲ
922 3871 1048 3926 ἄλλο
1078 3870 1173 3941 μέν
1198 3888 1249 3923 τι
1273 3868 1551 3939 βιάζεσθαι
1576 3868 1701 3935 βου-

130 3966 399 4038 λομένοις,
436 3966 527 4019 καὶ
561 3965 702 4018 πάνυ
728 3967 921 4036 ῥᾷστον
940 3980 954 3995 ο
976 3962 1133 4016 τοῦτο
1153 3961 1211 4014 δὲ
1236 3960 1409 4024 οὐδεὶς
1431 3961 1579 4031 ἡμᾶς
1601 3961 1704 4028 ὰφ-

130 4056 437 4126 αιρήσεται,
466 4056 527 4108 τὸ
562 4057 896 4125 συνηγορεῖν,
930 4053 1004 4117 ὼς
1032 4051 1205 4123 ὀρθῶς
1238 4050 1332 4104 καὶ
1357 4050 1576 4113 δικαίως
1604 4066 1703 4102 πε-

132 4144 495 4215 πραγμένοις,
544 4145 655 4207 τοῖς
697 4142 1134 4213 πεπραγμένοιςο
1176 4142 1224 4193 εί
1273 4140 1346 4211 μὴ
1384 4139 1477 4192 καὶ
1516 4140 1704 4192 τοῦτον

135 4236 315 4306 θείητε
352 4235 446 4288 τὸν
495 4235 678 4306 νόμον,
707 4231 789 4298 οἷς
829 4235 939 4305 (76)
978 4235 1036 4287 οὐ
1074 4233 1292 4303 θεμιτὸν
1328 4231 1703 4305 παρακύπτειν

134 4326 210 4389 εἰς
236 4324 310 4378 τὰ
335 4324 599 4396 ἡμέτερα.
635 4323 803 4377 Τοῦτο
860 4324 920 4375 τὸ
975 4322 1206 4395 γράμμα
1239 4321 1333 4374 καὶ
1370 4321 1530 4384 αὐτὸς
1555 4320 1705 4374 ἐθαύ-

136 4434 307 4486 μασεν
334 4418 363 4467 ὀ
383 4414 691 4486 δεξάμενος,
722 4416 772 4466 εί
795 4415 888 4468 καὶ
908 4414 1040 4484 πρὸς
1066 4413 1243 4481 ὀλίγον
1264 4412 1609 4483 ἐχαλέπηνεν,
1631 4413 1705 4476 ὡς

132 4509 175 4561 οί
232 4506 425 4560 πολλοὶ
482 4506 592 4558 τῶν
640 4506 751 4575 (77)
790 4504 857 4557 τὰ
914 4506 1119 4557 ἐκείνου
1165 4503 1343 4566 καλῶς
1381 4505 1706 4572 γιγνωσκόν-

131 4616 237 4652 των
274 4598 392 4669 (78)
421 4597 759 4669 ἀπήγγελλον
779 4615 792 4628 ·
825 4596 982 4650 τοῦτο
1005 4598 1097 4650 καὶ
1121 4595 1381 4666 βασιλέως
1406 4597 1504 4667 τὴν
1528 4597 1701 4668 ὁρμὴν

1801 3421 1830 3460 a
1857 3405 2053 3477 quibus
2080 3406 2361 3459 ordinatus
2392 3406 2591 3469 fuerat,
2611 3407 2759 3461 velut
2782 3408 2955 3476 ipsum
2986 3416 3363 3472 accusaturos,

1804 3513 1902 3569 per
1934 3496 2145 3555 litteras
2168 3497 2503 3563 accersebat,
2536 3512 2639 3550 non
2671 3496 2783 3566 jam
2815 3497 3006 3551 leniter
3029 3508 3084 3551 et
3114 3501 3364 3561 remisse,

1801 3590 1894 3642 sed
1924 3588 2190 3641 minarum
2220 3586 2382 3640 etiam
2408 3587 2610 3656 aliquid
2637 3589 2951 3657 adjungcns,
2978 3597 3234 3655 tanquam
3268 3590 3363 3641 im-

1802 3687 2019 3752 perator
2065 3679 2171 3733 hoc
2216 3680 2473 3748 exigeret.
2524 3678 2659 3732 Cum
2713 3679 2876 3747 igitur
2938 3688 3093 3746 pater
3155 3694 3366 3748 quoque

1804 3785 1915 3827 tum
1965 3774 2032 3827 ab
2063 3786 2128 3825 eo
2163 3771 2440 3839 epistolam
2474 3771 2799 3840 accepisset,
2841 3770 2975 3824 nihil
3010 3770 3233 3833 veritus,
3269 3786 3366 3824 nec

1803 3877 2007 3918 moram
2053 3861 2218 3916 ullam
2274 3862 2628 3930 interponens
2667 3861 3122 3931 (consideremus,
3163 3876 3367 3929 qtttesn,

1803 3970 1865 4010 ex
1908 3955 1995 4019 iis,
2029 3969 2147 4024 quae
2172 3954 2468 4023 respondit,
2503 3961 2705 4024 quanta
2743 3954 2912 4023 ipsius
2942 3954 2993 4007 in
3038 3954 3264 4007 dicendo
3296 3953 3363 4005 li-

1805 4046 2008 4113 bertas,
2057 4057 2114 4101 et
2164 4054 2365 4115 quanto
2414 4059 2537 4098 eum
2580 4045 2772 4115 spiritu
2818 4045 3108 4114 conjuncta
3150 4045 3367 4115 fuerit):

1803 4141 1935 4207 Nos,
1982 4143 2176 4206 inquit,
2212 4142 2588 4211 potentissime
2639 4154 2858 4210 praeses,
2887 4156 3066 4194 rerum
3107 4142 3369 4207 omnium,

1804 4251 1922 4303 quae
1948 4244 2232 4302 geruntur,
2264 4248 2546 4289 censorem
2583 4249 2749 4286 unum
2769 4248 2833 4287 ac
2862 4247 3040 4303 regem
3084 4232 3367 4293 habemus.

1807 4328 1896 4396 qui
1932 4342 2070 4379 nunc
2100 4335 2459 4396 oppugnatur.
2488 4325 2537 4379 Is
2555 4333 2608 4378 et
2626 4333 2945 4393 praesentem
2971 4324 3366 4378 ordinationem

1805 4420 2093 4490 eXpendet,
2149 4435 2310 4489 quam
2370 4434 2469 4473 nos
2523 4419 2625 4472 rite
2675 4434 2738 4472 ac
2798 4418 3059 4488 legitime.
3101 4426 3262 4487 atque
3315 4427 3366 4471 ut

1808 4509 1905 4576 ipsi
1936 4519 2149 4577 gratum
2180 4516 2282 4569 est,
2319 4508 2565 4562 fecimus.
2600 4506 2709 4562 Vos
2763 4516 2938 4561 autem
2998 4508 3099 4561 alia
3153 4509 3367 4577 quidem

1807 4600 1982 4669 aliqua
2021 4601 2073 4651 in
2117 4613 2174 4653 re
2205 4597 2378 4662 nobis,
2419 4600 2462 4653 si
2496 4600 2709 4653 animus
2761 4600 2831 4652 ita
2880 4599 3083 4664 tulerit,
3126 4601 3230 4654 vim
3282 4601 3365 4655 af-

133 4690 351 4761 ξστησε,
394 4690 487 4742 καὶ
533 4689 627 4743 τοῦ
665 4689 907 4743 κινδύνου
948 4688 1045 4760 τὴν
1088 4688 1239 4741 πόλιν
1272 4687 1595 4760 ἀπήλλαξεν,
1639 4690 1699 4743 οὐ

1807 4690 1949 4745 ferre
1996 4690 2253 4759 perfacile
2306 4691 2569 4759 potestis:
2626 4693 2676 4743 id
2724 4701 2900 4746 autem
2937 4706 3098 4746 nemo
3135 4708 3368 4761 unquam

134 4783 355 4851 φαύλως
385 4781 429 4834 δ’
463 4781 527 4834 ἂν
550 4780 862 4852 προσθείην,
896 4782 977 4834 ὅτι
1004 4781 1098 4834 καὶ
1125 4780 1225 4850 τῆς
1246 4779 1503 4849 αἰσχύνης
1531 4782 1694 4850 ἡμᾶς.

134 4875 336 4929 Τούτου
364 4872 454 4926 τοῦ
481 4872 862 4945 μικροπολίτου
895 4872 956 4925 τὸ
986 4870 1163 4944 ἔργον,
1194 4868 1287 4923 καὶ
1310 4870 1408 4940 τῆς
1436 4867 1699 4939 καθέδρας

203 5056 321 5128 (68)
342 5052 581 5121 Κοιδιῆς.
617 5052 798 5128 Schol.
827 5068 840 5105 :
872 5050 1119 5128 Δηλονότι
1141 5050 1221 5128 τῷ
1251 5049 1691 5128 χειροτονηθέντι,

134 5123 226 5181 καῖ
262 5123 377 5188 τοῖς
402 5125 825 5195 χειροτονήσασι⁸
869 5142 887 5174 ι
910 5123 1054 5195 (Tum
1107 5123 1153 5176 ei
1190 5125 1393 5175 scilicet
1433 5136 1520 5190 qut
1550 5123 1693 5175 ordi-

132 5210 292 5252 natus
319 5193 513 5257 fuerat,
532 5205 588 5249 et
616 5193 681 5247 iis
706 5195 795 5262 qui
824 5193 1224 5262 ordinaverant.
1251 5211 1269 5262 ι

200 5266 319 5336 (69)
354 5264 524 5336 Μῂτκ
556 5265 686 5336 Reg.
716 5261 824 5336 bin.
858 5274 912 5317 ct
943 5261 1035 5336 Or.
1058 5262 1111 5325 I,
1143 5261 1296 5336 μηδέ.

203 5332 321 5407 t70)
368 5333 453 5400 Τῷ
504 5333 701 5403 καιρῷ.
744 5335 907 5403 Regg.
944 5349 995 5398 a,
1019 5333 1128 5398 bm,
1159 5344 1212 5386 et
1239 5334 1333 5385 0r.
1380 5332 1434 5397 l,
1459 5332 1554 5384 τοῦ
1575 5347 1695 5385 και-

198 5426 252 5462 υ.

135 5426 323 5547 Wa!)
390 5474 537 5547 Ἐπὶ
568 5474 773 5547 ξυροῦ.
842 5490 865 5525 ι
901 5473 1031 5539 Qua:
1081 5473 1133 5525 in
1190 5486 1422 5547 summa
1456 5469 1699 5547 pericqu

136 5541 344 5612 sunt.)
395 5545 571 5613 inquit
609 5543 817 5607 Bittius,
872 5563 891 5595 ι
920 5559 1002 5607 ea,
1045 5542 1361 5613 proverbiali
1396 5541 1697 5613 (locutione,

136 5620 189 5673 in
225 5611 497 5671 novacula:
552 5616 667 5670 acie
698 5626 843 5669 stare
889 5615 1159 5667 dicuntur.
1194 5632 1213 5664 ι
1279 5611 1406 5665 Illud
1449 5613 1697 5678 adagiunt

134 5697 218 5742 est
249 5687 319 5741 ab
346 5684 581 5741 Homero
608 5686 846 5752 ductum,
869 5686 981 5755 qui,
1019 5682 1182 5736 Iliad.
1209 5682 1303 5737 lib.
1342 5698 1396 5745 χ,
1418 5695 1557 5735 vers.
1576 5681 1696 5748 I75,

138 5768 213 5810 aII.
254 5776 268 5812 2

137 5828 262 5882 Νῦν
283 5827 394 5897 γὰρ
420 5825 495 5895 δὴ
521 5824 856 5881 πάντεσσιν
878 5824 974 5879 ἐπὶ
1007 5823 1191 5892 ξυροῦ
1217 5825 1451 5878 ἵσταται
1478 5820 1693 5891 ἀκμῆς.

1808 4780 1963 4835 nobis
1991 4780 2214 4844 adimet,
2238 4781 2369 4847 quin
2393 4794 2477 4843 ea,
2520 4796 2640 4849 quae
2673 4780 2810 4835 facta
2848 4792 2993 4846 sunt,
3021 4790 3081 4835 ut
3129 4794 3273 4837 reete
3305 4798 3366 4837 ac

1807 4871 1947 4927 iuste
1976 4871 2139 4938 facta,
2188 4871 2575 4936 defendamus;
2628 4874 2730 4929 nisi
2785 4874 2926 4930 forte
2970 4876 3109 4931 hanc
3159 4891 3367 4945 quoque

1878 5049 2035 5104 Nunc
2060 5054 2195 5107 enim
2227 5051 2460 5106 omnibus
2484 5054 2537 5106 in
2568 5054 2831 5106 novacula:
2863 5054 2973 5108 acie
2991 5054 3094 5107 sita
3122 5070 3201 5108 res
3234 5064 3331 5110 est.

1871 5122 1981 5192 (72)
2017 5123 2305 5192 Ἀπειλῆς-
2331 5123 2491 5176 Coisl-
2518 5125 2569 5185 ιθ
2592 5123 2840 5187 ἀπειλάς·

1872 5190 1983 5271 (7.5)
2018 5190 2456 5259 Ἀπαιτοῦντος.
2486 5194 2651 5249 Coisl.
2676 5194 2727 5261 ί,
2758 5194 3122 5257 ἀπειλοῦντος,
3157 5212 3177 5247 ι
3213 5194 3366 5249 mitti-

1798 5270 1981 5316 tantis.
2028 5281 2045 5313 ι

1869 5331 1982 5406 (ἒξ)
2016 5332 2306 5406 Ἡγεμώνο,
2331 5331 2387 5385 In
2421 5334 2755 5406 quibusdam.
2782 5335 3009 5406 ἠγεμον-

1869 5401 1981 5469 (75)
2009 5401 2403 5467 Χεὶρὸτονίαν,
2435 5403 2517 5471 ἣν
2540 5401 2853 5473 ἔνθεσμον.
2890 5401 2908 5455 ἆ
2940 5404 3363 5467 Ordinatioaem,

1798 5486 1955 5545 quam
2013 5474 2324 5545 legitime.»
2368 5484 2487 5545 etc.
2540 5475 2817 5545 Quatenus
2850 5477 3076 5536 scilicet.
3109 5476 3360 5545 ἥγνισαν,

1798 5541 2156 5615 ἀνεκήρυξαν,
2213 5544 2304 5597 ἐπὶ
2358 5544 2543 5615 θρόνον
2594 5544 2804 5609 ἔθεσαν,
2866 5564 2884 5596 ι
2924 5541 3359 5613 ρυτίίίείινιετυηι,

1797 5611 2286 5680 proclamaverunt,
2322 5615 2372 5668 in
2393 5611 2599 5670 'throno
2625 5611 2981 5670 collocarunt.
3021 5635 3040 5668 ι

2004 5678 2125 5763 ,ρξε’
2161 5684 2376 5763 ἰξεῖἕεθν

1865 5751 1977 5819 (77)
2004 5751 2148 5808 Τῶν.
2176 5751 2267 5808 Sic
2290 5753 2383 5809 Or.
2415 5757 2464 5808 1.
2495 5756 2651 5809 Deest
2672 5755 2724 5809 in
2746 5756 2829 5811 ed.

1868 5819 1979 5887 (78)
2012 5824 2497 5887 Γιγνωσκόντων.
2528 5824 2660 5884 Rea.
2688 5827 2800 5885 bm.
2824 5825 3217 5881 νινωσκὸντων.
