3852 6408
554 346 681 400 1051

1748 350 1804 406 S.
1848 350 2175 408 GRECORH
2215 350 2562 407 THEOLOGI

3641 368 3746 422 1οΊ

552 475 724 531 regem
756 454 1027 529 statuatis,
1063 462 1259 529 quibus
1304 476 1373 516 ne
1429 463 1482 517 in
1515 473 1730 518 nostras
1776 464 1995 534 quidem
2031 481 2114 520 res

2219 465 2287 518 τὰ
2340 464 2567 536 δεύτερα
2617 464 2851 534 ἔχοντος.
2882 460 3010 538 Ἃρ*
3051 467 3114 520 ού
3158 468 3337 540 πολλῷ
3398 469 3599 539 βέλτιον
3640 477 3748 533 οὕτω

554 553 866 622 prospicere
896 553 980 608 fas
1017 563 1120 608 est.
1159 553 1265 608 Has
1296 553 1501 608 litteras
1550 555 1640 610 ille
1691 556 1852 610 etiam
1887 557 2002 625 ipse
2030 557 2116 609 ad-

555 644 785 699 miratus
808 653 913 708 est,
943 645 1032 712 qui
1065 645 1298 714 accepit,
1323 644 1536 698 etiamsi
1575 661 1860 714 parumper
1909 656 2116 702 stoma-

553 735 744 788 chatus
776 737 1333 806 sit,quemadmodum
1353 751 1417 791 ex
1445 737 1626 790 multis
1656 735 1992 792 intellectum
2010 748 2114 802 est,

2218 557 2540 626 πρωτεύειν,
2589 557 2623 628 ἢ
2658 558 2767 612 ἀπὸ
2801 558 2910 612 τῶν
2945 559 3291 632 ὑψηλοτέρων
3331 562 3538 634 θρόνων
3570 566 3751 638 φθέγγε.

2220 648 2364 714 σθαι,
2422 649 2517 702 καὶ
2551 652 2774 720 κρατεῖν
2811 650 2872 704 ἐν
2912 651 3024 723 (79)
3054 656 3168 718 τοῖς
3205 654 3496 725 πράγμασι
3535 657 3750 732 μᾶλλονῆ

2219 741 2332 803 τοῖς
2363 741 2620 811 ὀνόμασιν
2635 758 2651 808 ;

553 832 643 900 qui
683 847 769 886 res
796 833 936 886 illius
971 831 1432 902 perspectissimas
1462 832 1750 886 habebant.
1781 833 1959 903 Atque
2016 833 2116 889 hoc
2163 844 2216 888 et
2262 836 2605 903 imperatoris
2647 836 2904 906 impetum
2948 840 3293 908 compressit,
3317 852 3366 896 et
3397 840 3655 896 civitatem
3681 861 3751 914 pe-

556 923 723 976 riculo
757 923 1025 988 liberavit,
1054 938 1156 977 non
1197 921 1332 975 male
1370 930 1550 974 autem
1598 922 1918 986 addiderim,
1959 925 2102 991 quod
2139 940 2234 978 nos
2273 940 2488 995 quoque
2518 926 2587 980 ab
2634 927 2851 982 infamia
2904 929 3217 988 vindicavit.
3249 934 3361 988 Hoc
3409 936 3611 1005 exiguae
3635 943 3754 994 urbis

551 1017 788 1086 epzscopi
848 1032 1006 1088 Opus,
1055 1027 1109 1071 et
1155 1016 1425 1071 cathedrae
1458 1018 1722 1072 secundas
1779 1019 2031 1074 tenentis.
2081 1020 2273 1075 Annon
2344 1033 2524 1076 autem
2597 1026 2767 1080 multo
2816 1027 3007 1082 melius
3044 1041 3129 1084 est
3166 1032 3531 1102 principatum
3583 1035 3645 1088 ita
3694 1048 3754 1093 te-

552 1125 703 1174 nere,
766 1127 926 1181 quam
957 1127 987 1165 e
1014 1111 1418 1165 sublimioribus
1460 1112 1668 1166 tbronis
1705 1112 2034 1179 declamare,
2074 1131 2138 1170 ac
2167 1121 2329 1171 rebus
2363 1119 2563 1186 potius,
2616 1133 2778 1188 quam
2841 1123 3172 1187 nominibus,
3231 1130 3564 1195 superiorem
3603 1133 3734 1187 esset

623 1201 787 1274 356
815 1200 1028 1255 XXXV.
1060 1199 1178 1254 Jam
1235 1201 1376 1270 quod
1423 1202 1474 1254 in
1528 1201 1669 1255 illius
1729 1204 1892 1257 rebus
1954 1206 2120 1273 gestis

552 1293 743 1348 ordine
771 1293 990 1363 quidem
1024 1303 1351 1362 postremum
1386 1301 1489 1356 est,
1529 1293 1578 1347 vi
1626 1304 1805 1348 autem
1859 1303 1915 1350 et
1954 1296 2122 1350 facul-

556 1393 665 1440 tate
703 1385 932 1452 primum
965 1393 1022 1439 et
1055 1385 1372 1447 maximum,
1403 1386 1526 1450 quis
1588 1396 1694 1439 tam
1735 1387 1801 1440 ab
1843 1388 1976 1442 orbe
2023 1404 2120 1443 no-

556 1488 670 1532 stro
705 1484 943 1532 remotus
970 1486 1076 1542 est,
1110 1488 1165 1530 ut
1206 1478 1441 1531 nesciat?
1481 1478 1690 1533 Rursus
1713 1480 1901 1535 eadem
1930 1483 2121 1536 civitas

551 1569 798 1624 eamdem
840 1569 909 1625 oh
962 1584 1180 1624 causam
1231 1570 1494 1623 seditione
1535 1570 1834 1633 laborabat.
1864 1588 1930 1628 eo
1957 1574 2121 1628 nimi-

554 1676 696 1726 rum,
750 1662 836 1716 cui
880 1669 1026 1716 recte
1067 1661 1151 1714 vis
1207 1660 1352 1714 illata
1415 1661 1609 1726 fuerat,
1670 1662 1955 1720 celerrime
2009 1667 2117 1720 vita

555 1747 740 1803 functo
762 1759 816 1804 et
847 1750 910 1804 ad
947 1749 1134 1814 Deum,
1178 1765 1275 1819 pro
1301 1765 1409 1819 quo
1434 1751 1650 1805 fortiter
1680 1768 1744 1808 ac
1804 1766 2026 1810 strenue
2064 1757 2116 1810 in

555 1841 1015 1908 persecutionibns
1041 1842 1363 1906 decertarat,
1413 1843 1679 1910 profecto.
1705 1847 1882 1914 Atque
1934 1863 1996 1902 ea
2031 1863 2116 1902 se-

555 1933 688 1987 ditio
720 1939 924 2002 quanto
954 1932 1133 1986 acrior
1157 1939 1212 1984 et
1244 1932 1557 1997 ferventior,
1594 1945 1744 1989 tanto
1792 1938 1954 1991 etiam
1984 1939 2121 1992 stul-

554 2024 662 2078 tior
687 2035 742 2077 et
787 2023 1069 2077 absurdior
1100 2031 1238 2079 erat.
1285 2023 1398 2079 Non
1431 2027 1964 2096 enim'iguorahatur
1998 2029 2119 2095 quis

554 2116 904 2188 praecelleret,
941 2118 1394 2187 quemadmodum
1449 2133 1548 2173 nec
1591 2119 1673 2174 sol
1722 2120 1864 2173 inter
1919 2120 2118 2181 sidera.

551 2209 647 2264 sed
681 2225 937 2280 perquam
984 2211 1147 2263 etiam
1203 2211 1554 2278 conspicuum
1616 2219 1754 2272 erat,
1811 2227 1933 2266 cum
1999 2211 2122 2266 aliis

550 2301 820 2370 omnibus,
883 2312 992 2354 tum
1034 2300 1406 2356 selectissimze
1468 2303 1768 2372 praesertim
1828 2317 1892 2357 ac
1952 2302 2120 2372 puris-

551 2396 702 2450 simae
760 2395 941 2464 populi
993 2396 1153 2464 parti,
1203 2396 1306 2449 hoc
1374 2405 1458 2450 est
1503 2407 1558 2450 et
1599 2396 1665 2450 iis
1691 2396 1780 2464 qui
1809 2395 1981 2452 altare
2013 2397 2121 2450 cir-

549 2495 816 2539 cumstant
849 2493 905 2540 et
951 2487 1283 2540 nostratibus
1331 2484 1640 2553 Nazarzeis,
1701 2487 1898 2556 quibus
1969 2487 2118 2555 solis,

550 2575 634 2629 vel
678 2585 825 2630 certe
876 2576 1238 2646 potissimum,
1286 2579 1576 2633 electiones
1610 2578 1915 2646 hujusmodi
1970 2595 2118 2635 com-

552 2666 692 2719 mitti
724 2669 1008 2735 oportebat
1049 2667 1150 2738 (sic
1195 2669 1340 2721 enim
1375 2683 1646 2738 nunquam
1694 2668 1951 2724 Ecclesiis
1981 2671 2121 2726 male

551 2755 738 2827 esset),
771 2769 836 2809 ac
861 2771 965 2810 non
1014 2755 1081 2809 iis
1124 2757 1214 2825 qui
1253 2757 1443 2826 opibus
1489 2771 1554 2811 ac
1604 2758 1839 2825 potentia
1897 2759 2118 2828 pollent,

551 2855 645 2907 aut
673 2848 846 2918 plebis
893 2849 1116 2917 iinpetui
1145 2859 1201 2904 et
1243 2849 1560 2912 temeritati,
1584 2862 1748 2920 atque
1788 2850 1951 2905 etiam
2007 2853 2120 2920 ple-

549 2940 790 2995 beiorum
823 2941 1083 2996 vilissimo
1108 2952 1162 2996 ct
1197 2943 1658 3010 contemptissimo
1705 2943 1925 3013 cuique.
1963 2943 2118 2998 Nunc

547 3045 676 3102 vero
705 3046 892 3100 parum
928 3031 1103 3097 abest,
1153 3033 1282 3101 quin
1318 3032 1597 3100 popularia
1641 3032 1867 3102 imperia
1907 3036 2115 3091 meliori

545 3121 737 3175 ordine
792 3135 858 3177 ac
898 3121 1181 3190 disciplina
1231 3133 1484 3176 constare
1553 3123 1888 3188 existimem,
1953 3139 2115 3194 quam

549 3222 753 3277 nostra,
785 3212 981 3282 quibus
1021 3212 1197 3266 divina
1226 3213 1397 3281 gratia
1423 3214 1663 3268 omnium
1693 3226 1828 3269 voce
1865 3215 2116 3268 attribui-

547 3310 656 3367 tur,
693 3319 757 3358 ac
786 3318 873 3358 res
897 3304 1208 3371 liujusmodi
1245 3307 1440 3362 timore
1471 3308 1684 3372 melius,
1715 3323 1875 3379 quam
1904 3313 2118 3365 ratione

545 3395 911 3450 administrari
975 3398 1212 3452 credam.
1239 3397 1372 3452 Nam
1423 3400 1523 3454 nisi
1564 3400 1637 3455 ita
1675 3414 1840 3466 esset,
1866 3404 2114 3472 quisnam

547 3503 693 3542 same
741 3490 956 3551 mentis,
1002 3499 1053 3544 te
1103 3491 1310 3554 relicto,
1339 3509 1372 3546 o
1399 3493 1638 3549 divinum
1691 3504 1745 3549 et
1784 3484 1998 3552 sacrum
2026 3513 2119 3552 ca-

547 3584 660 3644 put,
703 3577 772 3629 ad
807 3577 972 3631 alium
1016 3594 1076 3634 se
1095 3581 1435 3646 contulisset,
1485 3592 1558 3650 te,
1609 3584 1852 3655 inquam,
1905 3586 2116 3653 relicto,

546 3663 636 3732 qui
669 3665 720 3717 in
779 3670 1030 3722 manibus
1075 3670 1286 3724 Domini
1324 3672 1570 3740 depictus
1611 3689 1694 3740 es,
1735 3677 1824 3744 qui
1862 3678 2117 3732 connubii

540 3753 730 3822 jugum
762 3757 956 3823 nescis,
983 3759 1076 3829 qui
1131 3762 1266 3816 nihil
1299 3764 1565 3831 possides,
1596 3767 1690 3835 qui
1724 3783 1889 3824 carne
1920 3784 2114 3840 prope-

547 3845 763 3900 modum
787 3857 840 3902 et
875 3851 1138 3919 sanguine
1165 3848 1342 3916 cares.
1379 3857 1468 3925 qui
1499 3858 1802 3913 litterarum
1848 3860 2002 3916 laude
2058 3871 2114 3916 et

544 3937 759 4008 eloquio
792 3954 912 4009 post
944 3943 1172 3999 Verbum
1198 3949 1466 4005 secundas
1496 3961 1670 4016 tenes,
1705 3954 1846 4006 inter
1879 3954 2111 4020 philoso-

545 4031 682 4098 phos
728 4032 962 4098 Sapiens,
1010 4035 1153 4091 inter
1207 4042 1506 4096 mundauos
1559 4044 1758 4098 mundo
1807 4045 2111 4111 sublimior;

546 4121 748 4176 sodalis
782 4138 846 4177 ac
865 4125 1045 4181 socius
1078 4144 1248 4195 meus,
1280 4142 1460 4201 atque,
1491 4143 1550 4188 ut
1601 4137 1861 4191 audacius
1909 4138 2110 4207 aliquid

547 4211 748 4276 dicam,
784 4213 977 4267 anima:
1013 4232 1144 4272 mea:
1189 4220 1490 4287 dimidium,
1529 4239 1592 4279 ac
1645 4226 1769 4280 vilze
1811 4235 1864 4280 et
1913 4227 2116 4283 doctri-

546 4320 629 4357 nae
652 4307 918 4362 consors?
945 4308 1141 4364 Vellem
1167 4311 1472 4369 libertatem
1497 4317 1670 4372 oratio
1707 4317 1951 4382 haberet,
1972 4323 2112 4390 apud

543 4395 677 4449 alios
706 4404 758 4451 te
781 4399 1028 4470 pingens,
1057 4417 1122 4458 ac
1157 4419 1263 4460 non
1305 4415 1357 4460 te
1392 4419 1658 4477 praesente
1689 4410 1804 4465 haec
1836 4413 2111 4481 expende-

2288 1207 2412 1260 A‘E'.
2442 1210 2508 1261 Ὃ
2538 1209 2594 1262 δὲ
2629 1209 2936 1265 τελευταῖον
2985 1215 3083 1286 μὲν
3122 1217 3231 1270 τῶν
3269 1219 3476 1273 ἐκείνου
3522 1223 3584 1292 τῇ
3616 1223 3754 1289 τάξει,

2218 1298 2434 1370 πρῶτον
2474 1300 2534 1353 δὲ
2561 1303 2626 1372 τῇ
2671 1302 2897 1374 δυνάμει
2946 1308 3040 1360 καὶ
3071 1308 3344 1378 μέγιστον,
3370 1312 3456 1375 τίς
3494 1312 3658 1377 οὕτως
3677 1316 3758 1379 ἔξω

2216 1392 2313 1460 τῆς
2338 1391 2458 1445 καθ’
2482 1395 2514 1463 ή
2522 1395 2628 1463 μᾶς
2650 1396 2991 1469 οἰκουμένης,
3015 1401 3154 1455 ὥστε
3180 1403 3394 1471 ἀγνοεῖν
3418 1422 3432 1473 ;
3475 1405 3758 1474 Ἐστασίαζε

2216 1485 2378 1539 πάλιν
2421 1486 2454 1558 ἡ
2486 1488 2624 1560 αὐτὴ
2665 1489 2820 1553 πόλις
2849 1492 2941 1544 ἐπὶ
2966 1497 3076 1557 τοῖς
3117 1496 3317 1561 αὐτοῖς,
3351 1497 3580 1568 τάχιστα
3618 1519 3759 1572 προσ-

2220 1576 2517 1647 ληφθέντος
2559 1578 2669 1651 (80)
2699 1581 2792 1635 τοῦ
2817 1583 2998 1648 καλῶς
3025 1585 3135 1655 (81)
3161 1586 3492 1657 βιασθέντος,
3535 1592 3625 1646 καὶ
3649 1594 3762 1666 πρὸς

2220 1670 2351 1724 Θεὸν
2379 1671 2489 1742 (82)
2517 1673 2923 1746 ἐκδημήσαντος
2957 1677 3090 1750 (83),
3125 1680 3266 1752 ὑπὲρ
3294 1675 3355 1736 οὗ
3390 1684 3646 1750 γενναίως
3684 1690 3764 1740 καὶ

2220 1763 2486 1834 ἀνδρικῶς
2522 1765 2579 1847 έν
2616 1769 2727 1832 τοῖς
2756 1767 3016 1840 διωγμοῖς
3036 1773 3360 1842 ἠγωνίσατο.
3395 1776 3510 1830 Καὶ
3537 1779 3569 1847 ἠ
3603 1778 3763 1843 στάτις

2220 1850 2308 1924 ἦν,
2336 1856 2444 1926 ὅσῳ
2472 1843 2798 1931 θερμοτέρα,
2829 1862 3064 1934 τοσούτῳ
3088 1865 3184 1918 καὶ
3209 1843 3640 1940 ἀλογωτέραίού
3672 1872 3762 1944 γὰρ

2220 1946 2466 2030 ἠγνοεῖτο
2490 1948 2550 2001 τὸ
2571 1949 2883 2022 ὑπεραῖρον,
2910 1951 3098 2026 ὥσπερ
3120 1955 3229 2009 οὐδ’
3253 1957 3311 2008 ὲν
3334 1958 3598 2030 ἀστράσιν
3617 1961 3760 2032 ἥλιος·

2221 2035 2358 2089 ἀλλά
2383 2038 2477 2090 καὶ
2505 2037 2624 2092 λίαν
2653 2040 2905 2111 ἐπίδηλον
2931 2038 3019 2114 ἦν,
3055 2047 3168 2107 τοῖς
3193 2063 3250 2099 τε
3272 2047 3455 2113 ἄλλοις
3479 2050 3661 2116 ἅπασι,
3689 2057 3764 2106 καὶ

2219 2127 2312 2180 τοῦ
2335 2127 2465 2181 λαοῦ
2491 2130 2725 2200 μάλιστα
2745 2132 2855 2203 (84)
2879 2133 2956 2205 τῷ
2988 2135 3224 2209 ὲγκρίτῳ
3259 2155 3317 2191 τε
3349 2140 3444 2193 καὶ
3475 2140 3766 2214 καθαρωτά-

2219 2235 2314 2290 τῳ,
2337 2219 2460 2272 ὅσον
2488 2239 2548 2274 τε
2579 2225 2706 2292 περὶ
2726 2223 2788 2277 τὸ
2825 2225 2973 2297 βῆμα
3005 2226 3137 2298 (85),
3171 2230 3264 2282 καὶ
3295 2231 3420 2284 ὅσον
3454 2233 3510 2285 ὲν
3534 2237 3640 2298 τοῖς
3662 2237 3764 2289 καθ’

2221 2311 2368 2380 ἡμᾶς
2395 2309 2708 2383 Ναζιραίοις
2737 2314 2847 2386 (86)
2867 2331 2883 2347 ⁶
2913 2317 2999 2385 ἐφ’
3019 2312 3101 2382 οἷς
3127 2318 3230 2374 ἔδει
3263 2321 3362 2385 τὰς
3386 2323 3636 2389 τοιαύτας
3660 2343 3768 2398 προ-

2221 2398 2380 2464 ϐολὰς
2412 2401 2623 2456 κεῖσθαι
2647 2403 2846 2474 μόνοις,
2875 2405 2908 2478 ἢ
2939 2407 3021 2459 ὅτι
3050 2408 3301 2478 μάλιστα,
3334 2413 3428 2464 καὶ
3451 2413 3600 2467 οὐδὲν
3627 2415 3686 2468 ἂν
3707 2413 3764 2487 ἦν

2219 2494 2338 2555 ταῖς
2387 2492 2730 2565 Ἐκκλησίαις
2751 2496 2919 2550 κακόν
2945 2513 2959 2527 ο
2981 2497 3116 2552 ἀλλὰ
3147 2501 3220 2571 μὴ
3245 2505 3362 2565 τοῖς
3393 2505 3767 2576 εύπορωτάτοις

2219 2597 2279 2632 τε
2316 2581 2411 2634 καὶ
2449 2582 2912 2660 δυνατωτάτοις,ἢ
2942 2591 3083 2662 φορᾷ
3113 2591 3173 2664 δή
3183 2611 3284 2662 μου
3316 2596 3412 2647 καὶ
3443 2597 3654 2668 ἀλογίᾳ,
3685 2603 3766 2653 καὶ

2218 2669 2423 2725 τούτων
2454 2671 2633 2725 αὐτῶν
2659 2675 2890 2746 μάλιστα
2914 2681 3027 2741 τοῖς
3058 2680 3410 2747 εύωνοτάτοις
3438 2686 3570 2757 (87).
3596 2688 3700 2742 Νῦν
3720 2691 3767 2744 δὲ

2220 2761 2511 2816 κινδυνεύω
2555 2763 2655 2828 τὰς
2693 2765 2960 2838 δημοσίας
2990 2771 3164 2842 ἀρχάς
3205 2773 3618 2849 εὐτακτωτέρας
3651 2780 3765 2834 ὑπο-

2219 2850 2513 2921 λαμϐάνειν
2540 2855 2646 2910 τῶν
2677 2858 2978 2929 ἡμετέρων,
3016 2856 3162 2935 αἷςή
3197 2864 3767 2950 Θείαθχᾲριοςιέπιφημὶ-

2220 2943 2405 3007 ζεται·
2446 2947 2541 3000 καὶ
2579 2947 2770 3017 βελτίω
2807 2951 2915 3005 τῶν
2946 2953 3200 3009 τοιούτων
3229 2943 3706 3032 διοικηῖἧῖῖρόϐον,
3738 2965 3765 3035 ἢ

2218 3035 2394 3105 λόγον.
2436 3037 2590 3092 Ἐπεὶ
2628 3040 2712 3104 τίς
2748 3041 2815 3096 ἂν
2848 3043 2935 3096 ἐπ’
2968 3045 3125 3099 ἄλλον
3144 3042 3274 3118 ἦλθε
3301 3050 3412 3102 τῶν
3440 3048 3500 3105 εὖ
3536 3057 3766 3126 φρονούν-

2141 3164 2184 3221 c
2216 3146 2344 3195 των,
2377 3130 2438 3185 σὲ
2463 3133 2783 3205 παραλιπὼν
2811 3135 2943 3203 (88),
2965 3131 3010 3190 ὧ
3042 3139 3159 3193 θεία
3179 3142 3270 3194 καὶ
3302 3143 3425 3214 ιερὰ
3451 3148 3673 3220 κεφαλὴ,
3691 3150 3767 3202 τὸν

2218 3222 2312 3275 ἐπὶ
2341 3223 2449 3278 τῶν
2482 3225 2678 3297 χειρῶν
2719 3228 2924 3300 Κυρίου
2954 3232 3435 3304 ἐζωγραφημένον,
3465 3239 3556 3292 τὸν
3591 3241 3764 3308 ἄζυγα,

2217 3307 2308 3361 τδν
2334 3311 2636 3383 ἀκτήμονα,
2660 3315 2751 3368 τὸν
2788 3315 3026 3388 ἀσαρκον
3051 3323 3247 3392 μικροῦ
3275 3325 3367 3376 καὶ
3388 3327 3667 3398 ἀναίμονα,
3691 3307 3769 3382 τὶν

2217 3401 2276 3453 ὲν
2307 3401 2485 3470 λόγοις
2532 3405 2669 3491 μετά
2703 3407 2793 3460 τὸν
2819 3409 3009 3478 Λόγον,
3037 3411 3127 3465 τὸν
3162 3415 3221 3465 ὲν
3257 3415 3573 3487 φιλοσόφοις
3604 3422 3768 3491 σοοόν.

2215 3491 2310 3545 τὸν
2342 3494 2400 3546 ὲν
2427 3490 2708 3567 κοσμίκοῖς
2742 3500 3130 3573 ὑπερκόσμιον,
3163 3506 3420 3579 τδν.ἐμὸν
3447 3490 3773 3584 ἑταῖρονκαὶ

2219 3586 2497 3658 συνεργὸν,
2543 3589 2634 3642 τὸν
2679 3594 3055 3665 συμμεριστὴν
3095 3596 3193 3667 τῆς
3233 3598 3434 3671 ψυχῆς,
3469 3603 3535 3656 ἵν’
3571 3604 3702 3658 εἴπω
3728 3623 3774 3657 τι

2215 3677 2628 3751 τολμηρότερον,
2686 3682 2780 3734 καὶ
2808 3681 2921 3753 βίου
2961 3687 3211 3740 κοινωνὸν
3270 3689 3365 3742 καὶ
3421 3693 3773 3757 παιδεύσεωςς

2228 3767 2560 3840 Ἐϐουλόμην
2594 3771 2906 3844 ἐλευθερίαν
2928 3775 3073 3847 ἔχειν
3106 3777 3198 3833 τὸν
3235 3779 3412 3850 λόγον,
3447 3784 3506 3836 ἐν
3530 3785 3700 3848 ἄλλοις
3724 3804 3775 3838 σε

2215 3859 2462 3930 γράφων,
2495 3861 2631 3916 ἀλλὰ
2660 3864 2734 3936 μὴ
2771 3866 3036 3936 παρόντος
3066 3885 3158 3922 σου
3196 3872 3266 3924 τὰ
3290 3874 3516 3928 τοιαῦτα
3544 3876 3777 3942 ἐξετάζε-

2217 3951 2361 4015 σθαι,
2397 3953 2492 4006 καὶ
2511 3954 2761 4022 ὑφίεσθαι
2792 3957 2861 4011 τὰ
2891 3959 3060 4014 πλείω
3093 3961 3180 4015 διὰ
3207 3963 3500 4031 κολακείας
3518 3969 3775 4022 ὑπόνοιαν.

2227 4043 2365 4098 Ἀλλ’
2401 4045 2430 4097 ὅ
2471 4063 2564 4116 μοι
2597 4046 2774 4116 λέγειν
2807 4050 2836 4102 ὁ
2866 4049 3023 4118 λόγος
3056 4052 3302 4124 ὥρμησε,
3337 4057 3400 4110 τὸ
3434 4059 3653 4130 Πνεῦμα
3689 4062 3779 4130 μὲν

2212 4134 2328 4207 ᾔδει
2356 4135 2445 4218 τον
2467 4137 2656 4191 ἑαυτοῦ
2687 4139 2826 4206 (πῶς
2851 4140 2958 4213 γὰρ
2986 4140 3045 4195 οὗ
3068 4159 3082 4208 ;
3106 4146 3119 4199 l
3139 4161 3152 4173 ·
3181 4145 3503 4201 ἀντεστάτει
3529 4150 3580 4202 δὲ
3604 4153 3636 4202 ὁ
3657 4151 3779 4218 φθό-

2212 4243 2332 4290 νος·
2359 4221 2421 4281 τδ
2457 4228 2514 4281 δὲ
2540 4221 2634 4294 ὧν,
2668 4229 2994 4304 αἰσχύνομαι
3027 4233 3206 4304 λέγειν
3230 4254 3245 4266 ’
3278 4238 3393 4292 εῖθε
3426 4239 3482 4292 δὲ
3525 4241 3647 4310 μηδ’
3678 4241 3780 4310 (89)

2211 4316 2385 4371 ἄλλων
2429 4317 2697 4387 λεγόντων
2727 4321 2944 4376 ἀκούειν
2976 4319 3064 4395 ἦν,
3113 4326 3206 4378 καὶ
3236 4329 3639 4399 κωμῳδούντων
3668 4332 3780 4383 ἐπι-

2219 4409 2396 4480 μελῶς
2420 4409 2489 4465 τὰ
2507 4411 2765 4484 ἡμέτερα.
2800 4413 2969 4468 Τοῦτο
2996 4417 3092 4486 μὲν
3111 4413 3224 4481 οὖν,
3260 4420 3516 4494 καθάπερ
3552 4423 3598 4474 oi
3633 4439 3784 4474 ποτε·

548 4499 754 4555 rentur,
786 4493 874 4546 ubi
900 4493 1080 4550 laudes
1124 4507 1243 4550 tuas
1275 4497 1461 4568 majori
1503 4514 1568 4554 ex
1602 4509 1753 4567 parte
1793 4500 2113 4555 imminuere

2219 4501 2310 4572 μοὶ
2338 4500 2448 4556 τῶν
2480 4504 2696 4574 πετρῶν
2722 4503 2820 4569 τὰς
2854 4507 2911 4560 ὲν
2936 4507 3088 4580 μέσῳ
3126 4508 3204 4579 τῷ
3237 4509 3490 4582 ῥεύματι,
3521 4513 3785 4584 παραδρά-

543 4591 728 4645 cOgor,
778 4597 848 4635 ne
906 4583 960 4637 in
1017 4586 1341 4642 adulationis
1394 4587 1752 4658 suspicionem
1808 4591 2105 4648 incurram.

543 4666 761 4735 Verum,
787 4680 847 4726 ut
893 4676 959 4729 ad
1002 4676 1303 4732 institutum
1332 4694 1636 4735 sermonem
1664 4680 1902 4746 redeam.
1932 4680 2103 4752 Spiri-

613 4860 722 4931 (79)
774 4863 894 4915 Ἐν.
928 4861 1081 4914 DeeSt
1107 4877 1177 4931 in
1214 4861 1345 4930 Reg.
1379 4877 1430 4926 a,
1459 4824 1517 4916 et
1545 4862 1638 4918 Or.
1669 4862 1720 4916 l.

613 4930 724 5004 (250)
756 4930 1442 5004 Ιζροσληφθέντος.-Ιὶιιε.
1468 4934 1575 4994 bm,
1608 4932 2031 5004 προληφθέντος.

587 5001 726 5082 ..(81)
774 5000 889 5082 Tot?
949 5001 1168 5082 καλῶς.
1232 5019 1251 5052 ι
1280 5000 1464 5082 ﬂecte.
1505 5021 1524 5054 ι
1550 5000 1701 5082 ’Βεέτ
1731 5000 1839 5068 bili,
1877 5004 1971 5058 τοῦ
2000 5023 2103 5082 κα-

540 5071 672 5133 κῶς,
719 5090 736 5123 ι
770 5074 927 5125 male.
959 5090 977 5121 ›
1023 5071 1258 5138 Utraque
1292 5073 1448 5126 lectio
1496 5071 1704 5126 admitti
1763 5085 1973 5140 potest;
2001 5080 2124 5132 δαῖέ

541 5143 683 5216 lii-et,
736 5141 937 5216 καλῶς,
992 5141 1378 5216 rationedidei
1435 5158 1500 5216 ac
1547 5144 1762 5197 virtutis
1805 5145 1954 5216 illius
2009 5150 2100 5216 qui

541 5211 945 5284 deposcebatur.
975 5221 1028 5284 et
1065 5212 1148 5264 cui
1184 5211 1263 5284 vis
1296 5211 1652 5277 inferebatur;
1684 5213 1870 5276 κακῶς
1898 5211 2100 5284 autem,

543 5284 750 5335 ratiune
773 5283 1041 5347 popularis
1071 5283 1349 5335 tumultus.

609 5351 718 5423 (if?)
750 5353 917 5423 Θεόν.
973 5351 1103 5423 lieg.
1132 5353 1240 5414 hui,
1266 5351 1487 5423 Κύριον.

609 5353 698 5420 (82
750 5353 917 5406 Θεόν.
973 5353 1103 5415 Reg.
1132 5353 1240 5414 hui,
1266 5353 1487 5423 Κύριον.

608 5353 720 5493 (85)
756 5420 1258 5493 Ἔκδημήσᾳντσς.
1294 5422 1387 5476 0r.
1422 5425 1471 5486 1,
1503 5422 1923 5493 ἐνδημήσαντος.

608 5491 722 5558 (84)
756 5491 1050 5545 Μάλιστα.
1083 5492 1238 5545 Deest
1259 5496 1308 5544 in
1341 5494 1468 5554 lleg.
1495 5498 1600 5545 bm.

608 5561 720 5630 (85)
758 5563 936 5614 Ὅσον
974 5579 1038 5618 τε
1075 5561 1209 5628 περὶ
1265 5561 1330 5614 τὸ
1367 5561 1555 5631 βῆμα.
1594 5563 1687 5617 llic
1726 5565 1933 5628 clerici,
1957 5575 2014 5620 et
2063 5582 2096 5620 tt

537 5631 627 5695 qui
652 5631 999 5702 sacerdotalis
1028 5644 1153 5683 sunt
1184 5634 1391 5702 ordinis
1423 5633 1812 5702 intelliguntur.

610 5698 718 5768 (86)
747 5700 871 5765 Τοῖς
916 5703 1043 5757 καθ’
1084 5701 1240 5771 ἡμᾶς
1297 5698 1642 5771 Ναζιραίοιξ.
1691 5723 1709 5755 ι
1756 5704 2100 5761 Nostratibus

538 5766 826 5837 Nazaimis,
868 5790 885 5823 ι
914 5773 963 5826 id
994 5766 1150 5839 estfi
1188 5766 1253 5826 iis
1279 5766 1474 5829 nostra:
1493 5766 1800 5842 proiiuciw,
1825 5795 1841 5827 ι
1864 5780 1954 5847 qui
1977 5793 2098 5832 cum

2220 4609 2432 4664 μωμεν,
2477 4597 2656 4667 σιωπῇ
2703 4597 2969 4667 τιμῶντες
3013 4601 3080 4653 τὰ
3119 4599 3291 4672 λήθης
3331 4602 3492 4669 ἄξιαο
3541 4605 3695 4657 αὐτοὶ
3735 4605 3786 4656 δὲ

2215 4685 2353 4756 πρὸς
2379 4685 2449 4740 τὰ
2469 4685 2606 4758 ,ἑξῆς
2629 4687 2722 4741 τοῦ
2754 4688 2914 4758 λόγου
2940 4692 3241 4762 προΐωμεν.

2205 4866 2403 4922 Basilio
2441 4868 2665 4932 versati,
2685 4868 2769 4924 vel
2795 4868 2864 4925 ab
2883 4884 2949 4925 eo
2971 4882 3097 4926 sunt
3121 4872 3375 4930 instituti.
3408 4875 3484 4932 De
3509 4883 3784 4936 monachis

2206 4939 2295 4992 hic
2322 4939 2585 5007 praecipue
2620 4940 2819 4994 mentio
2842 4950 2944 4995 est.
2975 4942 3099 4996 Illos
3125 4943 3414 5001 Nazarzeos
3447 4960 3609 5002 vocat
3649 4951 3781 5007 Gre-

2202 5009 2629 5085 gOrius,_u_tpote
2658 5009 2765 5085 Deo
2799 5024 3161 5085 consecratos.
3206 5031 3225 5066 ι
3264 5014 3442 5070 Penes
3473 5019 3601 5073 illos
3623 5026 3780 5085 solos,

2202 5078 2376 5158 inquit
2412 5079 2574 5141 Elias,
2605 5079 2909 5158 huiusmodi
2948 5083 3239 5158 electiones
3267 5087 3403 5139 sitas
3441 5103 3568 5142 esse
3622 5078 3778 5158 oper;

2205 5149 2367 5227 lebat,
2397 5164 2499 5227 non
2540 5150 2924 5227 copiosissimis
2954 5153 3254 5227 quibusque
3285 5169 3339 5209 et
3369 5149 3780 5227 peteritissiinis,

2199 5226 2254 5270 et
2285 5219 2423 5284 vulgi
2455 5218 2740 5272 temeritati
2768 5229 2927 5288 atque
2953 5218 3191 5277 stultitia:
3223 5218 3513 5282 committi.
3545 5247 3564 5279 ι

2271 5289 2381 5358 (87)
2428 5288 2854 5370 ζίὺωφςοτᾴτοις.
2919 5309 2952 5370 ι.
2981 5291 3085 5370 διο
3119 5296 3350 5370 appellat
3409 5313 3529 5360 eos,
3580 5303 3679 5370 qui
3724 5305 3778 5356 ad

2197 5359 2557 5424 quorumlibet
2585 5358 2790 5434 laudes,
2809 5363 2980 5427 inquit
3013 5358 3173 5428 tilias,
3192 5358 3360 5418 facile
3391 5383 3450 5419 se
3469 5358 3775 5434 conferant,

2198 5443 2262 5482 ac
2296 5440 2532 5492 quiestus
2563 5429 2737 5497 exigui
2773 5444 2933 5484 causa
2967 5435 3240 5487 veritatem
3269 5437 3613 5494 adulteram.
3657 5461 3679 5494 ι

2268 5498 2380 5568 (88)
2446 5498 2524 5551 Σὲ
2587 5498 2960 5565 παραλιπών.
3009 5521 3028 5552 ι
3067 5503 3144 5557 Te
3208 5507 3416 5560 relicto.
3457 5528 3478 5559 ι
3544 5512 3771 5568 ScboL:

2195 5567 2342 5650 Πιρὸς
2389 5569 2481 5621 τὸν
2512 5569 3061 5650 ΔΙνξέγὶανηστρέιρεται
3122 5574 3214 5628 καὶ
3254 5575 3430 5634 ταῦτα
3473 5577 3631 5650 λέγει
3676 5567 3773 5636 Ba.

2197 5637 2411 5760 ῗίλειῗν·
2442 5659 2459 5688 ι
2498 5641 2576 5692 Ad
2619 5637 2872 5694 Basiliam
2916 5637 3163 5713 Magnum
3218 5662 3484 5705 conversa
3525 5637 3768 5710 ὁηιὶοιιε

2217 5723 2312 5760 nec
2360 5712 2593 5760 Mittitur.
2645 5726 2664 5760 ι

2217 5723 2312 5761 nec
2343 5712 2593 5777 loquitur.
2645 5726 2664 5760 ι

2270 5777 2377 5850 (89)
2400 5779 2568 5842 Μηδ’.
2603 5779 2735 5852 Reg.
2777 5781 2884 5846 bm,
2914 5780 3006 5836 Or.
3039 5784 3088 5848 l,
3126 5786 3273 5855 μήτ’.
