3852 6408
132 339 246 397 1055

1011 330 1273 389 ORATIO
1312 329 1500 386 XVIII.
1544 363 1612 372 ——-
1651 327 1996 385 FUNEBRIS
2037 328 2104 382 IN
2144 328 2454 385 PATREM.

3229 337 3361 390 1054

131 470 201 513 tus
252 451 456 522 quidem
515 449 811 518 norat,qui
851 464 981 504 suns
1043 461 1186 505 esset
1235 450 1442 521 (quidni
1469 447 1675 517 enim?)
1717 450 1788 501 At
1849 447 2047 500 invidia
2095 446 2423 512 obsistebat;
2477 463 2706 518 quorum
2756 459 2961 515 autem,
3025 450 3207 508 dicere
3264 469 3364 522 pu-

129 559 240 608 det:
268 561 421 616 atque
447 546 650 599 utinam
687 560 786 600 nec
817 561 882 600 ex
909 546 1138 600 aliorum
1167 561 1442 607 sermone,
1465 547 1554 615 qui
1617 559 1704 600 res
1745 554 1962 598 nostras
1998 545 2237 598 studiose
2264 545 2637 612 proscindunt,
2674 546 2726 600 id
2775 547 2963 602 audire
3004 547 3210 602 liceret.
3255 549 3363 604 Sed

131 651 243 710 hac,
301 652 356 694 ut
409 639 496 692 illa
563 638 714 693 ﬂuvii
785 654 960 707 saxa,
1031 657 1151 711 qum
1204 643 1254 697 in
1313 642 1492 696 medio
1534 640 1736 696 ﬂuento
1793 648 2124 705 occurrunt,
2184 652 2600 709 praetereamus,
2659 651 2820 710 atque
2880 657 2977 706 ea,
3028 639 3189 712 357
3246 657 3366 711 qua:

128 738 363 798 oblivione
392 733 549 802 digna
575 742 723 798 sunt,
755 733 978 788 silentio
1007 747 1343 802 premamus,
1375 741 1429 787 et
1469 731 1537 785 ad
1573 747 1658 795 ea.
1699 747 1823 802 quae
1850 731 2109 800 deinceps
2148 743 2482 800 sequuntur.
2519 730 2949 802 progrediamur.

184 824 309 895 Aq".
343 823 494 894 ᾜδει
549 822 619 876 τὰ
679 821 775 876 τοῦ
821 823 1140 894 Πνεύματος
1197 822 1443 896 ἀκριϐῶς
1497 824 1527 875 ό
1589 821 1683 875 τοῦ

1862 820 2103 876 XXXVI.
2130 821 2304 876 Probe
2341 823 2550 877 sciebat
2591 823 2679 876 vir
2717 821 3021 892 spiritualis
3073 839 3193 894 quae
3240 823 3367 896 Spi-

129 919 444 989 Πνεύματοςο
481 914 578 967 καὶ
622 915 710 968 διὰ
745 914 905 968 τοῦτο
959 915 1122 988 μηδὲν
1161 915 1415 968 ταπεινὸν
1465 917 1682 986 φρονεῖν

126 1013 239 1084 ᾤετο
267 1009 389 1068 δεῖν,
421 1006 555 1078 μηδὲ
587 1004 731 1059 κατὰ
766 1007 1053 1070 συστάσεις
1093 1006 1205 1078 (90)
1254 1008 1347 1060 καὶ
1385 1006 1684 1077 προλήψεις

129 1097 616 1183 μάχεσθαιζχᾴριτι,
640 1099 802 1155 πλέον
834 1099 868 1170 ἢ
895 1098 1014 1169 Θεῷ
1045 1098 1307 1168 νέμοντας
1328 1116 1340 1127 ο
1375 1097 1512 1151 ἀλλὰ
1548 1097 1686 1168 πρὸς

125 1196 174 1248 ἐν
191 1192 399 1264 βλέπειν
431 1192 611 1262 μόνον,
636 1191 697 1244 τὸ
726 1192 834 1245 τῶν
865 1189 1202 1262 Ἑκκλησιῶν
1227 1189 1435 1259 ὄφελος,
1470 1189 1564 1243 καὶ
1587 1188 1685 1260 τὴν

125 1286 285 1357 κοινὴν
317 1281 610 1355 σωτηρίαν.
641 1282 739 1338 Διὰ
766 1283 925 1336 τοῦτο
959 1282 1216 1354 ἔγραφεν,
1254 1280 1542 1346 ἐνουθέτει,
1568 1299 1687 1334 συν-

126 1375 308 1452 ήρμοζε
351 1374 442 1428 τὸν
477 1374 624 1440 λαὸν,
679 1377 807 1438 τοὺς
853 1373 1032 1446 ἱερέας
1072 1373 1205 1443 (91),
1240 1372 1367 1437 τούς
1399 1389 1458 1424 τε
1493 1361 1686 1436 ἅλλούς

123 1471 203 1525 καὶ
225 1470 332 1522 ὅσοι
355 1467 450 1520 τοῦ
474 1466 744 1538 βήματος,
783 1466 1202 1538 διεμαρτύρετο,
1230 1464 1526 1536 ἐψηφίζετο
1548 1464 1681 1534 (92),

125 1558 422 1632 ἐχειροτόνει
466 1561 559 1612 καὶ
610 1559 776 1631 μήπω
824 1557 1050 1631 παρών·
1103 1559 1274 1612 ἐδίδου
1316 1559 1380 1629 τῇ
1421 1542 1584 1627 πολιᾷ
1626 1558 1687 1610 τὸ

124 1651 456 1715 ἐναυθεντεῖν,
485 1650 562 1713 ὡς
600 1651 838 1715 οἰκείοις,
874 1654 988 1714 τοῖς
1014 1650 1335 1722 ἀλλοτρίοις.
1364 1650 1475 1702 Καὶ
1512 1649 1682 1715 τέλος,

125 1743 289 1815 ἐπειδὴ
329 1743 620 1815 κανονικὴν
649 1743 754 1796 ἔδει
789 1742 1042 1810 γενέσθαι
1082 1742 1181 1814 τὴν
1207 1741 1538 1813 χειροτονίαν
1574 1741 1686 1812 (95)

122 1836 270 1908 αὐτῷ,
297 1834 577 1898 λείποντος
609 1834 728 1899 ἐνὸς
765 1833 873 1906 (94)
909 1832 985 1904 τῷ
1023 1833 1244 1906 ἀριθμῷ
1272 1833 1380 1888 τῶν
1407 1835 1685 1905 ἀνακηρυ-

122 1931 316 1998 ξόντων,
346 1927 440 1980 τοῦ
475 1927 774 1998 σκίμποδος
805 1927 997 1980 ἑαυτὸν
1025 1926 1374 1990 ἀποσπάσας,
1416 1928 1562 1996 γήρᾳ
1594 1926 1686 1978 καὶ

120 2019 242 2090 νόσῳ
292 2017 754 2089 συντετριμμένος
807 2016 940 2088 (95),
981 2016 1075 2070 ἐπὶ
1118 2015 1215 2086 τὴν
1242 2015 1394 2069 πόλιν
1423 2015 1686 2078 νεανικῶς

121 2113 240 2166 ἵεται
256 2128 269 2141 ⁸
302 2110 502 2182 μᾶλλον
524 2109 580 2162 δὲ
603 2108 829 2182 φέρεται
848 2108 1025 2180 νεκρῷ
1041 2107 1117 2179 τῷ
1142 2107 1375 2179 σώματι,
1400 2107 1490 2160 κα)⁸
1514 2107 1688 2178 μικρὰ

1789 913 1927 968 ritus
1948 914 2227 979 erant;ob
2253 914 2415 984 idque
2458 915 2734 970 demissos
2781 931 2971 970 omnes
3026 926 3081 971 et
3120 917 3364 987 abjectos

1788 1006 1957 1059 animi
1985 1022 2183 1061 sensus
2208 1006 2545 1076 abjiciendos
2579 1022 2702 1062 esse
2738 1006 3048 1076 judicabat,
3083 1025 3183 1064 nec
3231 1025 3367 1066 con~

1786 1099 2082 1154 ventirulis
2135 1108 2189 1152 et
2238 1099 2552 1170 anticipatis
2617 1099 2971 1169 opinionibus
3019 1105 3363 1167 certandum,

1788 1207 1888 1246 nec
1918 1193 2036 1260 plus
2075 1191 2274 1254 favori,
2308 1208 2474 1262 quam
2516 1192 2644 1256 Deo,
2671 1192 3054 1259 tribuendum;
3086 1197 3179 1250 sed
3203 1213 3363 1250 unam

1789 1291 1998 1338 tantum
2031 1284 2288 1339 Ecclesia)
2321 1286 2637 1351 utilitatem,
2658 1301 2720 1338 ac
2745 1300 3088 1341 communem
3121 1290 3364 1344 omnium

1786 1377 2019 1432 salutem
2057 1378 2127 1432 ob
2168 1379 2356 1432 oculos
2402 1380 2731 1447 ponendam.
2765 1379 2844 1432 Ac
2891 1381 3119 1448 proinde
3151 1381 3366 1439 litteras

1788 1465 2082 1530 scribebat,
2131 1469 2407 1530 monebat,
2464 1468 2796 1521 eunciliabat
2858 1471 3141 1538 populum,
3188 1488 3367 1528 sacer-

1789 1557 1941 1610 dotes
1972 1567 2026 1612 et
2052 1559 2312 1628 reliquos,
2351 1571 2623 1630 quotquot
2668 1573 2826 1619 erant.
2871 1564 3078 1628 clerici,
3116 1565 3367 1620 testimo-

1789 1648 1936 1702 nium
1969 1649 2204 1716 dicebat,
2238 1649 2559 1717 sulfragium
2587 1651 2816 1716 ferebat,
2861 1655 3150 1709 ordinabat
3199 1657 3365 1710 etiam

1787 1741 1966 1795 adhuc
1997 1742 2216 1808 absens,
2252 1745 2522 1798 senectuti
2554 1745 2658 1800 hoc
2687 1748 2870 1809 dabat.
2891 1759 2948 1801 ut
2970 1748 3111 1818 apud
3136 1749 3365 1816 alienos,

1789 1841 2048 1904 tanquam
2075 1835 2216 1905 apud
2243 1851 2394 1901 suos,
2417 1837 2744 1892 auctoritate
2779 1848 3045 1893 uteretur.
3100 1838 3364 1912 Denique,

1789 1926 2043 1994 quoniam
2087 1924 2483 1981 ordinationem
2519 1931 2836 1984 canonicam
2889 1946 3014 1986 esse
3055 1934 3362 2002 oportebat,

1789 2030 1912 2070 cum
1948 2031 2088 2071 unus
2111 2031 2177 2071 ex
2203 2031 2394 2072 eorum
2435 2034 2686 2084 numero,
2741 2023 2831 2089 qui
2877 2023 3190 2092 episcopum
3238 2041 3365 2096 pro-

1790 2106 2077 2162 clamaturi
2103 2117 2280 2170 erant,
2313 2108 2734 2174 desideraretur,
2773 2122 3057 2168 senectute
3087 2121 3141 2170 et
3174 2117 3363 2171 morbo

119 2203 313 2255 πνέοντι
338 2217 350 2230 ’
377 2200 540 2268 καλὸν
572 2199 825 2270 ἐντάφιον
853 2197 1022 2268 αὐτῷ,
1058 2199 1162 2252 κᾶν
1185 2199 1238 2251 εῐ
1261 2215 1313 2250 τι
1336 2197 1445 2250 δέοι
1472 2195 1682 2261 παθεῖν,

1796 2197 2019 2265 fractus,
2051 2213 2084 2254 e
2118 2199 2321 2255 lectulo
2348 2217 2406 2256 se
2433 2204 2722 2266 abstrahit,
2751 2215 2916 2276 atque
2945 2208 3012 2260 ad
3043 2208 3231 2264 urbem
3273 2210 3361 2279 ju-

118 2293 202 2364 τὴν
226 2289 458 2362 σπουδὴν
481 2288 693 2361 ἐκείνην
713 2288 932 2343 ἔσεσθαι
964 2287 1348 2358 πεπεισμένος.
1383 2287 1597 2340 Γίνεται
1629 2287 1684 2339 δέ

116 2401 160 2436 τι
200 2380 476 2437 κάνταῦθα
525 2383 748 2452 σημεῖον
786 2381 888 2433 οὐκ
910 2377 1344 2449 ἀπιστούμενονσ
1385 2377 1685 2432 Ῥώννυται

117 2475 184 2546 τῷ
213 2475 379 2545 πόνῳ,
410 2473 593 2538 νεάζει
635 2475 701 2544 τῇ
733 2472 1033 2547 προθυμίᾳ,
1069 2473 1361 2542 οἰκονομεῖ,
1399 2470 1686 2541 παρατάσ-

117 2582 270 2631 σεται,
297 2563 513 2636 τίθησιν
531 2565 624 2617 ὲπὶ
647 2565 742 2618 τοῦ
766 2563 956 2635 θρόνου
984 2562 1119 2634 (96),
1150 2564 1560 2636 προπέμπεται,
1587 2565 1687 2616 οὐκ

117 2660 183 2712 ἔτι
215 2659 356 2732 σορῷ
381 2658 462 2730 τῷ
483 2656 707 2730 φορείῳ,
734 2656 952 2728 κιϐωτῷ
975 2657 1032 2710 δὲ
1055 2657 1174 2729 θεία
1195 2657 1554 2729 χρησάμενος.
1586 2658 1688 2709 Ἦν

113 2752 160 2805 δὲ
185 2751 305 2824 ἄρτι
338 2750 724 2823 μακροθυμίαν
748 2747 988 2803 ἐπαινῶν
1012 2751 1358 2820 ἐπαυσάμην,
1383 2747 1586 2820 ταύτην
1609 2748 1688 2799 ὲν-

113 2841 270 2896 ταῦθα
315 2842 416 2896 καὶ
474 2842 635 2896 πλέον
672 2842 963 2896 δείκνυσιν.
1003 2842 1078 2894 Ut’)
1121 2842 1229 2912 γὰρ
1268 2841 1540 2913 φερόντων
1580 2839 1686 2895 τῶν

115 2933 534 3006 συλλειτουργῶν
558 2933 657 3004 τὴν
683 2932 948 3003 αἰσχύνην
989 2933 1086 3002 τῆς
1116 2933 1308 3003 ἣττης,
1353 2933 1448 2984 καὶ
1497 2931 1592 3002 τὴν
1631 2934 1687 2984 ἐν

111 3029 209 3090 τοῖς
231 3027 526 3098 πράγμασι
552 3025 646 3079 τοῦ
670 3026 923 3096 γέροντος
947 3024 1286 3088 δυναστείαν,
1327 3025 1419 3076 καὶ
1447 3023 1535 3076 διὰ
1571 3023 1689 3076 τοῦ·

111 3134 163 3170 το
188 3117 654 3190 δυσχεραινόντων
680 3116 829 3187 αύτῷ
863 3116 957 3169 καὶ
981 3115 1431 3186 λοιδορουμένων,
1471 3115 1688 3186 ἴσχυσεν

107 3205 178 3272 οἷς
203 3209 498 3282 ἐκαρτέρει
549 3209 644 3262 κα)¹
681 3207 887 3262 τούτων
919 3207 1175 3279 ὑπεράνω
1206 3207 1481 3276 γενέσθαι,
1529 3207 1690 3278 μέγι-

110 3318 221 3354 στον
244 3301 430 3373 εὑρὼν
463 3302 543 3365 είς
576 3300 896 3372 συμμαχίαν
917 3301 1016 3372 τὴν
1038 3299 1356 3365 ἐπιείκειαν,
1399 3301 1491 3352 καὶ
1522 3300 1580 3352 τὸ
1614 3299 1689 3371 μὴ

107 3393 484 3465 ἀντιλοιδορεῖν
505 3391 914 3463 λοιδορούμενον
938 3391 1071 3461 (97).
1104 3390 1168 3443 Τί
1201 3390 1308 3461 γὰρ
1333 3384 1471 3444 εἶναι
1497 3389 1685 3453 δεινὸν,

107 3486 148 3538 εἱ
177 3488 285 3549 τοῖς
316 3485 611 3558 πράγμασι
641 3487 892 3554 νικήσας,
928 3481 1170 3555 φέροιτῇ
1198 3480 1420 3555 γλώσσῃ
1453 3481 1688 3553 νικώμε-
1716 3523 1759 3582 C

103 3594 213 3642 νος,
244 3576 558 3647 Τοιγαροῦν
591 3573 732 3628 οὕτω
756 3573 1046 3637 κάκείνους
1072 3567 1182 3626 εἷλε
1207 3575 1274 3643 τῇ
1312 3572 1682 3644 μακροθυμία,

103 3670 421 3741 προσλαδὼν
472 3669 566 3722 καὶ
599 3668 690 3720 τὸν
727 3666 920 3739 χρόνον
961 3665 1063 3737 τῆς
1102 3663 1330 3736 γνώμης
1365 3666 1680 3736 σύμμαχον,

102 3761 230 3816 ὥστε
265 3761 664 3830 ἀπελογοῦντο,
705 3759 1100 3830 προσέπιπτον,
1145 3757 1573 3828 μεταϐάλλοντες
1607 3759 1685 3822 εἰς

104 3852 276 3924 θαῦμα
310 3854 421 3924 τὴν
454 3851 847 3922 ἀγανάκτησιν.
885 3847 1211 3921 ᾘσχύνοντο
1231 3850 1345 3911 τοῖς
1375 3847 1681 3919 προτέροις,

100 3946 332 4018 ἐχρῶντο
377 3943 717 4017 πατριάρχῃ,
754 3941 849 3997 καὶ
888 3939 1171 4012 νομοθέτῃ,
1213 3939 1310 3992 καὶ
1340 3939 1592 4012 δικαστῇ,
1625 3940 1685 3993 τὸ

103 4044 270 4110 μισεῖν
293 4040 730 4113 ἀπορρίψαντες.

1791 2291 1953 2347 venili
2014 2292 2202 2362 vigore
2259 2297 2572 2361 contendit;
2635 2297 2719 2350 vel
2759 2299 2938 2366 pmins
2975 2315 3189 2355 mortuo
3245 2317 3365 2357 cor-

1789 2398 1940 2453 pore,
1979 2398 2043 2438 ac
2076 2386 2350 2454 paululum
2393 2388 2634 2456 spirante
2679 2390 2869 2456 fertur,
2909 2393 3152 2460 prreclari
3205 2393 3363 2449 fune-

1791 2475 1867 2529 ris
1897 2475 2019 2530 Ioco
2050 2477 2291 2531 studium
2329 2479 2470 2533 istud
2505 2494 2571 2534 ac
2599 2480 2938 2552 diligentiam
2966 2483 3068 2538 sibi
3101 2483 3216 2542 fore
3237 2501 3364 2555 per-

1789 2568 2048 2632 suadens,
2079 2569 2242 2623 etiam
2275 2569 2469 2640 siquid
2498 2571 2625 2626 mali
2667 2572 2767 2643 ipsi
2796 2573 3018 2630 fortuito
3057 2578 3362 2634 accidisset.

1791 2658 1891 2715 Hic
1922 2677 2139 2730 quoque
2166 2661 2381 2732 signum
2416 2663 2686 2732 quoddam
2723 2666 2921 2732 editur,
2954 2669 3044 2723 cui
3101 2671 3233 2725 ﬁdes
3264 2671 3367 2726 mi-

1790 2755 1939 2809 nime
1985 2755 2297 2826 abroganda
2338 2764 2439 2810 est.
2472 2756 2547 2810 Ex
2607 2757 2791 2814 labore
2837 2763 3002 2816 robur
3068 2774 3365 2834 comparat,

1791 2842 2072 2899 alacritate
2099 2845 2344 2914 vigescit,
2381 2849 2664 2916 negotium
2701 2850 3072 2917 adminiStrat,
3125 2855 3192 2908 ad
3236 2870 3370 2910 con-

1791 2935 1994 2989 llictum
2023 2951 2081 2991 se
2113 2948 2289 3003 parat,
2329 2937 2383 2990 in
2412 2936 2606 2992 throno
2640 2939 2894 3005 collocat,
2932 2943 3149 2998 domtnn
3211 2949 3370 3000 redu-

1791 3029 1954 3094 citur,
1986 3029 2264 3093 vehicnlo,
2294 3044 2403 3082 non
2431 3029 2541 3100 jam
2580 3041 2637 3084 ut
2669 3033 2899 3096 tumulo,
2937 3036 3034 3089 sed
3061 3046 3266 3091 utarca
3292 3039 3371 3092 di-

1790 3123 1912 3174 vina
1955 3137 2104 3174 usus.
2138 3119 2313 3187 Quam
2371 3131 2550 3176 autem
2607 3122 2882 3177 lenitatem
2935 3128 3093 3182 modo
3151 3128 3372 3185 laudare

1791 3210 1948 3275 desii,
1972 3226 2090 3265 eam
2114 3212 2202 3264 hic
2228 3225 2448 3280 quoque
2502 3212 2736 3282 amplius
2777 3214 3190 3269 demonstravit.
3226 3219 3365 3273 Cum

1791 3305 1935 3359 enim
1992 3304 2162 3373 ipsius
2237 3303 2460 3374 collega:
2517 3306 2886 3360 contentionis
2948 3306 3115 3368 illius,
3172 3311 3222 3363 in
3265 3325 3370 3380 qua

1793 3395 1920 3450 victi
1949 3393 2183 3459 fuerant,
2221 3395 2600 3465 ignominiam,
2668 3413 2920 3466 eamque,
2982 3416 3144 3467 quam
3203 3417 3371 3457 senex

1793 3487 1882 3541 ille
1933 3488 2185 3542 omnibus
2248 3487 2303 3540 in
2359 3489 2520 3543 rebus
2550 3490 2850 3555 obtinebat,
2891 3483 3277 3548 auctoritatem
3317 3505 3372 3548 et

1795 3580 2086 3650 potentiam
2121 3579 2306 3648 iniquo
2340 3580 2520 3634 animo
2573 3580 2798 3647 ferrent,
2836 3585 2905 3636 ob
2957 3583 3120 3651 idque
3150 3586 3251 3651 ipsi
3292 3588 3373 3639 in-

1797 3671 1931 3725 I'cnsi
1980 3681 2186 3734 essent,
2251 3687 2315 3726 ac
2385 3673 2644 3727 conviciis
2694 3689 2816 3727 eum
2865 3676 3220 3740 incesserent,
3278 3695 3373 3733 eos

1794 3780 2009 3833 quoque
2041 3764 2300 3833 patientia
2338 3780 2434 3818 sua
2485 3763 2783 3834 superavit,
2839 3769 3132 3822 niaximum
3191 3771 3372 3824 subsi-

1796 3856 1941 3910 dium
1983 3865 2194 3921 nactus,
2230 3857 2443 3917 scilicet.
2477 3857 2946 3912 mansuetudinem
2974 3871 3032 3915 et
3067 3864 3210 3930 quod
3261 3879 3369 3916 ma-

1795 3945 2006 3999 ledictis
2056 3945 2340 4002 lacessitus
2387 3948 2672 4003 maledicta
2721 3965 2825 4005 non
2873 3961 3168 4021 regereret.
3231 3955 3370 4020 Quid

1795 4037 1939 4091 enim
1981 4039 2080 4107 ipsi
2114 4054 2278 4108 grave
2324 4051 2490 4104 esset,
2534 4040 2602 4104 si,
2637 4057 2760 4095 cum
2790 4044 2952 4098 rebus
2992 4046 3229 4112 vicisset,
3267 4048 3371 4102 lin-

98 4151 191 4204 gua
222 4137 455 4192 sevinci
496 4133 815 4207 pateretur?
849 4133 1214 4201 Quamobrem
1269 4133 1348 4188 sic
1403 4147 1498 4187 eos
1555 4148 1774 4204 quoque
1809 4133 2032 4188 lenitate
2078 4151 2176 4191 sua
2243 4145 2294 4190 et
2343 4136 2602 4205 patientia
2664 4140 2823 4208 cepit,
2861 4143 3031 4196 ascito
3076 4145 3375 4212 praesertim

97 4232 158 4285 ad
195 4233 493 4288 sententia:
527 4246 638 4287 suae
659 4229 916 4284 auxilium
959 4239 1221 4298 tempore,
1256 4236 1314 4282 ut
1381 4228 1808 4298 indignationem
1849 4229 1903 4284 in
1973 4231 2388 4285 admirationem
2445 4242 2848 4294 convertentes,
2913 4249 3034 4288 sese
3068 4234 3170 4304 ipsi
3220 4251 3376 4290 excu-

95 4333 294 4390 sarent,
357 4325 598 4396 genibus
632 4321 799 4394 358
853 4324 1291 4388 advolverentur,
1333 4324 1559 4392 pudore,
1608 4326 1678 4377 oh
1741 4341 1804 4380 ea
1885 4340 2004 4396 qua:
2060 4327 2210 4395 prius
2270 4329 2644 4394 admiserant,
2710 4327 3178 4394 sull'underentur,
3231 4330 3375 4400 abje-

95 4417 305 4486 ctisque
346 4418 519 4478 odiis.
548 4433 614 4472 eo
673 4418 1006 4487 patriarcha,
1050 4418 1362 4489 legis-latore
1416 4429 1472 4474 et
1529 4420 1712 4488 judice
1749 4431 2055 4477 uterentur.

159 4512 282 4566 AZ’.
323 4511 442 4565 Τοῦ
490 4511 546 4564 δὲ
589 4511 754 4564 αὑτοῦ
794 4509 956 4582 ζήλου
994 4512 1089 4566 καὶ
1123 4513 1156 4584 ἡ
1191 4511 1330 4565 κατὰ
1362 4511 1468 4566 τῶν
1499 4513 1696 4582 αἱρετι-

1876 4512 2139 4569 XXXVII.
2184 4514 2438 4584 Ejusdem
2471 4531 2632 4582 porro
2664 4515 2765 4570 zeli
2795 4531 2858 4570 ea
2907 4515 3049 4570 illius
3097 4518 3372 4572 contentio

160 4671 274 4743 (90)
315 4672 684 4740 Συστὰσεις.
709 4673 804 4728 Sic
840 4675 971 4745 Reg.
1001 4689 1054 4742 a,
1086 4677 1198 4738 bm,
1231 4673 1335 4726 duo
1367 4670 1556 4739 Cois|.,
1598 4672 1690 4726 0r.
1727 4676 1772 4731 D
1804 4688 1923 4745 rimi
1965 4689 2066 4729 cur
2103 4674 2310 4742 Billius,
2335 4676 2418 4731 vir
2458 4679 2646 4732 doctus
2677 4689 2742 4729 ac
2765 4677 2901 4742 pius.
2934 4676 3237 4743 posthabito
3273 4675 3372 4730 Ec-

98 4741 144 4795 I.
174 4745 227 4795 In
254 4741 351 4798 ed.
397 4746 548 4804 Pan,
575 4744 910 4810 συστάσεως.

164 4814 282 4885 (9|)
321 4813 480 4878 Τοὺς
513 4814 722 4881 ἱερέας,
756 4828 861 4871 etc.
893 4815 1099 4882 Billius,
1147 4832 1188 4885 ‹Δ
1209 4811 1548 4885 Sacerdotes,
1575 4822 1684 4885 tum

95 4881 420 4947 alios,'tum
445 4901 538 4939 eos
579 4887 669 4953 qui
715 4887 904 4941 altaris
929 4895 1073 4940 sunt.
1115 4903 1134 4936 ι
1168 4882 1423 4950 Displicet
1462 4884 1575 4936 haec
1603 4884 1686 4936 iu-

95 4956 454 5022 terpretatio,
493 4956 646 5022 quasi
702 4956 897 5025 duplex
921 4966 1064 5011 esset
1108 4953 1448 5025 sacerdotum
1498 4969 1686 5023 genus,

94 5021 328 5089 quorum
364 5025 461 5078 alii
484 5021 592 5080 sint
623 5021 828 5089 altaris,
862 5027 949 5080 alii
981 5042 1086 5080 non
1116 5025 1242 5079 sint.
1277 5021 1430 5085 Nam,
1468 5021 1524 5076 ut
1546 5035 1688 5077 recte

93 5095 356 5149 observat
396 5095 565 5158 Elias,
591 5111 686 5163 per
713 5114 730 5147 ι
771 5099 1111 5151 sacerdotum
1152 5113 1170 5145 ι
1207 5093 1550 5155 vocabulum,
1579 5109 1687 5147 non

91 5168 233 5219 solos
252 5169 584 5243 sacerdotes
614 5168 864 5237 intelligit
901 5167 1231 5235 Gregorius;
1268 5164 1360 5243 sed
1386 5166 1550 5243 etiam
1577 5165 1689 5243 dia-

91 5250 283 5299 conos,
327 5236 718 5302 subdiaconus,
751 5233 1024 5304 lectores,
1053 5246 1161 5290 etc.
1199 5253 1218 5284 ι
1264 5233 1549 5298 Quocirca,
1609 5235 1690 5286 in-

87 5307 226 5372 quit,
263 5307 482 5359 meritn
519 5309 862 5362 sacerdotum
913 5307 1132 5362 nomine
1168 5319 1353 5358 sacros
1381 5318 1568 5356 omnes
1594 5320 1688 5357 or-

88 5377 241 5455 dines
267 5379 718 5455 conlprehendit,
765 5386 822 5433 ut
853 5379 966 5455 _qui
1025 5375 1166 5430 sacri
1207 5373 1446 5455 catalogi
1490 5375 1620 5428 sint.
1645 5393 1684 5455 ,ι

86 5444 294 5502 Omnes
320 5444 502 5510 enim,
536 5459 646 5501 tum
676 5444 985 5502 sacerdotes
1025 5458 1138 5499 tum
1173 5444 1379 5505 clerici,
1417 5459 1538 5496 cum
1569 5446 1690 5513 epi-

85 5532 278 5588 scopo,
341 5525 722 5588 unusquisque
765 5521 818 5573 in
860 5519 1050 5572 ordine
1081 5530 1200 5578 suo,
1242 5515 1414 5568 sacris
1469 5529 1688 5583 operam

86 5586 316 5641 dabant.

155 5658 275 5729 (92)
323 5657 703 5726 Ἐιροηφίζέτα
731 5660 952 5714 Billius:
1003 5677 1021 5710 ι
1062 5657 1432 5712 decernebat.)

155 5730 277 5800 [95)
314 5731 733 5800 Χειροτονίαν.
776 5750 794 5782 ι
844 5730 1272 5792 Ordinationeni,
1320 5728 1686 5800 consecratio-

84 5797 309 5853 nem.)
352 5799 458 5854 Sic
484 5815 550 5854 ex
582 5815 740 5854 sacro
781 5801 1033 5856 Ecclesiae
1073 5815 1171 5851 usu
1215 5803 1550 5854 vertendum.
1583 5797 1681 5853 Mi-

519 5895 793 5956 ΡΑτιιοι..
851 5895 967 5956 Gn.
1017 5890 1287 5952 XXXV.

1799 4743 1976 4815 clesia}
2013 4761 2130 4809 usu,
2171 4746 2366 4815 ubique
2405 4756 2578 4803 vertat
2617 4763 2630 4799 :
2679 4762 2697 4794 ι
2735 4747 3074 4811 electionem,
3125 4765 3144 4797 ι
3188 4747 3375 4800 ntCal-

1800 4814 2015 4869 vinistze
2055 4814 2345 4882 interpreta
2358 4817 2399 4870 ri
2427 4825 2629 4872 amant.

1870 4884 1982 4953 (94)
2009 4887 2334 4952 Λείποντος
2361 4887 2520 4951 ἑνός,
2550 4896 2654 4940 etc.
2690 4885 2767 4940 Ex
2805 4901 2957 4938 conc.
3003 4885 3207 4940 Nicazn.
3243 4900 3368 4942 can.

1787 4953 1842 5026 4,
1891 4966 2002 5010 tres
2047 4959 2463 5023 requirebantur
2497 4957 2733 5026 episcopi
2768 4955 2834 5010 ad
2867 4957 3112 5023 praesulis
3150 4957 3373 5012 ordina-

1789 5025 2017 5088 tionem,
2057 5027 2258 5081 scilicet
2294 5029 2360 5080 ad
2392 5026 2814 5090 solemnitatem,
2851 5043 2955 5080 non
2988 5042 3117 5083 vero
3167 5031 3234 5080 ad
3275 5042 3368 5081 or-

1787 5095 2083 5165 dinationis
2111 5099 2423 5152 essentiam.
2461 5097 2596 5152 Cum
2637 5097 2801 5165 igitur
2835 5097 2899 5149 ad
2942 5098 3372 5152 consecrandum

1789 5164 2071 5232 Basilinm,
2101 5183 2241 5222 unus
2283 5169 2518 5234 deesset,
2553 5164 2826 5220 advolavit
2863 5167 3162 5230 Gregorius
3191 5181 3367 5236 pater,

1787 5236 1996 5308 sivernt
2047 5240 2238 5308 tertius
2272 5239 2509 5301 adesset,
2572 5239 2686 5292 sive
2727 5252 2792 5289 ne
2830 5239 3069 5306 episcopi
3120 5239 3212 5308 qui
3261 5253 3370 5306 pra:

1788 5305 1988 5377 invidia
2011 5307 2207 5362 Basilio
2236 5309 2686 5370 adversabantur,
2733 5305 2952 5362 numero
2993 5305 3366 5377 praevalerent.

1859 5375 1970 5448 (95)
2031 5378 2558 5448 Συντετριμμένος.
2625 5377 2786 5432 Coisl.
2857 5377 2905 5441 1,
2973 5375 3371 5452 συντετριμμέ-

1801 5463 1909 5499 νον.

1797 5588 1824 5640 Θ
1867 5519 1979 5641 (96)
2036 5519 2142 5572 Τοῦ
2194 5520 2430 5588 θρόνοι).
2488 5521 2620 5590 Reg.
2687 5538 2740 5585 a,
2799 5520 2911 5586 bm,
2960 5521 3123 5575 Coisl.
3183 5524 3233 5585 l,
3284 5521 3374 5573 τὸν

1833 5606 1862 5641 ο
1895 5607 2000 5641 νιν.

1895 5607 2000 5642 νον.

1867 5606 2000 5642 ονιν.

1830 5606 1975 5730 ρ(97)
2039 5661 2534 5732 ΛοιδορούμειὉν.
2598 5661 2822 5719 Coislin.
2895 5671 2966 5727 1,
3026 5661 3374 5734 λοιδορούμε-

1791 5747 1895 5793 νος.

2989 5892 3065 5954 33
