3852 6408
483 209 620 266 1035

1682 213 1739 266 S.
1779 210 2110 266 GREGORII
2145 211 2495 267 TllEOLOGl

3569 219 3680 274 £056

485 327 606 391 fuit,
635 340 737 397 qua
768 341 826 381 se
867 326 1135 381 hasreticis
1177 333 1289 382 tum
1342 331 1616 400 opposuit,
1647 346 1770 383 cum
1821 328 1895 383 illi
1935 344 2041 382 una

2177 330 2255 382 ὢν
2290 329 2559 393 ἔνστασις,
2598 331 2759 400 ἡνίκα
2791 333 3227 402 ἐπεστράτευσαν
3262 332 3372 401 (98)
3404 335 3530 401 ἡμῖν
3571 341 3681 404 μετά

483 433 605 472 cum
637 417 979 486 imperatoria
1014 417 1290 486 impietate
1336 420 1734 488 eXpeditioncm
1785 421 2042 474 adversias

486 523 583 563 nos
618 516 988 574 susceperunt,
1016 515 1268 577 tanquam
1317 526 1415 566 nos
1450 527 1668 582 quoque
1719 512 1770 564 in
1814 521 2045 582 potesta-

485 611 591 653 tem
639 613 793 652 suam
834 597 1133 662 redacturi,
1171 599 1419 670 aliisque,
1463 601 1574 672 jam
1636 601 1748 654 fere
1795 601 2046 655 omnibus

485 692 741 746 servitute
789 692 1080 758 oppressis,
1121 691 1448 761 adjuncturi.
1495 691 1629 746 Nam
1686 692 1774 746 hic
1830 706 2044 762 quoque

487 797 592 836 non
619 797 788 851 parvo
820 781 974 836 nobis
1009 782 1323 852 adjumento
1356 783 1478 849 fuit,
1520 794 1629 838 tum
1662 798 1759 853 per
1793 798 1852 837 se
1909 782 2044 851 ipse,

489 887 598 926 tum
633 888 727 938 per
777 888 872 925 nos
905 873 1067 926 etiam
1124 872 1374 937 fortasse,
1430 889 1589 943 quos,
1632 883 1885 942 tanquam
1942 889 2044 924 non

487 968 708 1036 ignavos
760 978 822 1016 ac
873 965 1161 1031 degeneres
1196 965 1423 1030 catulos,
1493 965 1544 1017 in
1590 963 1730 1028 illos,
1786 963 1931 1017 velut
1993 963 2043 1014 in

488 1057 813 1112 saevissimas
839 1056 980 1110 feras
1008 1056 1354 1120 immittebat,
1388 1056 1457 1109 ad
1496 1057 1754 1125 pietatem
1791 1054 2046 1109 nimirum

489 1149 590 1201 hac
642 1148 850 1202 ratione
911 1163 1008 1202 nos
1062 1163 1343 1203 exercens.
1409 1147 1584 1204 Unum
1648 1150 1842 1214 habeo,
1905 1146 2046 1216 quod

490 1239 700 1304 utrique
757 1251 1131 1300 succenseam;
1184 1253 1247 1290 ac
1281 1247 1402 1306 peto
1454 1253 1482 1289 a
1529 1237 1704 1301 vobis,
1762 1251 1827 1289 ne
1874 1252 2046 1290 meam

490 1330 626 1381 hanc
667 1327 876 1380 dicendi
933 1325 1236 1379 libertatem
1273 1340 1415 1393 {egre
1464 1325 1681 1390 feratis;
1732 1339 2049 1394 expromam

487 1419 630 1472 enirn
671 1417 834 1470 animi
884 1416 1144 1480 dolorem,
1184 1417 1394 1470 etiamsi
1446 1416 1624 1485 gravis
1676 1431 1740 1469 ac
1790 1415 2049 1470 molestus

488 1511 575 1564 hic
605 1524 784 1564 sermo
813 1511 1020 1562 futurus
1047 1509 1154 1574 sit;
1196 1523 1386 1575 nempe
1411 1510 1552 1576 quod
1592 1524 1678 1562 me
1722 1508 1880 1576 hujus
1928 1508 2050 1560 vita:

489 1604 628 1658 mala
709 1603 894 1671 iniquo
981 1601 1162 1654 animo
1236 1599 1521 1666 ferentem,
1604 1614 1667 1654 ac
1743 1599 2051 1653 solitudinis

2148 420 2247 488 τῆς
2298 420 2581 492 βασιλικῆς
2627 423 2900 486 ἀσεϐείας,
2958 425 3031 487 ὡς
3073 424 3562 492 καταστρεφόμενοι
3609 431 3682 480 καί

2147 513 2317 582 ἡμᾶς,
2347 513 2439 564 καὶ
2466 515 2576 575 τοῖς
2606 513 2780 576 ἄλλοις
2809 514 3222 585 προσθήσοντες,
3250 514 3348 584 ἤδη
3383 514 3555 582 σχεδὸν
3579 520 3684 570 πᾶσι

2147 603 2580 672 δεδουλωμένοις.
2628 604 2763 658 Οιὶδὲ
2811 605 2917 675 γὰρ
2950 604 3180 657 ἐνταῦθα
3234 605 3427 673 μικρόν
3470 621 3518 655 τι
3552 607 3686 676 pigri;

2150 697 2281 767 ἡμῖν
2313 701 2709 766 συνεισήνεγκε,
2761 697 2853 750 καὶ
2888 699 3018 769 παρ’
3053 697 3246 750 ἑαυτοῦ
3289 697 3383 749 καὶ
3410 699 3531 767 παρ’
3558 701 3685 768 ἡμῶν

2152 787 2309 850 ἴσως·
2344 787 2437 850 οὒς
2472 789 2674 857 ἐπῆγεν
2709 789 2954 852 ἐκείνοις,
2988 789 3062 851 ὡς
3105 790 3455 859 πικροτάτοις
3486 789 3684 858 θηρίοις,

2150 878 2250 930 οὑκ
2297 879 2540 945 ἀγεννεῖς
2596 878 2888 942 σκύλακας,
2943 878 3233 948 γυμνάζων
3275 877 3410 949 πρὸς
3445 878 3538 948 τὴν
3565 880 3688 932 εύσέ.

2152 968 2322 1021 ϐειαν.
2358 970 2451 1020 Ἐν
2473 969 2797 1040 ἀμφοτέροις
2832 970 3117 1040 μέμφομαι
3150 971 3260 1034 (καί
3293 987 3381 1039 μοι
3422 971 3574 1039 μηδὲν
3598 973 3687 1039 (99)

2151 1061 2515 1132 δυσχεράνητε
2576 1062 2674 1132 τῆς
2724 1063 3064 1133 παρρησίας·
3127 1063 3342 1132 ὲκρήξω
3373 1062 3480 1133 γὰρ
3529 1065 3582 1116 τὸ
3621 1065 3691 1117 λυ-

2155 1151 2289 1204 ποῦν
2329 1152 2427 1221 (1),
2455 1155 2503 1205 εἰ
2538 1154 2632 1206 καὶ
2660 1153 3102 1225 φορτικώτερον),
3135 1156 3216 1206 ὅτι
3247 1172 3313 1224 με
3337 1158 3450 1217 τοῖς
3484 1156 3568 1207 τοῦ
3595 1157 3687 1224 βίον

2154 1243 2342 1304 κακοῖς
2381 1241 2814 1313 δυσχεραίνοντα,
2852 1244 2945 1295 καὶ
2976 1244 3074 1313 τῆς
3116 1245 3349 1313 ἐρημίας
3388 1245 3602 1314 ἐρῶντα,
3631 1248 3690 1310 ὡς

2153 1333 2251 1384 οὐκ
2291 1327 2386 1384 οἶδ’
2418 1332 2578 1395 εἴτις
2606 1333 2761 1396 ἄλλος
2808 1334 2914 1386 τῶν
2958 1335 3078 1387 καθ’
3103 1339 3269 1406 ἡμεῖς,
3303 1337 3395 1388 καὶ
3420 1338 3514 1406 τὴν
3537 1339 3694 1407 κοινὴ-ι

2152 1423 2354 1493 ταύτην
2402 1423 2567 1494 ζάλην
2623 1426 2715 1477 καὶ
2769 1426 2936 1488 κόνιν,
2973 1428 3046 1489 ὡς
3079 1428 3187 1496 ἔχω
3215 1429 3431 1496 τάχους,
3459 1428 3695 1481 ἐκκλίνειν

2156 1512 2578 1581 φιλονεικοῦντα,
2601 1516 2695 1567 καὶ
2727 1519 2805 1578 εἰς
2840 1517 2899 1568 τὸ
2935 1518 3171 1584 ἀσφαλὲς
3201 1517 3586 1581 ἀποσώζεσθαι,
3614 1521 3696 1572 οὐκ

2153 1599 2247 1655 οἷδ’
2273 1604 2418 1666 ὅπως
2453 1607 2518 1674 τῇ
2547 1610 2772 1677 φορτικῇ
2810 1609 2902 1660 καὶ
2940 1609 3206 1677 ἐπιϐούλῳ
3241 1609 3349 1661 τῶν
3381 1609 3559 1678 ψυχῶν
3584 1612 3696 1678 ἁγο-

491 1707 674 1748 amore
719 1693 1055 1762 ﬂagrantem,
1113 1705 1219 1759 quo
1272 1691 1411 1743 haud
1465 1691 1579 1745 scio
1642 1706 1708 1743 an
1762 1689 2045 1758 quisquam

2177 1695 2224 1763 ιᾷ
2253 1694 2328 1762 (‘2)
2361 1694 2534 1768 ταύτῃ
2559 1699 2814 1766 φέροντες
2849 1697 3265 1768 παραδεδώκατε
3297 1701 3394 1767 (5),
3431 1699 3494 1751 δι’
3523 1701 3698 1771 εὐπρε-

489 1797 688 1843 nostraa
717 1787 890 1838 aetatis
927 1785 1084 1846 alius,
1117 1796 1563 1850 communemque
1594 1782 1732 1835 hanc
1755 1790 2045 1848 tempesta«

491 1889 597 1933 tem
632 1888 686 1930 et
713 1877 1006 1946 pulverem,
1035 1889 1194 1940 quam
1229 1873 1515 1927 celerrime
1555 1882 1819 1943 poteram,
1851 1873 2043 1937 vitare,

490 1977 650 2036 atque
704 1968 756 2018 iu
809 1975 978 2018 tutum
1049 1964 1222 2017 locum
1281 1962 1570 2029 confugere
1617 1965 1816 2016 obnixo
1869 1963 2047 2017 studio

489 2056 924 2117 contendentem,
964 2054 1146 2108 nescio
1188 2068 1294 2122 quo
1325 2063 1482 2121 pacto
1525 2056 1576 2106 iu
1632 2056 1732 2106 hoc
1776 2067 1940 2123 grave
1999 2063 2052 2106 et

493 2150 804 2204 insidiosum
843 2148 1144 2200 animarum
1181 2145 1353 2198 forum
1383 2159 1479 2213 per
1512 2144 1815 2212 speciosum
1869 2158 2054 2197 sacer-

2153 1965 2286 2029 θεῖν,
2357 1968 2450 2018 καὶ
2507 1967 2641 2038 πρὸς
2707 1967 2766 2020 τὸ
2832 1968 3022 2038 μέλλον
3087 1987 3202 2032 πως
3245 1969 3489 2033 δύσελπι,

2158 1782 2293 1846 ποῦς
2322 1782 2584 1854 ὀνόματος
2609 1786 2706 1856 τῆς
2739 1786 3052 1857 ἱερωσύνης.
3085 1788 3171 1853 Ἐξ
3193 1781 3266 1840 ὧν
3292 1789 3394 1858 ἤδη
3419 1806 3503 1858 μοι
3534 1789 3593 1842 τΞι
3617 1791 3697 1860 μὲν

2154 1877 2353 1947 συνέϐη
2407 1879 2577 1938 κακά,
2629 1878 2697 1931 τά
2743 1878 2798 1932 δὲ
2847 1880 3141 1944 ἐλπίζεται.
3189 1882 3262 1932 Τὸ
3317 1882 3424 1951 γάρ
3469 1881 3563 1952 ἤδη
3607 1899 3699 1934 πα-

3549 1970 3638 2023 κΞν
3676 1971 3700 2022 6

2155 2057 2414 2128 λογισμὸς
2474 2059 2600 2114 ἄλλο
2650 2077 2703 2112 τι
2753 2060 2934 2132 πείθῃ,
2973 2058 3036 2113 τὸ
3088 2064 3334 2132 κρεῖττον
3402 2061 3700 2133 ὑποτιθέμε-

2162 2163 2272 2210 νος.

491 2242 619 2295 dotii
648 2253 842 2293 nomen
870 2236 1141 2292 intulistis.
1170 2236 1284 2299 Qua
1313 2249 1379 2289 ex
1421 2250 1480 2289 re
1537 2234 1705 2287 multa
1769 2235 1898 2288 mihi
1972 2235 2135 2301 mala,
2177 2240 2371 2308 partim
2416 2242 2527 2311 jam
2566 2243 2924 2313 contigerunt,
2985 2245 3180 2313 partim
3237 2245 3540 2299 iuuninent.
3587 2244 3698 2298 Nam

491 2337 582 2407 qui
613 2337 726 2407 jam
775 2333 975 2402 aliquid
1015 2345 1203 2401 passus
1241 2341 1344 2393 est,
1391 2330 1529 2384 idem
1563 2329 1724 2383 etiam
1756 2331 1822 2385 de
1851 2330 2029 2387 futuro
2067 2335 2458 2403 quodammodo
2523 2338 2732 2407 ditiidit,
2801 2341 2962 2396 etiam
2988 2339 3031 2394 si
3085 2339 3241 2403 ratio,
3267 2339 3490 2392 meliora
3528 2355 3692 2408 sugge-

493 2445 639 2492 rens,
666 2428 806 2481 aliud
831 2425 1083 2495 quiddam
1114 2420 1458 2492 persuadeat.

564 2543 845 2602 XXXVIII.
872 2542 983 2596 Nec
1029 2556 1155 2595 vero
1194 2543 1332 2598 hanc
1378 2559 1590 2614 quoque
1635 2541 1805 2613 ipsius
1845 2543 2054 2601 laudem

495 2636 790 2691 omiserim.
825 2634 953 2688 Erat
983 2633 1195 2700 quidem
1227 2633 1315 2688 ille
1355 2635 1406 2688 in
1445 2634 1698 2690 omnibus
1751 2638 1910 2690 rebus
1954 2638 2063 2692 for-

498 2729 588 2792 tis,
621 2741 683 2780 ac
709 2724 954 2792 corporis
1011 2724 1380 2794 integumento
1429 2725 1677 2793 superior
1716 2743 1729 2780 :
1786 2735 2058 2794 postremo

500 2829 678 2874 autem
724 2817 910 2870 morbo
942 2816 1208 2880 laberans,
1260 2817 1350 2886 qui
1393 2817 1554 2872 simul
1607 2833 1727 2871 cum
1781 2827 2061 2872 senectute

501 2914 754 2982 impetum
797 2910 1043 2972 faciebat,
1087 2924 1262 2978 eoque
1323 2909 1579 2963 diuturno
1633 2916 1687 2964 et
1734 2909 2058 2979 periculoso,

503 2974 631 3059 illud
664 3003 877 3073 quidem
906 3017 1026 3055 cum
1059 2974 1188 3053 aliis
1209 3001 1518 3055 hominibus
1547 2974 1830 3055 commune
1853 3001 2060 3066 habuit,
2092 2974 2132 3028 Ο

501 3098 644 3168 quod
684 3103 1002 3166 :egrot‘arct;
1055 3094 1154 3146 hoc
1206 3104 1383 3145 autem
1434 3109 1535 3145 non
1582 3093 1708 3146 item
1757 3107 2060 3160 commune,

502 3190 594 3245 sed
630 3188 916 3242 admodum
947 3184 1235 3255 peculiare,
1269 3184 1494 3255 aliisque
1533 3183 1808 3239 miraculis
1827 3199 2061 3238 consen-

506 3293 740 3337 taneum.
787 3279 919 3334 Nam
951 3293 1071 3333 cum
1108 3293 1381 3345 nunquam
1431 3291 1539 3330 non
1579 3276 1767 3331 dolore
1801 3291 2065 3345 premere-

505 3384 594 3427 tur
639 3371 936 3440 etquidem
984 3378 1228 3438 persaepe
1267 3367 1494 3437 singulis
1533 3367 1744 3431 diebus,
1787 3376 1949 3435 atque
1982 3366 2066 3419 in-

507 3463 716 3519 terdum
740 3462 902 3517 etiam
951 3461 1124 3521 horis,
1161 3475 1224 3514 ex
1269 3459 1381 3512 sola
1433 3457 1652 3526 liturgia
1692 3457 1858 3510 robur
1887 3457 2067 3510 conci-

507 3553 792 3623 piebat,ac
837 3551 1054 3604 morbus
1103 3556 1359 3616 tauquam
1401 3559 1468 3601 ex
1510 3547 1689 3602 edicto
1712 3545 1948 3616 fugatus,
2009 3561 2067 3601 se

508 3645 856 3700 subducebat.
883 3643 1016 3697 Cum
1039 3651 1218 3696 autem
1249 3651 1464 3696 centum
1490 3639 1662 3696 ferme
1694 3655 1865 3696 annos
1903 3639 2068 3694 vixis-

509 3746 611 3800 set,
659 3738 761 3791 boc
798 3741 902 3801 est,
948 3735 1088 3790 ultra
1139 3732 1420 3788 Davidicos
1477 3732 1542 3786 de
1591 3732 1850 3801 temporis
1898 3731 2068 3786 nostri

511 3829 684 3899 spatio
719 3828 1002 3891 terminos,
1024 3841 1090 3880 ex
1122 3825 1294 3894 iisque
1319 3824 1374 3877 in
1409 3824 1712 3878 sacerdotio
1745 3824 1984 3892 quinque
2014 3829 2071 3876 et

513 3920 884 3989 quadraginta,
917 3932 1036 3987 qua:
1065 3915 1177 3971 fere
1207 3914 1372 3985 359
1395 3915 1643 3969 humana:
1669 3915 1794 3968 vitae.
1819 3929 2070 3969 mensura

513 4021 617 4077 est,
650 4009 941 4078 exegisset,
975 4007 1048 4061 ita
1071 4007 1287 4061 demum
1323 4005 1379 4058 in
1409 4006 1546 4059 bona
1590 4013 1868 4061 senectute
1907 4005 2072 4059 vitam

517 4099 739 4154 claudit.
769 4097 1011 4164 Quonam
1037 4096 1234 4152 modo?
1263 4095 1319 4151 In
1350 4096 1613 4151 orationis
1654 4094 1835 4149 verbis
1873 4103 1928 4150 et
1972 4095 2072 4148 ha-

519 4192 650 4254 bitu,
683 4189 883 4244 nullum
912 4189 1125 4259 quidem
1161 4188 1279 4243 vitii
1312 4187 1620 4259 vestigium,
1664 4187 1898 4257 plurima
1947 4201 2075 4242 vero

2238 2547 2366 2601 AH’.
2407 2547 2522 2600 Οὐκ
2568 2545 2632 2600 ἂν
2690 2545 2809 2599 οὐδὲ
2852 2545 3007 2599 τοῦτο
3056 2545 3132 2616 (4)
3169 2544 3280 2598 τῶν
3323 2544 3528 2598 ἐκείνου
3557 2543 3708 2596 καλῶν

2168 2637 2514 2710 παρέλθοιμι.
2551 2638 2738 2691 Πάντα
2765 2637 2864 2708 μὲν
2884 2634 2950 2709 ἦν
2988 2637 3337 2708 καρτερικὸς,
3358 2636 3454 2689 καὶ
3480 2637 3711 2706 κρείττων

2166 2729 2259 2783 τού
2290 2729 2693 2802 περιϐλήματος
2887 2732 2953 2799 τῇ
2999 2728 3280 2798 τελευταία
3318 2728 3375 2780 δὲ
3405 2729 3542 2796 νόσῳ
3569 2743 3711 2779 κακο-

2168 2819 2376 2882 παθῶν,
2409 2820 2442 2891 ἢ
2476 2819 2553 2890 τῷ
2586 2822 2732 2891 γήρα
2759 2820 3076 2872 συνεπέθετο
3105 2819 3200 2889 (6),
3234 2821 3328 2872 καὶ
3357 2817 3527 2890 ταύτῃ
3551 2819 3711 2889 χρονίᾳ

2169 2912 2260 2963 καὶ
2291 2911 2550 2982 σφαλερᾷ,
2587 2912 2646 2964 τὸ
2691 2911 2786 2981 μὲν
2824 2911 3173 2982 ἀρρωστῆσαι
3221 2909 3403 2962 κοινὸν
3443 2911 3574 2980 πρὸς
3606 2912 3710 2972 τοὺς

2168 3000 2358 3062 ἄλλους
2385 2999 2540 3070 ἔσχεν
2575 2999 2924 3071 ἀνθρώπους·
2973 2999 3130 3051 τοῦτο
3172 2999 3251 3064 δὲ,
3281 2999 3383 3050 οὐκ
3427 2998 3506 3050 ἔτι
3540 2998 3710 3060 κοινὸν,

2169 3093 2304 3146 ἀλλὰ
2341 3093 2542 3165 σφόδρα
2573 3093 2800 3157 ἐκείνου,
2842 3093 2933 3145 καὶ
2957 3095 3068 3154 τοῖς
3095 3091 3271 3155 ἄλλοις
3302 3091 3586 3143 ἀκόλουθον
3605 3089 3716 3142 θαύ-

2173 3204 2352 3257 μασιν.
2379 3187 2452 3239 Ού
2477 3188 2584 3257 γὰρ
2611 3185 2754 3238 ἔστιν
2787 3187 2874 3238 ὅτε
2904 3185 2977 3255 μὴ
3005 3183 3082 3254 τῷ
3115 3184 3273 3236 πάθει
3305 3181 3714 3254 στενοχωρούμε-

2171 3298 2277 3344 νος,
2325 3281 2417 3332 καὶ
2463 3280 2718 3342 πολλάκις
2761 3295 2823 3347 γε
2877 3279 2972 3348 τῆς
3027 3277 3256 3347 ἡμέρας,
3288 3277 3404 3328 ἔστι
3443 3276 3498 3328 δὲ
3531 3277 3610 3328 ὅτε
3637 3278 3714 3327 καὶ

2171 3371 2339 3443 ὧρας,
2377 3370 2479 3422 ὑπὸ
2535 3369 2699 3440 μόνης
2755 3367 3058 3441 έρῤὼννυτο
3104 3367 3203 3436 τῆς
3237 3367 3600 3436 λειτουργίας·
3639 3367 3718 3417 καὶ

2175 3460 2445 3534 ὑπεχώρει
2482 3462 2542 3513 τὸ
2579 3459 2766 3522 πάθος,
2805 3459 2992 3530 ὥσπερ
3038 3459 3094 3524 ἐξ
3134 3459 3352 3529 ἐντολῆς
3387 3461 3722 3528 φυγαδευὸμε-

2174 3573 2284 3609 νον.
2337 3556 2514 3626 Ζὴσας
2552 3553 2608 3605 δὲ
2644 3551 2825 3623 σχεδόν
2863 3569 2916 3604 τι
2955 3551 3083 3621 περὶ
3125 3550 3191 3603 τά
3222 3550 3416 3602 ἑκατὸν
3450 3549 3564 3618 ἔτη,
3593 3549 3717 3618 πέρα

2174 3645 2282 3699 τῶν
2311 3643 2604 3696 Δαυῖδικὼν
2636 3643 2711 3708 (Ἰ)
2737 3633 2897 3713 ὅρων,
2929 3641 3056 3710 περὶ
3084 3639 3176 3692 τοῦ
3207 3639 3328 3691 καθ’
3360 3641 3507 3709 ἡμᾶς
3531 3639 3717 3709 χρόνον.

2176 3737 2271 3790 καὶ
2295 3732 2497 3788 τούτων
2516 3732 2694 3786 αὐτῶν
2715 3734 2772 3786 ὲν
2800 3734 2865 3803 τῇ
2897 3730 3161 3804 ἱερωσύνῃ
3181 3731 3341 3782 πέντε
3366 3732 3461 3783 καὶ
3485 3730 3724 3800 τεσσαράρ

2179 3844 2361 3889 κοντα,
2402 3826 2594 3898 μέτρον
2624 3824 2725 3894 τῆς
2749 3823 3094 3894 ἀνθρωπίνης
3127 3822 3294 3892 ζωῆς,
3327 3821 3517 3875 ἔπειτα
3549 3821 3602 3872 ὲν
3631 3823 3720 3887 γή-

2183 3937 2251 3990 ρᾳ
2279 3918 2427 3989 καλῷ
2447 3915 2702 3970 καταλύει
2724 3915 2812 3968 τὸν
2841 3914 2974 3984 βίον.
3002 3915 3108 3967 Καὶ
3127 3911 3304 3975 τοῦτο,
3338 3912 3482 3975 πῶς
3523 3913 3604 3964 Ἐν
3626 3913 3721 3972 τοῖς

2178 4011 2275 4081 τῆς
2301 4009 2463 4079 εὐχῆς
2499 4008 2700 4078 ῥήμασί
2722 4024 2782 4059 τε
2811 4006 2904 4059 καὶ
2930 4007 3222 4076 σχήμασιν,
3255 4003 3406 4057 οὐδὲν
3432 4005 3528 4074 μὲν
3552 4003 3722 4062 κακίας

2183 4102 2343 4172 ἴχνος,
2388 4100 2611 4154 πλεῖστα
2656 4099 2712 4153 δὲ
2747 4099 2946 4170 ἀρετῆς
2988 4095 3299 4149 καταλιπὼν
3358 4096 3720 4164 ὑπομνήματα.

2183 4190 2480 4263 Τοιγαροῦν
2524 4189 2618 4244 καὶ
2656 4188 2718 4242 τὸ
2761 4188 2922 4251 σέϐας
2950 4186 3098 4256 αύτῷ
3126 4187 3306 4239 πλεῖον
3331 4187 3405 4256 (8)
3441 4187 3472 4257 ἦ
3500 4185 3631 4239 κατὰ
3656 4187 3727 4236 ἇν-

521 4281 774 4334 virtutum
827 4279 1154 4335 monimenta
1206 4277 1530 4347 relinquens.
1587 4278 1851 4343 Quocirca
1906 4277 2061 4346 majou

2183 4282 2417 4354 θρωπον,
2473 4285 2530 4335 ὲν
2580 4284 2698 4345 ταῖς
2753 4281 3003 4334 ἁπάντων
3057 4280 3129 4350 (9)
3190 4277 3465 4346 γλώσσαις
3508 4280 3596 4331 καὶ
3626 4277 3724 4329 δισ-

519 4391 755 4446 quoque,
779 4390 943 4445 quam
987 4373 1224 4430 hominis
1250 4372 1492 4429 conditio
1525 4372 1669 4428 ferre
1707 4372 1972 4436 videatur,
2007 4373 2081 4440 ip-

519 4467 630 4521 sius
649 4466 925 4521 veneratio
959 4466 1010 4520 in
1059 4463 1300 4519 omnium
1339 4463 1537 4534 linguis
1589 4471 1644 4517 et
1679 4463 1950 4528 mentibus
1974 4463 2078 4518 sita

520 4570 640 4627 cst;
683 4574 780 4616 nec
819 4559 974 4613 facile
1021 4559 1256 4627 reperire
1304 4566 1404 4622 est,
1432 4556 1522 4625 qui
1566 4555 1709 4610 illius
1760 4555 2078 4610 memoriam

595 4781 706 4850 (98)
748 4779 1280 4848 Ἐπεστράτευσαν.
1319 4779 1409 4850 Sic
1470 4777 1598 4848 Reg.
1654 4794 1707 4844 τι,
1755 4785 1862 4832 tres
1907 4776 2080 4842 Colb.,

525 4849 620 4908 0r.
668 4849 711 4914 l',
749 4851 860 4905 Jes.
889 4851 943 4904 In
967 4851 1074 4913 ed.,
1101 4849 1559 4918 ἀπεστράτευσαν.

598 4920 706 4990 (99)
734 4919 1184 4990 Mindérrllegm,
1338 4919 1390 4977 1,
1435 4919 1526 4990 μήΞ

599 4985 673 5072 (ρ)
691 4985 766 5044 ’Τὸ
790 4985 1045 5072 lynci}?
1073 4985 1104 5040 ἰ
1145 4985 1467 5072 Dolorem...)
1495 4985 1765 5072 Perpetua
1799 4985 1896 5038 fuit
1922 4985 2088 5040 Theo-

533 5057 634 5129 logi
660 5057 898 5130 querela,
925 5059 1323 5130 ol)_iinpositt_tm
1360 5057 1459 5130 sibi
1489 5057 1872 5130 sacerdotirriu.

601 5124 692 5200 (Ξ)
709 5130 832 5184 Τῶν
849 5127 1065 5199 ψυχῶν
1087 5124 1287 5200 ἀγορᾷ.
1322 5125 1556 5200 ιᾲῐῖοτο,Δ
1580 5127 1745 5200 inquit
1770 5125 1928 5186 Elias,
1971 5124 2086 5200 ani:

533 5194 738 5256 marum
768 5194 1314 5261 curarit—comparavit
1337 5195 1647 5264 Gregorius,
1667 5195 1734 5248 ob
1766 5209 1949 5264 eorum
1993 5194 2084 5261 qui

536 5286 593 5324 se
629 5270 874 5338 regendis
909 5267 1156 5322 humanis
1211 5267 1404 5319 animis
1455 5262 1706 5338 pra-esse
1747 5262 2083 5338 profitentur.

536 5334 888 5393 temeritatem
916 5347 970 5392 et
988 5338 1358 5406 petulantiam,
1382 5345 1434 5390 et
1462 5339 1584 5404 quia
1610 5335 1707 5403 ipsi
1726 5347 1858 5403 pene
1881 5334 2088 5386 animas

537 5410 772 5462 vendunt
797 5425 857 5460 ac
885 5410 1132 5472 produnt.
1166 5425 1183 5457 ι

609 5480 683 5543 (5)
711 5475 1180 5544 Παραδεδώκατε.
1223 5475 1313 5532 0r.
1360 5479 1410 5536 1,
1441 5473 1810 5544 παρεδώκατε.

611 5549 686 5633 (4)
718 5543 917 5602 Τοῦτο.
952 5548 1040 5600 Sic
1075 5548 1204 5617 Reg.
1240 5563 1268 5600 a
1300 5555 1350 5600 et
1372 5544 1467 5599 0r.
1498 5543 1546 5597 i’.
1585 5545 1637 5597 lu
1671 5544 1781 5608 ed.,
1812 5543 2090 5608 mendose,

535 5633 732 5688 τούτῳ.

2185 4373 2389 4436 νοίαις·
2440 4375 2533 4426 καὶ
2581 4373 2678 4426 οὐκ
2723 4375 2835 4424 ἔστι
2883 4370 3077 4442 ῥαδίως
3125 4369 3339 4440 εὑρεῖν,
3406 4369 3550 4431 ὅστις
3603 4368 3726 4420 ὲκεί-

2187 4483 2277 4520 νου
2321 4465 2680 4534 μεμνημένος,
2723 4463 2843 4532 οὐχ).
2883 4461 2977 4516 καὶ
3032 4463 3130 4532 τὴν
3175 4463 3478 4528 φαντασίαν
3524 4458 3729 4520 ἀσπάζεο

2187 4573 2295 4619 ται,
2336 4554 2490 4607 τοῦτο
2518 4554 2580 4626 δὴ
2613 4554 2674 4607 τὸ
2710 4554 2810 4625 τῆς
2841 4555 2878 4606 Γ
2883 4555 3080 4625 ραιρῆς,
3112 4556 3266 4624 χεῖρα
3294 4552 3409 4614 θεὶς
3442 4553 3532 4604 ἐπὶ
3563 4551 3730 4618 στόμα-

2263 4776 2338 4848 (5)
2367 4779 2657 4846 Κρείττων
2688 4777 2794 4830 τοῦ
2824 4779 3277 4846 περιϐλήματος.
3310 4799 3328 4829 ‹
3369 4778 3617 4844 Corporis
3660 4777 3730 4826 in—

2197 4855 2526 4912 legumento,
2563 4868 2581 4898 ι
2621 4848 2670 4902 id
2699 4859 2802 4908 est,
2843 4867 2859 4897 ι
2887 4851 3293 4901 necessitatibus
3324 4850 3566 4913 corporis
3600 4861 3729 4912 supe-

2196 4919 2328 4972 rior.
2367 4937 2384 4970 ι
2425 4919 2515 4971 Sic
2537 4919 2664 4980 Reg.
2701 4921 2809 4974 Iun.
2841 4927 2944 4970 etv.
2987 4920 3135 4971 Deest
3164 4917 3278 4978 τοῦ,
3308 4920 3358 4968 in
3387 4919 3472 4970 ed.

2266 4986 2339 5056 (ti)
2371 4987 2756 5056 Κακοπαθῷν,
2785 4984 2918 5056 ἣτῷ
2947 4985 3097 5054 γήρᾳ
3134 4987 3520 5056 συνεπέθετο.
3554 4981 3731 5056 δὶςοιξ.

2197 5056 2251 5129 1.
2273 5049 2335 5110 “ui
2365 5057 2528 5111 Coisl.
2553 5059 2605 5122 1,
2701 5056 2761 5108 τὸ
2789 5049 2963 5126 γῆρας
2997 5049 3346 5110 συναπέθετο.
3395 5057 3452 5109 In
3475 5057 3583 5119 ed.,
3672 5052 3734 5119 τῷ

2194 5127 2357 5197 γήρᾳ,
2388 5137 2491 5182 etc.

2270 5193 2343 5266 i7)
2375 5194 2720 5250 Δαυτδικῶν.
2747 5195 2839 5248 Or.
2885 5194 2938 5266 i,
2974 5195 3293 5247 Δαυῖτικῶν.
3331 5195 3530 5266 Alludit
3561 5193 3734 5258 Grego-

2197 5264 2402 5320 rius'ad
2429 5268 2539 5320 hzec
2577 5269 2735 5320 Verba
2785 5265 2917 5332 psal.
2947 5281 3164 5324 Luxu,
3219 5270 3285 5316 tu
3324 5284 3336 5318 :
3377 5284 3394 5315 ι
3440 5264 3558 5317 Dies
3590 5277 3730 5314 antio-

2203 5350 2316 5388 rum
2343 5345 2644 5404 nostrorum
2675 5337 2725 5387 in
2749 5335 3234 5404 ipsisseptttngittta
3261 5334 3412 5400 anni,
3444 5353 3464 5385 ι
3489 5349 3592 5386 etc.

2271 5405 2349 5473 (8)
2377 5403 2612 5474 Πλεῗον.
2643 5403 3128 5474 Ιὶυε.ίγ1›ιιι,ηπλέον.

2275 5470 2348 5544 (9)
2390 5470 2845 5531 Ἁπάντωνιῖδῑο
2907 5473 3104 5542 Regius
3159 5490 3210 5528 a.
3275 5473 3329 5528 In
3395 5473 3574 5539 editis,
3616 5470 3730 5523 πάνυ

2205 5563 2308 5598 των
2316 5586 2329 5598 .
