3852 6408
479 191 616 246 1039

1679 188 1735 243 S.
1777 188 2111 244 GREGORII
2149 189 2496 245 TIIEOLOGI

3575 197 3686 255 mo

473 307 637 362 funus
672 317 821 362 tuum
873 317 1066 375 ornet,
1107 308 1177 362 ita
1233 309 1456 378 accipis,
1489 308 1646 376 quasi
1688 307 1930 380 laborum
1963 322 2049 362 eo-

2169 307 2478 379 ιμὸχθησας,
2513 306 2604 360 τὸν
2648 307 2758 360 εἴτε
2798 312 3272 382 προπεμπτήριον,
3307 311 3402 364 εἴτ’
3445 312 3688 381 ἐπιτάφιον

476 417 597 456 rum
620 441 634 460 .
665 417 799 469 quos
829 404 896 453 oh
928 416 1044 455 mea
1075 401 1335 455 doctrina:
1373 400 1552 454 studia
1591 400 1904 469 suscepisti,
1933 399 2050 454 fru-

475 505 622 547 ctum
673 493 902 547 tuleris?
937 492 1110 559 Nutu,
1146 509 1242 563 pro
1270 494 1439 546 veteri
1482 507 1665 554 more,
1705 507 1894 560 pacem
1928 508 2052 546 ora-

477 586 609 640 tioni
661 587 884 646 tribuis,
935 586 1134 653 eique,
1182 601 1248 638 ne
1303 587 1519 638 modum
1570 584 1833 647 excedat,
1889 585 2048 638 ﬁnem

475 675 824 744 praescribis?
857 674 937 728 Au
987 675 1168 744 potius
1215 673 1419 743 aliquid
1457 673 1678 727 uberius
1730 671 2050 726 desideras?

478 766 585 823 Sed
611 767 754 822 haud
779 768 938 820 dubie
962 766 1314 835 praescribis;
1347 765 1480 819 satis
1510 764 1652 818 enim
1683 762 1900 833 longam
1927 778 2052 815 ora--

475 862 675 913 tionem
709 859 1017 913 habuimus.
1074 858 1184 914 Hoc
1223 872 1354 912 vero
1388 857 1550 917 mihi.
1589 869 1721 925 pace
1756 864 1879 918 tua,
1916 853 2051 920 adji-

476 967 599 1007 cere
643 952 821 1007 liceat.
872 949 982 1006 Fac
1032 951 1301 1009 sciamus,
1347 964 1582 1017 quanam
1631 948 1683 1002 in
1734 946 1903 1017 gloria
1938 948 2049 1012 sis,

475 1049 618 1114 quod
669 1045 849 1098 lumen
907 1051 959 1095 te
1014 1041 1365 1104 circumstet,
1419 1049 1582 1107 atque
1632 1053 1857 1092 uxorem
1903 1048 2051 1090 tuam

477 1135 757 1206 aliquanto
793 1142 948 1204 post,
982 1142 1037 1186 et
1084 1133 1304 1196 liberos,
1349 1146 1578 1198 quorum
1631 1130 1792 1184 [tinus
1823 1131 2050 1184 deduxi-

477 1227 680 1292 sti,,ac
718 1241 804 1280 me
841 1238 1089 1294 quoque,
1121 1235 1214 1276 aut
1255 1223 1389 1277 nihil
1417 1223 1625 1288 adlmc,
1662 1231 1752 1276 aut
1792 1231 1934 1275 certe
1963 1237 2052 1289 pa-

475 1334 598 1372 rum
632 1318 791 1388 hujus
831 1318 956 1370 vita:
1008 1315 1165 1370 malis
1217 1313 1512 1378 aillietum,
1556 1313 1748 1367 iisdem
1799 1312 2052 1366 taberna-

479 1408 620 1463 culis
672 1408 1102 1476 excipe:atque
1154 1414 1282 1457 ante
1341 1402 1723 1468 tabernacula,
1754 1402 1857 1457 hoc
1909 1403 2050 1456 dulci

478 1501 695 1567 lapide,
728 1515 888 1569 quem
937 1499 1207 1553 ambobus
1261 1499 1418 1552 nobis
1474 1496 1748 1562 statuisti,
1803 1496 2055 1548 videlicet

478 1593 570 1648 hic
607 1606 823 1662 quoque
871 1589 1211 1644 sacerdotem
1252 1598 1400 1642 tuum
1438 1597 1492 1641 et
1535 1587 1914 1654 cognominem
1956 1588 2054 1640 ho-

2150 399 2337 454 τοῦτον
2365 399 2617 460 ἐπαινον;
2651 400 2745 452 καὶ
2770 398 2926 464 δίδως
2957 404 3178 473 εἰρήνην
3207 402 3286 472 τῷ
3317 401 3480 472 λόγῳ,
3509 404 3588 456 τὸν
3609 424 3688 458 πει-

2150 491 2300 545 λαιὸν
2327 490 2545 561 τρόπον,
2588 489 2864 542 κάνταῦθα
2892 490 3080 543 τοῦτον
3127 492 3352 564 ὀρίζεις.
3394 491 3594 559 φεύγων
3617 494 3688 546 τὸν

2151 589 2329 660 κόρον,
2361 590 2436 650 ὡς
2464 588 2529 641 ἂν
2561 588 2642 658 εἴη
2677 587 3020 658 σύμμετρος;
3049 589 3080 658 ἢ
3113 590 3235 641 τίνα
3265 588 3568 658 προσθήκην
3593 591 3687 640 ἐπι-

2152 680 2366 752 ξητεῖς;
2421 680 2669 748 ὐρίζεις,
2706 675 2801 732 οἷδ’
2825 680 3046 732 ὅτιθκαὶ
3079 680 3186 749 γὰρ
3212 681 3509 750 αὐτάρκης.
3546 679 3687 732 Ἐκεῖ-

2150 789 2208 823 νο
2255 771 2312 823 δὲ
2360 771 2670 840 προσθεῖναι
2737 768 3120 840 συγχώρησον·
3161 769 3430 841 Γνὼρισον
3461 774 3584 840 ἡμῖν
3609 771 3691 824 ποῦ

2152 879 2280 914 ποτε
2308 858 2358 914 εἷ
2396 862 2574 932 δόξης,
2604 862 2696 914 καὶ
2723 862 2782 914 τὸ
2805 862 2932 932 περὶ
2959 863 3015 914 σὲ
3053 861 3188 930 φῶς,
3221 863 3315 914 καὶ
3348 863 3446 930 τὴν
3480 863 3569 932 σὴν
3598 865 3690 931 μετ’

2150 953 2326 1022 ὀλίγον
2361 953 2606 1025 ὁμόζυγα
2642 954 2774 1025 (9.1),
2801 954 2894 1006 καὶ
2923 955 3029 1008 τῶν
3057 956 3282 1014 τέκνων,
3309 953 3345 1006 ἃ.
3385 955 3693 1025 προκατέθι-

2148 1043 2255 1113 ψας
2286 1044 2396 1115 (22)
2419 1061 2433 1072 ·
2469 1045 2612 1114 κάμὲ
2648 1047 2767 1107 ταῖς
2799 1046 2989 1108 αὑταῖς
3018 1044 3166 1109 δέξαι
3201 1049 3446 1115 σκηναῖς,
3487 1045 3517 1114 ἦ
3551 1045 3693 1113 μηδὲν

2152 1138 2251 1201 ἔτι,
2279 1139 2310 1208 ἢ
2339 1138 2510 1209 μικρὰ
2535 1137 2612 1208 τῷ
2646 1137 2744 1208 βίῳ
2776 1138 2949 1208 τούτῳ
2979 1138 3460 1207 κακοπαθήσονταο
3495 1138 3580 1189 καὶ

2149 1226 2257 1279 τῶν
2283 1226 2516 1296 σκηνῶν,
2544 1225 2622 1296 τῷ
2652 1226 2844 1295 γλωκεί
2874 1225 3005 1296 λίθῳ
3037 1226 3148 1296 ('25)
3185 1226 3380 1296 τούτῳ,
3411 1226 3467 1278 ὃν
3495 1227 3698 1294 ἀμφοτέ-

2154 1335 2265 1389 ροις
2315 1317 2565 1387 ἕστησας,
2624 1318 2799 1389 τιμῶν
2849 1318 3126 1371 κάλιταῦθα
3173 1317 3264 1370 τὸν
3304 1318 3396 1370 σὺν
3451 1317 3582 1381 ἱερὸν
3622 1319 3698 1369 καὶ

2152 1407 2435 1478 ὁμώνυμον
2462 1426 2474 1437 ’
2507 1409 2600 1461 καὶ
2628 1409 2720 1461 τοῦ
2771 1408 2928 1476 λόγου
2963 1409 3072 1478 (24)
3111 1408 3440 1480 συγγνώμην
3492 1407 3591 1476 ἔχε,
3623 1408 3696 1459 τοῦ

2152 1517 2212 1552 τε
2253 1500 2610 1572 παρεθέντος,
2666 1502 2760 1553 καὶ
2800 1500 2894 1553 τοῦ
2939 1500 3374 1572 προσληφθέντος
3423 1498 3516 1569 σὴν
3547 1499 3696 1569 χάριν.

2156 1592 2264 1645 Καὶ
2303 1592 2570 1661 διεξάγοις
2619 1593 2916 1656 ἀκινδύνως
2962 1591 3095 1663 (25),
3130 1592 3364 1664 μάλιστα
3392 1591 3487 1661 μὲν
3517 1590 3698 1643 ἃπασαν

479 1702 612 1742 nore
640 1683 899 1744 alliciens,
952 1693 1007 1736 et
1039 1681 1272 1736 sermoni
1307 1681 1674 1749 prmtcrmisso
1704 1719 1717 1741 ,
1762 1689 1816 1733 et
1877 1681 1929 1732 iu
1980 1681 2052 1733 tui

2169 1684 2393 1756 ποίμνην
2421 1684 2516 1738 καὶ
2568 1685 2774 1748 πάντας
2809 1686 3120 1757 ἀρχιερέας,
3157 1679 3230 1738 ὧν
3265 1685 3498 1756 ἐκλήθης
3525 1683 3698 1752 πατὴρ,

480 1779 711 1848 gratiam
750 1786 1058 1843 assumpto,
1090 1774 1349 1843 ignosce:
1385 1787 1450 1826 ac
1481 1772 1733 1840 denique,
1763 1787 1887 1827 cum
1925 1788 2048 1840 gre-

479 1885 600 1938 gem
631 1868 939 1921 universum
959 1905 975 1929 ,
996 1875 1050 1920 et
1085 1863 1369 1934 pontiﬁces
1395 1877 1603 1924 oumes,
1637 1879 1866 1932 quorum
1901 1874 2056 1932 pater

478 1967 704 2015 vocatus
743 1973 803 2013 es
827 1999 843 2022 ,
885 1968 996 2011 tum
1033 1971 1118 2010 me
1167 1955 1509 2024 praesertim,
1539 1963 1766 2024 paterue
1801 1971 1865 2010 ac
1897 1955 2058 2026 spiri-

481 2045 702 2099 tualiter
752 2053 1000 2099 coactum
1035 2086 1052 2110 ,
1107 2043 1331 2114 periculi
1377 2058 1601 2098 securos
1645 2046 1887 2114 guberna
1924 2085 1941 2110 ,
1990 2062 2059 2102 ne

480 2136 590 2191 vim
630 2133 762 2188 mihi
789 2135 888 2190 abs
913 2144 964 2190 te
996 2135 1201 2190 illatam
1229 2149 1618 2204 usquequaque
1643 2151 1918 2191 accusem.

549 2226 690 2284 XLI.
721 2228 791 2281 At
827 2236 880 2281 tu
904 2267 919 2291 ,
951 2226 1080 2296 quid
1125 2241 1338 2293 censes,
1372 2241 1406 2281 o
1443 2241 1755 2281 sermonum
1817 2243 2057 2283 meorum

479 2328 534 2376 et
565 2319 916 2391 agitationum
944 2317 1146 2385 judex?
1181 2318 1239 2371 Si
1272 2319 1387 2372 haec
1419 2329 1504 2371 sat
1545 2318 1829 2372 commode
1864 2328 1919 2373 et
1960 2334 2054 2371 co-

479 2411 631 2482 piose
652 2451 666 2476 ,
697 2421 862 2480 atque
905 2419 964 2462 ut
1011 2409 1311 2478 cupiditate
1341 2418 1431 2462 tua
1461 2409 1682 2478 dignum
1731 2418 1883 2471 erat,
1918 2409 2059 2462 dicta

482 2508 642 2565 sunt,
689 2501 792 2555 hoc
847 2499 1056 2554 calculo
1109 2509 1198 2553 tuo
1253 2499 1558 2562 conﬁrma,
1601 2508 1656 2552 et
1707 2500 2056 2568 accipiemus.

481 2591 618 2647 Nam
668 2590 914 2662 profecto
956 2591 1049 2644 Dei
1084 2590 1325 2644 calculus
1375 2600 1496 2644 tuus
1533 2589 1773 2644 calculus
1804 2601 1910 2646 est.
1959 2591 2055 2646 Sin

481 2694 663 2739 autem
699 2684 858 2753 longe
892 2683 1032 2736 infra
1089 2682 1257 2752 ipsius
1315 2680 1542 2751 gloriam
1591 2690 1647 2736 et
1703 2697 1852 2750 spem
1909 2690 2059 2736 tuam

483 2777 860 2842 substitimus,
915 2777 966 2828 in
1023 2783 1274 2844 promptu
1312 2784 1394 2828 est
1437 2772 1528 2843 qui
1567 2775 1844 2844 suppetias
1893 2775 2056 2846 361

482 2869 645 2922 ferat.
674 2868 872 2923 Vocem
909 2877 1055 2922 tuam
1083 2908 1097 2930 ,
1144 2877 1464 2936 Opportuna:
1499 2867 1694 2935 plurim
1744 2867 1936 2933 instar,
1974 2884 2063 2922 ex-

481 2964 707 3033 petitam
751 2961 894 3015 illius
945 2961 1192 3015 laudibus
1221 2961 1476 3014 immitte.
1519 2961 1596 3014 Ac
1628 2977 1761 3016 sane
1794 2963 1909 3032 ipse
1947 2979 2061 3017 ma-

484 3057 650 3111 ximis
669 3067 720 3110 te
752 3055 1061 3109 nominibus
1083 3054 1185 3108 sibi
1215 3054 1514 3108 obnoxium
1545 3064 1598 3108 et
1621 3055 1939 3109 ob5trictum
1965 3056 2060 3110 ha-

483 3147 610 3210 bet,
642 3161 836 3215 nempe
869 3155 924 3198 et
964 3155 1022 3196 ut
1057 3152 1244 3211 pastor
1269 3153 1542 3212 pastorem
1564 3183 1580 3208 ,
1612 3153 1665 3197 et
1700 3154 1756 3198 ut
1807 3154 1958 3214 pater
2001 3145 2062 3199 li-

483 3238 649 3304 lium,
684 3238 828 3308 quod
871 3237 1088 3305 quidem
1119 3235 1186 3290 ad
1216 3237 1445 3303 gratiam
1484 3239 1704 3290 attinet.
1738 3235 1878 3303 Quid
1932 3253 2063 3293 vero

483 3331 790 3386 mirandum
817 3373 832 3396 ,
865 3333 946 3394 si,
982 3331 1072 3396 qui
1113 3339 1382 3383 terrarum
1420 3327 1538 3382 orbi
1580 3343 1678 3397 per
1716 3336 1767 3384 te.
1794 3328 2061 3394 intonuit,

487 3423 629 3479 idem
662 3438 807 3478 nunc
841 3421 1075 3476 fructum
1125 3435 1341 3489 quoque
1393 3421 1631 3489 aliquem
1683 3435 1750 3474 ex
1793 3430 1880 3475 tua
1932 3437 2066 3477 voce

2157 1775 2447 1847 ἐξαιρέτως
2497 1774 2552 1828 δὲ
2586 1775 2677 1827 τὸν
2715 1775 2819 1828 ὑπὸ
2845 1775 2936 1828 σοῦ
2967 1775 3273 1846 βιασθέντα,
3332 1775 3426 1828 καὶ⁸
3472 1789 3701 1843 τυραννη-

2157 1866 2316 1930 ,θέντα
2377 1865 2654 1937 πατρικῶς
2705 1885 2765 1920 τε
2831 1867 2925 1921 καὶ
2975 1866 3377 1937 πνευματικῶς,
3427 1865 3500 1928 ὡς
3538 1865 3595 1918 ἂν
3641 1864 3700 1934 μη

2159 1957 2336 2012 πάντα
2364 1975 2423 2011 σε
2456 1957 2772 2029 μεμφοίμην
2801 1958 2899 2028 τῆς
2922 1957 3254 2028 τυραννίδος.

2232 2235 2370 2288 MA'.
2413 2233 2501 2286 Σοὶ
2523 2233 2581 2286 δὲ
2620 2232 2733 2303 (26)
2776 2231 2830 2284 τί
2871 2229 3157 2301 δοκοῦμεν,
3185 2221 3230 2281 ὧ
3266 2227 3430 2300 κριτὰ
3461 2228 3562 2280 τῶν
3584 2229 3713 2297 ἐμῶν

2159 2326 2330 2396 λόγων
2351 2324 2444 2377 καὶ
2472 2323 2784 2393 κινημάτων
2811 2339 2826 2386 ;
2866 2320 2928 2373 El
2989 2319 3086 2391 μὲν
3131 2318 3422 2388 αὐτάρκως
3451 2315 3711 2369 διείλεκται

2162 2417 2356 2482 ταῦτα,
2396 2414 2614 2484 καὶτῆς
2655 2410 2753 2482 σῆς
2789 2411 3084 2482 ἐπιθυμίας
3115 2409 3303 2474 ἀξίως,
3340 2408 3499 2460 τοῦτο
3538 2408 3710 2478 ἐπιψη-

2163 2526 2315 2577 φισον
2360 2507 2493 2578 (27),
2543 2507 2639 2558 καὶ
2676 2504 2983 2574 δεχόμεθα·
3033 2502 3251 2564 πάντως
3291 2502 3347 2554 δὲ
3393 2500 3525 2553 Θεοῦ
3561 2500 3712 2569 «ﬁge;

2163 2601 2195 2670 ἡ
2228 2600 2314 2670 σή.
2341 2599 2404 2650 Εἰ
2423 2598 2479 2651 δὲ
2499 2596 2650 2669 παρὰ
2676 2596 2810 2648 πολὺ
2839 2595 2934 2664 τῆς
2957 2593 3162 2646 ἐκείνου
3187 2591 3366 2661 δόξης,
3400 2591 3494 2644 καὶ
3522 2590 3612 2658 τῆς
3635 2590 3714 2658 τῆς

2163 2691 2392 2754 ἐλπίδος,
2429 2691 2595 2759 ἐγγὺς
2633 2691 2660 2741 ὁ
2692 2687 2997 2758 σύμμαχος.
3033 2686 3268 2754 Ἐπάφες
3310 2686 3410 2755 τὴν
3442 2685 3536 2754 σὴν
3563 2684 3715 2753 gravi?

2162 2785 2272 2847 τοῖς
2299 2783 2506 2836 ἐκείνου
2559 2781 2742 2845 καλοῖς
2798 2780 3274 2852 προσδοκωμένην,
3311 2779 3387 2844 ῶς
3422 2779 3570 2830 ὑετὸν
3605 2779 3709 2849 ὡρι-

2167 2894 2264 2948 μον
2293 2875 2403 2946 (28)
2425 2893 2440 2908 ·
2473 2875 2689 2938 πάντως
2717 2873 2772 2926 δὲ
2801 2873 3081 2942 ὑπόχρεων
3099 2872 3210 2941 ἔχει
3229 2887 3285 2922 σε
3316 2870 3428 2923 τῶν
3456 2870 3718 2940 μεγίστων,

2165 2968 2258 3021 καί
2285 2967 2361 3029 ὡς
2395 2966 2627 3036 ποιμένα
2656 2963 2880 3034 ποιμὴν,
2910 2965 3002 3014 καὶ
3049 2961 3124 3024 ὡς
3175 2961 3359 3030 πατὴρ
3394 2961 3509 3014 υἱὸν
3559 2961 3636 3014 τον
3671 2963 3721 3012 ἐν

2165 3059 2369 3130 χάριτι.
2413 3058 2477 3110 Τί
2508 3055 2838 3128 θαυμαστὸν,
2871 3057 2919 3108 εἰ
2960 3053 3048 3106 διὰ
3079 3053 3190 3124 (‘29)
3226 3052 3318 3105 σοῦ
3353 3052 3640 3124 βροντήσας
3663 3056 3722 3120 τῇ

2163 3150 2475 3223 οἰκουμένῃ,
2505 3151 2599 3203 καὶ
2625 3149 2785 3212 αὐτός
2810 3166 2860 3202 τι
2887 3146 2988 3217 τῆς
3021 3147 3125 3216 σῆς-
3148 3146 3330 3216 φωνῆς
3351 3146 3687 3198 ἀπολαύσειεν
3709 3162 3726 3205 ;

2167 3242 2231 3294 Τί
2264 3242 2343 3294 δεῖ
2363 3242 2586 3306 λοιπὸνς
2622 3243 2700 3312 Τῇ
2738 3241 3076 3310 πνευματικῇ
3106 3239 3314 3308 Σάρρα,
3357 3239 3425 3307 τῇ
3459 3236 3549 3289 τοῦ
3580 3239 3727 3304 μεγα-

2165 3334 2259 3388 λου
2292 3334 2499 3406 πατρὸς
2527 3332 2683 3404 ἡμῶν
2712 3332 2982 3404 Ἀϐραὰμ,
3007 3330 3100 3383 καὶ
3124 3328 3402 3399 ὁμοζύγῳ,
3430 3330 3521 3381 καὶ
3551 3330 3729 3398 ἰσοχρὺ-

2170 3444 2265 3497 νῳ,
2296 3425 2768 3496 συμφιλοσοφῆσαι
2802 3422 2870 3476 τὰ
2902 3420 3156 3492 ὲπικὴδια
3187 3419 3322 3491 (50).

483 3515 700 3588 capiat?
736 3513 926 3569 Restat
966 3513 1114 3580 jam,
1161 3521 1220 3566 ut
1255 3527 1376 3565 cum
1432 3510 1701 3579 Spirituali
1762 3509 1938 3577 Sara,
1993 3517 2170 3586 magni
2231 3518 2399 3572 nostri
2465 3517 2632 3586 patris
2673 3514 2906 3592 “trahas
2953 3513 3216 3583 conjuge,
3281 3522 3450 3582 atque
3504 3511 3723 3580 ejusdem

484 3610 694 3673 aetatis,
726 3609 793 3664 de
834 3608 933 3672 iis,
961 3623 1079 3677 quae
1110 3605 1174 3660 ad
1204 3605 1366 3660 funus
1393 3614 1683 3674 spectant,
1715 3605 2005 3661 disseram.

557 3701 714 3754 XLll.
749 3698 866 3753 Non
907 3708 990 3752 est
1012 3736 1026 3760 ,
1055 3713 1088 3751 ο
1119 3707 1312 3760 mater,
1346 3697 1534 3750 eadem
1568 3695 1662 3750 Dei
1693 3705 1745 3750 et
1777 3696 2054 3750 hominum

485 3808 715 3859 natura;
753 3802 880 3856 aut,
928 3801 986 3844 ut
1022 3793 1072 3843 in
1129 3806 1328 3858 genere
1387 3789 1599 3858 loquar,
1637 3803 1957 3858 superorum
2007 3798 2062 3842 et

489 3887 849 3942 terrestrium.
906 3887 1060 3954 Apud
1093 3884 1214 3938 illos
1264 3884 1408 3936 enim
1461 3892 1720 3938 constans
1753 3892 1808 3936 et
1842 3883 2064 3935 immor-

488 3980 740 4044 tale-est,
771 3989 884 4032 tum
919 3979 1091 4048 ipsum
1119 3991 1272 4040 esse,
1311 3986 1422 4029 tum
1452 3989 1790 4046 quaecunque
1833 3975 1899 4028 ad
1933 3974 2062 4027 illud

486 4073 784 4142 pertinent.
843 4070 1150 4124 Firmorum
1215 4069 1360 4123 enim
1397 4084 1484 4122 res
1537 4068 1706 4121 ﬁrma:
1759 4075 1906 4122 sunt.
1960 4065 2066 4120 Res

563 4225 674 4295 (21)
715 4222 1006 4292 Ὁμόζυγα.
1068 4219 1158 4276 Sic
1187 4221 1316 4291 Reg.
1366 4237 1416 4285 a,
1451 4222 1562 4284 illll,
1609 4219 1702 4275 0r.
1751 4221 1803 4284 1,
1844 4218 1956 4276 Jes.
2007 4219 2063 4272 In

492 4296 602 4359 ed.,
633 4296 920 4366 ὁμόζυγον.

565 4359 681 4438 (Ξὲ)
699 4359 1183 4438 Προκαζέθαψιξς.
1206 4381 1236 4438 ι-
1260 4360 1406 4438 Quos
1425 4359 2008 4438 tumuloncomposuisti.
2040 4378 2057 4410 ι

492 4429 627 4504 Reg.
658 4429 710 4500 ἐι,
744 4429 850 4490 duo
889 4429 1070 4497 Colhf,
1095 4435 1191 4489 0r.
1217 4433 1269 4497 1,
1297 4432 1430 4494 Jes.,
1461 4432 1574 4496 ipse
1615 4429 1823 4492 Billiu’s,
1854 4447 2064 4504 προκα-

492 4503 736 4570 τέλαϐες,
793 4525 811 4557 ι
854 4505 906 4558 in
949 4516 1321 4567 antecessum,
1375 4513 1700 4571 prmverteus
1771 4503 2061 4569 accepisti,

493 4578 645 4648 prius
676 4577 971 4648 occupasti.
1020 4594 1038 4648 ξ

566 4647 679 4715 (25)
717 4646 800 4711 Τῷ
815 4639 1044 4717 ’γλυκεῖ
1072 4645 1238 4711 λίθῳ.
1282 4642 1336 4696 ld
1365 4652 1468 4717 est,
1503 4639 1868 4717 inquit_Elias,
1904 4661 1934 4717 Δι
1965 4640 2065 4717 διδ-ς

495 4711 716 4786 pulcro,
754 4711 860 4785 quo
887 4731 1082 4784 corpus
1110 4727 1258 4786 tuum
1305 4712 1696 4786 tegil_nr,_qu_od
1737 4720 1789 4764 et
1826 4711 1915 4786 tibi
1965 4712 2060 4776 ipsi

495 4782 554 4842 et
588 4789 719 4842 mihi
751 4782 1009 4841 statuisti.
1052 4805 1068 4834 ›
1109 4785 1248 4847 Mox,
1289 4782 1360 4854 re
1392 4783 1485 4854 σὸν
1527 4782 1694 4854 ἱερόν,
1731 4800 1748 4830 ι
1791 4783 2061 4854 victimam

498 4871 668 4912 tuam.
714 4876 733 4908 ι
789 4857 880 4911 Sic
936 4855 1295 4910 Combeﬂsius
1351 4849 1830 4920 libenterlegeret.
1874 4849 2063 4904 Bittius

496 4928 691 4997 legisse
714 4925 1137 4997 videturdspéa,
1176 4943 1194 4975 ι
1219 4925 1573 4997 sacerdotem.
1617 4941 1637 4974 ι

570 4988 680 5069 (ΞΑ)
713 4997 822 5052 Καὶ
845 4995 948 5069 τοῦ
978 4988 1184 5069 λόγου.
1227 4995 1341 5069 prio
1373 4993 1561 5069 goislq
1611 5003 1720 5046 tres
1750 4988 2061 5069 Colon-Or.

504 5058 706 5129 L'Jes.
757 5078 811 5120 et
850 5067 1016 5131 Elias,
1042 5058 1254 5118 καὶτοῦ
1283 5061 1435 5123 λαοῦ,
1465 5084 1482 5113 ι
1521 5072 1575 5116 et
1614 5061 1826 5131 pepulo.
1870 5079 1888 5111 ι
1928 5058 2064 5113 llinc

501 5139 683 5193 Schol.
716 5154 729 5189 :
760 5137 1076 5209 Hapsbévrq.
1095 5134 1361 5209 λαὸνὶτρν
1389 5132 1644 5209 Σαλσίμων
1669 5131 1840 5209 λέγει,
1872 5146 2064 5209 ,προσ-

499 5209 771 5279 ληφθέντα
802 5200 862 5261 δέ
899 5207 992 5260 τὸν
1023 5204 1344 5279 Ναζιανζοὶξο
1370 5223 1409 5279 _r
1454 5200 1713 5279 Populum
1758 5200 2058 5263 dimissum,

501 5273 594 5334 seti
618 5277 881 5343 relictum,
919 5279 1250 5332 Sasimorum
1280 5274 1487 5340 plebem
1518 5273 1649 5325 dicit
1669 5281 2060 5343 ;Aassutnptui_n

502 5365 651 5412 vero,
680 5340 1096 5401 Nazianzenum.
1133 5366 1152 5397 ι
1195 5346 1321 5411 Qua:
1343 5344 1556 5412 quidem
1592 5341 1751 5396 lectio
1772 5340 1964 5412 melior
1985 5340 2056 5392 vi-

504 5410 676 5473 detur.
702 5418 841 5473 Petit
871 5418 1196 5482 Theologus,
1221 5410 1489 5469 exstincto
1516 5411 1626 5478 jam
1669 5420 1837 5479 patre,
1865 5410 2063 5463 utrius-

502 5505 608 5558 que
659 5490 826 5557 plebis
871 5505 997 5544 cura
1056 5487 1292 5558 liberari,
1346 5497 1456 5558 tum
1489 5482 1845 5558 Sasimorutn,
1899 5495 2058 5556 quam

501 5550 708 5629 pridem
743 5559 1052 5628 reliquerat,
1083 5567 1194 5612 tum
1231 5556 1600 5609 Nazianzenm.
1632 5565 1790 5629 quam
1817 5551 1870 5629 in
1893 5550 2061 5618 patris

500 5621 754 5704 inuam,
797 5621 872 5684 ac'
897 5630 1064 5684 donec
1095 5629 1140 5684 is
1168 5629 1289 5682 vitae
1318 5633 1589 5695 superstes
1621 5628 1784 5687 esset,
1817 5621 1867 5675 in
1893 5635 1948 5676 se
1977 5635 2062 5675 re-

2227 3696 2355 3751 MB'.
2403 3697 2516 3767 Οὐχ
2557 3696 2591 3765 ή
2635 3694 2774 3764 αὑτὴ
2808 3694 2990 3763 φύσις,
3028 3690 3073 3747 ὦ
3120 3695 3315 3766 μῆτερ,
3352 3694 3490 3748 Θεοῦ
3520 3695 3606 3747 καὶ
3649 3695 3734 3746 ἀν-

2159 3788 2391 3856 θρώπων
2446 3786 2592 3858 (51)⁶
2634 3785 2834 3857 μᾶλλον
2864 3785 2920 3838 δὲ
2973 3785 3109 3848 ὅλως
3157 3785 3264 3838 τῶν
3318 3786 3480 3838 θείων
3517 3787 3603 3838 καί
3633 3786 3729 3836 τῶν

2161 3880 2438 3948 ἐπιγείων.
2470 3879 2610 3950 Παρ¹
2641 3877 2867 3940 ἐκείνοις
2899 3878 2995 3948 μὲν
3029 3879 3088 3930 τὸ
3113 3879 3381 3948 ἄτρεπτον
3422 3881 3517 3931 καὶ
3545 3869 3729 3932 50in-

2161 3989 2274 4036 τον,
2315 3971 2480 4024 αὐτοῦ
2513 3988 2573 4024 τε
2603 3970 2696 4023 τοῦ
2745 3965 2910 4032 εἶναι,
2937 3970 3032 4022 καὶ
3057 3969 3164 4021 τῶν
3191 3970 3291 4022 ὅσα
3313 3969 3408 4022 τοῦ
3439 3965 3602 4023 εἶναι’
3632 3969 3730 4020 τῶν

2165 4065 2273 4134 γὰρ
2326 4065 2540 4134 παγίων
2584 4063 2652 4118 τὰ
2694 4065 2888 4132 πάγια.
2930 4062 3011 4115 Τὰ
3054 4063 3112 4116 δὲ
3145 4063 3389 4132 ἡμέτερα
3428 4063 3546 4127 πῶς
3593 4062 3731 4132 ἕχει;

2098 4253 2142 4306 D
2173 4227 2408 4290 ceperat.
2433 4219 2523 4301 Sic
2545 4235 2673 4288 ergo
2707 4217 3080 4306 reddiderint;
3118 4237 3136 4268 ι
3172 4219 3235 4270 da
3284 4219 3522 4282 veniam,
3551 4217 3734 4284 plebis-

2174 4287 2279 4357 que
2316 4304 2425 4342 tum
2467 4289 2585 4354 eius
2622 4305 2740 4357 qua:
2793 4303 2822 4341 a
2849 4303 2934 4342 me
2963 4287 3147 4342 relicta
3177 4300 3280 4352 est,
3311 4300 3424 4342 tum
3454 4294 3565 4359 ejus
3583 4305 3732 4356 quam

2175 4361 2228 4414 in
2273 4360 2346 4410 tui
2385 4361 2615 4426 gratiam
2653 4359 2889 4426 suscepi,
2922 4377 2939 4410 ι
2976 4367 3082 4412 etc.

2239 4430 2352 4500 ('25)
2390 4429 2766 4493 Ἀκινδύνως.
2804 4447 2821 4477 ι
2853 4430 3001 4484 Citra
3031 4429 3352 4498 periculum,
3382 4429 3601 4496 periculi
3658 4444 3735 4481 se-

2167 4515 2352 4553 curos.
2388 4519 2406 4551 ι
2434 4503 2475 4553 Α
2500 4500 2653 4552 Billio
2681 4500 2966 4553 omissum.

2237 4569 2348 4640 (‘26)
2405 4571 2508 4640 Σοὶ
2563 4569 2649 4622 δέ.
2703 4569 2896 4640 Schol.
2946 4585 2959 4620 :
3015 4569 3160 4640 Πρὸς
3215 4571 3307 4622 τὸν
3367 4571 3542 4639 μέγαν
3581 4569 3733 4620 Basi-

2165 4637 2338 4712 lstov:
2373 4639 2670 4712 «Magnum
2701 4639 2958 4712 Basiliu_m
2992 4637 3307 4709 alloquitur.
3341 4659 3367 4712 ﬁ)

2238 4708 2348 4778 (27)
2407 4708 2836 4778 Ἐπιψήφισον.
2895 4708 3028 4781 Reg.
3063 4708 3132 4774 a,’
3173 4714 3282 4773 bin,
3327 4711 3423 4765 0r.
3459 4709 3510 4770 ί,
3559 4710 3732 4777 ἐτη·ᾲῇ-

2165 4795 2340 4847 φισαι.

2236 4848 2348 4918 (28)
2379 4848 2643 4918 "Optume.
2679 4847 2902 4903 llillins:
2943 4868 2960 4899 ι
2992 4859 3240 4903 maturre.
3283 4868 3302 4899 ι

2235 4917 2347 4990 (29)
2379 4921 2461 4990 Et
2485 4917 2604 4990 διά,
2639 4931 2744 4972 etc.
2785 4918 2877 4971 Sic
2929 4919 3062 4988 Reg.
3107 4922 3218 4984 but,
3258 4918 3428 4990 Coisl.
3473 4920 3525 4980 l,
3556 4919 3652 4973 0r.
3689 4920 3730 4972 Ι.

2165 4987 2223 5042 In
2246 4987 2337 5042 'ed.
2369 4988 2549 5060 ﬂocci.
2590 5008 2608 5039 ι
2639 4990 2776 5055 Quid
2809 4999 2988 5060 autem
3016 4987 3352 5050 iniraudum,
3375 4989 3549 5058 inquit
3578 4991 3728 5046 EH39,

2165 5060 2210 5112 si
2248 5060 2314 5124 is,
2337 5059 2430 5128 qui
2459 5061 2710 5114 universo
2741 5061 2855 5114 orbi
2891 5059 3183 5113 salutarem
3224 5060 3525 5114 doctrinam
3559 5077 3652 5127 per
3691 5072 3734 5110 te

2165 5129 2420 5192 intonuit,
2444 5139 2625 5197 utpote.
2643 5130 2732 5199 qui
2767 5129 2858 5183 tibi
2889 5145 3076 5183 manus
3102 5131 3441 5198 imposuerit,
3477 5131 3592 5198 ipse
3608 5147 3730 5196 quo-

2164 5213 2270 5267 que
2293 5215 2358 5252 ex
2391 5215 2522 5253 voce
2549 5209 2636 5252 tua
2677 5199 2909 5252 fructum
2942 5200 3177 5268 aliquem
3206 5200 3423 5269 capiat?
3453 5218 3472 5250 ›
3515 5200 3732 5252 Basilius

2163 5270 2455 5337 siquidem,
2483 5271 2572 5336 qui
2601 5270 2684 5338 pia
2715 5270 2964 5322 doctrina
2992 5272 3178 5323 orbem
3213 5272 3474 5338 replebat.
3493 5269 3729 5338 Gregorii

2165 5340 2336 5461 patriis
2358 5339 2536 5392 studio
2570 5351 2625 5394 et
2662 5355 2852 5408 opera,
2883 5340 3234 5394 Caesariensis
3265 5342 3568 5409 episcopus
3591 5358 3730 5394 crea-

2165 5419 2250 5461 tus
2305 5423 2475 5461 uerat.

2165 5419 2250 5464 tus
2281 5419 2446 5462 fuerat
2459 5447 2475 5462 .

2237 5479 2349 5548 ('50)
2385 5478 2459 5533 Τὰ
2482 5478 2778 5550 ἐπικήδια.
2811 5479 2904 5534 Or.
2937 5480 2989 5545 1,
3021 5479 3089 5532 τὰ
3120 5479 3424 5550 ἐπικήδεια.

2236 5553 2349 5618 (Si)
2393 5549 2761 5618 Ἀνθρώπων.
2801 5551 2854 5604 lu
2881 5551 3175 5617 nonnullis,
3215 5549 3527 5620 ἀνθρώπου.
