3852 6408
80 489 182 548 1041

981 489 1240 548 ORATIO
1278 493 1462 550 xvnt.
1494 529 1560 536 α
1597 453 1940 555 FUNEBms
1979 459 2056 548 IN.
2085 489 2390 547 param.

3145 479 3167 530 I
3180 474 3286 530 042

86 607 175 658 Ῥεῖ
204 618 256 653 τε
281 600 371 652 καὶ
402 598 682 670 φθείρεται
711 603 842 670 (5‘2),
877 603 970 658 xui.
997 607 1183 661 ἄλλοτε
1212 610 1375 682 ἄλλην
1399 611 1606 683 λαμϐά-

1730 622 1900 668 autem
1937 621 2138 666 nostrae
2173 623 2281 680 quo
2311 613 2472 677 pacto
2501 617 2560 658 se
2589 601 2830 657 habent?
2858 598 3052 654 Fluunt
3086 601 3140 646 et
3165 607 3283 646 cor-

76 714 137 749 νει
167 689 466 763 μεταϐολήν.
506 690 627 760 Ζωὴ
676 693 808 761 γοῦν
855 695 950 748 καὶ
978 695 1222 762 θάνατος,
1271 700 1424 754 ταῦθ’
1466 703 1609 772 άπερ

77 791 273 854 λέγεται,
303 781 550 835 πλεῖστον
588 784 831 856 ἀλλήλων
875 787 1152 860 διαφέρειν
1187 793 1473 856 δοκοῦντα,
1531 796 1610 854 εἰς

76 879 240 948 ἄλληλα
267 879 560 945 περιχωρεῖ
602 894 717 940 πως
747 879 841 932 καὶ
884 881 1349 939 ἀντικαθίσταται.
1408 887 1469 939 Ἦ
1514 887 1610 957 μὲν

75 972 158 1041 γὰρ
181 972 236 1021 ἐκ
261 967 459 1036 φθορᾶς
491 968 766 1038 ἀρχομένη
796 973 896 1040 τῆς
931 975 1135 1045 μητρὸς
1179 977 1355 1047 ἡμῶν,
1393 978 1485 1031 καὶ
1524 979 1610 1033 διὰ

74 1063 242 1132 coepi;
271 1059 528 1112 όδεύουσα
559 1061 659 1132 τῆς
707 1063 794 1115 ἀεὶ
837 1065 930 1117 τοῦ
962 1067 1228 1138 παρόντος
1277 1072 1604 1138 ἐκστάσεως,

77 1157 133 1215 ;ἰς
153 1151 338 1220 φθορὰν
371 1153 732 1223 καταστρέφει
758 1153 857 1225 τὴν
888 1155 982 1208 τοῦ
1015 1156 1130 1226 βίον
1155 1160 1344 1214 τούτου
1375 1163 1603 1215 κατάλυ-

73 1261 164 1299 σιν*
190 1248 214 1299 ὁ
239 1245 292 1297 δὲ
325 1244 431 1298 τῶν
469 1247 701 1301 ἐνταῦθα
725 1249 911 1302 κακῶν
949 1251 1269 1326 ἀπαλλαγὴν
1311 1255 1449 1325 ἔχων
1472 1298 1484 1319 ,
1517 1257 1610 1309 καὶ

72 1338 183 1410 πρὸς
207 1338 298 1408 τὴν
331 1337 441 1391 ἄνω
461 1339 718 1404 πολλάκις
749 1341 1000 1411 μετάγων
1037 1342 1213 1416 ζωὴν,
1261 1348 1361 1400 οὐκ
1413 1343 1531 1400 οἶδα
1561 1349 1609 1399 εἰ

79 1440 249 1514 κιέρεφς
296 1429 748 1501 προσαγορεύοιτο
778 1432 1024 1496 θάνατος,
1065 1435 1122 1485 ἐν
1154 1432 1373 1503 ὀνόματι
1419 1431 1616 1504 μᾶλλον

75 1513 382 1584 ἦτυράγματι
418 1517 477 1569 τὺ
507 1520 732 1591 φοϐερὸν
767 1521 902 1592 ἔχων
922 1539 934 1552 ο
971 1523 1065 1575 καὶ
1108 1523 1488 1592 κινδυνεύομεν
1515 1522 1620 1574 πά-

77 1620 196 1672 σχειν
220 1620 330 1666 πως
363 1604 554 1674 ἄλογον
608 1608 797 1672 πάθος,
840 1611 875 1664 ὃ.
909 1612 1005 1681 μὲν
1035 1611 1183 1664 ἔστιν
1216 1614 1275 1665 οὐ
1313 1611 1514 1684 φοϐερὰ
1536 1611 1619 1664 δε-

73 1694 298 1760 δοικότες,
332 1693 368 1747 ἃ
394 1696 449 1748 δὲ
474 1697 753 1763 φοὸεῖσθαι
811 1702 959 1766 ἄξιον
990 1703 1065 1764 ὡς
1101 1701 1435 1773 αἱρετώτερα
1466 1719 1621 1772 περι-

74 1785 280 1848 ἑποντες.
302 1786 416 1840 Μία
438 1787 570 1860 ζωὴ,
603 1792 738 1862 πρὸς
767 1792 864 1862 τὴν
893 1793 1036 1864 ζωὴν
1070 1793 1285 1864 βλέπειν
1305 1811 1317 1824 ο
1345 1789 1423 1858 εἷς
1453 1794 1618 1847 θάνα-

70 1878 209 1946 τος,ή
237 1877 508 1947 ἁμαρτία·
537 1880 714 1951 ψυχῆς
764 1883 870 1954 γὰρ
918 1884 1153 1954 ὄλεθρος.
1198 1884 1380 1938 Τάλλα
1422 1885 1499 1948 δὲ,
1537 1880 1620 1948 οἷς

1713 711 2059 774 rumpuntur,
2088 712 2252 771 atque
2282 699 2416 753 alias
2441 697 2602 750 aliam
2638 693 2995 748 mutationem
3041 688 3282 756 capiunt.

1716 797 1832 852 Vita
1873 798 2068 867 quippe
2108 805 2163 849 et
2215 809 2398 860 mors,
2436 793 2576 862 quod
2611 791 2831 853 dicitur,
2861 783 3074 840 tametsi
3116 778 3284 849 pluri-

1713 907 1859 946 mum
1908 891 2048 943 inter
2091 904 2150 944 se
2203 887 2467 942 dissidere
2493 885 2801 943 videantur,
2827 879 2971 932 inter
3005 890 3064 929 se
3100 883 3279 926 tamen

1714 980 2108 1050 quodammodo
2156 979 2450 1040 immeant,
2507 984 2670 1042 atque
2717 969 2885 1024 altera
2943 967 2997 1021 in
3058 961 3285 1016 alterius

1714 1072 1891 1126 locum
1941 1069 2106 1123 subit.
2151 1069 2243 1122 Illa
2285 1069 2428 1124 enim
2470 1082 2498 1120 a
2547 1065 2927 1132 corruptione,
2963 1065 3138 1110 matre
3175 1069 3273 1105 no-

1716 1173 1864 1227 Sira.
1916 1161 2214 1230 incipiens,
2267 1176 2330 1212 ac
2384 1174 2480 1227 per
2512 1154 2956 1223 corruptionem,
3011 1147 3113 1198 boe
3167 1149 3284 1204 est,

1717 1259 2032 1321 perpetuum
2081 1247 2199 1317 ejus
2231 1287 2247 1308 .
2298 1247 2441 1317 quod
2497 1258 2734 1314 prmsens
2783 1249 2902 1304 est,
2958 1243 3240 1288 excessum
3269 1268 3286 1292 ,

1718 1343 2008 1410 gradiens,
2056 1344 2107 1394 in
2161 1340 2566 1407 corruptionem
2616 1334 2869 1396 tandem,
2917 1329 3020 1382 hoc
3068 1331 3187 1386 est,
3235 1319 3287 1373 in

1718 1433 1876 1502 hujus
1907 1435 2030 1487 vitae
2079 1434 2235 1486 tinem
2283 1430 2482 1485 desinit
2518 1445 2534 1496 ;
2586 1428 2702 1482 Inee
2745 1433 2963 1485 autem,
3007 1431 3126 1486 qua:
3157 1426 3290 1484 ΡΜ)-

1719 1526 1964 1580 sentibus
2029 1524 2186 1578 malis
2256 1522 2493 1585 liberat,
2552 1529 2714 1586 atque
2776 1516 2942 1570 etiam
3017 1521 3158 1575 saepe
3222 1503 3288 1557 ad

1720 1633 2010 1688 supernam
2071 1617 2235 1669 vitam
2293 1614 2565 1674 traducit,
2597 1609 2738 1664 haud
2789 1607 2902 1661 scio
2945 1619 3012 1656 an
3068 1597 3286 1670 proprie

1726 1726 1872 1766 mors
1905 1707 2160 1778 appellari
2193 1714 2386 1775 queat,
2421 1712 2605 1771 utpote
2637 1699 2856 1753 nomine
2904 1692 3078 1762 magis
3127 1703 3286 1757 quam

1723 1821 1782 1858 re
1838 1800 2215 1857 formidabilis.
2271 1801 2447 1866 Atque
2479 1793 2708 1848 absurde
2770 1781 3172 1858 quodammodo
3231 1785 3288 1831 et

1722 1904 2052 1964 praepostere
2080 1889 2254 1945 affecti
2304 1903 2422 1942 esse
2461 1888 2725 1949 videmur,
2755 1883 2840 1951 qui
2872 1895 2933 1933 ea
2957 1921 2970 1943 ,
3012 1891 3131 1945 qua:
3169 1871 3272 1925 mi-

73 1971 188 2035 μεγα
237 1971 489 2038 φρονοῦσί
517 1989 680 2037 τινες,
710 1975 1000 2042 ὀνειράτων
1037 1976 1158 2044 ὄψις
1188 1978 1306 2029 ἐστὶ
1339 1978 1477 2030 κατὰ
1509 1977 1615 2029 τῶν

1730 1986 1865 2038 nime
1896 1983 2164 2037 horrenda
2215 1988 2383 2043 sunt,
2419 1977 2784 2036 extimemus,
2814 1985 2934 2040 qua:
2963 1976 3144 2021 autem
3182 1977 3294 2014 me-

69 2057 208 2111 όντων
251 2059 543 2128 παίζουσα,
578 2065 673 2117 καὶ
701 2065 880 2136 ψυχῆς
911 2067 1160 2138 ἀπατηλὰ
1212 2069 1492 2139 φάσματα.
1520 2070 1616 2121 Ἂν

69 2150 212 2215 οὕτως
254 2152 488 2223 ἔχωμεν,
541 2150 586 2208 ὧ
636 2157 828 2229 μῆτερ,
889 2159 1011 2214 οὔτε
1039 2164 1105 2232 τῇ
1148 2162 1258 2233 ζωῇ
1315 2163 1426 2232 (55)
1475 2164 1617 2234 μέγα

68 2245 400 2314 φρονήσομεν,
437 2246 561 2300 οὔτε
598 2248 675 2319 τῷ
729 2249 942 2321 Θανάτῳ
991 2252 1110 2305 λίαν
1141 2253 1492 2323 ἁνιασόμεθα.
1552 2254 1616 2306 Τί

70 2335 216 2388 τοίνυν
241 2335 412 2390 δεινὸν
443 2341 806 2412 πεπόνθαμεν,
835 2345 882 2395 εί
909 2343 1045 2414 πρὸς
1068 2343 1164 2414 τὴν
1188 2343 1440 2414 ἀληθινὴν
1474 2343 1617 2413 ζωὴν

66 2425 245 2478 ἐνθένδε
282 2428 773 2502 μεταϐεϐήκαμεν;
809 2435 856 2485 εί
899 2433 1142 2505 στροφῶν
1179 2434 1317 2504 (54),
1348 2435 1440 2486 καὶ
1486 2433 1618 2502 ἰλίγ-

66 2533 174 2582 γων,
207 2520 296 2570 καὶ
327 2521 527 2591 κόρων,
575 2525 670 2576 καὶ
701 2525 798 2594 τῆς
828 2527 1059 2597 αἰσχρᾶς
1093 2525 1412 2596 φορολογίας
1441 2525 1618 2596 ἀπηλ-

65 2610 313 2681 λαγμένοι,
373 2614 513 2683 μετὰ
564 2616 672 2669 τῶν
721 2617 971 2671 ἑστώτων
1001 2619 1096 2672 καὶ
1133 2619 1192 2670 οὐ
1234 2619 1468 2688 ῥεόντων
1499 2617 1620 2670 ἐσό-

67 2705 180 2768 μεθα
232 2704 390 2772 φῶτα
454 2705 646 2778 μικρά,
714 2707 828 2778 φῶς
896 2709 958 2761 τὸ
1028 2709 1169 2780 μέγα
1241 2707 1620 2782 περιχορεύον-

70 2810 162 2858 τες;

1722 2076 1920 2130 tuenda
1972 2083 2134 2137 sunt,
2187 2082 2246 2125 ιιι
2273 2071 2636 2135 Optabiliora,
2685 2063 3120 2132 complectimur.
3177 2055 3292 2110 Una

1720 2171 1828 2222 vita
1851 2178 1972 2230 est,
2011 2169 2076 2220 ad
2107 2167 2272 2220 vitam
2302 2163 2597 2232 respicere.
2644 2158 2755 2213 Una
2779 2170 2943 2217 mors,
2976 2160 3290 2220 peccatum;

1721 2267 1802 2311 est
1843 2259 1986 2312 enim
2046 2257 2239 2309 animae
2307 2253 2579 2308 interitus.
2621 2248 2738 2301 Alia
2788 2253 3005 2303 autem,
3053 2239 3123 2294 ob
3174 2252 3294 2306 quin

1726 2348 1964 2402 nonnulli
1998 2347 2196 2400 animis
2227 2344 2549 2404 efferuntur,
2570 2337 2959 2392 insomniorum
2983 2332 3118 2384 visio
3143 2337 3290 2389 sunt,

1720 2439 1866 2493 veris
1899 2439 2062 2492 rebus
2087 2437 2341 2498 illudens,
2369 2444 2424 2488 et
2457 2431 2672 2486 fallacia
2717 2430 2912 2483 animae
2963 2432 3198 2493 speetra.
3233 2417 3291 2471 Si

1723 2528 1825 2584 hac
1853 2536 2035 2584 mente
2070 2528 2355 2591 fuerimus,
2387 2541 2420 2578 o
2444 2533 2640 2584 mater,
2667 2537 2766 2575 nec
2797 2520 2867 2575 ob
2884 2519 3048 2571 vitam
3083 2515 3295 2568 animos

1725 2620 2065 2682 attolletnus,
2102 2633 2202 2672 nec
2228 2615 2298 2670 ob
2330 2624 2560 2668 mortem
2595 2611 2822 2664 nimium
2856 2620 3135 2672 augentur.
3156 2601 3295 2668 Quid

1729 2713 1894 2779 igitur
1928 2725 2095 2779 grave
2125 2707 2282 2762 nobis
2310 2704 2542 2767 accidit,
2569 2703 2612 2756 si
2645 2702 2772 2754 hinc
2807 2703 2871 2751 ad
2913 2710 3096 2750 veram
3132 2694 3296 2746 vitam

1730 2800 2130 2872 migravimus?
2175 2799 2230 2852 Si
2287 2793 2778 2855 vicissitudinibus,
2838 2787 3088 2848 fallaciis,
3144 2780 3299 2836 fastd-

63 2903 257 2949 utlS,ac
311 2890 455 2960 turpi
509 2890 596 2947 illa
655 2893 838 2947 tributi
897 2894 1179 2948 exactione
1234 2895 1476 2960 liberati,
1546 2911 1668 2951 cum
1727 2898 2012 2952 stabilibus
2073 2896 2273 2959 rebus,
2330 2892 2662 2958 minimeque
2717 2886 2876 2940 ﬂuxis
2936 2892 2991 2938 et
3044 2877 3294 2941 caducis,

61 2993 194 3044 parva
244 2980 452 3036 Iumina
510 2984 672 3040 futuri
725 3002 945 3052 smnus,
986 2987 1190 3042 circum
1239 2988 1417 3042 lumen
1457 2987 1587 3043 illud
1624 3005 1873 3060 magnum
1908 2987 2297 3059 tripudiantes?

115 3069 232 3122 Ml".
278 3071 444 3126 Ἀλλά
473 3074 633 3126 λυπεῖ
673 3092 732 3128 σε
767 3076 826 3128 τὸ
861 3076 961 3145 τῆς
995 3074 1314 3141 διαζεύξεως
1340 3093 1353 3141 ;
1383 3077 1496 3130 ἀλλ’
1529 3077 1618 3129 εὑ-

60 3163 306 3229 ᾳραινέτω
323 3165 501 3235 τὸτῆς
531 3165 760 3230 ἐλπίδος.
803 3167 964 3221 Ἀλλὰ
986 3167 1202 3239 δεινὸνὴ
1232 3187 1298 3240 χη
1311 3168 1425 3240 ρεία
1456 3167 1566 3240 (55)
1596 3185 1610 3232 ;

1796 3078 1979 3132 XLIII.
2031 3079 2101 3130 At
2143 3073 2437 3142 disiunctio
2475 3081 2526 3124 te
2572 3069 2758 3140 angit?
2787 3068 2923 3136 Spes
2957 3076 3008 3118 te
3042 3061 3292 3117 oblectet-

1723 3174 1791 3226 At
1829 3170 2011 3242 gravis
2041 3185 2128 3224 res
2167 3177 2252 3222 est
2289 3164 2558 3221 viduitas?
2589 3161 2748 3232 362
2800 3158 2904 3214 Sed
2934 3156 3008 3211 illi
3046 3169 3148 3208 non
3178 3167 3298 3221 gra-

59 3255 224 3323 ἐκείνῳ
246 3256 365 3327 (56)
409 3257 466 3309 δὲ
493 3259 554 3311 οὐ
598 3259 790 3312 δεινόν.
845 3260 953 3312 Καὶ
1001 3259 1104 3312 ποῦ
1157 3260 1217 3313 τὸ
1267 3261 1366 3331 τῆς
1403 3262 1620 3332 ἀγάπης

1730 3263 1829 3317 vis.
1867 3261 1963 3316 Ubi
1999 3275 2162 3330 porro
2201 3257 2482 3313 ebaritatis
2533 3255 2732 3308 bonum
2776 3252 2912 3312 erit,
2962 3248 3008 3302 si
3043 3243 3295 3298 faciliora

57 3346 254 3415 σγαθὸν,
285 3350 470 3420 ἐαυτῷ
499 3350 568 3404 τὰ
623 3353 736 3423 ρᾁ
764 3350 993 3416 διδόντα,
1049 3350 1124 3421 τῷ
1171 3351 1396 3422 πλησίον
1429 3353 1626 3406 ἀπονέ-

61 3455 161 3507 μειν
188 3440 256 3492 τὰ
283 3442 732 3514 προσαντέστερα
755 3459 768 3508 ;
805 3443 869 3495 Τί
890 3443 945 3496 δὲ
979 3443 1070 3496 καὶ
1095 3443 1263 3496 δεινὸν
1291 3443 1425 3507 ὅλως
1449 3447 1515 3514 τῇ
1538 3444 1629 3496 λυ-

59 3528 315 3607 θησομὲνῃ
356 3533 499 3604 μετὰ
527 3534 754 3605 μικρόνς
797 3534 996 3602 Ἐγγὺς
1025 3536 1058 3605 ἡ
1091 3534 1418 3606 προθεσμία,
1439 3534 1500 3588 τὸ
1531 3535 1626 3589 λυ-

56 3620 207 3717 πηρὸν
393 3621 676 3717 ξπίμονον.
721 3622 813 3693 Μὴ
853 3623 1196 3694 φορτίζωμεν
1226 3625 1338 3696 (57)
1379 3626 1627 3694 ἀγεννέσι

57 3712 314 3780 λογισμοῖς
365 3712 440 3765 τὰ
470 3714 794 3782 κουφότατα.
825 3715 1094 3783 Μεγάλων
1137 3717 1474 3788 ἐστερήμεθα
1533 3718 1628 3771 καὶ

54 3802 143 3872 γὰρ
170 3807 558 3876 τετυχήκαμεν
581 3823 601 3839 ι
633 3807 694 3860 τὸ
725 3807 822 3878 μὲν
853 3807 1184 3880 στερεῖσθαι,
1212 3807 1448 3869 πάντων,
1479 3808 1538 3861 τὸ
1569 3808 1626 3861 δὲ

54 3898 233 3963 τυχεῖν,
261 3898 325 3948 οὐ
361 3897 597 3951 πολλῶν.
631 3898 722 3969 Μὴ
765 3899 920 3952 τοῦτο
973 3900 1288 3970 καμπτὲτω,
1312 3899 1424 3952 ἀλλ’
1454 3903 1627 3953 ἐκεῖνο

53 3989 477 4058 παραμυθείσθω
521 3992 650 4059 (58).
683 3992 756 4044 Τὸ
790 3992 898 4062 γὰρ
923 3994 1187 4062 κρεῖττον,
1219 3993 1372 4060 νικᾷν
1403 3991 1629 4060 εὐλογώ-

53 4094 208 4147 τερον.
242 4082 530 4150 Ἦνεγκας
584 4082 788 4137 παίδων
817 4082 1106 4153 ἀποϐολὴν,
1138 4082 1243 4134 τῶν
1272 4082 1486 4153 ὡραίων
1523 4083 1623 4144 ἔτι,

53 4173 129 4223 καὶ
159 4172 235 4244 τῷ
265 4173 374 4245 ζῇν
421 4174 530 4244 (59)
570 4175 912 4245 ἐπιτηδείων,
946 4175 1315 4246 ἀνδρικώτατα
1346 4175 1440 4227 καὶ
1474 4176 1625 4244 φιλο-

54 4262 365 4329 σοφώτατα·
407 4265 594 4334 ἔνεγκε
628 4267 718 4320 καὶ
765 4266 995 4337 γηραιοῦ
1049 4267 1337 4321 κατάθεσιν
1374 4267 1629 4338 σώματος

49 4353 134 4424 ἤδη
165 4357 242 4427 τῷ
275 4357 387 4428 βίῳ
419 4359 738 4428 κάμνοντος,
782 4361 829 4411 εί
871 4357 1087 4421 καὶτὰς
1114 4358 1390 4429 αἰσθήσεις
1419 4359 1626 4410 ἀπαθε-

53 4446 232 4508 στάτας
265 4450 295 4499 ὁ
337 4450 437 4519 τῆς
461 4448 638 4518 ψυχῆς
692 4449 843 4512 τόνος
898 4448 1045 4519 αὐτῴ
1076 4449 1188 4518 (40)
1238 4452 1622 4520 συνετήρησεν.

59 4534 203 4591 Ἀλλὰ
226 4539 329 4612 δὲῃ
368 4539 467 4591 τοῦ
496 4541 819 4610 κηδεμόνος;
847 4540 947 4593 ποῦ
969 4541 1024 4594 δὲ
1051 4543 1078 4592 ὁ
1107 4541 1197 4604 σὸς
1229 4533 1384 4604 οὗτος
1422 4540 1623 4602 Ἰσαάκ,
1657 4590 1702 4644 D

47 4626 95 4677 ὃν
116 4628 232 4683 ἀντὶ
262 4633 495 4685 πάντων
529 4649 610 4684 σοι
655 4633 1074 4698 καταλέλοιπεν;
1116 4634 1264 4686 Λῖτει
1294 4635 1422 4704 παρ’
1462 4631 1623 4685 αὐτοῦ

44 4718 102 4770 τὰ
132 4722 334 4793 μικρὰ,
365 4724 470 4792 τὴν
503 4725 892 4795 χειραγωγίαν,
922 4724 1015 4777 καὶ
1042 4724 1140 4796 τὴν
1170 4722 1408 4777 δουλείαν
1432 4739 1444 4750 ’
1478 4725 1626 4776 ἀντι-

45 4813 174 4866 δίδου
223 4816 296 4868 τὰ
342 4816 593 4886 μείζονα,
648 4817 745 4887 τὴν
783 4816 1052 4886 μητρικὴν
1099 4815 1365 4885 εὐλογίαν,
1408 4817 1499 4868 καὶ
1531 4816 1628 4880 τὰς

43 4905 215 4974 εὐχὰς.
272 4908 380 4960 καὶ
449 4907 548 4977 τὴν
601 4907 810 4960 ἐκεῖθεν
859 4907 1184 4976 ἐλευθερίαν.
1281 4907 1628 4976 Ἀγανακτεῖς

43 4997 491 5068 νουθετουμένη;
551 4996 707 5050 τοῦτο
770 4998 1009 5051 ἐπαινῶ·
1069 5001 1162 5051 καὶ
1232 4998 1340 5070 γὰρ
1402 4998 1627 5061 πολλοὺς

42 5089 462 5159 νενουθέτηκας,
510 5088 666 5150 ὅσους
713 5090 740 5140 ὁ
775 5088 939 5152 πολὺς
985 5089 1173 5160 χρόνος
1221 5089 1326 5142 ὑπὸ
1376 5089 1473 5159 τὴν
1530 5089 1628 5159 σὴν

39 5180 204 5250 ἠγαγε
258 5183 513 5235 σύνεσιν.
566 5179 729 5234 Οὐδὲν
779 5183 806 5234 ὁ
844 5180 1000 5250 λόγος
1035 5181 1168 5249 πρὸς
1213 5182 1270 5233 σὲ
1321 5181 1419 5250 τὴν
1476 5181 1629 5250 φιλο·

100 5360 216 5431 (52)
278 5362 618 5429 Φθείρεται.
692 5362 824 5430 Reg.
890 5362 1000 5425 but,
1056 5369 1111 5412 et
1181 5362 1272 5414 υτ.
1335 5359 1384 5422 I,
1455 5359 1618 5430 φέρε-

35 5446 137 5490 ται,
173 5449 193 5481 ι
222 5431 514 5492 feruntur,
540 5433 850 5485 volvuntur.
889 5449 906 5481 ι

72 5502 216 5582 ,ᾦξὶ
257 5502 350 5570 Τῇ
390 5500 528 5582 ζωῇ.
554 5503 683 5582 Ileg.
716 5521 766 5568 ιι,
791 5498 1107 5582 duq_CoisI.,
1132 5497 1224 5553 0r.
1276 5499 1328 5561 I,
1362 5497 1627 5564 Combef.,

152 5569 260 5642 ζῇν
319 5572 531 5642 τούτῳ.
573 5572 736 5626 Iidem
795 5573 1008 5624 codices
1053 5569 1172 5621 λίαν
1228 5584 1459 5636 sequens
1521 5584 1627 5623 non

33 5653 367 5710 agnoscunt.

85 5713 214 5794 χει)
236 5716 315 5767 Ei
341 5711 652 5794 σῖροφῶκν,
670 5723 772 5767 etc.
796 5712 888 5792 Sic
907 5710 1241 5794 Βεεκθιιιιο
1262 5708 1449 5794 (Σοίειἰ
1464 5706 1600 5794 On“!
1616 5747 1629 5761 .

39 5783 122 5862 ¢_Si
158 5779 357 5862 reruni
397 5779 1286 5862 ItuinanarutiLvicissittIdittibtts,»
1309 5790 1413 5834 etc.
1436 5780 1489 5831 In
1516 5779 1629 5840 ed.,

31 5854 107 5917 εἰς
139 5855 406 5924 τροφῶν.
445 5853 648 5919 Billius,
682 5871 699 5902 ι
743 5852 798 5907 Si
838 5851 1302 5915 conversionibus,
1346 5849 1628 5924 vertigini-

34 5924 148 5993 bus,
176 5918 617 5991 "saturitatibus,
658 5942 678 5977 υ
715 5934 818 5978 etc.
1375 5918 1384 5924 '

1727 3355 1993 3423 quispiam
2025 3351 2127 3406 sibi
2151 3351 2251 3420 ipsi
2278 3349 2418 3402 dans
2438 3388 2452 3410 ,
2485 3349 2761 3416 asperiora
2791 3341 3038 3412 proximo
3060 3333 3302 3392 tribuat?

1729 3446 1840 3500 Imo
1869 3445 1996 3514 quid
2027 3452 2112 3499 est
2140 3441 2395 3506 omnino,
2421 3439 2562 3509 quod
2590 3437 2637 3491 ei
2663 3478 2678 3503 ,
2707 3451 2826 3505 qua:
2851 3431 3008 3503 paulo
3043 3437 3164 3500 post
3186 3428 3295 3482 dis-

1727 3537 1982 3594 solvenda
2014 3545 2134 3600 est,
2179 3547 2345 3603 grave
2389 3531 2561 3586 videri
2596 3527 2828 3585 debeat?
2873 3528 3042 3580 Instat
3095 3521 3297 3592 praesti-

1728 3639 1877 3686 tutus
1903 3631 2057 3698 dies;
2087 3630 2344 3682 diuturna
2368 3623 2608 3678 molestia
2641 3637 2745 3676 non
2779 3619 2902 3674 erit.
2941 3616 3018 3670 Ne
3047 3615 3298 3670 commit-

1731 3736 1941 3787 tamus,
1995 3731 2056 3776 ut
2110 3718 2322 3790 ignavis
2378 3712 2806 3786 cegitationibus
2855 3723 2942 3764 res
2991 3705 3297 3761 levissimas

1727 3826 2038 3867 oneremus.
2081 3808 2290 3879 Magnis
2319 3807 2480 3861 rebus
2514 3803 2712 3874 privati
2759 3814 2985 3862 smnus;
3030 3805 3086 3850 at
3131 3794 3294 3850 etiam

1729 3907 1795 3959 iis
1835 3903 1990 3958 nobis
2017 3901 2122 3954 frui
2149 3898 2394 3968 conligit.
2439 3895 2648 3950 Privari
2685 3907 2850 3961 porro
2884 3890 3125 3944 omnimn
3169 3898 3293 3949 est;

1726 3997 1830 4050 frui
1867 4008 2183 4065 paucorum.
2242 3990 2421 4060 Quare
2472 4004 2538 4042 ne
2591 3997 2827 4040 mentem
2863 3993 3103 4036 nostram
3161 3979 3294 4033 illud

1727 4088 1983 4157 dejiciat,
2041 4101 2226 4139 verum
2295 4085 2399 4138 hoc
2449 4082 2630 4151 potius
2682 4074 3016 4133 consoletur.
3048 4072 3297 4141 {Equius

1727 4182 1870 4236 enim
1904 4191 2020 4245 est,
2055 4188 2151 4245 ut,
2180 4176 2323 4247 quod
2374 4172 2591 4243 melius
2618 4182 2737 4236 est,
2772 4170 2977 4222 vincat.
3032 4163 3294 4219 Filiorum

1727 4271 2098 4335 amissionem,
2152 4270 2279 4337 qui,
2327 4265 2582 4321 ﬂorentes
2641 4263 2818 4318 adhuc
2863 4268 3052 4321 aetate,
3087 4256 3296 4325 longio-

1730 4377 1840 4414 rem
1891 4361 2057 4414 vitam
2114 4359 2285 4412 acturi
2342 4355 2682 4415 videbantur,
2726 4348 3025 4403 fortissime
3085 4361 3150 4399 ac
3204 4359 3297 4398 sa-

1728 4453 2059 4522 pientissime
2104 4451 2311 4514 tulisti;
2373 4462 2510 4517 age,
2559 4443 2749 4497 senilis
2799 4441 2965 4494 etiam
3013 4437 3294 4505 corporis,

1725 4542 1834 4611 jam
1863 4541 2094 4595 vivendo
2137 4537 2438 4608 defatigati,
2463 4532 2853 4602 depositionem
2890 4527 3055 4590 feras,
3085 4525 3298 4578 etiamst

1732 4633 1897 4686 animi
1924 4633 2075 4702 vigor
2101 4627 2481 4699 integerrimus
2529 4624 2631 4692 ipsi
2682 4633 2876 4675 sensus
2931 4614 3294 4671 conservarit.

1732 4728 1800 4778 At
1829 4725 2017 4786 deest,
2047 4721 2138 4792 qui
2171 4722 2246 4773 tui
2292 4732 2477 4772 curam
2530 4711 2723 4782 gerat?
2763 4709 2995 4764 Ubinam
3034 4717 3164 4774 ergo
3210 4703 3300 4756 hic

1737 4829 1858 4870 tuus
1907 4816 2086 4878 Isaac,
2137 4829 2296 4882 quem
2355 4810 2450 4862 tibi
2486 4807 2604 4870 ille,
2657 4803 2899 4857 omnium
2947 4800 3136 4860 instar,
3171 4795 3298 4848 reli-

1736 4907 1884 4976 quit?
1910 4907 2076 4960 Parva
2106 4906 2193 4958 illa
2218 4903 2286 4957 ab
2315 4917 2378 4956 eo
2405 4909 2528 4967 pete
2548 4936 2562 4960 ,
2597 4907 2791 4962 nempe
2816 4901 2875 4946 ut
2913 4901 2964 4945 te
3008 4903 3168 4943 manu
3198 4887 3298 4939 du-

1736 5009 1857 5062 cat,
1902 5000 2102 5066 tibique
2154 4996 2386 5049 serviat:
2437 4989 2642 5059 majora
2690 4983 2962 5052 repende,
3015 4983 3117 5036 boc
3171 4986 3299 5043 est,

1737 5103 2033 5144 maternam
2089 5089 2556 5146 benedictionem,
2599 5077 2916 5138 orationes,
2963 5084 3130 5143 atque
3158 5070 3301 5123 illius

1736 5181 1833 5233 αινί
1870 5179 2198 5233 libertatem.
2234 5174 2440 5230 Moneri
2490 5182 2543 5226 te
2576 5163 2909 5238 indignaris?
2942 5163 2999 5218 Id
3031 5177 3160 5217 vero
3185 5159 3302 5212 Iau-

1795 5359 1906 5428 (55)
1957 5356 2192 5428 Χηρειά.
2246 5353 2499 5428 δίοιζυε.
2532 5351 2725 5428 a,_bn_t.
2754 5341 3087 5428 .\Iii,xnpia.

1804 5417 1916 5498 (56')
1971 5417 2227 5490 Ἐκεῖνο).
2261 5417 2530 5488 Ουὶδιδί,
2585 5421 2779 5483 ἐκεῖνο,
2815 5434 2832 5466 ι
2871 5417 2921 5468 id
2971 5426 3144 5465 autem
3196 5425 3300 5462 non

1733 5515 1917 5637 ειῖὲξ)
1946 5516 2324 5634 ἇιορτίζωμεν.
2371 5561 2534 5616 Coisl.
2584 5567 2630 5624 l,
2665 5555 3056 5628 φροντίξωμεν,
3091 5570 3111 5603 ι
3147 5565 3302 5604 cure-

1951 5705 2432 5780 Πᾳρςιμυθείσθω.
2456 5701 2644 5780 ρυῳι.
2695 5702 2748 5778 Ir,
2783 5693 3190 5780 ggpagpﬁdrw.

1813 5761 1922 5848 ζου)
1960 5761 2053 5840 Τῷ·
2078 5761 2205 5842 ζῇν,
2237 5785 2341 5827 etc.
2373 5773 2537 5826 Coisi.
2578 5772 2629 5835 ι,
2658 5770 2753 5823 τοῦ
2787 5761 2905 5839 ζῇν.
2939 5761 3148 5828 Billius,
3187 5780 3208 5813 ι
3235 5761 3302 5816 ad

1738 5849 2020 5902 vivendum
2042 5859 2308 5915 aptorum.
2349 5863 2366 5892 ι

1809 5918 1921 5989 (40)
1959 5903 2145 5982 Αὺτὶὲ).
2175 5915 2302 5984 ιὶεες·
2335 5931 2384 5978 a,
2411 5913 2572 5966 Coisl.
2609 5911 2814 5979 I,I3as.,
2847 5903 2949 5962 σοί.
