3892 6512
123 437 265 496 ιειδ

673 448 930 506 ORATIO
965 452 1104 510 XIX.
1145 489 1214 498 ——
1251 460 1344 513 AD
1380 461 1732 522 JULIANUM
1773 471 2229 533 TRIBUTORUM
2271 478 2845 545 EXASQUATOREM.

3252 483 3391 540 1046

121 578 238 670 μαι,
278 569 379 616 καὶ
417 569 552 630 ἴσως
583 569 644 620 οὐ
682 570 906 639 φαῦλον,
941 575 1042 628 κᾶν
1072 593 1214 641 τινες
1242 580 1492 651 εὐήθειαν
1517 585 1698 656 ὀνομάι

1817 595 1948 648 mihi
1987 597 2242 652 conscius
2282 614 2423 662 sum,
2469 614 2534 654 ac
2584 599 2814 654 fortasse
2855 614 2958 653 non
2993 600 3291 670 improbum
3334 612 3398 656 et-

115 649 315 714 ζωσιν.
365 656 701 730 Ἐϐουλήοῆν
733 663 791 714 ὲν
831 663 1007 734 καιρῷ
1041 666 1139 736 μὲν
1179 649 1340 724 παντ)
1373 649 1710 747 νεκρωθῆναι

115 744 189 813 τῷ
232 749 378 819 βίῳ,
439 753 534 804 γα).
592 753 754 823 ζῆσαι
807 757 903 826 τὴν
955 760 1013 810 ἐν
1053 763 1271 833 Χριστῷ
1320 770 1710 840 κεκρυμμένην

117 840 287 908 ζωὴν,
327 843 426 894 καὶ
470 845 723 911 γενέσθαι
758 865 839 910 τις
889 851 1340 926 μεγαλέμπορος,
1376 858 1592 914 πάντων
1635 856 1710 915 ὧν

116 933 221 1000 ἔχω
261 933 362 985 τὸν
394 935 577 1004 τίμιον
625 937 974 1011 ὠνησάμενος
1010 949 1386 1020 μαργαρίτην,
1421 955 1514 1006 καὶ
1559 956 1710 1009 ἀντι-

112 1024 234 1085 δοὺς
270 1025 389 1095 (47)
424 1028 492 1080 τὰ
525 1030 715 1100 ῥέοντα
755 1033 848 1085 κα).
881 1038 1156 1107 συρόμενα
1185 1040 1292 1094 τῶν
1333 1043 1582 1098 ἑστώτων
1615 1048 1711 1100 καὶ

111 1116 424 1184 οὐρανίων·
468 1121 614 1193 ἤπερ
659 1123 722 1194 δὴ
769 1131 1159 1198 πραγματειῶν
1196 1136 1426 1207 μεγίστη
1473 1139 1567 1191 κα.)⁹
1619 1138 1707 1209 βε-

113 1206 382 1300 ίαιοτάτη
418 1215 532 1274 τοῖς
568 1230 631 1280 γε
677 1216 802 1268 νοῦν
833 1218 1043 1288 ἔχουσιν
1063 1241 1077 1253 ·
1111 1226 1160 1277 εί
1192 1226 1238 1278 δ’
1269 1226 1369 1281 οὒκ
1405 1231 1538 1300 (48),
1571 1206 1705 1286 ἀλλὰ

113 1298 276 1350 τουτό
309 1317 375 1368 γε
417 1305 777 1376 καρτερῆσαι,
805 1315 1204 1384 παραχωρῆσαι
1227 1319 1335 1370 τῶν
1363 1319 1566 1392 θρόνων
1595 1324 1702 1396 (49)

110 1391 222 1450 τοῖς
259 1390 634 1463 βουλομένοις,
671 1400 835 1464 αὐτὸς
865 1402 920 1455 δὲ
959 1404 1048 1458 διὰ
1091 1405 1207 1476 βίου
1244 1410 1354 1477 (50)
1391 1416 1520 1477 παῖς
1562 1410 1701 1469 εἶναι

233 1483 516 1556 μαθητὴς,
547 1489 738 1560 μέχρις
755 1490 821 1544 ἂν
843 1497 955 1558 τοῖς
979 1499 1226 1568 ποτίμοις
1250 1501 1359 1554 τῶν
1385 1502 1556 1574 λόγων
1579 1507 1703 1572 τοὺς

112 1573 254 1641 clpa
268 1578 400 1644 ρους
433 1580 849 1655 ἁποκλύσωμαι.
897 1588 992 1640 Ἒν
1028 1589 1127 1658 μὲν
1160 1591 1222 1662 δὴ
1257 1592 1412 1646 τοῦτο
1446 1597 1543 1667 τῆς
1568 1598 1708 1669 ἐμῆς

115 1681 254 1717 εστω
301 1668 414 1737 (5|)
455 1671 790 1744 φιλοσοφίας,
832 1678 939 1730 εἴτε
985 1681 1256 1749 εὐηθείας,
1317 1687 1410 1738 καὶ
1454 1689 1705 1758 πρῶτον·

112 1755 370 1830 δεύτερον
400 1761 477 1826 δὲ,
504 1764 531 1816 ὃ
565 1767 656 1818 κα).
693 1767 969 1837 μέγιστον.

1819 687 2346 754 reprehendendum,
2376 689 2985 758 quantumvisnonnulli
3017 692 3302 748 stultitiam
3334 695 3389 750 id

1815 777 2102 846 appellent.
2170 779 2302 834 Illud
2354 781 2647 849 optabam,
2711 784 2946 837 maxime
3005 786 3218 851 quidem
3293 802 3390 854 per

1813 884 2026 922 omnem
2059 869 2182 925 vitae
2205 886 2465 936 cursum,
2502 872 2630 926 huic
2661 874 2860 926 mundo
2891 875 3082 939 emori,
3111 877 3387 945 vitamque

1815 962 1866 1014 in
1895 961 2113 1017 Christo
2147 964 2521 1020 absconditam
2554 965 2600 996 ⁷⁹
2631 965 2852 1028 ducere,
2900 982 2962 1020 ac
2991 967 3168 1036 magni
3195 968 3385 1037 cujus-

1815 1055 1936 1107 dam
1969 1056 2323 1125 negotiatoris
2364 1060 2556 1122 instar,
2590 1059 2751 1113 rebus
2782 1060 2916 1113 meis
2943 1061 3228 1125 omnibus,
3264 1076 3389 1130 pre-

1818 1147 2008 1199 tiosam
2063 1146 2212 1200 illam
2264 1150 2614 1219 margaritam
2665 1165 2846 1204 emere
2897 1150 2968 1214 "°,
3015 1151 3290 1220 lluxasque
3331 1161 3388 1206 et

1816 1236 2037 1304 fragiles
2059 1253 2191 1308 opes
2217 1253 2339 1294 cum
2371 1240 2544 1295 ﬁrmis
2573 1250 2627 1295 et
2653 1241 2966 1296 cmlestibus
2993 1253 3328 1296 commutare
3369 1260 3384 1297 :

1814 1341 1934 1394 qua:
1980 1329 2201 1396 quidem
2255 1331 2552 1400 negotiatio
2585 1347 2718 1385 sana
2751 1341 2934 1387 mente
2960 1334 3202 1402 prmditis
3228 1334 3388 1406 longe

1813 1419 2048 1473 maxima
2087 1431 2172 1475 est
2202 1437 2266 1476 ac
2295 1424 2601 1478 certissima
2634 1425 2826 1493 ;.quod
2854 1425 2897 1479 si
2927 1426 3107 1480 minus
3125 1427 3386 1495 consequi

1814 1525 2050 1578 possem,
2084 1529 2169 1567 me
2197 1525 2346 1569 certe
2375 1517 2448 1568 ita
2489 1517 2804 1582 continere,
2837 1525 2897 1570 ut
2927 1517 3188 1572 sublimes
3229 1520 3387 1572 sedes

1813 1601 1898 1662 iis,
1930 1603 2020 1672 qui
2049 1618 2239 1658 earum
2275 1607 2576 1675 cupiditate
2604 1609 2952 1672 ducerentur,
2986 1610 3338 1663 concederem
3367 1624 3384 1674 ;

1813 1691 1932 1760 ipse
1960 1708 2090 1748 vero
2118 1710 2215 1764 per
2249 1707 2416 1750 totam
2452 1699 2617 1751 vitam
2662 1699 2806 1752 inter
2835 1713 3034 1768 pueros
3065 1709 3120 1753 et
3149 1701 3387 1769 discipu-

1816 1784 1895 1838 los
1920 1801 2198 1852 eenserer,
2225 1789 2402 1858 quoad
2433 1789 2574 1843 dulei
2624 1791 2868 1846 doctrina
2916 1792 3113 1847 salsam
3154 1803 3210 1847 et
3237 1808 3387 1846 ama-

120 1872 233 1956 ram
274 1860 578 1916 doctrinam
631 1865 907 1922 aluissem.
965 1869 1089 1925 llam
1147 1885 1325 1928 autem
1382 1893 1534 1936 mem.
1577 1879 1693 1934 sive
1722 1879 2096 1954 philosophiae,
2130 1888 2245 1941 sive
2305 1888 2638 1951 stoliditatis,
2681 1887 2854 1956 prima
2918 1903 3079 1940 causa
3136 1886 3382 1951 exstitit;

111 1949 343 2002 alteram
375 1967 528 2016 vero,
555 1969 786 2026 eamque
817 1961 1216 2029 gravissimam,
1247 1983 1391 2022 nunc
1417 1969 1621 2024 audite.

177 2044 288 2135 B'.‘
311 2047 532 2120 Ἐπειδὴ
567 2048 708 2122 λόγῳ
746 2053 838 2106 τὸν
870 2055 978 2109 τῶν
1020 2059 1228 2114 πολλῶν
1262 2061 1417 2131 λόγον
1453 2065 1703 2135 ἐπισχεῖν
1733 2079 1774 2132 Β

109 2137 206 2207 οὐχ
235 2132 352 2202 οἷός
386 2156 446 2192 τε
479 2143 746 2215 ἐγενόμην
765 2186 780 2210 ,
814 2150 906 2202 καὶ
938 2149 1037 2220 τὴν
1069 2152 1164 2206 νῦν
1193 2156 1528 2226 κατέχουσαν
1558 2160 1696 2214 πάν-

110 2245 206 2292 τας
239 2229 416 2302 φορὰν
461 2234 557 2287 καὶ
602 2237 912 2309 προθυμίαν
933 2281 948 2305 ,
981 2245 1063 2308 είς
1092 2246 1153 2299 τὸ
1185 2247 1458 2304 διδάσκειν
1504 2270 1564 2306 τε
1603 2257 1698 2309 καὶ

112 2320 293 2380 λαλεῖν
321 2324 393 2378 τὰ
427 2325 522 2379 τοῦ
567 2329 886 2400 Πνεύματος
917 2339 1085 2406 χωρίς
1116 2339 1432 2410 Πνεύματος
1457 2361 1472 2376 ·
1507 2346 1700 2418 ἑτέραν

111 2409 294 2482 ἦλθον,
327 2416 406 2480 ὡς
433 2419 668 2489 ἐμαυτὸν
697 2424 888 2490 πείθω,
924 2427 1116 2496 βελτίω
1139 2449 1199 2484 τε
1229 2433 1323 2486 καὶ
1351 2409 1700 2508 ἀπονωτέραν

112 2505 248 2568 ὁδὸν,
279 2507 574 2563 παιδεῦσαι
605 2512 739 2584 πρὸς
763 2516 994 2586 ἡσυχίαν
1025 2520 1272 2586 ἅπαντας
1297 2523 1376 2595 τῷ
1409 2505 1702 2600 ἀρχετύπῳ

112 2596 207 2665 τῆς
250 2600 468 2670 σιωπῆς
488 2617 499 2630 ·
542 2603 590 2654 εί
622 2604 720 2673 μέν
745 2623 798 2658 τι
833 2609 977 2677 μέγα
1011 2611 1140 2682 περὶ
1171 2614 1328 2683 ἡμῶν
1354 2596 1576 2680 οἴονται,

115 2690 392 2761 ὑπεροχὴν
427 2692 780 2765 αἰδουμένους
799 2717 812 2729 ·
838 2700 886 2751 εἰ
913 2701 970 2753 δὲ
1003 2703 1198 2775 μικρόν
1225 2723 1283 2758 τε
1309 2708 1401 2760 καὶ
1436 2709 1559 2762 ὅσον
1587 2710 1700 2778 (52)

113 2778 281 2845 ἄξιον,
318 2781 400 2852 τῷ
429 2784 676 2856 ὁμοτίμῳ
712 2791 1243 2861 σνμμετριάζοντας.
1277 2788 1445 2860 Οὗτος
1481 2801 1509 2850 ὁ
1545 2799 1700 2868 λόγος

113 2871 212 2940 τῆς
257 2873 400 2944 ἐμῆς
433 2877 678 2948 σιωπῆς·
725 2879 884 2934 τοῦτο
926 2883 1025 2954 τῆς
1068 2887 1363 2959 καρτερίας
1396 2890 1506 2960 (55)
1547 2893 1702 2962 ἡμῶν

114 2964 170 3016 τὸ
209 2969 533 3038 μυστήριον.

180 3240 258 3298 Γ’.
307 3241 472 3298 Ἀλλὰ
509 3243 562 3298 τί
600 3247 790 3310 πάθω;
835 3250 892 3304 Ὀ
925 3252 1024 3321 μὲν
1054 3252 1205 3307 ἔνθεν
1234 3255 1368 3326 (54),
1413 3258 1441 3309 ὁ
1468 3257 1522 3310 δὲ
1552 3258 1705 3312 ένθεν

111 3332 422 3389 διέλκουσιν
469 3338 614 3408 ἡμᾶς
664 3340 758 3392 κα)¹
800 3344 1199 3415 σπαράττουσι,
1257 3348 1350 3401 καὶ
1403 3350 1542 3421 ὑπὲρ
1594 3351 1701 3405 τῶν

1877 2065 1940 2120 ll.
1982 2065 2247 2133 Quoniam
2275 2065 2419 2120 enim
2447 2067 2741 2121 multorum
2780 2065 3056 2120 hominum
3082 2063 3382 2134 loquacita-

1803 2170 1914 2214 tem
1941 2173 2196 2215 sermone
2225 2159 2524 2228 reprimere
2549 2173 2654 2212 non
2688 2158 2834 2228 potui
2862 2197 2878 2221 ,
2925 2171 3024 2211 nec
3061 2157 3381 2225 promptitu-

1799 2252 1981 2306 dinem
2018 2250 2165 2305 illam
2197 2251 2477 2320 animique
2524 2251 2784 2320 impetum
2807 2288 2824 2314 ,
2859 2263 2969 2318 quo
3003 2263 3147 2301 nunc
3186 2262 3378 2301 omnes

1799 2342 1864 2394 ad
1892 2356 1952 2395 ea
1981 2356 2104 2410 qua:
2135 2340 2374 2410 Spiritus
2405 2349 2554 2404 sunt,
2613 2342 2731 2395 sine
2785 2339 2990 2409 Spiritu
3039 2338 3278 2393 docenda
3324 2344 3382 2390 et

1800 2433 2115 2500 exponenda
2146 2432 2452 2502 praecipites
2502 2433 2773 2495 feruntur,
2819 2431 3046 2485 alteram
3091 2431 3257 2493 viam,
3297 2439 3371 2491 et,

1804 2535 1860 2576 nt
1903 2524 2034 2577 mihi
2075 2525 2414 2592 persuadeo,
2469 2523 2751 2577 meliorem
2807 2524 3093 2592 minusque
3142 2521 3378 2575 laborio-

1802 2630 1943 2676 sam.
1976 2615 2254 2685 ingressus
2277 2630 2418 2682 sum,
2465 2623 2525 2668 ut
2567 2615 2843 2684 proposito
2887 2613 3084 2668 silentii
3129 2612 3377 2682 exemplo

1804 2715 2035 2759 cmteros
2069 2706 2135 2758 ad
2167 2705 2440 2759 silentium
2465 2705 2740 2759 erudirem
2776 2706 2859 2760 :si
2890 2704 3106 2774 quidem
3129 2705 3196 2756 de
3225 2705 3404 2758 nobis-

1804 2795 2102 2850 honorilice
2151 2797 2414 2862 sentiant,
2460 2797 2826 2866 praestantiam
2877 2797 3080 2850 honore
3124 2809 3187 2848 ac
3223 2809 3377 2848 reve-

1806 2885 1975 2937 rentia
2006 2893 2438 2952 prosequentes;
2478 2885 2562 2938 sin
2606 2894 2790 2938 autem
2835 2898 3025 2952 parum
3070 2881 3378 2951 magniﬁce,

1803 2991 1866 3028 ac
1891 2975 2116 3044 perinde
2147 2986 2206 3029 ut
2237 2977 2456 3045 dignum
2500 2985 2606 3042 est,
2653 2976 2879 3046 aequalis
2905 2977 2988 3032 sui
3030 2976 3395 3030 ιηοιιίοοτὶιιιρ..

1806 3079 1910 3120 tem
1953 3068 2256 3122 imitantes.
2295 3068 2420 3122 ΙΙωο
2451 3083 2582 3122 mea:
2626 3069 3014 3122 taciturnitatis
3041 3068 3222 3134 ratio;
3276 3067 3377 3120 hoc

1803 3158 2075 3213 obﬁrmati
2111 3160 2375 3228 propositi
2419 3160 2588 3214 nostri
2625 3159 2926 3213 consilium.

1874 3250 1962 3307 lli.
2001 3252 2072 3306 At
2104 3253 2233 3321 quid
2269 3252 2508 3306 faciam?
2556 3249 2662 3304 Alii
2691 3251 2907 3306 aliunde
2944 3265 3032 3305 me
3077 3250 3296 3304 trahunt
3320 3259 3394 3304 et.

1805 3345 2064 3408 lacerant,
2098 3359 2162 3400 ac
2191 3344 2260 3399 de
2308 3344 2444 3398 meis
2490 3345 2767 3398 laboribus
2809 3345 2938 3398 mihi
2988 3345 3134 3398 litem
3166 3352 3372 3406 creant,

114 3425 264 3495 ἐμῶν
311 3426 620 3492 δικάζονται
676 3433 884 3500 πόνων,
923 3434 1112 3509 ῶσπερ
1147 3438 1274 3492 ἄλλο
1313 3458 1366 3494 τι
1401 3441 1562 3514 χρέος
1608 3443 1697 3496 τὸν

1813 3451 2138 3500 sermonem,
2169 3451 2278 3490 non
2320 3450 2475 3490 secus
2506 3451 2570 3490 ac
2603 3434 2767 3507 365
2803 3435 3039 3490 debitum
3081 3435 3372 3504 quoddam,

114 3517 272 3585 λόγον
327 3521 724 3594 ἀπαραιτήτως
781 3528 1236 3598 είσπράττοντες,
1295 3533 1390 3585 καὶ
1441 3535 1696 3602 ἀγαπῶσι

117 3612 323 3680 μᾶλλον
377 3614 411 3684 ἢ
464 3615 626 3679 αὐτὸς
677 3618 946 3688 ἐμαυτόν·
1001 3624 1095 3676 κα).
1141 3625 1248 3678 εἰσὶ
1313 3626 1512 3691 πάντες
1561 3627 1695 3698 ἐμοῦ

118 3705 450 3780 σοφώτεροι,
501 3709 670 3763 πλέον.
706 3712 738 3784 ἢ
791 3714 902 3781 ἐγὼ
931 3715 1289 3782 γινώσκοντες
1319 3719 1506 3791 καιρὸν
1538 3721 1696 3788 λόγου

114 3800 145 3868 ἢ
179 3799 296 3869 (55)
325 3802 558 3871 σιωπῆς·
586 3805 678 3857 καί
701 3823 862 3872 φασιν
884 3807 983 3860 οὐκ
1012 3809 1252 3880 ἀνήσειν,
1284 3810 1470 3882 ῶσπερ
1498 3814 1698 3885 σιδήρῳ

115 3894 337 3962 πρίτιν
377 3892 486 3958 (56)
541 3894 720 3956 λίθον,
763 3897 1016 3961 παίοντες
1059 3901 1206 3969 ἡμᾶς
1257 3905 1368 3964 τοῖς
1418 3904 1694 3967 ὀνείδεσιν,

113 3982 218 4045 ἓως
245 3984 315 4036 ἂν
345 3985 410 4037 ὲκ
455 3986 650 4056 μικροῦ
687 3989 982 4060 σπινθῆρος
1017 3991 1109 4042 τὸν
1139 3992 1248 4046 τῶν
1281 3993 1456 4062 λόγων
1491 3997 1698 4066 πυρσὸν

115 4076 421 4146 ἀνάψωσιν.
463 4078 601 4148 Ἤδη
649 4079 706 4132 δέ
754 4097 897 4143 τινες
940 4081 1120 4135 αὐτῶν
1167 4087 1261 4138 καὶ
1315 4086 1697 4157 ὑπισχνοῦνται

115 4169 482 4256 agro-.593,
521 4171 612 4223 καὶ
645 4171 858 4241 μεγάλα
901 4174 1246 4244 προτιθέασιν
1280 4174 1417 4231 ἆθλα
1462 4182 1576 4241 τοῖς
1613 4179 1697 4233 λό-

114 4279 232 4327 γοις
255 4278 269 4291 ·
300 4263 518 4332 πρῶτον
546 4265 643 4334 μὲν
664 4266 887 4329 ἑαυτοὺς
911 4269 1240 4339 εὐποιήσειν,
1273 4270 1451 4333 δόντες
1476 4271 1552 4342 τῷ
1579 4272 1696 4341 Θεῷ

113 4355 206 4408 καὶ
256 4357 390 4425 ἡμῖν
423 4359 501 4420 είς
545 4357 636 4410 τὸν
681 4358 838 4427 λόγον
875 4362 1326 4432 καρποφορῆσαι·
1377 4363 1565 4416 ἔπειτα
1605 4366 1698 4416 καί

113 4447 304 4502 τούσδε
340 4449 578 4512 πάντας.
628 4450 715 4504 διὰ
746 4453 846 4523 τῆς
895 4454 1220 4522 ἀπογραφῆς
1269 4453 1400 4520 (57),
1447 4453 1538 4506 τὸν
1571 4455 1700 4523 ἐμὸν

113 4539 341 4610 κλῆρον,
395 4539 554 4612 εἴπερ
584 4542 715 4612 ἐμὸς
751 4545 779 4594 ὁ
825 4544 1091 4614 πατρικὸς
1117 4585 1131 4607 ,
1163 4545 1225 4596 τὸ
1258 4544 1389 4613 ἐμὸν
1428 4545 1698 4614 ποίμνιον,

111 4630 206 4694 οὓς
236 4630 360 4683 λίαν
387 4630 650 4704 ἀδικοίην,
687 4632 761 4704 μὴ
796 4634 972 4688 πάντα
1001 4635 1201 4706 τρόπον
1235 4635 1543 4706 εὐεργετεῖν
1570 4651 1700 4704 προ-

197 4747 644 4811 "Coloss.nt,3.
724 4747 769 4780 ⁸ο
804 4748 989 4802 Matth.
1033 4767 1148 4812 x'n,
1184 4749 1252 4803 45
1274 4765 1424 4818 seqq.

190 4843 306 4912 (47)
351 4842 669 4907 Ἄντιδούς.
703 4841 837 4903 Jes.,
869 4843 1191 4912 μὰντιδιδούς.

188 4910 304 4982 (48)
351 4913 492 4965 Οὔκ.
525 4913 658 4976 llvg.
702 4914 806 4972 hm,
835 4910 946 4966 οὖν.

192 4984 308 5055 (49)
333 4983 924 5055 Τῶν-θρρνωνηϐυἰδι.
958 4985 1007 5044 -Ι,
1042 4984 1132 5036 τὸν
1165 4984 1373 5055 θρόνον.
1411 4985 1502 5037 Sic
1537 4985 1697 5037 etiam

115 5051 362 5117 Hicetas,
391 5053 480 5120 qui
504 5051 883 5108 διδασκαλικόν
936 5056 985 5106 id
1021 5064 1125 5114 est,
1178 5051 1214 5104 ι’
1240 5055 1481 5123 magistri
1515 5056 1700 5110 cathe-

118 5130 297 5182 dram.
336 5147 354 5176 ι
393 5140 456 5176 cx
499 5124 788 5190 episropali
816 5140 1059 5184 munere.
1087 5131 1326 5191 exponit.

191 5195 306 5263 (50)
341 5193 626 5260 Διὰβίου.
675 5213 690 5244 ι
727 5193 831 5247 Per
871 5205 1036 5246 totam
1076 5195 1261 5246 vitam.
1303 5215 1322 5246 ι
1362 5194 1450 5249 Sic
1483 5195 1699 5251 Nicetas

117 5267 559 5334 interpretatur:
595 5265 661 5318 δι’
686 5265 946 5335 δληςᾼμου
986 5265 1087 5333 τῆς
1133 5265 1296 5335 ζωῆς.
1325 5264 1505 5330 Neque
1551 5268 1692 5319 enim

119 5333 318 5390 miruin
344 5335 512 5390 videri
568 5333 1128 5403 debet,'Grcgormm
1181 5333 1330 5388 tanto
1378 5336 1693 5390 humilitatis

118 5421 306 5460 amore
345 5407 650 5473 praeditum,
699 5407 840 5459 inter
880 5419 1074 5472 pueros
1115 5419 1178 5458 ac
1206 5406 1496 5471 discipulos
1521 5416 1686 5459 totam

116 5479 288 5532 vitain
314 5479 612 5540 transigere
647 5475 1010 5532 desiderasse.
1058 5484 1233 5544 quoad
1270 5477 1411 5527 dulci
1441 5476 1685 5530 doctrina

121 5549 323 5603 salsam
358 5559 412 5601 et
442 5562 682 5601 amaram
708 5546 945 5600 cluisset.
992 5545 1144 5600 Unde
1167 5545 1296 5598 satis
1332 5546 1532 5600 indicat
1575 5555 1685 5599 tum

121 5632 339 5671 morum
383 5627 492 5670 tum
530 5619 788 5671 doctrina:
838 5618 1120 5679 puritatem
1159 5625 1269 5669 toto
1296 5619 1418 5668 vita:
1449 5628 1688 5681 tempore

119 5690 213 5742 vix
241 5689 544 5754 comparari
577 5703 753 5757 posse.
789 5685 918 5754 Ejus
951 5687 1219 5739 silentium
1263 5703 1366 5738 non
1421 5702 1438 5736 ι
1476 5686 1691 5740 stolidi-

122 5769 226 5817 tas.
260 5776 278 5809 ι
319 5759 413 5811 sed
451 5775 468 5807 ι
503 5759 782 5823 prudentia
816 5758 991 5825 potius
1043 5772 1106 5808 ac
1148 5757 1405 5811 modestia
1454 5777 1470 5806 ι
1511 5757 1687 5824 appel-

125 5826 227 5883 lari
247 5829 443 5881 debet.
495 5828 610 5884 Non
652 5828 814 5897 igitur
860 5828 994 5881 bene
1041 5827 1249 5887 Billius,
1287 5828 1376 5895 qui
1431 5825 1519 5880 διὰ
1573 5825 1688 5896 βίου

122 5914 219 5972 per
257 5917 274 5950 ι
312 5899 572 5971 tantisper
611 5919 628 5952 ι
670 5898 858 5954 reddit.
898 5898 1027 5964 Quis
1049 5899 1188 5954 enim
1233 5900 1460 5970 ignorat,
1486 5898 1686 5952 nullum

1799 3527 1970 3596 rigide
1992 3525 2298 3596 ﬂagitantes
2320 3567 2337 3592 ,
2386 3542 2579 3596 meque
2617 3526 2992 3582 vehementius
3014 3563 3030 3589 ,
3080 3540 3242 3594 quam
3277 3539 3392 3590 ego.

1803 3619 2088 3688 meipsum,
2109 3619 2416 3689 diligentes,
2437 3634 2500 3673 ac
2528 3633 2612 3672 me
2631 3634 2820 3673 omnes
2845 3619 3107 3688 sapientia
3133 3619 3373 3678 vincunt,

1803 3720 1860 3762 ut
1909 3710 2001 3780 qui
2055 3711 2327 3766 sermonis
2375 3711 2696 3780 silentiique
2730 3721 2940 3779 tempus
2998 3711 3169 3781 magis
3213 3725 3375 3778 quam

1801 3822 1924 3874 ego,
1959 3808 2238 3878 cognitum
2269 3817 2324 3864 et
2368 3807 2710 3878 exploratum
2753 3808 3006 3861 habeant.
3041 3803 3178 3870 Quin
3211 3803 3374 3857 etiam

1808 3907 2005 3970 negant
2037 3915 2097 3954 se
2131 3908 2282 3965 ante,
2315 3909 2374 3954 ut
2424 3900 2632 3956 silicem
2679 3901 2848 3964 lerro,
2889 3899 2969 3953 sic
3005 3913 3089 3952 me
3120 3893 3378 3950 conviciis

1809 3991 2071 4046 tundendi
2107 3991 2266 4046 linem
2301 3991 2562 4056 facturos,
2614 4007 2774 4060 quam
2821 4007 2885 4044 ex
2940 4005 3100 4060 parva
3143 3987 3377 4042 scintilla

1806 4082 2077 4151 ingentem
2111 4098 2418 4138 sermonum
2453 4085 2726 4138 ﬂammam
2755 4081 3066 4137 excitarint.
3097 4078 3214 4134 Jam
3249 4093 3377 4132 vero

1806 4173 2026 4243 quidam
2096 4175 2261 4230 etiam
2314 4174 2640 4242 iucundiora
2714 4175 3075 4244 promittunt,
3137 4171 3377 4238 meisque

1808 4268 2156 4322 sermonibus
2211 4271 2429 4337 prmmia
2493 4283 2684 4337 magna
2739 4277 3076 4338 proponunt;
3148 4265 3378 4333 primum

1805 4359 2052 4426 quidem,
2082 4371 2141 4413 nt
2167 4361 2233 4414 de
2263 4360 2458 4430 seipsis
2487 4362 2692 4428 optime
2725 4369 3052 4423 mereantur,
3085 4361 3190 4411 Deo
3221 4357 3378 4410 nimi-

1804 4465 1922 4503 rum
1967 4465 2032 4504 ac
2061 4451 2216 4505 nobis
2244 4452 2348 4506 hoc
2389 4453 2598 4516 dantes,
2637 4461 2700 4505 ut
2738 4466 2868 4504 suus
2905 4451 3134 4504 orationi
3174 4458 3376 4502 nostra:

1808 4541 2014 4595 fructus
2043 4552 2258 4597 constet
2293 4563 2306 4597 :
2337 4545 2532 4599 deimle
2570 4554 2628 4599 ut
2660 4544 3021 4611 descriptione
3072 4542 3170 4595 hos
3211 4540 3373 4594 etiam

1806 4648 1992 4688 omnes
2015 4635 2239 4702 juvcnt;
2273 4636 2393 4702 hos,
2416 4637 2659 4706 inquam,
2687 4646 2889 4690 sortem
2913 4649 3110 4693 meam,
3140 4634 3186 4686 si
3216 4634 3383 4686 modo.

1735 4849 1779 4903 ι)
1810 4853 1934 4893 esse
1965 4838 2099 4910 inter
2141 4837 2407 4910 homines,
2441 4841 2532 4910 qui
2563 4858 2582 4891 ι
2615 4841 2876 4910 tantisper
2896 4860 2913 4890 ι
2937 4839 3229 4907 discipulus
3255 4854 3376 4894 esse

1809 4927 1913 4965 non
1945 4909 2176 4962 debeat?

1879 4979 1992 5044 (Si)
2063 4981 2277 5036 Ἔστω.
2345 4981 2504 5036 Deest
2566 4982 2618 5035 in
2689 4982 2840 5038 Pass.

1808 5053 1936 5112 εἴτε,
1971 5049 2231 5120 [ιι·ιρΙίιιδ.]

2041 5119 2149 5174 Καὶ
2182 5119 2352 5174 ὅσον.
2387 5122 2476 5193 Sic
2505 5131 2614 5176 tres
2655 5122 2844 5193 Κῦρε..
2888 5133 2992 5176 etc,
3040 5122 3092 5174 In
3123 5122 3374 5193 01",»);3;

1803 5193 1901 5262 οὺχ
1925 5192 2068 5244 ὅσον.
2099 5209 2116 5240 ι
2155 5207 2253 5246 nec
2270 5192 2491 5261 perinde
2524 5203 2683 5261 atque
2703 5191 2918 5261 dignum
2938 5202 3042 5255 est,
3067 5212 3086 5242 ι
3118 5203 3173 5244 ιιι
3194 5191 3375 5246 Billius

1806 5265 2209 5326 interpretatur.

1871 5333 1984 5398 (53)
2018 5332 2356 5404 Kapz'eplac.
2375 5332 2537 5386 Coisl.
2564 5335 2620 5399 2,
2649 5333 2940 5404 σωτηρίας,
2971 5351 2989 5383 ι
3023 5331 3232 5404 salutis.
3279 5350 3298 5384 ι

1798 5474 1830 5528 Γ
1873 5403 1985 5469 (δέ)
2022 5403 2087 5524 ’ιο
2113 5400 2232 5470 μὲν
2278 5403 2476 5469 ἐνθεν,
2527 5417 2632 5459 etc.
2690 5424 2707 5455 ι
2742 5400 2893 5459 Alius
2947 5404 3092 5468 hinc,
3135 5401 3273 5456 alius
3310 5401 3375 5456 il.

1821 5490 1922 5528 mc.
1960 5489 2029 5526 re
2057 5490 2104 5525 e.

1821 5477 1922 5536 inc,
1960 5492 1979 5524 ι
1999 5484 2104 5526 etc.

1869 5543 1981 5612 (55)
2019 5544 2113 5598 Ἤ.
2146 5541 2419 5604 Nonnulli,
2441 5544 2554 5598 καί.

1869 5614 1981 5686 (56)
2045 5613 2310 5683 Πυρῐτιγ.
2379 5613 2510 5684 Reg.
2576 5615 2686 5680 bm,
2758 5627 2813 5670 et
2874 5614 3036 5671 Coisl.
3101 5617 3152 5678 l,
3210 5613 3376 5688 πυρί-

1797 5703 1917 5738 την.

1829 5703 1982 5828 nat?)
2018 5751 2256 5828 Διὰ-τῆς
2286 5754 2658 5828 ᾁποπραςρῆς.
2694 5775 2718 5828 γι
2761 5755 2864 5810 Per
2894 5758 3326 5828 descriptionem,
3347 5773 3372 5812 ι

1799 5822 2050 5900 nimirum
2106 5822 2323 5900 Juliani
2361 5822 2546 5900 opera,
2591 5822 2940 5884 tributorum
2993 5822 3374 5900 exiequatoris,

1797 5894 2055 5966 Gregorio
2091 5895 2424 5955 amicissimi.

2918 4981 3046 5048 Reg.
3089 4997 3136 5037 (ξ.
3193 4982 3377 5046 habet,
