3852 6408
474 296 613 351 1647

1674 295 1730 348 S.
1777 291 2107 348 GREGORII
2147 293 2491 348 THEOLOGI

3580 295 3695 351 10ιὸ

471 428 592 483 quae
639 418 863 481 paterna
898 426 1040 475 sors,
1077 427 1197 465 mea
1249 412 1518 466 censenda
1551 420 1633 467 est
1656 451 1672 476 ,
1707 427 1906 476 meum,
1967 411 2052 465 in-

2180 411 2513 481 νυμούμενος.
2546 412 2618 464 Τὸ
2646 411 2702 464 δὲ
2733 411 3038 476 κάλλιστον,
3071 411 3174 475 ὅτι,
3215 409 3245 463 ὃ
3276 407 3445 461 πολλᾶ
3473 409 3697 479 πονήσαν-

472 520 655 573 quam,
687 519 921 573 gregem,
958 519 1118 572 quem
1159 504 1375 573 quidem
1409 505 1510 559 nisi
1559 504 1812 559 omnibus
1843 501 2048 559 beneﬁ-

472 598 572 651 ciis
605 611 801 664 augere
828 595 1129 660 studerent,
1154 595 1498 665 iniquissime
1533 596 1797 650 facerem.
1850 594 1905 648 In
1932 608 2042 663 quo

468 687 636 738 etiam
668 685 793 738 illud
823 697 906 738 est
945 686 1445 755 przeclarissimum,
1475 690 1641 756 quod,
1668 697 1726 740 ut
1753 703 1782 741 a
1819 703 1904 741 me
1932 702 2048 740 ser-

475 790 688 830 mouem
718 774 1028 842 impetrent,
1058 777 1161 830 hoc
1187 777 1358 844 ipsum
1383 774 1638 839 olferunt,
1665 777 1807 846 quod
1838 787 1896 830 ut
1915 791 2048 830 con-

471 879 750 933 sequerer,
783 880 1010 933 magnus
1036 866 1164 919 mihi
1197 865 1348 919 labor
1375 867 1426 919 in
1460 867 1691 921 dicendo
1748 867 2050 938 suscipien-

472 955 573 1009 dus
620 954 826 1009 fuisset.
875 955 918 1010 Ο
965 956 1278 1024 prmclaram
1319 955 1742 1021 contentionem,
1789 971 1892 1023 qua
1952 971 2039 1009 me

473 1047 693 1102 vincere
725 1046 1074 1101 adnituntur!
1125 1063 1156 1101 ο
1188 1047 1454 1115 insignem
1494 1045 1911 1100 liberalitatem!
1951 1046 2044 1101 Vi-

481 1138 603 1194 dete
659 1141 784 1209 quid
839 1139 1110 1194 silentium
1161 1149 1402 1192 nostrum
1451 1136 1692 1192 effecerit
1723 1155 1736 1190 :
1766 1138 1939 1206 majus
1994 1139 2046 1191 iu

2147 519 2245 566 τας
2276 502 2382 554 ἔδει
2413 502 2760 574 κατορθῶσαι
2787 505 2903 566 τοῖς
2926 501 3126 571 λόγοις,
3160 500 3318 553 τοῦτο
3346 499 3484 568 ὑπὲρ
3508 499 3606 552 τῶν
3625 500 3696 554 λό-

2152 611 2265 662 γων
2298 594 2478 648 αὐτῶν
2513 595 2875 666 εἰσφέρουσιν.
2929 596 2993 646 Ὢ
3031 595 3134 663 τῆς
3173 591 3346 661 καλῆς
3383 590 3696 659 φιλονεικίας,

2147 687 2213 755 ἣν
2243 685 2342 756 ἐμὲ
2370 687 2591 756 νικῆσαι
2617 685 3014 755 φιλονεικοῦσιν
3038 686 3052 738 ί
3084 685 3149 736 Ὦ
3171 683 3274 752 τῆς
3302 682 3584 752 ὲπαινετῆς
3602 685 3702 735 ἑπι-

2147 774 2379 839 δόσεωςι
2418 776 2613 847 Ὁρᾶτε
2647 777 2878 846 πηλίκον
2905 776 2967 828 τὸ
2999 775 3159 846 ἔργον
3184 774 3285 844 τῆς
3317 772 3457 843 ὲμῆς
3488 771 3701 840 σιωπῆςο

2153 866 2352 930 αὐτοὺς
2396 867 2525 937 ὑμῖν
2573 868 2842 938 πεποίηκε
2887 868 3014 930 τοὺς
3065 866 3259 934 λόγους
3306 863 3700 935 ποθεινοτὲρους.

2165 954 2362 1028 Ὁρᾶτε
2392 958 2483 1012 τὸν
2514 958 2727 1028 καρπὸν
2768 959 2868 1030 τῆς
2899 956 3114 1022 ἀδοξίας
3154 956 3255 1026 τῆς
3288 955 3559 1025 ἡμετέρας
3588 956 3700 1024 (58).

2154 1044 2281 1098 Εἴθε
2313 1063 2365 1098 τι
2395 1047 2607 1115 γένοιτο
2635 1047 2858 1101 καὶτῶν
2883 1046 3055 1115 λόγων
3083 1043 3336 1098 τοσοῦτον
3364 1043 3568 1112 ὄφελος,
3601 1045 3704 1097 ὅσον

2153 1139 2253 1208 τῆς
2282 1139 2511 1208 σιωπῆς.

476 1233 629 1286 vobis
683 1247 991 1285 sermonum
1057 1232 1290 1300 ipsorum
1365 1227 1698 1284 desiderium
1764 1230 2044 1282 excitavit.
2115 1229 2305 1284 Videte
2374 1248 2534 1299 quem
2611 1231 2845 1284 fructum
2919 1246 3071 1285 meus
3146 1229 3332 1300 gloria:
3387 1237 3702 1298 contemptus

476 1321 764 1390 pepererit.
795 1319 1007 1374 Utinam
1031 1334 1288 1391 quantum
1317 1325 1566 1380 utilitatis
1590 1326 1867 1381 silentimn
1903 1326 2104 1389 attulit,
2152 1337 2358 1380 tantum
2390 1343 2673 1381 sermones
2711 1328 2810 1396 ipsi
2837 1327 3086 1383 aderant.

551 1410 640 1466 IV.
694 1411 959 1477 Quoniam
1005 1413 1165 1480 igitur
1199 1416 1392 1483 placet,
1448 1427 1609 1486 atque
1657 1416 1915 1470 invictqu
1972 1418 2050 1470 vi-

483 1504 664 1568 cistis,
700 1519 764 1558 ac
827 1506 892 1557 de
947 1517 1128 1559 nostra
1179 1508 1516 1576 philosotihia
1563 1521 1820 1578 tropaeum
1861 1509 2059 1562 statui-

481 1597 602 1660 stis,
631 1613 750 1667 age,
783 1597 986 1667 aliquid
1034 1599 1099 1651 ad
1150 1613 1246 1653 vos
1295 1603 1467 1654 dicam
1505 1601 1718 1655 silentio
1764 1601 1956 1654 melius
1995 1615 2058 1653 ac

2228 1421 2303 1471 A’.
2340 1417 2550 1472 Οὐκοῦν
2577 1418 2772 1489 ἐπειδὴ¹
2788 1417 2960 1473 ταῦτα
2991 1417 3154 1481 δοκεῖ,
3183 1417 3277 1469 καὶ
3301 1415 3610 1484 νενικήκατε
3631 1414 3706 1466 τὸν

2167 1509 2431 1578 ἀήττητον
2467 1506 2602 1576 (5'9),
2628 1509 2721 1561 καὶ
2749 1507 3004 1577 τρόπαιον
3030 1507 3292 1576 ὲστήσατε
3325 1504 3437 1573 (60)
3469 1503 3600 1556 κατὰ
3624 1502 3706 1571 τῆς

2165 1600 2304 1669 ἐμῆς
2333 1599 2670 1668 φιλοσοφίας,
2703 1599 2834 1670 φέρε
2857 1615 2910 1651 τι
2935 1597 3253 1668 φθέγξωμαι
3277 1595 3390 1666 (61)
3415 1593 3547 1665 πρὸς
3565 1594 3706 1663 ὑμᾶς,

483 1691 867 1760 ρι’ξεειοιήιίυε.
899 1690 1044 1746 Nihil
1083 1693 1245 1762 igitur
1272 1695 1430 1748 molle
1465 1710 1528 1749 ac
1560 1694 1866 1761 remissum,
1923 1693 2057 1748 nihil

2180 1690 2261 1760 εῆς
2295 1691 2506 1761 σιωπῆς
2551 1691 2793 1760 ἄμεινον.
2829 1689 3139 1760 Φθέγξομαι
3171 1685 3487 1758 τοιγαροῦν,
3531 1685 3587 1737 οὐ
3619 1702 3707 1755 μα-

486 1797 772 1838 numerosa
825 1783 1194 1838 concinnitate
1239 1785 1562 1840 multitudini
1599 1785 1893 1854 jucundum
1936 1785 2054 1840 elo-

484 1887 653 1940 quar;
703 1888 809 1927 non
854 1875 997 1928 enim
1033 1876 1286 1928 eximiam
1325 1877 1551 1944 gratiam
1603 1877 1707 1930 mei
1752 1879 2060 1931 amantibus

485 1966 857 2034 rependerem,
921 1966 1024 2020 hoc
1069 1968 1331 2023 orationis
1377 1983 1575 2038 genere
1616 1980 1810 2034 utens;
1873 1984 2058 2023 verum

490 2056 780 2109 admodum
815 2056 1034 2112 robusta
1087 2069 1142 2111 et
1191 2060 1300 2113 acri
1362 2075 1426 2114 ae
1475 2060 1783 2116 vehementi
1849 2061 2060 2115 dicendi

485 2150 698 2199 ratione
732 2154 873 2212 utar,
908 2157 961 2202 ct
991 2163 1093 2216 qua
1136 2148 1235 2218 ipsi
1280 2149 1513 2205 fortasse
1557 2150 1806 2205 meliores
1865 2149 2062 2205 elﬁcie-

489 2238 643 2303 mini,
670 2238 924 2292 nimirum
957 2255 985 2292 a
1019 2255 1184 2294 carne
1217 2241 1282 2294 ad
1318 2243 1570 2308 Spiritum
1620 2242 1891 2305 translati,
1937 2243 2062 2295 ani-

488 2327 701 2394 unisque
742 2327 794 2381 in
848 2327 1015 2380 altum
1054 2330 1265 2384 abunde
1304 2331 1566 2386 subvecti.
1609 2330 1740 2385 Filfi
1775 2332 2061 2396 hominum,

489 2433 754 2486 usquequo
785 2419 932 2486 gravi
965 2419 1161 2471 corde?
1197 2421 1442 2489 (initium
1489 2423 1632 2474 enim
1662 2437 1690 2474 a
1732 2421 1937 2476 Davide
1964 2424 2063 2477 du-

489 2524 633 2575 cam,
667 2511 928 2578 propheta
955 2510 1009 2563 in
1049 2513 1275 2565 dicendo
1303 2514 1538 2567 maxime
1567 2513 1780 2568 sublimi
1801 2513 1853 2580 ;)
1885 2515 2065 2582 utquid

487 2600 710 2669 diligitis
738 2601 1039 2663 vanitatem,
1092 2611 1140 2654 et
1182 2603 1417 2669 quaeritis
1439 2602 1768 2656 mendacium
1791 2603 1877 2655 lu?
1919 2603 2067 2658 Hanc

490 2689 704 2745 scilicet
732 2693 896 2745 vitam
916 2733 932 2758 ,
957 2702 1012 2746 et
1045 2693 1290 2756 delicias,
1327 2703 1378 2748 et
1405 2695 1656 2763 exiguam
1685 2695 1986 2764 gloriolam,
2014 2705 2067 2749 et

487 2776 752 2837 humilem
781 2787 1103 2854 potentiam,
1139 2794 1194 2839 et
1234 2784 1424 2839 falsam
1474 2788 1919 2855 prOSperitatem,
1953 2803 2068 2840 ma-

492 2890 658 2944 gnum
703 2875 905 2945 aliquid
929 2887 984 2930 et
1041 2876 1275 2946 amplum
1327 2892 1448 2931 esse
1473 2878 1866 2933 existimantes.
1934 2877 2060 2935 [hec

496 2976 676 3022 tamen
720 2984 825 3022 non
875 2970 1048 3040 magis
1093 2984 1279 3022 eorum
1327 2969 1420 3038 qui
1463 2984 1524 3022 ea
1563 2970 1862 3037 possident,
1906 2986 2068 3040 quam

494 3073 686 3114 eorum
717 3060 806 3128 qui
840 3074 902 3114 ea
929 3061 983 3114 in
1019 3074 1114 3130 spe
1137 3061 1360 3126 habent,
1393 3060 1643 3128 prepria;
1670 3077 1843 3130 neque
1874 3063 2068 3118 horum
2097 3048 2142 3108 Ο

495 3164 690 3205 rursus
747 3151 940 3221 magis,
987 3167 1149 3222 quam
1206 3151 1419 3206 illorum
1496 3154 1638 3222 apud
1699 3168 1838 3222 quos
1887 3168 1959 3208 ne
2014 3157 2068 3208 in

494 3241 900 3311 exspectatione
922 3243 1139 3312 quidem
1156 3258 1394 3313 unquam
1422 3243 1670 3298 fuerunt:
1698 3260 1886 3299 verum
1909 3245 2074 3317 366

495 3343 558 3386 ut
591 3332 764 3401 pulvis
798 3349 825 3385 a
867 3334 1079 3390 turbine
1127 3334 1196 3397 θ’,
1227 3337 1308 3390 sic
1341 3349 1405 3390 ea
1436 3335 1504 3390 ab
1539 3335 1656 3392 aliis
1685 3337 1752 3392 ad
1784 3337 1918 3393 alios
1943 3340 2072 3392 sub-

492 3427 624 3480 inde
679 3425 1006 3480 ventilantur
1043 3436 1206 3497 atque
1239 3428 1543 3499 iactantur,
1607 3439 1662 3484 et
1704 3430 1845 3485 sicut
1890 3429 2070 3485 fumus

2165 1781 2331 1834 λακόν
2371 1800 2422 1835 τι
2449 1783 2541 1836 κα).
2577 1781 3032 1852 ἀναϐεϐλημένον,
3064 1781 3184 1834 οὐδὲ
3218 1781 3316 1850 τῆς
3358 1779 3577 1849 ἡδίστης
3615 1780 3708 1839 τοῖς

2162 1876 2376 1940 πολλοῖς
2419 1876 2683 1947 ἁρμονίας
2732 1874 2890 1946 (οὐδὲ
2935 1875 3042 1946 γὰρ
3085 1872 3150 1926 ἂν
3192 1871 3372 1934 καλῶς
3410 1869 3708 1940 ἀμειδοίμην

2157 1969 2286 2031 τοὺς
2312 1968 2479 2038 εμοὺς
2511 1966 2764 2039 ἐραστὰς,
2799 1964 2942 2018 οὓτω
2980 1962 3408 2033 διαλεγόμενος),
3456 1959 3585 2013 ἀλλά
3633 1961 3710 2012 καὶ

2158 2057 2278 2110 λίαν
2317 2056 2567 2127 ἀνδρικόν
2596 2073 2654 2108 τε
2690 2055 2782 2109 καὶ
2814 2054 3064 2108 σύντονον
3107 2051 3244 2123 (62),
3294 2052 3391 2104 καὶ
3421 2043 3467 2117 ᾧ
3498 2049 3626 2118 τάχα
3655 2049 3711 2101 άν

2160 2150 2419 2220 ἀμείνους
2469 2147 2714 2216 γένοισθε
2735 2187 2751 2210 ,
2782 2147 2888 2199 ἀπὸ
2918 2145 3016 2216 τῆς
3053 2144 3252 2215 σαρκὸς
3294 2144 3390 2196 ἐπὶ
3422 2142 3484 2195 τὸ
3529 2138 3713 2210 πνεῦμα

2165 2238 2610 2312 μετενεχθέντες,
2653 2239 2746 2292 καὶ
2775 2237 3079 2305 ὑψωθέντες
3113 2233 3318 2297 ἱκανῶς
3349 2233 3449 2304 τὴν
3485 2233 3710 2286 διάνοιαν.

2171 2333 2292 2386 Υἱοὶ
2317 2330 2662 2400 ἀνθρώπων,
2689 2331 2799 2396 ἕως
2830 2331 2973 2383 πότε
2995 2326 3391 2397 βαρυκάρδιοι
3422 2323 3715 2396 (προοιμιά-

2175 2441 2337 2494 σομαι
2387 2423 2496 2493 γὰρ
2553 2422 2687 2493 πρὸς
2745 2423 2889 2493 ὑμᾶς
2948 2423 3012 2474 ἐκ
3064 2420 3158 2474 τοῦ
3228 2415 3715 2490 μεγαλοφωνοτάτου

2165 2515 2328 2568 Δαὸίδ
2350 2514 2366 2585 )
2392 2533 2407 2581 ;
2442 2515 2578 2567 Ἵνα
2608 2515 2664 2567 τί
2692 2510 2958 2582 ἀγαπᾶτε
2985 2512 3373 2581 ματαιότητα,
3407 2508 3505 2562 καὶ
3529 2507 3717 2573 ζητεῖτε

2166 2606 2415 2675 ψεῦδος,
2455 2606 2596 2677 μέγα
2622 2623 2674 2658 τι
2703 2605 2796 2658 τὸν
2823 2604 3055 2657 ἐνταῦθα
3089 2603 3224 2674 βίον,
3264 2603 3360 2656 καὶ
3387 2601 3487 2672 τὴν
3513 2601 3715 2670 τρυφὴν,

2168 2699 2262 2753 καὶ
2283 2698 2346 2751 τὸ
2377 2697 2570 2769 μικρὸν
2596 2695 2861 2768 δοξάριον,
2885 2695 2980 2749 καὶ
3000 2695 3097 2765 τὴν
3123 2693 3383 2764 ταπεινὴν
3408 2691 3716 2751 δυναστείαν,

2169 2790 2262 2844 καὶ
2294 2791 2393 2862 τὴν
2438 2788 2776 2860 ψευδομένην
2812 2787 3111 2858 εὐημερίαν
3144 2784 3636 2856 ὑπολαμϐάνοντες
3663 2783 3719 2832 Ἀ

2175 2885 2251 2956 μὴ
2272 2885 2378 2939 τῶν
2402 2885 2631 2954 ἐχόντων
2659 2882 2858 2952 μᾶλλόν
2886 2883 3030 2936 ἐστιν
3057 2880 3090 2951 ἢ
3112 2880 3220 2932 τῶν
3247 2879 3596 2936 ἐλπισάντων,
3620 2874 3720 2926 οὐδὲ

2169 2976 2372 3029 τούτων
2418 2975 2618 3046 μᾶλλον
2648 2975 2682 3045 ἢ
2715 2974 2824 3027 τῶν
2857 2973 2977 3026 οὐδὲ
3010 2972 3532 3046 προσδοκησάντων·
3561 2967 3722 3036 ὥσπερ

2173 3066 2300 3139 χοῦς
2333 3068 2438 3120 ὑπὺ
2468 3067 2726 3131 λαίλαπος
2760 3066 2948 3120 ἄλλοτε
2981 3068 3060 3130 είς
3098 3066 3291 3128 ἄλλους
3337 3059 3724 3135 ριπιζόμενάτε

2174 3161 2268 3213 καὶ
2297 3157 2811 3230 μεταρριπτούμενα
2833 3199 2848 3222 ,
2877 3157 2910 3228 ἢ
2952 3155 3140 3228 ὥσπερ
3170 3155 3378 3218 καπνὸς
3410 3149 3722 3224 διαρῤἐοντα,

2176 3253 2268 3304 καὶ
2292 3250 2368 3313 ὼς
2405 3251 2538 3321 όναρ
2570 3249 2855 3313 παίζοντα,
2885 3249 2980 3301 καὶ
3009 3248 3084 3313 ὠς
3110 3247 3241 3301 σκιά
3275 3245 3351 3318 μὴ
3385 3241 3721 3316 κρατούμενα·

2176 3336 2301 3389 οὔτε
2334 3336 2546 3390 ἀπόντα
2585 3335 2914 3388 δυσέλπιστα
2950 3338 3062 3400 τοῖς
3103 3336 3166 3390 οὐ
3205 3335 3578 3406 κεκτημένοις,
3617 3329 3725 3383 οὔτε

2177 3427 2417 3499 παρόντα
2443 3427 2610 3481 πιστὰ
2636 3429 2750 3489 τοῖς
2778 3426 3015 3496 ἔχουσιν.

507 3521 822 3576 dilabuntur
845 3521 913 3587 ⁸³,
958 3529 1014 3576 et
1071 3533 1324 3592 tanquam
1368 3523 1694 3578 insomnium
1750 3524 1996 3579 homines
2053 3522 2310 3578 ddudunt
2365 3521 2434 3585 8",
2490 3525 2798 3591 umbrasque
2853 3521 3060 3582 instar,
3114 3516 3366 3573 manibus
3425 3514 3588 3570 teneri
3648 3526 3728 3564 ne-

501 3622 754 3682 queunt;
811 3629 874 3668 ac
912 3614 1144 3683 denique
1185 3615 1258 3668 ita
1301 3623 1613 3684 comparata
1657 3625 1821 3681 sunt,
1863 3623 1923 3670 ut
1967 3629 2086 3682 nec,
2141 3629 2263 3668 cum
2316 3614 2553 3677 absunt,
2613 3615 2680 3667 de
2738 3615 2803 3667 iis
2841 3609 3237 3680 consequendis
3279 3609 3604 3677 desperent,
3649 3601 3727 3671 qui

501 3721 609 3761 non
643 3706 878 3771 habent;
923 3723 1024 3761 nec
1064 3721 1186 3762 cum
1234 3708 1464 3774 adsunt,
1507 3707 1828 3763 habentibus
1869 3709 1975 3764 fida
2014 3721 2069 3765 et
2097 3720 2244 3764 certa
2274 3710 2401 3762 sint.

575 3801 638 3853 V.
698 3800 812 3855 Non
859 3801 913 3855 in
968 3801 1162 3856 ccelum
1213 3816 1433 3856 sursum
1492 3801 1884 3870 suspiciemus?
1960 3801 2077 3856 Non

501 3891 981 3960 expergiscemur?
1014 3891 1128 3945 Non
1172 3891 1341 3945 lemas
1371 3905 1436 3945 ex
1485 3892 1656 3946 oculis
1688 3892 2083 3946 detrahemus?

504 3983 647 4044 Non,
677 3998 925 4052 qua-nam
953 3999 1093 4037 vera:
1117 3982 1320 4036 divitiae
1353 3991 1499 4046 sunt,
1532 3983 1933 4053 intelligemus?
1979 3983 2080 4049 Qui

517 4089 680 4129 verus
728 4075 1020 4142 splendor?
1069 4074 1171 4129 Ubi
1203 4076 1438 4145 dignitas
1487 4075 1804 4130 mutationis
1843 4077 2083 4145 expers?

504 4168 640 4234 Quae
668 4167 828 4220 ﬁnem
853 4166 1100 4221 nesciens
1126 4168 1434 4224 beatitudo?
1471 4168 1570 4225 Ubi
1595 4169 1793 4223 bonum
1827 4168 1955 4222 illud
1982 4183 2083 4223 nec

504 4258 793 4324 ﬂuctuans,
824 4274 921 4312 nec
951 4259 1056 4314 alio
1091 4261 1354 4330 migrans,
1381 4275 1480 4316 nec
1505 4259 1717 4314 insidiis
1744 4259 2080 4314 obnoxium?
2113 4291 2154 4344 ι)

507 4352 624 4406 Non
669 4354 784 4406 haec
838 4352 1024 4406 multis
1064 4353 1378 4417 laboribus,
1429 4353 1844 4422 sudoribusque,
1901 4353 1944 4406 si
2003 4353 2076 4406 ita

507 4444 810 4512 contingat,
855 4444 1258 4506 adipiscemur?
1310 4444 1448 4512 Non,
1497 4445 1542 4499 si
1589 4445 1718 4513 quid
1772 4445 1981 4498 deliciis
2026 4444 2079 4497 in

509 4534 615 4586 hac
653 4533 762 4586 vita
815 4532 1051 4588 dandum
1085 4546 1188 4598 est,
1241 4550 1420 4589 rerum
1472 4534 1774 4587 futurarum
1817 4550 1938 4602 spes
1986 4549 2085 4604 pro

509 4621 722 4676 deliciis
747 4623 1106 4679 habebimus?
1131 4624 1245 4678 Non
1267 4624 1784 4686 animadvertemus,
1828 4635 1938 4678 tum
1967 4639 2083 4678 om-

511 4731 611 4769 nes
640 4723 856 4770 sanctos
892 4726 1183 4786 martyres,
1205 4719 1318 4784 qui,
1343 4717 1490 4771 velut
1519 4731 1834 4771 communes
1862 4717 2081 4777 quidam

511 4805 665 4868 nodi,
699 4805 1008 4860 universum
1059 4815 1325 4859 terrarum
1367 4805 1554 4859 orbem
1590 4805 1854 4874 complexi
1915 4815 2082 4870 sunt,

512 4907 629 4950 tum
662 4897 759 4952 hos
782 4898 947 4951 etiam
997 4912 1226 4966 quorum
1277 4897 1498 4951 nomine
1530 4895 1726 4951 festum
1764 4897 1906 4950 hunc
1940 4897 2082 4950 diem

512 4987 822 5057 agitamus?
846 4987 1015 5054 Quam
1047 4986 1118 5040 ob
1145 5001 1366 5041 causam
1397 4984 1643 5046 vulnera,
1679 4983 1914 5049 vincula,
1959 5000 2087 5037 cru-

2250 3803 2326 3855 E'.
2383 3803 2498 3854 Οὐκ
2542 3799 2916 3869 ἁναΰλέψομεν
2945 3798 3025 3859 είς
3071 3793 3164 3847 τὸν
3204 3789 3433 3862 οὐρανὸν
3466 3789 3607 3851 am;
3645 3785 3730 3836 οὐκ

2179 3894 2516 3964 ὲκνήψομεν;
2547 3891 2607 3943 οὐ
2647 3889 2754 3944 τῶν
2785 3886 3079 3958 ὀφθαλμῶν
3118 3883 3218 3953 τὴν
3253 3881 3436 3952 λήμην
3466 3877 3729 3949 περιαιρή-

2181 4000 2380 4055 σομεν;
2425 3983 2525 4035 οὐκ
2557 3981 2850 4051 εἰσόμεθα,
2887 3980 2974 4043 τίς
3023 3981 3051 4031 ὁ
3084 3975 3338 4047 ἀληθινὸς
3384 3971 3626 4032 πλοῦτος,
3653 3967 3731 4019 καὶ

2176 4075 2260 4137 τίς
2284 4074 2316 4143 ἡ
2341 4072 2510 4134 ὅντως
2533 4069 2876 4141 λαμπρότης,
2905 4069 2994 4123 καὶ
3022 4065 3124 4120 ποῦ
3150 4066 3209 4118 τὸ
3233 4064 3307 4135 μὴ
3333 4063 3614 4115 διαπῖπτον
3637 4057 3729 4124 (65)

2178 4166 2428 4235 άξίωμα;
2479 4162 2564 4226 τίς
2607 4163 2641 4234 ἡ
2694 4162 2998 4233 ἀπέραντος
3049 4158 3394 4228 εὐδαιμονία,
3444 4150 3734 4207 mitte-31%

2182 4253 2476 4306 ἀσάλευτον
2520 4253 2723 4322 ἀγαθὸν
2755 4253 2888 4321 (64),
2927 4253 3061 4323 μηδὲ
3111 4249 3535 4320 μεθιστάμενον,
3576 4246 3735 4315 ῆὲπι-

2186 4345 2608 4416 ϐουλευόμενονς
2650 4347 2726 4399 Οὐ
2773 4343 3086 4415 κτησόμεθα
3126 4341 3298 4395 ταῦτα
3334 4340 3545 4402 πολλοῖς
3574 4335 3736 4406 ἱδρῶτι

2189 4437 2282 4490 καὶ
2311 4437 2515 4502 πόνοις,
2551 4436 2617 4490 ἂν
2642 4435 2783 4490 οὓτω
2825 4434 3128 4507 συμϐαίνῃς
3179 4431 3302 4495 οὒκ,
3344 4431 3399 4484 εἴ
3436 4449 3488 4483 τι
3526 4429 3603 4482 δεῖ
3625 4444 3737 4498 τρυ-

2190 4529 2296 4598 φᾷν
2329 4527 2604 4592 ἐντεῦθεν,
2638 4529 2695 4581 ὲν
2732 4531 2852 4592 ταῖς
2883 4527 3063 4582 ἐλπίσι
3096 4527 3486 4598 τρυφήσομενς
3519 4522 3578 4574 οὐ
3617 4537 3740 4588 γνωο

2191 4620 2395 4691 σόμεθα
2424 4622 2552 4685 τοὺς
2579 4622 2766 4688 ἁγίους
2809 4621 3090 4692 μάρτυρας
3111 4658 3125 4681 ,
3164 4618 3293 4682 τούς
3323 4635 3382 4670 τε
3413 4616 3598 4677 ἄλλους
3626 4612 3741 4665 πάδ-

2189 4730 2288 4776 τας
2320 4713 2450 4781 (65),
2475 4713 2524 4766 οἳ
2550 4715 2730 4766 πᾶσαν
2760 4713 3062 4783 διειλήφασι
3088 4711 3186 4783 τὴν
3206 4710 3552 4780 οἰκουμένην,
3577 4707 3740 4773 ὥσπερ

2191 4805 2334 4866 τινὲς
2371 4805 2539 4857 κοινοὶ
2570 4804 2888 4872 σύνδεσμοι,
2935 4803 3028 4856 καὶ
3057 4795 3130 4856 ὧν
3164 4804 3198 4872 ὴ
3228 4800 3480 4872 παροῦσα
3525 4798 3741 4864 πανήγι-

2195 4913 2312 4966 ρις;
2359 4895 2530 4965 ’Υπὲρ
2567 4897 2712 4960 τίνος
2751 4895 3076 4968 τραύματα,
3111 4894 3207 4947 κα)⁸
3237 4892 3434 4962 δεσμά,
3480 4890 3574 4942 καὶ
3609 4903 3739 4954 στρε-

2194 4987 2439 5052 ϐλώσεις,
2477 4987 2571 5041 καὶ
2614 4988 2785 5062 πυρὸς
2813 4987 3074 5058 ἀπειλὴν,
3107 4985 3204 5038 καὶ
3239 4983 3410 5054 ξιφῶν
3440 4982 3644 5053 ἀκμὴν,
3670 4977 3742 5029 καὶ

586 5080 630 5112 ⁸³
664 5079 808 5135 Psal.
843 5094 923 5144 tv,
952 5079 1007 5134 '5.
1083 5079 1127 5110 ⁸²
1155 5077 1283 5147 Sap.
1322 5077 1488 5144 ν,15.
1564 5079 1609 5108 ⁸³
1641 5077 1740 5131 Job
1787 5091 1902 5138 χιιι,
1935 5075 2023 5130 18.

2180 5078 2345 5136 Eccli.
2377 5097 2564 5144 xxxw,
2595 5081 2644 5134 1.

589 5169 717 5242 (58)
739 5171 854 5240 Τῆς
887 5168 1600 5242 ἀδοξίαςντῇςλήμετέρας.
1654 5168 1840 5242 Billius
1877 5185 1891 5220 :
1929 5185 1947 5218 ι
1968 5169 2084 5242 _mci

517 5235 752 5297 nominis
789 5235 1120 5296 obscuritas
1152 5235 1442 5310 gloriaeque
1467 5235 1835 5308 contemptio.
1905 5255 1922 5287 ι
1968 5235 2085 5290 Non

517 5323 696 5376 recte;
727 5327 847 5365 cum
882 5311 1178 5380 potius,.ob
1208 5310 1440 5364 nominis
1464 5310 1786 5370 claritatem,
1811 5323 2090 5380 sermones

525 5382 686 5466 ah'eo
730 5377 1108 5466 poscebantur,
1158 5397 1222 5435 eo
1253 5380 1395 5449 quod
1424 5379 1638 5433 dicendi
1671 5380 1822 5446 copia
1864 5377 2090 5446 insignis

525 5451 840 5506 hahehahnu

599 5521 708 5591 (59)
745 5521 1082 5588 Ἁήττητον.
1115 5541 1132 5572 ι
1169 5520 1449 5574 Invictum.
1475 5539 1519 5591 ι⁸
1534 5519 1696 5573 Addit
1732 5517 1954 5591 Billius‘:
1987 5536 2004 5566 ι
2031 5529 2083 5570 ut

529 5587 647 5660 ipse
685 5587 896 5658 quidem
933 5587 1033 5644 Sibi
1069 5591 1368 5644 videbatur.
1406 5609 1425 5640 ι
1488 5588 1617 5656 Qua:
1655 5604 1774 5642 cum
1822 5604 1850 5641 ιι
1901 5587 2089 5643 Graeco

529 5663 725 5714 absint.
755 5660 974 5713 delenda
1003 5660 1377 5714 indicavimus.

522 5663 725 5724 absint,
755 5661 974 5713 delenda
999 5661 1377 5727 indicavimus.

595 5730 709 5802 (60)
757 5731 1104 5801 Ἐστήσατε.
1140 5731 1310 5794 Pass,
1349 5729 1665 5801 ἐστήσασθε.

2267 5170 2379 5242 (6t)
2446 5171 2810 5241 Φθέγξωμαι.
2879 5169 2970 5224 Sic
3043 5169 3173 5237 Reg.
3242 5169 3296 5223 tt.
3362 5168 3490 5231 Alii,
3545 5163 3741 5236 φθέγξφ

2243 5259 2319 5296 αι.

2198 5258 2238 5311 μ
2267 5313 2376 5380 (6'2)
2406 5313 2725 5365 Σύντονον.
2764 5311 2930 5364 Coisl.
2959 5311 3009 5372 i,
3041 5308 3277 5363 εὔτονον.

2265 5374 2376 5450 (65)
2399 5382 2742 5435 Διαπῖπτον.
2776 5381 3022 5446 Quinque
3045 5380 3236 5449 ηυδε..
3271 5389 3328 5434 ct
3361 5380 3546 5433 decem
3593 5374 3737 5434 Colh.,

2197 5453 2558 5521 μεταπίπτον.

2267 5523 2394 5605 (δι).
2429 5523 2506 5605 Td
2529 5519 2872 5605 ᾀσάλευτον
2897 5519 3140 5587 ἀγαθόν.
3175 5517 3494 5582 οοἱδΙ.2,τδ
3516 5517 3590 5590 μὴ
3614 5509 3738 5570 ἀλλό-

2205 5610 2342 5665 τριον
2369 5591 2592 5661 ἀγαθόν.

2270 5662 2382 5734 (65)
2414 5665 2667 5727 Πάντας.
2699 5660 2830 5731 Reg.
2859 5660 2908 5721 d.
2941 5659 3201 5722 ἅπαντας.
