3852 6408
169 328 312 378 1049

706 323 964 380 ORATIO
1001 324 1140 379 XIX.
1179 355 1249 364 —-
1287 326 1376 380 AD
1413 326 1763 385 JULIANUM
1804 330 2266 387 TRIBUTORUM
2309 331 2888 400 EXIEQUATOREM.

3284 333 3422 390 £050

167 432 358 505 θηρῶν
389 448 704 506 αγριοτητα,
739 457 832 492 και
871 440 1082 504 σκότος,
1116 441 1213 494 καὶ
1239 441 1416 513 λιμὸν,
1448 443 1542 498 καὶ
1574 444 1746 517 βάρα-

1864 449 2059 514 :iatus,
2092 449 2230 520 ignis
2270 449 2479 514 minas,
2523 449 2822 520 gladiorum
2866 449 3035 505 aciem
3061 491 3078 516 ,
3126 449 3420 505 belluarum

169 524 301 596 θρα,
340 526 435 578 καὶ
463 529 758 599 χρημάτων
790 531 1064 601 ἁρπαγάς,
1098 533 1193 586 καὶ
1231 534 1407 603 μελῶν
1453 536 1744 603 ἀποϐολάς,

168 617 270 669 καὶ
315 617 576 682 θανάτους
608 620 669 672 τὸ
698 621 1006 675 τελευταῖον
1029 665 1044 689 ,
1092 624 1191 677 καὶ⁹
1234 625 1413 678 πάντα
1452 626 1750 699 προθύμως

169 709 520 779 ὑπέστησαν,
550 709 738 783 ὥσπερ
777 715 834 766 ὲν
873 713 1173 786 ἀλλοτρίοις
1202 715 1594 788 ἀγωνιζόμενοι
1639 719 1749 772 σώ-

174 818 378 870 μασινς
421 801 506 855 ἵνα
550 802 604 856 τί
645 803 930 872 γένωνται,
958 806 1052 859 καὶ
1077 806 1202 860 τινα
1250 805 1362 877 (66)
1411 808 1752 883 κληρονομή-

172 909 366 955 σωσιν,
404 893 436 964 ἢ
470 893 582 964 (67)
624 896 757 949 πᾶσι
806 896 973 968 δῆλα,
1013 898 1118 953 κᾶν
1152 901 1313 971 ἡμεῖς
1348 899 1422 972 μὴ
1465 899 1747 971 λέγωμεν;

170 981 248 1034 ού
285 983 423 1053 μετά
447 983 546 1053 τῆς
575 984 742 1055 αὐτῆς
772 984 985 1051 ἐλπίδος
1008 1026 1025 1052 ,
1057 988 1163 1041 ὑπὸ
1190 989 1268 1060 τῷ
1295 989 1444 1060 αὐτῷ
1477 989 1748 1064 βραϐευτῇ

174 1073 271 1126 καὶ
311 1075 654 1148 ἀγωνοθέτῃ,
688 1079 824 1148 πρὸς
856 1079 949 1134 τὸν
988 1081 1152 1136 αὑτὸν
1194 1081 1616 1155 παραταξόμεθα
1657 1085 1752 1138 τύ-

175 1181 409 1235 ραννον,
461 1167 554 1221 τὸν
586 1169 782 1241 πικρὸν
821 1172 916 1225 καὶ
960 1171 1078 1226 τότε
1127 1173 1222 1227 καὶ
1267 1173 1363 1228 νῦν
1412 1175 1520 1229 τῶν
1563 1174 1750 1247 ψυχῶν

169 1255 445 1329 διώκτην,
483 1258 576 1315 τὸν
624 1260 854 1332 ἀόρατον
905 1263 1096 1336 ἐχθρὸν
1143 1264 1239 1319 καὶ
1290 1265 1581 1336 πολέμιον;
1635 1268 1750 1321 Οὐκ

170 1347 540 1420 ἀνδριούμεθα
596 1350 710 1420 (68)
770 1354 1168 1425 παραπλησίως
1227 1355 1414 1428 ὥσπερ
1472 1357 1530 1409 ἐν
1585 1356 1749 1428 κοινῷ

172 1437 392 1510 θεάτρῳ
439 1441 573 1513 τῷδε
616 1442 694 1514 τῷ
733 1443 944 1514 κόσμῳ,
990 1446 1039 1497 εί
1083 1446 1179 1499 κα)⁸
1209 1446 1285 1517 μὴ
1325 1447 1475 1518 ἀκμῇ
1511 1448 1621 1517 (69)
1653 1447 1747 1501 τοῦ

170 1530 422 1584 κινδύνου
452 1535 672 1604 ταχεῖαν
713 1533 910 1606 ἐχούσῃ
962 1536 1058 1590 κα)⁴
1094 1537 1192 1609 τὴν
1225 1537 1544 1609 ἀπαλλαγὴν
1564 1580 1579 1602 ,
1615 1538 1750 1593 ἀλλά

169 1622 286 1684 τοῖς
324 1637 388 1690 γε
431 1622 552 1676 καθ’
587 1623 824 1693 ἑκάστην
863 1623 1074 1696 ἡμέραν
1125 1625 1470 1698 άγωνίσμασι
1514 1628 1610 1682 καί⁴
1643 1645 1752 1682 παι

169 1710 486 1781 λαίσμασιν,
522 1714 609 1767 ἵνα
632 1714 724 1768 καὶ
753 1713 864 1767 τῶν
890 1715 1070 1771 αὐτῶν
1099 1720 1380 1789 στεφάνων
1407 1718 1746 1791 ἀξιωθῶμεν,

169 1801 203 1872 ἢ
240 1803 324 1884 ὅτι
369 1805 652 1874 ἐγγυτάτω
684 1804 833 1879 (7Ο);

240 1984 336 2047 ς’.
381 1979 523 2050 Ἐγὼ
553 1981 652 2052 μὲν
682 1982 846 2035 παντὶ
872 1981 1287 2054 διακελεύομαι,
1328 1985 1421 2038 καὶ
1453 1983 1607 2055 ἀνδρὶ
1653 1985 1750 2037 καὶ

169 2072 420 2139 γυναικὶ,
459 2072 555 2124 καὶ
587 2059 868 2146 πρεσϐύτῇ
895 2073 990 2127 καὶ
1029 2074 1153 2146 νέῳ,
1199 2075 1412 2147 ἀστικῷ
1441 2092 1503 2128 τε
1541 2070 1607 2129 αὖ
1655 2075 1749 2129 καὶ

171 2161 440 2234 ἀγροίκῳ,
486 2163 668 2235 ἰδιώτῃ
713 2166 806 2218 καὶ
842 2165 1102 2237 ἄρχοντι,
1152 2167 1392 2239 πλουσίῳ
1435 2168 1530 2221 καὶ
1559 2167 1752 2239 πένητι

170 2257 190 2323 (
215 2257 312 2310 καὶ
349 2257 456 2329 γὰρ
486 2260 514 2311 ὁ
541 2258 703 2322 αὐτὸς
732 2257 881 2328 ἀγὼν
907 2260 1062 2313 καλεῖ
1096 2260 1302 2324 πάντας
1326 2263 1374 2331 ),
1401 2260 1537 2332 πρὸς
1563 2259 1751 2314 τοῦτον

171 2349 506 2402 ἀποδύεσθαι
545 2350 876 2422 προθύμως,
913 2354 1006 2406 καὶ
1041 2351 1114 2424 μὴ
1145 2351 1568 2424 μαλακίζεσθαι,
1615 2351 1751 2423 μηδὲ

173 2440 414 2510 μέλλειν,
459 2440 593 2512 μηδὲ
627 2443 912 2514 προΐεσθαι
955 2443 1043 2497 τὸν
1076 2444 1304 2516 καιρὸν,
1341 2438 1402 2498 οὗ
1446 2443 1611 2498 πάλιν
1653 2460 1750 2496 τυ-

171 2533 288 2600 χεῖν
336 2529 632 2602 ἀμήχανον.
677 2532 970 2605 Ἐργασίας
1013 2532 1122 2604 γὰρ
1152 2534 1180 2585 ὁ
1214 2531 1402 2602 παρὼν
1449 2534 1585 2602 (71),
1623 2533 1652 2584 ὁ
1693 2530 1750 2583 δὲ

173 2622 388 2692 μέλλων
415 2623 836 2688 ἁνταποδόσεως.
880 2626 1213 2695 Ἐγείρεσθε
1237 2624 1369 2694 (7⁸2),
1401 2624 1632 2694 ἄγωμεν
1657 2623 1753 2676 ὲν-

169 2713 405 2779 τεῦθεν,
442 2715 708 2784 ἠκούσατε
737 2715 832 2769 τοῦ
859 2717 1109 2788 Σωτῆρος
1149 2716 1423 2785 λέγοντος,
1454 2717 1513 2768 ού
1549 2714 1752 2786 μᾶλλόν

173 2823 229 2858 τι
262 2805 392 2869 τοὺς
425 2805 545 2860 τότε
587 2805 838 2876 μαθητὰς
883 2808 947 2859 ὲκ
993 2806 1087 2859 τοῦ
1130 2807 1299 2860 τόπου
1339 2807 1439 2876 τῆς
1492 2804 1754 2869 Ἰουδαίας

169 2897 508 2968 ἀπάγοντος,
540 2898 676 2953 ἀλλὰ
704 2900 798 2953 καὶ
827 2900 953 2964 τοὺς
977 2899 1202 2972 ὕστερον
1233 2899 1477 2964 ἅπαντας
1507 2899 1754 2954 ἐντεῦθεν

169 2989 573 3053 ἁπανιστάντος
608 2989 719 3061 (75)
741 3030 756 3052 ,
791 2990 886 3043 καὶ
932 2990 1069 3062 πρὸς
1106 2991 1297 3044 ἑαυτὸν
1333 2990 1634 3060 ὑψούμενον
1667 2989 1755 3043 ’έλ-

167 3099 384 3146 κοντος,
439 3081 514 3146 ὡς
566 3082 598 3152 ή
652 3081 964 3153 ὑπόσχεσις.
1028 3081 1508 3152 ’Λκολουθήσωμεν
1566 3081 1756 3153 ἀγαθῷ

163 3172 421 3246 Δεσπότῃ
447 3189 464 3204 ο
496 3173 756 3244 φύγωμεν
787 3172 888 3236 τὰς
920 3171 1192 3243 κοσμικὰς
1221 3171 1534 3243 ἐπιθυμίας,
1563 3172 1752 3243 φύγω-

170 3284 274 3336 μεν
302 3267 396 3319 τὸν
423 3265 622 3319 πλάνον
652 3266 856 3338 κόσμον
889 3267 984 3319 καὶ
1008 3266 1446 3338 κοσμοκράτορα,
1472 3264 1756 3337 γενώμεθα

167 3355 433 3426 καθαρῶς
454 3355 566 3425 (74)
590 3353 685 3409 τοῦ
712 3357 1060 3426 ποιήσαντος,
1083 3355 1404 3426 τιμήσωμεν
1427 3354 1526 3425 τὴν
1550 3356 1752 3420 εἰκόνα,

164 3445 511 3517 αἰδεσθῶμεν
543 3445 643 3518 τὴν
690 3445 917 3515 κλῆσιν,
958 3444 1325 3518 μεταθώμεθα
1357 3444 1453 3517 τὴν
1487 3445 1652 3516 ζωήν.
1690 3447 1756 3501 Τί

166 3537 438 3608 ποιοῦμεν
468 3538 616 3608 ἡμᾶς
644 3537 842 3600 αὐτοὺς
872 3537 1184 3602 ταπεινοὺς,
1218 3535 1412 3606 ὑψηλοὶ
1435 3536 1754 3605 γεγονότες;

165 3627 236 3680 Τί
265 3631 382 3692 τοῖς
419 3627 720 3700 ὁρωμένοις
747 3628 1196 3699 ὲγκαταμένομεν
1233 3627 1346 3697 (75)
1372 3643 1386 3692 ;

1852 541 2115 607 furorem,
2142 541 2413 606 tenebras,
2451 539 2670 605 famem,
2706 540 3016 610 voragines,
3072 541 3422 610 pecuniarum

1849 631 2216 699 direptiones,
2288 632 2656 687 membrorum
2748 631 3117 702 abjectiones,
3194 641 3424 686 mortem

1850 720 2080 788 denique
2117 728 2281 790 atque
2325 729 2568 775 extrema
2621 723 2798 777 omnia
2852 731 3103 792 prompto
3153 729 3209 776 et
3257 721 3423 780 alacri

1851 813 2052 876 animo,
2086 822 2342 882 tanquam
2379 815 2432 866 in
2465 813 2656 868 alienis
2700 814 3018 882 corporibus
3065 815 3422 878 dimicantes,

1853 901 2272 956 sustinuerunt?
2334 900 2533 971 thuid
2599 913 2816 969 essent,
2871 904 3057 973 utquid
3126 919 3424 976 conseque-

1851 1000 2065 1052 rentur,
2106 1006 2284 1043 nonne
2330 991 2581 1044 omnibus
2642 992 2830 1060 utique
2859 991 2911 1045 in
2948 1003 3231 1061 prospectu
3261 981 3423 1060 esset,

1851 1078 1933 1131 vel
1983 1079 2139 1134 nobis
2188 1079 2531 1135 tacentibus?
2589 1079 2704 1133 Non
2755 1081 2913 1150 igitur
2943 1096 3038 1135 nos
3068 1082 3249 1145 etiam,
3301 1098 3423 1137 cum

1848 1168 2035 1222 eadem
2068 1183 2190 1238 spe,
2221 1170 2322 1224 sub
2351 1170 2540 1224 eodem
2579 1169 3092 1240 certatninisjudicc
3127 1186 3189 1226 ac
3218 1171 3423 1241 prmmii

1848 1259 2076 1324 arbitro,
2107 1261 2364 1315 adversus
2401 1262 2646 1316 eumdem
2676 1271 2961 1333 tyrannum
2990 1263 3158 1316 aciem
3189 1263 3425 1317 instrue-

1849 1363 1990 1413 ntus,
2028 1349 2406 1417 truculentum,
2441 1349 2665 1419 inquam
2696 1391 2711 1416 ,
2745 1350 2912 1414 illum,
2945 1361 2997 1405 et
3030 1361 3176 1418 tunc,
3202 1361 3255 1406 et
3285 1367 3426 1406 nunc

1847 1439 2032 1503 etiam,
2059 1440 2360 1494 animarum
2393 1449 2832 1508 persecutorem,
2867 1432 3190 1496 invisibilem
3215 1441 3422 1496 hostem

1848 1540 1902 1585 et
1928 1531 2340 1586 adversarium?
2387 1530 2504 1587 Non
2551 1533 2670 1601 pari
2711 1533 2912 1587 virtute
2953 1533 3006 1586 in
3055 1534 3156 1587 hoc
3203 1536 3424 1598 mundo,

1847 1623 1999 1690 quasi
2032 1620 2084 1674 in
2115 1622 2389 1676 communi
2425 1623 2659 1688 theatro,
2693 1621 3111 1686 certabimus,si
3140 1637 3244 1678 non
3275 1623 3420 1692 peri-

1851 1710 1955 1767 culi
1996 1711 2134 1776 acie,
2165 1721 2220 1766 et
2240 1727 2345 1782 qua
2370 1713 2619 1782 protinus
2655 1712 2872 1782 defungi
2903 1712 3086 1776 liceat,
3117 1723 3175 1768 at
3206 1714 3258 1768 in
3296 1729 3427 1783 quo-

1783 1801 1826 1856 B
1851 1803 2069 1858 tidianis
2098 1803 2290 1860 saltem
2321 1805 2760 1860 dimicationibus
2805 1817 2859 1860 et
2894 1806 3180 1875 palaestris,
3213 1816 3271 1861 ut
3303 1823 3428 1863 eas-

1849 1896 1968 1950 dem
1998 1910 2248 1960 coronas,
2273 1907 2366 1951 aut
2392 1897 2476 1951 bis
2501 1897 2799 1966 proximas.
2829 1900 3253 1967 consequamur?

1922 1985 2008 2043 Vl.
2049 1987 2310 2060 Equidem
2345 2003 2572 2053 omnes,
2621 1997 2730 2042 tam
2778 1990 2925 2044 viros
2972 2005 3132 2058 quam
3179 1991 3425 2058 feminas,

1852 2086 1957 2132 tant
1985 2093 2142 2135 senes
2166 2079 2604 2166 quanLjuvenes,
2640 2089 2750 2134 tam
2787 2073 3022 2136 urbanos
3063 2097 3223 2150 quam
3262 2084 3429 2136 rusti-

1850 2183 1963 2237 cos,
1991 2179 2098 2226 uim
2127 2172 2373 2240 privatos
2400 2187 2562 2243 quam
2596 2171 3013 2241 principes,tam
3039 2172 3234 2227 divites
3262 2189 3426 2242 quam
3488 2208 3492 2213 -

1851 2277 2135 2332 pauperes,
2175 2268 2382 2328 hortor,
2420 2263 2596 2338 (idem
2643 2265 2785 2318 enim
2844 2271 3120 2318 certamen
3176 2265 3430 2319 onmibus

1851 2356 2180 2424 propositum
2233 2357 2377 2426 est,)
2428 2365 2485 2412 ut
2542 2355 2610 2409 ad
2673 2370 2910 2424 pugnam
2960 2371 3082 2409 cum
3134 2356 3236 2412 hoc
3277 2357 3432 2411 hoste

1852 2444 2236 2499 conserendam
2287 2445 2514 2515 impigre
2559 2459 2618 2499 se
2671 2444 2978 2514 accingam,
3026 2460 3090 2498 ac
3134 2461 3239 2500 non
3268 2445 3430 2518 367

1851 2533 2067 2603 ignavia
2105 2534 2376 2598 laborent,
2417 2543 2512 2589 aut
2555 2548 2737 2589 moras
2774 2542 3027 2602 nectant,
3079 2543 3241 2604 atque
3274 2551 3434 2591 occa-

1852 2628 2085 2689 sionem,
2123 2641 2284 2696 quam
2323 2625 2467 2679 nulla
2505 2635 2688 2694 postea
2724 2626 2933 2681 ratione
2963 2627 3204 2682 nancisci
3243 2627 3430 2693 liceat,

1854 2719 2128 2789 abjiciant.
2181 2718 2410 2773 Laboris
2460 2719 2605 2772 enim
2643 2734 2883 2788 praesens
2927 2720 3028 2774 hoc
3077 2729 3288 2790 tempus
3319 2730 3432 2787 est;

1853 2811 2119 2878 futurum,
2174 2811 2541 2882 praemiorum.
2578 2812 2822 2866 Audistis
2865 2811 3204 2866 Salvatorem
3251 2811 3432 2866 dicen-

1856 2913 1988 2967 tem,
2041 2901 2273 2973 Surgite,
2325 2902 2572 2956 abeamus
2628 2903 2752 2956 hinc
2785 2903 3032 2971 :quibus
3094 2903 3279 2958 verbis
3329 2920 3434 2958 non

1855 2995 2028 3051 solum
2074 2994 2368 3065 discipulos
2421 3009 2560 3064 quos
2593 2995 2978 3050 tunchabebat
3023 3012 3052 3048 a
3082 2993 3280 3049 Judreae
3319 2995 3436 3049 loco

1859 3087 2183 3152 abducebat,
2234 3086 2330 3142 sed
2391 3086 2557 3141 etiam
2614 3100 2808 3141 omnes
2874 3086 2965 3155 qui
3024 3095 3210 3154 postea
3265 3085 3436 3155 ipsius

1859 3173 2106 3242 discipuli
2135 3172 2306 3228 futuri
2353 3183 2513 3229 erant
2543 3173 2668 3227 hinc
2693 3175 3065 3239 abstrahebat,
3092 3186 3148 3229 et
3185 3175 3251 3229 ad
3285 3175 3433 3243 seip-

1854 3279 1993 3328 sum,
2025 3264 2079 3318 in
2114 3262 2282 3318 altum
2319 3273 2567 3319 evectum
2598 3264 2666 3330 ⁸⁸,
2687 3266 3143 3333 quemadmodum
3175 3279 3235 3320 se
3267 3265 3436 3320 factu-

1856 3367 1974 3405 rum
2019 3353 2349 3422 promiserat
2392 3355 2462 3418 ⁸⁶,
2521 3355 2890 3422 pertrahebat.
2921 3355 3190 3422 Quocirca
3235 3355 3435 3410 bonum

1864 3444 2150 3499 Dominum
2192 3460 2525 3514 sequamur;
2591 3443 2867 3511 fugiamus
2923 3455 3170 3501 terrenas
3222 3446 3434 3516 cupidi-

1859 3547 2020 3603 tates,
2075 3537 2345 3609 fugiamus
2390 3546 2744 3607 tmpostorem
2812 3539 3095 3604 mendum,
3147 3549 3201 3592 et
3249 3537 3435 3592 mundi

1852 3630 2170 3700 principem,
2224 3645 2359 3701 pura
2415 3639 2594 3685 mente
2644 3629 2892 3686 Creatori
2943 3646 3042 3686 nos
3088 3630 3435 3696 addicamns,

165 3725 416 3779 divinam
450 3724 738 3794 imaginem
781 3724 990 3781 honore
1039 3723 1487 3793 complectamur,
1517 3726 1852 3780 vocationem
1899 3737 2138 3780 nostram
2177 3741 2558 3790 revereamur,
2620 3726 2784 3779 vitam
2837 3721 2890 3776 in
2954 3720 3147 3774 melius
3195 3734 3438 3774 commu-

170 3831 374 3875 temus.
440 3819 578 3888 Quid
625 3819 984 3888 nosmetipsos
1042 3824 1236 3884 sponte
1281 3815 1558 3886 dejicimus
1588 3854 1605 3880 ,
1667 3829 1792 3869 cum
1858 3817 2118 3872 sublimes
2167 3826 2225 3873 et
2267 3816 2467 3872 excelsi
2509 3817 2677 3873 creati
2729 3811 2939 3869 simus?
2988 3811 3127 3879 Quid
3171 3813 3335 3868 rebus
3379 3813 3437 3867 in

165 3920 450 3978 aspectum
486 3909 802 3964 cadentibus
833 3904 1194 3962 inharremus?

236 4003 317 4055 Z'.
361 4002 650 4065 Ἕκαστος,
678 4001 706 4054 ὃ
733 4018 784 4053 τι
805 3998 870 4053 ἂν
889 3993 1000 4062 οἶός
1026 4015 1085 4050 τε
1113 3992 1169 4070 ᾖ,
1191 3996 1610 4068 καρποφορείτω
1640 3995 1754 4067 (76)

164 4092 245 4163 τῷ
281 4089 404 4163 Θεῷ
423 4092 480 4144 ὲν
509 4090 685 4163 καιρῷ
719 4090 900 4154 παντὶ,
925 4090 1016 4143 καὶ
1045 4089 1156 4160 ἰδέᾳ
1181 4087 1330 4158 πάσῃ
1360 4088 1454 4140 καὶ
1485 4087 1615 4158 βίων
1643 4087 1755 4156 (77)

165 4183 264 4238 καὶ
293 4184 690 4254 περιστάσεων,
717 4181 858 4236 κατὰ
885 4182 946 4234 τὸ
969 4179 1164 4252 μέτρον
1187 4179 1288 4249 τῆς
1306 4178 1583 4250 παρούσης
1608 4177 1758 4250 αύτῷ

163 4274 479 4345 δυνάμεως,
533 4273 674 4328 κατὰ
718 4273 780 4326 τὸ
812 4272 961 4326 δοθὲν
990 4271 1139 4342 αύτῷ
1172 4270 1416 4349 χάρισμα
1440 4286 1455 4300 '
1505 4270 1590 4322 ἵνα
1625 4271 1758 4322 πᾶσι

168 4367 398 4438 μέτροις
420 4367 517 4437 τῆς
540 4366 762 4436 ἀρετῆς,
790 4367 966 4428 πάσας
991 4363 1090 4426 τὰς
1116 4362 1324 4416 ἐκεῖθεν
1351 4361 1518 4432 μονὰς
1541 4359 1757 4430 πληρώ-

167 4477 379 4529 σωμεν,
423 4459 676 4512 τοσοῦτον
710 4458 1022 4530 θερίσαντες
1058 4455 1194 4527 (78),
1225 4456 1348 4509 ὅσον
1388 4453 1748 4524 ἐσπείραμεν,

167 4551 378 4622 μᾶλλον
405 4551 461 4604 δὲ
491 4551 743 4604 τοσοῦτον
783 4548 1167 4619 ὲναποθέμενοι
1200 4550 1321 4611 ταῖς
1354 4546 1525 4609 θείαις
1547 4546 1748 4617 ληνοῖς,

162 4646 294 4699 ὅσον
333 4645 757 4716 ἐγεωργήσαμεν
781 4639 918 4712 (79).
941 4640 1254 4712 Είσφερέτω
1281 4657 1384 4704 τις,
1414 4641 1443 4692 ὁ
1477 4639 1574 4711 μὲν
1610 4638 1748 4710 χρή-

235 4735 287 4768 ⁸⁸
311 4733 470 4790 Joan.
497 4747 606 4797 xlv,
629 4732 719 4786 31.
797 4731 842 4766 ⁸⁸
863 4729 1019 4786 Joan.
1045 4745 1141 4797 xu,
1168 4730 1260 4784 '52.

241 4846 903 4926 (69>11r0;.“e_8-c:ﬁ-
1052 4914 1123 4926 ,,.
1222 4915 1233 4926 .
1306 4911 1323 4926 .
1441 4912 1455 4926 .
1538 4907 1567 4926 τ

241 4911 362 4989 (67)
398 4920 490 4974 Ἤ.
527 4919 620 4989 Sic
649 4911 755 4972 duo
787 4916 935 4989 Regg
965 4956 981 4982 ,
1011 4914 1283 4989 e_tContb._
1306 4911 1361 4989 In
1392 4912 1504 4989 ed.,_
1535 4911 1592 4984 ᾗ.

265 4981 361 5059 68)
410 4988 851 5059 Ἀνδριούμεθᾳ.
873 4981 1001 5059 Uno
1035 4987 1225 5059 li_egg,_,
1260 4981 1678 5059 ἀνδρειούμερα.

265 4995 361 5059 68)
410 4995 851 5056 Ἀνδριούμεθα.
887 4995 1001 5039 Duo
1035 4995 1225 5055 liegg.,
1260 4995 1678 5053 ἀνδρειούμευα.

240 4995 362 5132 (69)
405 5057 752 5132 ’Aaqtﬁ._l)uo
785 5057 952 5132 R_eg_._,_
975 5057 1033 5108 ὲν
1065 5057 1238 5132 ἀκμῇ.
1265 5071 1306 5132 ι.
1331 5053 1560 5108 Periculi
1582 5050 1739 5132 llam:

167 5125 322 5188 mam
346 5125 383 5182 ”›
434 5125 790 5185 solet‘dicere
818 5125 1046 5181 Tullius.
1083 5125 1376 5194 Gregorius
1415 5138 1547 5178 vero
1591 5131 1750 5194 vocat

171 5221 192 5255 ι
235 5200 470 5272 periculi
526 5200 718 5265 aciem,
753 5217 780 5272 _i
823 5211 949 5272 cum
1016 5193 1222 5272 statim,
1257 5208 1452 5272 aceruo
1509 5193 1741 5272 quodam

165 5263 368 5329 mortis
435 5284 654 5341 genere,
705 5263 825 5323 (vita
875 5267 986 5341 piis
1045 5265 1179 5320 viris
1229 5265 1466 5341 tollitur;
1524 5263 1630 5327 cui,
1691 5274 1749 5316 ut

165 5346 248 5397 ait.
279 5333 520 5407 Nicetis,
563 5333 784 5410 opponit
807 5333 935 5410 τοῦς
965 5335 1296 5410 ἀσκητικοὺς
1328 5333 1594 5410 πόνουςμ
1623 5347 1749 5410 san-

166 5424 273 5470 ctae
297 5431 318 5464 ι
349 5401 558 5467 scilicet
586 5401 615 5463 ι’
637 5401 978 5480 'etreligiOSa:
1009 5401 1134 5480 vita:
1155 5406 1386 5469 labores,
1417 5403 1508 5473 qui
1546 5403 1600 5456 in
1637 5401 1753 5458 lon-

168 5482 594 5555 guingtemporis
625 5478 1257 5555 spatium_porriguntur.
1297 5493 1316 5526 ι

247 5551 366 5622 (70)
439 5542 811 5622 ’Ἑγγυτὶὶτωε
866 5542 1142 5622 Βεεηῑιη
1169 5555 1251 5622 _et
1311 5542 1476 5622 ςὶοῇειἶ
1529 5543 1598 5610 1,
1643 5543 1752 5622 ,ἐγ-

167 5611 409 5692 γύτατα.
471 5611 591 5678 Mox
647 5636 744 5690 pro
799 5619 911 5688 ἐγὼ
947 5611 1109 5691 ’μέν,
1160 5616 1255 5673 Or.
1309 5615 1337 5668 1
1392 5612 1585 5681 habet,
1640 5611 1751 5683 ὲγὼ

166 5694 253 5748 δέ.

249 5762 364 5835 (71)
389 5760 619 5832 Raptor.
640 5760 860 5832 Nempe,
887 5759 1094 5836 καιρός,
1130 5776 1148 5811 ι
1190 5767 1420 5830 tempus.
1452 5776 1470 5811 ι

1925 3993 2038 4050 VII.
2117 3993 2498 4065 Unusquisque
2564 3994 2696 4058 Deo,
2749 3993 2892 4064 quod
2951 3991 3170 4062 pulerit,
3224 3989 3436 4056 oﬂ'erat,

1865 4087 2060 4156 quovis
2101 4097 2363 4155 tempore,
2404 4087 2596 4156 quovis
2659 4099 2854 4152 genere
2904 4084 3026 4139 vita:
3081 4093 3136 4139 et
3189 4082 3439 4150 fortunae,

1857 4194 1955 4249 pro
2007 4179 2291 4248 praesentis
2341 4176 2617 4232 facultatis
2671 4175 2921 4244 modulo,
2981 4191 3080 4246 pro
3127 4174 3298 4244 gratia
3335 4175 3436 4228 sibi

1857 4286 2143 4334 concessa,
2183 4280 2262 4334 ut,
2307 4286 2405 4339 per
2455 4284 2644 4325 omnes
2703 4269 2920 4323 virtutis
2983 4269 3190 4332 modos,
3251 4281 3439 4321 omnes

1860 4363 2098 4418 ccelestis
2143 4362 2294 4433 regni
2323 4361 2634 4415 mansiones
2685 4360 3025 4430 impleamus,
3058 4368 3261 4412 tantum
3296 4358 3440 4412 scili-

1858 4461 1945 4506 cet
1971 4459 2260 4516 mctentes,
2296 4461 2559 4518 quantum
2613 4449 2950 4513 severimus;
2980 4446 3062 4500 vcl
3098 4456 3157 4499 ut
3194 4446 3438 4500 exactius

1855 4541 2068 4614 loquar,
2095 4550 2304 4596 tantum
2328 4541 2382 4594 in
2406 4539 2603 4594 divinis
2622 4539 2832 4594 horreis
2857 4537 3190 4593 reconditum
3232 4535 3438 4590 haben-

1857 4642 1959 4699 tes,
1994 4642 2256 4704 quantum
2309 4631 2715 4686 messuerimus.
2758 4629 3017 4685 Conferat
3058 4629 3296 4698 quidem,
3353 4627 3440 4701 hic

1937 4834 2050 4905 (72)
2089 4832 2444 4905 Ἐγείρεσθε.
2477 4831 2654 4905 Passi,
2681 4828 3001 4905 ἐγείρωμεν..

1923 4897 2042 4978 (75)
2083 4897 2574 4968 Ἀέειικιστάντοᾳ
2608 4897 2740 4971 ιὶθεᾏ
2775 4897 2826 4965 (ς’,
2866 4911 2920 4952 et
2954 4897 3223 4961 Combef.,
3256 4897 3436 4950 ἁπαν·-

1855 4992 2130 5038 ιστωντος.

1925 5036 2406 5117 (74)Καραρῶς,
2462 5052 2568 5094 etc.
2621 5038 2789 5117 Quis).
2849 5039 2872 5094 1
2930 5048 2984 5093 et
3042 5036 3434 5117 unusMQolb.,

1852 5105 2096 5187 καθαροὶῄ
2137 5113 2214 5184 τῷ
2252 5105 2574 5187 ’ποιήσαντι
2638 5111 2808 5180 ἡμᾶς,
2875 5128 2898 5187 ξ
2956 5109 3074 5187 puri
3138 5105 3441 5187 elliciamttr

1855 5175 2100 5241 Creatori
2169 5175 2462 5238 nostro.'r
2541 5175 2720 5242 Passi,
2797 5177 3054 5251 καθαρῶς
3123 5175 3201 5247 τῷ
3276 5177 3438 5249 ποιή·

1932 5274 2037 5310 ντι.

1862 5276 2615 5398 aagEi’Erxacayérogusr,
2676 5320 2839 5378 Coisl.
2892 5319 2945 5384 l,
2991 5315 3438 5388 ὲναπομένωμεν.

1857 5393 2034 5458 Pass.,
2059 5393 2485 5464 ὲναπομένομεν.

1929 5454 2040 5536 (76)
2065 5454 2536 5536 Καρποφορεἰτω.
2559 5463 2651 5519 0r.
2674 5462 2728 5527 1,
2759 5459 3160 5531 καρποφορήτω
3203 5454 3442 5530 [prave].

1930 5532 2044 5607 (77)
2067 5532 2240 5607 Βίων.
2268 5536 2360 5585 Ur.
2385 5539 2435 5598 1,
2462 5532 2593 5607 βίον.

1933 5601 2044 5678 (78)
2076 5604 2448 5678 θερίσαντες.
2477 5601 2568 5678 Οις.
2601 5603 2652 5666 1,
2676 5603 3035 5678 τηρήσαντες,
3060 5617 3080 5650 ι
3105 5609 3436 5653 servantes.»

1931 5664 2046 5750 (79)
2073 5664 2772 5750 Ὄξοῃὲγεὼρτήσαμεὲἶ
2807 5664 2827 5724 ἱ
2880 5672 3146 5750 Quantum
3195 5682 3436 5750 utessue-
3471 5664 3483 5680 ⁶

1865 5735 2056 5807 rimus.
2103 5765 2121 5798 ι
2165 5735 2388 5800 Billius:
2435 5735 2770 5816 '.'qm..iium
2833 5735 3190 5798 araverimus.
3250 5759 3265 5791 r
3319 5735 3436 5797 Non
