3852 6408
452 359 583 414 1051

1651 367 1708 422 S.
1754 369 2083 425 GREGORII
2126 369 2470 425 TIIEULOGI

3552 362 3571 414 1
3582 364 3670 417 052

453 476 732 545 pecunias,
769 478 858 533 ille
905 478 1008 534 hoc
1070 479 1242 550 ipsum
1286 485 1429 551 quod
1478 486 1610 540 nihil
1658 486 1890 556 haheat;
1945 502 2030 543 mc

2139 507 2298 560 ματα,
2331 490 2359 541 6
2385 488 2440 540 δὲ
2478 486 2538 539 τὸ
2571 484 2736 557 μηδὲν
2761 482 2902 554 ἔχειν
2929 481 3036 552 (80)
3063 498 3075 510 ”
3112 481 3140 532 ὁ
3174 479 3271 549 μὲν
3300 478 3362 530 τὸ
3403 476 3672 546 προθυμεῖ-

456 581 777 637 propensam
807 570 873 624 ad
913 571 1048 626 bene
1087 573 1155 626 de
1206 575 1451 640 proximo
1498 579 1810 632 merendum
1843 579 2032 633 volun-

458 669 648 722 tatem,
679 659 767 713 ille
798 667 989 716 bonam
1028 665 1248 717 alterius
1274 665 1600 722 voluntatem
1647 669 2028 739 suscipiendo;

459 749 549 803 hic
573 750 853 806 honestam
898 754 1186 820 actionem,
1209 757 1294 811 ille
1329 760 1519 813 scitam
1547 770 1600 814 et
1630 759 1880 813 solertem
1904 777 2032 814 eon-

460 839 880 909 templationem;
901 843 986 898 hic
1004 847 1377 914 tempestivum
1395 859 1448 902 et
1462 850 1805 904 commodum
1827 865 2032 905 sermo~

462 941 606 998 nem,
634 931 721 986 ille
760 949 879 987 cum
940 936 1148 992 ratione
1205 939 1551 1008 coniunctum
1595 941 1905 1005 silentium;
1943 941 2030 996 hic

462 1021 779 1078 iuolTensam
837 1024 1137 1082 doctrinam
1199 1031 1471 1100 vitamque
1535 1034 1754 1087 minime
1808 1044 2027 1088 contra-

461 1113 620 1182 riam,
661 1117 749 1171 ille
815 1122 1200 1190 obsequentem
1246 1132 1300 1175 et
1341 1124 1622 1178 candidam
1671 1140 1895 1190 aurem;
1942 1125 2029 1179 hic

463 1218 666 1263 castam
703 1211 1092 1280 virgitltttcm,
1129 1224 1182 1268 et
1225 1230 1255 1268 a
1307 1216 1507 1269 mundo
1565 1219 1776 1285 penitus
1815 1217 2030 1272 abscin-

463 1300 702 1367 dentem,
744 1302 832 1357 ille
881 1305 1103 1372 pudicas
1151 1306 1384 1375 nuptias,
1443 1322 1542 1362 nec
1575 1324 1794 1376 prorsus
1843 1325 1872 1362 a
1923 1309 2035 1363 Deo

465 1389 858 1460 disjungentcs;
896 1395 1262 1464 hicjejunium
1315 1396 1484 1452 fastus
1515 1414 1728 1468 expers,
1760 1400 1850 1454 ille
1898 1416 2032 1472 epu-

468 1478 546 1532 las
585 1483 652 1535 ab
702 1483 1114 1555 intemperantia
1166 1498 1221 1542 et
1271 1489 1562 1557 petulantia
1619 1502 1894 1558 remotas;
1947 1493 2036 1547 hic

467 1570 818 1624 attentionem
855 1583 908 1627 et
941 1575 1315 1630 assiduitatem
1349 1577 1402 1630 in
1441 1579 1781 1635 orationibus
1818 1591 1873 1636 et
1919 1581 2032 1650 spi-

2131 579 2274 645 σθαι,
2301 583 2328 633 ό
2352 580 2406 632 δὲ
2430 579 2489 631 τὸ
2511 578 2599 631 τὸν
2629 574 3072 646 προθυμούμενον
3104 573 3212 642 (81)
3237 569 3612 639 ἀποδέχεσθαι·
3648 574 3672 622 6

2132 672 2229 742 μὲν
2266 670 2459 741 πρᾶξιν
2491 667 2800 736 ἐπαινετὴν,
2833 665 2861 716 6
2887 665 2942 716 δὲ
2976 663 3205 733 θεωρίαν
3235 661 3485 728 εύστοχον
3504 676 3517 689 ’
3545 663 3570 712 6
3593 662 3675 728 μὲν

2128 762 2283 830 λόγον
2313 760 2540 829 καίριον,
2571 758 2599 810 6
2639 755 2693 808 δὲ
2735 753 2939 823 σιωπὴν
2964 752 3179 820 εὔλογον
3198 769 3210 780 ο
3246 751 3275 802 6
3313 750 3415 820 μὲν
3445 765 3525 811 τις
3550 749 3677 801 διδα-

2131 851 2356 905 σκαλίαν
2404 851 2696 903 ἄπταιστον
2742 847 2838 898 καὶ
2883 845 2994 913 βίον
3029 845 3101 915 μὴ
3140 841 3544 911 ἀνθιστάμενον,
3569 842 3595 892 6
3631 841 3678 892 δὲ

2135 945 2304 1013 ἀκοὴν
2343 939 2566 1010 εὐπειθῆ
2589 939 2682 992 καὶ
2712 937 2820 1007 (89.)
2850 935 3190 1004 εύγνώμονα’
3217 937 3245 988 6
3280 935 3376 1005 μὲν
3409 931 3680 1002 παρθενίαν

2136 1035 2302 1106 ἁγνὴν
2324 1035 2417 1087 καὶ
2446 1033 2649 1101 κόσμου
2678 1029 2956 1092 παντελῶς
2988 1029 3418 1097 ἀποτέμνουσαν,
3453 1025 3480 1076 6
3511 1023 3565 1075 δὲ
3595 1025 3681 1089 γάο

2138 1147 2236 1200 μον
2267 1127 2464 1198 σεμνὸν
2487 1125 2580 1178 κα)⁵
2610 1125 2684 1195 μὴ
2709 1124 2883 1192 πάντη
2913 1122 3044 1174 Θεοῦ
3077 1121 3378 1191 χωρίζοντα
3400 1137 3412 1148 ·
3447 1119 3476 1170 6
3503 1118 3594 1186 μὲν
3613 1133 3686 1186 νη·

2135 1222 2318 1275 στείαν
2363 1221 2584 1289 ἄτυφον,
2614 1219 2641 1270 ό
2671 1217 2726 1269 δὲ
2761 1215 3053 1269 ἀπόλαυσιν
3080 1214 3153 1284 μὴ
3180 1213 3511 1266 ἀκόλαστον·
3547 1207 3687 1270 ἄλλος

2133 1313 2193 1366 τὸ
2221 1313 2276 1364 ἐν
2314 1311 2636 1381 προσευχαῖς
2652 1306 3054 1377 ἀπερίσπαστον
3085 1305 3178 1357 κα).
3195 1303 3385 1373 ὕμνοις
3404 1316 3687 1369 πνευματι-

2133 1401 2268 1462 κοῖς,
2296 1397 2452 1460 ἇλλος
2476 1397 2535 1448 τὸ
2567 1397 2624 1447 ὲν
2650 1393 2949 1463 προστασίᾳ
2973 1392 3078 1464 (85)
3111 1392 3216 1444 τῶν
3237 1390 3505 1460 δεομένων
3524 1404 3538 1417 ·
3578 1388 3688 1440 πάπρ-

2135 1507 2224 1552 τες
2255 1489 2486 1558 δάκρυα,
2524 1485 2721 1550 πάντες
2765 1483 3051 1554 κάθαρσιν,
3086 1483 3347 1537 ἀνάϐασιν
3387 1480 3583 1539 πάντες
3605 1478 3693 1537 καὶ,

2135 1580 2195 1634 τὸ
2221 1583 2330 1644 τοῖς
2358 1575 2663 1648 ἔμπροσθεν
2695 1575 3116 1630 ὲπεκτείνεσθαι.

468 1659 752 1715 ritualibus
785 1664 1020 1733 hymnis,
1047 1667 1134 1722 ille
1195 1685 1485 1738 pauperum
1532 1687 1718 1726 curam
1748 1679 1802 1726 et
1851 1672 2156 1742 praesidium
2196 1691 2209 1726 :
2273 1687 2462 1726 omnes
2513 1679 2692 1722 autem
2749 1666 3042 1740 lacrymas,
3075 1681 3264 1722 omnes
3307 1663 3687 1733 purgationem,

469 1763 657 1804 onmes
705 1767 1010 1820 ascensum,
1072 1769 1233 1826 atque
1272 1761 1637 1816 extensionem
1691 1762 1755 1816 ad
1817 1778 1880 1818 ea
1925 1779 2044 1833 qua:
2083 1764 2262 1833 priora
2308 1761 2517 1817 sunt".

547 1840 674 1897 VIII.
722 1841 1048 1899 Praeclarum
1083 1862 1296 1917 quoque
1331 1866 1526 1904 munus
1566 1859 1652 1906 est
1707 1851 2038 1920 simplicitas,

2220 1853 2300 1906 H'.
2338 1854 2490 1925 Καλὴ
2518 1856 2612 1908 κα).
2635 1853 2869 1921 ἁπλότης
2888 1863 3249 1921 καρποφορια,
3276 1844 3371 1898 καί
3397 1843 3563 1911 γέλως
3593 1856 3682 1894 σω·

471 1942 525 1986 et
553 1933 715 1986 risum
748 1948 1019 2002 coercere,
1061 1938 1194 1990 iram
1261 1941 1575 2007 reprimere,
1625 1940 1840 2002 oculum
1894 1943 2038 1997 cohi-

2144 1943 2542 2016 φρονιζόμενος,
2569 1946 2664 1999 καὶ
2682 1944 2852 2014 θυμὸς
2878 1937 3254 2009 κολαζόμενος,
3284 1937 3378 1988 καὶ
3410 1934 3559 2003 ὄμμα
3585 1951 3683 1984 παι-

471 2022 624 2087 bere.
659 2024 825 2078 menti
861 2028 1088 2095 vagandi
1124 2038 1446 2097 potestatem
1481 2031 1646 2102 368
1684 2048 1900 2103 negare.
1959 2032 2038 2087 hi

2141 2036 2573 2107 δαγωγούμενον,
2607 2037 2701 2092 καὶ
2728 2034 2850 2098 νοῦς
2873 2031 3173 2085 πλανᾶσθαι
3214 2029 3288 2098 μὴ
3329 2024 3683 2095 συγχωρούμε-

475 2116 550 2170 hil
583 2129 768 2172 eorum
801 2132 922 2187 quae
973 2119 1082 2173 Deo
1138 2121 1452 2183 oll'eruntur.
1488 2135 1593 2177 tam
1655 2141 1876 2193 parvum
1925 2137 2038 2191 est,

2143 2143 2251 2189 νος.
2281 2127 2444 2180 Οὐδὲν
2470 2127 2610 2180 οὕτω
2639 2126 2832 2196 μικρὸν
2863 2123 2970 2178 τῶν
2997 2119 3397 2192 εἰσφερομένων
3429 2115 3558 2185 Θεῷ,
3597 2116 3680 2167 κᾶν

474 2206 724 2274 quamvis
753 2209 916 2261 etiam
953 2211 1159 2264 minimi
1201 2217 1455 2268 momenti
1491 2215 1582 2279 sit,
1617 2219 1864 2285 quamvis
1888 2216 2038 2286 longe

2146 2218 2421 2286 ἐλάχιστον
2445 2216 2501 2291 ᾖ,
2537 2217 2638 2271 κᾶν
2668 2217 2816 2287 παρά
2847 2215 2957 2284 (8-1)
2989 2212 3119 2265 πολὺ
3149 2210 3247 2280 τῆς
3271 2207 3428 2272 ἀξίας
3450 2206 3676 2275 λειπόμεο

475 2297 614 2351 inl‘ra
660 2298 803 2352 illius
834 2299 1174 2369 dignitatem,
1210 2305 1351 2373 quod
1402 2321 1509 2361 non
1546 2307 1766 2360 omnino
1794 2307 2038 2377 accipiat,

2143 2325 2232 2361 vov
2273 2307 2402 2380 (85),
2448 2307 2476 2360 6
2510 2307 2584 2378 μὴ
2616 2308 2891 2378 προσίεται
2917 2304 3129 2365 πάντως
3163 2302 3256 2354 καὶ
3289 2299 3613 2367 ἀποδέχεται,
3643 2299 3681 2349 εἰ

475 2398 796 2459 gratumque
827 2390 1040 2455 habent,
1071 2393 1286 2448 tametsi
1319 2393 1463 2462 justo
1495 2394 1702 2464 judicio
1741 2398 2038 2453 misericor-

2145 2399 2238 2453 καὶ
2266 2399 2578 2470 σταθμίζειν
2600 2396 2706 2452 οἶδε
2729 2402 2794 2469 τῇ
2813 2396 2994 2467 δικαίᾳ
3017 2395 3192 2465 κρίσει
3211 2392 3271 2444 τὸ
3293 2390 3462 2453 ἕλεος.
3491 2388 3681 2456 Δέχεται

480 2477 624 2532 diam
685 2480 987 2548 ponderare
1045 2483 1219 2538 soleat
1262 2485 1330 2540 "‘.
1390 2487 1602 2554 Accipit
1650 2487 1757 2552 ille,
1807 2497 1861 2540 et
1894 2487 2038 2542 Pauli

2145 2491 2238 2545 καὶ
2262 2491 2474 2544 Παύλου
2494 2492 2590 2563 τὴν
2615 2491 2850 2560 φυτείαν,
2869 2489 2942 2552 ὡς
2962 2487 3191 2550 Παύλου,
3214 2483 3307 2537 καὶ
3341 2480 3574 2534 Ἀπολλὼ
3604 2481 3685 2548 τὴν

476 2569 888 2636 plantationem,
921 2583 973 2626 ut
1008 2573 1182 2639 Pauli,
1216 2585 1268 2630 et
1313 2577 1626 2645 rigatiouetu
1659 2579 1847 2648 Apollo
1874 2579 1942 2644 °’,
1990 2588 2038 2635 et

2145 2584 2383 2655 ἀρδείαν,
2408 2582 2501 2637 καὶ
2516 2583 2584 2636 τὰ
2603 2582 2694 2637 δύο
2721 2579 2892 2635 λεπτά
2913 2580 3008 2648 τῆς
3029 2579 3222 2648 χήρας,
3245 2575 3341 2633 καὶ
3366 2572 3461 2626 τοῦ
3488 2569 3684 2624 τελώνου

477 2662 583 2713 duo
613 2663 785 2716 vidua:
817 2665 1021 2717 minma
1048 2667 1117 2732 °°,
1178 2668 1450 2736 publicani
1492 2669 1846 2724 humilitatem
1877 2670 1948 2736 ",
1993 2681 2038 2726 cl

2144 2675 2242 2745 τὴν
2270 2675 2612 2735 ταπείνωσιν,
2657 2673 2750 2737 καὶ
2780 2670 2872 2723 τοῦ
2910 2669 3171 2738 Μανασσῆ
3203 2667 3300 2735 τὴν
3346 2663 3683 2732 ὲξαγόρευσιν.

478 2751 742 2808 Mauassis
778 2755 1172 2812 confessionem
1202 2760 1267 2814 ".
1305 2760 1516 2831 Moyses
1548 2761 1952 2816 tabernaculum
1983 2762 2038 2815 il-

2146 2764 2351 2834 Μωσῆς
2376 2765 2644 2832 ἐπήγνυτο
2672 2761 2772 2830 τὴν
2801 2757 3001 2829 σκηνὴν
3026 2756 3134 2826 (86)
3167 2755 3336 2818 κάτω,
3371 2752 3470 2822 τὴν
3503 2751 3596 2803 τῶν
3621 2751 3688 2800 ού-

478 2842 587 2910 lad,
625 2848 690 2899 ad
720 2848 1020 2902 cmlcstitnn
1061 2851 1338 2920 exemplar
1363 2863 1754 2918 constructum,
1793 2853 1845 2906 in
1905 2863 2038 2907 terra

2149 2852 2346 2925 ρανίων
2375 2853 2680 2914 ἀντίτυπον,
2713 2852 2806 2903 καὶ
2836 2851 3032 2910 πάντες
3059 2847 3334 2915 εἰσέφερον
3360 2843 3420 2895 τὸ
3448 2840 3686 2912 κηρυχθέν

479 2933 711 3005 ﬁgebat;
745 2951 798 2992 et
832 2955 1037 3002 omnes,
1075 2945 1214 3010 quod
1287 2945 1482 3014 cuique
1517 2945 1885 2999 denuntiatum
1930 2943 2038 2999 fue-

2146 2943 2345 3004 αύτοίς.
2378 2944 2438 2994 Ui
2470 2943 2525 2994 δὲ
2559 2941 2652 2994 καὶ
2680 2937 3128 3005 αὐτεπάγγελτοι,
3167 2936 3215 2987 οἰ
3245 2934 3342 3004 μὲν
3365 2932 3475 3002 (87)
3496 2932 3686 3002 χρυσόν,

477 3036 585 3094 rat,
619 3030 991 3086 conferebant.
1024 3034 1160 3099 Quin
1195 3037 1356 3088 etiam
1389 3047 1578 3106 suapte
1604 3047 1794 3105 sponte
1824 3037 1913 3091 alii
1950 3053 2038 3090 au-

2147 3037 2194 3088 οἰ
2221 3036 2275 3088 δὲ
2306 3035 2559 3107 ἄργυρον,
2595 3035 2643 3086 οἰ
2671 3033 2727 3085 δὲ
2750 3031 2930 3093 λίθους
2963 3028 3174 3099 τιμίους
3201 3027 3278 3090 εἰς
3307 3025 3410 3095 τὴν
3438 3022 3687 3092 ὲπωμίδγ

478 3131 617 3183 rum,
645 3119 735 3172 alii
763 3133 1066 3192 argentum,
1098 3126 1187 3179 alii
1224 3143 1468 3196 gennnas
1520 3130 1786 3199 pretiosas
1837 3130 1901 3182 ad
1955 3146 2038 3182 su-

2148 3129 2204 3180 αἰ
2247 3126 2304 3179 δὲ
2349 3125 2541 3196 βύσσον
2575 3120 3068 3192 διακεκλωσμένην,
3119 3120 3172 3171 αἰ
3208 3117 3265 3170 δὲ
3323 3116 3572 3168 κόκκινον
3621 3129 3690 3164 νε-

479 3208 870 3274 perlnuucralis
917 3227 1162 3268 ornatum
1221 3219 1516 3288 erogabant
1554 3242 1565 3275 :
1608 3221 1862 3276 mulieres
1923 3236 2038 3290 par-

2146 3218 2428 3288 νησμένον,
2456 3219 2504 3268 οἰ
2529 3215 2584 3268 δὲ
2606 3214 2907 3285 πορφύραν,
2937 3214 2986 3264 οἰ
3013 3210 3069 3262 δὲ
3100 3209 3342 3278 δέρματα
3375 3205 3544 3277 κριῶν
3574 3207 3689 3299 ἠρυ-

480 3300 572 3352 tim
629 3303 842 3372 byssum
901 3317 1177 3374 retortam,
1227 3313 1421 3380 partim
1486 3313 1762 3367 coccinum
1818 3325 2038 3379 textum1

2151 3309 2529 3380 θροδανωμένα
2549 3325 2562 3338 ·
2597 3309 2651 3362 αἰ
2687 3307 2742 3360 δὲ
2765 3306 2856 3360 καὶ
2879 3304 3069 3376 τρίχας
3099 3301 3307 3369 αἰγείας
3331 3300 3409 3362 εἰς
3435 3300 3503 3350 τά
3529 3297 3691 3365 κατερ-

478 3391 672 3457 partim
701 3409 1014 3464 purpuram,
1049 3402 1241 3468 partim
1268 3403 1495 3456 arietum
1525 3404 1690 3470 pelles
1718 3406 2038 3466 rubricatas.

2149 3421 2218 3472 γα
2244 3403 2342 3471 τῆς
2371 3401 2592 3470 σκηνῆς,
2633 3399 2691 3451 τό
2731 3397 3062 3468 φαυλότατον
3087 3411 3100 3424 ·
3132 3395 3180 3446 οἰ
3211 3393 3267 3444 δὲ
3297 3392 3326 3444 ὃ
3353 3407 3405 3442 τι
3445 3389 3551 3460 (88)
3579 3389 3688 3440 ἐκα-

478 3482 676 3548 partim
720 3499 1000 3554 caprarum
1036 3491 1193 3559 pilos,
1244 3508 1354 3546 rem
1411 3495 1750 3557 vilissimatu,
1789 3497 1854 3549 ad
1915 3512 2038 3564 Opus

2151 3512 2292 3558 στος,
2337 3492 2369 3563 ἣ
2410 3492 2612 3560 ἑκάστη
2645 3488 2855 3558 τύχοιεν
2892 3487 3136 3555 ἔχοντες·
3177 3484 3377 3544 πάντες
3413 3481 3469 3535 δὲ
3501 3481 3686 3548 ἔφερον,

483 3571 812 3629 tabernaculi
851 3578 927 3642 ”;
979 3579 1093 3644 alii,
1123 3583 1263 3649 quod
1296 3585 1526 3653 quisque
1578 3595 1671 3638 aut
1703 3600 1927 3654 qumque
1957 3587 2038 3638 ha-

2152 3585 2244 3639 zal.
2268 3583 2438 3647 οὐδεὶς
2459 3579 2523 3653 ἦν
2550 3579 2862 3650 ἁσυντελὴς,
2894 3578 3013 3629 οὐδὲ
3036 3576 3142 3628 τῶν
3173 3573 3532 3626 πενεστάτων.
3558 3571 3698 3623 υῦτω

481 3661 677 3728 behat;
724 3674 975 3721 caeterum
1013 3686 1202 3725 omnes
1253 3672 1571 3740 alferebant,
1619 3691 1717 3728 nec
1766 3677 2038 3743 quisquam

2151 3680 2244 3731 καὶ
2293 3678 2452 3748 ἡμεῖς
2490 3677 2554 3744 τῇ
2589 3674 2744 3744 τιμία
2774 3671 2867 3724 τοῦ
2894 3669 3027 3723 Θεοῦ
3064 3670 3233 3737 σκηνῇ
3264 3665 3426 3735 τῆσδε
3463 3665 3557 3732 τῆς
3593 3664 3692 3714 Ἐκ-

483 3752 740 3810 immunis
787 3769 924 3817 erat.
955 3777 1024 3815 ne
1057 3765 1363 3818 tenuiorum
1404 3747 1644 3834 quidem.
1703 3765 2038 3820 Cousimilem

2151 3747 2396 3840 κλησίας,
2427 3768 2492 3838 ἣν
2523 3769 2551 3819 6
2572 3765 2772 3835 Κύριος
2811 3763 2996 3834 ἔπηξε,
3027 3761 3119 3815 καὶ
3148 3759 3256 3830 (89)
3283 3759 3382 3810 ούκ
3416 3755 3687 3828 ἄνθρωπος,

483 3860 582 3898 nos
620 3862 832 3915 quoque
890 3849 943 3902 in
997 3854 1213 3906 modum
1253 3855 1489 3924 pretioso
1540 3854 1633 3909 Dei
1686 3853 2038 3917 tabernaculo,

2153 3865 2184 3934 ἣ
2214 3860 2488 3931 διαφόροις
2527 3857 2727 3929 ἀρετῆς
2755 3854 3208 3924 συνοικοδομεῖται
3244 3850 3514 3912 κάλλεσιν,
3555 3849 3585 3900 ό
3611 3846 3694 3917 μὲν.

485 3938 588 3990 hoc
623 3949 728 4002 est,
763 3943 919 4009 hujus
957 3942 1233 4011 Ecclesiae,
1265 3948 1406 4015 quod
1445 3962 1548 3999 non
1583 3949 1649 4000 ab
1681 3948 1915 4008 homine.
1957 3962 2038 4000 ser

2157 3953 2370 4024 μικρὸν,
2404 3952 2433 4003 6
2464 3950 2519 4002 δὲ
2562 3948 2761 4018 μεῖζον,
2805 3947 3002 4008 πάντες
3045 3944 3102 4000 δὲ
3140 3943 3340 4013 ὁμοίως
3382 3940 3690 4010 εἰσφέρωμεν

487 4047 516 4081 a
556 4032 664 4084 Deo
706 4033 867 4086 lixum
894 4045 975 4088 est
1006 4035 1072 4102 ⁸⁸,
1103 4039 1353 4105 quodque
1388 4039 1552 4092 variis
1587 4040 1843 4092 virtutum
1899 4053 2038 4092 orna-

2153 4048 2232 4108 εἰς
2267 4043 2424 4115 ἔργον
2466 4041 2686 4102 τέλειον,
2733 4040 2810 4100 εἰς
2855 4035 3265 4106 κατοικητήριον
3309 4031 3540 4102 Χριστοῦ
3579 4031 3689 4094 (9U),

486 4124 682 4176 meritis
708 4127 1060 4192 construitur,
1088 4127 1226 4182 alius
1266 4129 1441 4184 minus
1466 4129 1741 4198 quiddam,
1774 4129 1911 4182 alius
1940 4145 2038 4182 ma-

2153 4138 2232 4199 εἰς
2273 4135 2398 4187 ναὸν
2447 4135 2619 4201 ὅιγιον,
2658 4128 3042 4198 συντιθέμενοι,
3080 4126 3173 4179 καὶ
3218 4120 3691 4194 συναρμολογούμε-

486 4215 594 4279 ius,
631 4233 820 4272 omnes
855 4230 1032 4273 tamen
1064 4221 1198 4273 citra
1231 4221 1602 4288 exceptionem
1650 4218 1955 4285 olleramus,
2001 4220 2038 4273 il

2153 4244 2233 4280 νοι
2270 4226 2379 4298 (91)
2415 4227 2478 4295 τῇ
2510 4219 2882 4294 ἁρχιτεκτονία
2922 4219 3015 4270 τοῦ
3046 4214 3383 4286 Πνεύματος.
3419 4215 3622 4273 Πάντως
3645 4211 3692 4261 δὲ

485 4323 620 4375 opus
664 4310 986 4378 perfectum,
1031 4313 1082 4364 in
1141 4312 1509 4366 habitaculum
1560 4311 1780 4376 Christi,
1829 4311 1881 4365 in
1919 4322 2038 4364 tem-

2153 4317 2302 4371 οὐδὲν
2367 4315 2666 4384 εἰσοίσομεν
2719 4311 2988 4371 τοσοῦτον,
3051 4311 3170 4362 ὅσον
3239 4306 3553 4376 εἰλήφαμεν,
3608 4301 3696 4353 κᾶν

487 4399 632 4466 plum
666 4410 910 4454 sanctqu
941 4403 1006 4466 ⁸⁵,
1039 4404 1460 4457 architectonica
1513 4402 1748 4472 Spiritus
1778 4416 1894 4456 arte
1928 4420 2038 4458 con-

2157 4409 2334 4461 πάντα
2360 4407 2718 4476 εἰσφέρωμεν.
2762 4403 2911 4459 Ἐπεὶ
2931 4401 3025 4453 καὶ
3057 4399 3115 4451 τὸ
3143 4393 3281 4450 εἶναι
3318 4400 3452 4468 ἡμῖν
3479 4400 3536 4448 ἐκ
3559 4393 3692 4453 Θεοῦ,

487 4489 766 4555 structi,et
798 4495 1177 4560 coagmentati.
1201 4495 1563 4564 Illudquidem
1590 4495 1807 4548 minime
1829 4496 2033 4547 dubiuu

2158 4499 2252 4554 καὶ
2278 4499 2338 4551 τὸ
2375 4498 2570 4550 εἰδέναι
2613 4496 2763 4558 Θεὸν,
2796 4495 2889 4547 καὶ
2918 4492 3047 4545 αὐτὸ
3074 4491 3136 4544 τὸ
3161 4490 3304 4564 ἔχειν
3346 4490 3375 4542 6
3406 4489 3695 4553 εἰσενέγκω-

487 4589 591 4644 cst,
631 4580 782 4649 quin,
821 4581 1032 4637 etiamsi
1077 4585 1256 4637 omnia
1289 4583 1697 4658 contulerimus,
1738 4587 1914 4640 tniuus
1970 4596 2038 4640 ta-

2160 4606 2274 4660 μεν.
2311 4588 2385 4641 Τὸ
2439 4587 2495 4643 δὲ
2537 4586 2816 4642 κάλλιστον
2848 4584 2942 4637 καὶ¹
2976 4581 3501 4654 φιλανθρωπότατον,
3530 4579 3600 4630 ὅτι
3631 4577 3694 4646 μὴ

559 4741 602 4773 ⁸⁷
639 4741 869 4808 Philipp.
897 4742 1089 4807 111,1’5.
1163 4743 1207 4775 ⁸⁸
1235 4745 1331 4797 Isa.
1361 4762 1552 4808 xxvttt,
1583 4747 1668 4799 I7.
1747 4746 1791 4776 ⁸³
1836 4744 1854 4797 1
1885 4743 2012 4798 Cor.

2161 4741 2214 4796 6.
2290 4744 2335 4774 ⁹⁰
2366 4741 2495 4797 an.
2526 4758 2637 4808 xxI,
2671 4743 2723 4797 2.
2803 4743 2843 4773 ⁹¹
2875 4739 3005 4793 Luc.
3032 4753 3186 4803 xvttt,
3218 4736 3306 4790 15.
3382 4737 3428 4768 ”
3461 4736 3495 4789 ΙΙ
3539 4735 3688 4788 l’aral.

1163 4743 1207 4775 ⁸⁸
1235 4745 1331 4797 Isa.
1361 4762 1552 4810 xxvttt,
1583 4747 1668 4799 17.
1747 4746 1791 4776 ⁸³
1836 4744 1854 4797 1
1885 4743 2012 4798 Cor.
2044 4757 2127 4800 ιιι,
2161 4741 2214 4796 6.

490 4827 683 4875 xxxm,
734 4814 800 4865 12
830 4828 948 4879 squ.

2290 4744 2335 4774 ⁸⁸⁵
2366 4741 2495 4797 an.
2526 4758 2637 4808 ιιι,
2671 4743 2723 4797 2.

1025 4813 1071 4843 ”
1107 4812 1272 4867 Exod.
1306 4831 1428 4880 xxv,
1472 4818 1505 4868 5
1535 4831 1680 4885 sqq.;
1717 4831 1880 4877 xxxv,
1924 4814 1994 4868 2:2
2049 4826 2168 4880 sqq.

2249 4814 2298 4845 θ’
2339 4812 2502 4866 llebr.
2532 4830 2654 4877 vm,
2682 4813 2737 4867 2.

2803 4743 2843 4773 ⁹¹
2875 4739 3005 4793 Luc.
3032 4753 3186 4803 xvtn,
3218 4736 3306 4790 15.

2811 4813 2858 4844 ³⁸
2882 4811 3078 4880 Ephes.
3106 4824 3167 4875 tt,
3191 4808 3281 4862 21.

489 4957 633 5023 recte
673 4947 910 5023 quidem.
967 4949 1174 5003 Etenim
1230 4962 1350 5019 post
1388 4969 1614 5008 messem
1648 4954 1825 5023 fruges
1851 4955 1902 5006 iu
1934 4954 2058 5008 hor-

488 5017 597 5072 reis
617 5019 1000 5072 reconduntur.

488 5089 490 5092 ’
559 5087 670 5159 (80)
704 5086 778 5159 Τό
797 5087 992 5159 μηδὲν
1034 5091 1217 5156 ἔχειν.
1258 5089 1485 5146 Billius:
1526 5109 1545 5142 ι
1593 5102 1985 5159 paupertatem.
2028 5111 2047 5144 ι

560 5157 670 5228 (81)
709 5158 779 5210 Τὸ
810 5158 914 5210 τὸν
967 5160 1474 5228 προθυμούμενον,
1509 5157 1614 5215 etc.
1657 5157 1842 5216 Billius
1897 5162 2056 5216 nimis

487 5227 931 5301 paraphrastice;
975 5247 992 5278 ι
1027 5227 1351 5284 hominiseo
1385 5229 1574 5287 aﬂ'ectu
1609 5233 1813 5301 praediti
1844 5231 2052 5285 Iaudem

487 5305 542 5349 et
576 5298 1114 5352 commendationem.
1154 5317 1172 5349 ι

561 5365 672 5435 (82)
706 5367 836 5420 Καί.
869 5368 962 5422 Sic
992 5370 1174 5422 decem
1212 5367 1388 5437 Colb.,
1417 5371 1508 5426 0r.
1539 5369 1587 5437 I,
1623 5380 1676 5424 et
1714 5369 1864 5426 Pass.
1898 5372 2053 5424 Deest

2163 4948 2395 5002 editione
2425 4954 2680 5010 verterat,
2712 4965 2731 4996 ι
2775 4944 3202 5003 tabernaculum,
3248 4960 3267 4992 ›
3303 4941 3450 5010 qttod
3477 4955 3594 4993 sane
3619 4955 3686 4993 re-

2163 5018 2300 5070 ctius
2328 5017 2559 5069 videtur.
2593 5015 2749 5070 Aliud
2775 5017 2916 5069 enim
2957 5025 3076 5069 erat
3120 5030 3140 5063 ι
3174 5027 3318 5073 arca,
3363 5029 3382 5061 ι
3415 5011 3548 5063 aliud
3577 5027 3600 5060 ι
3629 5022 3696 5066 ta-

2161 5085 2528 5141 bernaculum.
2559 5105 2577 5136 ι

2236 5156 2346 5222 (87)
2416 5158 2480 5207 Οἱ
2515 5154 2648 5224 μέν.
2699 5152 3011 5225 DuoBegg.
3036 5162 3090 5208 et
3119 5150 3213 5207 Or.
3264 5151 3316 5214 I,
3347 5151 3374 5202 6
3405 5150 3520 5218 μέν.

2254 5226 2341 5292 88)
2372 5225 2443 5278 Ὅ
2470 5223 2544 5278 τι.
2578 5226 2752 5290 Pass.,
2779 5223 2918 5277 εἴτι.

2255 5291 2342 5364 89)
2373 5295 2504 5348 Καί.
2543 5295 2632 5347 Sic
2672 5295 2824 5349 Pass.
2852 5293 3005 5346 Deest
3038 5292 3089 5364 i_n
3122 5291 3211 5348 ed.

2231 5361 2340 5436 (90)
2378 5365 2658 5436 Χριστοῦ.
2690 5364 2840 5419 Coll).
2865 5365 2914 5436 I_,
2935 5361 3092 5414 Θεοῦ.

493 5436 546 5489 ίθ
569 5425 671 5506 ‘9‘!-
1375 5425 1388 5437 1
1434 5425 1442 5426 7
1576 5425 1587 5437 ’
1829 5425 1860 5426 Ἠ
2231 5425 2341 5506 (91)
2369 5425 2780 5502 Σὺντιθέμενοι
2803 5425 3564 5506 καίσωάρμολογούμειςοι.
3606 5425 3684 5506 [illi

562 5504 674 5574 (85)
713 5506 809 5582 Ἑν
825 5508 1182 5577 προστασίᾳ.
1218 5507 1380 5564 Coisl.
1427 5510 1460 5564 5
1517 5518 1567 5564 et
1615 5508 1709 5564 Or.
1759 5510 1807 5575 I,
1841 5510 1896 5563 ἐν
1935 5511 2038 5572 ταῖς

2161 5497 2261 5560 lius
2313 5497 2336 5556 ε’
2373 5523 2392 5556 ι
2430 5497 2794 5559 constructum
2845 5497 3375 5582 et_coagn_teutatum;
3417 5517 3436 5550 ι
3463 5497 3693 5582 1ΛΙξεΙάτι

490 5566 881 5647 προ-στασίαιςξ
921 5646 928 5647 7
1133 5566 1144 5577 ”
1796 5566 1806 5575 ’

2166 5596 2183 5628 ‹
2216 5577 2280 5629 ad
2319 5576 2596 5640 templum,
2634 5593 2651 5625 ι
2690 5589 2809 5628 cum
2847 5573 2912 5626 ad
2951 5566 3054 5647 nos
3086 5574 3225 5647 ipsos
3285 5566 3474 5647 referri
3492 5567 3688 5647 Γειεξιηξιιι.

495 5710 498 5713 .
537 5644 887 5717 *(81).Πα.οάτ
909 5646 998 5700 Sic
1019 5647 1149 5716 Reg.
1181 5649 1267 5714 ph.
1309 5649 1465 5702 Dtest
1498 5666 1548 5704 In
1577 5663 1662 5705 eo.

688 5714 1088 5792 Ἀειπόμενοτς.
1105 5714 1284 5792 Ceisl.
1315 5721 1367 5785 1,
1395 5720 1836 5792 ἀπολειπόμενον.

563 5783 674 5857 (86)
713 5783 828 5854 Τὴν
857 5783 1114 5857 σκηνήν.
1171 5783 1371 5856 Billius,
1411 5812 1428 5842 ‹
1472 5783 1674 5848 arcam:
1712 5813 1730 5845 ι
1777 5793 1830 5848 1η
1880 5792 2052 5865 prima

2079 5657 2084 5660 ’
2158 5647 2266 5700 Nos
2291 5636 2442 5699 enim.
2479 5636 2596 5716 Ipsi:
2629 5658 2835 5716 sumus,
2875 5642 3002 5716 qui,
3035 5636 3452 5716 architectonica
3491 5636 3689 5716 Spiritus

2160 5716 2333 5770 sancti
2365 5710 2513 5776 arte;
2542 5731 2560 5765 ι
2586 5714 2638 5769 in
2671 5713 2924 5770 templum
2971 5710 3062 5766 Dei
3105 5710 3488 5767 constt'uimur.
3513 5715 3569 5759 et
3589 5717 3688 5756 eoa-

2159 5794 2516 5858 gmentamur.
