3852 6408
195 363 348 429 1055
740 371 995 430 ORATIO
1033 373 1173 428 XIX.
1216 407 1283 416 —-
1320 374 1412 429 AD
1450 374 1788 432 JULIANUM

1898 375 2291 432 RIBUTORUM
2329 375 2896 444 ειεερυιτοιιιειι.
3293 371 3436 432 ιοεε

207 481 276 548 τῇ
333 477 462 549 ἀξίᾳ
522 477 616 532 τοῦ
675 480 974 552 διδομένου,
1036 486 1102 553 τῇ
1168 482 1248 535 δὲ.
1287 484 1511 557 δυνάμει
1568 487 1661 539 καὶ
1707 488 1775 556 τῇ

1898 502 2000 539 ηειι
2055 484 2296 540 collaturi
2355 485 2544 546 simus,
2593 496 2752 552 quam
2809 483 3133 553 accepimus.
3180 483 3434 551 Quando.

207 571 443 624 διαθέσει
478 569 569 624 τοῦ
604 572 1091 645 καρποφοροῦντες,
1135 577 1320 644 μετρεί
1353 576 1484 638 Θεὸς
1524 575 1622 645 τὴν
1660 576 1772 627 ἐπί-

1898 577 2088 646 [uident
2148 576 2314 631 divini
2377 575 2622 630 beneﬁcii
2679 585 2782 644 est,
2822 576 2966 645 quod
3016 590 3236 641 sumus,
3290 575 3432 643 quod

207 661 372 714 δοσιν.
1877 666 2041 720 Deum
2072 665 2468 734 costtoscimus,
2519 667 2766 735 quodque
2815 668 3003 727 etiam,
3059 665 3198 733 quod
3236 663 3432 720 ollera-

207 768 348 818 mus,
404 753 684 810 habemus.
750 754 927 823 Atque
977 754 1106 809 illttd
1177 753 1593 824 pulcherrimum
1669 755 2220 823 humanissimumque
2274 755 2602 809 censendum
2660 765 2783 822 est,
2831 756 2972 824 quod
3015 756 3152 809 Deus
3199 755 3434 825 largitio-

207 859 355 907 nem,
383 861 485 898 nnn
513 846 709 900 oblata:
743 847 819 900 rei
853 846 1024 914 pretio
1058 853 1114 898 ει
1161 845 1441 916 dignitate,
1500 848 1596 902 sed
1642 847 1915 902 offerentis
1941 845 2132 899 aﬁ‘ectu
2167 855 2222 899 ει
2247 845 2507 901 facultate
2537 847 2806 901 metiatur.

279 937 355 990 ϐ’.
396 936 486 1008 Μὴ
514 933 607 989 οὖν
636 936 933 1007 ἀναμείνῃς
972 937 1220 1005 γενέσθαι
1251 939 1502 1010 χρηστὸς,
1529 940 1642 992 ἀλλ’
1670 941 1770 1010 ἤδη

1945 938 2038 992 IX.
2074 937 2306 994 Proinde
2346 955 2414 996 ne
2443 941 2706 1011 benignus
2734 956 2854 994 esse
2880 942 3168 1003 cuncteris,
3207 943 3298 996 sed
3323 943 3432 1012 jam

206 1028 369 1096 γενοῦ
390 1047 405 1060 ·
437 1029 569 1099 μηδὲ
595 1029 676 1081 ὅτι
701 1030 798 1098 τῆς
815 1028 968 1092 ἀξίας
983 1029 1163 1102 λείπῃ,
1187 1030 1247 1082 τὸ
1270 1031 1374 1082 πᾶν
1395 1030 1614 1102 ἐλλίπῃς
1637 1031 1770 1101 (92).

1898 1041 2029 1092 esto;
2073 1044 2193 1094 nec,
2230 1031 2353 1098 quia
2395 1035 2526 1086 satis
2587 1033 2803 1100 dignum
2848 1049 3039 1087 munus
3091 1031 3284 1088 oﬂerre
3331 1051 3434 1090 non

222 1120 384 1172 Ἀλλὰ
433 1121 492 1172 τὸ
554 1119 651 1189 μὲν
699 1120 993 1190 εἰσένεγκε,
1031 1122 1090 1175 τὸ
1118 1122 1174 1174 δὲ
1211 1122 1587 1192 προθυμήθητι
1637 1122 1770 1194 (95),

1898 1133 2058 1186 )Olt‘S,
2117 1123 2322 1176 idcirco
2370 1123 2602 1178 cilicium
2653 1125 2872 1178 omnino
2919 1125 3122 1179 desere.
3163 1125 3297 1192 Quin
3343 1143 3437 1196 po-

205 1209 351 1280 ὑπὲρ
386 1209 443 1262 δὲ
464 1209 555 1262 τοῦ
579 1209 796 1281 δεήθητι
817 1210 1032 1281 δοθῆναι
1067 1211 1390 1282 συγγνώμην
1413 1215 1478 1282 τῇ
1501 1211 1770 1282 ἀσθενείᾳ.

211 1302 334 1354 Οὐκ
383 1301 640 1369 ὀφθήσῃ,
681 1302 832 1372 φησι,
875 1303 1050 1369 κενὸς
1082 1304 1359 1356 ἐναντίον
1397 1321 1534 1372 μου.
1573 1303 1775 1375 Μηδεὶς

203 1391 349 1443 ἐστω
372 1391 544 1455 κενὸς,
574 1392 706 1463 μηδέ
733 1392 1000 1464 ἄκαρπος,
1030 1393 1166 1464 μηδέ
1195 1411 1278 1456 τις
1306 1397 1492 1466 στεῖρα
1512 1393 1658 1465 ψυχὴ
1683 1395 1777 1448 καὶ

209 1483 425 1550 ἄγονος.
459 1483 723 1547 Ἕκαστος
768 1487 832 1538 ἐκ
883 1484 990 1538 τῶν
1038 1484 1317 1556 παρόντων
1361 1484 1778 1556 καρποφορείτω

209 1571 350 1641 Θεῷ,
386 1571 478 1625 καὶ
511 1572 574 1624 ἐκ
611 1572 716 1624 τῶν
740 1573 952 1625 οἰκείων
980 1572 1113 1643 (94)·
1141 1575 1169 1623 6
1195 1574 1524 1645 ἁμαρτάνων
1558 1573 1656 1645 τὴν
1689 1591 1781 1645 με·

1898 1587 1936 1631 ιι
1969 1575 2336 1631 intructuOsus
2363 1579 2455 1644 sit,
2485 1594 2582 1632 nec
2631 1579 2806 1632 anima
2858 1579 2962 1632 ulla
3006 1579 3204 1633 sterilis
3253 1590 3306 1634 et
3354 1581 3432 1634 iu-

206 1664 462 1734 ταῦολὴν,
497 1663 525 1715 6
556 1662 735 1725 καλῶς
776 1662 1006 1733 τρέχων,
1044 1664 1144 1734 τὴν
1187 1663 1448 1727 εὐτονίαν,
1481 1664 1510 1716 ὁ
1538 1664 1654 1728 νέος
1683 1663 1780 1735 τὴν

1898 1669 2129 1723 'ecuntla.
2162 1669 2541 1739 Unusquisque
2603 1670 2716 1726 Deo
2743 1686 2861 1740 qua:
2900 1681 3210 1739 suppetunt,
3241 1681 3291 1724 et
3319 1687 3436 1739 quae

208 1755 563 1826 ἐγκράτειαν,
599 1755 632 1823 ὴ
673 1753 830 1806 πολιὰ
871 1753 968 1826 τὴν
1015 1755 1294 1826 φρόνησιν,
1332 1758 1361 1808 6
1400 1755 1652 1820 πλούσιος
1682 1756 1778 1827 τὴν

1898 1760 2093 1829 impria
2128 1768 2274 1824 sunt,
2305 1761 2470 1833 369
2502 1764 2738 1818 muneris
2784 1763 2900 1816 loco
2925 1761 3117 1817 oil‘erat
3148 1781 3162 1816 :
3194 1763 3282 1832 qui
3316 1779 3412 1833 pet:

212 1843 521 1914 μετάδοσιν,
548 1842 762 1913 ὁπένης
787 1844 884 1914 τὴν
911 1844 1277 1916 εὐχαριστίαν,
1303 1847 1331 1898 6
1360 1845 1418 1898 ἐν
1435 1844 1652 1916 ἐξουσίᾳ
1681 1845 1780 1917 τὴν

1898 1863 1980 1918 :at,
2012 1852 2138 1906 vita:
2178 1857 2566 1920 mutationem;
2603 1856 2695 1925 qui
2759 1865 2902 1909 recte
2935 1856 3126 1919 currit,
3162 1856 3215 1908 in
3277 1871 3438 1910 cursu

209 1933 462 2003 ἀτυχίαν,
518 1935 546 1985 6
601 1933 940 2004 εἰσπράττων
977 1935 1074 2004 τὴν
1115 1935 1447 2006 ἡμερότητα.
1480 1939 1543 1988 Ol
1583 1935 1779 2004 ἱερεῖς,

1898 1941 2266 2014 :oustantiam;
2315 1944 2629 1998 adolescens
2677 1944 3082 2008 continentiam,
3113 1959 3275 1999 senex
3308 1961 3406 2014 pru

202 2023 551 2102 ἐνδύσασθε
563 2020 973 2089 δικαιοσύνην,
991 2023 1046 2093 ἢ,
1063 2022 1122 2075 τό
1138 2039 1198 2091 γε
1217 2022 1573 2093 ἀληθέστερον
1588 2025 1778 2088 είπεῖν,

1898 2032 2146 2098 lentiam,
2171 2034 2322 2088 dives
2342 2033 2710 2102 largitionem,
2732 2050 2936 2105 pauper
2965 2035 3254 2103 gratiarum
3281 2035 3422 2087 actio

203 2111 595 2183 ἐνδυσώμεθα·
629 2111 704 2183 μὴ
739 2111 1137 2183 διασπείρωμεν
1180 2112 1250 2165 τὰ
1282 2113 1526 2184 πρόϐατα
1559 2115 1657 2185 τῆς
1694 2132 1783 2168 νο-

1898 2138 2041 2189 tem;
2095 2126 2185 2194 qui
2223 2127 2459 2194 potentia
2509 2127 2692 2197 pollet,
2739 2129 3086 2194 modestiam;
3131 2127 3220 2196 qui
3253 2127 3438 2195 exigit,

210 2211 347 2278 μῆς,
386 2206 480 2259 καὶ
503 2204 916 2275 διαφθείρωμεν,
959 2205 1094 2275 ὑπὲρ
1124 2197 1197 2257 ὧν
1230 2204 1391 2273 ἔθηκε
1417 2205 1516 2275 τὴν
1543 2205 1718 2276 ψυχὴν
1747 2208 1777 2260 ὁ

1898 2217 2370 2273 mansuetudinem.
2433 2217 2762 2283 Sacerdotes,
2812 2218 3012 2271 induite
3056 2217 3320 2286 justitiam
3361 2217 3406 2249 ⁸⁷

209 2297 419 2368 ποιμὴν
447 2297 476 2348 6
501 2295 682 2358 καλὸς,
705 2297 734 2348 ὁ
766 2293 1047 2362 γινώσκων
1079 2293 1148 2346 τά
1179 2293 1304 2359 ἴδια,
1335 2293 1426 2347 καὶ
1451 2296 1781 2366 γινωσκόμε-

1898 2315 1993 2371 ιιιι,
2029 2314 2088 2359 ιιι
2116 2307 2298 2362 verius
2329 2309 2523 2370 dicam,
2559 2309 2845 2362 induantus
2877 2325 2892 2360 :
2940 2323 3149 2376 pascuae
3190 2322 3318 2361 oves
3375 2322 3466 2360 ne.

209 2406 301 2453 νος
345 2387 450 2440 ὑπὸ
483 2385 592 2440 τῶν
631 2385 796 2448 ἰδίων,
834 2386 925 2438 καὶ
957 2383 1136 2437 καλῶν
1170 2385 1288 2437 κατ’
1322 2384 1510 2455 ὄνομα,
1542 2385 1636 2438 καὶ
1670 2388 1781 2439 εἰσ-

1898 2398 2253 2468 Iispergamus
2291 2409 2346 2454 et
2373 2400 2680 2470 jugulemus
2702 2401 2768 2465 ³⁸,
2801 2415 2896 2470 pro
2927 2401 3122 2468 quibus
3160 2399 3330 2454 bomts
3356 2398 3444 2451 ille

206 2480 366 2548 ἀγων
400 2478 560 2543 αὐτὰ,
590 2479 684 2532 καὶ
711 2479 918 2545 ἐξάγων
956 2474 1065 2529 ἀπό
1091 2493 1151 2528 τε
1180 2475 1436 2538 ἀπιστίας
1467 2476 1546 2539 εἰς
1578 2475 1780 2541 πίστιν,

1898 2487 2070 2544 )ιιειοι·
2110 2491 2346 2544 animam
2377 2507 2529 2544 suam
2566 2493 2766 2560 posuit,
2801 2493 2889 2560 qni
2925 2506 3051 2544 oves
3091 2507 3218 2546 suas
3251 2505 3446 2559 cogno-

211 2574 309 2626 καὶ
346 2572 452 2625 ἀπὸ
478 2573 576 2642 τῆς
610 2571 756 2642 ζωῆς
787 2569 987 2640 ταύτης
1031 2568 1123 2622 ἐπὶ
1165 2569 1262 2639 τὴν
1298 2569 1505 2622 ἐκεῖθεν
1539 2569 1783 2622 ἀνάπαυ-

1898 2577 2004 2643 ιείι,
2031 2587 2086 2632 ει
2115 2594 2145 2633 a
2172 2580 2290 2636 suis
2317 2581 2680 2650 cognoscitur,
2716 2591 2771 2635 ct
2826 2597 2919 2635 eas
2963 2589 3136 2645 vocat,
3167 2592 3222 2635 et
3274 2582 3444 2634 intro-

213 2684 320 2720 σιν.
352 2665 699 2737 Φοδηθῶμεν,
739 2664 811 2735 μὴ
833 2664 924 2732 ἀφ’
947 2662 1102 2733 ἡμῶν
1126 2662 1355 2732 ἄρξηται
1375 2662 1434 2714 τὸ
1458 2665 1649 2734 κρῖμα,
1681 2681 1782 2716 κα-

1898 2669 2031 2724 lucit
2062 2680 2224 2740 atque
2251 2671 2427 2726 educit
2453 2672 2519 2739 θ’,
2573 2685 2681 2726 ιιιιιι
2713 2673 2778 2726 ab
2833 2673 3104 2742 impietate
3146 2674 3208 2724 ad
3262 2671 3444 2736 ﬁdem,

209 2758 276 2810 τά
304 2757 405 2828 τὴν
435 2756 691 2828 ἀπειλήνο
728 2755 802 2827 μὴ
833 2754 1082 2825 λάϐωμεν
1103 2755 1166 2806 ἐκ
1189 2753 1368 2825 χειρὸς
1394 2753 1595 2824 Κυρίου
1623 2753 1786 2807 διπλᾶ

1898 2775 1996 2814 tum
2033 2764 2100 2816 ab
2133 2763 2232 2817 hac
2279 2764 2386 2817 vita
2420 2766 2485 2817 ad
2535 2763 2765 2818 futuram
2800 2765 3058 2834 requiem.
3116 2763 3439 2824 Timeamus,

168 2909 176 2917 _
210 2850 280 2903 τὰ
343 2851 710 2922 ἁμαρτήματα
748 2847 882 2917 (95),
931 2845 1081 2899 αὐτοί
1123 2863 1185 2898 τε
1230 2846 1330 2898 οὐκ
1379 2845 1654 2910 εἰσιόντες,
1689 2845 1783 2898 καὶ

1898 2867 1972 2915 ιιε,
2001 2853 2140 2921 quod
2171 2853 2452 2924 Scriptura
2481 2857 2858 2916 comminatur,
2895 2871 2924 2909 a
2965 2855 3118 2910 nobis
3163 2855 3254 2908 Dei
3304 2853 3448 2922 judi-

209 2941 343 3005 τοὺς
372 2939 628 2994 εἰσελθεῖν
653 2937 978 3009 δυναμένους
1002 2935 1318 2998 κωλύοντες.

1898 2943 2028 2995 cium
2064 2944 2371 3013 incipiat‘;
2413 2962 2478 2998 ne
2508 2946 2573 2999 de
2621 2961 2778 2999 manu
2813 2945 3019 2999 Domini
3055 2945 3282 3014 duplicia
3319 2958 3448 3012 pec-

215 3045 344 3086 cata
388 3031 716 3100 accipiamus
739 3031 784 3094 ',
843 3044 945 3084 n0n
1004 3028 1160 3085 modo
1191 3029 1289 3098 ipsi
1319 3043 1422 3082 non
1463 3027 1816 3095 introeuntes,
1845 3034 1936 3086 sed
1974 3035 2141 3089 etiam
2175 3045 2228 3090 et
2288 3051 2381 3091 eos
2428 3038 2518 3106 qui
2567 3037 2792 3092 introire
2853 3045 3113 3106 possunt,
3155 3037 3448 3106 prohiben-

214 3139 296 3180 tes
331 3126 372 3180 ³.

282 3221 344 3272 1'.
387 3219 468 3272 Τὰ
512 3217 778 3289 πρόϐατα,
837 3215 911 3287 μὴ
959 3213 1270 3286 ποιμαίνετε
1327 3213 1452 3277 τοὺς
1500 3213 1782 3284 ποιμένας,

1934 3213 2033 3277 ,Χ.
2067 3213 2226 3278 Oves,
2269 3223 2509 3282 pastores
2549 3228 2615 3268 ne
2672 3212 2893 3281 pascite,
2948 3225 3049 3264 nec
3094 3224 3254 3278 supra
3316 3208 3450 3264 ﬁnes

216 3311 358 3384 μηδέ
385 3310 523 3382 ὑπὲρ
548 3311 675 3372 τοὺς
701 3308 905 3362 ἑαυτῶν
935 3308 1092 3378 ὄρους
1119 3304 1410 3375 ἐπαίρεσθε
1432 3321 1444 3333 ’
1489 3305 1647 3374 ἀρκεί
1676 3306 1786 3376 γὰρ

1898 3319 2096 3362 vestros
2127 3308 2429 3377 assurgite;
2500 3305 2636 3360 satis
2685 3305 2826 3358 enim
2871 3303 3022 3358 vobis
3068 3311 3173 3367 est,
3212 3301 3255 3354 si
3304 3311 3450 3355 recte

215 3405 370 3475 ὑμῖν,
407 3402 472 3457 ἂν
497 3402 675 3466 καλῶς
712 3400 1068 3472 ποιμαίνησθε
1113 3399 1244 3469 (96).
1286 3398 1377 3468 Μὴ
1411 3398 1623 3470 κρίνετε
1660 3399 1786 3463 τοὺς

1898 3400 2204 3470 pascantini.
2236 3399 2411 3453 Nolite
2444 3395 2947 3466 jndicarejudices,
2993 3409 3090 3447 nec
3136 3392 3453 3462 legislatori—

215 3497 433 3569 κριτὰς,
487 3495 621 3566 μηδὲ
666 3492 1002 3564 νομοτεθεῖτε
1050 3494 1163 3554 τοῖς
1202 3489 1550 3561 νομοθέταις
1585 3491 1645 3542 οὐ
1680 3491 1786 3562 γάρ

1881 1214 1986 1265 tius
2019 1213 2088 1266 ita
2139 1221 2190 1266 te
2243 1227 2517 1280 compara,
2567 1222 2626 1266 nt
2667 1215 2770 1268 alia
2818 1215 2999 1270 statim
3056 1215 3274 1281 oll’eras,
3330 1217 3434 1270 alia

1879 1312 2119 1371 prompta
2147 1319 2209 1357 ac
2241 1319 2498 1374 prOpensa
2531 1305 2808 1360 voluntate
2855 1305 3049 1361 uﬂ‘erre
3079 1318 3321 1376 exoptes,
3369 1309 3432 1362 de

1877 1393 1996 1446 aliis
2029 1391 2324 1448 inﬁrmitati
2359 1405 2460 1448 tua:
2485 1397 2696 1448 veniam
2747 1406 2916 1464 petas.
2974 1395 3097 1451 Non
3142 1400 3431 1467 apparebit,

1882 1486 2075 1555 inquit,
2109 1503 2286 1539 coram
2323 1503 2403 1540 me
2447 1503 2640 1540 vacuus
2672 1487 2741 1541 ".
2800 1485 2967 1543 Nemo
3008 1489 3168 1558 igitur
3199 1505 3434 1558 vacuus,

1894 3492 1994 3546 bus
2048 3492 2191 3559 leges
2234 3491 2588 3560 praescribite.
2624 3487 2741 3543 Non
2779 3498 2861 3542 est
2901 3486 3044 3542 enim
3103 3483 3454 3540 dissensionis

215 3589 338 3641 ἐστι
367 3587 500 3650 Θεὸς
537 3584 936 3646 ἀκαταστασίας
980 3584 1073 3636 καὶ
1115 3582 1358 3646 ἀταξίας,
1405 3581 1519 3634 ἀλλ’
1565 3582 1788 3652 εἰρήνης

216 3680 315 3734 καὶ
344 3679 566 3744 τάξεως.
614 3671 702 3746 Μὴ
731 3676 910 3728 τοίνυν
943 3673 1080 3726 ἔστω
1111 3689 1192 3736 τις
1231 3672 1457 3743 κεφαλὴ,
1495 3673 1653 3742 μόγις
1685 3689 1786 3726 που

216 3771 342 3842 χείρ
361 3769 662 3839 τυγχάνων,
696 3767 728 3838 ἢ
767 3765 921 3828 ποῦς.
964 3765 996 3834 ἢ
1026 3764 1153 3817 ἄλλο
1179 3783 1231 3818 τι
1263 3765 1382 3817 τῶν.
1397 3763 1788 3834 εὐτελεστέρων

221 3861 401 3934 μελῶν
439 3859 549 3931 (97)
584 3858 677 3912 τοῦ
720 3858 998 3930 σώματος·
1025 3857 1137 3910 ἀλλ’
1161 3857 1389 3918 ἕκαστος
1431 3857 1488 3908 ἐν
1587 3854 1788 3926 ἐκλήθη

217 3955 392 4021 τάξει,
425 3950 662 4019 ἀδελφοὶ,
698 3951 755 4002 ἐν
775 3949 943 4020 ταύτῃ
980 3948 1203 4019 μενέτω,
1235 3941 1394 4017 κεινῇ
1424 3946 1523 4015 τῆς
1545 3946 1790 4016 κρείττο-

218 4063 308 4108 νος
340 4043 492 4108 ἄξιος
514 4060 527 4074 ο
575 4045 632 4096 ἐν
759 4042 974 4112 στέργει
1009 4039 1117 4110 (98)
1148 4037 1245 4108 τὴν
1278 4035 1580 4108 παροῦσαν,
1631 4036 1791 4090 πλέον

218 4135 544 4205 εὐδοκιμῶν,
579 4133 611 4205 ἢ
654 4135 710 4186 ἐν
751 4132 828 4202 τῷ
854 4133 1034 4204 ζητεῖν
1069 4131 1134 4200 ἣν
1171 4129 1271 4182 οὐκ
1313 4128 1522 4181 ἐλαϐεν.
1555 4128 1644 4197 Μή
1684 4144 1788 4190 τις,

221 4230 341 4282 ἐνὸν
382 4226 680 4289 ἀκινδύνως
723 4225 969 4289 ἕπεσθαι,
1000 4225 1184 4293 ἄρχειν
1221 4217 1574 4283 ἐπικινδύνως
1606 4219 1792 4272 ἐπιθυ-

225 4319 400 4388 μείτω
421 4336 432 4347 ·
483 4317 618 4387 μηδὲ
666 4318 695 4369 6
745 4316 844 4385 τῆς
873 4314 1150 4381 ὑποταγῆς
1185 4311 1344 4380 νόμος
1364 4309 1731 4372 καταλυέσθω,
1758 4309 1792 4379 ἢ

222 4410 316 4463 καὶ
348 4407 419 4461 τά
447 4409 664 4476 ἐπίγεια
700 4407 912 4476 συνέχει
954 4404 1047 4458 καὶ
1073 4402 1140 4456 τά
1166 4400 1424 4472 οὐράνια·
1466 4399 1599 4470 μηδὲ
1628 4399 1794 4452 ποιῶ-

225 4518 326 4572 μεν
378 4499 641 4572 ἀναρχίαν
683 4497 781 4568 τὴν
811 4493 1162 4566 πολυαρχίαν.
1209 4493 1270 4546 Οἱ
1312 4492 1438 4564 περ)⁸
1474 4491 1680 4558 λόγους,
1719 4489 1791 4560 μὴ

1890 3592 1945 3636 ει
1976 3581 2311 3634 confusionis
2348 3580 2508 3643 Deus,
2551 3583 2643 3635 sed
2668 3580 2814 3650 pacis
2840 3589 2894 3634 et
2925 3577 3129 3633 ordinis
3152 3577 3195 3630 ‘.
3226 3573 3302 3631 Ne
3329 3575 3454 3644 quis

1889 3673 2054 3743 igitur
2085 3683 2244 3742 caput
2273 3673 2362 3740 sit,
2409 3677 2501 3743 qui
2550 3675 2640 3728 vix
2683 3682 2774 3727 aut
2819 3687 3028 3734 manus,
3063 3679 3156 3724 aut
3198 3685 3316 3740 pes,
3362 3677 3454 3723 aut

1890 3763 2050 3817 vilius
2075 3762 2344 3833 quoddam
2377 3763 2522 3817 aliud
2546 3763 2785 3829 corporis
2826 3761 3124 3816 membrum
3169 3769 3252 3814 est.
3293 3776 3308 3814 :
3359 3773 3454 3811 ve-

1895 3873 2032 3920 rum,
2067 3871 2175 3925 quo
2205 3865 2430 3911 vocatus
2485 3865 2587 3919 est,
2627 3856 2679 3908 in
2737 3869 2802 3908 eo
2842 3853 3009 3922 gradu
3061 3851 3290 3921 quisque
3340 3863 3456 3903 ma-

1893 3957 2036 4011 neat,
2070 3947 2282 4002 etiamsi
2326 3947 2530 4016 alioqui
2578 3946 2933 4017 prarstautiori
2957 3944 3151 4014 dignus
3178 3943 3282 4007 sit;
3335 3954 3457 4010 p.us

1895 4039 2084 4107 utique
2113 4038 2288 4093 laudis
2321 4039 2600 4093 habiturus
2642 4053 2707 4091 ex
2742 4052 2806 4090 eo
2835 4035 2974 4105 quod
3005 4033 3254 4104 przesenti
3286 4032 3453 4103 gradu

1895 4131 2209 4200 acquiescit,
2237 4146 2400 4199 quam
2424 4130 2466 4184 si
2503 4145 2625 4184 eum
2677 4140 2908 4198 qtnerat,
2962 4141 3124 4197 quem
3164 4142 3268 4180 nou
3305 4138 3457 4179 acce-

1893 4222 1989 4291 pit.
2023 4220 2102 4275 Ne
2123 4223 2268 4292 quis,
2301 4238 2422 4276 cum
2454 4223 2572 4276 sine
2602 4220 2839 4290 periculo
2871 4219 3034 4273 alium
3088 4216 3237 4286 sequi
3277 4214 3454 4279 liceat,

1893 4315 2085 4383 prteire
2119 4330 2241 4368 cum
2286 4313 2522 4383 periculo
2557 4321 2800 4379 expetat;
2856 4325 2958 4364 nec
2984 4306 3300 4362 obcdientia:
3349 4305 3454 4365 lex,

1893 4423 2012 4476 qua:
2044 4415 2152 4460 tam
2204 4417 2415 4459 terrena
2441 4419 2601 4472 quam
2640 4401 2882 4456 cmlestia
2915 4409 3091 4452 tuetur
3120 4407 3283 4464 atque
3323 4410 3455 4448 cou-

1895 4509 2095 4560 servat,
2127 4497 2449 4567 infringatur
2481 4512 2495 4548 :
2527 4509 2700 4562 neque
2754 4489 3176 4548 committamus,
3211 4496 3267 4538 ιιι
3322 4500 3460 4553 prte—

461 4552 779 4656 "goiqvkoyoi;
811 4552 1082 4660 θαρῥεέέὲ,
1122 4583 1256 4656 μηδὲ
1292 4552 1572 4652 σοφίζεσθέ
1600 4552 1788 4651 περι-σί

1898 4587 2162 4642 lectorum
2197 4552 2483 4640 multitudo
2518 4586 2572 4639 in
2609 4584 2917 4637 dissolutam
2953 4579 3070 4658 sine
3098 4577 3222 4631 ullis
3270 4574 3460 4644 praeie-

225 4687 292 4741 σά
326 4684 422 4739 καὶ
457 4683 598 4754 ὑπὲρ
635 4681 725 4734 τὸν
757 4679 936 4747 λόγον,
971 4676 1104 4748 μηδὲ
1137 4675 1292 4744 νικᾷν
1315 4672 1628 4742 ἐπιθυμεῖτε
1659 4671 1796 4724 πάν-

223 4796 293 4832 τα
325 4775 536 4838 κακῶς,
571 4772 686 4828 ἀλλ’
713 4769 858 4824 ἔστιν
893 4768 928 4822 ἃ
964 4768 1056 4821 καὶ
1084 4764 1347 4838 ἡττᾶσθαι
1388 4762 1568 4826 καλῶς
1612 4759 1799 4832 ἀνέχε-

1896 4679 1997 4732 etis
2031 4679 2245 4733 vivendi
2277 4677 2545 4733 licentiam
2598 4674 2823 4728 recidat.
2866 4669 2965 4737 Qui
3014 4669 3202 4723 litteris
3240 4680 3456 4736 operam

1898 4771 2058 4832 datis,
2090 4784 2158 4822 ne
2215 4769 2480 4823 doctrina:
2534 4779 2697 4834 atque
2731 4765 3052 4834 eloquentia:
3091 4771 3282 4814 vestra:
3341 4772 3460 4811 ma-

227 4869 322 4924 σθε
347 4867 482 4939 (99).
513 4865 642 4918 Δότε
675 4863 754 4934 τῷ
776 4863 933 4932 Λόγῳ
970 4859 1060 4912 τὸν
1092 4857 1276 4927 λόγον·
1315 4856 1572 4926 ποιήσατε
1602 4853 1788 4906 δικαιο-

1900 4845 2133 4932 gnopere
2157 4861 2466 4925 conﬁdatis,
2497 4875 2592 4914 nec
2623 4858 2905 4911 immodice
2941 4865 2994 4907 et
3028 4854 3147 4922 plus
3183 4865 3343 4920 quant
3373 4863 3460 4901 ra-

229 4961 396 5031 σύνης
413 4959 596 5023 ὅπλον,
633 4957 708 5029 μὴ
741 4953 994 5016 θανάτου,
1028 4952 1126 5023 τὴν
1152 4950 1450 5004 παίδευσιν.

1903 4953 1976 5006 tio
2006 4953 2260 5024 postulat,
2288 4954 2559 5022 sapientes
2589 4951 2727 5015 sitis,
2770 4964 2870 5002 nec
2912 4945 3162 5000 omnibus
3205 4944 3258 4996 in
3301 4939 3462 4994 rebus

263 5125 313 5161 ”
336 5124 506 5180 Exod.
536 5135 698 5182 χχιιι,
742 5117 836 5171 15.
904 5115 950 5147 ³⁷
987 5114 1339 5182 Psal.cxxxt,
1373 5110 1459 5182 16.
1535 5111 1581 5147 ⁸⁸
1605 5109 2033 5182 Ezech.xxxtv,
2073 5107 2127 5172 5,
2167 5107 2222 5160 6.
2300 5104 2345 5138 9°
2373 5102 2526 5158 Joan.
2555 5119 2610 5166 x,
2642 5102 2698 5155 11
2728 5117 2847 5170 sqq.
2927 5102 2942 5131 ⁸
2978 5099 2997 5152 1
3037 5097 3183 5152 Petr.
3234 5109 3318 5159 tv,
3371 5095 3460 5149 17.

229 5199 254 5230 ²
284 5179 394 5252 lsa.
442 5209 532 5256 xc,
566 5191 622 5244 2.
684 5179 718 5220 Ἲ³
762 5187 955 5242 Matth.
997 5199 1154 5249 χχιιι,
1207 5181 1294 5234 15.
1369 5179 1438 5233 ⁸1
1472 5183 1599 5236 Cor.
1645 5195 1759 5245 xtv,
1815 5181 1905 5236 55.

301 5306 414 5375 (92)
450 5302 758 5375 Ἐλλίπῃᾳ
801 5299 904 5375 Οι·ἒ
935 5298 990 5362 1,
1015 5296 1267 5375 ἐλλειπῃς
1310 5292 1520 5375 [male].

1898 5345 1903 5350 .
1983 5291 2094 5361 (96)
2122 5289 2542 5360 Ποιμαίνησθε.
2581 5285 2710 5353 Reg.
2755 5284 2843 5354 ph.
2874 5291 2926 5336 et
2964 5281 3125 5335 Coisl.
3161 5281 3212 5343 1,
3248 5277 3460 5349 non).an

302 5362 414 5446 (95)
435 5375 504 5446 Τὸ
521 5373 588 5446 δὲ
600 5362 1023 5446 σερὸθυμήθητι.
1049 5366 1140 5421 Sic
1155 5362 1389 5446 quinque
1407 5362 1595 5434 Re’ggq
1618 5364 1788 5446 decen

1909 5362 2107 5446 νοισθε.

233 5436 522 5512 (Ξοὶὶ).,οι“.
542 5444 593 5507 1,
620 5436 798 5512 Pass,
832 5453 1072 5512 quorum
1096 5436 1411 5512 auctori-tate
1439 5436 1801 5512 resecavimus

238 5517 314 5588 μή
348 5505 476 5570 ante
496 5505 902 5635 προθυμῄθητι,
935 5507 1073 5572 quod
1102 5505 1158 5586 in
1184 5505 1342 5560 editis
1370 5505 1655 5572 reperitur.

307 5585 421 5655 (94)
452 5589 568 5655 Ka_
588 5584 656 5655 ἐκ
677 5597 795 5634 των
819 5576 1071 5655 οἰκείων.
1104 5575 1195 5629 Sic
1227 5574 1405 5655 plures
1439 5574 1596 5628 codd.
1639 5572 1655 5625 Ι

331 5601 421 5637 341
452 5601 537 5637 11a

316 5724 426 5792 (95)
455 5723 644 5792 Διπλᾱ
668 5719 740 5773 τὰ
757 5715 1156 5788 ἁμαρτήματα.
1185 5732 1204 5766 ι
1242 5712 1472 5781 Duplicia
1500 5723 1737 5784 peccata,
1773 5731 1791 5764 ι

243 5793 296 5850 id
325 5791 427 5858 est,
459 5812 475 5844 ι
510 5791 747 5863 duplices
781 5797 1119 5861 peccatorum
1154 5799 1353 5854 poenas.
1388 5801 1404 5834 ι
1539 5817 1546 5820 -

588 5584 656 5636 ἐκ
677 5572 1071 5634 τῶνοίκείων.
1104 5575 1195 5629 Sic
1227 5574 1405 5642 plures
1439 5574 1596 5628 codd.
1639 5572 1799 5628 Deest

238 5643 511 5708 ex‘in'ed.
540 5653 722 5705 Bittius
755 5649 914 5702 vertit
948 5667 959 5700 :
991 5663 1009 5696 ι
1038 5655 1092 5700 ει
1131 5645 1271 5712 quod
1321 5644 1430 5696 Deo
1467 5643 1733 5698 convenit.
1772 5663 1792 5695 ι
1903 5661 1937 5710 γ

1978 5431 2086 5513 (9⁸7)
2111 5429 2342 5485 Μελῶν.
2373 5427 2502 5495 Reg.
2532 5427 2622 5496 pb,
2647 5422 2812 5478 Coisl.
2849 5423 2900 5485 1,
2929 5430 3049 5475 οειο
3077 5419 3250 5484 Colb.,
3269 5417 3362 5474 0r.
3409 5418 3464 5484 1,

1908 5505 2389 5574 μερίῷνηρπειηι
2523 5564 2536 5574 .
2751 5563 2791 5574 .-
3068 5561 3080 5574 .
3214 5557 3241 5571 η
3529 5505 3536 5514 ’

1951 5554 2109 5650 ,(98)⁷
2147 5554 2248 5624 Ἔν
2315 5560 2362 5634 ᾧ
2431 5564 2682 5634 στέργει.
2751 5563 2976 5626 Forsan,
3064 5561 3120 5614 ἐν
3174 5557 3251 5630 τῷ
3307 5554 3462 5631 στέρ-

2127 5671 2460 5777 Ἀνέχεσάε.
2493 5704 2654 5762 Coisl.
2689 5704 2738 5768 1,
2775 5701 3078 5773 ἀνέχεσθαι.
