3852 6408
430 360 572 420 1055

1627 368 1684 423 S.
1727 366 2060 424 GREGORII
2098 367 2188 423 TH
2199 367 2451 425 EOLOGI

3547 370 3659 426 1056

426 477 649 534 vincere
685 479 823 534 male
875 479 1129 549 cupiatis,
1187 479 1281 537 sed
1341 479 1394 534 in
1425 481 1746 551 quibusdam
1782 483 1945 537 etiam
1993 484 2218 538 honeste
2283 481 2428 537 vinci
2485 496 2640 550 aequo
2703 480 2883 535 animo
2933 479 3137 535 feratis.
3188 478 3368 533 Verbo
3414 494 3664 540 sermones

429 572 571 628 date.
607 572 826 636 Curate,
863 579 923 626 ut
969 573 1240 638 doctrina,
1297 587 1405 628 non
1447 575 1657 640 mortis’,
1705 575 1798 629 sed
1846 574 2069 642 iustitiae
2095 575 2248 629 vobis
2289 576 2706 628 instrumentum
2742 575 2830 626 sit.

496 662 589 716 Xl.
618 663 835 726 Milites,
860 665 1086 718 contenti
1119 673 1284 718 estote
1310 666 1493 718 vestris
1523 667 1794 730 stipendiis
1821 705 1837 730 ,
1894 680 1996 719 nec
2024 672 2071 726 Α

429 755 719 825 quidquam
758 765 955 824 praeter
1000 756 1050 810 id
1099 757 1240 825 quod
1283 758 1432 810 vobis
1490 760 1843 812 coostitutum
1897 765 1999 820 est,

426 850 700 918 exposcite
730 850 772 902 ⁸.
823 847 937 904 Hoc
964 865 1175 903 mecum
1205 851 1361 905 vobis
1415 850 1718 905 faciendum
1755 852 2003 920 prtescri-

426 939 503 992 bit
541 953 764 1008 magnus
817 939 906 992 ille
947 939 1192 994 veritatis
1239 956 1416 1008 przeco
1459 940 1716 1003 Joannes,
1751 958 1855 996 vox
1912 942 1999 996 illa

431 1024 592 1082 Verbi
635 1027 854 1096 praevia.
899 1027 1039 1094 Quid
1074 1031 1401 1099 stipendium
1459 1031 1725 1098 appellat?
1781 1032 1999 1099 Regiam

425 1127 573 1173 certe
621 1133 912 1182 annonam,
960 1129 1120 1190 atque
1175 1137 1397 1175 munera
1457 1122 1568 1184 illa,
1604 1140 1722 1191 qua:
1761 1125 1848 1185 iis,
1906 1125 1998 1192 qui

425 1211 591 1282 37o
611 1211 902 1278 dignitates
925 1213 1190 1278 obtinent,
1221 1215 1334 1283 lege
1357 1216 1648 1268 constituta
1679 1217 1824 1268 sunt.
1849 1215 1998 1281 Quod

427 1311 606 1354 autem
647 1301 975 1370 superfluum
1009 1313 1111 1367 est,
1143 1303 1420 1367 cuiusnam
1465 1305 1574 1357 sit?
1624 1305 1738 1373 Ipse
1781 1306 1997 1372 quidem

423 1409 616 1448 vereor
647 1394 846 1459 dicere,
889 1408 959 1448 ne
1005 1395 1131 1463 quid
1162 1395 1369 1450 sinistri
1424 1397 1626 1450 ominis
1682 1397 1767 1449 hic
1820 1411 2000 1450 sermo

424 1483 668 1538 habeat:
711 1485 799 1538 sed
838 1484 937 1554 ipsi
995 1496 1142 1539 certe
1196 1486 1330 1540 satis
1390 1500 1487 1553 per
1539 1501 1633 1539 vos
1679 1485 1996 1554 intelligitis,

423 1577 669 1644 quamvis
708 1578 890 1631 dicere
926 1578 1338 1645 supersedeam;
1374 1576 1473 1643 Qui
1503 1594 1530 1631 a
1576 1577 1880 1646 reipublicae
1908 1578 1998 1628 ad-

421 1665 816 1721 ministratioae
871 1682 1066 1722 nomen
1115 1668 1354 1731 ducitis,
1409 1684 1526 1736 qua:
1566 1665 1795 1720 Cu'saris
1852 1675 1996 1730 sunt,

427 1754 624 1810 Caesari
667 1759 904 1822 reddite,
933 1767 982 1812 et
1029 1775 1145 1827 qua:
1197 1758 1316 1822 Dei,
1358 1758 1468 1812 Deo
1503 1759 1560 1824 ⁶;
1608 1759 1680 1810 illi
1730 1758 1997 1826 vectigal,

424 1842 551 1899 huic
583 1847 863 1913 tiiriorem;
907 1849 1158 1902 timorem
1193 1859 1371 1902 autem
1423 1864 1544 1902 curn
1594 1849 1736 1913 dico,
1789 1851 1998 1918 expila-

421 1935 623 1990 tiouem
654 1938 934 2006 prohibeo.
964 1939 1105 2004 Quid
1137 1955 1266 1994 vero
1297 1940 1498 2010 magni,
1533 1940 1765 1996 fortasse
1801 1942 1995 1995 dicturi

2167 667 2272 721 IA’.
2290 665 2583 735 Ἆρκεῖσθε
2597 663 2722 731 τοῖς
2736 663 2906 729 ἰδίοις
2922 664 3224 731 ὀψωνίοις,
3241 665 3296 716 οἱ
3316 662 3668 731 στρατιῶται,

2103 758 2197 811 καὶ
2233 757 2396 828 μηδὲν
2425 757 2567 828 ὑπὲρ
2607 756 2668 809 τὸ
2701 756 3123 828 διατεταγμένον
3160 757 3470 809 ἀπαιτεῖτε.
3504 755 3671 809 Ταῦτα

2103 850 2233 919 ὑμῖν
2267 849 2638 902 διακελεύεται
2680 849 2799 919 μεθ’
2827 849 2984 919 ἡμῶν
3019 847 3292 917 Ἰωάννης,
3322 849 3352 900 ό
3385 846 3555 916 μέγας
3582 848 3670 915 τῆς

2102 940 2358 1012 ἀληθείας
2388 940 2583 1011 κῆρυξ,
2611 941 2644 1010 ὴ
2669 940 2742 1011 (1)
2775 939 3078 1011 πρόδρομος
3101 939 3196 992 τοῦ
3225 939 3399 1006 Λόγου
3426 939 3595 1006 φωνή.
3616 939 3674 990 Τί

2101 1028 2276 1098 λέγων
2320 1028 2549 1098 ὀψώνιον
2585 1029 2695 1100 (‘2);
2725 1029 2798 1081 Τὸ
2832 1027 3106 1098 βασιλικὸν
3149 1027 3457 1097 σιτηρέσιον
3502 1025 3674 1093 δηλον-

2100 1121 2202 1186 ότι,
2232 1121 2326 1175 καὶ
2349 1121 2448 1185 τὰς
2482 1120 2832 1192 ὑπαρχούσας
2865 1123 2930 1174 ὲκ
2961 1120 3126 1190 νόμου
3156 1121 3267 1179 τοῖς
3294 1115 3569 1186 ἀξιώμασι
3591 1116 3679 1168 δω-

2103 1213 2253 1283 ρεάς.
2283 1213 2357 1266 Τὸ
2388 1213 2446 1266 δὲ
2485 1211 2765 1283 περισσὸν,
2801 1212 2944 1273 τίνος
2975 1211 3085 1281 (5);
3117 1209 3257 1277 Ἐγὼ
3297 1209 3396 1278 μὲν
3423 1207 3568 1260 ὀκνῶ
3599 1206 3678 1260 λέ-

2100 1321 2217 1372 γειν
2267 1303 2327 1356 τὸ
2369 1304 2723 1373 βλάσφημον·
2768 1302 2928 1372 ὑμεῖς
2973 1301 3047 1363 δὲ,
3091 1297 3186 1353 οἶδ’
3225 1301 3306 1352 ὅτι
3337 1299 3415 1368 (4)
3449 1297 3674 1356 συνίετε,

2103 1394 2206 1448 κᾶν
2240 1393 2350 1461 ἐγὼ
2375 1394 2663 1464 φείδωμαι.
2709 1391 2991 1446 Ἀπόδοτε
3028 1391 3101 1444 τὰ
3131 1391 3434 1458 Καίσαρος
3465 1389 3675 1443 Καίσα-

2094 1504 2175 1555 ρι,
2205 1487 2302 1539 καὶ
2340 1487 2412 1539 τὰ
2435 1486 2539 1539 τοῦ
2571 1484 2719 1538 Θεοῦ
2760 1483 2840 1549 τῷ
2865 1482 3018 1549 Θεῷ·
3048 1479 3127 1553 τῷ
3164 1483 3264 1553 μὲν
3304 1484 3363 1534 τὸ
3402 1481 3572 1543 τέλος,
3603 1480 3672 1550 τῷ

2099 1578 2155 1630 δὲ
2177 1576 2267 1630 τὸν
2295 1576 2482 1645 φόϐον,
2515 1577 2672 1646 ὑμεῖς
2698 1575 2746 1628 οἱ
2769 1576 2865 1645 τῆς
2890 1565 3158 1635 πολιτείας
3187 1571 3494 1642 ἐπώνυμοι·
3521 1571 3670 1638 φόϐον

2099 1667 2156 1720 δὲ
2198 1669 2324 1720 ὃταν
2371 1667 2529 1729 εἴπω,
2569 1665 2765 1719 κωλύω
2796 1666 2894 1735 τὴν
2927 1664 3259 1728 πλεονεξίαν.
3295 1663 3361 1715 Τί
3399 1659 3494 1740 οὑν
3524 1664 3669 1732 ἡμεῖς

2101 1757 2486 1828 κερδανοῦμεν,
2517 1758 2657 1826 τάχα
2686 1755 2753 1809 ἂν
2777 1757 3002 1819 εἴποιτε,
3034 1756 3212 1825 μέγα;
3244 1755 3318 1807 Τὸ
3348 1753 3564 1806 πάντων
3591 1753 3668 1822 μὲ-

2100 1864 2310 1916 γιστον·
2351 1849 2445 1900 καὶ
2477 1848 2527 1900 εί
2563 1846 2839 1916 βούλεσθε,
2869 1846 2935 1898 δι’
2964 1847 3098 1916 ἐμοῦ
3138 1844 3378 1915 μεσίτου,
3426 1843 3527 1904 τὰς
3550 1861 3668 1914 χρη-

2103 1939 2233 2000 στὰς
2284 1938 2521 2002 ἐλπίδας,
2559 1939 2653 1990 καὶ
2688 1937 2758 1990 τὰ
2802 1941 3043 2008 πρωτεῖα
3077 1940 3173 2007 τῆς
3208 1938 3320 1990 ἄνω
3362 1936 3586 1998 πόλεως,
3613 1937 3666 1987 οὑ

423 2028 579 2092 estis,
608 2042 673 2081 ex
710 2044 771 2082 ea
824 2044 882 2084 re
935 2030 1308 2085 lucrahimur?
1357 2033 1486 2086 Item
1540 2033 1779 2086 omnium
1834 2033 2002 2084 maxi-

2115 2031 2203 2099 τῆς
2230 2031 2431 2101 μικρᾶς
2466 2024 2670 2099 ταύτης
2697 2029 2791 2081 κα)⁸
2815 2029 3103 2098 ἐλαχίστης
3135 2029 3191 2079 ἐν
3225 2026 3468 2086 πόλεσιν,
3495 2022 3560 2095 ἧς
3588 2025 3668 2076 οὖ-

422 2131 600 2181 tuam;
646 2132 859 2187 meque,
907 2119 951 2172 si
1005 2120 1078 2173 ita
1137 2121 1318 2182 vultis,
1378 2122 1698 2188 mediatore,
1742 2125 1995 2176 nimirum

422 2223 544 2275 Spes
577 2208 800 2273 faustas,
841 2225 904 2262 ac
933 2211 1144 2280 primas
1189 2227 1435 2282 superate
1465 2213 1726 2278 civitatis,
1767 2230 1872 2266 non
1907 2215 2000 2268 hu-

417 2297 504 2365 jus
547 2298 755 2369 exiguae
811 2301 1154 2371 minimaeque
1213 2305 1351 2357 inter
1400 2303 1671 2370 civitates,
1716 2304 1870 2372 cujus
1932 2322 1998 2360 ne

411 2384 706 2461 imperium
737 2393 953 2461 quidem
995 2403 1200 2456 tenere,
1236 2407 1291 2448 ut
1350 2396 1401 2448 in
1451 2395 1656 2450 altricis
1691 2411 1824 2450 mea}
1877 2413 1997 2466 gra-

421 2483 548 2536 tiam
583 2485 901 2552 parcissime
930 2487 1142 2554 loquar,
1189 2487 1474 2541 admodum
1505 2489 1742 2557 amplum
1798 2497 1880 2542 est
1935 2505 1998 2542 ac

422 2576 736 2643 gloriosum.
770 2579 881 2632 Illic
912 2580 1121 2646 primas
1155 2590 1340 2634 tenere
1387 2581 1705 2649 cupiamus;
1753 2581 1896 2636 illius
1923 2582 2000 2634 vi-

428 2680 496 2722 tae
557 2672 896 2738 splendorem
952 2673 1166 2742 assequi
1214 2674 1561 2738 Studeamus;
1613 2689 1712 2744 pro
1772 2674 2000 2730 misera-

424 2761 574 2815 tione
602 2763 652 2815 in
690 2763 791 2815 hac
840 2763 948 2816 vita
996 2764 1328 2818 calamitosis
1366 2765 1628 2829 exhibita,
1680 2766 1732 2818 in
1771 2765 2001 2818 Abrahze

424 2853 545 2905 sinu
609 2853 1048 2922 requiescamus;
1100 2855 1306 2922 justum
1354 2854 1613 2922 judicium
1663 2853 1998 2922 iudicemus;

426 2958 718 3011 pauperem
756 2955 808 2996 et
837 2960 1061 3015 egenum
1092 2946 1386 3015 eripiamus
1421 2960 1437 2998 :
1477 2945 1650 3000 vidua:
1677 2958 1731 3001 et
1759 2949 2001 3017 orphanu

425 3034 848 3087 misericordiam
909 3035 1312 3103 impertiamur;
1383 3049 1499 3099 eos,
1540 3035 1633 3102 qui
1688 3036 1753 3090 ad
1809 3053 1998 3091 necem

425 3127 730 3189 trahuntur,
766 3123 1126 3190 redimamus;
1187 3134 1297 3185 aut,
1355 3133 1418 3176 ut
1468 3124 1744 3178 levissime
1798 3125 1998 3191 dicam,

425 3229 615 3266 manus
683 3213 812 3281 ipsis
872 3228 939 3266 ne
995 3212 1288 3268 aﬂ‘eramus
1347 3213 1540 3268 :"eum
1595 3213 1688 3283 qui
1739 3223 1998 3276 nostram,

425 3305 584 3354 etiam
627 3318 800 3370 usque
829 3304 894 3355 ad
928 3318 1128 3357 mensa:
1162 3304 1340 3358 micas
1362 3304 1407 3368 ",
1437 3319 1595 3373 opem
1628 3303 1905 3374 implorat,
1937 3319 2004 3360 ne

2099 2122 2156 2174 δὲ
2196 2121 2257 2173 τὸ
2283 2121 2491 2192 ἄρχειν,
2536 2119 2624 2172 ἵνα
2657 2119 2891 2190 μετρίως
2921 2118 3061 2170 εἴπω
3089 2117 3262 2187 τιμῶν
3295 2117 3373 2178 ὠς
3408 2114 3664 2185 θρεψαμέ-

2099 2231 2217 2284 νην,
2253 2213 2392 2265 πάνυ
2435 2231 2487 2265 τι
2518 2212 2711 2282 σεμνὸν
2745 2213 2839 2264 καὶ
2876 2210 3285 2280 ὑπέρλαμπρον.
3342 2209 3491 2260 Ἐκεῖ
3526 2206 3665 2274 γενέ-

2103 2305 2226 2359 σθαι
2261 2304 2466 2380 πρῶτοι
2491 2303 2836 2374 θελήσωμεν·
2869 2301 3323 2372 μεταποιηθῶμεν
3356 2299 3458 2369 τῆς
3479 2298 3664 2351 ἐκεῖθεν

2098 2394 2498 2466 λαμπρότητος·
2530 2397 2587 2446 ὲν
2611 2392 2832 2454 κόλποις
2866 2390 3137 2462 Ἀϐραὰμ,
3163 2391 3282 2443 ἀντὶ
3314 2389 3413 2459 τῆς
3438 2386 3668 2440 ἐντεῦθεν

2099 2485 2514 2556 εὐσπλαγχνίας,
2534 2483 2975 2555 ἁναπαυσώμεθα
2998 2500 3011 2513 ·
3046 2485 3221 2553 κρῖμα
3248 2483 3460 2534 δίκαιον
3486 2480 3668 2550 κρίνω-

2104 2595 2234 2649 μεν·
2271 2577 2583 2646 ὲξελὼμεθα
2633 2577 2838 2648 πένητα
2893 2576 2986 2628 καὶ
3051 2574 3304 2644 πτωχόν·
3367 2574 3543 2643 χήραν
3589 2572 3672 2624 καὶ

2099 2672 2333 2744 ὀρφανὸν
2383 2671 2724 2740 ἐλεήσωμεν·
2783 2666 3136 2739 ὲκπριώμεθα
3201 2664 3670 2736 κτεινομένους,ῆ

2099 2764 2158 2817 τό
2211 2779 2274 2832 γε
2337 2761 2702 2833 μετριώτατον
2762 2761 2838 2830 (5)
2885 2762 3079 2819 εἰπεῖν,
3141 2759 3213 2830 μὴ
3263 2760 3418 2811 αὐτοὶ
3463 2757 3669 2810 κτείνω-

2105 2871 2237 2926 μεν·
2283 2853 2357 2924 μὴ
2399 2853 2715 2924 παρίδωμεν
2745 2851 2837 2902 τὸν
2882 2850 3136 2919 δεόμενον
3173 2849 3352 2919 ἡμῶν,
3405 2849 3566 2918 μέχρι
3595 2849 3671 2899 καὶ

2099 2946 2208 2999 τῶν
2225 2945 2332 2998 ἀπὸ
2355 2942 2631 3015 τραπέζης
2654 2942 2847 3013 ψιχίων
2874 2942 2978 3011 (6)·
3003 2941 3099 2994 καὶ
3129 2941 3203 3011 μὴ
3238 2941 3672 3010 παραδράμωμεν

2106 3038 2198 3089 τὸν
2231 3035 2545 3108 ἡλκωμένον
2582 3035 2685 3105 (7),
2722 3034 2816 3087 καὶ
2850 3033 3180 3103 βεϐλημένον
3235 3035 3292 3085 ἐν
3337 3036 3455 3096 τοῖς
3497 3031 3674 3103 ἡμετὲ-

2106 3147 2218 3202 ροις
2285 3128 2559 3180 πυλῶσιν·
2628 3125 2702 3197 μὴ
2756 3127 3154 3197 τρυφήσωμεν,
3211 3124 3386 3178 ἄλλων
3449 3141 3676 3175 κοιιιιοπα⁴

2104 3220 2338 3274 θούντων
2366 3236 2378 3248 ·
2419 3217 2493 3288 μὴ
2529 3214 2906 3288 βδελυξὼμεθα
2937 3214 3029 3268 τὸν
3063 3213 3384 3283 ὁμόδουλον·
3421 3212 3518 3283 μὴ,
3549 3213 3675 3280 φίλοι

2105 3313 2201 3366 καὶ
2250 3310 2490 3379 ἀδελφοὶ,
2548 3307 2835 3379 γενώμεθα
2881 3306 2983 3376 τῆς
3028 3305 3122 3358 τοῦ
3155 3305 3412 3358 πλουσίου
3455 3305 3678 3376 μερίδος,

425 3396 785 3464 despiciamus
817 3415 830 3450 :
865 3397 1170 3460 ulcerosum
1211 3406 1264 3451 et
1289 3412 1389 3467 pro
1422 3395 1630 3452 foribus
1684 3397 1888 3452 nostris
1914 3396 1999 3464 ja-

2115 3403 2244 3475 μηδὲ
2277 3401 2625 3472 ωυνηθῶμεν
2658 3402 2716 3453 ὲν
2745 3402 2810 3470 τῇ
2840 3397 3020 3468 φλογὶ,
3051 3397 3184 3468 μηδὲ
3214 3396 3292 3466 τῷ
3319 3396 3563 3468 χάσματι
3584 3397 3678 3449 δια-

426 3497 640 3541 ccutem
681 3503 748 3541 ne
782 3497 1170 3552 praetereamus
1198 3505 1212 3541 :
1245 3486 1618 3542 laborantibus
1669 3487 1811 3551 ali-is,
1843 3497 2002 3555 atque

429 3577 481 3632 in
509 3579 824 3633 calamitate
849 3579 1182 3640 constitutis,
1222 3579 1370 3633 luxui
1406 3592 1475 3633 ne
1521 3577 1864 3644 studeamus;
1907 3591 2006 3634 nec

430 3683 750 3722 emiservum
812 3679 1058 3722 nostrum
1122 3668 1597 3724 exborrescamus.
1655 3667 2003 3738 Ne,qua:so,

432 3761 626 3815 fratres
657 3769 712 3815 et
741 3761 920 3828 amici,
971 3776 1000 3814 a
1053 3761 1236 3815 divitis
1289 3761 1432 3818 illius
1490 3762 1738 3830 partibus
1779 3771 2004 3826 stemus,

434 3868 530 3906 nec
567 3855 800 3906 llautmis
855 3855 1186 3920 cruciemur,
1231 3869 1336 3907 nec
1380 3863 1534 3907 vasto
1567 3854 1716 3908 hiatu
1744 3869 1772 3906 a
1804 3854 2012 3922 piorum

433 3953 576 3998 coetu
626 3944 1000 3998 dirimamur:
1059 3961 1161 3999 nec
1216 3961 1336 3998 cmn
1392 3943 1599 3998 Lazaro
1637 3960 1874 4014 paupere
1923 3944 2015 3999 illo

440 4035 710 4103 supplices
741 4052 986 4106 agamus,
1020 4045 1077 4092 ut
1110 4047 1348 4091 nostram
1400 4037 1636 4104 linguam
1673 4038 1816 4108 ignis
1861 4039 2004 4090 ardo-

436 4129 587 4183 ribus
613 4139 880 4195 exustam,
919 4137 1167 4182 extremo
1211 4128 1380 4198 digito
1427 4128 1732 4197 refrigeret,
1765 4144 1828 4183 ac
1861 4145 1930 4182 ne
1966 4128 2019 4182 id

437 4220 651 4288 quidem
688 4219 1060 4288 impetremus.
1111 4217 1293 4274 Simus
1322 4219 1558 4288 benigni,
1613 4220 2009 4286 misericordes,

440 4312 656 4366 humani
711 4330 726 4366 :
779 4311 1019 4383 Magistri
1087 4314 1256 4367 nostri
1303 4312 1598 4367 bonitatem
1659 4311 2009 4377 :emulcmur,

441 4403 531 4471 qui
564 4403 732 4458 solem
756 4404 886 4458 oriri
920 4404 1067 4470 facit,
1097 4419 1202 4458 non
1233 4405 1409 4460 minus
1439 4421 1601 4474 super
1631 4406 1821 4467 malos,
1849 4422 2009 4474 quam

446 4509 607 4564 super
642 4497 830 4562 honos,
864 4496 1151 4566 pluviaque
1180 4513 1274 4550 sua
1305 4512 1495 4551 omnes
1528 4513 1682 4565 mque
1716 4497 1812 4549 alit
1843 4497 1886 4548 ⁸.
1937 4496 2014 4550 Ne

439 4601 508 4641 et
547 4586 774 4641 aliorum
822 4598 1062 4658 egestate
1098 4605 1208 4642 rem
1255 4588 1574 4642 familiarem
1631 4604 1833 4657 augere
1889 4604 2010 4643 sus-

2101 3495 2209 3548 στῶ
2216 3511 2313 3565 μεν
2333 3494 2442 3547 ἀπὸ
2461 3493 2570 3546 τῶν
2592 3493 2776 3554 ὁσίων,
2799 3490 2931 3560 μηδὲ
2945 3488 3224 3560 δεηθῶμεν
3238 3488 3496 3560 Λαζάρου
3509 3488 3596 3542 τοῦ
3615 3488 3680 3559 (8)

2101 3585 2349 3656 πένητος,
2402 3585 2556 3656 ἄκρῳ
2610 3581 2857 3653 δακτύλῳ
2885 3579 2960 3651 (9)
3005 3580 3313 3650 καταψῦξαι
3372 3581 3477 3652 τὴν
3523 3581 3681 3649 γλῶσ-

2105 3691 2209 3733 σαν
2248 3679 2409 3750 ἡμῶν
2439 3676 2798 3746 φλεγομένην,
2838 3675 2932 3727 καὶ
2966 3673 3101 3744 μηδὲ
3131 3673 3387 3726 τοσούτου
3415 3673 3680 3742 τυγχάνω-

2110 3787 2231 3844 μεν.
2287 3769 2580 3840 Γενὼμεθα
2624 3768 2876 3840 χρηστοὶ,
2920 3766 3305 3837 εὔσπλαγχνοι,
3354 3765 3678 3836 συμπαθεῖς·

2113 3861 2482 3935 μιμησώμεθα
2523 3860 2618 3913 τοῦ
2655 3861 2927 3912 Δεσπότου
2974 3859 3072 3928 τὴν
3107 3856 3446 3926 ἅγαθότητα,
3480 3855 3539 3918 ὃς
3567 3857 3680 3909 ἀνα-

2109 3955 2285 4008 τέλλει
2305 3955 2396 4008 τὸν
2416 3954 2479 4023 ἦλ
2492 3970 2566 4005 ιον
2593 3951 2818 4021 ἀγαθοῖς
2838 3950 2930 4002 καὶ
2961 3952 3216 4018 πονηροῖς
3236 3948 3370 4016 (10),
3397 3948 3494 3999 καὶ
3514 3947 3681 4018 τρέφει

2111 4050 2178 4118 τῇ
2212 4046 2376 4116 βροχῇ
2412 4044 2621 4103 πάντας
2650 4043 2870 4112 ὁμοίως.
2899 4041 2990 4111 Μὴ
3029 4037 3308 4109 δεξώμεθα
3336 4037 3584 4090 πλουτεῖν
3606 4037 3681 4090 διὰ

2116 4139 2216 4208 τῆς
2248 4138 2355 4190 τῶν
2386 4137 2565 4191 ἄλλων
2606 4134 2792 4197 πενίας
2815 4150 2827 4164 ·
2865 4132 2937 4203 μὴ
2981 4130 3129 4201 παρὰ
3170 4129 3423 4183 τοσοῦτον
3458 4129 3683 4196 ἔλθωμεν

2115 4232 2213 4298 τῆς
2270 4227 2422 4291 θείας
2479 4227 2756 4297 ἰσότητος·
2810 4224 2943 4295 μηδὲ
3000 4222 3240 4293 μίξωμεν
3294 4222 3386 4274 τὸν
3433 4221 3684 4292 ἡμέτερον

2120 4320 2350 4374 πλοῦτον
2376 4319 2675 4391 ἀλλοτρίοις
2707 4317 2987 4388 δάκρυσιν,
3023 4316 3111 4383 ὑφ’
3142 4309 3216 4367 ὧν
3244 4315 3321 4377 ὡς
3359 4313 3440 4367 ίοῦ
3478 4315 3569 4367 καί
3599 4331 3682 4381 ση-

2118 4411 2210 4474 τδς
2269 4411 2796 4480 ἐκδαπανηθήσεται,
2845 4407 2898 4477 ἢ,
2957 4406 3018 4458 τό
3078 4423 3139 4474 γε
3205 4409 3303 4475 τῆς
3363 4407 3582 4477 Γραφῆς
3621 4408 3682 4456 εί-

2121 4505 2264 4560 πεῖν.
2307 4501 2718 4572 ὲξεμεθήσεται.
2775 4498 2934 4552 Ἀλλά
2989 4499 3156 4567 ὲσμεν
3195 4497 3289 4549 τοῦ
3322 4497 3533 4559 δέοντος
3561 4499 3682 4549 εὶς-ιο⁹

2118 4594 2469 4664 πληστότεροι
2525 4593 2669 4662 (il);
2734 4590 2850 4643 ἔστι
2904 4589 2998 4642 καὶ
3042 4588 3435 4656 πλεονεκτῆσαι
3497 4587 3680 4650 καλῶς.

515 4706 536 4737 ⁵
571 4705 702 4762 Luc.
755 4725 836 4776 ιιι,
872 4707 958 4763 14.
1037 4707 1057 4738 ⁸
1103 4708 1289 4761 Matth.
1323 4724 1457 4773 χχιι,
1504 4707 1593 4763 2i.
1671 4709 1692 4738 "
1730 4707 1857 4762 Luc.
1901 4725 2022 4774 va,
2060 4712 2129 4767 20
2162 4730 2284 4786 sqq.
2358 4715 2380 4747 ⁸
2411 4714 2600 4768 Matth.
2633 4728 2685 4777 v,
2716 4711 2806 4765 45.

636 4823 723 4894 Ἦ.
757 4823 848 4894 Sic
873 4825 977 4876 duo
1010 4823 1174 4891 llt‘gg.
1206 4824 1259 4876 In
1291 4825 1400 4886 ed.,

514 4893 591 4967 (:2)
650 4893 710 4946 Τί
764 4893 1279 4967 λέγωνὲἐψώνιον.
1336 4893 1567 4967 ΙΙιιξιί-ει
1609 4910 1729 4963 qua:
1778 4911 2013 4967 sequun-

444 4964 553 5024 tur,
615 4979 784 5031 usque
849 4967 936 5036 ad,
974 4965 1320 5036 llaec‘yerba,
1371 4964 1433 5016 τὸ
1479 4965 1878 5036 δὲίπερισσον,
1935 4965 2016 5017 τί-

445 5050 569 5099 νος;
603 5050 707 5086 ιιοιι
732 5043 876 5098 sunt,
922 5035 1071 5102 jtma
1104 5033 1510 5100 Montacutium,
1544 5033 1786 5101 Gregorii
1824 5037 2007 5096 verba,

447 5110 540 5158 sed
574 5104 876 5158 scholiasta:
914 5105 1190 5170 cujusdam
1233 5104 1522 5172 glossema,
1550 5107 1690 5173 quod
1721 5106 1772 5157 in
1806 5115 2008 5158 textum

449 5177 682 5242 irrepsit.
743 5173 968 5227 Miratur
996 5175 1044 5226 id
1095 5190 1124 5225 a
1152 5175 1363 5226 nemine
1393 5173 1755 5227 observatum.
1799 5173 2016 5228 Nicetas

450 5255 626 5298 tamen
652 5251 708 5296 ut
743 5245 1026 5312 genuinam
1062 5243 1304 5310 Gregorii
1339 5245 1659 5297 sententiam
1689 5245 1942 5312 explicat.

519 5311 598 5385 ('5)
643 5313 714 5385 Τὸ
743 5311 810 5366 δὲ
850 5315 1200 5385 περισσόνη
1224 5314 1422 5378 τίνος;
1475 5315 1676 5385 Alluilit
1705 5313 2017 5382 Gregorius,

450 5383 883 5452 inQuitNicetas,
915 5384 980 5437 ad
1013 5386 1136 5436 illud
1165 5384 1386 5447 Christi,
1428 5386 1565 5451 apud
1597 5383 1786 5436 Matth.
1817 5399 1871 5447 ν,
1901 5385 1968 5436 57
1999 5400 2013 5436 :

457 5472 476 5505 ι
515 5455 669 5520 Quod
707 5465 881 5507 autem
931 5455 1013 5507 his
1066 5454 1429 5508 abundantius
1469 5465 1571 5516 est,
1613 5472 1641 5505 a
1688 5455 1827 5506 malo
1855 5463 1958 5508 est.
1992 5473 2012 5502 a

453 5523 654 5579 Eodem
682 5525 837 5577 modo
862 5524 1035 5577 innuit
1065 5523 1387 5590 Theologus,
1426 5541 1512 5586 ea,
1543 5539 1662 5592 qua:
1698 5523 2020 5577 necessariis

453 5595 578 5648 vita:
627 5595 809 5648 usibus
837 5606 1144 5662 supersunt,
1199 5593 1267 5646 ab
1320 5593 1531 5661 impuro
1555 5594 1744 5662 spiritu
1772 5608 1924 5656 esse;
1968 5593 2018 5646 id

457 5675 636 5718 tamen
671 5665 848 5731 eloqui
883 5680 990 5719 non
1021 5666 1202 5728 audet,
1248 5680 1316 5718 ne
1349 5665 1476 5733 quid
1521 5664 1776 5718 tristioris
1820 5665 2020 5719 ominis

457 5735 654 5789 habeat
675 5734 868 5787 oratio.

532 5803 610 5876 (4)
649 5800 767 5858 Οἷδ⁹
796 5803 904 5861 ὅτι.
927 5801 1018 5860 Sic
1048 5819 1237 5861 omnes
1261 5804 1494 5860 codices.
1521 5804 1606 5860 Sic
1641 5805 1766 5876 legit
1799 5802 2024 5873 Pit'chy.

2044 4833 2091 4890 ι)
2119 4846 2322 4892 merus,
2353 4832 2442 4899 qui
2466 4831 2642 4899 reddit
2670 4847 2682 4883 :
2725 4848 2742 4878 ι
2777 4826 2886 4882 Vos
2916 4837 3116 4891 autem,
3139 4835 3287 4881 recte
3318 4825 3466 4887 novi,
3500 4824 3680 4877 intelli-

2115 4901 2259 4969 gitis.
2297 4921 2313 4952 ι
2350 4896 2508 4955 Deest
2532 4896 2649 4953 οἶδα
2680 4902 2730 4952 in
2766 4901 2851 4969 ed.

2183 4969 2260 5040 (ὅ)
2290 4972 2718 5038 Μετριώτατον.
2757 4968 2798 5021 '1‘
2806 4982 2889 5022 res
2925 4967 3112 5036 Regg.,
3136 4975 3371 5036 quatuor
3402 4963 3577 5024 Colb.,
3599 4963 3679 5016 0r.

2113 5039 2782 5114 1,Ιξιιεε.,μετριώτερον.
2833 5106 2869 5114 η
3058 5107 3092 5114 Α
3188 5106 3202 5114 _
3285 5103 3323 5114 ﬁ
3517 5101 3529 5114 .
3606 5101 3629 5114 ο

2187 5111 2261 5180 (6)
2326 5101 2573 5180 Ψὶχίών.
2635 5101 2775 5180 T'res
2833 5106 2999 5180 licgg.
3052 5107 3145 5160 0r.
3167 5106 3235 5180 _l,
3285 5103 3463 5180 Pass_.,
3502 5101 3680 5180 ψιχῷν.

2185 5175 2259 5250 (7)
2296 5175 2441 5236 Τὸν”
2464 5179 2834 5248 ἡλκωμένον.
2889 5175 2979 5250 sic
3011 5189 3118 5250 tres
3166 5176 3310 5250 Regg
3340 5215 3356 5238 ,
3385 5177 3489 5250 duo
3507 5175 3681 5236 Gotsl.,

2115 5245 2218 5306 duo
2244 5245 2450 5314 'Colh.,
2493 5245 2558 5303 et
2586 5245 2679 5306 οι.
2721 5251 2769 5302 l.
2807 5250 2858 5300 in
2891 5245 3012 5300 Par.
3056 5247 3166 5309 ed.,
3194 5245 3550 5313 είλκωμὲνον.

2189 5322 2263 5390 (8)
2299 5313 2547 5375 Τοῦζδίο
2572 5321 2808 5390 quinque
2843 5316 2989 5387 Regg
3019 5360 3034 5384 ,
3060 5317 3223 5372 Coisl.
3257 5319 3306 5379 1,
3336 5316 3431 5371 0r.
3474 5316 3522 5380 1,
3548 5313 3681 5368 Pass.

2129 5390 2285 5444 Deest
2317 5393 2368 5443 in
2403 5392 2487 5444 ed.

2151 5394 2285 5444 )eest
2317 5393 2368 5443 in
2403 5393 2487 5444 ed.

2197 5460 2270 5531 (9)
2295 5462 2596 5524 Δακτύλῳ.
2623 5458 2812 5531 Plures
2839 5457 3074 5531 codices,
3107 5454 3392 5531 δακτύλου.

2201 5522 2309 5600 (lii)
2353 5522 2619 5600 Ἀγαθοῖς
2653 5527 2749 5583 καὶ
2789 5527 3092 5596 πονηροῖς.
3132 5525 3308 5589 Pass.,
3345 5524 3439 5577 ἐπὶ
3467 5522 3682 5592 ἀγαθοὺς

2127 5603 2221 5654 καὶ
2255 5604 2543 5655 πονηρούς.

2206 5619 2221 5654 ι
2255 5619 2543 5672 πονηρους.
3641 5653 3649 5667 ⁸

2200 5673 2310 5742 (Η)
2355 5671 2933 5741 Ἀποπληστότεροι;
3130 5665 3275 5742 Reg.
3301 5667 3425 5742 lun,_
3463 5666 3552 5729 ph.
3577 5676 3680 5714 cum

2130 5734 2569 5814 ittlet'rogationis
2609 5734 2817 5798 'notaf
2845 5744 2898 5797 In
2962 5738 3146 5802 editis,
3187 5734 3589 5807 ἀτὰηστότεροι.
