3852 6408
99 308 220 366 1057

611 313 870 374 ORATIO
908 314 1055 372 XIX.
1097 345 1166 358 -
1204 315 1295 371 AD
1335 308 1686 370 JULIANUM
1722 311 2185 372 TRIBUTORUM
2224 311 2805 380 EXRIQUATOREM.

3205 313 3345 370 1058

96 449 272 520 Δῶμέν
300 468 356 505 τι
385 452 580 525 μικρὸν
607 454 876 521 ἐντεῦθεν,
907 456 976 509 ἵν’
1005 455 1217 509 ἐκεῖθεν
1253 454 1662 526 πλουτήσωμεν.

1777 457 2074 523 tineamus;
2113 457 2256 512 absit
2308 467 2367 510 nt
2425 467 2532 510 tam
2590 457 2745 527 longe
2785 473 2812 509 a
2869 455 3050 510 divina
3094 453 3351 524 mquitate

99 545 439 612 recedamus;
486 560 588 600 nec
646 547 865 604 divitias
911 557 1127 604 nostras
1174 563 1296 602 cnm
1365 546 1593 602 aliorum
1642 547 1894 620 lacrymis
1957 549 2302 620 misceamus,
2364 565 2393 602 ιι
2442 551 2637 618 quibus
2694 560 2948 620 tanquam
3023 567 3051 602 a
3107 551 3352 620 rubigine

97 654 151 694 ac
204 639 346 692 linea
396 649 828 704 consumentur,
883 650 1014 706 aut,
1055 650 1114 717 ut
1167 637 1465 707 Scriptura:
1523 641 1688 692 verbo
1741 650 1884 705 utar,
1930 650 2250 696 evomentur
2288 640 2332 694 ’.
2381 639 2580 694 Verum
2632 639 2697 694 ad
2753 656 2864 695 rem
2941 641 3212 696 avidiores
3261 657 3352 695 Sn-

100 747 230 792 mus,
282 744 445 800 quam
513 744 610 799 par
667 729 776 783 sil?
823 728 968 784 Nihil
1025 732 1296 800 prohibet.
1349 732 1637 802 quominus
1680 733 1932 788 laudabili
1981 735 2208 788 avaritia
2262 745 2564 789 teneamur.
2630 733 2910 788 Paululum
2948 735 3201 804 quiddam
3262 737 3350 792 hic

100 828 292 885 ιΙθιιιιιε,
330 830 388 875 ιιι
433 819 541 874 illic
581 821 774 876 divites
815 831 870 876 et
897 823 1100 893 c0piosi
1152 824 1342 878 sinius.

151 917 248 972 lB’.
275 915 462 969 Ταῦτα
503 916 601 988 μὲν
645 910 738 970 οὖν
773 916 884 986 (12)
913 915 1014 988 ἢδη
1063 918 1218 971 κοινὰ
1254 916 1390 989 πρὸς
1435 920 1667 984 πάντας,

92 1011 142 1062 οὐ
166 1007 290 1071 τοὺς
336 1007 443 1078 (15)
479 1009 536 1061 ὲν
567 1007 814 1080 πολιτείᾳ
870 1009 1051 1080 μόνον,
1093 1009 1162 1062 τὰ
1196 1011 1664 1081 παραγγέλματαο

92 1098 229 1153 κοινά
251 1098 360 1170 γὰρ
387 1099 479 1150 καὶ
510 1099 696 1169 κοινῆς
738 1101 1051 1172 ἀρρωστίας
1078 1100 1147 1154 τὰ
1179 1103 1467 1175 φάρμακα.
1500 1103 1572 1156 Σὺ
1611 1102 1667 1154 δὲ

92 1190 364 1260 ἀπόγραφε
384 1188 604 1253 δικαίως
639 1191 807 1261 ἡμᾶς,
838 1193 866 1245 6
895 1191 1002 1244 τῶν
1021 1193 1305 1265 ἡμετέρων
1333 1193 1512 1266 φόρων
1543 1195 1669 1248 ἀπο-

91 1283 318 1354 γραφεύς
347 1283 456 1354 (14)
483 1300 498 1314 ·
527 1283 839 1354 ἀπόγραφε,
873 1285 948 1355 μὴ
976 1287 1104 1346 τοὺς
1136 1286 1302 1355 ἐμοὺς
1333 1285 1524 1352 λόγους
1551 1285 1669 1338 ἐπι-

1845 916 2005 988 371
2042 916 2156 972 ΧΠ.
2192 915 2316 972 Haec
2351 918 2565 986 quidem
2604 928 2871 985 praecepta
2906 933 3008 971 non
3045 919 3109 971 ad
3141 933 3235 972 eos
3265 934 3352 972 so-

1775 1011 1909 1078 lum,
1944 1011 2034 1080 qui
2065 1010 2450 1081 rempublicam
2481 1020 2708 1078 gerunt,
2743 1011 2834 1063 sed
2871 1011 3036 1064 etiam
3069 1011 3134 1064 ad
3164 1027 3352 1066 omnes

1781 1101 2148 1155 communiter
2185 1107 2452 1169 Spectant.
2483 1097 2804 1154 Communis
2830 1101 2972 1152 enim
3000 1101 3169 1154 morbi
3205 1116 3352 1155 rom-

1776 1193 1958 1246 munia
1993 1206 2207 1261 quoque
2234 1193 2628 1246 medicamenta
2660 1199 2807 1247 sunt.
2841 1190 2918 1245 Tu
2962 1207 3087 1246 vero
3121 1193 3210 1260 qui
3250 1193 3352 1246 tri-

1769 1283 1898 1336 hnta
1953 1293 2140 1337 nostra
2195 1282 2248 1336 in
2304 1283 2552 1351 publicas
2603 1283 2844 1336 rationes
2891 1281 3096 1346 refers,
3135 1283 3218 1336 fac
3251 1299 3351 1339 nos

93 1377 276 1447 μελῶς,
303 1369 377 1429 ὧν
407 1376 578 1437 οὐδὲν,
607 1376 641 1446 ἢ
669 1375 863 1446 μικρὸν
887 1375 949 1429 τδ
969 1376 1232 1447 κέρδος,ῆ
1260 1379 1339 1440 είς
1359 1377 1470 1448 (15)
1501 1379 1665 1448 ἀκοῆς

1777 1375 1916 1442 iuste
1941 1373 2257 1440 describas;
2305 1373 2358 1428 id
2394 1390 2522 1441 age,
2555 1389 2659 1426 non
2697 1382 2755 1426 ut
2792 1373 2979 1427 sedulo
3010 1385 3064 1428 et
3097 1387 3350 1430 accurate

89 1468 360 1543 1512i?“sz
401 1467 618 1538 ἡδονὴν,
654 1467 791 1521 ἀλλὰ
823 1466 914 1520 τὸν
939 1467 1073 1538 ἐμὸν
1108 1465 1236 1520 λαὸν
1263 1469 1426 1532 ὁσίως
1459 1469 1553 1521 καὶ
1582 1487 1670 1538 φι-

498 1558 786 1622 αίδεσΘεὶς,
835 1559 883 1610 εἰ
923 1559 995 1629 μή
1027 1575 1079 1610 τι
1121 1558 1268 1623 ἄλλο,
1300 1559 1332 1629 ἢ
1362 1558 1452 1612 τὸν
1481 1560 1669 1631 καιρὸν

90 1556 409 1628 λανθρὼπως
433 1573 447 1588 ⁸

87 1649 258 1712 αὑτὸν,
295 1651 378 1702 ὅτι
421 1651 514 1702 καὶ
554 1651 582 1703 6
607 1649 796 1720 Σωτὴρ
823 1650 880 1702 ἐν
913 1651 1209 1720 ἀπογραφῇ
1248 1650 1514 1705 τίκτεται.
1552 1651 1668 1714 Ἐξ·
1698 1681 1740 1737 Β

89 1740 220 1809 ἦλθε
281 1741 391 1812 γὰρ
445 1741 655 1811 δόγμα,
714 1742 867 1811 φησι.
897 1743 1057 1808 παρὰ
1110 1742 1415 1810 Καίσαρος
1439 1745 1668 1810 Αὐγού-

87 1847 244 1894 στου,
276 1830 380 1884 τοῦ
406 1828 858 1900 ἀπογράφεσθαι
884 1832 899 1888 ί
908 1828 998 1899 l6)
1021 1826 1228 1883 πᾶσαν
1259 1828 1377 1898 τὴν
1399 1828 1669 1898 οἰκουμέο

87 1933 224 1987 rm"
269 1923 364 1976 καὶ
410 1922 784 1995 ἀπεγράφετο.
827 1920 1030 1990 Ἀνέϐη
1079 1919 1148 1974 δὲ
1190 1921 1290 1974 καὶ
1341 1920 1556 1990 Ἰωσὴφ
1599 1921 1670 1974 ἐν

86 2015 344 2081 Βηθλεὲμ
395 2013 521 2068 σὺν
569 2013 808 2082 Μαριὰμ
853 2009 929 2082 τῇ
972 2013 1478 2083 μεμνηστευμένῃ
1509 2012 1669 2080 αὐτῷ

89 2102 321 2172 γυναικὶ
359 2102 470 2174 (17)
501 2101 989 2173 ἀπογράψασθαι,
1040 2101 1138 2156 διὰ
1167 2101 1234 2156 τὸ
1283 2097 1441 2157 εἶναι
1478 2103 1670 2158 αὐτὸν

85 2194 144 2258 ἐξ
162 2195 335 2248 οἴκου
378 2195 477 2248 καὶ
525 2194 776 2264 πατριᾶς
804 2193 1001 2249 Δαϐίδ.
1033 2195 1144 2248 Καὶ
1171 2195 1472 2267 τηνικαῦτα
1501 2197 1530 2248 6
1559 2195 1670 2249 Σω-

85 2287 177 2357 τὴρ
219 2286 490 2350 τίκτεται,
551 2285 614 2339 τὸ
641 2285 966 2358 θαυμάσιον,
992 2287 1021 2340 6
1074 2285 1290 2339 πάντων
1339 2285 1668 2357 δημιουργὸς

86 2376 182 2448 (18)
205 2377 305 2432 καὶ
322 2377 610 2448 δεσπότης,
635 2379 693 2430 ὲν
729 2376 916 2447 φαύλῳ
947 2375 1058 2448 (19)
1086 2377 1180 2430 καὶ
1218 2377 1398 2448 μικρῷ
1431 2375 1668 2430 καταλύ-

88 2486 222 2539 ματι.
254 2468 586 2541 Φοϐηθῶμεν
611 2469 672 2523 τὸ
704 2471 1000 2542 μυστήριον
1026 2487 1041 2500 ο
1094 2467 1431 2540 αίδεσοῶμεν
1472 2469 1570 2540 τὴν
1593 2469 1671 2521 oi-

85 2559 335 2632 κονομίαν
375 2561 510 2632 (‘20).
550 2563 644 2616 καὶ
673 2562 825 2615 αὐτοὶ
855 2560 931 2632 τῷ
960 2559 1136 2632 καιρῷ
1160 2578 1211 2613 τι
1245 2561 1666 2629 συνεισενέγκαι-

87 2669 194 2722 μεν.
223 2651 343 2706 Νῦν
377 2652 598 2722 ἄγγελοι
629 2654 904 2725 χαίρουσι,
932 2653 1028 2706 νῦν
1061 2651 1318 2722 ποιμένες
1341 2653 1671 2724 περιαστρά·
1721 2694 1731 2707 .

85 2761 317 2807 πτονται,
340 2743 435 2798 νῦν
465 2743 642 2816 ἀστὴρ
675 2745 732 2810 ἐξ
771 2744 1072 2798 Ἀνατολῶν
1097 2745 1278 2816 τρέχει
1317 2743 1452 2816 πρὸς
1480 2744 1541 2796 τὸ
1573 2743 1669 2814 μέ-

82 2853 253 2904 γιστον
285 2834 403 2905 φῶς
424 2835 520 2889 καὶ
551 2835 846 2907 ἀπρόσιτον
866 2853 879 2867 ο
915 2835 1008 2889 νῦν
1046 2837 1208 2906 μάγοι
1243 2835 1664 2905 προσπίπτουσι,

82 2929 167 2981 καὶ
201 2927 596 3000 δωροφοροῦσι,
633 2928 725 2981 καὶ
757 2927 848 2981 τὸν
871 2929 1086 2983 πάντων
1117 2927 1342 2998 βασιλέα
1368 2926 1667 2996 γινώσκου-

1765 1461 2045 1516 orationes
2079 1476 2248 1524 meas,
2285 1477 2538 1532 quarum,
2569 1463 2649 1517 vel
2687 1462 2828 1516 nulla
2851 1504 2866 1530 ,
2899 1462 2982 1518 vel
3013 1479 3173 1532 parva
3206 1465 3352 1518 utili-

1768 1563 1852 1608 tas
1899 1565 1985 1609 est
2011 1593 2026 1616 ,
2063 1553 2144 1608 vel
2181 1556 2404 1610 auribus
2443 1564 2654 1610 tantum
2689 1566 2841 1625 grata
2873 1564 3037 1625 atque
3073 1557 3346 1626 jucunda,

1768 1647 1859 1700 sed
1887 1645 2138 1715 populum
2171 1661 2348 1700 meum
2379 1657 2568 1700 sancte
2599 1656 2654 1700 et
2684 1647 2919 1700 humane
2951 1648 3270 1702 describas:
3301 1650 3348 1702 si

1770 1737 1902 1790 nihil
1934 1737 2078 1791 aliud
2101 1779 2116 1803 ,
2153 1745 2210 1791 at
2243 1748 2391 1791 certe
2432 1746 2642 1806 tempus
2679 1737 2781 1792 hoc
2813 1739 3122 1793 reverentia
3159 1729 3350 1806 prose-

1767 1837 1964 1895 cutus;
1997 1829 2440 1899 quandoquidem
2473 1829 2586 1896 ipse
2615 1845 2832 1898 quoque
2871 1829 3122 1884 Salvator
3149 1828 3352 1886 descri-

1769 1922 1972 1992 ptionis
2009 1932 2252 1992 tempore
2292 1923 2558 1976 nascitur.
2593 1907 2743 1977 Eiiit
2776 1923 2920 1977 enim
2947 1967 2962 1991 ,
2993 1924 3206 1994 inquit,
3237 1924 3352 1977 edi-

1767 2023 1905 2066 ctum
1936 2030 1966 2066 a
2001 2013 2212 2067 Caesare
2249 2015 2520 2083 Augusto,
2566 2024 2620 2067 ut
2663 2016 3046 2068 describeretur
3078 2016 3351 2070 universus

1768 2105 1947 2170 orbis;
1991 2113 2045 2158 et
2088 2105 2306 2174 quidem
2348 2104 2779 2160 describebatur.
2821 2107 3070 2159 Ascendit
3101 2116 3349 2160 autemet

1767 2195 1960 2264 Joseph
1985 2193 2038 2251 in
2065 2195 2367 2252 Bethlettem
2387 2232 2402 2261 ,
2447 2206 2503 2250 ut
2543 2213 2661 2250 cum
2705 2197 2878 2251 Maria
2906 2197 3218 2267 desponsata
3249 2199 3349 2252 sib."

1771 2305 1934 2342 uxore
1964 2289 2324 2358 proﬁteretur,
2356 2306 2416 2343 eo
2444 2290 2580 2358 quod
2607 2299 2738 2342 esset
2769 2290 2834 2342 de
2859 2289 3015 2342 domo
3048 2299 3096 2343 et
3133 2290 3344 2358 [antilia

1776 2377 1943 2432 David
1971 2378 2039 2432 ’°.
2067 2380 2243 2448 Atque
2268 2395 2334 2434 eo
2366 2389 2608 2449 tempore
2646 2379 2837 2435 salutis
2875 2391 3066 2436 auctor
3093 2381 3144 2435 in
3173 2381 3346 2435 lucem

1771 2471 2012 2540 prodiit,
2069 2484 2156 2525 res
2208 2469 2563 2525 admiranda!
2601 2472 2842 2524 omnium
2876 2487 3057 2526 rerum
3089 2471 3266 2541 opifex
3296 2479 3350 2525 rt

1769 2561 2038 2623 dominus,
2073 2561 2124 2614 in
2149 2561 2343 2632 exiguo
2364 2571 2421 2616 et
2443 2560 2662 2632 ignobili
2684 2562 3003 2620 diversorio.
3027 2563 3344 2634 Mysterium

1769 2650 1872 2706 hoc
1905 2651 2231 2715 timeamus;
2262 2651 2466 2706 Christi
2496 2653 2928 2708 incarnationem
2959 2656 3339 2719 revereamur';

1771 2744 1823 2796 in
1857 2745 2086 2812 gratiam
2122 2744 2381 2814 temporis
2415 2760 2515 2800 nos
2547 2761 2764 2815 quoque
2794 2746 2999 2814 aliquid
3029 2761 3334 2815 erogemns.

1766 2836 1923 2892 Nunc
1945 2839 2120 2907 angeli
2170 2839 2434 2907 gaudent,
2470 2839 2953 2907 pastoreslmniuis
2997 2839 3204 2911 fulgore.
3223 2856 3347 2909 per.

1769 2930 2110 3000 stringuntur
2135 2928 2216 2985 “z
2253 2946 2398 2984 nunc
2427 2932 2495 2984 ab
2524 2929 2745 2985 Oriente
2767 2933 2830 2982 ad
2851 2930 3021 2984 lucem
3056 2929 3346 2985 maximam

82 3038 146 3083 σι,
169 3020 264 3073 καὶ
300 3019 482 3084 καλῶς
507 3019 583 3090 τῷ
607 3020 796 3091 ἀστέρι
839 3019 1228 3090 τεκμαίρονται
1264 3019 1356 3071 τὸν
1380 3019 1629 3089 οὐράνιον
1651 3033 1662 3044 ·

1777 3031 1823 3076 et
1852 3021 2283 3075 inaccessibilem
2313 3021 2471 3076 stella
2505 3024 2715 3088 currit;
2757 3037 2898 3076 nunc
2929 3023 3069 3092 magi
3100 3039 3349 3092 procum-

80 3112 183 3164 νυνί
209 3129 272 3164 τε
317 3110 565 3183 Ἡρώδης
623 3112 897 3182 μαίνὲται,
943 3111 1037 3164 καὶ
1087 3111 1415 3181 παιδοφονεῖ,
1448 3110 1542 3164 καὶ
1575 3109 1663 3164 διὰ

75 3203 157 3254 τὸν
203 3202 604 3274 ὲλευθερωτὴν,
639 3204 854 3274 ἀναιρεῖ
883 3204 1009 3265 τοὺς
1043 3202 1141 3272 τῆς
1182 3201 1495 3272 ἐλευθερίας
1535 3217 1663 3269 τυγο

77 3297 252 3364 χάνειν
285 3293 624 3364 ὀφείλοντας.
669 3293 807 3346 Ἀλλ’
834 3295 994 3364 ἡμεῖς
1024 3310 1086 3362 γε
1123 3293 1260 3364 μετὰ
1289 3291 1394 3346 τῶν
1429 3309 1668 3362 προσκυ-

73 3385 310 3440 νούντων
333 3385 643 3457 γενώμεθα,
672 3387 765 3439 καὶ
806 3385 1260 3456 προσενεγκωμεν
1312 3383 1391 3455 τῷ
1418 3383 1484 3436 δι’
1520 3386 1666 3455 ἡμᾶς

76 3480 454 3549 πτεοχεὺσαντι
492 3480 652 3551 μέχρι
688 3479 784 3532 καὶ
829 3477 1100 3550 σώματος,
1149 3479 1221 3548 μὴ
1253 3478 1492 3542 λίϐανον,
1529 3478 1664 3549 μηδὲ

73 3571 288 3642 χρυσὸν,
315 3571 453 3643 μηδὲ
487 3571 733 3643 σμύρναν
757 3588 769 3601 ·
807 3569 898 3624 τὸν
930 3571 1028 3642 μὲν
1070 3569 1145 3634 ὡς
1178 3569 1298 3640 Θεῴ
1322 3570 1454 3641 (21),
1485 3570 1576 3626 τὸν
1607 3571 1663 3624 δὲ

73 3661 140 3724 ὡς
170 3661 412 3732 βασιλεῖ,
438 3663 536 3735 τὴν
569 3664 625 3716 δὲ
661 3663 736 3726 ὡς
770 3662 1096 3732 γευσαμένῳ
1139 3661 1204 3714 δι’
1235 3663 1383 3733 ἡμᾶς
1408 3662 1665 3734 νεκρότη-

68 3771 151 3818 τος
179 3755 299 3826 (22)
326 3771 343 3787 ·
373 3754 514 3808 ἀλλὰ
553 3755 702 3826 δῶρα
757 3755 1012 3826 μυστικὰ,
1057 3755 1150 3808 καὶ
1193 3753 1330 3824 ὑπὲρ
1374 3753 1434 3806 τὸ
1475 3754 1663 3822 φαινό-

74 3862 222 3914 μενον
247 3863 272 3920 ’⁸
315 3846 382 3900 τό
416 3863 480 3915 γε
523 3847 686 3918 μηδὲν
713 3847 917 3912 λαϐεῖν,
955 3847 1088 3917 μηδὲ
1111 3845 1188 3917 τῷ
1222 3845 1436 3917 πλούτῳ
1458 3863 1508 3898 τι
1535 3862 1664 3914 συγ-

68 3939 320 4010 χωρῆσαι
356 3938 502 3993 κατὰ
535 3939 748 4004 πενίας,
795 3939 917 4010 μηδ’
948 3932 1204 4008 ἀδικῆσαι
1235 3937 1296 3991 τὸ
1329 3937 1554 4008 πλάσμα
1578 3936 1664 3991 διὰ

65 4029 152 4081 τοῦ
182 4030 539 4102 πλάσματος.

1767 3113 1920 3176 hum,
1940 3127 2002 3166 ac
2015 3111 2154 3167 dona
2169 3112 2425 3178 ollerunt,
2441 3129 2525 3166 om
2536 3113 2791 3183 ninmqne
2808 3111 3012 3183 Regem
3025 3123 3346 3184 agnoscunt,

1767 3216 1823 3257 et
1854 3220 1920 3257 ex
1954 3205 2149 3260 sideris
2199 3216 2422 3272 aspectu
2461 3197 2753 3259 caelestem
2785 3207 3002 3276 egregie
3035 3206 3345 3275 conjectura

1769 3304 2156 3364 assequuntur.
2209 3293 2363 3350 Nunc
2407 3295 2644 3351 Herodes
2697 3295 2863 3360 furit,
2905 3304 2959 3349 et
3003 3311 3200 3364 pueros
3251 3295 3349 3348 ob-

1773 3394 2021 3449 truncat,
2050 3393 2104 3439 et
2132 3397 2352 3456 preptcr
2383 3387 2653 3442 libertatis
2683 3397 2880 3441 nostra:
2911 3386 3203 3450 vindicem,
3228 3400 3344 3450 eos,

1771 3477 1860 3540 qni
1894 3475 1943 3529 in
1974 3475 2279 3531 libertatem
2311 3478 2589 3531 asserendi
2619 3487 2798 3544 erant,
2825 3477 2889 3532 de
2917 3477 3092 3532 medio
3118 3477 3258 3531 tollit
3281 3478 3342 3531 ".

1769 3563 1840 3617 At
1876 3581 1973 3621 nos
2005 3566 2073 3621 ab
2113 3566 2470 3622 adoratttihus
2525 3579 2768 3634 stemus;
2816 3568 2973 3637 eique
3015 3568 3106 3638 qui
3151 3577 3348 3623 nostra:

1771 3657 1963 3711 salutis
2007 3673 2172 3712 causa
2207 3674 2272 3712 eo
2319 3659 2653 3728 paupertatis
2684 3676 2742 3714 se
2771 3659 3027 3725 demisit,
3058 3668 3116 3713 ut
3145 3674 3346 3730 corpus

1771 3755 1934 3802 etiam
1964 3751 2269 3820 acciperet;
2309 3767 2416 3806 non
2459 3752 2620 3818 thus,
2656 3768 2762 3805 non
2797 3767 2985 3806 aurum
3010 3793 3025 3818 ,
3064 3766 3168 3806 non
3200 3767 3346 3822 myr-

1773 3840 1950 3904 rham,
1989 3842 2220 3910 primum
2254 3853 2310 3896 ut
2344 3843 2472 3907 Deo,
2509 3846 2804 3898 secundum
2832 3853 2886 3898 ut
2927 3844 3060 3914 regi,
3103 3843 3345 3906 tertium,

1773 3941 1832 3986 ut
1855 3933 1902 3986 ci
1941 3933 2031 4002 qni
2065 3945 2246 3989 nostra
2283 3951 2448 3990 causa
2484 3946 2712 3991 mortem
2760 3937 3103 4006 degustarit,
3151 3933 3346 3990 oll'era-

1774 4039 1926 4090 mus;
1958 4024 2050 4077 sed
2081 4025 2305 4095 mystica
2340 4027 2501 4091 dona,
2535 4025 2730 4094 iisque,
2763 4040 2882 4092 qua:
2907 4023 3080 4078 oculis
3106 4037 3344 4076 cernun-

68 4131 167 4186 tur,
204 4121 572 4188 sublimiora;
612 4121 891 4182 nimirum,
921 4130 979 4174 ut
1007 4119 1140 4174 nihil
1205 4117 1560 4187 accipiamus,
1595 4130 1696 4170 nec
1736 4115 1939 4170 divitiis
1978 4117 2270 4187 quidquam
2311 4119 2573 4173 adversus
2640 4127 3012 4188 paupertatem
3070 4117 3344 4172 conceda-

66 4229 204 4276 mus,
242 4228 354 4267 nec
392 4213 487 4268 Dei
519 4227 825 4266 creaturam
857 4228 951 4281 per
981 4212 1142 4264 aliam
1177 4221 1481 4266 creaturam
1513 4210 1704 4278 injuria
1742 4206 2068 4263 adiciamus.

127 4303 225 4356 ll".
261 4303 380 4356 Σὺν
405 4301 623 4374 Χριστῷ
652 4302 902 4374 γράφεις,
929 4304 1023 4355 σὺν
1051 4301 1272 4374 Χριστῷ
1291 4299 1659 4362 ταλαντεύεις,

64 4397 152 4448 σὺν
197 4398 268 4467 τῇ
307 4395 525 4466 κεφαλῇ
555 4394 889 4464 δοκιμάζεις,
927 4393 1063 4464 μετὰ
1094 4392 1187 4445 τοῦ
1234 4392 1394 4459 λόγου
1446 4391 1657 4463 λογίζῃ.

60 4488 299 4559 Χριστὸς
335 4487 466 4558 ἄρτι
519 4485 772 4555 γεννᾶταί
827 4501 932 4548 σοι,
978 4485 1072 4537 καὶ
1109 4483 1239 4546 Θεός
1266 4485 1402 4548 ἐστι,
1439 4482 1530 4535 καὶ
1571 4483 1663 4536 ἄνθ

60 4578 281 4649 Θρωπος
309 4579 550 4647 γίνεται,
576 4578 670 4632 καὶ
695 4576 1004 4646 ἀνθρώποις
1040 4574 1565 4648 συναναστρέφεται,
1597 4572 1664 4625 Τί

1836 4296 1977 4351 Xlll.
2016 4297 2150 4353 Cum
2181 4298 2397 4370 Christo
2427 4300 2727 4366 describis,
2759 4315 2881 4354 cum
2922 4299 3140 4354 Christo
3175 4299 3344 4354 tribu-

1769 4399 1884 4442 tum
1921 4391 2223 4458 expendis,
2268 4408 2392 4446 cum
2445 4392 2620 4461 capite
2659 4407 2945 4447 censuram
3001 4391 3167 4453 facis,
3218 4409 3340 4447 cum

1765 4479 1946 4536 Verbo
1979 4484 2240 4537 rationem
2268 4483 2549 4539 subducis.
2582 4481 2736 4537 Nunc
2766 4483 3017 4538 Christus
3048 4483 3142 4537 tibi
3174 4484 3342 4538 nasci-

1764 4583 1872 4639 tur,
1909 4582 1963 4626 et
2000 4573 2139 4627 Deus
2169 4585 2288 4637 est,
2320 4582 2374 4628 et
2405 4574 2565 4628 homo
2591 4573 2842 4637 ellicitur,
2871 4585 3070 4628 etcum
3105 4575 3340 4628 homini-

59 4669 147 4722 τοῦ
190 4670 370 4740 λόγου
421 4668 746 4741 δηλοῦντος;
810 4668 966 4738 Ἐμοὶ
992 4667 1138 4720 δοκεῖ
1171 4666 1306 4737 (‘25),
1371 4666 1449 4728 εἰς
1481 4663 1665 4716 νουθε-

1777 4681 1862 4717 JUS
1900 4675 2282 4718 conversatur.
2319 4665 2459 4732 Quid
2496 4677 2676 4719 autem
2718 4665 2821 4719 sibi
2858 4665 2968 4718 vnlt
3000 4665 3086 4720 hic
3118 4666 3339 4720 sermo?

58 4763 175 4816 σίαν
211 4764 335 4817 τῶν
360 4761 430 4816 τὰ
462 4761 686 4815 τοιαῦτα
710 4760 1113 4831 πιστευομένων
1136 4758 1271 4830 (21),
1301 4759 1382 4810 ὅτι
1413 4759 1533 4819 ταῖς
1566 4773 1665 4826 με·

1766 4755 1941 4814 Sane.
1989 4757 2088 4810 nisi
2127 4773 2214 4812 me
2255 4759 2519 4812 sententia
2569 4756 2730 4822 iallit,
2763 4773 2897 4821 eos,
2939 4756 3100 4826 372
3146 4755 3340 4824 quibus

57 4855 276 4925 γίσταις
303 4854 424 4908 τῶν
449 4855 766 4926 διοικήσεων
796 4853 927 4917 Θεὸς
960 4853 1047 4906 ἀεὶ
1089 4851 1516 4924 συνεισέρχεται.
1559 4849 1665 4902 Καὶ

1777 4847 2073 4916 lmjusmodi
2107 4864 2331 4902 innuera
2360 4851 2651 4904 commissa
2686 4858 2834 4915 sunt,
2861 4849 3136 4911 admonet,
3170 4846 3336 4900 Deum

120 5017 143 5047 ⁹
173 5015 285 5071 Job
322 5031 426 5078 xx,
463 5014 555 5070 15.

119 5154 238 5224 (19.)
277 5147 442 5207 Οὖν.
470 5151 631 5224 D_eest
665 5149 716 5203 in
755 5151 843 5224 ed.

120 5219 240 5294 (l3)
281 5223 470 5294 Τογύς.
492 5219 670 5294 Pass.,
692 5222 827 5283 τοῖς.

117 5285 237 5367 (14)
271 5285 499 5367 φόρων
529 5289 928 5367 ἀξιοληραςοε-ύςἶ
960 5287 1050 5342 Sic
1077 5288 1254 5367 Cois].
1298 5289 1352 5342 1.
1389 5285 1444 5342 lu
1490 5285 1654 5343 Coisi.

48 5364 102 5430 2,
125 5359 188 5419 ct
210 5359 344 5426 ('33..
370 5359 832 5434 ⁷γραι,ςει3ς.ίι)έξιιεῑ
865 5359 1044 5434 φόρων
1075 5361 1125 5413 in

116 5436 237 5508 (15)
262 5429 592 5508 Εἰςῖῡθεξι
619 5435 670 5485 in
701 5431 875 5508 Βεεζζέ
902 5429 951 5492 c,
971 5431 1044 5508 dz‘
1055 5440 1110 5483 et
1131 5431 1295 5508 Coisl.

114 5497 237 5575 (16)
281 5497 967 5575 Ἀζτιοτράφεσθαι.Ἶ“ι·θε
1006 5500 1168 5570 Reg.,
1201 5499 1366 5554 Coisl.
1393 5499 1445 5564 1,
1474 5497 1659 5564 Pass.,

47 5573 523 5648 ἀπογράψασθαι.

113 5642 236 5720 (1⁷7)
275 5642 574 5701 Γυναικί.
601 5642 692 5720 Sic
721 5642 864 5720 AReg.
896 5657 946 5696 c.
984 5642 1144 5720 Deest
1173 5642 1225 5696 in
1247 5642 1335 5720 ed.

116 5713 235 5790 (18)
265 5717 678 5790 Δημιουργῷς.
712 5717 808 5790 0r_._
835 5715 882 5774 l,
909 5715 1176 5790 reotrjrrﬁqh
1196 5731 1227 5790 ¢_
1255 5713 1450 5790 fartor.
1472 5731 1488 5763 ι

116 5782 238 5860 (19)
312 5782 436 5841 Ἐν
485 5782 711 5853 φαύλῳ.
775 5784 903 5854 lleg.
933 5782 1299 5855 ph.etlloisl.
1333 5785 1384 5848 l,
1436 5786 1493 5836 ἐν
1550 5782 1652 5853 φά-

643 5016 686 5047 ²⁰
724 5015 860 5070 Luc.
891 5029 958 5079 ιι,
991 5013 1016 5065 1
1046 5026 1166 5081 sqq.
1245 5014 1285 5045 “
1318 5013 1448 5068 ibid.
1477 5012 1510 5067 9
1540 5025 1662 5080 sqq.
1743 5010 1786 5043 ⁸³
1819 5009 2012 5064 Matth.
2047 5026 2106 5069 ιι.
2141 5012 2160 5064 1
2190 5023 2312 5077 sqq.

1765 5163 1936 5218 τνῃηι
1966 5145 2330 5218 ἰιιγρταξεθρὶο.
2375 5162 2392 5218 ι

1836 5214 1946 5288 (ΐο)
1972 5215 2347 5294 Ορκονομιάν.
2378 5214 2568 5270 Billius
2597 5233 2612 5268 :
2645 5233 2663 5266 ι
2697 5215 3087 5269 humanitatem
3119 5228 3335 5275 assum-

1762 5294 1982 5424 plagll’
2003 5355 2113 5410 Τὸν
2131 5355 2249 5426 μὲν
2289 5355 2372 5422 ὡς
2406 5355 2548 5422 Θεῷ,
2582 5367 2689 5410 etc.
2730 5353 2954 5408 Billius:
2988 5373 3006 5406 ι
3039 5356 3233 5424 partim
3279 5364 3338 5410 ut

1766 5437 1897 5492 deo,
1928 5427 2121 5495 partim
2151 5439 2202 5479 ut
2232 5427 2620 5496 Regi,partim,
2664 5445 2682 5476 ι
2708 5436 2814 5496 etc.

1839 5497 1950 5568 (‘22)
1973 5495 2362 5566 Nsxpdtnzot}.
2390 5496 2566 5560 Pass.,
2609 5495 2948 5566 νεκρώσεως,
2981 5513 3000 5546 ι
3039 5495 3338 5550 mortalita-

1769 5577 1955 5711 ωἳζόἷ
1979 5638 2166 5694 Δοκεῖ.
2195 5637 2537 5711 Sic_Coisl._l.
2566 5639 2624 5691 ln
2643 5637 2754 5700 ed.,
2785 5635 2981 5711 δοκεῖν.

1830 5705 2440 5794 (24)]1ιστευομένων.
2475 5708 2642 5780 llegg.
2675 5724 2726 5773 r,
2745 5711 2796 5774 tl,
2824 5717 2877 5761 et
2901 5705 3066 5762 Coisl.
3096 5707 3142 5772 l,
3168 5720 3336 5769 πεπιε-

1761 5798 1884 5834 στευ
1893 5797 2086 5850 μενων.
2263 5797 2272 5806 ·
