  <div class='ocr_page' id='page_1' title='image "/cluster/home/n/w/nwhite01/storage/ocr_20150623/35/hvd.32044024473308/535.png"; bbox 0 0 3852 6408; ppageno 0'>
   <div class='ocr_carea' id='block_1_1' title="bbox 558 309 697 366">
    <p class='ocr_par' dir='ltr' id='par_1_1' title="bbox 558 309 697 366">
     <span class='ocr_line' id='line_1_1' title="bbox 558 309 697 366; baseline -0.022 0"><span class='ocrx_word' id='word_1_1' title='bbox 558 309 697 366; x_wconf 75' lang='grc'><strong>1059</strong></span> 
     </span>
    </p>
   </div>
   <div class='ocr_carea' id='block_1_2' title="bbox 1753 305 2568 365">
    <p class='ocr_par' dir='ltr' id='par_1_2' title="bbox 1753 305 2568 365">
     <span class='ocr_line' id='line_1_2' title="bbox 1753 305 2568 365; baseline 0 -6"><span class='ocrx_word' id='word_1_2' title='bbox 1753 308 1810 360; x_wconf 88' lang='lat' dir='ltr'><strong>S.</strong></span> <span class='ocrx_word' id='word_1_3' title='bbox 1852 305 2191 365; x_wconf 74' lang='lat' dir='ltr'><strong>CREGORII</strong></span> <span class='ocrx_word' id='word_1_4' title='bbox 2229 305 2568 363; x_wconf 85' lang='lat' dir='ltr'><strong>TllEOLOGl</strong></span> 
     </span>
    </p>
   </div>
   <div class='ocr_carea' id='block_1_3' title="bbox 3638 315 3736 370">
    <p class='ocr_par' dir='ltr' id='par_1_3' title="bbox 3638 315 3736 370">
     <span class='ocr_line' id='line_1_3' title="bbox 3638 315 3736 370; baseline 0.02 -2"><span class='ocrx_word' id='word_1_5' title='bbox 3638 315 3736 370; x_wconf 74' lang='lat'><strong>1060</strong></span> 
     </span>
    </p>
   </div>
   <div class='ocr_carea' id='block_1_4' title="bbox 561 420 2119 498">
    <p class='ocr_par' dir='ltr' id='par_1_4' title="bbox 561 420 2119 491">
     <span class='ocr_line' id='line_1_4' title="bbox 561 420 2119 491; baseline 0.001 -17"><span class='ocrx_word' id='word_1_6' title='bbox 561 438 668 476; x_wconf 90' lang='lat' dir='ltr'><strong>una</strong></span> <span class='ocrx_word' id='word_1_7' title='bbox 694 436 908 491; x_wconf 83' lang='lat' dir='ltr'><strong>semper</strong></span> <span class='ocrx_word' id='word_1_8' title='bbox 933 421 1183 476; x_wconf 77' lang='lat' dir='ltr'><strong>maximis</strong></span> <span class='ocrx_word' id='word_1_9' title='bbox 1210 435 1392 476; x_wconf 88' lang='lat' dir='ltr'><strong>rerum</strong></span> <span class='ocrx_word' id='word_1_10' title='bbox 1436 420 1996 476; x_wconf 86' lang='lat' dir='ltr'><strong>administratiouibus</strong></span> <span class='ocrx_word' id='word_1_11' title='bbox 2026 437 2119 476; x_wconf 88' lang='lat' dir='ltr'><strong>co-</strong></span> 
     </span>
    </p>
   </div>
   <div class='ocr_carea' id='block_1_5' title="bbox 2224 420 3740 498">
    <p class='ocr_par' dir='ltr' id='par_1_5' title="bbox 2225 421 3740 498">
     <span class='ocr_line' id='line_1_5' title="bbox 2225 421 3740 498; baseline 0.005 -24"><span class='ocrx_word' id='word_1_12' title='bbox 2225 422 2312 474; x_wconf 82' lang='grc' dir='ltr'><strong>ῖνα</strong></span> <span class='ocrx_word' id='word_1_13' title='bbox 2344 421 2442 491; x_wconf 74' lang='grc' dir='ltr'>μὲν</span> <span class='ocrx_word' id='word_1_14' title='bbox 2475 422 2810 476; x_wconf 87' lang='grc' dir='ltr'>καταιδέσειε</span> <span class='ocrx_word' id='word_1_15' title='bbox 2839 425 2948 498; x_wconf 75' lang='lat'><strong>(&#39;25)</strong></span> <span class='ocrx_word' id='word_1_16' title='bbox 3003 428 3126 490; x_wconf 77' lang='grc' dir='ltr'>τοὺς</span> <span class='ocrx_word' id='word_1_17' title='bbox 3155 426 3584 497; x_wconf 74' lang='grc' dir='ltr'>ἀπογράφοντας,</span> <span class='ocrx_word' id='word_1_18' title='bbox 3630 444 3740 498; x_wconf 81' lang='grc' dir='ltr'>τηνι-</span> 
     </span>
    </p>
   </div>
   <div class='ocr_carea' id='block_1_6' title="bbox 562 511 2122 582">
    <p class='ocr_par' dir='ltr' id='par_1_6' title="bbox 562 511 2122 582">
     <span class='ocr_line' id='line_1_6' title="bbox 562 511 2122 582; baseline -0.001 -16"><span class='ocrx_word' id='word_1_19' title='bbox 562 514 744 568; x_wconf 89' lang='lat' dir='ltr'><strong>mitem</strong></span> <span class='ocrx_word' id='word_1_20' title='bbox 773 513 1053 568; x_wconf 82' lang='lat' dir='ltr'><strong>interesse.</strong></span> <span class='ocrx_word' id='word_1_21' title='bbox 1089 511 1156 566; x_wconf 84' lang='lat' dir='ltr'><strong>Et</strong></span> <span class='ocrx_word' id='word_1_22' title='bbox 1185 512 1424 582; x_wconf 87' lang='lat' dir='ltr'><strong>quidem,</strong></span> <span class='ocrx_word' id='word_1_23' title='bbox 1451 519 1508 563; x_wconf 93' lang='lat' dir='ltr'><strong>ut</strong></span> <span class='ocrx_word' id='word_1_24' title='bbox 1531 511 1894 581; x_wconf 86' lang='lat' dir='ltr'><strong>descriptores</strong></span> <span class='ocrx_word' id='word_1_25' title='bbox 1920 513 2122 580; x_wconf 89' lang='lat' dir='ltr'><strong>pudore</strong></span> 
     </span>
    </p>
   </div>
   <div class='ocr_carea' id='block_1_7' title="bbox 560 603 2120 675">
    <p class='ocr_par' dir='ltr' id='par_1_7' title="bbox 560 603 2120 675">
     <span class='ocr_line' id='line_1_7' title="bbox 560 603 2120 675; baseline -0.002 -18"><span class='ocrx_word' id='word_1_26' title='bbox 560 607 790 675; x_wconf 89' lang='lat' dir='ltr'><strong>quodam</strong></span> <span class='ocrx_word' id='word_1_27' title='bbox 819 603 1032 668; x_wconf 80' lang='lat' dir='ltr'><strong>alliciat,</strong></span> <span class='ocrx_word' id='word_1_28' title='bbox 1063 619 1124 658; x_wconf 91' lang='lat' dir='ltr'><strong>ac</strong></span> <span class='ocrx_word' id='word_1_29' title='bbox 1151 612 1504 666; x_wconf 87' lang='lat' dir='ltr'><strong>couunoveat,</strong></span> <span class='ocrx_word' id='word_1_30' title='bbox 1541 617 1606 656; x_wconf 91' lang='lat' dir='ltr'><strong>eo</strong></span> <span class='ocrx_word' id='word_1_31' title='bbox 1635 613 1875 672; x_wconf 90' lang='lat' dir='ltr'><strong>tempore</strong></span> <span class='ocrx_word' id='word_1_32' title='bbox 1902 619 2120 656; x_wconf 89' lang='lat' dir='ltr'><strong>carnem</strong></span> 
     </span>
    </p>
   </div>
   <div class='ocr_carea' id='block_1_8' title="bbox 559 696 2121 759">
    <p class='ocr_par' dir='ltr' id='par_1_8' title="bbox 559 696 2121 759">
     <span class='ocr_line' id='line_1_8' title="bbox 559 696 2121 759; baseline -0.003 -7"><span class='ocrx_word' id='word_1_33' title='bbox 559 696 808 759; x_wconf 84' lang='lat' dir='ltr'><strong>assumit,</strong></span> <span class='ocrx_word' id='word_1_34' title='bbox 837 706 890 748; x_wconf 91' lang='lat' dir='ltr'><strong>et</strong></span> <span class='ocrx_word' id='word_1_35' title='bbox 917 711 1037 749; x_wconf 90' lang='lat' dir='ltr'><strong>cum</strong></span> <span class='ocrx_word' id='word_1_36' title='bbox 1067 697 1376 750; x_wconf 83' lang='lat' dir='ltr'><strong>hominibus</strong></span> <span class='ocrx_word' id='word_1_37' title='bbox 1407 705 1689 758; x_wconf 86' lang='lat' dir='ltr'><strong>versatur;</strong></span> <span class='ocrx_word' id='word_1_38' title='bbox 1721 704 1778 748; x_wconf 94' lang='lat' dir='ltr'><strong>ut</strong></span> <span class='ocrx_word' id='word_1_39' title='bbox 1803 705 1980 748; x_wconf 88' lang='lat' dir='ltr'><strong>autem</strong></span> <span class='ocrx_word' id='word_1_40' title='bbox 2007 709 2121 748; x_wconf 90' lang='lat' dir='ltr'><strong>ser-</strong></span> 
     </span>
    </p>
   </div>
   <div class='ocr_carea' id='block_1_9' title="bbox 558 786 2118 858">
    <p class='ocr_par' dir='ltr' id='par_1_9' title="bbox 558 786 2118 858">
     <span class='ocr_line' id='line_1_9' title="bbox 558 786 2118 858; baseline 0.001 -19"><span class='ocrx_word' id='word_1_41' title='bbox 558 787 713 842; x_wconf 87' lang='lat' dir='ltr'><strong>vituti</strong></span> <span class='ocrx_word' id='word_1_42' title='bbox 750 797 944 842; x_wconf 55' lang='lat' dir='ltr'><strong>nostra!</strong></span> <span class='ocrx_word' id='word_1_43' title='bbox 970 788 1218 844; x_wconf 91' lang='lat' dir='ltr'><strong>solatium</strong></span> <span class='ocrx_word' id='word_1_44' title='bbox 1249 786 1438 842; x_wconf 83' lang='lat' dir='ltr'><strong>alIerat</strong></span> <span class='ocrx_word' id='word_1_45' title='bbox 1459 830 1474 854; x_wconf 90' lang='lat'><strong>,</strong></span> <span class='ocrx_word' id='word_1_46' title='bbox 1508 789 1784 858; x_wconf 82' lang='lat' dir='ltr'><strong>animique</strong></span> <span class='ocrx_word' id='word_1_47' title='bbox 1809 789 2118 857; x_wconf 78' lang='lat' dir='ltr'><strong>a-qnitatem</strong></span> 
     </span>
    </p>
   </div>
   <div class='ocr_carea' id='block_1_10' title="bbox 557 875 2118 948">
    <p class='ocr_par' dir='ltr' id='par_1_10' title="bbox 557 875 2118 948">
     <span class='ocr_line' id='line_1_10' title="bbox 557 875 2118 948; baseline 0.001 -19"><span class='ocrx_word' id='word_1_48' title='bbox 557 875 719 933; x_wconf 89' lang='lat' dir='ltr'><strong>veluti</strong></span> <span class='ocrx_word' id='word_1_49' title='bbox 748 875 864 946; x_wconf 82' lang='lat' dir='ltr'><strong>lege</strong></span> <span class='ocrx_word' id='word_1_50' title='bbox 895 879 1104 932; x_wconf 87' lang='lat' dir='ltr'><strong>sanciat</strong></span> <span class='ocrx_word' id='word_1_51' title='bbox 1134 881 1278 948; x_wconf 90' lang='lat' dir='ltr'><strong>(nam</strong></span> <span class='ocrx_word' id='word_1_52' title='bbox 1308 894 1374 932; x_wconf 91' lang='lat' dir='ltr'><strong>ne</strong></span> <span class='ocrx_word' id='word_1_53' title='bbox 1412 879 1463 932; x_wconf 92' lang='lat' dir='ltr'><strong>id</strong></span> <span class='ocrx_word' id='word_1_54' title='bbox 1507 878 1723 948; x_wconf 87' lang='lat' dir='ltr'><strong>quidem</strong></span> <span class='ocrx_word' id='word_1_55' title='bbox 1770 877 2118 946; x_wconf 74' lang='lat' dir='ltr'><strong>contemptim</strong></span> 
     </span>
    </p>
   </div>
   <div class='ocr_carea' id='block_1_11' title="bbox 556 968 2118 1038">
    <p class='ocr_par' dir='ltr' id='par_1_11' title="bbox 556 968 2118 1038">
     <span class='ocr_line' id='line_1_11' title="bbox 556 968 2118 1038; baseline 0.001 -18"><span class='ocrx_word' id='word_1_56' title='bbox 556 969 985 1038; x_wconf 69' lang='lat' dir='ltr'><strong>praetereundum</strong></span> <span class='ocrx_word' id='word_1_57' title='bbox 1007 969 1134 1038; x_wconf 88' lang='lat' dir='ltr'><strong>est),</strong></span> <span class='ocrx_word' id='word_1_58' title='bbox 1161 986 1263 1024; x_wconf 91' lang='lat' dir='ltr'><strong>non</strong></span> <span class='ocrx_word' id='word_1_59' title='bbox 1292 971 1448 1024; x_wconf 91' lang='lat' dir='ltr'><strong>modo</strong></span> <span class='ocrx_word' id='word_1_60' title='bbox 1474 984 1572 1022; x_wconf 92' lang='lat' dir='ltr'><strong>suo</strong></span> <span class='ocrx_word' id='word_1_61' title='bbox 1592 1009 1608 1035; x_wconf 98' lang='lat'><strong>,</strong></span> <span class='ocrx_word' id='word_1_62' title='bbox 1645 969 1738 1023; x_wconf 91' lang='lat' dir='ltr'><strong>sed</strong></span> <span class='ocrx_word' id='word_1_63' title='bbox 1768 970 1928 1023; x_wconf 88' lang='lat' dir='ltr'><strong>etiam</strong></span> <span class='ocrx_word' id='word_1_64' title='bbox 1951 968 2118 1034; x_wconf 83' lang='lat' dir='ltr'><strong>Petri,</strong></span> 
     </span>
    </p>
   </div>
   <div class='ocr_carea' id='block_1_12' title="bbox 555 1057 2121 1126">
    <p class='ocr_par' dir='ltr' id='par_1_12' title="bbox 555 1057 2121 1126">
     <span class='ocr_line' id='line_1_12' title="bbox 555 1057 2121 1126; baseline 0.001 -14"><span class='ocrx_word' id='word_1_65' title='bbox 555 1057 942 1126; x_wconf 86' lang='lat' dir='ltr'><strong>discipulorum</strong></span> <span class='ocrx_word' id='word_1_66' title='bbox 985 1060 1225 1114; x_wconf 90' lang='lat' dir='ltr'><strong>omnium</strong></span> <span class='ocrx_word' id='word_1_67' title='bbox 1277 1061 1583 1115; x_wconf 84' lang='lat' dir='ltr'><strong>charissimi</strong></span> <span class='ocrx_word' id='word_1_68' title='bbox 1612 1100 1628 1124; x_wconf 94' lang='lat'><strong>,</strong></span> <span class='ocrx_word' id='word_1_69' title='bbox 1677 1061 1895 1115; x_wconf 87' lang='lat' dir='ltr'><strong>nomine</strong></span> <span class='ocrx_word' id='word_1_70' title='bbox 1940 1062 2121 1115; x_wconf 89' lang='lat' dir='ltr'><strong>didra-</strong></span> 
     </span>
    </p>
   </div>
   <div class='ocr_carea' id='block_1_13' title="bbox 555 1151 2117 1222">
    <p class='ocr_par' dir='ltr' id='par_1_13' title="bbox 555 1151 2117 1222">
     <span class='ocr_line' id='line_1_13' title="bbox 555 1151 2117 1222; baseline 0.001 -19"><span class='ocrx_word' id='word_1_71' title='bbox 555 1151 771 1204; x_wconf 90' lang='lat' dir='ltr'><strong>chmum</strong></span> <span class='ocrx_word' id='word_1_72' title='bbox 797 1151 980 1220; x_wconf 84' lang='lat' dir='ltr'><strong>pendit</strong></span> <span class='ocrx_word' id='word_1_73' title='bbox 1002 1153 1065 1206; x_wconf 84' lang='grc'><strong>¹³.</strong></span> <span class='ocrx_word' id='word_1_74' title='bbox 1089 1151 1220 1206; x_wconf 86' lang='lat' dir='ltr'><strong>Nam</strong></span> <span class='ocrx_word' id='word_1_75' title='bbox 1248 1163 1467 1222; x_wconf 84' lang='lat' dir='ltr'><strong>propter</strong></span> <span class='ocrx_word' id='word_1_76' title='bbox 1488 1168 1585 1207; x_wconf 93' lang='lat' dir='ltr'><strong>nos</strong></span> <span class='ocrx_word' id='word_1_77' title='bbox 1607 1153 1766 1206; x_wconf 86' lang='lat' dir='ltr'><strong>homo</strong></span> <span class='ocrx_word' id='word_1_78' title='bbox 1786 1151 1959 1205; x_wconf 80' lang='lat' dir='ltr'><strong>factus</strong></span> <span class='ocrx_word' id='word_1_79' title='bbox 1980 1163 2117 1219; x_wconf 84' lang='lat' dir='ltr'><strong>eral,</strong></span> 
     </span>
    </p>
   </div>
   <div class='ocr_carea' id='block_1_14' title="bbox 555 1243 2118 1314">
    <p class='ocr_par' dir='ltr' id='par_1_14' title="bbox 555 1243 2118 1314">
     <span class='ocr_line' id='line_1_14' title="bbox 555 1243 2118 1314; baseline 0.003 -18"><span class='ocrx_word' id='word_1_80' title='bbox 555 1243 805 1310; x_wconf 85' lang='lat' dir='ltr'><strong>servique</strong></span> <span class='ocrx_word' id='word_1_81' title='bbox 849 1244 1076 1298; x_wconf 78' lang='lat' dir='ltr'><strong>formam</strong></span> <span class='ocrx_word' id='word_1_82' title='bbox 1123 1245 1442 1313; x_wconf 74' lang='lat' dir='ltr'><strong>suscepit“,</strong></span> <span class='ocrx_word' id='word_1_83' title='bbox 1493 1254 1550 1298; x_wconf 90' lang='lat' dir='ltr'><strong>et</strong></span> <span class='ocrx_word' id='word_1_84' title='bbox 1591 1260 1690 1312; x_wconf 87' lang='lat' dir='ltr'><strong>pro</strong></span> <span class='ocrx_word' id='word_1_85' title='bbox 1742 1245 2118 1314; x_wconf 80' lang='lat' dir='ltr'><strong>iniquitatibus</strong></span> 
     </span>
    </p>
   </div>
   <div class='ocr_carea' id='block_1_15' title="bbox 557 1335 2114 1401">
    <p class='ocr_par' dir='ltr' id='par_1_15' title="bbox 557 1335 2114 1401">
     <span class='ocr_line' id='line_1_15' title="bbox 557 1335 2114 1401; baseline -0.001 -13"><span class='ocrx_word' id='word_1_86' title='bbox 557 1337 757 1390; x_wconf 83' lang='lat' dir='ltr'><strong>nostris</strong></span> <span class='ocrx_word' id='word_1_87' title='bbox 783 1336 849 1389; x_wconf 90' lang='lat' dir='ltr'><strong>ad</strong></span> <span class='ocrx_word' id='word_1_88' title='bbox 875 1347 1100 1391; x_wconf 89' lang='lat' dir='ltr'><strong>mortem</strong></span> <span class='ocrx_word' id='word_1_89' title='bbox 1129 1338 1321 1392; x_wconf 88' lang='lat' dir='ltr'><strong>ductus</strong></span> <span class='ocrx_word' id='word_1_90' title='bbox 1354 1346 1438 1391; x_wconf 89' lang='lat' dir='ltr'><strong>est</strong></span> <span class='ocrx_word' id='word_1_91' title='bbox 1457 1338 1522 1390; x_wconf 83' lang='grc'><strong>¹⁵.</strong></span> <span class='ocrx_word' id='word_1_92' title='bbox 1553 1336 1676 1390; x_wconf 77' lang='lat' dir='ltr'><strong>llzec</strong></span> <span class='ocrx_word' id='word_1_93' title='bbox 1703 1337 1949 1389; x_wconf 77' lang='lat' dir='ltr'><strong>Salvator</strong></span> <span class='ocrx_word' id='word_1_94' title='bbox 1970 1335 2114 1401; x_wconf 74' lang='lat' dir='ltr'><strong>fecit,</strong></span> 
     </span>
    </p>
   </div>
   <div class='ocr_carea' id='block_1_16' title="bbox 557 1427 2118 1497">
    <p class='ocr_par' dir='ltr' id='par_1_16' title="bbox 557 1427 2118 1497">
     <span class='ocr_line' id='line_1_16' title="bbox 557 1427 2118 1497; baseline 0 -18"><span class='ocrx_word' id='word_1_95' title='bbox 557 1427 715 1497; x_wconf 87' lang='lat' dir='ltr'><strong>idque</strong></span> <span class='ocrx_word' id='word_1_96' title='bbox 741 1444 862 1482; x_wconf 91' lang='lat' dir='ltr'><strong>cum</strong></span> <span class='ocrx_word' id='word_1_97' title='bbox 895 1429 1170 1484; x_wconf 88' lang='lat' dir='ltr'><strong>voluntate</strong></span> <span class='ocrx_word' id='word_1_98' title='bbox 1192 1431 1304 1484; x_wconf 89' lang='lat' dir='ltr'><strong>sola</strong></span> <span class='ocrx_word' id='word_1_99' title='bbox 1337 1429 1510 1492; x_wconf 86' lang='lat' dir='ltr'><strong>nobis,</strong></span> <span class='ocrx_word' id='word_1_100' title='bbox 1546 1438 1728 1496; x_wconf 90' lang='lat' dir='ltr'><strong>utpote</strong></span> <span class='ocrx_word' id='word_1_101' title='bbox 1762 1429 1898 1481; x_wconf 79' lang='lat' dir='ltr'><strong>Deus</strong></span> <span class='ocrx_word' id='word_1_102' title='bbox 1919 1465 1938 1492; x_wconf 94' lang='lat'><strong>,</strong></span> <span class='ocrx_word' id='word_1_103' title='bbox 1973 1429 2118 1481; x_wconf 89' lang='lat' dir='ltr'><strong>salu-</strong></span> 
     </span>
    </p>
   </div>
   <div class='ocr_carea' id='block_1_17' title="bbox 557 1518 2115 1590">
    <p class='ocr_par' dir='ltr' id='par_1_17' title="bbox 557 1518 2115 1590">
     <span class='ocr_line' id='line_1_17' title="bbox 557 1518 2115 1590; baseline 0 -18"><span class='ocrx_word' id='word_1_104' title='bbox 557 1528 664 1572; x_wconf 86' lang='lat' dir='ltr'><strong>tem</strong></span> <span class='ocrx_word' id='word_1_105' title='bbox 712 1518 907 1573; x_wconf 77' lang='lat' dir='ltr'><strong>aﬂ‘erre</strong></span> <span class='ocrx_word' id='word_1_106' title='bbox 934 1530 1146 1588; x_wconf 87' lang='lat' dir='ltr'><strong>posset,</strong></span> <span class='ocrx_word' id='word_1_107' title='bbox 1202 1521 1654 1590; x_wconf 83' lang='lat' dir='ltr'><strong>quemadmodum</strong></span> <span class='ocrx_word' id='word_1_108' title='bbox 1707 1531 1762 1572; x_wconf 89' lang='lat' dir='ltr'><strong>et</strong></span> <span class='ocrx_word' id='word_1_109' title='bbox 1813 1521 2115 1574; x_wconf 88' lang='lat' dir='ltr'><strong>universam</strong></span> 
     </span>
    </p>
   </div>
   <div class='ocr_carea' id='block_1_18' title="bbox 555 1611 2116 1680">
    <p class='ocr_par' dir='ltr' id='par_1_18' title="bbox 555 1611 2116 1680">
     <span class='ocr_line' id='line_1_18' title="bbox 555 1611 2116 1680; baseline 0 -18"><span class='ocrx_word' id='word_1_110' title='bbox 555 1622 734 1662; x_wconf 87' lang='lat' dir='ltr'><strong>rerum</strong></span> <span class='ocrx_word' id='word_1_111' title='bbox 765 1612 1064 1665; x_wconf 90' lang='lat' dir='ltr'><strong>machinam</strong></span> <span class='ocrx_word' id='word_1_112' title='bbox 1096 1611 1209 1665; x_wconf 90' lang='lat' dir='ltr'><strong>solo</strong></span> <span class='ocrx_word' id='word_1_113' title='bbox 1233 1612 1387 1675; x_wconf 91' lang='lat' dir='ltr'><strong>jussu</strong></span> <span class='ocrx_word' id='word_1_114' title='bbox 1413 1622 1574 1678; x_wconf 90' lang='lat' dir='ltr'><strong>atque</strong></span> <span class='ocrx_word' id='word_1_115' title='bbox 1603 1611 1830 1680; x_wconf 87' lang='lat' dir='ltr'><strong>imperio</strong></span> <span class='ocrx_word' id='word_1_116' title='bbox 1861 1625 2116 1679; x_wconf 86' lang='lat' dir='ltr'><strong>procrea-</strong></span> 
     </span>
    </p>
   </div>
   <div class='ocr_carea' id='block_1_19' title="bbox 555 1699 2114 1772">
    <p class='ocr_par' dir='ltr' id='par_1_19' title="bbox 555 1699 2114 1772">
     <span class='ocr_line' id='line_1_19' title="bbox 555 1699 2114 1772; baseline 0.003 -20"><span class='ocrx_word' id='word_1_117' title='bbox 555 1699 651 1754; x_wconf 85' lang='lat' dir='ltr'><strong>vit.</strong></span> <span class='ocrx_word' id='word_1_118' title='bbox 683 1699 852 1768; x_wconf 72' lang='lat' dir='ltr'><strong>Maius</strong></span> <span class='ocrx_word' id='word_1_119' title='bbox 879 1711 1055 1756; x_wconf 89' lang='lat' dir='ltr'><strong>autem</strong></span> <span class='ocrx_word' id='word_1_120' title='bbox 1077 1741 1092 1766; x_wconf 93' lang='lat'><strong>,</strong></span> <span class='ocrx_word' id='word_1_121' title='bbox 1135 1712 1190 1758; x_wconf 91' lang='lat' dir='ltr'><strong>et</strong></span> <span class='ocrx_word' id='word_1_122' title='bbox 1225 1705 1290 1756; x_wconf 90' lang='lat' dir='ltr'><strong>ad</strong></span> <span class='ocrx_word' id='word_1_123' title='bbox 1335 1703 1698 1757; x_wconf 90' lang='lat' dir='ltr'><strong>incutiendum</strong></span> <span class='ocrx_word' id='word_1_124' title='bbox 1735 1703 1991 1772; x_wconf 83' lang='lat' dir='ltr'><strong>pudorem</strong></span> <span class='ocrx_word' id='word_1_125' title='bbox 2021 1717 2114 1756; x_wconf 82' lang='lat' dir='ltr'><strong>ac-</strong></span> 
     </span>
    </p>
   </div>
   <div class='ocr_carea' id='block_1_20' title="bbox 2228 513 3743 590">
    <p class='ocr_par' dir='ltr' id='par_1_20' title="bbox 2228 513 3743 590">
     <span class='ocr_line' id='line_1_20' title="bbox 2228 513 3743 590; baseline 0.005 -23"><span class='ocrx_word' id='word_1_126' title='bbox 2228 515 2400 567; x_wconf 84' lang='grc' dir='ltr'>καῦτα</span> <span class='ocrx_word' id='word_1_127' title='bbox 2437 513 2614 584; x_wconf 81' lang='grc' dir='ltr'>ὁμιλεῖ</span> <span class='ocrx_word' id='word_1_128' title='bbox 2646 518 2809 586; x_wconf 77' lang='grc' dir='ltr'>σαρκὶ</span> <span class='ocrx_word' id='word_1_129' title='bbox 2833 520 2926 570; x_wconf 72' lang='grc' dir='ltr'>καὶ</span> <span class='ocrx_word' id='word_1_130' title='bbox 2957 517 3265 590; x_wconf 87' lang='grc' dir='ltr'>ἀνθρώποις</span> <span class='ocrx_word' id='word_1_131' title='bbox 3285 534 3299 548; x_wconf 84' lang='lat'><strong><em>°</em></strong></span> <span class='ocrx_word' id='word_1_132' title='bbox 3324 518 3428 570; x_wconf 58' lang='grc' dir='ltr'>’ἵνα</span> <span class='ocrx_word' id='word_1_133' title='bbox 3453 517 3512 570; x_wconf 78' lang='grc' dir='ltr'>δὲ</span> <span class='ocrx_word' id='word_1_134' title='bbox 3545 535 3743 590; x_wconf 76' lang='grc' dir='ltr'>παραμυ-</span> 
     </span>
    </p>
   </div>
   <div class='ocr_carea' id='block_1_21' title="bbox 2229 604 3743 684">
    <p class='ocr_par' dir='ltr' id='par_1_21' title="bbox 2229 604 3743 684">
     <span class='ocr_line' id='line_1_21' title="bbox 2229 604 3743 684; baseline 0.007 -28"><span class='ocrx_word' id='word_1_135' title='bbox 2229 604 2458 675; x_wconf 76' lang='grc' dir='ltr'>θήσηται</span> <span class='ocrx_word' id='word_1_136' title='bbox 2509 608 2607 676; x_wconf 84' lang='grc' dir='ltr'>τῆς</span> <span class='ocrx_word' id='word_1_137' title='bbox 2637 606 2875 670; x_wconf 83' lang='grc' dir='ltr'>δουλείας</span> <span class='ocrx_word' id='word_1_138' title='bbox 2907 611 3072 680; x_wconf 79' lang='grc' dir='ltr'>ἡμᾶς,</span> <span class='ocrx_word' id='word_1_139' title='bbox 3107 610 3200 663; x_wconf 78' lang='grc' dir='ltr'>καὶ</span> <span class='ocrx_word' id='word_1_140' title='bbox 3239 609 3338 680; x_wconf 81' lang='grc' dir='ltr'>τὴν</span> <span class='ocrx_word' id='word_1_141' title='bbox 3381 610 3743 684; x_wconf 72' lang='grc' dir='ltr'>εὐγνωμοσύνην</span> 
     </span>
    </p>
   </div>
   <div class='ocr_carea' id='block_1_22' title="bbox 2227 696 3747 772">
    <p class='ocr_par' dir='ltr' id='par_1_22' title="bbox 2227 696 3747 772">
     <span class='ocr_line' id='line_1_22' title="bbox 2227 696 3747 772; baseline 0.007 -26"><span class='ocrx_word' id='word_1_142' title='bbox 2227 696 2559 767; x_wconf 82' lang='grc' dir='ltr'>νομοθετήσῃ</span> <span class='ocrx_word' id='word_1_143' title='bbox 2597 698 2736 765; x_wconf 73' lang='grc' dir='ltr'>(οὐδὲ</span> <span class='ocrx_word' id='word_1_144' title='bbox 2765 699 2872 770; x_wconf 84' lang='grc' dir='ltr'>γάρ</span> <span class='ocrx_word' id='word_1_145' title='bbox 2931 700 3087 753; x_wconf 84' lang='grc' dir='ltr'>τοῦτο</span> <span class='ocrx_word' id='word_1_146' title='bbox 3143 699 3492 772; x_wconf 82' lang='grc' dir='ltr'><strong>παροπτέον),</strong></span> <span class='ocrx_word' id='word_1_147' title='bbox 3525 702 3652 754; x_wconf 84' lang='grc' dir='ltr'>τελεῖ</span> <span class='ocrx_word' id='word_1_148' title='bbox 3680 708 3747 757; x_wconf 72' lang='grc' dir='ltr'>καὶ</span> 
     </span>
    </p>
   </div>
   <div class='ocr_carea' id='block_1_23' title="bbox 2227 788 3749 862">
    <p class='ocr_par' dir='ltr' id='par_1_23' title="bbox 2227 788 3749 862">
     <span class='ocr_line' id='line_1_23' title="bbox 2227 788 3749 862; baseline 0.004 -22"><span class='ocrx_word' id='word_1_149' title='bbox 2227 788 2387 851; x_wconf 81' lang='grc' dir='ltr'>αὐτὸς</span> <span class='ocrx_word' id='word_1_150' title='bbox 2431 788 2491 840; x_wconf 83' lang='grc' dir='ltr'><strong>τὸ</strong></span> <span class='ocrx_word' id='word_1_151' title='bbox 2542 789 2856 859; x_wconf 86' lang='grc' dir='ltr'>δίδραχμον,</span> <span class='ocrx_word' id='word_1_152' title='bbox 2909 793 3001 844; x_wconf 73' lang='grc' dir='ltr'>καὶ</span> <span class='ocrx_word' id='word_1_153' title='bbox 3051 793 3148 862; x_wconf 81' lang='grc' dir='ltr'><strong>οὐχ</strong></span> <span class='ocrx_word' id='word_1_154' title='bbox 3199 792 3340 862; x_wconf 81' lang='grc' dir='ltr'>ὑπὲρ</span> <span class='ocrx_word' id='word_1_155' title='bbox 3380 792 3570 845; x_wconf 79' lang='grc' dir='ltr'>ἑαυτοῦ</span> <span class='ocrx_word' id='word_1_156' title='bbox 3609 794 3749 862; x_wconf 77' lang='grc' dir='ltr'>μόνον,</span> 
     </span>
    </p>
   </div>
   <div class='ocr_carea' id='block_1_24' title="bbox 2226 877 3750 952">
    <p class='ocr_par' dir='ltr' id='par_1_24' title="bbox 2226 877 3750 952">
     <span class='ocr_line' id='line_1_24' title="bbox 2226 877 3750 952; baseline 0.005 -24"><span class='ocrx_word' id='word_1_157' title='bbox 2226 877 2359 929; x_wconf 83' lang='grc' dir='ltr'><strong>ἀλλά</strong></span> <span class='ocrx_word' id='word_1_158' title='bbox 2385 878 2477 930; x_wconf 75' lang='grc' dir='ltr'><strong>καὶ</strong></span> <span class='ocrx_word' id='word_1_159' title='bbox 2499 878 2704 949; x_wconf 79' lang='grc' dir='ltr'><strong>Πέτρου</strong></span> <span class='ocrx_word' id='word_1_160' title='bbox 2725 880 2818 932; x_wconf 88' lang='grc' dir='ltr'><strong>τοῦ</strong></span> <span class='ocrx_word' id='word_1_161' title='bbox 2853 881 3178 950; x_wconf 78' lang='grc' dir='ltr'><strong>τιμιωτάτου</strong></span> <span class='ocrx_word' id='word_1_162' title='bbox 3210 881 3318 934; x_wconf 84' lang='grc' dir='ltr'>τῶν</span> <span class='ocrx_word' id='word_1_163' title='bbox 3351 883 3628 952; x_wconf 75' lang='grc' dir='ltr'><strong>μαθητῶν·</strong></span> <span class='ocrx_word' id='word_1_164' title='bbox 3660 887 3750 936; x_wconf 72' lang='grc' dir='ltr'>ἐπεὶ</span> 
     </span>
    </p>
   </div>
   <div class='ocr_carea' id='block_1_25' title="bbox 2226 969 3751 1044">
    <p class='ocr_par' dir='ltr' id='par_1_25' title="bbox 2226 969 3751 1044">
     <span class='ocr_line' id='line_1_25' title="bbox 2226 969 3751 1044; baseline -0.012 -6"><span class='ocrx_word' id='word_1_165' title='bbox 2226 970 2318 1023; x_wconf 60' lang='grc' dir='ltr'><strong>καὶ</strong></span> <span class='ocrx_word' id='word_1_166' title='bbox 2368 969 2650 1038; x_wconf 77' lang='grc' dir='ltr'>ἄνθρωπος</span> <span class='ocrx_word' id='word_1_167' title='bbox 2700 969 2913 1038; x_wconf 73' lang='grc' dir='ltr'>ἐγένετο</span> <span class='ocrx_word' id='word_1_168' title='bbox 2953 971 3018 1024; x_wconf 85' lang='grc' dir='ltr'><strong>δι’</strong></span> <span class='ocrx_word' id='word_1_169' title='bbox 3045 974 3210 1042; x_wconf 79' lang='grc' dir='ltr'>ἡμᾶς,</span> <span class='ocrx_word' id='word_1_170' title='bbox 3247 973 3338 1024; x_wconf 78' lang='grc' dir='ltr'>καὶ</span> <span class='ocrx_word' id='word_1_171' title='bbox 3360 971 3545 1024; x_wconf 84' lang='grc' dir='ltr'>δούλου</span> <span class='ocrx_word' id='word_1_172' title='bbox 3581 976 3751 1044; x_wconf 61' lang='grc' dir='ltr'>μορςὴν</span> 
     </span>
    </p>
   </div>
   <div class='ocr_carea' id='block_1_26' title="bbox 2224 1062 3750 1133">
    <p class='ocr_par' dir='ltr' id='par_1_26' title="bbox 2224 1062 3750 1133">
     <span class='ocr_line' id='line_1_26' title="bbox 2224 1062 3750 1133; baseline -0.001 -18"><span class='ocrx_word' id='word_1_173' title='bbox 2224 1062 2504 1127; x_wconf 81' lang='grc' dir='ltr'><strong>ἀνεδέξατο</strong></span> <span class='ocrx_word' id='word_1_174' title='bbox 2532 1062 2664 1133; x_wconf 71' lang='grc'>(26),</span> <span class='ocrx_word' id='word_1_175' title='bbox 2689 1063 2781 1116; x_wconf 76' lang='grc' dir='ltr'>καὶ</span> <span class='ocrx_word' id='word_1_176' title='bbox 2813 1063 2952 1132; x_wconf 81' lang='grc' dir='ltr'>ὑπὲρ</span> <span class='ocrx_word' id='word_1_177' title='bbox 2973 1063 3076 1115; x_wconf 83' lang='grc' dir='ltr'><strong>τῶν</strong></span> <span class='ocrx_word' id='word_1_178' title='bbox 3100 1063 3335 1133; x_wconf 81' lang='grc' dir='ltr'>ἀνομιῶν</span> <span class='ocrx_word' id='word_1_179' title='bbox 3366 1064 3523 1132; x_wconf 76' lang='grc' dir='ltr'>ἡμῶν</span> <span class='ocrx_word' id='word_1_180' title='bbox 3546 1063 3670 1133; x_wconf 71' lang='grc' dir='ltr'>ἤχθη</span> <span class='ocrx_word' id='word_1_181' title='bbox 3693 1067 3750 1128; x_wconf 78' lang='grc' dir='ltr'><strong>εἰς</strong></span> 
     </span>
    </p>
   </div>
   <div class='ocr_carea' id='block_1_27' title="bbox 2227 1152 3750 1224">
    <p class='ocr_par' dir='ltr' id='par_1_27' title="bbox 2227 1152 3750 1224">
     <span class='ocr_line' id='line_1_27' title="bbox 2227 1152 3750 1224; baseline 0.001 -20"><span class='ocrx_word' id='word_1_182' title='bbox 2227 1152 2470 1206; x_wconf 85' lang='grc' dir='ltr'>θάνατον.</span> <span class='ocrx_word' id='word_1_183' title='bbox 2511 1153 2692 1206; x_wconf 86' lang='grc' dir='ltr'>Ταῦτα</span> <span class='ocrx_word' id='word_1_184' title='bbox 2734 1155 2832 1224; x_wconf 81' lang='grc' dir='ltr'>μὲν</span> <span class='ocrx_word' id='word_1_185' title='bbox 2867 1156 2895 1206; x_wconf 86' lang='grc' dir='ltr'><strong>ό</strong></span> <span class='ocrx_word' id='word_1_186' title='bbox 2927 1153 3134 1224; x_wconf 79' lang='grc' dir='ltr'>Σωτὴρ,</span> <span class='ocrx_word' id='word_1_187' title='bbox 3172 1154 3265 1206; x_wconf 80' lang='grc' dir='ltr'>καὶ</span> <span class='ocrx_word' id='word_1_188' title='bbox 3295 1153 3371 1224; x_wconf 80' lang='grc' dir='ltr'>τῷ</span> <span class='ocrx_word' id='word_1_189' title='bbox 3400 1154 3646 1223; x_wconf 80' lang='grc' dir='ltr'>θελήματι</span> <span class='ocrx_word' id='word_1_190' title='bbox 3678 1157 3750 1222; x_wconf 71' lang='grc' dir='ltr'>μό-</span> 
     </span>
    </p>
   </div>
   <div class='ocr_carea' id='block_1_28' title="bbox 2223 1243 3749 1319">
    <p class='ocr_par' dir='ltr' id='par_1_28' title="bbox 2223 1243 3749 1319">
     <span class='ocr_line' id='line_1_28' title="bbox 2223 1243 3749 1319; baseline 0.001 -23"><span class='ocrx_word' id='word_1_191' title='bbox 2223 1261 2331 1307; x_wconf 88' lang='grc' dir='ltr'>νον,</span> <span class='ocrx_word' id='word_1_192' title='bbox 2363 1243 2438 1306; x_wconf 86' lang='grc' dir='ltr'><strong>ώς</strong></span> <span class='ocrx_word' id='word_1_193' title='bbox 2490 1244 2641 1307; x_wconf 81' lang='grc' dir='ltr'>Θεὸς,</span> <span class='ocrx_word' id='word_1_194' title='bbox 2681 1245 2849 1297; x_wconf 77' lang='grc' dir='ltr'>σῶσαι</span> <span class='ocrx_word' id='word_1_195' title='bbox 2879 1244 3194 1319; x_wconf 78' lang='grc' dir='ltr'>δυνάμενος,</span> <span class='ocrx_word' id='word_1_196' title='bbox 3236 1245 3357 1298; x_wconf 73' lang='grc' dir='ltr'>ἐπεὶ</span> <span class='ocrx_word' id='word_1_197' title='bbox 3396 1246 3486 1297; x_wconf 78' lang='grc' dir='ltr'>καὶ</span> <span class='ocrx_word' id='word_1_198' title='bbox 3515 1246 3581 1297; x_wconf 75' lang='grc' dir='ltr'>τά</span> <span class='ocrx_word' id='word_1_199' title='bbox 3609 1246 3749 1298; x_wconf 78' lang='grc' dir='ltr'>πάντα</span> 
     </span>
    </p>
   </div>
   <div class='ocr_carea' id='block_1_29' title="bbox 2223 1317 3753 1406">
    <p class='ocr_par' dir='ltr' id='par_1_29' title="bbox 2223 1317 3753 1406">
     <span class='ocr_line' id='line_1_29' title="bbox 2223 1317 3753 1406; baseline 0.003 -22"><span class='ocrx_word' id='word_1_200' title='bbox 2223 1336 2598 1404; x_wconf 79' lang='grc' dir='ltr'>προστάγματι</span> <span class='ocrx_word' id='word_1_201' title='bbox 2633 1317 3024 1406; x_wconf 68' lang='grc' dir='ltr'>συύεστὴσατοθ</span> <span class='ocrx_word' id='word_1_202' title='bbox 3058 1335 3238 1405; x_wconf 82' lang='grc' dir='ltr'>μεῖζον</span> <span class='ocrx_word' id='word_1_203' title='bbox 3279 1335 3334 1388; x_wconf 79' lang='grc' dir='ltr'>δὲ</span> <span class='ocrx_word' id='word_1_204' title='bbox 3362 1337 3454 1388; x_wconf 73' lang='grc' dir='ltr'>καὶ</span> <span class='ocrx_word' id='word_1_205' title='bbox 3485 1336 3753 1406; x_wconf 79' lang='grc' dir='ltr'>δυσωπητι-</span> 
     </span>
    </p>
   </div>
   <div class='ocr_carea' id='block_1_30' title="bbox 2223 1425 3755 1497">
    <p class='ocr_par' dir='ltr' id='par_1_30' title="bbox 2223 1425 3755 1497">
     <span class='ocr_line' id='line_1_30' title="bbox 2223 1425 3755 1497; baseline 0.002 -20"><span class='ocrx_word' id='word_1_206' title='bbox 2223 1425 2458 1497; x_wconf 81' lang='grc' dir='ltr'>κώτερον</span> <span class='ocrx_word' id='word_1_207' title='bbox 2491 1428 2804 1496; x_wconf 76' lang='grc' dir='ltr'><strong>εἰσήνεγκεν</strong></span> <span class='ocrx_word' id='word_1_208' title='bbox 2858 1428 3009 1496; x_wconf 76' lang='grc' dir='ltr'>ἡμῖν,</span> <span class='ocrx_word' id='word_1_209' title='bbox 3067 1425 3163 1496; x_wconf 78' lang='grc' dir='ltr'>τὴν</span> <span class='ocrx_word' id='word_1_210' title='bbox 3198 1427 3539 1495; x_wconf 77' lang='grc' dir='ltr'>συμπάθειαν</span> <span class='ocrx_word' id='word_1_211' title='bbox 3586 1428 3668 1479; x_wconf 75' lang='grc' dir='ltr'>καὶ</span> <span class='ocrx_word' id='word_1_212' title='bbox 3711 1430 3755 1480; x_wconf 69' lang='grc' dir='ltr'><strong>τὸ</strong></span> 
     </span>
    </p>
   </div>
   <div class='ocr_carea' id='block_1_31' title="bbox 2221 1516 3753 1588">
    <p class='ocr_par' dir='ltr' id='par_1_31' title="bbox 2221 1516 3753 1588">
     <span class='ocr_line' id='line_1_31' title="bbox 2221 1516 3753 1588; baseline 0.001 -20"><span class='ocrx_word' id='word_1_213' title='bbox 2221 1517 2483 1588; x_wconf 83' lang='grc' dir='ltr'><strong>ὁμότιμον</strong></span> <span class='ocrx_word' id='word_1_214' title='bbox 2514 1517 2648 1585; x_wconf 67' lang='lat' dir='ltr'><strong>(Q7).</strong></span> <span class='ocrx_word' id='word_1_215' title='bbox 2694 1517 2757 1569; x_wconf 85' lang='lat' dir='ltr'><strong>Ti</strong></span> <span class='ocrx_word' id='word_1_216' title='bbox 2781 1516 2837 1569; x_wconf 76' lang='grc' dir='ltr'>δὲ</span> <span class='ocrx_word' id='word_1_217' title='bbox 2888 1519 3047 1588; x_wconf 76' lang='grc' dir='ltr'>ἡμεῖς</span> <span class='ocrx_word' id='word_1_218' title='bbox 3075 1517 3121 1568; x_wconf 75' lang='grc' dir='ltr'>οἱ</span> <span class='ocrx_word' id='word_1_219' title='bbox 3158 1517 3393 1588; x_wconf 76' lang='grc' dir='ltr'><strong>Χριστοῦ</strong></span> <span class='ocrx_word' id='word_1_220' title='bbox 3431 1517 3658 1588; x_wconf 72' lang='grc' dir='ltr'>μαθηταὶ</span> <span class='ocrx_word' id='word_1_221' title='bbox 3685 1519 3753 1570; x_wconf 68' lang='grc' dir='ltr'><strong>τοῦ</strong></span> 
     </span>
    </p>
   </div>
   <div class='ocr_carea' id='block_1_32' title="bbox 2201 1606 3759 1679">
    <p class='ocr_par' dir='ltr' id='par_1_32' title="bbox 2201 1606 3759 1679">
     <span class='ocr_line' id='line_1_32' title="bbox 2201 1606 3759 1679; baseline 0.001 -21"><span class='ocrx_word' id='word_1_222' title='bbox 2201 1609 2399 1678; x_wconf 81' lang='grc' dir='ltr'>πράου</span> <span class='ocrx_word' id='word_1_223' title='bbox 2425 1608 2517 1660; x_wconf 70' lang='grc' dir='ltr'>καὶ</span> <span class='ocrx_word' id='word_1_224' title='bbox 2543 1606 2944 1679; x_wconf 78' lang='grc' dir='ltr'>φιλανθρώπου,</span> <span class='ocrx_word' id='word_1_225' title='bbox 2999 1610 3093 1660; x_wconf 73' lang='grc' dir='ltr'>καὶ</span> <span class='ocrx_word' id='word_1_226' title='bbox 3119 1608 3366 1662; x_wconf 86' lang='grc' dir='ltr'>τοσοῦτον</span> <span class='ocrx_word' id='word_1_227' title='bbox 3397 1610 3526 1678; x_wconf 81' lang='grc' dir='ltr'>ἡμῖν</span> <span class='ocrx_word' id='word_1_228' title='bbox 3566 1609 3759 1676; x_wconf 72' lang='grc' dir='ltr'>λειτουρ-</span> 
     </span>
    </p>
   </div>
   <div class='ocr_carea' id='block_1_33' title="bbox 2221 1697 3758 1768">
    <p class='ocr_par' dir='ltr' id='par_1_33' title="bbox 2221 1697 3758 1768">
     <span class='ocr_line' id='line_1_33' title="bbox 2221 1697 3758 1768; baseline 0.001 -18"><span class='ocrx_word' id='word_1_229' title='bbox 2221 1699 2526 1768; x_wconf 77' lang='grc' dir='ltr'>γήσαντοςς</span> <span class='ocrx_word' id='word_1_230' title='bbox 2572 1699 2644 1752; x_wconf 83' lang='grc' dir='ltr'><strong>Οὐ</strong></span> <span class='ocrx_word' id='word_1_231' title='bbox 2700 1697 3047 1768; x_wconf 87' lang='grc' dir='ltr'>μιμησόμεθα</span> <span class='ocrx_word' id='word_1_232' title='bbox 3098 1698 3187 1752; x_wconf 87' lang='grc' dir='ltr'><strong>τοῦ</strong></span> <span class='ocrx_word' id='word_1_233' title='bbox 3236 1699 3505 1751; x_wconf 86' lang='grc' dir='ltr'>Δεσπότου</span> <span class='ocrx_word' id='word_1_234' title='bbox 3552 1699 3642 1768; x_wconf 71' lang='grc' dir='ltr'>τὴν</span> <span class='ocrx_word' id='word_1_235' title='bbox 3690 1701 3758 1751; x_wconf 78' lang='grc' dir='ltr'>εύ-</span> 
     </span>
    </p>
   </div>
   <div class='ocr_carea' id='block_1_34' title="bbox 555 1781 2119 1861">
    <p class='ocr_par' dir='ltr' id='par_1_34' title="bbox 555 1791 2118 1860">
     <span class='ocr_line' id='line_1_34' title="bbox 555 1791 2118 1860; baseline 0.001 -18"><span class='ocrx_word' id='word_1_236' title='bbox 555 1791 946 1845; x_wconf 87' lang='lat' dir='ltr'><strong>connnodatius</strong></span> <span class='ocrx_word' id='word_1_237' title='bbox 993 1793 1150 1846; x_wconf 90' lang='lat' dir='ltr'><strong>nobis</strong></span> <span class='ocrx_word' id='word_1_238' title='bbox 1200 1792 1455 1854; x_wconf 85' lang='lat' dir='ltr'><strong>contulit,</strong></span> <span class='ocrx_word' id='word_1_239' title='bbox 1503 1807 1695 1860; x_wconf 87' lang='lat' dir='ltr'><strong>nempe</strong></span> <span class='ocrx_word' id='word_1_240' title='bbox 1746 1793 1999 1859; x_wconf 88' lang='lat' dir='ltr'><strong>pietatem</strong></span> <span class='ocrx_word' id='word_1_241' title='bbox 2057 1808 2118 1844; x_wconf 84' lang='lat' dir='ltr'><strong>ac</strong></span> 
     </span>
    </p>
   </div>
   <div class='ocr_carea' id='block_1_35' title="bbox 2224 1781 3758 1861">
    <p class='ocr_par' dir='ltr' id='par_1_35' title="bbox 2224 1789 3758 1861">
     <span class='ocr_line' id='line_1_35' title="bbox 2224 1789 3758 1861; baseline -0.001 -19"><span class='ocrx_word' id='word_1_242' title='bbox 2224 1791 2560 1859; x_wconf 72' lang='grc' dir='ltr'>σπλαγχνίαν</span> <span class='ocrx_word' id='word_1_243' title='bbox 2586 1807 2600 1854; x_wconf 94' lang='grc'><strong>;</strong></span> <span class='ocrx_word' id='word_1_244' title='bbox 2655 1791 2755 1842; x_wconf 75' lang='grc' dir='ltr'><strong>οὐκ</strong></span> <span class='ocrx_word' id='word_1_245' title='bbox 2812 1789 3045 1860; x_wconf 77' lang='grc' dir='ltr'>ἐσόμεθα</span> <span class='ocrx_word' id='word_1_246' title='bbox 3070 1791 3295 1861; x_wconf 77' lang='grc' dir='ltr'>χρηστοὶ</span> <span class='ocrx_word' id='word_1_247' title='bbox 3327 1793 3438 1851; x_wconf 86' lang='grc' dir='ltr'>τοῖς</span> <span class='ocrx_word' id='word_1_248' title='bbox 3468 1789 3758 1858; x_wconf 68' lang='grc' dir='ltr'>ὁμοδούλοις,</span> 
     </span>
    </p>
   </div>
   <div class='ocr_carea' id='block_1_36' title="bbox 557 1878 2116 1950">
    <p class='ocr_par' dir='ltr' id='par_1_36' title="bbox 557 1878 2116 1950">
     <span class='ocr_line' id='line_1_36' title="bbox 557 1878 2116 1950; baseline 0.004 -21"><span class='ocrx_word' id='word_1_249' title='bbox 557 1878 1014 1944; x_wconf 89' lang='lat' dir='ltr'><strong>misericordiam,</strong></span> <span class='ocrx_word' id='word_1_250' title='bbox 1064 1890 1229 1950; x_wconf 87' lang='lat' dir='ltr'><strong>atque</strong></span> <span class='ocrx_word' id='word_1_251' title='bbox 1279 1881 1500 1935; x_wconf 89' lang='lat' dir='ltr'><strong>honoris</strong></span> <span class='ocrx_word' id='word_1_252' title='bbox 1547 1881 1928 1950; x_wconf 56' lang='lat' dir='ltr'><strong>aequalitatem.</strong></span> <span class='ocrx_word' id='word_1_253' title='bbox 1979 1881 2116 1948; x_wconf 86' lang='lat' dir='ltr'><strong>Quid</strong></span> 
     </span>
    </p>
   </div>
   <div class='ocr_carea' id='block_1_37' title="bbox 558 1971 2121 2041">
    <p class='ocr_par' dir='ltr' id='par_1_37' title="bbox 558 1971 2121 2041">
     <span class='ocr_line' id='line_1_37' title="bbox 558 1971 2121 2041; baseline 0.004 -19"><span class='ocrx_word' id='word_1_254' title='bbox 558 1984 686 2024; x_wconf 86' lang='lat' dir='ltr'><strong>vero</strong></span> <span class='ocrx_word' id='word_1_255' title='bbox 717 1984 835 2034; x_wconf 84' lang='lat' dir='ltr'><strong>nos,</strong></span> <span class='ocrx_word' id='word_1_256' title='bbox 861 1971 1061 2024; x_wconf 83' lang='lat' dir='ltr'><strong>Christi</strong></span> <span class='ocrx_word' id='word_1_257' title='bbox 1100 1971 1371 2041; x_wconf 85' lang='lat' dir='ltr'><strong>discipuli,</strong></span> <span class='ocrx_word' id='word_1_258' title='bbox 1415 1973 1578 2035; x_wconf 88' lang='lat' dir='ltr'><strong>illius,</strong></span> <span class='ocrx_word' id='word_1_259' title='bbox 1617 1974 1856 2040; x_wconf 89' lang='lat' dir='ltr'><strong>inquam,</strong></span> <span class='ocrx_word' id='word_1_260' title='bbox 1888 1975 2035 2029; x_wconf 91' lang='lat' dir='ltr'><strong>mitis</strong></span> <span class='ocrx_word' id='word_1_261' title='bbox 2066 1982 2121 2029; x_wconf 89' lang='lat' dir='ltr'><strong>et</strong></span> 
     </span>
    </p>
   </div>
   <div class='ocr_carea' id='block_1_38' title="bbox 555 2063 2116 2134">
    <p class='ocr_par' dir='ltr' id='par_1_38' title="bbox 555 2063 2116 2134">
     <span class='ocr_line' id='line_1_38' title="bbox 555 2063 2116 2134; baseline 0.003 -18"><span class='ocrx_word' id='word_1_262' title='bbox 555 2063 809 2132; x_wconf 77' lang='lat' dir='ltr'><strong>benigni,</strong></span> <span class='ocrx_word' id='word_1_263' title='bbox 845 2072 900 2117; x_wconf 90' lang='lat' dir='ltr'><strong>et</strong></span> <span class='ocrx_word' id='word_1_264' title='bbox 927 2065 1015 2133; x_wconf 92' lang='lat' dir='ltr'><strong>qui</strong></span> <span class='ocrx_word' id='word_1_265' title='bbox 1050 2066 1203 2119; x_wconf 91' lang='lat' dir='ltr'><strong>nobis</strong></span> <span class='ocrx_word' id='word_1_266' title='bbox 1236 2081 1404 2134; x_wconf 88' lang='lat' dir='ltr'><strong>usque</strong></span> <span class='ocrx_word' id='word_1_267' title='bbox 1426 2067 1560 2119; x_wconf 85' lang='lat' dir='ltr'><strong>adeo</strong></span> <span class='ocrx_word' id='word_1_268' title='bbox 1599 2065 1959 2120; x_wconf 85' lang='lat' dir='ltr'><strong>ministravit?</strong></span> <span class='ocrx_word' id='word_1_269' title='bbox 1998 2067 2116 2122; x_wconf 80' lang='lat' dir='ltr'><strong>Non</strong></span> 
     </span>
    </p>
   </div>
   <div class='ocr_carea' id='block_1_39' title="bbox 555 2155 2122 2229">
    <p class='ocr_par' dir='ltr' id='par_1_39' title="bbox 555 2155 2122 2229">
     <span class='ocr_line' id='line_1_39' title="bbox 555 2155 2122 2229; baseline 0.003 -22"><span class='ocrx_word' id='word_1_270' title='bbox 555 2155 798 2223; x_wconf 87' lang='lat' dir='ltr'><strong>magistri</strong></span> <span class='ocrx_word' id='word_1_271' title='bbox 852 2155 1108 2224; x_wconf 83' lang='lat' dir='ltr'><strong>pietatem</strong></span> <span class='ocrx_word' id='word_1_272' title='bbox 1154 2158 1309 2211; x_wconf 91' lang='lat' dir='ltr'><strong>nobis</strong></span> <span class='ocrx_word' id='word_1_273' title='bbox 1354 2157 1672 2211; x_wconf 81' lang='lat' dir='ltr'><strong>imitandam</strong></span> <span class='ocrx_word' id='word_1_274' title='bbox 1722 2159 2122 2229; x_wconf 79' lang='lat' dir='ltr'><strong>proponemus?</strong></span> 
     </span>
    </p>
   </div>
   <div class='ocr_carea' id='block_1_40' title="bbox 555 2243 2118 2316">
    <p class='ocr_par' dir='ltr' id='par_1_40' title="bbox 555 2243 2118 2316">
     <span class='ocr_line' id='line_1_40' title="bbox 555 2243 2118 2316; baseline 0.003 -20"><span class='ocrx_word' id='word_1_275' title='bbox 555 2243 673 2296; x_wconf 82' lang='lat' dir='ltr'><strong>Non</strong></span> <span class='ocrx_word' id='word_1_276' title='bbox 711 2245 972 2314; x_wconf 86' lang='lat' dir='ltr'><strong>benignos</strong></span> <span class='ocrx_word' id='word_1_277' title='bbox 1005 2261 1069 2299; x_wconf 91' lang='lat' dir='ltr'><strong>ac</strong></span> <span class='ocrx_word' id='word_1_278' title='bbox 1106 2245 1289 2300; x_wconf 77' lang='lat' dir='ltr'><strong>faciles</strong></span> <span class='ocrx_word' id='word_1_279' title='bbox 1321 2262 1418 2300; x_wconf 87' lang='lat' dir='ltr'><strong>nos</strong></span> <span class='ocrx_word' id='word_1_280' title='bbox 1439 2246 1584 2316; x_wconf 89' lang='lat' dir='ltr'><strong>ipsos</strong></span> <span class='ocrx_word' id='word_1_281' title='bbox 1609 2249 1884 2302; x_wconf 88' lang='lat' dir='ltr'><strong>conservis</strong></span> <span class='ocrx_word' id='word_1_282' title='bbox 1912 2247 2118 2316; x_wconf 66' lang='lat' dir='ltr'><strong>pracbe-</strong></span> 
     </span>
    </p>
   </div>
   <div class='ocr_carea' id='block_1_41' title="bbox 554 2335 2117 2408">
    <p class='ocr_par' dir='ltr' id='par_1_41' title="bbox 554 2335 2117 2408">
     <span class='ocr_line' id='line_1_41' title="bbox 554 2335 2117 2408; baseline 0.002 -20"><span class='ocrx_word' id='word_1_283' title='bbox 554 2335 750 2398; x_wconf 88' lang='lat' dir='ltr'><strong>himus,</strong></span> <span class='ocrx_word' id='word_1_284' title='bbox 788 2346 845 2389; x_wconf 90' lang='lat' dir='ltr'><strong>ut</strong></span> <span class='ocrx_word' id='word_1_285' title='bbox 882 2337 1039 2390; x_wconf 89' lang='lat' dir='ltr'><strong>talem</strong></span> <span class='ocrx_word' id='word_1_286' title='bbox 1070 2337 1166 2405; x_wconf 89' lang='lat' dir='ltr'><strong>ipsi</strong></span> <span class='ocrx_word' id='word_1_287' title='bbox 1195 2353 1411 2406; x_wconf 85' lang='lat' dir='ltr'><strong>quoque</strong></span> <span class='ocrx_word' id='word_1_288' title='bbox 1452 2338 1728 2392; x_wconf 76' lang='lat' dir='ltr'><strong>(lcuninum</strong></span> <span class='ocrx_word' id='word_1_289' title='bbox 1754 2340 2117 2408; x_wconf 82' lang='lat' dir='ltr'><strong>experiamur,</strong></span> 
     </span>
    </p>
   </div>
   <div class='ocr_carea' id='block_1_42' title="bbox 553 2424 2120 2496">
    <p class='ocr_par' dir='ltr' id='par_1_42' title="bbox 553 2424 2120 2496">
     <span class='ocr_line' id='line_1_42' title="bbox 553 2424 2120 2496; baseline 0.003 -19"><span class='ocrx_word' id='word_1_290' title='bbox 553 2424 708 2479; x_wconf 84' lang='lat' dir='ltr'><strong>nobis</strong></span> <span class='ocrx_word' id='word_1_291' title='bbox 757 2425 1006 2480; x_wconf 80' lang='lat' dir='ltr'><strong>videlicet</strong></span> <span class='ocrx_word' id='word_1_292' title='bbox 1045 2427 1232 2480; x_wconf 87' lang='lat' dir='ltr'><strong>eadem</strong></span> <span class='ocrx_word' id='word_1_293' title='bbox 1273 2442 1524 2480; x_wconf 85' lang='lat' dir='ltr'><strong>mensura</strong></span> <span class='ocrx_word' id='word_1_294' title='bbox 1549 2465 1564 2489; x_wconf 90' lang='lat'><strong>,</strong></span> <span class='ocrx_word' id='word_1_295' title='bbox 1595 2443 1696 2496; x_wconf 88' lang='lat' dir='ltr'><strong>qua</strong></span> <span class='ocrx_word' id='word_1_296' title='bbox 1737 2429 1909 2483; x_wconf 89' lang='lat' dir='ltr'><strong>mensi</strong></span> <span class='ocrx_word' id='word_1_297' title='bbox 1953 2428 2120 2482; x_wconf 79' lang='lat' dir='ltr'><strong>fueri-</strong></span> 
     </span>
    </p>
   </div>
   <div class='ocr_carea' id='block_1_43' title="bbox 554 2513 2124 2582">
    <p class='ocr_par' dir='ltr' id='par_1_43' title="bbox 554 2513 2124 2582">
     <span class='ocr_line' id='line_1_43' title="bbox 554 2513 2124 2582; baseline 0.003 -14"><span class='ocrx_word' id='word_1_298' title='bbox 554 2530 697 2578; x_wconf 47' lang='lat' dir='ltr'><strong>mus,</strong></span> <span class='ocrx_word' id='word_1_299' title='bbox 733 2528 1082 2582; x_wconf 84' lang='lat' dir='ltr'><strong>rcpensurum</strong></span> <span class='ocrx_word' id='word_1_300' title='bbox 1109 2515 1194 2568; x_wconf 78' lang='lat'><strong>”?</strong></span> <span class='ocrx_word' id='word_1_301' title='bbox 1222 2513 1334 2567; x_wconf 74' lang='lat' dir='ltr'><strong>Non</strong></span> <span class='ocrx_word' id='word_1_302' title='bbox 1381 2516 1593 2570; x_wconf 88' lang='lat' dir='ltr'><strong>animas</strong></span> <span class='ocrx_word' id='word_1_303' title='bbox 1637 2527 1852 2571; x_wconf 87' lang='lat' dir='ltr'><strong>nostras</strong></span> <span class='ocrx_word' id='word_1_304' title='bbox 1900 2517 2124 2572; x_wconf 87' lang='lat' dir='ltr'><strong>lenitate</strong></span> 
     </span>
    </p>
   </div>
   <div class='ocr_carea' id='block_1_44' title="bbox 555 2602 2116 2672">
    <p class='ocr_par' dir='ltr' id='par_1_44' title="bbox 555 2602 2116 2672">
     <span class='ocr_line' id='line_1_44' title="bbox 555 2602 2116 2672; baseline 0 -16"><span class='ocrx_word' id='word_1_305' title='bbox 555 2602 916 2656; x_wconf 87' lang='lat' dir='ltr'><strong>redimetnus?</strong></span> <span class='ocrx_word' id='word_1_306' title='bbox 950 2603 1094 2656; x_wconf 83' lang='lat' dir='ltr'><strong>Satis</strong></span> <span class='ocrx_word' id='word_1_307' title='bbox 1123 2618 1390 2672; x_wconf 85' lang='lat' dir='ltr'><strong>superque</strong></span> <span class='ocrx_word' id='word_1_308' title='bbox 1420 2618 1582 2672; x_wconf 82' lang='lat' dir='ltr'><strong>grave</strong></span> <span class='ocrx_word' id='word_1_309' title='bbox 1610 2612 1693 2659; x_wconf 88' lang='lat' dir='ltr'><strong>cst</strong></span> <span class='ocrx_word' id='word_1_310' title='bbox 1727 2604 1911 2659; x_wconf 87' lang='lat' dir='ltr'><strong>liberis</strong></span> <span class='ocrx_word' id='word_1_311' title='bbox 1945 2605 2116 2658; x_wconf 84' lang='lat' dir='ltr'><strong>homi-</strong></span> 
     </span>
    </p>
   </div>
   <div class='ocr_carea' id='block_1_45' title="bbox 552 2695 2117 2765">
    <p class='ocr_par' dir='ltr' id='par_1_45' title="bbox 552 2695 2117 2765">
     <span class='ocr_line' id='line_1_45' title="bbox 552 2695 2117 2765; baseline 0.002 -17"><span class='ocrx_word' id='word_1_312' title='bbox 552 2695 715 2748; x_wconf 85' lang='lat' dir='ltr'><strong>nibus</strong></span> <span class='ocrx_word' id='word_1_313' title='bbox 749 2695 1010 2748; x_wconf 87' lang='lat' dir='ltr'><strong>servitute</strong></span> <span class='ocrx_word' id='word_1_314' title='bbox 1046 2695 1239 2763; x_wconf 86' lang='lat' dir='ltr'><strong>premi,</strong></span> <span class='ocrx_word' id='word_1_315' title='bbox 1267 2703 1582 2764; x_wconf 87' lang='lat' dir='ltr'><strong>tantumque</strong></span> <span class='ocrx_word' id='word_1_316' title='bbox 1615 2695 1754 2748; x_wconf 84' lang='lat' dir='ltr'><strong>inter</strong></span> <span class='ocrx_word' id='word_1_317' title='bbox 1779 2710 1893 2760; x_wconf 91' lang='lat' dir='ltr'><strong>eos,</strong></span> <span class='ocrx_word' id='word_1_318' title='bbox 1927 2696 2016 2765; x_wconf 87' lang='lat' dir='ltr'><strong>qui</strong></span> <span class='ocrx_word' id='word_1_319' title='bbox 2049 2711 2117 2751; x_wconf 85' lang='lat' dir='ltr'><strong>ex</strong></span> 
     </span>
    </p>
   </div>
   <div class='ocr_carea' id='block_1_46' title="bbox 559 2787 2119 2854">
    <p class='ocr_par' dir='ltr' id='par_1_46' title="bbox 559 2787 2119 2854">
     <span class='ocr_line' id='line_1_46' title="bbox 559 2787 2119 2854; baseline 0.001 -14"><span class='ocrx_word' id='word_1_320' title='bbox 559 2787 746 2840; x_wconf 88' lang='lat' dir='ltr'><strong>eadem</strong></span> <span class='ocrx_word' id='word_1_321' title='bbox 776 2796 931 2840; x_wconf 69' lang='lat' dir='ltr'><strong>terra:</strong></span> <span class='ocrx_word' id='word_1_322' title='bbox 956 2801 1132 2840; x_wconf 88' lang='lat' dir='ltr'><strong>massa</strong></span> <span class='ocrx_word' id='word_1_323' title='bbox 1160 2787 1519 2854; x_wconf 78' lang='lat' dir='ltr'><strong>magmentati</strong></span> <span class='ocrx_word' id='word_1_324' title='bbox 1551 2796 1705 2850; x_wconf 92' lang='lat' dir='ltr'><strong>sunt,</strong></span> <span class='ocrx_word' id='word_1_325' title='bbox 1731 2788 2027 2853; x_wconf 88' lang='lat' dir='ltr'><strong>interesse,</strong></span> <span class='ocrx_word' id='word_1_326' title='bbox 2059 2798 2119 2842; x_wconf 91' lang='lat' dir='ltr'><strong>ut</strong></span> 
     </span>
    </p>
   </div>
   <div class='ocr_carea' id='block_1_47' title="bbox 553 2875 2117 2946">
    <p class='ocr_par' dir='ltr' id='par_1_47' title="bbox 553 2875 2117 2946">
     <span class='ocr_line' id='line_1_47' title="bbox 553 2875 2117 2946; baseline 0 -16"><span class='ocrx_word' id='word_1_327' title='bbox 553 2876 644 2931; x_wconf 85' lang='lat' dir='ltr'><strong>alii</strong></span> <span class='ocrx_word' id='word_1_328' title='bbox 695 2875 992 2946; x_wconf 83' lang='lat' dir='ltr'><strong>imperent,</strong></span> <span class='ocrx_word' id='word_1_329' title='bbox 1029 2875 1120 2928; x_wconf 90' lang='lat' dir='ltr'><strong>alii</strong></span> <span class='ocrx_word' id='word_1_330' title='bbox 1167 2875 1392 2944; x_wconf 89' lang='lat' dir='ltr'><strong>imperio</strong></span> <span class='ocrx_word' id='word_1_331' title='bbox 1425 2884 1746 2942; x_wconf 86' lang='lat' dir='ltr'><strong>teneantur;</strong></span> <span class='ocrx_word' id='word_1_332' title='bbox 1792 2876 1881 2930; x_wconf 92' lang='lat' dir='ltr'><strong>alii</strong></span> <span class='ocrx_word' id='word_1_333' title='bbox 1921 2879 2117 2931; x_wconf 89' lang='lat' dir='ltr'><strong>tributa</strong></span> 
     </span>
    </p>
   </div>
   <div class='ocr_carea' id='block_1_48' title="bbox 553 2969 2119 3036">
    <p class='ocr_par' dir='ltr' id='par_1_48' title="bbox 553 2969 2119 3036">
     <span class='ocr_line' id='line_1_48' title="bbox 553 2969 2119 3036; baseline -0.003 -10"><span class='ocrx_word' id='word_1_334' title='bbox 553 2971 926 3034; x_wconf 86' lang='lat' dir='ltr'><strong>constituant,</strong></span> <span class='ocrx_word' id='word_1_335' title='bbox 974 2970 1062 3023; x_wconf 92' lang='lat' dir='ltr'><strong>alii</strong></span> <span class='ocrx_word' id='word_1_336' title='bbox 1109 2970 1291 3023; x_wconf 86' lang='lat' dir='ltr'><strong>tributi</strong></span> <span class='ocrx_word' id='word_1_337' title='bbox 1347 2984 1509 3023; x_wconf 88' lang='lat' dir='ltr'><strong>causa</strong></span> <span class='ocrx_word' id='word_1_338' title='bbox 1560 2969 1966 3036; x_wconf 83' lang='lat' dir='ltr'><strong>describantur;</strong></span> <span class='ocrx_word' id='word_1_339' title='bbox 2029 2969 2119 3023; x_wconf 92' lang='lat' dir='ltr'><strong>alii</strong></span> 
     </span>
    </p>
   </div>
   <div class='ocr_carea' id='block_1_49' title="bbox 2215 1880 3759 1954">
    <p class='ocr_par' dir='ltr' id='par_1_49' title="bbox 2215 1880 3759 1954">
     <span class='ocr_line' id='line_1_49' title="bbox 2215 1880 3759 1954; baseline -0.001 -20"><span class='ocrx_word' id='word_1_340' title='bbox 2215 1882 2301 1934; x_wconf 85' lang='grc' dir='ltr'>ἵνα</span> <span class='ocrx_word' id='word_1_341' title='bbox 2330 1881 2572 1935; x_wconf 88' lang='grc' dir='ltr'>τοιούτου</span> <span class='ocrx_word' id='word_1_342' title='bbox 2595 1880 2850 1951; x_wconf 77' lang='grc' dir='ltr'>τύχωμεν</span> <span class='ocrx_word' id='word_1_343' title='bbox 2877 1883 2970 1934; x_wconf 76' lang='grc' dir='ltr'>καὶ</span> <span class='ocrx_word' id='word_1_344' title='bbox 3003 1882 3155 1935; x_wconf 73' lang='grc' dir='ltr'>αὐτοὶ</span> <span class='ocrx_word' id='word_1_345' title='bbox 3183 1881 3275 1933; x_wconf 86' lang='grc' dir='ltr'><strong>τοῦ</strong></span> <span class='ocrx_word' id='word_1_346' title='bbox 3304 1881 3504 1954; x_wconf 78' lang='grc' dir='ltr'>Κυρίου</span> <span class='ocrx_word' id='word_1_347' title='bbox 3540 1881 3759 1951; x_wconf 73' lang='grc' dir='ltr'>μετροῦνο</span> 
     </span>
    </p>
   </div>
   <div class='ocr_carea' id='block_1_50' title="bbox 2214 1971 3759 2042">
    <p class='ocr_par' dir='ltr' id='par_1_50' title="bbox 2214 1971 3759 2042">
     <span class='ocr_line' id='line_1_50' title="bbox 2214 1971 3759 2042; baseline -0.001 -18"><span class='ocrx_word' id='word_1_348' title='bbox 2214 1989 2325 2035; x_wconf 88' lang='grc' dir='ltr'>τος,</span> <span class='ocrx_word' id='word_1_349' title='bbox 2353 1971 2428 2034; x_wconf 85' lang='grc' dir='ltr'><strong>ώς</strong></span> <span class='ocrx_word' id='word_1_350' title='bbox 2455 1971 2520 2024; x_wconf 86' lang='grc' dir='ltr'>ἂν</span> <span class='ocrx_word' id='word_1_351' title='bbox 2571 1973 2960 2042; x_wconf 75' lang='grc' dir='ltr'>μετρήσωμεν;</span> <span class='ocrx_word' id='word_1_352' title='bbox 3007 1973 3066 2025; x_wconf 83' lang='grc' dir='ltr'>ού</span> <span class='ocrx_word' id='word_1_353' title='bbox 3104 1973 3410 2042; x_wconf 77' lang='grc' dir='ltr'>κτησόμεθα</span> <span class='ocrx_word' id='word_1_354' title='bbox 3458 1972 3553 2034; x_wconf 81' lang='grc' dir='ltr'><strong>τάς</strong></span> <span class='ocrx_word' id='word_1_355' title='bbox 3587 1972 3759 2024; x_wconf 77' lang='grc' dir='ltr'>ἑαυτῶν</span> 
     </span>
    </p>
   </div>
   <div class='ocr_carea' id='block_1_51' title="bbox 2215 2059 3758 2134">
    <p class='ocr_par' dir='ltr' id='par_1_51' title="bbox 2215 2059 3758 2134">
     <span class='ocr_line' id='line_1_51' title="bbox 2215 2059 3758 2134; baseline -0.003 -19"><span class='ocrx_word' id='word_1_356' title='bbox 2215 2063 2415 2132; x_wconf 76' lang='grc' dir='ltr'>ψυχὰς,</span> <span class='ocrx_word' id='word_1_357' title='bbox 2450 2061 2538 2115; x_wconf 77' lang='grc' dir='ltr'><strong>διὰ</strong></span> <span class='ocrx_word' id='word_1_358' title='bbox 2568 2063 2668 2132; x_wconf 70' lang='grc' dir='ltr'><strong>τῆς</strong></span> <span class='ocrx_word' id='word_1_359' title='bbox 2724 2063 3094 2134; x_wconf 83' lang='grc' dir='ltr'>ήμερότητος;</span> <span class='ocrx_word' id='word_1_360' title='bbox 3163 2065 3348 2134; x_wconf 82' lang='grc' dir='ltr'>’Λρκεῖ</span> <span class='ocrx_word' id='word_1_361' title='bbox 3386 2059 3642 2114; x_wconf 73' lang='grc' dir='ltr'>δουλεύειν</span> <span class='ocrx_word' id='word_1_362' title='bbox 3669 2065 3758 2124; x_wconf 82' lang='grc' dir='ltr'>τοῖς</span> 
     </span>
    </p>
   </div>
   <div class='ocr_carea' id='block_1_52' title="bbox 2219 2151 3757 2225">
    <p class='ocr_par' dir='ltr' id='par_1_52' title="bbox 2219 2151 3757 2225">
     <span class='ocr_line' id='line_1_52' title="bbox 2219 2151 3757 2225; baseline -0.003 -18"><span class='ocrx_word' id='word_1_363' title='bbox 2219 2154 2540 2225; x_wconf 80' lang='grc' dir='ltr'>ἐλευθέροις,</span> <span class='ocrx_word' id='word_1_364' title='bbox 2577 2156 2668 2206; x_wconf 68' lang='grc' dir='ltr'>καὶ</span> <span class='ocrx_word' id='word_1_365' title='bbox 2729 2155 2980 2207; x_wconf 76' lang='grc' dir='ltr'>τοσοῦτον</span> <span class='ocrx_word' id='word_1_366' title='bbox 3041 2151 3178 2207; x_wconf 77' lang='grc' dir='ltr'>εἶναι</span> <span class='ocrx_word' id='word_1_367' title='bbox 3242 2155 3300 2206; x_wconf 84' lang='grc' dir='ltr'><strong>τὸ</strong></span> <span class='ocrx_word' id='word_1_368' title='bbox 3329 2154 3600 2222; x_wconf 67' lang='grc' dir='ltr'>διάφορον,</span> <span class='ocrx_word' id='word_1_369' title='bbox 3640 2153 3757 2204; x_wconf 76' lang='grc' dir='ltr'>ὥστε</span> 
     </span>
    </p>
   </div>
   <div class='ocr_carea' id='block_1_53' title="bbox 2215 2239 3760 2314">
    <p class='ocr_par' dir='ltr' id='par_1_53' title="bbox 2215 2239 3760 2314">
     <span class='ocr_line' id='line_1_53' title="bbox 2215 2239 3760 2314; baseline -0.004 -18"><span class='ocrx_word' id='word_1_370' title='bbox 2215 2243 2309 2296; x_wconf 87' lang='grc' dir='ltr'><strong>τοῦ</strong></span> <span class='ocrx_word' id='word_1_371' title='bbox 2334 2243 2496 2296; x_wconf 73' lang='grc' dir='ltr'>αὐτοῦ</span> <span class='ocrx_word' id='word_1_372' title='bbox 2525 2241 2667 2312; x_wconf 75' lang='grc' dir='ltr'>χοὸς.</span> <span class='ocrx_word' id='word_1_373' title='bbox 2702 2243 2762 2294; x_wconf 71' lang='grc' dir='ltr'><strong>τὸ</strong></span> <span class='ocrx_word' id='word_1_374' title='bbox 2795 2243 2892 2312; x_wconf 76' lang='grc' dir='ltr'>μὲν</span> <span class='ocrx_word' id='word_1_375' title='bbox 2926 2244 3167 2314; x_wconf 81' lang='grc' dir='ltr'>κρατεῖν,</span> <span class='ocrx_word' id='word_1_376' title='bbox 3196 2241 3256 2294; x_wconf 74' lang='grc' dir='ltr'>τὸ</span> <span class='ocrx_word' id='word_1_377' title='bbox 3285 2239 3340 2294; x_wconf 78' lang='grc' dir='ltr'>δὲ</span> <span class='ocrx_word' id='word_1_378' title='bbox 3380 2239 3656 2313; x_wconf 83' lang='grc' dir='ltr'>ἄρχεσθαι·</span> <span class='ocrx_word' id='word_1_379' title='bbox 3686 2242 3760 2291; x_wconf 71' lang='grc' dir='ltr'>καὶ</span> 
     </span>
    </p>
   </div>
   <div class='ocr_carea' id='block_1_54' title="bbox 2215 2329 3762 2405">
    <p class='ocr_par' dir='ltr' id='par_1_54' title="bbox 2215 2329 3762 2405">
     <span class='ocr_line' id='line_1_54' title="bbox 2215 2329 3762 2405; baseline -0.004 -19"><span class='ocrx_word' id='word_1_380' title='bbox 2215 2336 2277 2387; x_wconf 77' lang='grc' dir='ltr'>τὸ</span> <span class='ocrx_word' id='word_1_381' title='bbox 2313 2335 2410 2405; x_wconf 82' lang='grc' dir='ltr'>μὲν</span> <span class='ocrx_word' id='word_1_382' title='bbox 2439 2335 2658 2387; x_wconf 78' lang='grc' dir='ltr'>τάσσειν</span> <span class='ocrx_word' id='word_1_383' title='bbox 2680 2334 2897 2404; x_wconf 79' lang='grc' dir='ltr'>φόρους,</span> <span class='ocrx_word' id='word_1_384' title='bbox 2925 2334 2997 2386; x_wconf 78' lang='grc' dir='ltr'><strong>τὸ·</strong></span> <span class='ocrx_word' id='word_1_385' title='bbox 3015 2334 3068 2386; x_wconf 75' lang='grc' dir='ltr'>δὲ</span> <span class='ocrx_word' id='word_1_386' title='bbox 3100 2329 3542 2403; x_wconf 68' lang='grc' dir='ltr'>ἀπογράφεσθαι·</span> <span class='ocrx_word' id='word_1_387' title='bbox 3573 2333 3762 2390; x_wconf 74' lang='grc' dir='ltr'>καὶτοῖς</span> 
     </span>
    </p>
   </div>
   <div class='ocr_carea' id='block_1_55' title="bbox 2221 2420 3759 2495">
    <p class='ocr_par' dir='ltr' id='par_1_55' title="bbox 2221 2420 3759 2495">
     <span class='ocr_line' id='line_1_55' title="bbox 2221 2420 3759 2495; baseline -0.005 -18"><span class='ocrx_word' id='word_1_388' title='bbox 2221 2425 2317 2495; x_wconf 77' lang='grc' dir='ltr'>μὲν</span> <span class='ocrx_word' id='word_1_389' title='bbox 2369 2424 2572 2477; x_wconf 85' lang='grc' dir='ltr'>ἀδικεῖν</span> <span class='ocrx_word' id='word_1_390' title='bbox 2600 2424 2799 2488; x_wconf 80' lang='grc' dir='ltr'>ἐξεῖναι</span> <span class='ocrx_word' id='word_1_391' title='bbox 2854 2424 2948 2477; x_wconf 82' lang='grc' dir='ltr'>καὶ</span> <span class='ocrx_word' id='word_1_392' title='bbox 2994 2425 3165 2476; x_wconf 81' lang='grc' dir='ltr'>ποιεῖν</span> <span class='ocrx_word' id='word_1_393' title='bbox 3206 2421 3413 2485; x_wconf 80' lang='grc' dir='ltr'>κακῶς,</span> <span class='ocrx_word' id='word_1_394' title='bbox 3456 2423 3564 2483; x_wconf 85' lang='grc' dir='ltr'>τοῖς</span> <span class='ocrx_word' id='word_1_395' title='bbox 3591 2421 3642 2472; x_wconf 72' lang='grc' dir='ltr'>δὲ</span> <span class='ocrx_word' id='word_1_396' title='bbox 3667 2420 3759 2488; x_wconf 66' lang='grc'>(9.8)</span> 
     </span>
    </p>
   </div>
   <div class='ocr_carea' id='block_1_56' title="bbox 2219 2511 3760 2587">
    <p class='ocr_par' dir='ltr' id='par_1_56' title="bbox 2219 2511 3760 2587">
     <span class='ocr_line' id='line_1_56' title="bbox 2219 2511 3760 2587; baseline -0.004 -19"><span class='ocrx_word' id='word_1_397' title='bbox 2219 2516 2359 2587; x_wconf 79' lang='grc' dir='ltr'>ὑπὲρ</span> <span class='ocrx_word' id='word_1_398' title='bbox 2402 2514 2496 2568; x_wconf 89' lang='grc' dir='ltr'><strong>τοῦ</strong></span> <span class='ocrx_word' id='word_1_399' title='bbox 2529 2515 2602 2587; x_wconf 74' lang='grc' dir='ltr'>μὴ</span> <span class='ocrx_word' id='word_1_400' title='bbox 2649 2517 2756 2585; x_wconf 74' lang='grc'><strong>(29)</strong></span> <span class='ocrx_word' id='word_1_401' title='bbox 2813 2511 3007 2569; x_wconf 74' lang='grc' dir='ltr'>παθεῖν’</span> <span class='ocrx_word' id='word_1_402' title='bbox 3049 2515 3251 2568; x_wconf 85' lang='grc' dir='ltr'>δεῖσθαι</span> <span class='ocrx_word' id='word_1_403' title='bbox 3282 2515 3375 2566; x_wconf 74' lang='grc' dir='ltr'>καὶ</span> <span class='ocrx_word' id='word_1_404' title='bbox 3407 2511 3760 2580; x_wconf 72' lang='grc' dir='ltr'>ἀγωνίζεσθαιο</span> 
     </span>
    </p>
   </div>
   <div class='ocr_carea' id='block_1_57' title="bbox 2219 2601 3762 2678">
    <p class='ocr_par' dir='ltr' id='par_1_57' title="bbox 2219 2601 3762 2678">
     <span class='ocr_line' id='line_1_57' title="bbox 2219 2601 3762 2678; baseline -0.005 -18"><span class='ocrx_word' id='word_1_405' title='bbox 2219 2607 2312 2660; x_wconf 72' lang='grc' dir='ltr'><strong>καὶ</strong></span> <span class='ocrx_word' id='word_1_406' title='bbox 2369 2604 2541 2660; x_wconf 87' lang='grc' dir='ltr'>ταῦτα</span> <span class='ocrx_word' id='word_1_407' title='bbox 2589 2601 2724 2660; x_wconf 82' lang='grc' dir='ltr'>εἶναι</span> <span class='ocrx_word' id='word_1_408' title='bbox 2771 2609 2900 2676; x_wconf 74' lang='grc' dir='ltr'>περὶ</span> <span class='ocrx_word' id='word_1_409' title='bbox 2939 2605 3034 2678; x_wconf 78' lang='grc' dir='ltr'><strong>τὴν</strong></span> <span class='ocrx_word' id='word_1_410' title='bbox 3067 2607 3192 2678; x_wconf 82' lang='grc' dir='ltr'>μίαν</span> <span class='ocrx_word' id='word_1_411' title='bbox 3227 2607 3431 2666; x_wconf 80' lang='grc' dir='ltr'>εἰκόνα,</span> <span class='ocrx_word' id='word_1_412' title='bbox 3464 2606 3572 2668; x_wconf 47' lang='grc' dir='ltr'>,καὶ</span> <span class='ocrx_word' id='word_1_413' title='bbox 3615 2603 3669 2656; x_wconf 77' lang='grc' dir='ltr'>τό</span> <span class='ocrx_word' id='word_1_414' title='bbox 3718 2604 3762 2655; x_wconf 74' lang='grc' dir='ltr'>ἓν</span> 
     </span>
    </p>
   </div>
   <div class='ocr_carea' id='block_1_58' title="bbox 2217 2687 3763 2770">
    <p class='ocr_par' dir='ltr' id='par_1_58' title="bbox 2217 2687 3763 2770">
     <span class='ocr_line' id='line_1_58' title="bbox 2217 2687 3763 2770; baseline 0.017 -20"><span class='ocrx_word' id='word_1_415' title='bbox 2217 2697 2454 2767; x_wconf 79' lang='grc' dir='ltr'>ἀξίωμα,</span> <span class='ocrx_word' id='word_1_416' title='bbox 2485 2700 2608 2761; x_wconf 72' lang='grc' dir='ltr'>τοὺς</span> <span class='ocrx_word' id='word_1_417' title='bbox 2638 2699 2735 2769; x_wconf 80' lang='grc' dir='ltr'><strong>τῆς</strong></span> <span class='ocrx_word' id='word_1_418' title='bbox 2774 2697 2945 2768; x_wconf 79' lang='grc' dir='ltr'>αὐτῆς</span> <span class='ocrx_word' id='word_1_419' title='bbox 2975 2698 3120 2768; x_wconf 80' lang='grc' dir='ltr'><strong>ζωῆς</strong></span> <span class='ocrx_word' id='word_1_420' title='bbox 3157 2698 3540 2770; x_wconf 65' lang='grc' dir='ltr'>κληρονόμουςν</span> <span class='ocrx_word' id='word_1_421' title='bbox 3562 2696 3688 2764; x_wconf 63' lang='grc' dir='ltr'>ὑπὲρ</span> <span class='ocrx_word' id='word_1_422' title='bbox 3705 2687 3763 2745; x_wconf 65' lang='grc' dir='ltr'><strong>ὢν</strong></span> 
     </span>
    </p>
   </div>
   <div class='ocr_carea' id='block_1_59' title="bbox 2217 2785 3766 2859">
    <p class='ocr_par' dir='ltr' id='par_1_59' title="bbox 2217 2785 3766 2859">
     <span class='ocr_line' id='line_1_59' title="bbox 2217 2785 3766 2859; baseline -0.002 -21"><span class='ocrx_word' id='word_1_423' title='bbox 2217 2785 2451 2856; x_wconf 84' lang='grc' dir='ltr'>Χριστὸς</span> <span class='ocrx_word' id='word_1_424' title='bbox 2476 2787 2675 2858; x_wconf 82' lang='grc' dir='ltr'>ὁμοίως</span> <span class='ocrx_word' id='word_1_425' title='bbox 2708 2786 2996 2840; x_wconf 77' lang='grc' dir='ltr'>ἀπέθανεν.</span> <span class='ocrx_word' id='word_1_426' title='bbox 3045 2787 3228 2859; x_wconf 87' lang='grc' dir='ltr'>Ἀρκεῖ</span> <span class='ocrx_word' id='word_1_427' title='bbox 3258 2787 3434 2841; x_wconf 90' lang='grc' dir='ltr'>ταῦτα</span> <span class='ocrx_word' id='word_1_428' title='bbox 3460 2790 3566 2849; x_wconf 83' lang='grc' dir='ltr'>τοῖς</span> <span class='ocrx_word' id='word_1_429' title='bbox 3589 2785 3766 2837; x_wconf 69' lang='grc' dir='ltr'>ἐλευθέο</span> 
     </span>
    </p>
   </div>
   <div class='ocr_carea' id='block_1_60' title="bbox 2228 2875 3765 2950">
    <p class='ocr_par' dir='ltr' id='par_1_60' title="bbox 2228 2875 3765 2950">
     <span class='ocr_line' id='line_1_60' title="bbox 2228 2875 3765 2950; baseline -0.001 -19"><span class='ocrx_word' id='word_1_430' title='bbox 2228 2895 2372 2949; x_wconf 72' lang='grc' dir='ltr'>ροιςσ</span> <span class='ocrx_word' id='word_1_431' title='bbox 2407 2879 2480 2950; x_wconf 76' lang='grc' dir='ltr'>μὴ</span> <span class='ocrx_word' id='word_1_432' title='bbox 2522 2875 2836 2949; x_wconf 81' lang='grc' dir='ltr'>βαρυνέσθω</span> <span class='ocrx_word' id='word_1_433' title='bbox 2870 2875 2928 2931; x_wconf 79' lang='grc' dir='ltr'>δὲ</span> <span class='ocrx_word' id='word_1_434' title='bbox 2986 2879 3015 2929; x_wconf 85' lang='grc' dir='ltr'><strong>ό</strong></span> <span class='ocrx_word' id='word_1_435' title='bbox 3059 2876 3236 2947; x_wconf 75' lang='grc' dir='ltr'>ζυγὸς,</span> <span class='ocrx_word' id='word_1_436' title='bbox 3292 2878 3427 2950; x_wconf 79' lang='grc' dir='ltr'>μηδὲ</span> <span class='ocrx_word' id='word_1_437' title='bbox 3463 2878 3556 2948; x_wconf 76' lang='grc' dir='ltr'>τῆς</span> <span class='ocrx_word' id='word_1_438' title='bbox 3576 2875 3765 2949; x_wconf 43' lang='grc' dir='ltr'>πριὴς</span> 
     </span>
    </p>
   </div>
   <div class='ocr_carea' id='block_1_61' title="bbox 2221 2970 3090 3044">
    <p class='ocr_par' dir='ltr' id='par_1_61' title="bbox 2221 2970 3090 3044">
     <span class='ocr_line' id='line_1_61' title="bbox 2221 2970 3090 3044; baseline 0.006 -23"><span class='ocrx_word' id='word_1_439' title='bbox 2221 2973 2378 3042; x_wconf 82' lang='grc' dir='ltr'>ἡμῶν</span> <span class='ocrx_word' id='word_1_440' title='bbox 2415 2973 2687 3044; x_wconf 85' lang='grc' dir='ltr'>ἁμαρτίας</span> <span class='ocrx_word' id='word_1_441' title='bbox 2709 2971 2770 3026; x_wconf 77' lang='grc' dir='ltr'>τὸ</span> <span class='ocrx_word' id='word_1_442' title='bbox 2798 2970 3090 3044; x_wconf 79' lang='grc' dir='ltr'>ἐπιτίμιον.</span> 
     </span>
    </p>
   </div>
   <div class='ocr_carea' id='block_1_62' title="bbox 556 3060 3768 3134">
    <p class='ocr_par' dir='ltr' id='par_1_62' title="bbox 556 3060 3768 3134">
     <span class='ocr_line' id='line_1_62' title="bbox 556 3060 3768 3134; baseline -0.002 -18"><span class='ocrx_word' id='word_1_443' title='bbox 556 3062 808 3133; x_wconf 83' lang='lat' dir='ltr'><strong>injuriam</strong></span> <span class='ocrx_word' id='word_1_444' title='bbox 840 3062 1068 3126; x_wconf 79' lang='lat' dir='ltr'><strong>inferre,</strong></span> <span class='ocrx_word' id='word_1_445' title='bbox 1102 3063 1348 3130; x_wconf 85' lang='lat' dir='ltr'><strong>maloque</strong></span> <span class='ocrx_word' id='word_1_446' title='bbox 1384 3061 1595 3114; x_wconf 82' lang='lat' dir='ltr'><strong>allicere</strong></span> <span class='ocrx_word' id='word_1_447' title='bbox 1629 3061 1844 3129; x_wconf 87' lang='lat' dir='ltr'><strong>impune</strong></span> <span class='ocrx_word' id='word_1_448' title='bbox 1879 3061 2106 3130; x_wconf 86' lang='lat' dir='ltr'><strong>possint,</strong></span> <span class='ocrx_word' id='word_1_449' title='bbox 2147 3063 2276 3126; x_wconf 90' lang='lat' dir='ltr'><strong>alii,</strong></span> <span class='ocrx_word' id='word_1_450' title='bbox 2319 3080 2384 3117; x_wconf 90' lang='lat' dir='ltr'><strong>nc</strong></span> <span class='ocrx_word' id='word_1_451' title='bbox 2412 3065 2536 3132; x_wconf 87' lang='lat' dir='ltr'><strong>quid</strong></span> <span class='ocrx_word' id='word_1_452' title='bbox 2571 3065 2862 3134; x_wconf 87' lang='lat' dir='ltr'><strong>patiantur,</strong></span> <span class='ocrx_word' id='word_1_453' title='bbox 2907 3063 3184 3126; x_wconf 90' lang='lat' dir='ltr'><strong>laborent,</strong></span> <span class='ocrx_word' id='word_1_454' title='bbox 3233 3076 3294 3115; x_wconf 86' lang='lat' dir='ltr'><strong>ac</strong></span> <span class='ocrx_word' id='word_1_455' title='bbox 3349 3060 3592 3130; x_wconf 66' lang='lat' dir='ltr'><strong>precibus</strong></span> <span class='ocrx_word' id='word_1_456' title='bbox 3661 3075 3768 3112; x_wconf 79' lang='lat' dir='ltr'><strong>con-</strong></span> 
     </span>
    </p>
   </div>
   <div class='ocr_carea' id='block_1_63' title="bbox 560 3153 3768 3225">
    <p class='ocr_par' dir='ltr' id='par_1_63' title="bbox 560 3153 3768 3225">
     <span class='ocr_line' id='line_1_63' title="bbox 560 3153 3768 3225; baseline -0.002 -17"><span class='ocrx_word' id='word_1_457' title='bbox 560 3156 818 3221; x_wconf 91' lang='lat' dir='ltr'><strong>tendant;</strong></span> <span class='ocrx_word' id='word_1_458' title='bbox 850 3170 1023 3224; x_wconf 90' lang='lat' dir='ltr'><strong>eaquc</strong></span> <span class='ocrx_word' id='word_1_459' title='bbox 1070 3155 1214 3209; x_wconf 88' lang='lat' dir='ltr'><strong>circa</strong></span> <span class='ocrx_word' id='word_1_460' title='bbox 1251 3169 1411 3208; x_wconf 91' lang='lat' dir='ltr'><strong>unam</strong></span> <span class='ocrx_word' id='word_1_461' title='bbox 1449 3163 1504 3208; x_wconf 89' lang='lat' dir='ltr'><strong>et</strong></span> <span class='ocrx_word' id='word_1_462' title='bbox 1535 3153 1778 3208; x_wconf 86' lang='lat' dir='ltr'><strong>eamdem</strong></span> <span class='ocrx_word' id='word_1_463' title='bbox 1835 3155 2118 3223; x_wconf 80' lang='lat' dir='ltr'><strong>imaginem</strong></span> <span class='ocrx_word' id='word_1_464' title='bbox 2154 3198 2169 3224; x_wconf 87' lang='lat'><strong>,</strong></span> <span class='ocrx_word' id='word_1_465' title='bbox 2214 3157 2357 3210; x_wconf 83' lang='lat' dir='ltr'><strong>circa</strong></span> <span class='ocrx_word' id='word_1_466' title='bbox 2387 3173 2547 3210; x_wconf 89' lang='lat' dir='ltr'><strong>unam</strong></span> <span class='ocrx_word' id='word_1_467' title='bbox 2586 3167 2639 3211; x_wconf 89' lang='lat' dir='ltr'><strong>et</strong></span> <span class='ocrx_word' id='word_1_468' title='bbox 2669 3157 2912 3211; x_wconf 88' lang='lat' dir='ltr'><strong>eamdem</strong></span> <span class='ocrx_word' id='word_1_469' title='bbox 2955 3155 3229 3225; x_wconf 77' lang='lat' dir='ltr'><strong>dignitatis</strong></span> <span class='ocrx_word' id='word_1_470' title='bbox 3269 3156 3624 3224; x_wconf 63' lang='lat' dir='ltr'><strong>prmstautiam</strong></span> <span class='ocrx_word' id='word_1_471' title='bbox 3665 3167 3768 3204; x_wconf 80' lang='lat' dir='ltr'><strong>cnu-</strong></span> 
     </span>
    </p>
   </div>
   <div class='ocr_carea' id='block_1_64' title="bbox 557 3231 3771 3321">
    <p class='ocr_par' dir='ltr' id='par_1_64' title="bbox 557 3231 3771 3321">
     <span class='ocr_line' id='line_1_64' title="bbox 557 3231 3771 3321; baseline -0.001 -17"><span class='ocrx_word' id='word_1_472' title='bbox 557 3249 790 3321; x_wconf 84' lang='lat' dir='ltr'><strong>tingere,</strong></span> <span class='ocrx_word' id='word_1_473' title='bbox 821 3250 963 3304; x_wconf 89' lang='lat' dir='ltr'><strong>circa</strong></span> <span class='ocrx_word' id='word_1_474' title='bbox 991 3247 1228 3316; x_wconf 74' lang='lat' dir='ltr'><strong>ejusdem</strong></span> <span class='ocrx_word' id='word_1_475' title='bbox 1262 3247 1385 3302; x_wconf 68' lang='lat' dir='ltr'><strong>vitae</strong></span> <span class='ocrx_word' id='word_1_476' title='bbox 1413 3231 1657 3303; x_wconf 74' lang='lat' dir='ltr'><strong>limredcs</strong></span> <span class='ocrx_word' id='word_1_477' title='bbox 1682 3287 1696 3310; x_wconf 88' lang='lat'><strong>,</strong></span> <span class='ocrx_word' id='word_1_478' title='bbox 1729 3258 1784 3302; x_wconf 90' lang='lat' dir='ltr'><strong>et</strong></span> <span class='ocrx_word' id='word_1_479' title='bbox 1837 3265 1934 3316; x_wconf 88' lang='lat' dir='ltr'><strong>pro</strong></span> <span class='ocrx_word' id='word_1_480' title='bbox 1970 3251 2165 3319; x_wconf 91' lang='lat' dir='ltr'><strong>quibus</strong></span> <span class='ocrx_word' id='word_1_481' title='bbox 2201 3251 2449 3306; x_wconf 88' lang='lat' dir='ltr'><strong>Christus</strong></span> <span class='ocrx_word' id='word_1_482' title='bbox 2499 3267 2651 3320; x_wconf 62' lang='lat' dir='ltr'><strong>atque</strong></span> <span class='ocrx_word' id='word_1_483' title='bbox 2699 3262 2945 3307; x_wconf 87' lang='lat' dir='ltr'><strong>mortuus</strong></span> <span class='ocrx_word' id='word_1_484' title='bbox 2999 3263 3102 3308; x_wconf 90' lang='lat' dir='ltr'><strong>est.</strong></span> <span class='ocrx_word' id='word_1_485' title='bbox 3153 3253 3331 3316; x_wconf 81' lang='lat' dir='ltr'><strong>Satis,</strong></span> <span class='ocrx_word' id='word_1_486' title='bbox 3366 3253 3608 3318; x_wconf 84' lang='lat' dir='ltr'><strong>inquam.</strong></span> <span class='ocrx_word' id='word_1_487' title='bbox 3675 3251 3771 3303; x_wconf 64' lang='grc' dir='ltr'>ηις</span> 
     </span>
    </p>
   </div>
   <div class='ocr_carea' id='block_1_65' title="bbox 553 3339 3770 3412">
    <p class='ocr_par' dir='ltr' id='par_1_65' title="bbox 553 3339 3770 3412">
     <span class='ocr_line' id='line_1_65' title="bbox 553 3339 3770 3412; baseline -0.003 -14"><span class='ocrx_word' id='word_1_488' title='bbox 553 3342 743 3398; x_wconf 89' lang='lat' dir='ltr'><strong>liberis</strong></span> <span class='ocrx_word' id='word_1_489' title='bbox 779 3341 1085 3395; x_wconf 91' lang='lat' dir='ltr'><strong>hominibus</strong></span> <span class='ocrx_word' id='word_1_490' title='bbox 1116 3339 1340 3394; x_wconf 87' lang='lat' dir='ltr'><strong>molesta</strong></span> <span class='ocrx_word' id='word_1_491' title='bbox 1372 3347 1530 3404; x_wconf 90' lang='lat' dir='ltr'><strong>sunt;</strong></span> <span class='ocrx_word' id='word_1_492' title='bbox 1573 3353 1638 3393; x_wconf 90' lang='lat' dir='ltr'><strong>ne</strong></span> <span class='ocrx_word' id='word_1_493' title='bbox 1671 3340 1798 3408; x_wconf 86' lang='lat' dir='ltr'><strong>quid</strong></span> <span class='ocrx_word' id='word_1_494' title='bbox 1837 3340 1959 3393; x_wconf 78' lang='lat' dir='ltr'><strong>huic</strong></span> <span class='ocrx_word' id='word_1_495' title='bbox 1983 3342 2114 3411; x_wconf 82' lang='lat' dir='ltr'><strong>jugo</strong></span> <span class='ocrx_word' id='word_1_496' title='bbox 2153 3342 2406 3412; x_wconf 88' lang='lat' dir='ltr'><strong>ponderis</strong></span> <span class='ocrx_word' id='word_1_497' title='bbox 2449 3341 2698 3407; x_wconf 89' lang='lat' dir='ltr'><strong>addatur,</strong></span> <span class='ocrx_word' id='word_1_498' title='bbox 2743 3357 2808 3396; x_wconf 87' lang='lat' dir='ltr'><strong>ne</strong></span> <span class='ocrx_word' id='word_1_499' title='bbox 2846 3341 2973 3411; x_wconf 91' lang='lat' dir='ltr'><strong>quid</strong></span> <span class='ocrx_word' id='word_1_500' title='bbox 3007 3355 3178 3412; x_wconf 75' lang='lat' dir='ltr'><strong>ptente</strong></span> <span class='ocrx_word' id='word_1_501' title='bbox 3229 3341 3339 3405; x_wconf 92' lang='lat' dir='ltr'><strong>illi,</strong></span> <span class='ocrx_word' id='word_1_502' title='bbox 3383 3357 3490 3411; x_wconf 69' lang='lat' dir='ltr'><strong>qua</strong></span> <span class='ocrx_word' id='word_1_503' title='bbox 3566 3342 3770 3411; x_wconf 83' lang='lat' dir='ltr'><strong>primum</strong></span> 
     </span>
    </p>
   </div>
   <div class='ocr_carea' id='block_1_66' title="bbox 554 3432 2218 3502">
    <p class='ocr_par' dir='ltr' id='par_1_66' title="bbox 554 3432 2218 3502">
     <span class='ocr_line' id='line_1_66' title="bbox 554 3432 2218 3502; baseline 0 -14"><span class='ocrx_word' id='word_1_504' title='bbox 554 3444 799 3490; x_wconf 90' lang='lat' dir='ltr'><strong>nostrum</strong></span> <span class='ocrx_word' id='word_1_505' title='bbox 826 3443 1105 3502; x_wconf 90' lang='lat' dir='ltr'><strong>peccatum</strong></span> <span class='ocrx_word' id='word_1_506' title='bbox 1141 3432 1454 3484; x_wconf 88' lang='lat' dir='ltr'><strong>mulctatum</strong></span> <span class='ocrx_word' id='word_1_507' title='bbox 1485 3441 1604 3492; x_wconf 85' lang='lat' dir='ltr'><strong>est,</strong></span> <span class='ocrx_word' id='word_1_508' title='bbox 1634 3432 1944 3486; x_wconf 83' lang='lat' dir='ltr'><strong>acerbitatis</strong></span> <span class='ocrx_word' id='word_1_509' title='bbox 1969 3435 2218 3488; x_wconf 87' lang='lat' dir='ltr'><strong>accedat.</strong></span> 
     </span>
    </p>
   </div>
   <div class='ocr_carea' id='block_1_67' title="bbox 627 3520 2192 3589">
    <p class='ocr_par' dir='ltr' id='par_1_67' title="bbox 627 3520 2192 3589">
     <span class='ocr_line' id='line_1_67' title="bbox 627 3520 2192 3589; baseline -0.003 -10"><span class='ocrx_word' id='word_1_510' title='bbox 627 3523 768 3579; x_wconf 75' lang='lat' dir='ltr'><strong>XIV.</strong></span> <span class='ocrx_word' id='word_1_511' title='bbox 808 3523 1025 3578; x_wconf 87' lang='lat' dir='ltr'><strong>Utinam</strong></span> <span class='ocrx_word' id='word_1_512' title='bbox 1058 3521 1296 3575; x_wconf 83' lang='lat' dir='ltr'><strong>funditus</strong></span> <span class='ocrx_word' id='word_1_513' title='bbox 1326 3532 1510 3589; x_wconf 84' lang='lat' dir='ltr'><strong>pereat</strong></span> <span class='ocrx_word' id='word_1_514' title='bbox 1537 3520 1724 3573; x_wconf 87' lang='lat' dir='ltr'><strong>vitium</strong></span> <span class='ocrx_word' id='word_1_515' title='bbox 1753 3561 1767 3583; x_wconf 93' lang='lat'><strong>,</strong></span> <span class='ocrx_word' id='word_1_516' title='bbox 1808 3532 1861 3573; x_wconf 91' lang='lat' dir='ltr'><strong>et</strong></span> <span class='ocrx_word' id='word_1_517' title='bbox 1890 3523 2122 3588; x_wconf 87' lang='lat' dir='ltr'><strong>primum</strong></span> <span class='ocrx_word' id='word_1_518' title='bbox 2151 3528 2192 3584; x_wconf 88' lang='lat' dir='ltr'><strong>C</strong></span> 
     </span>
    </p>
   </div>
   <div class='ocr_carea' id='block_1_68' title="bbox 556 3611 2126 3681">
    <p class='ocr_par' dir='ltr' id='par_1_68' title="bbox 556 3611 2126 3681">
     <span class='ocr_line' id='line_1_68' title="bbox 556 3611 2126 3681; baseline -0.006 -8"><span class='ocrx_word' id='word_1_519' title='bbox 556 3619 702 3674; x_wconf 91' lang='lat' dir='ltr'><strong>illius</strong></span> <span class='ocrx_word' id='word_1_520' title='bbox 734 3629 942 3680; x_wconf 89' lang='lat' dir='ltr'><strong>semen,</strong></span> <span class='ocrx_word' id='word_1_521' title='bbox 971 3628 1035 3667; x_wconf 90' lang='lat' dir='ltr'><strong>ac</strong></span> <span class='ocrx_word' id='word_1_522' title='bbox 1065 3628 1262 3681; x_wconf 85' lang='lat' dir='ltr'><strong>pravus</strong></span> <span class='ocrx_word' id='word_1_523' title='bbox 1295 3613 1402 3670; x_wconf 87' lang='lat' dir='ltr'><strong>ille.</strong></span> <span class='ocrx_word' id='word_1_524' title='bbox 1437 3611 1528 3679; x_wconf 91' lang='lat' dir='ltr'><strong>qui</strong></span> <span class='ocrx_word' id='word_1_525' title='bbox 1553 3650 1569 3674; x_wconf 88' lang='lat'><strong>,</strong></span> <span class='ocrx_word' id='word_1_526' title='bbox 1597 3612 1989 3665; x_wconf 86' lang='lat' dir='ltr'><strong>dormientibus</strong></span> <span class='ocrx_word' id='word_1_527' title='bbox 2030 3628 2126 3663; x_wconf 88' lang='lat' dir='ltr'><strong>nu-</strong></span> 
     </span>
    </p>
   </div>
   <div class='ocr_carea' id='block_1_69' title="bbox 555 3701 2122 3774">
    <p class='ocr_par' dir='ltr' id='par_1_69' title="bbox 555 3701 2122 3774">
     <span class='ocr_line' id='line_1_69' title="bbox 555 3701 2122 3774; baseline -0.008 -8"><span class='ocrx_word' id='word_1_528' title='bbox 555 3711 638 3766; x_wconf 78' lang='lat' dir='ltr'><strong>bis</strong></span> <span class='ocrx_word' id='word_1_529' title='bbox 664 3749 680 3773; x_wconf 94' lang='lat'><strong>,</strong></span> <span class='ocrx_word' id='word_1_530' title='bbox 721 3707 928 3761; x_wconf 81' lang='lat' dir='ltr'><strong>zizania</strong></span> <span class='ocrx_word' id='word_1_531' title='bbox 959 3704 1410 3774; x_wconf 83' lang='lat' dir='ltr'><strong>supersetninavit</strong></span> <span class='ocrx_word' id='word_1_532' title='bbox 1435 3703 1501 3768; x_wconf 74' lang='grc'><strong>⁸⁷,</strong></span> <span class='ocrx_word' id='word_1_533' title='bbox 1535 3712 1594 3756; x_wconf 94' lang='lat' dir='ltr'><strong>ut</strong></span> <span class='ocrx_word' id='word_1_534' title='bbox 1627 3701 1750 3756; x_wconf 90' lang='lat' dir='ltr'><strong>tnali</strong></span> <span class='ocrx_word' id='word_1_535' title='bbox 1796 3702 2122 3772; x_wconf 90' lang='lat' dir='ltr'><strong>principium</strong></span> 
     </span>
    </p>
   </div>
   <div class='ocr_carea' id='block_1_70' title="bbox 553 3795 2125 3860">
    <p class='ocr_par' dir='ltr' id='par_1_70' title="bbox 553 3795 2125 3860">
     <span class='ocr_line' id='line_1_70' title="bbox 553 3795 2125 3860; baseline -0.008 -1"><span class='ocrx_word' id='word_1_536' title='bbox 553 3817 624 3859; x_wconf 77' lang='lat' dir='ltr'><strong>ex</strong></span> <span class='ocrx_word' id='word_1_537' title='bbox 661 3797 785 3856; x_wconf 83' lang='lat' dir='ltr'><strong>boni</strong></span> <span class='ocrx_word' id='word_1_538' title='bbox 819 3797 1028 3853; x_wconf 85' lang='lat' dir='ltr'><strong>incuria</strong></span> <span class='ocrx_word' id='word_1_539' title='bbox 1059 3806 1398 3860; x_wconf 87' lang='lat' dir='ltr'><strong>nasceretur,</strong></span> <span class='ocrx_word' id='word_1_540' title='bbox 1429 3811 1534 3850; x_wconf 91' lang='lat' dir='ltr'><strong>non</strong></span> <span class='ocrx_word' id='word_1_541' title='bbox 1567 3811 1724 3850; x_wconf 90' lang='lat' dir='ltr'><strong>secus</strong></span> <span class='ocrx_word' id='word_1_542' title='bbox 1769 3810 1833 3849; x_wconf 86' lang='lat' dir='ltr'><strong>ac</strong></span> <span class='ocrx_word' id='word_1_543' title='bbox 1873 3795 2125 3850; x_wconf 83' lang='lat' dir='ltr'><strong>tenebra-</strong></span> 
     </span>
    </p>
   </div>
   <div class='ocr_carea' id='block_1_71' title="bbox 555 3883 2129 3960">
    <p class='ocr_par' dir='ltr' id='par_1_71' title="bbox 555 3883 2129 3960">
     <span class='ocr_line' id='line_1_71' title="bbox 555 3883 2129 3960; baseline -0.008 -13"><span class='ocrx_word' id='word_1_544' title='bbox 555 3907 678 3948; x_wconf 88' lang='lat' dir='ltr'><strong>rum</strong></span> <span class='ocrx_word' id='word_1_545' title='bbox 715 3889 1062 3960; x_wconf 85' lang='lat' dir='ltr'><strong>principium,</strong></span> <span class='ocrx_word' id='word_1_546' title='bbox 1112 3897 1196 3941; x_wconf 90' lang='lat' dir='ltr'><strong>est</strong></span> <span class='ocrx_word' id='word_1_547' title='bbox 1228 3886 1364 3940; x_wconf 89' lang='lat' dir='ltr'><strong>lucis</strong></span> <span class='ocrx_word' id='word_1_548' title='bbox 1405 3886 1660 3940; x_wconf 87' lang='lat' dir='ltr'><strong>secessio.</strong></span> <span class='ocrx_word' id='word_1_549' title='bbox 1699 3883 1825 3939; x_wconf 73' lang='lat' dir='ltr'><strong>[hec</strong></span> <span class='ocrx_word' id='word_1_550' title='bbox 1865 3885 2022 3939; x_wconf 90' lang='lat' dir='ltr'><strong>nobis</strong></span> <span class='ocrx_word' id='word_1_551' title='bbox 2062 3885 2129 3938; x_wconf 88' lang='lat' dir='ltr'><strong>li-</strong></span> 
     </span>
    </p>
   </div>
   <div class='ocr_carea' id='block_1_72' title="bbox 554 3977 2119 4053">
    <p class='ocr_par' dir='ltr' id='par_1_72' title="bbox 554 3977 2119 4053">
     <span class='ocr_line' id='line_1_72' title="bbox 554 3977 2119 4053; baseline -0.006 -16"><span class='ocrx_word' id='word_1_552' title='bbox 554 3997 719 4053; x_wconf 76' lang='lat' dir='ltr'><strong>gnum</strong></span> <span class='ocrx_word' id='word_1_553' title='bbox 741 3979 875 4036; x_wconf 86' lang='lat' dir='ltr'><strong>illud</strong></span> <span class='ocrx_word' id='word_1_554' title='bbox 902 3977 1126 4040; x_wconf 81' lang='lat' dir='ltr'><strong>invexit,</strong></span> <span class='ocrx_word' id='word_1_555' title='bbox 1151 3986 1207 4030; x_wconf 92' lang='lat' dir='ltr'><strong>et</strong></span> <span class='ocrx_word' id='word_1_556' title='bbox 1236 3991 1453 4030; x_wconf 87' lang='lat' dir='ltr'><strong>amarus</strong></span> <span class='ocrx_word' id='word_1_557' title='bbox 1480 3991 1609 4030; x_wconf 91' lang='lat' dir='ltr'><strong>esus</strong></span> <span class='ocrx_word' id='word_1_558' title='bbox 1628 4015 1643 4039; x_wconf 89' lang='lat'><strong>,</strong></span> <span class='ocrx_word' id='word_1_559' title='bbox 1675 3985 1730 4031; x_wconf 88' lang='lat' dir='ltr'><strong>et</strong></span> <span class='ocrx_word' id='word_1_560' title='bbox 1761 3977 1973 4030; x_wconf 90' lang='lat' dir='ltr'><strong>invidus</strong></span> <span class='ocrx_word' id='word_1_561' title='bbox 2000 3991 2119 4028; x_wconf 84' lang='lat' dir='ltr'><strong>ser-</strong></span> 
     </span>
    </p>
   </div>
   <div class='ocr_carea' id='block_1_73' title="bbox 555 4065 2123 4144">
    <p class='ocr_par' dir='ltr' id='par_1_73' title="bbox 555 4065 2123 4144">
     <span class='ocr_line' id='line_1_73' title="bbox 555 4065 2123 4144; baseline -0.007 -17"><span class='ocrx_word' id='word_1_562' title='bbox 555 4087 710 4144; x_wconf 85' lang='lat' dir='ltr'><strong>pens,</strong></span> <span class='ocrx_word' id='word_1_563' title='bbox 734 4080 789 4126; x_wconf 90' lang='lat' dir='ltr'><strong>et</strong></span> <span class='ocrx_word' id='word_1_564' title='bbox 815 4071 900 4125; x_wconf 78' lang='lat' dir='ltr'><strong>lex</strong></span> <span class='ocrx_word' id='word_1_565' title='bbox 925 4069 1144 4132; x_wconf 89' lang='lat' dir='ltr'><strong>violata,</strong></span> <span class='ocrx_word' id='word_1_566' title='bbox 1175 4083 1292 4137; x_wconf 63' lang='lat' dir='ltr'><strong>qua:</strong></span> <span class='ocrx_word' id='word_1_567' title='bbox 1323 4065 1483 4138; x_wconf 82' lang='lat'><strong>3&#39;73</strong></span> <span class='ocrx_word' id='word_1_568' title='bbox 1511 4069 1653 4121; x_wconf 84' lang='lat' dir='ltr'><strong>hanc</strong></span> <span class='ocrx_word' id='word_1_569' title='bbox 1677 4081 1890 4135; x_wconf 77' lang='lat' dir='ltr'><strong>poenam</strong></span> <span class='ocrx_word' id='word_1_570' title='bbox 1922 4067 2123 4133; x_wconf 77' lang='lat' dir='ltr'><strong>irregu-</strong></span> 
     </span>
    </p>
   </div>
   <div class='ocr_carea' id='block_1_74' title="bbox 557 4155 2118 4228">
    <p class='ocr_par' dir='ltr' id='par_1_74' title="bbox 557 4155 2118 4228">
     <span class='ocr_line' id='line_1_74' title="bbox 557 4155 2118 4228; baseline -0.003 -11"><span class='ocrx_word' id='word_1_571' title='bbox 557 4165 653 4228; x_wconf 90' lang='lat' dir='ltr'><strong>vit,</strong></span> <span class='ocrx_word' id='word_1_572' title='bbox 683 4173 744 4219; x_wconf 80' lang='grc' dir='ltr'><strong>ιιι</strong></span> <span class='ocrx_word' id='word_1_573' title='bbox 773 4164 828 4218; x_wconf 91' lang='lat' dir='ltr'><strong>in</strong></span> <span class='ocrx_word' id='word_1_574' title='bbox 859 4161 1055 4216; x_wconf 88' lang='lat' dir='ltr'><strong>sudore</strong></span> <span class='ocrx_word' id='word_1_575' title='bbox 1077 4159 1259 4212; x_wconf 87' lang='lat' dir='ltr'><strong>vultus</strong></span> <span class='ocrx_word' id='word_1_576' title='bbox 1285 4162 1442 4213; x_wconf 91' lang='lat' dir='ltr'><strong>nobis</strong></span> <span class='ocrx_word' id='word_1_577' title='bbox 1471 4160 1647 4212; x_wconf 87' lang='lat' dir='ltr'><strong>victus</strong></span> <span class='ocrx_word' id='word_1_578' title='bbox 1673 4161 1743 4212; x_wconf 90' lang='lat' dir='ltr'><strong>sit</strong></span> <span class='ocrx_word' id='word_1_579' title='bbox 1767 4157 2036 4226; x_wconf 86' lang='lat' dir='ltr'><strong>parandus</strong></span> <span class='ocrx_word' id='word_1_580' title='bbox 2057 4155 2118 4212; x_wconf 76' lang='grc'><strong>¹⁸.</strong></span> 
     </span>
    </p>
   </div>
   <div class='ocr_carea' id='block_1_75' title="bbox 556 4247 2120 4324">
    <p class='ocr_par' dir='ltr' id='par_1_75' title="bbox 556 4247 2120 4324">
     <span class='ocr_line' id='line_1_75' title="bbox 556 4247 2120 4324; baseline -0.008 -11"><span class='ocrx_word' id='word_1_581' title='bbox 556 4256 697 4314; x_wconf 78' lang='lat' dir='ltr'><strong>Hinc</strong></span> <span class='ocrx_word' id='word_1_582' title='bbox 722 4269 824 4324; x_wconf 80' lang='lat' dir='ltr'><strong>ego</strong></span> <span class='ocrx_word' id='word_1_583' title='bbox 855 4253 1031 4308; x_wconf 90' lang='lat' dir='ltr'><strong>nudus</strong></span> <span class='ocrx_word' id='word_1_584' title='bbox 1061 4259 1115 4304; x_wconf 94' lang='lat' dir='ltr'><strong>et</strong></span> <span class='ocrx_word' id='word_1_585' title='bbox 1142 4250 1450 4311; x_wconf 89' lang='lat' dir='ltr'><strong>indecorus,</strong></span> <span class='ocrx_word' id='word_1_586' title='bbox 1471 4258 1525 4302; x_wconf 90' lang='lat' dir='ltr'><strong>et</strong></span> <span class='ocrx_word' id='word_1_587' title='bbox 1549 4250 1844 4301; x_wconf 88' lang='lat' dir='ltr'><strong>nuditatem</strong></span> <span class='ocrx_word' id='word_1_588' title='bbox 1871 4247 2120 4316; x_wconf 78' lang='lat' dir='ltr'><strong>cognovi,</strong></span> 
     </span>
    </p>
   </div>
   <div class='ocr_carea' id='block_1_76' title="bbox 555 4338 2124 4416">
    <p class='ocr_par' dir='ltr' id='par_1_76' title="bbox 555 4338 2124 4416">
     <span class='ocr_line' id='line_1_76' title="bbox 555 4338 2124 4416; baseline -0.007 -13"><span class='ocrx_word' id='word_1_589' title='bbox 555 4355 613 4403; x_wconf 87' lang='lat' dir='ltr'><strong>et</strong></span> <span class='ocrx_word' id='word_1_590' title='bbox 643 4345 921 4416; x_wconf 80' lang='lat' dir='ltr'><strong>pelliceatn</strong></span> <span class='ocrx_word' id='word_1_591' title='bbox 951 4348 1154 4394; x_wconf 88' lang='lat' dir='ltr'><strong>vestem</strong></span> <span class='ocrx_word' id='word_1_592' title='bbox 1187 4338 1371 4406; x_wconf 91' lang='lat' dir='ltr'><strong>indui,</strong></span> <span class='ocrx_word' id='word_1_593' title='bbox 1419 4351 1473 4392; x_wconf 91' lang='lat' dir='ltr'><strong>et</strong></span> <span class='ocrx_word' id='word_1_594' title='bbox 1513 4356 1542 4393; x_wconf 88' lang='lat' dir='ltr'><strong>e</strong></span> <span class='ocrx_word' id='word_1_595' title='bbox 1590 4340 1840 4409; x_wconf 75' lang='lat' dir='ltr'><strong>paradiso</strong></span> <span class='ocrx_word' id='word_1_596' title='bbox 1885 4339 2124 4406; x_wconf 87' lang='lat' dir='ltr'><strong>dejectus</strong></span> 
     </span>
    </p>
   </div>
   <div class='ocr_carea' id='block_1_77' title="bbox 556 4433 2118 4506">
    <p class='ocr_par' dir='ltr' id='par_1_77' title="bbox 556 4433 2118 4506">
     <span class='ocr_line' id='line_1_77' title="bbox 556 4433 2118 4506; baseline -0.008 -10"><span class='ocrx_word' id='word_1_597' title='bbox 556 4455 714 4504; x_wconf 88' lang='lat' dir='ltr'><strong>sum,</strong></span> <span class='ocrx_word' id='word_1_598' title='bbox 751 4446 914 4506; x_wconf 89' lang='lat' dir='ltr'><strong>atque</strong></span> <span class='ocrx_word' id='word_1_599' title='bbox 957 4435 1022 4489; x_wconf 89' lang='lat' dir='ltr'><strong>ad</strong></span> <span class='ocrx_word' id='word_1_600' title='bbox 1060 4446 1295 4496; x_wconf 91' lang='lat' dir='ltr'><strong>terram,</strong></span> <span class='ocrx_word' id='word_1_601' title='bbox 1343 4446 1410 4484; x_wconf 81' lang='lat' dir='ltr'><strong>ex</strong></span> <span class='ocrx_word' id='word_1_602' title='bbox 1454 4445 1558 4500; x_wconf 88' lang='lat' dir='ltr'><strong>qua</strong></span> <span class='ocrx_word' id='word_1_603' title='bbox 1598 4441 1843 4501; x_wconf 86' lang='lat' dir='ltr'><strong>sumptus</strong></span> <span class='ocrx_word' id='word_1_604' title='bbox 1887 4433 2118 4496; x_wconf 81' lang='lat' dir='ltr'><strong>fueram,</strong></span> 
     </span>
    </p>
   </div>
   <div class='ocr_carea' id='block_1_78' title="bbox 557 4522 2119 4594">
    <p class='ocr_par' dir='ltr' id='par_1_78' title="bbox 557 4522 2119 4594">
     <span class='ocr_line' id='line_1_78' title="bbox 557 4522 2119 4594; baseline -0.007 -6"><span class='ocrx_word' id='word_1_605' title='bbox 557 4546 782 4588; x_wconf 87' lang='lat' dir='ltr'><strong>aversus</strong></span> <span class='ocrx_word' id='word_1_606' title='bbox 804 4545 945 4594; x_wconf 88' lang='lat' dir='ltr'><strong>sum,</strong></span> <span class='ocrx_word' id='word_1_607' title='bbox 971 4527 1025 4581; x_wconf 93' lang='lat' dir='ltr'><strong>id</strong></span> <span class='ocrx_word' id='word_1_608' title='bbox 1052 4543 1214 4582; x_wconf 88' lang='lat' dir='ltr'><strong>unum</strong></span> <span class='ocrx_word' id='word_1_609' title='bbox 1236 4523 1550 4578; x_wconf 87' lang='lat' dir='ltr'><strong>deliciarum</strong></span> <span class='ocrx_word' id='word_1_610' title='bbox 1580 4522 1701 4580; x_wconf 92' lang='lat' dir='ltr'><strong>loco</strong></span> <span class='ocrx_word' id='word_1_611' title='bbox 1731 4523 1954 4587; x_wconf 87' lang='lat' dir='ltr'><strong>habens,</strong></span> <span class='ocrx_word' id='word_1_612' title='bbox 1979 4524 2119 4592; x_wconf 90' lang='lat' dir='ltr'><strong>quod</strong></span> 
     </span>
    </p>
   </div>
   <div class='ocr_carea' id='block_1_79' title="bbox 553 4615 2118 4688">
    <p class='ocr_par' dir='ltr' id='par_1_79' title="bbox 553 4615 2118 4688">
     <span class='ocr_line' id='line_1_79' title="bbox 553 4615 2118 4688; baseline -0.007 -9"><span class='ocrx_word' id='word_1_613' title='bbox 553 4623 895 4679; x_wconf 86' lang='lat' dir='ltr'><strong>calamitates</strong></span> <span class='ocrx_word' id='word_1_614' title='bbox 928 4635 1073 4675; x_wconf 90' lang='lat' dir='ltr'><strong>meas</strong></span> <span class='ocrx_word' id='word_1_615' title='bbox 1107 4618 1356 4688; x_wconf 80' lang='lat' dir='ltr'><strong>cognitas</strong></span> <span class='ocrx_word' id='word_1_616' title='bbox 1397 4616 1625 4672; x_wconf 87' lang='lat' dir='ltr'><strong>habeam</strong></span> <span class='ocrx_word' id='word_1_617' title='bbox 1662 4631 1675 4668; x_wconf 91' lang='lat'><strong>:</strong></span> <span class='ocrx_word' id='word_1_618' title='bbox 1709 4624 1761 4668; x_wconf 88' lang='lat' dir='ltr'><strong>et</strong></span> <span class='ocrx_word' id='word_1_619' title='bbox 1795 4631 1892 4684; x_wconf 91' lang='lat' dir='ltr'><strong>pro</strong></span> <span class='ocrx_word' id='word_1_620' title='bbox 1927 4615 2118 4685; x_wconf 81' lang='lat' dir='ltr'><strong>exigua</strong></span> 
     </span>
    </p>
   </div>
   <div class='ocr_carea' id='block_1_80' title="bbox 556 4708 2120 4784">
    <p class='ocr_par' dir='ltr' id='par_1_80' title="bbox 556 4708 2120 4784">
     <span class='ocr_line' id='line_1_80' title="bbox 556 4708 2120 4784; baseline -0.006 -16"><span class='ocrx_word' id='word_1_621' title='bbox 556 4715 869 4784; x_wconf 85' lang='lat' dir='ltr'><strong>voluptate,</strong></span> <span class='ocrx_word' id='word_1_622' title='bbox 905 4720 1161 4781; x_wconf 86' lang='lat' dir='ltr'><strong>perpetuo</strong></span> <span class='ocrx_word' id='word_1_623' title='bbox 1194 4723 1428 4764; x_wconf 76' lang='lat' dir='ltr'><strong>mmrore</strong></span> <span class='ocrx_word' id='word_1_624' title='bbox 1460 4708 1742 4761; x_wconf 89' lang='lat' dir='ltr'><strong>damnatus</strong></span> <span class='ocrx_word' id='word_1_625' title='bbox 1778 4720 1897 4760; x_wconf 91' lang='lat' dir='ltr'><strong>sum</strong></span> <span class='ocrx_word' id='word_1_626' title='bbox 1924 4723 1938 4771; x_wconf 92' lang='lat'><strong>;</strong></span> <span class='ocrx_word' id='word_1_627' title='bbox 1970 4720 2120 4760; x_wconf 89' lang='lat' dir='ltr'><strong>eam-</strong></span> 
     </span>
    </p>
   </div>
   <div class='ocr_carea' id='block_1_81' title="bbox 2190 4067 3784 4140">
    <p class='ocr_par' dir='ltr' id='par_1_81' title="bbox 2190 4067 3784 4140">
     <span class='ocr_line' id='line_1_81' title="bbox 2190 4067 3784 4140; baseline 0 -19"><span class='ocrx_word' id='word_1_628' title='bbox 2190 4107 2193 4110; x_wconf 89' lang='grc'><strong>-</strong></span> <span class='ocrx_word' id='word_1_629' title='bbox 2224 4067 2515 4138; x_wconf 83' lang='grc' dir='ltr'>προσώπου</span> <span class='ocrx_word' id='word_1_630' title='bbox 2546 4067 2646 4139; x_wconf 78' lang='grc' dir='ltr'><strong>ζῇν</strong></span> <span class='ocrx_word' id='word_1_631' title='bbox 2693 4069 3092 4140; x_wconf 84' lang='grc' dir='ltr'>κατακρίνασα.</span> <span class='ocrx_word' id='word_1_632' title='bbox 3133 4068 3412 4124; x_wconf 79' lang='grc' dir='ltr'>Ἐντεῦθεν</span> <span class='ocrx_word' id='word_1_633' title='bbox 3446 4070 3644 4139; x_wconf 80' lang='grc' dir='ltr'>γυμνὸς</span> 
     </span>
    </p>
   </div>
   <div class='ocr_carea' id='block_1_82' title="bbox 2301 3513 3777 3594">
    <p class='ocr_par' dir='ltr' id='par_1_82' title="bbox 2301 3513 3777 3594">
     <span class='ocr_line' id='line_1_82' title="bbox 2301 3513 3777 3594; baseline 0.002 -20"><span class='ocrx_word' id='word_1_634' title='bbox 2301 3523 2396 3574; x_wconf 70' lang='lat' dir='ltr'><strong>lA&#39;.</strong></span> <span class='ocrx_word' id='word_1_635' title='bbox 2450 3523 2536 3586; x_wconf 84' lang='grc' dir='ltr'><strong>Ὡς</strong></span> <span class='ocrx_word' id='word_1_636' title='bbox 2573 3521 2828 3575; x_wconf 78' lang='grc' dir='ltr'>ἀπόλοιτο</span> <span class='ocrx_word' id='word_1_637' title='bbox 2876 3525 2908 3592; x_wconf 87' lang='grc' dir='ltr'>ἡ</span> <span class='ocrx_word' id='word_1_638' title='bbox 2951 3521 3136 3585; x_wconf 88' lang='grc' dir='ltr'>κακία,</span> <span class='ocrx_word' id='word_1_639' title='bbox 3165 3521 3259 3575; x_wconf 68' lang='grc' dir='ltr'>καὶ</span> <span class='ocrx_word' id='word_1_640' title='bbox 3316 3523 3349 3594; x_wconf 77' lang='grc' dir='ltr'><strong>ἡ</strong></span> <span class='ocrx_word' id='word_1_641' title='bbox 3385 3521 3572 3593; x_wconf 84' lang='grc' dir='ltr'>πρώτη</span> <span class='ocrx_word' id='word_1_642' title='bbox 3597 3513 3777 3591; x_wconf 77' lang='grc' dir='ltr'>ταύτης</span> 
     </span>
    </p>
   </div>
   <div class='ocr_carea' id='block_1_83' title="bbox 2226 3611 3780 3685">
    <p class='ocr_par' dir='ltr' id='par_1_83' title="bbox 2226 3611 3780 3685">
     <span class='ocr_line' id='line_1_83' title="bbox 2226 3611 3780 3685; baseline 0.003 -20"><span class='ocrx_word' id='word_1_643' title='bbox 2226 3611 2519 3683; x_wconf 77' lang='grc' dir='ltr'>καταϐολὴ,</span> <span class='ocrx_word' id='word_1_644' title='bbox 2560 3614 2652 3665; x_wconf 73' lang='grc' dir='ltr'>καὶ</span> <span class='ocrx_word' id='word_1_645' title='bbox 2676 3615 2703 3664; x_wconf 81' lang='grc' dir='ltr'><strong>ό</strong></span> <span class='ocrx_word' id='word_1_646' title='bbox 2730 3613 3080 3666; x_wconf 71' lang='grc' dir='ltr'>καθεύδουσιν</span> <span class='ocrx_word' id='word_1_647' title='bbox 3113 3615 3244 3684; x_wconf 81' lang='grc' dir='ltr'>ἡμῖν</span> <span class='ocrx_word' id='word_1_648' title='bbox 3278 3613 3598 3685; x_wconf 83' lang='grc' dir='ltr'>ἐπισπείρας</span> <span class='ocrx_word' id='word_1_649' title='bbox 3625 3618 3689 3669; x_wconf 73' lang='grc' dir='ltr'>τὰ</span> <span class='ocrx_word' id='word_1_650' title='bbox 3714 3619 3780 3680; x_wconf 79' lang='grc' dir='ltr'><strong>ζι-</strong></span> 
     </span>
    </p>
   </div>
   <div class='ocr_carea' id='block_1_84' title="bbox 2226 3701 3780 3777">
    <p class='ocr_par' dir='ltr' id='par_1_84' title="bbox 2226 3701 3780 3777">
     <span class='ocr_line' id='line_1_84' title="bbox 2226 3701 3780 3777; baseline 0.003 -21"><span class='ocrx_word' id='word_1_651' title='bbox 2226 3703 2381 3768; x_wconf 84' lang='grc' dir='ltr'>ζάνια</span> <span class='ocrx_word' id='word_1_652' title='bbox 2415 3701 2677 3774; x_wconf 80' lang='grc' dir='ltr'>Πονηρὸς,</span> <span class='ocrx_word' id='word_1_653' title='bbox 2714 3704 2779 3756; x_wconf 74' lang='grc' dir='ltr'><strong>ἵν’</strong></span> <span class='ocrx_word' id='word_1_654' title='bbox 2807 3704 2948 3775; x_wconf 75' lang='grc' dir='ltr'>ἀρχὴ</span> <span class='ocrx_word' id='word_1_655' title='bbox 2985 3703 3080 3756; x_wconf 87' lang='grc' dir='ltr'><strong>τοῦ</strong></span> <span class='ocrx_word' id='word_1_656' title='bbox 3120 3702 3289 3758; x_wconf 88' lang='grc' dir='ltr'>κακοῦ</span> <span class='ocrx_word' id='word_1_657' title='bbox 3323 3704 3546 3774; x_wconf 81' lang='grc' dir='ltr'>γένηται</span> <span class='ocrx_word' id='word_1_658' title='bbox 3573 3706 3628 3760; x_wconf 78' lang='grc' dir='ltr'>τὸ</span> <span class='ocrx_word' id='word_1_659' title='bbox 3663 3709 3780 3777; x_wconf 73' lang='grc' dir='ltr'>ἀμεο</span> 
     </span>
    </p>
   </div>
   <div class='ocr_carea' id='block_1_85' title="bbox 2224 3791 3779 3866">
    <p class='ocr_par' dir='ltr' id='par_1_85' title="bbox 2224 3791 3779 3866">
     <span class='ocr_line' id='line_1_85' title="bbox 2224 3791 3779 3866; baseline 0.001 -20"><span class='ocrx_word' id='word_1_660' title='bbox 2224 3794 2383 3864; x_wconf 78' lang='grc' dir='ltr'>λῆσαι</span> <span class='ocrx_word' id='word_1_661' title='bbox 2404 3793 2495 3846; x_wconf 88' lang='grc' dir='ltr'><strong>τοῦ</strong></span> <span class='ocrx_word' id='word_1_662' title='bbox 2523 3793 2750 3862; x_wconf 77' lang='grc' dir='ltr'>ἀγαθοῦ,</span> <span class='ocrx_word' id='word_1_663' title='bbox 2793 3791 2980 3865; x_wconf 78' lang='grc' dir='ltr'>ὥσπερ</span> <span class='ocrx_word' id='word_1_664' title='bbox 3018 3795 3113 3847; x_wconf 78' lang='grc' dir='ltr'><strong>καὶ</strong></span> <span class='ocrx_word' id='word_1_665' title='bbox 3155 3796 3382 3858; x_wconf 81' lang='grc' dir='ltr'>σκότους</span> <span class='ocrx_word' id='word_1_666' title='bbox 3429 3799 3461 3866; x_wconf 81' lang='grc' dir='ltr'><strong>ἡ</strong></span> <span class='ocrx_word' id='word_1_667' title='bbox 3493 3796 3582 3849; x_wconf 88' lang='grc' dir='ltr'><strong>τοῦ</strong></span> <span class='ocrx_word' id='word_1_668' title='bbox 3620 3800 3779 3866; x_wconf 67' lang='grc' dir='ltr'>φωτὸς</span> 
     </span>
    </p>
   </div>
   <div class='ocr_carea' id='block_1_86' title="bbox 2226 3882 3778 3956">
    <p class='ocr_par' dir='ltr' id='par_1_86' title="bbox 2226 3882 3778 3956">
     <span class='ocr_line' id='line_1_86' title="bbox 2226 3882 3778 3956; baseline 0 -19"><span class='ocrx_word' id='word_1_669' title='bbox 2226 3882 2590 3954; x_wconf 78' lang='grc' dir='ltr'>ὑποχώρησις.</span> <span class='ocrx_word' id='word_1_670' title='bbox 2633 3883 2818 3936; x_wconf 87' lang='grc' dir='ltr'>Ταῦτα</span> <span class='ocrx_word' id='word_1_671' title='bbox 2864 3885 2923 3938; x_wconf 76' lang='grc' dir='ltr'><strong>τὸ</strong></span> <span class='ocrx_word' id='word_1_672' title='bbox 2957 3883 3134 3950; x_wconf 81' lang='grc' dir='ltr'>ξύλον,</span> <span class='ocrx_word' id='word_1_673' title='bbox 3182 3887 3276 3938; x_wconf 73' lang='grc' dir='ltr'>καὶ</span> <span class='ocrx_word' id='word_1_674' title='bbox 3320 3888 3353 3956; x_wconf 81' lang='grc' dir='ltr'>ἡ</span> <span class='ocrx_word' id='word_1_675' title='bbox 3386 3885 3558 3956; x_wconf 82' lang='grc' dir='ltr'>πικρά</span> <span class='ocrx_word' id='word_1_676' title='bbox 3589 3889 3778 3954; x_wconf 73' lang='grc' dir='ltr'>γεῦσις.</span> 
     </span>
    </p>
   </div>
   <div class='ocr_carea' id='block_1_87' title="bbox 2228 3975 3781 4050">
    <p class='ocr_par' dir='ltr' id='par_1_87' title="bbox 2228 3975 3781 4050">
     <span class='ocr_line' id='line_1_87' title="bbox 2228 3975 3781 4050; baseline 0 -21"><span class='ocrx_word' id='word_1_677' title='bbox 2228 3977 2322 4030; x_wconf 73' lang='grc' dir='ltr'>καὶ</span> <span class='ocrx_word' id='word_1_678' title='bbox 2354 3979 2382 4029; x_wconf 88' lang='grc' dir='ltr'>ὁ</span> <span class='ocrx_word' id='word_1_679' title='bbox 2415 3975 2682 4045; x_wconf 79' lang='grc' dir='ltr'>βάσκανος</span> <span class='ocrx_word' id='word_1_680' title='bbox 2703 3976 2844 4045; x_wconf 75' lang='grc' dir='ltr'>ὄφις,</span> <span class='ocrx_word' id='word_1_681' title='bbox 2909 3976 3003 4030; x_wconf 71' lang='grc' dir='ltr'>καὶ</span> <span class='ocrx_word' id='word_1_682' title='bbox 3032 3980 3065 4048; x_wconf 85' lang='grc' dir='ltr'>ή</span> <span class='ocrx_word' id='word_1_683' title='bbox 3102 3978 3350 4048; x_wconf 77' lang='grc' dir='ltr'>παρακοὴ</span> <span class='ocrx_word' id='word_1_684' title='bbox 3398 3981 3455 4031; x_wconf 80' lang='grc' dir='ltr'>ἐν</span> <span class='ocrx_word' id='word_1_685' title='bbox 3499 3977 3674 4050; x_wconf 78' lang='grc' dir='ltr'>ἱδρῶτι</span> <span class='ocrx_word' id='word_1_686' title='bbox 3705 3979 3781 4031; x_wconf 71' lang='grc' dir='ltr'>το]</span> 
     </span>
    </p>
   </div>
   <div class='ocr_carea' id='block_1_88' title="bbox 2225 4158 3787 4233">
    <p class='ocr_par' dir='ltr' id='par_1_88' title="bbox 2225 4158 3787 4233">
     <span class='ocr_line' id='line_1_88' title="bbox 2225 4158 3787 4233; baseline 0 -22"><span class='ocrx_word' id='word_1_687' title='bbox 2225 4160 2318 4211; x_wconf 75' lang='grc' dir='ltr'><strong>καὶ</strong></span> <span class='ocrx_word' id='word_1_688' title='bbox 2341 4159 2624 4230; x_wconf 86' lang='grc' dir='ltr'>ἀσχήμων,</span> <span class='ocrx_word' id='word_1_689' title='bbox 2657 4159 2752 4212; x_wconf 80' lang='grc' dir='ltr'><strong>καὶ</strong></span> <span class='ocrx_word' id='word_1_690' title='bbox 2778 4158 2877 4233; x_wconf 79' lang='grc' dir='ltr'>τὴν</span> <span class='ocrx_word' id='word_1_691' title='bbox 2906 4160 3182 4231; x_wconf 80' lang='grc' dir='ltr'>γύμνωσιν</span> <span class='ocrx_word' id='word_1_692' title='bbox 3208 4160 3401 4228; x_wconf 81' lang='grc' dir='ltr'>ἔγνων,</span> <span class='ocrx_word' id='word_1_693' title='bbox 3439 4163 3531 4214; x_wconf 75' lang='grc' dir='ltr'>καὶ</span> <span class='ocrx_word' id='word_1_694' title='bbox 3561 4163 3648 4214; x_wconf 79' lang='grc' dir='ltr'><strong>τὸν</strong></span> <span class='ocrx_word' id='word_1_695' title='bbox 3678 4163 3787 4230; x_wconf 64' lang='lat' dir='ltr'><strong>65f.-</strong></span> 
     </span>
    </p>
   </div>
   <div class='ocr_carea' id='block_1_89' title="bbox 2229 4251 3786 4323">
    <p class='ocr_par' dir='ltr' id='par_1_89' title="bbox 2229 4251 3786 4323">
     <span class='ocr_line' id='line_1_89' title="bbox 2229 4251 3786 4323; baseline -0.001 -18"><span class='ocrx_word' id='word_1_696' title='bbox 2229 4252 2450 4322; x_wconf 85' lang='grc' dir='ltr'>μάτινον</span> <span class='ocrx_word' id='word_1_697' title='bbox 2509 4251 2714 4322; x_wconf 78' lang='grc' dir='ltr'>χιτῶνα</span> <span class='ocrx_word' id='word_1_698' title='bbox 2750 4253 3136 4323; x_wconf 77' lang='grc' dir='ltr'>ἠμφιασάμην,</span> <span class='ocrx_word' id='word_1_699' title='bbox 3191 4253 3287 4304; x_wconf 70' lang='grc' dir='ltr'>καὶ</span> <span class='ocrx_word' id='word_1_700' title='bbox 3319 4252 3416 4304; x_wconf 88' lang='grc' dir='ltr'>τοῦ</span> <span class='ocrx_word' id='word_1_701' title='bbox 3479 4253 3786 4323; x_wconf 63' lang='grc' dir='ltr'>παραδείσου</span> 
     </span>
    </p>
   </div>
   <div class='ocr_carea' id='block_1_90' title="bbox 2224 4341 3793 4414">
    <p class='ocr_par' dir='ltr' id='par_1_90' title="bbox 2224 4341 3793 4414">
     <span class='ocr_line' id='line_1_90' title="bbox 2224 4341 3793 4414; baseline -0.002 -18"><span class='ocrx_word' id='word_1_702' title='bbox 2224 4341 2467 4396; x_wconf 82' lang='grc' dir='ltr'>διέπεσον</span> <span class='ocrx_word' id='word_1_703' title='bbox 2492 4341 2628 4412; x_wconf 80' lang='grc'><strong>(50),</strong></span> <span class='ocrx_word' id='word_1_704' title='bbox 2657 4345 2750 4397; x_wconf 71' lang='grc' dir='ltr'>καὶ</span> <span class='ocrx_word' id='word_1_705' title='bbox 2771 4345 2850 4407; x_wconf 83' lang='grc' dir='ltr'>εἰς</span> <span class='ocrx_word' id='word_1_706' title='bbox 2870 4344 2968 4413; x_wconf 83' lang='grc' dir='ltr'>τὴν</span> <span class='ocrx_word' id='word_1_707' title='bbox 2990 4341 3090 4414; x_wconf 82' lang='grc' dir='ltr'><strong>γῆν</strong></span> <span class='ocrx_word' id='word_1_708' title='bbox 3113 4343 3492 4413; x_wconf 69' lang='grc' dir='ltr'>ἀπεστράφην,</span> <span class='ocrx_word' id='word_1_709' title='bbox 3531 4343 3652 4396; x_wconf 80' lang='grc' dir='ltr'>ὅθεν</span> <span class='ocrx_word' id='word_1_710' title='bbox 3681 4343 3793 4410; x_wconf 66' lang='grc' dir='ltr'><strong>ἐλή-</strong></span> 
     </span>
    </p>
   </div>
   <div class='ocr_carea' id='block_1_91' title="bbox 2227 4433 3791 4505">
    <p class='ocr_par' dir='ltr' id='par_1_91' title="bbox 2227 4433 3791 4505">
     <span class='ocr_line' id='line_1_91' title="bbox 2227 4433 3791 4505; baseline -0.003 -19"><span class='ocrx_word' id='word_1_711' title='bbox 2227 4433 2388 4505; x_wconf 76' lang='grc' dir='ltr'>φθην,</span> <span class='ocrx_word' id='word_1_712' title='bbox 2417 4433 2476 4489; x_wconf 84' lang='grc' dir='ltr'>ἓν</span> <span class='ocrx_word' id='word_1_713' title='bbox 2495 4435 2652 4488; x_wconf 90' lang='grc' dir='ltr'>τοῦτο</span> <span class='ocrx_word' id='word_1_714' title='bbox 2686 4435 2806 4487; x_wconf 78' lang='grc' dir='ltr'>ἀντὶ</span> <span class='ocrx_word' id='word_1_715' title='bbox 2847 4433 3056 4504; x_wconf 78' lang='grc' dir='ltr'>τρυφῆς</span> <span class='ocrx_word' id='word_1_716' title='bbox 3092 4434 3249 4504; x_wconf 78' lang='grc' dir='ltr'>ἔχων,</span> <span class='ocrx_word' id='word_1_717' title='bbox 3280 4433 3349 4486; x_wconf 78' lang='grc' dir='ltr'><strong>τά</strong></span> <span class='ocrx_word' id='word_1_718' title='bbox 3375 4434 3612 4504; x_wconf 84' lang='grc' dir='ltr'>ἐμαυτοῦ</span> <span class='ocrx_word' id='word_1_719' title='bbox 3645 4434 3791 4494; x_wconf 52' lang='lat' dir='ltr'><strong>7m;-</strong></span> 
     </span>
    </p>
   </div>
   <div class='ocr_carea' id='block_1_92' title="bbox 2230 4524 3796 4597">
    <p class='ocr_par' dir='ltr' id='par_1_92' title="bbox 2230 4524 3796 4597">
     <span class='ocr_line' id='line_1_92' title="bbox 2230 4524 3796 4597; baseline -0.004 -18"><span class='ocrx_word' id='word_1_720' title='bbox 2230 4543 2382 4581; x_wconf 89' lang='grc' dir='ltr'>σκειν</span> <span class='ocrx_word' id='word_1_721' title='bbox 2411 4528 2583 4580; x_wconf 87' lang='grc' dir='ltr'>κακά·</span> <span class='ocrx_word' id='word_1_722' title='bbox 2643 4528 2736 4580; x_wconf 68' lang='grc' dir='ltr'>καὶ</span> <span class='ocrx_word' id='word_1_723' title='bbox 2767 4526 2941 4596; x_wconf 88' lang='grc' dir='ltr'>λύπην</span> <span class='ocrx_word' id='word_1_724' title='bbox 2996 4524 3328 4597; x_wconf 77' lang='grc' dir='ltr'>κατεκρίθην</span> <span class='ocrx_word' id='word_1_725' title='bbox 3371 4527 3648 4578; x_wconf 80' lang='grc' dir='ltr'>ἄπαυστον</span> <span class='ocrx_word' id='word_1_726' title='bbox 3693 4526 3796 4576; x_wconf 70' lang='grc' dir='ltr'>ἀντὶ</span> 
     </span>
    </p>
   </div>
   <div class='ocr_carea' id='block_1_93' title="bbox 2226 4617 3796 4693">
    <p class='ocr_par' dir='ltr' id='par_1_93' title="bbox 2226 4617 3796 4693">
     <span class='ocr_line' id='line_1_93' title="bbox 2226 4617 3796 4693; baseline -0.001 -23"><span class='ocrx_word' id='word_1_727' title='bbox 2226 4619 2326 4691; x_wconf 75' lang='grc' dir='ltr'>τῆς</span> <span class='ocrx_word' id='word_1_728' title='bbox 2357 4624 2556 4693; x_wconf 80' lang='grc' dir='ltr'>μικρᾶς</span> <span class='ocrx_word' id='word_1_729' title='bbox 2580 4621 2689 4689; x_wconf 78' lang='grc'><strong>(51)</strong></span> <span class='ocrx_word' id='word_1_730' title='bbox 2724 4620 2935 4690; x_wconf 75' lang='grc' dir='ltr'>ἡδονῆς,</span> <span class='ocrx_word' id='word_1_731' title='bbox 2972 4619 3066 4672; x_wconf 65' lang='grc' dir='ltr'>καὶ</span> <span class='ocrx_word' id='word_1_732' title='bbox 3093 4617 3325 4689; x_wconf 86' lang='grc' dir='ltr'>πόλεμον</span> <span class='ocrx_word' id='word_1_733' title='bbox 3366 4620 3503 4690; x_wconf 81' lang='grc' dir='ltr'>πρὸς</span> <span class='ocrx_word' id='word_1_734' title='bbox 3527 4621 3624 4671; x_wconf 71' lang='grc' dir='ltr'>τὸν</span> <span class='ocrx_word' id='word_1_735' title='bbox 3650 4619 3796 4686; x_wconf 55' lang='lat' dir='ltr'><strong>stim-</strong></span> 
     </span>
    </p>
   </div>
   <div class='ocr_carea' id='block_1_94' title="bbox 2227 4708 3796 4781">
    <p class='ocr_par' dir='ltr' id='par_1_94' title="bbox 2227 4708 3796 4781">
     <span class='ocr_line' id='line_1_94' title="bbox 2227 4708 3796 4781; baseline -0.005 -16"><span class='ocrx_word' id='word_1_736' title='bbox 2227 4711 2388 4766; x_wconf 83' lang='grc' dir='ltr'>θέντα</span> <span class='ocrx_word' id='word_1_737' title='bbox 2437 4712 2638 4776; x_wconf 86' lang='grc' dir='ltr'>κακῶς,</span> <span class='ocrx_word' id='word_1_738' title='bbox 2698 4714 2791 4766; x_wconf 70' lang='grc' dir='ltr'>καὶ</span> <span class='ocrx_word' id='word_1_739' title='bbox 2840 4712 2929 4765; x_wconf 86' lang='grc' dir='ltr'><strong>διά</strong></span> <span class='ocrx_word' id='word_1_740' title='bbox 2955 4711 3055 4781; x_wconf 78' lang='grc' dir='ltr'>τῆς</span> <span class='ocrx_word' id='word_1_741' title='bbox 3102 4708 3340 4778; x_wconf 82' lang='grc' dir='ltr'>γεύσεως</span> <span class='ocrx_word' id='word_1_742' title='bbox 3393 4712 3796 4764; x_wconf 75' lang='grc' dir='ltr'>ὑποσπάσαντα.</span> 
     </span>
    </p>
   </div>
   <div class='ocr_carea' id='block_1_95' title="bbox 557 4795 2119 4876">
    <p class='ocr_par' dir='ltr' id='par_1_95' title="bbox 557 4798 2119 4874">
     <span class='ocr_line' id='line_1_95' title="bbox 557 4798 2119 4874; baseline -0.003 -18"><span class='ocrx_word' id='word_1_743' title='bbox 557 4819 662 4874; x_wconf 86' lang='lat' dir='ltr'><strong>que</strong></span> <span class='ocrx_word' id='word_1_744' title='bbox 713 4819 925 4874; x_wconf 70' lang='lat' dir='ltr'><strong>pmnam</strong></span> <span class='ocrx_word' id='word_1_745' title='bbox 971 4802 1178 4871; x_wconf 86' lang='lat' dir='ltr'><strong>pendo,</strong></span> <span class='ocrx_word' id='word_1_746' title='bbox 1213 4809 1269 4853; x_wconf 95' lang='lat' dir='ltr'><strong>ut</strong></span> <span class='ocrx_word' id='word_1_747' title='bbox 1317 4799 1448 4854; x_wconf 89' lang='lat' dir='ltr'><strong>mihi</strong></span> <span class='ocrx_word' id='word_1_748' title='bbox 1491 4815 1615 4854; x_wconf 88' lang='lat' dir='ltr'><strong>cum</strong></span> <span class='ocrx_word' id='word_1_749' title='bbox 1645 4813 1740 4864; x_wconf 88' lang='lat' dir='ltr'><strong>eo,</strong></span> <span class='ocrx_word' id='word_1_750' title='bbox 1771 4799 1861 4868; x_wconf 90' lang='lat' dir='ltr'><strong>qui</strong></span> <span class='ocrx_word' id='word_1_751' title='bbox 1894 4798 2032 4853; x_wconf 90' lang='lat' dir='ltr'><strong>male</strong></span> <span class='ocrx_word' id='word_1_752' title='bbox 2068 4799 2119 4851; x_wconf 92' lang='lat' dir='ltr'><strong>in</strong></span> 
     </span>
    </p>
   </div>
   <div class='ocr_carea' id='block_1_96' title="bbox 2224 4795 3795 4876">
    <p class='ocr_par' dir='ltr' id='par_1_96' title="bbox 2226 4801 3795 4876">
     <span class='ocr_line' id='line_1_96' title="bbox 2226 4801 3795 4876; baseline -0.004 -21"><span class='ocrx_word' id='word_1_753' title='bbox 2226 4802 2413 4858; x_wconf 79' lang='grc' dir='ltr'>Ταῦτα</span> <span class='ocrx_word' id='word_1_754' title='bbox 2471 4805 2571 4876; x_wconf 85' lang='grc' dir='ltr'>τῆς</span> <span class='ocrx_word' id='word_1_755' title='bbox 2605 4803 2799 4868; x_wconf 80' lang='grc' dir='ltr'>κακίας</span> <span class='ocrx_word' id='word_1_756' title='bbox 2846 4803 2968 4874; x_wconf 79' lang='grc' dir='ltr'>ἐμοὶ</span> <span class='ocrx_word' id='word_1_757' title='bbox 3023 4803 3091 4855; x_wconf 78' lang='grc' dir='ltr'><strong>τὰ</strong></span> <span class='ocrx_word' id='word_1_758' title='bbox 3128 4801 3379 4874; x_wconf 76' lang='grc' dir='ltr'>ἐπίχειρα</span> <span class='ocrx_word' id='word_1_759' title='bbox 3403 4819 3416 4832; x_wconf 76' lang='grc' dir='ltr'><strong><em>ο</em></strong></span> <span class='ocrx_word' id='word_1_760' title='bbox 3457 4801 3708 4855; x_wconf 75' lang='grc' dir='ltr'>ἐντεῦθεν</span> <span class='ocrx_word' id='word_1_761' title='bbox 3747 4801 3795 4849; x_wconf 62' lang='grc' dir='ltr'>τὸ</span> 
     </span>
    </p>
   </div>
   <div class='ocr_carea' id='block_1_97' title="bbox 631 4939 1704 5008">
    <p class='ocr_par' dir='ltr' id='par_1_97' title="bbox 631 4939 1704 5008">
     <span class='ocr_line' id='line_1_97' title="bbox 631 4939 1704 5008; baseline -0.005 -13"><span class='ocrx_word' id='word_1_762' title='bbox 631 4943 675 4974; x_wconf 86' lang='grc'><strong>¹³</strong></span> <span class='ocrx_word' id='word_1_763' title='bbox 705 4941 892 4995; x_wconf 84' lang='lat' dir='ltr'><strong>Matth.</strong></span> <span class='ocrx_word' id='word_1_764' title='bbox 931 4957 1063 4998; x_wconf 58' lang='grc' dir='ltr'>χιιι.</span> <span class='ocrx_word' id='word_1_765' title='bbox 1091 4939 1184 4997; x_wconf 74' lang='lat'><strong>9.6.</strong></span> <span class='ocrx_word' id='word_1_766' title='bbox 1231 4940 1273 4970; x_wconf 80' lang='lat'>“</span> <span class='ocrx_word' id='word_1_767' title='bbox 1307 4939 1533 5008; x_wconf 87' lang='lat' dir='ltr'><strong>Philipp.</strong></span> <span class='ocrx_word' id='word_1_768' title='bbox 1565 4955 1626 5004; x_wconf 93' lang='grc' dir='ltr'><strong>ιι,</strong></span> <span class='ocrx_word' id='word_1_769' title='bbox 1651 4939 1704 4991; x_wconf 88' lang='lat'><strong>7.</strong></span> 
     </span>
    </p>
   </div>
   <div class='ocr_carea' id='block_1_98' title="bbox 626 5074 2111 5154">
    <p class='ocr_par' dir='ltr' id='par_1_98' title="bbox 626 5074 2111 5154">
     <span class='ocr_line' id='line_1_98' title="bbox 626 5074 2111 5154; baseline -0.015 -16"><span class='ocrx_word' id='word_1_770' title='bbox 626 5077 1163 5154; x_wconf 48' lang='grc' dir='ltr'>(ἓὸλιζαταιδέοξειε.</span> <span class='ocrx_word' id='word_1_771' title='bbox 1190 5075 1560 5154; x_wconf 20' lang='lat' dir='ltr'><strong>i&#39;lureshltegg.</strong></span> <span class='ocrx_word' id='word_1_772' title='bbox 1591 5085 1645 5131; x_wconf 84' lang='lat' dir='ltr'><strong>et</strong></span> <span class='ocrx_word' id='word_1_773' title='bbox 1669 5074 1830 5129; x_wconf 64' lang='lat' dir='ltr'><strong>Cousl,</strong></span> <span class='ocrx_word' id='word_1_774' title='bbox 1850 5075 1901 5138; x_wconf 63' lang='grc'><strong>1,</strong></span> <span class='ocrx_word' id='word_1_775' title='bbox 1921 5091 2111 5127; x_wconf 75' lang='grc' dir='ltr'>κειται..</span> 
     </span>
    </p>
   </div>
   <div class='ocr_carea' id='block_1_99' title="bbox 552 5146 1666 5225">
    <p class='ocr_par' dir='ltr' id='par_1_99' title="bbox 552 5146 1666 5225">
     <span class='ocr_line' id='line_1_99' title="bbox 552 5146 1666 5225; baseline -0.013 -17"><span class='ocrx_word' id='word_1_776' title='bbox 552 5146 959 5225; x_wconf 22' lang='grc' dir='ltr'>δέαῃελῬίιινιιιῇ</span> <span class='ocrx_word' id='word_1_777' title='bbox 973 5149 1153 5225; x_wconf 54' lang='lat' dir='ltr'><strong>Culln,</strong></span> <span class='ocrx_word' id='word_1_778' title='bbox 1178 5146 1522 5225; x_wconf 46' lang='lat' dir='ltr'><strong>xgtatsﬁsg.‘</strong></span> <span class='ocrx_word' id='word_1_779' title='bbox 1661 5155 1666 5159; x_wconf 83' lang='lat'>‘</span> 
     </span>
    </p>
   </div>
   <div class='ocr_carea' id='block_1_100' title="bbox 625 5209 2110 5293">
    <p class='ocr_par' dir='ltr' id='par_1_100' title="bbox 625 5209 2110 5293">
     <span class='ocr_line' id='line_1_100' title="bbox 625 5209 2110 5293; baseline -0.008 -16"><span class='ocrx_word' id='word_1_780' title='bbox 625 5209 734 5293; x_wconf 54' lang='lat'><strong>(£6)</strong></span> <span class='ocrx_word' id='word_1_781' title='bbox 787 5209 1158 5283; x_wconf 79' lang='grc' dir='ltr'>Ἀνεδέξατο.</span> <span class='ocrx_word' id='word_1_782' title='bbox 1205 5209 1655 5286; x_wconf 60' lang='grc' dir='ltr'>ΩιιλίιιὸτἹὶθςς.</span> <span class='ocrx_word' id='word_1_783' title='bbox 1688 5223 1740 5269; x_wconf 91' lang='lat' dir='ltr'><strong>et</strong></span> <span class='ocrx_word' id='word_1_784' title='bbox 1779 5213 1872 5268; x_wconf 90' lang='lat' dir='ltr'><strong>0r.</strong></span> <span class='ocrx_word' id='word_1_785' title='bbox 1925 5213 1976 5276; x_wconf 83' lang='lat' dir='ltr'><strong>l,</strong></span> <span class='ocrx_word' id='word_1_786' title='bbox 2016 5211 2110 5266; x_wconf 82' lang='grc' dir='ltr'>ἀν-</span> 
     </span>
    </p>
   </div>
   <div class='ocr_carea' id='block_1_101' title="bbox 552 5293 734 5348">
    <p class='ocr_par' dir='ltr' id='par_1_101' title="bbox 552 5293 734 5348">
     <span class='ocr_line' id='line_1_101' title="bbox 552 5293 734 5348; baseline -0.027 0"><span class='ocrx_word' id='word_1_787' title='bbox 552 5293 734 5348; x_wconf 75' lang='grc' dir='ltr'>έλαὸε.</span> 
     </span>
    </p>
   </div>
   <div class='ocr_carea' id='block_1_102' title="bbox 623 5351 2113 5432">
    <p class='ocr_par' dir='ltr' id='par_1_102' title="bbox 623 5351 2113 5432">
     <span class='ocr_line' id='line_1_102' title="bbox 623 5351 2113 5432; baseline -0.01 -15"><span class='ocrx_word' id='word_1_788' title='bbox 623 5360 734 5432; x_wconf 72' lang='lat'><strong>(‘27)</strong></span> <span class='ocrx_word' id='word_1_789' title='bbox 768 5357 1200 5432; x_wconf 70' lang='grc' dir='ltr'><strong>Εισήνεγκενη.</strong></span> <span class='ocrx_word' id='word_1_790' title='bbox 1227 5356 1292 5409; x_wconf 80' lang='grc' dir='ltr'>τὸ</span> <span class='ocrx_word' id='word_1_791' title='bbox 1316 5356 1612 5432; x_wconf 62' lang='grc' dir='ltr'>(ξμότιμον,</span> <span class='ocrx_word' id='word_1_792' title='bbox 1634 5352 1795 5432; x_wconf 69' lang='lat' dir='ltr'><strong>Cnisl.</strong></span> <span class='ocrx_word' id='word_1_793' title='bbox 1829 5351 1970 5432; x_wconf 36' lang='grc' dir='ltr'>δὲτὸ</span> <span class='ocrx_word' id='word_1_794' title='bbox 1991 5351 2113 5432; x_wconf 63' lang='grc' dir='ltr'>ὀμότ</span> 
     </span>
    </p>
   </div>
   <div class='ocr_carea' id='block_1_103' title="bbox 549 5422 2108 5496">
    <p class='ocr_par' dir='ltr' id='par_1_103' title="bbox 549 5422 2108 5496">
     <span class='ocr_line' id='line_1_103' title="bbox 549 5422 2108 5496; baseline -0.008 -10"><span class='ocrx_word' id='word_1_795' title='bbox 549 5422 755 5496; x_wconf 81' lang='grc' dir='ltr'>δουλον,</span> <span class='ocrx_word' id='word_1_796' title='bbox 805 5449 823 5480; x_wconf 82' lang='grc' dir='ltr'><strong>ι</strong></span> <span class='ocrx_word' id='word_1_797' title='bbox 853 5422 1123 5483; x_wconf 68' lang='lat' dir='ltr'><strong>servitutis</strong></span> <span class='ocrx_word' id='word_1_798' title='bbox 1177 5422 1558 5496; x_wconf 73' lang='lat' dir='ltr'><strong>:cqttalitalem._</strong></span> <span class='ocrx_word' id='word_1_799' title='bbox 1608 5442 1626 5474; x_wconf 77' lang='grc' dir='ltr'><strong>ι</strong></span> <span class='ocrx_word' id='word_1_800' title='bbox 1687 5423 1808 5496; x_wconf 61' lang='lat' dir='ltr'><strong>llaec</strong></span> <span class='ocrx_word' id='word_1_801' title='bbox 1863 5422 2108 5496; x_wconf 63' lang='lat' dir='ltr'><strong>Gregorii</strong></span> 
     </span>
    </p>
   </div>
   <div class='ocr_carea' id='block_1_104' title="bbox 552 5491 2111 5565">
    <p class='ocr_par' dir='ltr' id='par_1_104' title="bbox 552 5491 2111 5565">
     <span class='ocr_line' id='line_1_104' title="bbox 552 5491 2111 5565; baseline -0.007 -11"><span class='ocrx_word' id='word_1_802' title='bbox 552 5504 712 5556; x_wconf 86' lang='lat' dir='ltr'><strong>verba</strong></span> <span class='ocrx_word' id='word_1_803' title='bbox 743 5491 872 5554; x_wconf 44' lang='lat' dir='ltr'><strong>&#39;nou</strong></span> <span class='ocrx_word' id='word_1_804' title='bbox 917 5499 1054 5552; x_wconf 87' lang='lat' dir='ltr'><strong>male</strong></span> <span class='ocrx_word' id='word_1_805' title='bbox 1088 5491 1472 5565; x_wconf 76' lang='lat' dir='ltr'><strong>interpretatur</strong></span> <span class='ocrx_word' id='word_1_806' title='bbox 1502 5492 1713 5548; x_wconf 77' lang='lat' dir='ltr'><strong>Nicetas</strong></span> <span class='ocrx_word' id='word_1_807' title='bbox 1752 5495 1818 5545; x_wconf 86' lang='lat' dir='ltr'><strong>tle</strong></span> <span class='ocrx_word' id='word_1_808' title='bbox 1862 5491 2111 5544; x_wconf 89' lang='lat' dir='ltr'><strong>humanis</strong></span> 
     </span>
    </p>
   </div>
   <div class='ocr_carea' id='block_1_105' title="bbox 553 5564 2110 5636">
    <p class='ocr_par' dir='ltr' id='par_1_105' title="bbox 553 5564 2110 5636">
     <span class='ocr_line' id='line_1_105' title="bbox 553 5564 2110 5636; baseline -0.007 -11"><span class='ocrx_word' id='word_1_809' title='bbox 553 5570 855 5636; x_wconf 67' lang='lat' dir='ltr'><strong>aﬂ‘ectibus,</strong></span> <span class='ocrx_word' id='word_1_810' title='bbox 895 5583 1028 5636; x_wconf 84' lang='lat' dir='ltr'><strong>quos</strong></span> <span class='ocrx_word' id='word_1_811' title='bbox 1059 5564 1242 5622; x_wconf 87' lang='lat' dir='ltr'><strong>induit</strong></span> <span class='ocrx_word' id='word_1_812' title='bbox 1271 5564 1541 5636; x_wconf 88' lang='lat' dir='ltr'><strong>Christus,</strong></span> <span class='ocrx_word' id='word_1_813' title='bbox 1574 5573 1807 5616; x_wconf 87' lang='lat' dir='ltr'><strong>nostram</strong></span> <span class='ocrx_word' id='word_1_814' title='bbox 1831 5574 2110 5614; x_wconf 78' lang='lat' dir='ltr'><strong>assumens</strong></span> 
     </span>
    </p>
   </div>
   <div class='ocr_carea' id='block_1_106' title="bbox 554 5635 2107 5705">
    <p class='ocr_par' dir='ltr' id='par_1_106' title="bbox 554 5635 2107 5705">
     <span class='ocr_line' id='line_1_106' title="bbox 554 5635 2107 5705; baseline -0.008 -12"><span class='ocrx_word' id='word_1_815' title='bbox 554 5649 826 5700; x_wconf 86' lang='lat' dir='ltr'><strong>naturam.</strong></span> <span class='ocrx_word' id='word_1_816' title='bbox 877 5635 1137 5705; x_wconf 72' lang='lat' dir='ltr'><strong>nobisque</strong></span> <span class='ocrx_word' id='word_1_817' title='bbox 1185 5651 1278 5700; x_wconf 87' lang='lat' dir='ltr'><strong>per</strong></span> <span class='ocrx_word' id='word_1_818' title='bbox 1316 5635 1515 5695; x_wconf 84' lang='lat' dir='ltr'><strong>omnia,</strong></span> <span class='ocrx_word' id='word_1_819' title='bbox 1562 5642 1757 5705; x_wconf 48' lang='lat' dir='ltr'><strong>praeter</strong></span> <span class='ocrx_word' id='word_1_820' title='bbox 1807 5638 2107 5697; x_wconf 83' lang='lat' dir='ltr'><strong>peccatum,</strong></span> 
     </span>
    </p>
   </div>
   <div class='ocr_carea' id='block_1_107' title="bbox 551 5700 2110 5774">
    <p class='ocr_par' dir='ltr' id='par_1_107' title="bbox 551 5700 2110 5774">
     <span class='ocr_line' id='line_1_107' title="bbox 551 5700 2110 5774; baseline -0.012 -7"><span class='ocrx_word' id='word_1_821' title='bbox 551 5708 725 5767; x_wconf 74' lang='lat' dir='ltr'><strong>factus</strong></span> <span class='ocrx_word' id='word_1_822' title='bbox 739 5707 928 5764; x_wconf 88' lang='lat' dir='ltr'><strong>similis</strong></span> <span class='ocrx_word' id='word_1_823' title='bbox 961 5700 1094 5761; x_wconf 72' lang='grc' dir='ltr'>ιΔιά</span> <span class='ocrx_word' id='word_1_824' title='bbox 1122 5706 1278 5762; x_wconf 83' lang='grc' dir='ltr'>τοῦτο</span> <span class='ocrx_word' id='word_1_825' title='bbox 1300 5704 1520 5774; x_wconf 71' lang='grc' dir='ltr'>γέγονεν</span> <span class='ocrx_word' id='word_1_826' title='bbox 1558 5700 1857 5773; x_wconf 77' lang='grc' dir='ltr'>ἄνθρωπος,</span> <span class='ocrx_word' id='word_1_827' title='bbox 1891 5715 2110 5769; x_wconf 87' lang='grc' dir='ltr'>συμπα-</span> 
     </span>
    </p>
   </div>
   <div class='ocr_carea' id='block_1_108' title="bbox 1786 4937 2200 5003">
    <p class='ocr_par' dir='ltr' id='par_1_108' title="bbox 1786 4937 2200 5003">
     <span class='ocr_line' id='line_1_108' title="bbox 1786 4937 2200 5003; baseline 0.005 -13"><span class='ocrx_word' id='word_1_828' title='bbox 1786 4937 1827 4968; x_wconf 81' lang='grc'><strong>¹³</strong></span> <span class='ocrx_word' id='word_1_829' title='bbox 1861 4937 1962 4991; x_wconf 88' lang='lat' dir='ltr'><strong>lsa.</strong></span> <span class='ocrx_word' id='word_1_830' title='bbox 2002 4953 2116 5003; x_wconf 87' lang='lat' dir='ltr'><strong>thl,</strong></span> <span class='ocrx_word' id='word_1_831' title='bbox 2148 4939 2200 4992; x_wconf 86' lang='lat'><strong>5.</strong></span> 
     </span>
    </p>
   </div>
   <div class='ocr_carea' id='block_1_109' title="bbox 2287 4939 3796 5007">
    <p class='ocr_par' dir='ltr' id='par_1_109' title="bbox 2287 4939 3796 5007">
     <span class='ocr_line' id='line_1_109' title="bbox 2287 4939 3796 5007; baseline -0.005 -12"><span class='ocrx_word' id='word_1_832' title='bbox 2287 4942 2329 4972; x_wconf 80' lang='lat'>&quot;</span> <span class='ocrx_word' id='word_1_833' title='bbox 2360 4941 2491 4996; x_wconf 88' lang='lat' dir='ltr'><strong>Luc.</strong></span> <span class='ocrx_word' id='word_1_834' title='bbox 2524 4957 2600 5007; x_wconf 89' lang='lat' dir='ltr'><strong>vt,</strong></span> <span class='ocrx_word' id='word_1_835' title='bbox 2634 4941 2724 4996; x_wconf 78' lang='lat'><strong>58.</strong></span> <span class='ocrx_word' id='word_1_836' title='bbox 2783 4939 2825 4972; x_wconf 83' lang='lat'>&quot;</span> <span class='ocrx_word' id='word_1_837' title='bbox 2853 4940 3042 4996; x_wconf 78' lang='lat' dir='ltr'><strong>Matth.</strong></span> <span class='ocrx_word' id='word_1_838' title='bbox 3069 4955 3192 5004; x_wconf 77' lang='lat' dir='ltr'><strong>xm,</strong></span> <span class='ocrx_word' id='word_1_839' title='bbox 3227 4940 3318 4994; x_wconf 78' lang='lat'><strong>9.5.</strong></span> <span class='ocrx_word' id='word_1_840' title='bbox 3377 4940 3422 4970; x_wconf 82' lang='lat'>&quot;</span> <span class='ocrx_word' id='word_1_841' title='bbox 3449 4939 3591 4993; x_wconf 82' lang='lat' dir='ltr'><strong>Gen.</strong></span> <span class='ocrx_word' id='word_1_842' title='bbox 3621 4955 3701 4999; x_wconf 91' lang='grc' dir='ltr'>ιιι,</span> <span class='ocrx_word' id='word_1_843' title='bbox 3727 4939 3796 4989; x_wconf 80' lang='grc' dir='ltr'><strong>Ι’¹.</strong></span> 
     </span>
    </p>
   </div>
   <div class='ocr_carea' id='block_1_110' title="bbox 2218 5074 3796 5149">
    <p class='ocr_par' dir='ltr' id='par_1_110' title="bbox 2218 5074 3796 5149">
     <span class='ocr_line' id='line_1_110' title="bbox 2218 5074 3796 5149; baseline -0.003 -17"><span class='ocrx_word' id='word_1_844' title='bbox 2218 5079 2392 5149; x_wconf 82' lang='grc' dir='ltr'>θήσας</span> <span class='ocrx_word' id='word_1_845' title='bbox 2420 5076 2574 5146; x_wconf 83' lang='grc' dir='ltr'>ἡμῖν,</span> <span class='ocrx_word' id='word_1_846' title='bbox 2612 5074 2707 5149; x_wconf 72' lang='grc' dir='ltr'>καὶ</span> <span class='ocrx_word' id='word_1_847' title='bbox 2741 5074 2999 5149; x_wconf 70' lang='grc' dir='ltr'>όμότιμος</span> <span class='ocrx_word' id='word_1_848' title='bbox 3025 5075 3335 5149; x_wconf 65' lang='grc' dir='ltr'>γενόμενος,</span> <span class='ocrx_word' id='word_1_849' title='bbox 3371 5075 3458 5128; x_wconf 82' lang='grc' dir='ltr'>ἵνα</span> <span class='ocrx_word' id='word_1_850' title='bbox 3482 5077 3666 5131; x_wconf 86' lang='grc' dir='ltr'>ταῦτα</span> <span class='ocrx_word' id='word_1_851' title='bbox 3692 5077 3796 5148; x_wconf 47' lang='grc' dir='ltr'><strong>ἦρτο</strong></span> 
     </span>
    </p>
   </div>
   <div class='ocr_carea' id='block_1_111' title="bbox 2215 5143 3796 5218">
    <p class='ocr_par' dir='ltr' id='par_1_111' title="bbox 2215 5143 3796 5218">
     <span class='ocr_line' id='line_1_111' title="bbox 2215 5143 3796 5218; baseline -0.006 -16"><span class='ocrx_word' id='word_1_852' title='bbox 2215 5143 2526 5218; x_wconf 73' lang='grc' dir='ltr'>ωπούμενοι</span> <span class='ocrx_word' id='word_1_853' title='bbox 2577 5143 3173 5218; x_wconf 57' lang='grc' dir='ltr'>ιριλανθρωπευώμεθαδ</span> <span class='ocrx_word' id='word_1_854' title='bbox 3223 5163 3240 5193; x_wconf 81' lang='grc' dir='ltr'><strong>ι</strong></span> <span class='ocrx_word' id='word_1_855' title='bbox 3279 5143 3584 5218; x_wconf 83' lang='lat' dir='ltr'><strong>Propterea</strong></span> <span class='ocrx_word' id='word_1_856' title='bbox 3646 5143 3796 5218; x_wconf 49' lang='lat' dir='ltr'><strong>facit};</strong></span> 
     </span>
    </p>
   </div>
   <div class='ocr_carea' id='block_1_112' title="bbox 2219 5214 3795 5290">
    <p class='ocr_par' dir='ltr' id='par_1_112' title="bbox 2219 5214 3795 5290">
     <span class='ocr_line' id='line_1_112' title="bbox 2219 5214 3795 5290; baseline -0.008 -17"><span class='ocrx_word' id='word_1_857' title='bbox 2219 5228 2306 5290; x_wconf 82' lang='lat' dir='ltr'><strong>est</strong></span> <span class='ocrx_word' id='word_1_858' title='bbox 2329 5214 3022 5290; x_wconf 62' lang='lat' dir='ltr'><strong>homo,_ali&#39;e_ctus&#39;nostros</strong></span> <span class='ocrx_word' id='word_1_859' title='bbox 3057 5215 3110 5268; x_wconf 90' lang='lat' dir='ltr'><strong>in</strong></span> <span class='ocrx_word' id='word_1_860' title='bbox 3150 5228 3208 5267; x_wconf 87' lang='lat' dir='ltr'><strong>se</strong></span> <span class='ocrx_word' id='word_1_861' title='bbox 3241 5217 3540 5290; x_wconf 67' lang='lat' dir='ltr'><strong>recipiens,</strong></span> <span class='ocrx_word' id='word_1_862' title='bbox 3593 5216 3795 5290; x_wconf 69' lang='lat' dir='ltr'><strong>perinde</strong></span> 
     </span>
    </p>
   </div>
   <div class='ocr_carea' id='block_1_113' title="bbox 2211 5284 3796 5354">
    <p class='ocr_par' dir='ltr' id='par_1_113' title="bbox 2211 5284 3796 5354">
     <span class='ocr_line' id='line_1_113' title="bbox 2211 5284 3796 5354; baseline -0.004 -11"><span class='ocrx_word' id='word_1_863' title='bbox 2211 5284 2288 5351; x_wconf 57' lang='lat' dir='ltr'><strong>:ac</strong></span> <span class='ocrx_word' id='word_1_864' title='bbox 2312 5303 2409 5341; x_wconf 91' lang='lat' dir='ltr'><strong>nos</strong></span> <span class='ocrx_word' id='word_1_865' title='bbox 2433 5284 2589 5338; x_wconf 80' lang='lat' dir='ltr'><strong>malis</strong></span> <span class='ocrx_word' id='word_1_866' title='bbox 2618 5284 2902 5350; x_wconf 84' lang='lat' dir='ltr'><strong>obnoxius,</strong></span> <span class='ocrx_word' id='word_1_867' title='bbox 2936 5294 2993 5338; x_wconf 93' lang='lat' dir='ltr'><strong>ut</strong></span> <span class='ocrx_word' id='word_1_868' title='bbox 3023 5299 3122 5338; x_wconf 90' lang='lat' dir='ltr'><strong>nos</strong></span> <span class='ocrx_word' id='word_1_869' title='bbox 3151 5284 3354 5353; x_wconf 85' lang='lat' dir='ltr'><strong>pudore</strong></span> <span class='ocrx_word' id='word_1_870' title='bbox 3383 5285 3604 5354; x_wconf 74' lang='lat' dir='ltr'><strong>perfusi</strong></span> <span class='ocrx_word' id='word_1_871' title='bbox 3631 5289 3796 5340; x_wconf 75' lang='lat' dir='ltr'><strong>bunu-</strong></span> 
     </span>
    </p>
   </div>
   <div class='ocr_carea' id='block_1_114' title="bbox 2215 5369 2736 5412">
    <p class='ocr_par' dir='ltr' id='par_1_114' title="bbox 2215 5369 2736 5412">
     <span class='ocr_line' id='line_1_114' title="bbox 2215 5369 2736 5412; baseline -0.01 -2"><span class='ocrx_word' id='word_1_872' title='bbox 2215 5372 2404 5412; x_wconf 77' lang='lat' dir='ltr'><strong>meres</strong></span> <span class='ocrx_word' id='word_1_873' title='bbox 2425 5369 2686 5408; x_wconf 83' lang='lat' dir='ltr'><strong>essemus.</strong></span> <span class='ocrx_word' id='word_1_874' title='bbox 2717 5371 2736 5405; x_wconf 72' lang='grc' dir='ltr'><strong>ι</strong></span> 
     </span>
    </p>
   </div>
   <div class='ocr_carea' id='block_1_115' title="bbox 2301 5422 3168 5494">
    <p class='ocr_par' dir='ltr' id='par_1_115' title="bbox 2301 5422 3168 5494">
     <span class='ocr_line' id='line_1_115' title="bbox 2301 5422 3168 5494; baseline -0.005 -14"><span class='ocrx_word' id='word_1_875' title='bbox 2301 5427 2413 5494; x_wconf 68' lang='lat'><strong>(28)</strong></span> <span class='ocrx_word' id='word_1_876' title='bbox 2449 5423 2576 5494; x_wconf 81' lang='grc' dir='ltr'>Τοῖς</span> <span class='ocrx_word' id='word_1_877' title='bbox 2596 5423 2704 5494; x_wconf 19' lang='grc' dir='ltr'><strong>Ῠδέ.</strong></span> <span class='ocrx_word' id='word_1_878' title='bbox 2739 5423 2832 5494; x_wconf 89' lang='lat' dir='ltr'><strong>Or.</strong></span> <span class='ocrx_word' id='word_1_879' title='bbox 2863 5423 2915 5494; x_wconf 64' lang='lat' dir='ltr'><strong>l,</strong></span> <span class='ocrx_word' id='word_1_880' title='bbox 2939 5423 3066 5486; x_wconf 78' lang='grc' dir='ltr'>τοὺς</span> <span class='ocrx_word' id='word_1_881' title='bbox 3091 5422 3168 5476; x_wconf 79' lang='grc' dir='ltr'>δέ.</span> 
     </span>
    </p>
   </div>
   <div class='ocr_carea' id='block_1_116' title="bbox 2295 5492 3016 5563">
    <p class='ocr_par' dir='ltr' id='par_1_116' title="bbox 2295 5492 3016 5563">
     <span class='ocr_line' id='line_1_116' title="bbox 2295 5492 3016 5563; baseline -0.003 -15"><span class='ocrx_word' id='word_1_882' title='bbox 2295 5492 2405 5563; x_wconf 75' lang='grc'><strong>(29)</strong></span> <span class='ocrx_word' id='word_1_883' title='bbox 2433 5492 2548 5558; x_wconf 81' lang='grc' dir='ltr'><strong>Μή.</strong></span> <span class='ocrx_word' id='word_1_884' title='bbox 2591 5493 2751 5547; x_wconf 92' lang='lat' dir='ltr'><strong>Deest</strong></span> <span class='ocrx_word' id='word_1_885' title='bbox 2779 5493 2832 5546; x_wconf 92' lang='lat' dir='ltr'><strong>in</strong></span> <span class='ocrx_word' id='word_1_886' title='bbox 2862 5493 3016 5546; x_wconf 89' lang='lat' dir='ltr'><strong>Pass.</strong></span> 
     </span>
    </p>
   </div>
   <div class='ocr_carea' id='block_1_117' title="bbox 2295 5561 3303 5633">
    <p class='ocr_par' dir='ltr' id='par_1_117' title="bbox 2295 5561 3303 5633">
     <span class='ocr_line' id='line_1_117' title="bbox 2295 5561 3303 5633; baseline -0.006 -10"><span class='ocrx_word' id='word_1_887' title='bbox 2295 5561 2406 5633; x_wconf 80' lang='grc'><strong>(⁸50)</strong></span> <span class='ocrx_word' id='word_1_888' title='bbox 2447 5564 2752 5633; x_wconf 69' lang='grc' dir='ltr'>Διέπεᾳον.</span> <span class='ocrx_word' id='word_1_889' title='bbox 2787 5563 3001 5633; x_wconf 83' lang='lat' dir='ltr'><strong>Gomb.,</strong></span> <span class='ocrx_word' id='word_1_890' title='bbox 3031 5561 3303 5629; x_wconf 79' lang='grc' dir='ltr'>ἐξέπεσον.</span> 
     </span>
    </p>
   </div>
   <div class='ocr_carea' id='block_1_118' title="bbox 2296 5631 3596 5707">
    <p class='ocr_par' dir='ltr' id='par_1_118' title="bbox 2296 5631 3596 5707">
     <span class='ocr_line' id='line_1_118' title="bbox 2296 5631 3596 5707; baseline -0.002 -15"><span class='ocrx_word' id='word_1_891' title='bbox 2296 5631 2406 5707; x_wconf 77' lang='grc'><strong>(51)</strong></span> <span class='ocrx_word' id='word_1_892' title='bbox 2450 5631 2696 5703; x_wconf 81' lang='grc' dir='ltr'>Μικρᾶς.</span> <span class='ocrx_word' id='word_1_893' title='bbox 2731 5632 2879 5689; x_wconf 83' lang='lat' dir='ltr'><strong>Coll).</strong></span> <span class='ocrx_word' id='word_1_894' title='bbox 2912 5633 2964 5699; x_wconf 76' lang='lat' dir='ltr'><strong>l,</strong></span> <span class='ocrx_word' id='word_1_895' title='bbox 3000 5635 3222 5704; x_wconf 76' lang='grc' dir='ltr'>πικρᾶς,</span> <span class='ocrx_word' id='word_1_896' title='bbox 3265 5653 3282 5684; x_wconf 78' lang='grc' dir='ltr'><strong>ι</strong></span> <span class='ocrx_word' id='word_1_897' title='bbox 3313 5634 3548 5690; x_wconf 59' lang='lat' dir='ltr'><strong>acerba.</strong></span> <span class='ocrx_word' id='word_1_898' title='bbox 3575 5652 3596 5690; x_wconf 75' lang='grc' dir='ltr'><strong>ι</strong></span> 
     </span>
    </p>
   </div>
  </div>
