3852 6408
149 321 256 378 Ιθθί

643 312 900 370 ORATIO
935 310 1074 367 XIX.
1116 339 1186 350 —-
1223 309 1312 362 AD
1349 307 1693 364 JULIANUM
1734 306 2190 365 TRIBUTORUM
2231 307 2804 375 EXASQUATOREM.

3215 309 3235 362 l
3247 309 3352 365 062

142 429 404 506 γεννᾶσθαι
435 428 546 500 (52)
579 427 782 498 μόχθῳ,
816 426 908 481 καὶ
951 424 1070 496 ζῇν,
1108 423 1199 475 καὶ
1227 422 1472 474 λύεσθαι.
1538 418 1679 489 Αὕτη

1795 434 1968 473 meam
1999 419 2293 473 amicitiam
2329 419 2567 488 irrepsit,
2603 434 2667 473 ac
2697 434 2793 488 per
2816 418 3028 473 arboris
3056 429 3268 488 gustum
3298 422 3350 487 in

146 530 301 601 μήτηρ
331 522 538 594 χρείας,
570 523 604 592 ἡ
631 521 686 573 δὲ
715 517 1045 582 πλεονεξίας,
1073 519 1104 586 ἡ
1137 516 1193 568 δὲ
1226 513 1496 582 πολέμων,
1525 511 1683 601 πόλεξ

143 598 218 689 μοι
245 615 296 666 δὲ
323 612 497 684 φόρων
527 609 638 680 (55)
666 608 917 678 πατέρες,
951 608 998 659 οἱ
1027 606 1082 658 δὲ
1104 605 1202 673 τῆς
1229 601 1601 689 κατακρίσεως
1623 598 1685 651 τὸ

141 688 432 779 βαρύτατον.
478 701 614 754 Ἀλλ’
650 703 808 770 ἡμεῖς
844 715 908 764 γε
938 697 1012 767 μὴ
1052 696 1111 748 τὸ
1149 688 1447 762 πρόστιμον
1479 690 1682 742 ἐπιτείυ

137 815 311 869 νωμεν,
338 795 438 848 ὑπὸ
470 795 567 864 τὴν
597 792 762 862 αὐτὴν
785 789 1024 860 κείμενοι
1060 786 1372 855 καταδίκην,
1415 783 1545 854 μηδὲ
1585 782 1681 836 ἆλ-

136 893 229 952 λοις
252 888 406 939 κακοὶ
455 883 756 953 γενώμεθα.
805 879 1214 956 Φιλανθρωπίαν
1261 878 1410 946 ἡμᾶς
1461 874 1558 944 τὴν
1599 877 1682 936 είς

136 978 372 1046 ἀλλήλους
418 975 636 1027 ἀπαιτεῖ
693 961 842 1032 Θεὸς,
881 959 1035 1022 ’κᾶν
1065 967 1154 1019 ὑπ’
1207 964 1373 1018 αὑτοῦ
1435 961 1677 1025 κολαζώ-

136 1071 274 1142 μεθα.

1791 510 2032 564 fraudem
2088 525 2177 564 me
2228 511 2468 573 induxit,
2527 512 2720 563 bellum
2765 525 2952 579 gerere
2993 511 3064 564 sit
3111 525 3351 566 necesse.

1789 600 1902 653 Hoc
1948 599 2081 654 mihi
2129 601 2331 668 peccati
2387 603 2689 670 prtemium.
2736 600 2872 654 lline
2903 601 3101 656 factum
3131 611 3246 668 est,
3296 612 3357 657 ut

1790 691 1840 743 in
1876 690 2062 744 labore
2089 701 2142 743 et
2175 707 2410 745 aerumna
2445 707 2659 756 nascar,
2689 701 2744 744 et
2767 693 2979 757 vivam,
3023 709 3088 747 ac
3131 696 3350 749 moriar.

1791 780 1925 834 l‘linc
1957 782 2249 850 indigentia
2285 790 2407 834 nata
2443 791 2560 848 est;
2597 798 2662 836 ex
2715 783 3004 851 indigentia
3049 786 3350 854 cupiditas,

1785 885 1850 922 ex
1880 870 2174 938 cupiditate
2210 869 2346 923 bella
2369 909 2383 932 ,
2414 885 2477 923 ex
2505 861 2660 924 bellis
2705 886 2865 939 porro
2896 873 3090 926 tributa
3112 913 3125 934 ,
3158 874 3353 942 quibus

1785 962 1838 1015 in
1875 963 2051 1015 divina
2100 963 2547 1016 condemnationc
2588 963 2718 1016 nihil
2753 965 2970 1033 gravius
3004 974 3084 1017 est
3114 974 3167 1017 et
3197 981 3352 1018 acer-

1785 1051 1924 1106 bius.
1961 1052 2030 1104 At
2060 1067 2158 1106 nos
2185 1051 2376 1106 saltem
2403 1092 2419 1118 ,
2470 1068 2541 1106 ne
2587 1052 2807 1104 multam
2853 1069 3146 1122 augeamus
3169 1095 3182 1117 ,
3230 1070 3352 1107 cum

132 1165 280 1217 eidem
313 1173 484 1227 pinna:
532 1154 748 1210 obnoxii
788 1153 987 1213 simus,
1027 1165 1123 1203 nec
1168 1148 1306 1200 male
1367 1161 1493 1200 cum
1543 1145 1663 1198 aliis
1691 1157 1936 1214 agamus.
2001 1146 2239 1197 lllutuam
2283 1159 2410 1213 erga
2457 1159 2556 1198 nos
2589 1143 2732 1212 ipsos
2770 1143 3150 1213 benignitatem
3213 1145 3356 1208 Deus

137 1274 160 1308 a
196 1251 341 1304 nobis
373 1247 636 1314 exposcit,
671 1243 879 1312 etiamsi
912 1245 979 1294 ah
1011 1241 1126 1309 ipso
1154 1239 1460 1308 puniamur.

187 1345 277 1399 lE'.
320 1341 510 1392 Ἔσται
530 1338 624 1390 καὶ
649 1336 782 1406 ἄλλη
812 1352 896 1398 τις
930 1332 1200 1403 ἐγγραφὴ,
1235 1333 1329 1384 καὶ
1355 1329 1510 1391 ἄλλος
1542 1329 1678 1380 ἁπο-

125 1432 381 1508 γραφεύς³
416 1429 468 1482 εί
485 1444 602 1481 τινα
638 1427 817 1496 βίϐλον
845 1423 1062 1487 ζώντων
1097 1421 1336 1483 ἀκούεις,
1372 1420 1467 1472 καὶ
1502 1417 1681 1486 βίϐλον

125 1506 176 1580 οὗ
211 1519 545 1590 σωζομένων.
593 1517 741 1568 Ἐκεῖ
773 1514 973 1574 πάντες
1010 1508 1513 1601 ἐγγραιριῑσόμεθοι,⁸
1544 1506 1682 1601 μειλ-

123 1619 196 1670 λον
222 1615 272 1667 δὲ
295 1613 396 1682 ἤδη
426 1605 786 1680 γεγράμμεθα
819 1603 939 1658 κατ’
982 1602 1138 1666 ἀξίαν
1182 1600 1290 1653 τῶν
1327 1596 1560 1652 ἐνταῦθα
1596 1596 1684 1665 βε-

124 1705 385 1776 ϐιωμένων
421 1700 530 1772 (34)
575 1699 821 1760 ἕκαστος.
876 1697 948 1749 UO
990 1692 1218 1755 πλοῦτος
1246 1691 1358 1760 ἔχει
1419 1689 1478 1742 τὸ
1519 1687 1678 1741 πλέον

121 1801 237 1860 ἐκεῖ,
269 1796 327 1849 οὐ
357 1793 516 1847 πενία
548 1791 607 1843 τὸ
653 1789 891 1849 ἔλαττον,
925 1786 986 1839 οὐ
1017 1785 1197 1856 χάρις,
1238 1783 1336 1835 οὐκ
1361 1779 1546 1852 ἔχθρα,
1582 1779 1680 1830 ούκ

120 1891 232 1946 ἄλλο
261 1905 311 1940 τι
352 1884 462 1938 τῶν
509 1881 783 1943 ἁπάντων,
826 1874 908 1940 οἷς
947 1874 1181 1928 ἐνταῦθα
1215 1875 1276 1925 τὸ
1312 1871 1518 1923 δίκαιον
1559 1866 1682 1919 κλέ-

120 1996 315 2034 πτεται.
350 1970 755 2042 ΔακτύλῳΘεοῦ
779 1970 977 2030 πάντες
995 1961 1380 2036 γεγράμμεθα,
1411 1961 1506 2012 καὶ
1535 1960 1682 2012 ἀνοι-

117 2073 327 2141 γήσεται
362 2069 491 2138 ἡμῖν
524 2064 703 2134 βίϐλος
737 2064 793 2114 ὲν
819 2060 998 2130 ἡμέρᾳ
1025 2053 1436 2122 ἀποκαλύψεως.
1470 2048 1681 2141 Μικρὸς

117 2140 206 2234 μὲν
236 2161 328 2214 καὶ
359 2159 529 2229 μέγας
560 2157 676 2207 ἐκεῖ
702 2156 835 2212 ἐστι,
862 2151 955 2203 καὶ
983 2147 1235 2218 θεράπων
1264 2142 1397 2214 ὁμοῦ
1422 2140 1676 2208 δεσπότῃ,

113 2233 165 2306 τὸ
191 2247 531 2320 Σολομῶντος
564 2243 863 2314 φθέγξομαι
900 2239 1032 2308 (55),
1091 2237 1183 2290 καὶ
1209 2234 1459 2306 βασιλεὺς
1513 2233 1680 2302 ἀρχο-

117 2346 270 2416 μένῳ,
331 2340 428 2393 καὶ
475 2338 827 2409 ἁπογραφεὺς
862 2331 970 2403 (56)
1014 2326 1467 2399 ἀπογραφομένῳ,
1505 2324 1599 2376 καὶ
1644 2326 1676 2394 ἠ

113 2433 420 2506 ὶαμπρότης
463 2430 711 2499 ἐγγύθεν.
757 2425 868 2479 Καὶ
907 2423 966 2476 τὸ
988 2421 1269 2490 δύσφημον
1297 2417 1675 2506 σιωπήσομαιο

1848 1322 1962 1376 XV.
2018 1321 2134 1375 Erit
2182 1321 2284 1373 alia
2334 1336 2550 1388 quoque
2595 1322 2917 1389 descriptio,
2966 1334 3019 1376 et
3057 1324 3352 1388 descriplor

1781 1415 1918 1468 alius
1947 1432 1958 1467 :
1995 1413 2093 1466 nisi
2126 1411 2262 1467 forte
2295 1413 2359 1465 de
2399 1415 2627 1480 quodam
2660 1414 2951 1466 viventium
2985 1416 3353 1480 pereuntium-

1779 1522 1884 1577 que
1948 1505 2086 1559 libro
2136 1504 2271 1558 nihil
2323 1521 2558 1572 unquam
2615 1506 2831 1559 audisti.
2886 1504 2998 1557 Illic
3049 1521 3236 1558 omnes
3272 1505 3354 1558 in-

1787 1595 2108 1658 scribemur,
2147 1594 2227 1646 vel
2249 1633 2264 1658 ,
2300 1602 2357 1645 ut
2394 1593 2594 1647 rectius
2622 1594 2831 1652 dicam,
2859 1592 2970 1659 jam
2999 1593 3239 1660 inscripti
3265 1607 3354 1646 su-

1780 1702 1902 1740 mus
1927 1726 1942 1749 ,
1985 1700 2082 1753 pro
2131 1685 2324 1738 merito
2375 1699 2482 1752 quo
2518 1685 2746 1753 quisque
2783 1684 2870 1737 hic
2897 1683 3061 1736 vitam
3096 1683 3349 1737 confecit.
3405 1732 3415 1746 ,

1785 1777 1894 1830 lllic
1920 1790 2021 1828 non
2055 1773 2261 1828 meliori
2288 1775 2600 1828 conditione
2642 1783 2766 1826 sunt
2798 1774 3032 1835 divitiae,
3071 1788 3170 1826 nec
3207 1775 3354 1829 dete-

1785 1867 1910 1921 riori
1939 1876 2246 1935 paupertas,
2275 1880 2377 1918 non
2407 1865 2601 1933 gratia,
2629 1881 2732 1917 non
2762 1865 2966 1928 odium,
2995 1881 3096 1918 non
3122 1868 3352 1934 denique

1781 1959 1885 2012 alia
1935 1958 2113 2010 omnia
2165 1957 2358 2024 quibus
2390 1957 2716 2025 jndiciorum
2755 1957 2886 2010 lides
2934 1971 2997 2008 ac
3032 1957 3215 2025 religio
3258 1960 3347 2010 hic

1785 2051 2082 2118 subripilur
2107 2061 2159 2102 et
2193 2049 2568 2103 labefactatur.
2602 2046 2799 2101 Omnes
2833 2049 2922 2101 Dei
2950 2048 3116 2116 digito
3148 2049 3353 2103 descri—

1784 2144 1856 2211 pti
1886 2158 2072 2196 smnus
2101 2181 2114 2203 ,
2158 2143 2421 2209 nobisque
2455 2141 2506 2193 in
2546 2140 2892 2194 revelationis
2922 2140 3008 2195 die
3047 2141 3183 2194 liber
3222 2156 3352 2206 ape.-

1783 2235 1971 2286 rielur.
2015 2232 2126 2286 Illic
2160 2248 2357 2300 parvus
2404 2241 2458 2284 et
2499 2245 2725 2300 magnus
2769 2240 2879 2294 est,
2915 2241 2968 2283 et
3016 2247 3204 2285 servus
3244 2245 3349 2283 una

1781 2341 1903 2378 (-nm
1942 2326 2068 2378 hero
2091 2324 2155 2389 ¹⁹,
2190 2333 2246 2375 ιιι
2278 2332 2362 2377 est
2394 2324 2532 2391 apud
2574 2323 2912 2375 Salomonem
2941 2320 3088 2395 [Job]
3112 2363 3126 2385 ,
3167 2334 3220 2376 et
3256 2339 3349 2376 rex

1777 2431 1880 2468 una
1911 2431 2032 2468 eum
2067 2415 2304 2475 subdito,
2335 2425 2388 2468 et
2431 2415 2732 2482 descriptor
2762 2429 2868 2466 una
2896 2430 3014 2467 cum
3043 2414 3346 2482 proﬁtente,

115 2503 238 2599 πλῆν
257 2503 352 2578 οἷα
380 2503 686 2595 γράφομεν,
719 2516 942 2571 τοιαῦτα
967 2513 1059 2567 καὶ
1085 2507 1502 2580 γραφησόμεθα.
1531 2505 1676 2599 Ταύ-

1785 2515 1826 2558 3t
1853 2506 2106 2574 splendor
2137 2503 2189 2556 in
2222 2504 2522 2572 pr0pinquo
2550 2520 2563 2567 ;
2617 2519 2739 2556 nam
2782 2506 2921 2572 quod
2965 2506 3107 2558 dictu
3140 2506 3351 2558 omino—

109 2598 202 2690 την
253 2617 482 2687 ποίησον
539 2610 747 2682 σεαυτῷ
791 2609 891 2678 τὴν
946 2603 1227 2676 ἐγγραφὴν
1282 2598 1670 2671 χρηστοτέραν,

111 2711 226 2782 ἡμῖν
253 2709 446 2778 φανεὶς
478 2703 709 2776 χρηστὸς
733 2701 827 2755 καὶ
845 2696 1243 2776 φιλάνθρωπος.

1770 2612 1888 2649 sum
1937 2605 2052 2659 est,
2107 2595 2321 2649 silentio
2369 2594 2677 2662 praeteribo.
2715 2593 2978 2647 Ca-terum
3033 2610 3139 2663 quo
3193 2596 3350 2650 modo

1770 2691 1903 2744 alios
1933 2689 2377 2758 descripserimus
2399 2730 2414 2755 ,
2446 2689 2632 2742 eodem
2683 2687 2781 2756 ipsi
2824 2703 3035 2756 quoque
3073 2690 3349 2743 describe-

114 2773 242 2854 iiiur.
265 2773 437 2854 illanc
474 2773 874 2865 inscriptionem
906 2791 951 2844 si
983 2773 1193 2841 facilem
1241 2792 1294 2838 et
1333 2783 1668 2837 commodam
1697 2782 1931 2848 experiri
1963 2782 2134 2852 cupis,
2178 2782 2265 2836 fac
2321 2791 2372 2834 te
2415 2778 2754 2834 commodum
2781 2779 2939 2834 nobis
2962 2788 3016 2833 et
3052 2779 3345 2833 humanum

113 2894 361 2966 praebeas.

168 2988 280 3053 ις’.
318 2985 388 3037 Τί
438 2981 574 3052 πρὸς
616 2974 789 3032 ταῦτα
817 2975 1025 3040 λέγειςς
1059 2972 1124 3050 Τί
1160 2969 1409 3041 γράφεις,
1441 2961 1484 3020 ὦ
1515 2965 1679 3035 φίλων

1850 2960 1990 3016 XVI.
2028 2961 2165 3027 Quid
2193 2960 2259 3014 ad
2299 2961 2410 3014 hrec
2439 2959 2612 3014 dicis?
2642 2959 2778 3025 Quid
2810 2957 3024 3023 scribis,
3053 2959 3347 3014 amicorum

107 3081 283 3150 ἄριστε
333 3074 431 3127 καὶ
461 3072 662 3143 ἡλίκων
713 3068 809 3122 καὶ
844 3063 1145 3118 παιδευτῶν
1173 3063 1304 3132 ἡμῖν
1332 3059 1554 3113 κοινωνὲ
1583 3058 1676 3110 καὶ

103 3167 508 3239 παιδευμάτων,
542 3164 589 3216 εί
619 3163 709 3216 καὶ
733 3161 826 3214 νῦν
859 3159 1008 3230 ἡμᾶς
1035 3157 1115 3218 είς
1167 3154 1264 3223 τὴν
1296 3152 1528 3222 κρείττω
1560 3153 1676 3221 μοῖ-

105 3281 189 3333 ραν
236 3264 265 3314 ὁ
294 3259 437 3320 Θεὸς
485 3255 688 3319 ἔταξεν,
737 3252 883 3322 ὑμᾶς
934 3245 1106 3300 ταῦτα
1139 3243 1412 3298 παιδεύειν
1456 3243 1581 3304 τοὺς
1621 3242 1678 3295 ἐν

99 3353 311 3424 ἐξουσίᾳ
346 3348 514 3423 (ὀκνῶ
543 3347 664 3419 ’γὰρ
697 3346 869 3398 εἰπεῖν
904 3339 1266 3413 βαρυτέραν);
1308 3332 1378 3388 Ὠ
1419 3333 1681 3402 πατρίδος

99 3447 352 3508 εὐσεϐοῦς
387 3445 503 3514 (57)
537 3442 630 3496 καὶ
674 3441 882 3509 γένους,
915 3431 959 3489 ὦ
984 3434 1185 3504 γονέων
1229 3431 1390 3503 ἱερῶν
1419 3428 1560 3499 ἱερὸν
1589 3445 1682 3495 φυ-

95 3539 196 3601 τὸν,
238 3531 284 3590 ὧ
330 3534 462 3606 ῥίζα
491 3533 692 3585 τέκνων
714 3525 1042 3597 οίερωτέρων
1083 3521 1216 3592 (38),
1249 3518 1365 3581 πῶς
1392 3534 1521 3606 ποτε
1547 3517 1682 3568 ἁπο-

99 3627 219 3698 δέχῃ
245 3605 382 3687 τούς
405 3622 574 3693 ἐμοὺς
600 3619 822 3686 λόγους;
856 3611 1002 3683 ’Ἃρά
1033 3629 1082 3664 τι
1109 3610 1389 3679 πείθομεν,
1431 3606 1464 3676 ἢ
1501 3605 1680 3674 δεήσει

97 3695 427 3790 κατεπᾲδειν
496 3711 837 3784 μακρότερα;
899 3705 1069 3760 Τοῦτο
1117 3699 1214 3774 μὲν
1264 3700 1362 3752 οὐκ
1418 3695 1678 3760 εἰκάζειν,

97 3806 200 3860 ἁλλ’
229 3786 291 3860 εὗ
330 3803 539 3858 εἰδέναι
596 3799 724 3871 χρὴ,
779 3798 859 3850 ὃτι
903 3812 960 3848 σε
990 3796 1037 3846 οἱ
1082 3793 1210 3863 παρ’
1271 3787 1406 3858 ἐμοῦ
1453 3786 1682 3853 λόγοιὲκ

99 3895 341 3961 πλείονος
374 3895 614 3966 ἔχουσιν.
665 3890 776 3944 Καὶ
799 3888 907 3958 γὰρ
959 3889 1006 3938 εἰ
1037 3886 1107 3955 μή
1151 3899 1257 3935 τινι
1291 3880 1433 3947 ἄλλῳ
1462 3879 1682 3948 θαρρεῖν

95 3989 314 4059 εἴχομεν
359 3987 502 4057 (39),
537 3981 671 4038 ἀλλὰ
701 3985 812 4044 τοῖς
846 3979 956 4051 (40)
998 3977 1174 4044 λόγοις
1204 3975 1406 4036 αὐτοῖς.
1434 3971 1486 4024 οἵ
1509 3987 1565 4022 σε
1597 3970 1684 4059 ἀεὶ

249 4079 324 4132 τὰ
372 4076 522 4130 καλὰ
547 4073 744 4146 ῥᾳδίως
781 4071 1023 4138 ἄγουσιν,
1067 4065 1100 4135 ἦ
1136 4064 1453 4134 ἀρχόμενον,
1487 4057 1683 4152 ἐπό-

93 4149 249 4239 μενον
268 4187 284 4200 -
326 4167 498 4220 τοῦτο
527 4164 635 4234 γάρ
665 4164 830 4224 ἐστιν,
865 4153 909 4226 ᾧ
940 4156 1046 4210 τῶν
1076 4153 1282 4207 πολλῶν
1311 4153 1357 4205 οἱ
1399 4150 1548 4219 σοφοὶ
1571 4149 1685 4202 δια-

88 4262 373 4332 φέρουσιν.
443 4255 586 4326 Ἐγὼ
632 4255 688 4308 δὲ
729 4252 921 4324 μικρὸν
955 4250 1032 4303 ἔτι
1064 4246 1352 4320 προσθήσω
1382 4245 1494 4306 τοῖς
1527 4244 1670 4313 εἰρηο

1784 3065 1835 3110 et
1883 3053 2167 3120 mqualium
2215 3050 2452 3120 optime,
2503 3061 2663 3119 atque
2707 3049 2896 3105 iisdem
2943 3051 3219 3103 nobiscum
3252 3067 3346 3106 use

1779 3139 2049 3214 magistris
2078 3154 2131 3196 et
2163 3142 2502 3212 disciplinis?
2531 3141 2766 3194 Tamelsi
2801 3156 2945 3194 nunc
2987 3142 3346 3208 prtestantiori

1778 3240 1944 3308 gradu
1975 3248 2135 3304 atque
2163 3235 2353 3288 ordine
2385 3234 2602 3304 (vereor
2635 3232 2778 3284 enim
2815 3233 3018 3296 dicere,
3050 3232 3345 3302 graviori),

1779 3343 1876 3383 nos
1925 3329 2063 3382 Deus
2103 3327 2414 3388 collocarit,
2444 3333 2502 3379 ut
2530 3339 2646 3388 vos,
2679 3324 2769 3392 qui
2802 3323 3172 3392 magistratum
3203 3325 3314 3394 geri

1781 3417 1884 3483 tis,
1921 3416 2018 3470 ista
2049 3415 2360 3469 doceamus.
2403 3413 2446 3468 Ο
2473 3423 2528 3466 ιιι
2557 3453 2571 3479 ,
2604 3413 2694 3481 qui
2727 3413 2810 3482 pia
2852 3414 3027 3481 patria
3059 3423 3114 3467 et
3145 3415 3346 3468 familia

1779 3517 1930 3562 ortus
1957 3524 2053 3570 es,
2097 3522 2130 3560 ο
2173 3515 2359 3560 sancta
2399 3517 2706 3560 sanctorum
2734 3515 3017 3573 parentum
3053 3505 3267 3576 planta,
3313 3521 3348 3560 ο

1780 3599 2107 3653 sanctiorum
2143 3598 2432 3652 liberorum
2472 3598 2666 3651 radix!
2707 3597 2823 3663 Quo
2865 3607 3020 3666 pacto
3061 3613 3202 3653 nunc
3231 3612 3348 3653 ser-

1782 3704 1966 3743 mones
2015 3702 2164 3742 meos
2197 3686 2360 3758 375
2391 3688 2594 3757 excipis
2616 3689 2666 3761 ἲ,
2688 3686 2940 3756 Nunquid
2988 3698 3039 3743 te
3084 3687 3349 3744 ﬂectunt?

1781 3779 1862 3832 An
1902 3778 2129 3847 longiori
2166 3781 2414 3832 oratione
2441 3779 2572 3832 mihi
2607 3778 2946 3833 delinieudus
2981 3793 3044 3834 ac
3083 3777 3227 3832 velut
3264 3780 3347 3848 iu-

1781 3872 2086 3926 cantandus
2131 3871 2281 3925 eris?
2332 3869 2595 3940 Equidem
2649 3879 2701 3924 te
2745 3870 2951 3938 jamdiu
3006 3871 3346 3926 sermonibus

1784 3962 1918 4016 meis
1939 3972 2242 4030 correptum
2272 3960 2443 4014 teneri
2465 3997 2480 4022 ,
2519 3976 2624 4013 non
2652 3959 2962 4027 conjectura
2992 3961 3222 4028 quadam
3258 3976 3346 4015 as-

1782 4069 2020 4124 sequor,
2071 4055 2163 4108 sed
2207 4062 2414 4108 certum
2444 4059 2500 4107 et
2531 4054 2866 4121 exploratum
2915 4054 3128 4117 habeo;
3178 4053 3348 4107 fretus

1783 4147 1997 4214 quidem
2019 4185 2034 4210 ,
2062 4147 2106 4199 si
2143 4145 2285 4199 nulla
2319 4145 2424 4199 alia
2457 4148 2556 4209 re',
2592 4145 2785 4199 litteris
2813 4156 2958 4199 certe
2997 4145 3127 4214 ipsis
3161 4155 3216 4199 et
3252 4147 3348 4198 do-

1787 4235 1978 4298 ctrina,
2011 4249 2130 4303 qum
2159 4246 2208 4288 te
2243 4233 2404 4289 facile
2429 4249 2642 4302 semper
2667 4235 2732 4287 ad
2757 4235 2957 4300 optima
2992 4249 3216 4302 qumque
3249 4235 3348 4295 du-

93 4320 274 4422 μένοις
300 4369 316 4382 ·
362 4352 434 4404 σὺ
471 4320 568 4420 μέν
600 4320 806 4407 ἔδωκας
834 4320 1024 4414 μισθὸν
1051 4344 1162 4403 τοῖς
1189 4340 1335 4409 ἐμοῖς
1369 4336 1564 4404 λόγοις,
1599 4335 1679 4386 ὃν-

1789 4327 1895 4389 cit,
1927 4327 2008 4377 vel
2060 4336 2146 4378 tua
2193 4325 2360 4392 ipsius
2413 4335 2605 4394 sponte
2659 4324 3033 4388 incedentem,
3081 4325 3165 4378 vel
3214 4325 3347 4379 alios

89 4462 206 4499 τινα
239 4443 502 4504 δέδωκας
525 4454 539 4469 '
573 4441 621 4492 οί
662 4438 718 4490 δέ
743 4454 824 4489 σοι
855 4434 1050 4488 διδόασι
1096 4431 1190 4486 καὶ
1228 4428 1559 4501 προσάγουσι
1592 4427 1685 4479 πέ-

86 4555 276 4606 νητας,
315 4535 510 4588 πάντα
529 4530 687 4602 χορὸν
722 4528 930 4599 ἱερέων,
962 4525 1120 4597 χορὸν
1163 4521 1484 4592 φιλοσόφων,
1510 4516 1683 4606 οὐδενὶ

83 4629 268 4700 δεσμῷ
304 4629 475 4680 κάτω
507 4621 903 4693 κατεχομένων,
950 4618 1084 4688 μόνα
1109 4611 1456 4684 κεκτημένων
1485 4610 1552 4661 τὰ
1580 4603 1680 4660 σώ-

83 4697 248 4790 ματα,
282 4719 393 4774 καὶ
433 4715 541 4768 οὐδ’
571 4714 712 4767 αὐτὰ
755 4708 1034 4771 παντελῶς
1053 4723 1065 4737 ·
1111 4705 1261 4758 οὐδὲν
1288 4703 1517 4772 ἐχόντων
1542 4697 1679 4751 Καί-

79 4829 223 4883 σαρι,
256 4811 460 4864 πάντα
484 4805 621 4876 Θεῷ,
647 4803 867 4865 ὕμνους,
889 4798 1071 4870 εὐχὰς,
1101 4794 1426 4867 ἀγρυπνίας,
1450 4790 1676 4860 δάκρυα,

146 4947 190 4978 ³³
216 4944 329 4999 Job
359 4956 455 5002 ιιι,
481 4938 564 4992 l9.

140 5079 260 5144 (32)
320 5072 653 5144 Ἐντεῦθεν
677 5069 744 5124 τὸ
784 5063 1149 5144 γεννῇονθιιιἸ
1172 5069 1278 5144 entc.
1317 5053 1669 5144 Sic‘exp’onxit

71 5124 299 5204 Niééiés
337 5124 749 5213 :1'Aviipaiﬁo;_
783 5124 1049 5213 γεννᾶται.
1087 5130 1287 5211 μόχθῳ,
1344 5126 1570 5213 καιρςῇ

70 5217 252 5292 λύπῃ·
307 5236 330 5270 ί
365 5209 565 5269 Homo
597 5213 649 5264 in
686 5211 867 5262 labore
910 5209 1169 5266 nascitur,
1212 5209 1266 5253 in
1311 5209 1550 5251 aerumna
1596 5209 1676 5246 v1-

67 5302 263 5428 vrt(.)
307 5357 558 5425 Φόρων.
593 5348 758 5406 Οοίει,
793 5347 843 5410 ι,
883 5353 936 5398 ει
979 5343 1070 5398 0r.
1102 5341 1152 5403 Ι,
1184 5337 1379 5407 φόνων,
1426 5352 1445 5386 ι
1477 5332 1668 5395 caedes.

67 5428 408 5485 homicidia.
448 5444 470 5476 ι
905 5481 912 5487 ._
1041 5475 1052 5487 .
1234 5475 1286 5487 η.
1367 5475 1401 5487 ι.
1442 5475 1453 5487 .

134 5472 464 5570 (ᾗῖᾶίῶτὲ
501 5491 779 5570 ,ένταρθαι
801 5475 1194 5570 βεϐιωέιέπῖαέγο
1210 5472 1674 5570 ,ἓίίὶ,.⁰“ἒῗ1;.¹ιξξ

61 5541 955 5639 Jes‘Z‘t’Iuoii-veliauivljombelisio
979 5541 1178 5622 'placet.
1208 5546 1267 5601 ln
1301 5549 1411 5611 ed.,
1442 5541 1548 5596 τῶν
1569 5541 1667 5614 ἤδη

62 5637 564 5711 βεϐαιιῖιιΑ-έιιοᾳιὶνο⁸
819 5693 874 5711 Α,
921 5691 950 5711 ,.
997 5705 1086 5711 μμ,
1131 5705 1134 5708 .

153 5682 714 5780 Ξέῖῗιλυῖολιῶντος
765 5691 1106 5766 φθέγξομαι.
1131 5690 1316 5752 Ῥίιεε.,
1365 5682 1670 5756 προσφθέγ-

1788 4426 2121 4485 sequentem.
2151 4416 2264 4470 lloc
2293 4418 2432 4470 enim
2465 4427 2567 4480 est,
2601 4431 2708 4484 quo
2739 4415 3008 4484 sapientes
3039 4416 3225 4483 vulgus
3254 4434 3346 4470 su-

1786 4515 1996 4576 perant.
2043 4507 2155 4575 Ego
2208 4520 2336 4560 vero
2385 4505 2627 4558 nonnihil
2672 4505 2832 4560 etiam
2866 4504 2929 4556 ad
2959 4518 3056 4571 ea,
3093 4520 3210 4575 qua:
3233 4505 3344 4575 jam

1785 4596 1916 4660 dixi,
1953 4595 2223 4663 adjiciam.
2259 4593 2337 4647 Tu
2371 4595 2586 4662 quidem
2618 4593 2848 4648 orationi
2882 4609 3015 4648 mea:
3042 4598 3341 4650 mercedem

1786 4685 2106 4756 persolvisti,
2135 4700 2511 4754 quamcunque
2545 4684 2778 4748 tandem,
2798 4684 3138 4752 persolvisti;
3171 4695 3226 4737 at
3257 4685 3344 4739 illa

1788 4781 1880 4834 tibi
1911 4781 2050 4835 dono
2074 4794 2334 4849 pauperes
2357 4777 2534 4841 oﬂ'ert,
2562 4785 2729 4831 totum
2755 4777 3098 4831 sacerdotum
3121 4777 3340 4830 chorum

1779 5057 1958 5126 ξομαι.
1989 5050 2193 5126 Lapsus
2222 5050 2478 5126 memoria
2513 5049 2601 5101 hic
2633 5045 3190 5126 videturnGreg'o'rius,
3216 5046 3342 5096 dum

1778 5116 2292 5181 Sa'lonioni'tribuit
2333 5120 2492 5174 verba
2545 5133 2663 5188 qua:
2719 5120 2768 5170 in
2820 5117 2955 5170 libro
3000 5116 3100 5170 Job
3157 5128 3346 5168 occur-

1779 5207 1924 5252 runt.

1847 5265 1959 5333 ('56)
1993 5259 2440 5333 νἈσιέογῬαφεύς.
2473 5257 2596 5333 _Sic
2651 5255 2883 5333 Coisl._l
2935 5263 2988 5306 et
3036 5253 3106 5315 2,
3157 5251 3343 5306 decem

1777 5325 1952 5393 Colb..'
1971 5332 2072 5387 ΘΓ.
2098 5325 2314 5395 1,’]εεξ,
2339 5339 2445 5386 etc.
2473 5329 2529 5382 ln
2561 5327 2685 5380 Par.
2710 5329 2794 5380 ed.
2823 5325 2990 5395 deeSI.

1852 5391 1963 5473 (57')
2003 5391 2330 5473 Εὐσεϐοῦς.
2361 5399 2613 5473 C9is|._5,_
2637 5393 2908 5473 εύγενοῦς,
2947 5412 2963 5442 ι
2995 5391 3208 5446 celebri.
3235 5411 3253 5442 ›

1850 5465 1961 5537 (581
2013 5465 2364 5542 'Iepwrépoar.
2395 5469 2558 5542 Coisl.
2593 5469 2643 5531 1,
2681 5465 3000 5542 ἱερωτέιτων.

1871 5546 1958 5615 59)
2000 5533 2277 5613 Εῐᾷίομεᾶνο.
2304 5533 2796 5615 Ριιξεη-ἔχομενίιιι
2835 5533 3234 5615 τιίίίδηὲχοιμεν.

1873 5605 1959 5680 4οξ
2007 5605 2158 5680 Τόῗςξ
2201 5616 2352 5666 DeeSI
2389 5612 2438 5662 in
2478 5605 2612 5681 ιιίις·
2641 5612 2725 5660 hm
2771 5617 2819 5659 et
2853 5608 2940 5660 0r.
2974 5605 3022 5657 1.
