3852 6408
543 310 684 368 106⁸5

1747 307 1804 363 S.
1844 306 2168 363 GREGORll
2212 304 2555 364 THEOLOGI

3626 314 3727 369 lOGl

541 438 604 478 ac
633 421 1067 493 philosophorum
1107 430 1309 477 emtum
1333 460 1349 487 ,
1397 421 1489 491 qui
1528 420 1674 474 nullo
1714 421 1931 475 vinculo
1964 421 2110 475 humi

2220 422 2407 492 κτῆσιν
2451 423 2511 473 οὐ
2541 422 2935 491 κρατουμένην.
2994 421 3283 475 ἀποθανεῖν
3312 423 3500 493 κόσμῳ
3532 424 3645 492 (ll),
3664 428 3731 497 ζῇ.

543 521 814 575 tenentur,
846 512 935 581 qui
977 512 1090 565 sola
1122 527 1351 581 corpora
1379 550 1395 577 ,
1422 526 1484 566 ac
1524 525 1592 565 ne
1615 526 1678 564 ea
1724 512 1939 580 quidem
1972 520 2112 572 tcta.

543 601 864 672 possident;
900 600 990 669 qui
1022 601 1221 655 Ctesari
1258 599 1391 654 nihil
1422 600 1644 662 habent,
1677 600 1786 654 Deo
1810 600 1991 654 omnia
2023 601 2121 652 tri-

542 696 747 759 buunt,
796 696 1047 765 hymnos.
1090 709 1279 763 preces
1301 734 1316 757 ,
1350 694 1592 763 vigilias,
1626 694 1923 763 lacrymas,
1953 706 2116 759 opes,

541 800 660 855 qua:
687 785 932 839 manibus
958 785 1125 853 arripi
1158 793 1470 854 nequeunt,
1501 784 1701 838 mundo
1730 783 1936 849 emori,
1962 782 2119 837 Chri-

541 885 626 931 sto
653 876 873 939 vivere,
914 891 1134 930 carnem
1183 890 1491 937 macerare,
1541 876 1775 929 animam
1823 890 1852 927 a
1892 888 2117 942 corpore

540 966 875 1021 abstrahere.
932 965 1026 1019 His
1074 980 1338 1033 parcens,
1386 974 1480 1018 aut
1525 966 1687 1017 etiam
1740 965 1959 1017 omnino
2009 963 2117 1017 Deo

540 1059 770 1111 reddens
820 1056 984 1110 divini
1046 1058 1285 1112 numinis
1326 1057 1572 1111 famulos
1624 1066 1679 1111 et
1736 1056 2114 1125 mysteriorum

540 1151 826 1216 conscios,
871 1148 1284 1217 cmlestiumque
1336 1163 1518 1203 rerum
1576 1147 1942 1215 inspectores,
1980 1145 2112 1208 has,

542 1242 797 1311 inquam,
837 1239 1051 1311 generis
1094 1240 1269 1293 nostri
1310 1239 1612 1309 primitias,
1658 1240 1771 1292 haec
1805 1236 2072 1291 columina
2097 1275 2111 1300 ,

541 1334 638 1388 has
693 1334 811 1387 ﬁdei
866 1347 1131 1395 coronas,
1178 1331 1278 1385 has
1327 1331 1591 1399 pretiosas
1636 1328 1987 1398 margaritas,
2022 1326 2119 1380 hos

542 1423 721 1492 templi
777 1423 949 1487 illius,
988 1421 1269 1491 praeclari,
1313 1422 1566 1489 inquam,
1619 1418 1871 1474 Ecclesiae
1920 1426 2116 1483 emtus,

540 1515 781 1582 lapides,
836 1513 988 1581 cujus
1034 1513 1444 1567 fundamentum
1472 1522 1526 1565 et
1566 1511 1703 1580 lapis
1740 1510 2011 1578 angularis
2037 1520 2121 1565 est

539 1608 785 1662 Christus
818 1623 833 1662 :
868 1606 1232 1677 pulcherrime
1264 1606 1482 1674 utique,
1520 1612 1576 1659 et
1606 1604 1769 1673 ipsis,
1806 1614 1859 1657 et
1888 1602 2021 1667 tibi,
2065 1612 2121 1658 et

2214 531 2302 567 σαι
2329 512 2570 583 Χριστῷ,
2601 515 2779 583 σάρκα
2811 513 3066 576 κενῶσαι,
3101 513 3277 584 ψυχὴν
3306 515 3526 567 ἑλκῦσαι
3556 519 3645 569 ἀπὸ
3667 521 3733 572 τοῦ

2216 603 2485 674 σώματος.
2511 602 2725 656 Τούτων
2771 604 3101 674 φειδόμενος,
3138 605 3169 674 ἢ
3206 606 3300 658 καὶ
3329 606 3579 676 καθαρῶς
3598 609 3739 663 dar/3'.-

2213 694 2334 757 δοὺς
2360 694 2470 763 (ιὲ)
2501 695 2579 764 τῷ
2600 696 2719 764 Θεῷ
2747 697 2872 759 τοὺς
2891 696 3230 765 θεραπευτὰς
3264 696 3358 751 τοῦ
3390 697 3523 750 Θεοῦ
3554 700 3635 751 καὶ
3669 703 3741 771 μύ-

2217 796 2366 842 στας,
2399 786 2491 833 καὶ
2533 781 2640 832 τῶν
2683 782 2950 851 οὐρανίων
2991 782 3249 846 ἐπόπτας,
3282 784 3380 853 τὴν
3419 786 3655 856 ἀπαρχὴν
3678 792 3742 842 τοῦ

2216 870 2486 941 ἡμετέρου
2511 872 2722 939 γένους,
2749 872 2809 925 τὸ
2848 872 3081 943 ἔρεισμα
3126 876 3250 937 τοὺς
3273 875 3373 945 τῆς
3409 876 3634 939 πίστεως
3657 896 3743 933 στε-

2217 963 2437 1031 φάνους,
2463 963 2588 1025 τοὺς
2622 965 2964 1035 μαργαρίτας
2984 966 3109 1027 τοὺς
3127 966 3364 1036 τιμίους,
3391 968 3516 1031 τοὺς
3543 968 3628 1020 τοῦ
3650 974 3744 1025 νασιῦ

2214 1050 2414 1117 λίθους,
2465 1048 2524 1107 οὗ
2553 1052 2801 1123 θεμέλιος
2837 1057 2931 1108 καὶ
2976 1057 3367 1127 ἀκρογωνιαῖος
3406 1060 3649 1129 Χριστὸς,
3679 1065 3746 1114 τοῦ

2214 1144 2381 1198 καλοῦ
2416 1144 2559 1211 λέγω
2600 1146 2699 1216 τῆς
2735 1147 3059 1218 Ἐκκλησίας
3116 1148 3482 1220 πληρώματος
3504 1168 3518 1180 °
3553 1153 3639 1204 καὶ
3667 1154 3747 1221 (45)

2215 1236 2472 1290 κάλλιστα
2496 1236 2561 1289 ἂν
2594 1238 2687 1290 καὶ
2712 1237 2941 1303 τούτοις,
2965 1241 3059 1292 καὶ
3085 1241 3314 1311 σεαυτῷ,
3347 1244 3440 1295 καὶ
3470 1245 3625 1297 πᾶσιν
3651 1248 3749 1315 ἡμῖν

2221 1326 2553 1397 βουλεύσαιο.
2592 1329 2702 1382 Καί
2736 1346 2817 1382 σοι
2852 1330 3079 1401 εὔχομαι
3114 1332 3299 1386 τοῦτον
3352 1334 3479 1404 παρ’
3511 1335 3655 1405 ἡμῶν
3683 1339 3751 1389 τὶν

2220 1420 2447 1472 πλοῦτον
2504 1420 2756 1487 γενέσθαι
2809 1422 3027 1491 μᾶλλον,
3073 1423 3106 1493 ἢ
3170 1424 3365 1477 πολλοῦ
3418 1426 3634 1495 χρυσίου
3684 1432 3751 1481 καὶ

2220 1510 2481 1581 ἀργυρίου
2508 1510 2835 1582 θησαυροὺς,
2881 1514 2975 1567 νῦν
3006 1515 3370 1587 ὑπάρχοντας,
3399 1520 3495 1571 καὶ
3537 1521 3645 1589 μετ’
3667 1521 3751 1573 ὀλί-

2220 1618 2315 1670 γον
2338 1603 2438 1656 οὐκ
2476 1602 2786 1672 ἐσομένους.

543 1704 695 1756 nobis
720 1702 969 1757 omnibus
994 1701 1349 1756 consulueris.
1371 1702 1447 1754 Ac
1472 1700 1567 1755 tibi
1592 1701 1689 1753 has
1711 1699 1935 1767 potiusa
1960 1699 2114 1753 nobis
2144 1698 2356 1752 divitias
2400 1697 2661 1765 optarim,
2703 1711 2863 1765 quam
2913 1712 3137 1767 magnos
3197 1699 3310 1753 auri
3368 1710 3530 1769 atque
3585 1706 3752 1772 argenti

545 1795 835 1848 thesauros
858 1832 872 1857 ,
917 1794 1006 1862 qui
1054 1808 1199 1848 nunc
1232 1796 1532 1858 exsistunt,
1581 1807 1642 1846 ac
1671 1792 1829 1860 paulo
1858 1800 1978 1860 post
2004 1806 2108 1844 nou
2141 1800 2322 1843 erunt.

610 1884 773 1939 XVII.
820 1885 1038 1939 llabetis
1059 1885 1322 1940 orationis
1351 1900 1485 1939 mea:
1508 1902 1723 1947 munus,
1752 1885 1795 1939 si
1825 1901 1919 1954 spe
1938 1896 2112 1940 vestra

2293 1883 2391 1939 lZ'.
2425 1882 2571 1953 Αὕτη
2618 1882 2727 1935 τῶν
2761 1881 2910 1952 ἐμῶν
2957 1881 3127 1951 λόγων
3157 1884 3285 1953 ὑμῖν
3313 1882 3479 1954 (Hii)
3513 1902 3754 1955 καρποτε-

542 1977 803 2043 ἰηΓει-ἰυε,
832 1988 887 2031 at
916 1988 1065 2032 certe
1097 1977 1255 2045 quale
1287 1976 1481 2031 olferre
1525 1977 1814 2045 potuimus.
1848 1976 1955 2031 Vos
1982 1990 2109 2030 vero

540 2068 671 2123 niihi
705 2086 800 2138 pro
832 2068 931 2122 hac
963 2084 1079 2122 mea
1111 2068 1456 2135 erogatione,
1499 2067 1641 2136 quod
1674 2067 1843 2134 majus
1867 2076 1984 2130 est,
2025 2082 2113 2119 re-

540 2160 780 2229 penditc,
808 2174 1000 2229 nempe
1035 2157 1347 2213 tractabiles
1388 2168 1441 2214 et
1488 2159 1847 2228 obsequentes
1877 2158 2104 2211 animos.

542 2251 632 2305 Sic
659 2252 724 2304 ad
753 2250 859 2304 alia
885 2250 1167 2304 commoda
1196 2250 1296 2303 hoc
1320 2264 1536 2317 quoque
1558 2249 1802 2311 accedat,
1827 2257 1885 2300 ut
1908 2260 2114 2301 sermo-

543 2340 700 2393 nibus
744 2338 880 2392 meis
934 2338 1111 2391 utiuus
1143 2351 1279 2406 opus
1325 2335 1601 2399 habeatis,
1640 2335 1893 2388 nimirum
1926 2343 2111 2386 mutuo

542 2443 637 2483 vos
670 2429 813 2497 ipsos
842 2428 1250 2482 considerantes
1298 2427 1363 2479 ad
1404 2427 1841 2494 provocationem
1876 2425 2132 2495 charita;

542 2521 633 2586 tis,
658 2531 712 2575 et
734 2522 993 2575 bonorum
1020 2534 1242 2589 operum
1261 2519 1306 2550 '°
1332 2535 1344 2583 ;
1372 2529 1531 2583 atque
1554 2518 1624 2571 ita
1652 2519 1862 2571 tandem
1886 2517 1938 2569 in
1960 2515 2113 2570 coalis

543 2610 757 2665 facilem
783 2621 837 2664 et
866 2611 1154 2679 benignam
1194 2610 1245 2663 in
1276 2609 1367 2663 illo
1392 2624 1506 2662 aevo
1532 2608 1951 2675 descriptionem
1982 2621 2111 2660 con-

544 2705 743 2768 secuti,
768 2714 823 2757 et
850 2704 1052 2757 circum
1079 2702 1317 2755 omnium
1346 2702 1545 2770 Regem
1574 2699 1929 2769 tripudiantes
1950 2700 2113 2769 (quod

545 2811 711 2849 unum
749 2804 914 2865 agunt
952 2793 1041 2864 qui
1086 2794 1195 2847 illic
1231 2793 1482 2860 descripti
1516 2793 1663 2860 sunt)
1690 2832 1704 2855 ,
1754 2791 1966 2846 laudem
2008 2791 2115 2844 Deo

548 2886 955 2948 ministremus,
1004 2898 1168 2937 unam
1219 2891 1273 2936 et
1318 2881 1562 2935 eamdem
1612 2880 1787 2934 Patris
1819 2888 1875 2933 et
1912 2879 2031 2933 Filii
2062 2890 2116 2934 et

548 2978 787 3048 Spiritus
828 2976 996 3031 sancti
1054 2974 1350 3029 divinitatis
1390 2974 1615 3042 gloriam
1668 2982 1721 3026 et
1772 2971 2114 3041 splendorem

545 3070 854 3135 intuentes,
909 3068 1261 3136 laudibusque
1308 3065 1612 3120 exaltantes
1638 3102 1652 3126 ,
1699 3064 1782 3117 cui
1824 3063 2027 3131 gloria,
2064 3074 2118 3117 et

546 3162 739 3224 honor,
774 3169 828 3214 et
852 3159 1097 3213 adoratio
1137 3159 1189 3213 in
1226 3156 1420 3213 srecula
1452 3155 1797 3210 saeculorum.
1832 3154 2023 3209 Amen.

613 3338 660 3370 ¹⁶
687 3337 848 3392 Hebr.
880 3352 933 3399 κ,
959 3335 1046 3389 9-4.

615 3511 728 3584 (41)
779 3509 1129 3584 Ἀποθανεῖν
1205 3510 1459 3584 κόσμῳ,
1495 3518 1599 3561 etc.
1661 3506 1847 3561 Billius
1892 3523 1905 3560 :
1965 3523 1986 3558 ι
2028 3506 2117 3584 qui

542 3578 744 3639 mundo
782 3582 971 3634 mortui
1022 3590 1166 3643 sunt,
1193 3599 1211 3632 ι
1252 3592 1356 3633 etc.
1395 3579 1568 3631 Minus
1624 3588 1802 3644 recte;
1851 3594 1973 3631 nam
2036 3578 2117 3630 ha:

542 3661 670 3708 eunt
712 3668 731 3701 ι
761 3651 1263 3720 philosophorum”
1305 3665 1441 3720 seu,
1464 3667 1481 3698 ι
1511 3650 1893 3700 monachorum
1925 3664 1942 3698 ι
1979 3647 2118 3720 divi-

545 3724 654 3785 tia},
704 3736 838 3789 quas
894 3719 1171 3775 enumerat
1226 3719 1544 3789 Gregorius,
1591 3733 1817 3787 nempe,
1868 3734 1885 3767 ι
1919 3719 2116 3771 mundo

544 3792 733 3850 emori.
768 3790 982 3844 Christo
1013 3792 1213 3845 vivere.
1245 3808 1262 3839 ι
1298 3799 1403 3842 etc.

2222 1974 2330 2047 ρία,
2361 1978 2407 2029 εί
2447 1976 2543 2028 καὶ
2584 1978 2681 2047 τῆς
2720 1975 2934 2038 ἐλπίδος
2962 1974 3215 2036 ἐλάττων,
3252 1976 3386 2029 ἀλλὰ
3432 1978 3573 2030 κατὰ
3607 1995 3660 2045 γε
3682 1980 3755 2047 τὴν

2216 2068 2491 2139 ἡμετέραν
2548 2069 2797 2139 δύναμιν,
2868 2067 3055 2138 Ὑμεῖς
3103 2067 3158 2119 δὲ
3208 2068 3507 2140 ἀντιδοίητέ
3558 2088 3637 2139 μοι
3680 2072 3756 2140 τῆς

2217 2159 2355 2229 ἐμῆς
2396 2161 2657 2230 εἰσφορᾶς
2689 2160 2749 2213 τὸ
2789 2160 2990 2230 μεῖζον,
3020 2158 3118 2229 τὴν
3152 2158 3459 2212 εὐπείθειαν
3479 2176 3493 2189 ·
3536 2160 3605 2222 ὡς
3633 2160 3686 2213 ἂν
3706 2164 3757 2213 τά

2216 2267 2275 2302 τε
2307 2249 2441 2303 ἄλλα
2488 2253 2582 2304 καὶ
2610 2247 2769 2324 ἦττον
2798 2251 2989 2321 δέησθε
3015 2250 3122 2303 τῶν
3145 2250 3291 2321 ὲμῶν
3313 2250 3505 2319 λόγων,
3536 2252 3757 2322 ἀλλήλους

2218 2342 2606 2406 κατανοοῦντες
2657 2345 2734 2406 εἰς
2801 2341 3149 2414 παροξυσμὸν
3206 2342 3429 2413 ἀγάπης
3481 2345 3569 2395 καὶ
3611 2344 3758 2395 καὶλτη

2218 2434 2395 2505 ἔργων
2415 2447 2427 2461 ⁸
2456 2434 2531 2498 ὡς
2556 2435 2620 2489 ἂν
2654 2434 2895 2505 χρηστῆς
2931 2436 3024 2488 καὶ
3064 2434 3444 2506 φιλανθρώπου
3465 2436 3559 2505 τῆς
3585 2436 3759 2488 ἐκεῖθεν

2218 2524 2437 2594 γραφῆς
2480 2525 2751 2595 τυχόντες,
2788 2523 2882 2576 καὶ
2922 2526 3043 2596 περὶ
3083 2523 3174 2577 τὸν
3214 2516 3430 2577 πάντων
3461 2523 3663 2594 βασιλέα
3694 2541 3761 2593 χο-

2224 2614 2489 2684 ρεύοντες,
2525 2616 2553 2667 ὂ
2585 2616 2743 2685 μόνον
2796 2615 2953 2687 ἔργον
2984 2617 3099 2669 ἐστὶ
3120 2616 3230 2686 (45)
3270 2619 3381 2679 τοῖς
3414 2618 3529 2668 ἐκεῖ
3551 2633 3760 2686 γεγραμ-

2224 2703 2425 2773 μένοις,
2482 2704 2885 2775 λειτουργῶμεν
2930 2706 3047 2776 Θεῷ
3089 2708 3188 2778 τὴν
3235 2708 3459 2769 αἷνεσιν,
3508 2706 3597 2776 τὴν
3654 2709 3759 2775 μίαν

2221 2795 2453 2866 Πατρὸς,
2479 2797 2571 2848 καὶ
2597 2796 2750 2858 Υἱοῦ,
2780 2798 2873 2849 καὶ
2895 2798 3050 2865 ἁγίου
3071 2797 3207 2851 Πνεύ
3218 2814 3406 2867 ματος,
3430 2797 3523 2849 καὶ
3539 2797 3762 2867 θεωᾳῦν-

2219 2903 2310 2949 τες
2350 2887 2444 2939 καὶ
2476 2886 2803 2956 ἁνυψοῦντες
2855 2888 2949 2958 τὴν
2980 2889 3090 2958 (46)
3119 2888 3219 2957 τῆς
3267 2889 3516 2959 θεότητος
3547 2889 3685 2952 δόξαν
3712 2904 3762 2939 τε

2224 2977 2316 3031 καὶ
2347 2976 2725 3047 λαμπρότητα,
2754 2978 2833 3029 ὅτι
2862 2978 3009 3048 αὐτῷ
3039 2979 3234 3048 ἡδόξα,
3265 2980 3359 3031 καὶ
3384 2981 3417 3049 ἡ
3446 2979 3588 3049 τιμὴ,
3631 2980 3765 3048 καὶὴ

2225 3068 2592 3140 προσκύνησις
2617 3071 2696 3132 εἰς
2722 3071 2847 3133 τοὺς
2880 3069 3083 3133 αἰῶνας
3113 3070 3222 3123 τῶν
3253 3071 3485 3125 αἰώνων.
3531 3071 3703 3140 Ἀμήν.

2226 3506 2575 3632 ίηξὲἶιίἔαί.
2610 3506 2701 3562 Sic
2731 3506 2901 3579 Regg.
2925 3508 3037 3577 bm,
3063 3508 3159 3580 pb,
3182 3508 3276 3565 0r.
3297 3510 3351 3574 1,
3376 3520 3428 3564 et
3457 3509 3601 3565 Pass.
3630 3508 3776 3563 Deest

2289 3646 2402 3719 (44)
2458 3646 2643 3719 Ὑμῖν.
2676 3646 2767 3719 Sic.
2823 3648 2939 3719 duo
2964 3648 3157 3719 Regg.,
3196 3658 3248 3703 et
3290 3649 3442 3703 Pass.
3489 3648 3573 3702 Sic
3623 3649 3775 3704 etiam

2215 3715 2427 3789 videtur
2452 3715 2655 3789 legisse
2676 3718 2893 3789 Dillius.
2926 3718 2979 3771 lu
3015 3715 3126 3780 edI,
3154 3720 3309 3789 ἡμῖν.

2285 3786 2398 3854 (45)
2450 3788 2635 3839 Ἐστί.
2670 3788 2762 3842 Sic
2793 3788 2923 3857 Reg.
2953 3790 3044 3857 ph.
3083 3786 3241 3843 Deest
3273 3792 3327 3842 in
3358 3788 3443 3842 ed.

616 3860 738 3930 (l2)
779 3858 1142 3925 Ἀποδιὸούς.
1200 3859 1447 3928 Quinque
1510 3857 1702 3928 Regg.,
1752 3866 1807 3911 et
1859 3854 2026 3911 Coisl.
2061 3854 2113 3918 1,

543 3860 739 3984 angi),
779 3858 1142 3925 Ἀποδιὸούς.
1200 3859 1447 3928 Quinque
1510 3857 1702 3928 Regg.,
1752 3866 1807 3911 et
1859 3856 2026 3911 Coisl.
2061 3856 2112 3918 1,

714 3946 794 3993 υς.

2284 3856 2396 3927 (46)
2448 3857 2855 3924 Ἀνυψοῦντες
2878 3856 3037 3924 τήν.
3072 3859 3163 3913 Sic
3193 3861 3299 3913 duo
3348 3860 3510 3925 licgg.
3535 3858 3588 3912 ln
3616 3858 3773 3913 Coisl.

2220 3926 2268 3993 l,
2295 3926 2678 3993 ἀνυμνοῠντες,
2713 3946 2732 3979 ι
2757 3929 3112 3983 celebrantes.
3137 3948 3156 3981 ›
3197 3928 3358 3983 Deest
3392 3932 3486 3993 τήν
3516 3930 3563 3983 in
3590 3932 3679 3983 ed.

2213 3926 2268 3993 1,
2295 3926 2678 3995 ἀνυμνοῦντες,
2713 3946 2732 3979 ι
2757 3929 3112 3983 celebrantes.
3137 3948 3156 3981 ›
3197 3928 3358 3983 Deest
3392 3932 3486 3999 τήν
3516 3930 3563 3983 in
3590 3932 3679 3983 ed.

1106 4207 1269 4280 375
1349 4223 1922 4313 MONITUM
2005 4227 2131 4312 IN
2208 4222 2921 4315 ORATIONEM
2992 4226 3219 4317 xx:

625 4555 678 4618 Ι.
728 4554 1058 4617 Defunctis
1105 4552 1397 4629 Gregorii
1449 4546 2290 4629 [tarentiliustipsm‘juxta
2345 4544 2841 4629 probabiliorem
2878 4547 3279 4629 opinionem,
3329 4547 3613 4629 abdicata
3658 4550 3791 4629 Na-

549 4634 870 4695 zianzenm
910 4631 1212 4692 Ecclesia:
1239 4623 1638 4703 curafanno
1684 4629 1802 4689 375
1848 4623 2201 4688 Se’lenciam
2261 4642 2351 4703 se,
2381 4623 2672 4684 contulit.
2726 4625 2822 4686 Ibi
2882 4642 2991 4702 per
3043 4627 3399 4687 triennium
3436 4628 3787 4693 solitudini,

549 4713 791 4790 vigiliis
847 4729 919 4770 ac
968 4728 1182 4790 rerum
1233 4709 1584 4790 ccclestium
1630 4705 2156 4790 contemplationi
2194 4702 2491 4790 .dcditus,
2530 4703 2900 4790 hominibus
2954 4703 3087 4766 fere
3128 4704 3503 4790 incognitus
3536 4707 3791 4766 mansit.

546 4780 915 4861 Ve'rum,ob
956 4788 1303 4848 sanctitatis
1339 4798 1399 4846 et
1433 4786 2101 4864 cloquentiaaﬂfamam,
2140 4780 2573 4864 plurimOrum
2624 4782 3184 4864 prtesulum__votis
3248 4780 3597 4861 expetitus,
3652 4796 3715 4845 et
3762 4802 3791 4844 a

547 4858 914 4929 Theodosio
957 4868 1185 4942 Magno
1220 4866 1281 4924 in
1314 4858 2013 4942 Constantinepolitana
2048 4858 2223 4942 sede,
2257 4859 2693 4942 circaaunum
2729 4862 2870 4942 379,
2902 4861 3270 4942 cpllocatns,
3306 4858 3524 4923 eadem
3559 4864 3794 4923 ductri-

553 4962 651 5006 me
701 4964 772 5006 ac
827 4936 1093 5020 pietatis“
1126 4944 1367 5003 semina
1421 4945 1480 5001 in
1535 4936 1755 5000 navem
1801 4940 1922 4998 sibi
1978 4938 2279 5020 creditam
2333 4936 2581 5013 plebem
2631 4939 3261 5020 _sparsit_._lnvaserat
3296 4948 3448 5020 tunc
3493 4949 3795 5017 temporis

547 5014 1159 5098 Constan'tinOpolim
1206 5020 1598 5080 incredibilis
1649 5019 1935 5095 quzedam
1993 5015 2178 5098 quasi
2216 5031 2502 5098 errorum
2531 5014 2801 5098 cohors.
2856 5017 2993 5098 Non
3046 5024 3301 5098 tantum
3325 5014 3647 5091 haeretici,
3690 5022 3789 5078 ενεί

549 5102 677 5181 ipsi
736 5104 927 5181 etiam
958 5092 1263 5181 Catholici
1299 5113 1495 5181 novas
1544 5105 1602 5157 et
1644 5092 2163 5181 perictilosasnde
2198 5094 2384 5180 rebus
2417 5092 3079 5181 divinisqumstiones
3119 5096 3467 5181 agitabant.
3520 5100 3619 5157 Ex
3660 5101 3795 5175 cpi-

550 5172 817 5240 nionum
871 5179 1239 5240 diversitate
1287 5172 1656 5236 oriebantur
1708 5178 1858 5233 rixa:
1902 5182 1960 5231 et
2010 5172 2505 5244 dissensiones;
2560 5177 2856 5249 tantaque
2914 5182 3046 5235 erat
3111 5172 3473 5235 animorum
3543 5172 3793 5243 vis.'e:

548 5256 914 5335 linguarum
965 5257 1243 5336 prurigo,
1285 5266 1351 5315 ut
1394 5256 1471 5315 de
1534 5255 1723 5315 rebus
1779 5250 1974 5312 sacris
2006 5267 2135 5311 non
2173 5249 2381 5309 solum
2433 5250 2692 5326 templa,
2743 5251 2851 5311 sed
2900 5261 2964 5314 et
3000 5251 3134 5314 fora
3170 5259 3231 5313 et
3266 5255 3436 5314 mdes
3486 5256 3793 5316 continuo

594 5343 989 5399 ersonarent.

552 5355 1399 5476 pefffrﬁ‘a‘flgllemeritatem
1442 5410 1742 5491 retundit
1774 5406 2166 5491 Theologus,
2190 5421 2275 5491 ac
2328 5403 2532 5491 primo
2565 5406 2826 5483 quidem
2858 5424 2979 5491 eos
3015 5408 3335 5486 pracipue
3366 5410 3609 5491 carpit,
3663 5412 3790 5487 qui.

548 5509 670 5554 nec
714 5509 1031 5553 sacrarum
1103 5492 1458 5552 litterarum
1513 5488 1877 5563 cognitione
1933 5484 2254 5563 instructi,
2296 5486 2620 5563 necui/itte
2673 5484 3645 5556 sanctitatecommendabiles.
3688 5484 3791 5548 ὲὼι

555 5570 998 5647 theologorum
1074 5585 1310 5647 nomen
1352 5560 1751 5647 arroganter
1806 5561 2228 5647 ascribebaut.
2270 5560 2949 5647 APIuribusﬂexemplis
3008 5582 3083 5625 ex
3135 5566 3463 5647 Scriptura
3534 5567 3791 5642 prolatis

551 5641 856 5729 ostendit,
914 5664 1040 5709 non
1076 5646 1311 5729 cuique
1349 5645 1594 5729 licitum
1644 5660 1782 5703 esse
1832 5644 2057 5729 Sancta
2109 5645 2510 5729 sanctorum_
2545 5641 2741 5729 adire,
2783 5641 2877 5729 vel
2934 5650 3247 5729 spectare,
3275 5641 3409 5729 'vel_
3457 5647 3790 5727 attingere.

549 5724 663 5787 sed
703 5718 845 5786 illis
881 5732 1123 5787 tantum
1176 5718 1289 5802 qui
1336 5742 1378 5805 at
1419 5724 1552 5788 Deo
1607 5729 1756 5784 sunt
1801 5718 2030 5793 vocati,
2083 5725 2144 5781 et
2188 5718 2439 5795 seipsos
2496 5718 2764 5783 hostiam
2823 5718 3165 5796 viventem,
3208 5721 3343 5785 imo
3391 5718 3667 5801 ipsum'
3690 5726 3793 5787 Dei
