3852 6408
490 423 629 482 m5?
1691 418 1748 473 S.
1789 413 2120 473 GREGOHII
2161 411 2509 470 TllEOLOGI
3593 408 3703 465 MSS

485 545 748 617 paulatim
775 540 1091 610 abrumpat,
1126 537 1210 592 vel
1257 536 1494 591 divinum
1539 549 1735 588 numen
1765 533 2052 604 propitium

2165 545 2327 597 νοιαν,
2387 529 2419 600 ἢ
2471 528 2647 599 ψυχῆς
2706 526 3022 581 ἐπιστασίαν
3059 522 3341 590 δέξασθαι,
3399 523 3436 596 ἢ
3489 524 3705 593 θεολογις

488 635 720 698 sentiat,
753 640 844 684 aut
872 637 1158 698 utrumque
1206 627 1397 682 borum
1433 625 1667 686 habeat,
1713 640 1778 678 ac
1821 632 2054 678 mentem

2165 621 2513 694 προσϐαλεῖν,
2540 621 2640 673 οὐκ
2666 619 2906 690 ἀσφαλὲς
2937 614 3076 689 εἶναι
3103 616 3379 686 γινώσκω.

487 732 720 785 maxima
770 741 891 783 cum
925 724 1200 795 diligentia
1254 723 1318 776 ad
1371 721 1614 776 cmlestia
1689 720 1928 790 dirigat,
1990 718 2120 786 vix,
2167 717 2417 787 inquam,
2464 726 2734 770 terrenam
2789 717 2928 770 hanc
2983 712 3176 768 molem
3216 713 3468 766 deorsum
3504 709 3703 764 trabea-

488 835 596 879 tem
659 836 918 894 superare
977 817 1198 889 poterit.
1259 814 1584 884 Priusquam
1647 824 1828 868 autem
1896 827 2054 876 eam,
2129 822 2394 881 quantum
2484 810 2601 865 ﬁeri
2663 818 2877 880 potest,
2925 806 3412 878 superaverimus,
3467 818 3709 872 auresque

487 925 699 973 nostras
732 925 788 970 et
819 913 1015 969 mentis
1046 913 1218 965 aciem
1246 907 1381 963 satis
1449 906 1953 976 repurgaverimus,
2014 903 2319 958 animarum
2386 919 2576 959 curam
2638 903 2914 974 suscipere
2936 941 2953 968 ,
2991 907 3086 955 aut
3114 899 3182 954 ad
3211 911 3394 952 rerum
3427 893 3707 950 divinarum

486 1011 964 1085 pertractationem
991 1007 1251 1063 accedere
1277 1003 1698 1073 haudquaquam
1735 1011 1905 1055 tututn
1930 1015 2051 1055 esse
2090 1001 2251 1057 duco.

557 1105 627 1161 ll.
660 1105 738 1159 Ac
791 1118 856 1157 ne
907 1117 992 1156 me
1045 1099 1183 1152 forte
1238 1094 1590 1158 timidiorem,
1625 1109 1787 1163 quant
1821 1107 1919 1161 par
1950 1093 2056 1159 sit,

487 1197 842 1263 existimetis,
899 1195 991 1249 sed
1025 1189 1313 1247 consilium
1345 1187 1521 1256 potius
1550 1193 1794 1240 nostrum
1826 1185 2064 1254 pruden-

489 1294 730 1359 tiamque
769 1284 1160 1355 comprobetis,
1197 1282 1340 1337 unde
1375 1281 1428 1334 in
1475 1279 1620 1333 hunc
1652 1287 1854 1331 metum
1899 1277 2058 1332 indu-

488 1394 611 1438 ctus
660 1381 892 1442 fuerim,
957 1391 1252 1446 exponam.
1332 1373 1571 1427 Primum
1641 1369 1807 1439 igitur
1843 1384 1908 1423 ex
1943 1368 2061 1438 ipso

488 1472 732 1543 Moyse“
767 1467 951 1531 audio,
983 1481 1088 1536 quo
1109 1465 1270 1535 377
1308 1473 1550 1532 tempore
1569 1461 1788 1516 oracula
1840 1461 1888 1515 ei
1920 1460 2060 1516 Deus

487 1564 714 1624 euehat,
750 1558 996 1628 quamvis
1033 1556 1096 1609 ad
1135 1564 1374 1609 montem
1408 1551 1560 1606 multi
1609 1551 1767 1605 acciti
1828 1560 2058 1619 essent,

489 1670 720 1727 quorum
760 1665 898 1706 unus
930 1657 1045 1704 erat
1091 1648 1207 1716 ipse
1238 1647 1414 1699 Aaron
1442 1683 1460 1710 ,
1497 1660 1620 1698 cum
1647 1643 1855 1699 duobus
1888 1644 2013 1699 liliis
2041 1687 2057 1712 ,

491 1753 664 1820 iisque
699 1743 1072 1802 sacerdotibus
1093 1783 1108 1808 ,
1141 1752 1317 1794 tamen
1365 1747 1594 1793 caeteros
1629 1752 1818 1792 omnes
1848 1738 2060 1793 eminus

2235 1095 2310 1149 B'.
2352 1094 2460 1147 Καὶ
2497 1093 2620 1146 ὅθεν
2659 1093 2737 1153 είς
2775 1087 2930 1142 τοῦτο
2973 1087 3222 1159 ὑπήχθην
3259 1087 3320 1139 τὸ
3346 1086 3487 1149 δέος,
3541 1085 3624 1138 ἵνα
3657 1085 3710 1156 μή

2167 1205 2235 1259 με
2276 1187 2385 1256 (54)
2425 1185 2517 1239 τοῦ
2547 1185 2754 1246 δέοντος
2786 1182 3081 1252 δειλότερον
3105 1177 3448 1241 ὑπολάϐοιτε,
3472 1174 3608 1228 ἀλλὰ
3643 1176 3712 1227 καὶ

2163 1277 2424 1346 ὲπαινῆτε
2463 1275 2560 1346 τῆς
2596 1271 2955 1345 προμηθείας,
2997 1267 3176 1322 ἀκούω
3235 1266 3333 1337 μὲν
3373 1263 3540 1318 αὐτοῦ
3575 1264 3713 1317 Mulio-

2166 1369 2320 1432 σέως,
2355 1367 2515 1439 ἡνίκα
2546 1362 2911 1435 ἐχρημάτιζεν
2943 1344 3090 1430 αὐτῷ
3117 1359 3144 1410 ὁ
3173 1357 3328 1422 Θεὸς,
3364 1358 3447 1410 ὅτι
3478 1354 3711 1408 πλειόνων

2166 1465 2244 1525 εἰς
2285 1461 2345 1514 τὸ
2379 1461 2502 1530 ὄρος
2543 1455 3057 1528 προσκεκλημένων,
3087 1449 3162 1506 ὧν
3192 1446 3272 1515 εἷς
3295 1447 3363 1522 ἦν
3395 1449 3491 1502 καὶ
3531 1449 3712 1519 Ἀαρὼν

2169 1555 2266 1608 σὺν
2307 1555 2419 1616 τοῖς
2445 1552 2630 1604 παισὶν
2657 1547 2821 1603 αὑτοῦ
2847 1549 2958 1610 τοῖς
2987 1546 3078 1600 δύο
3119 1547 3230 1608 τοῖς
3271 1542 3533 1614 ἱερεῦσιν,
3561 1543 3606 1594 οἱ
3632 1541 3710 1612 μὲν

2167 1641 2342 1696 λοιποὶ
2379 1642 2578 1703 πάντες
2606 1636 2980 1710 προσκυνῆσαι
3007 1633 3286 1706 πόρρωθεν
3319 1631 3709 1699 ἐκελεύσθησαν,

2168 1733 2384 1802 ἐγγίσαι
2405 1731 2461 1784 δὲ
2489 1730 2726 1801 Μωύσῆς
2754 1729 2932 1799 μόνος,
2961 1727 3020 1780 ού
3054 1724 3415 1794 συναναϐῆναι
3457 1723 3515 1776 δὲ
3541 1723 3566 1773 ὁ
3585 1722 3707 1784 λαός.

491 1835 917 1905 adorarejussos
943 1847 1066 1888 esse
1092 1872 1107 1898 ,
1138 1830 1372 1900 Moysen)
1405 1839 1584 1882 autem
1624 1829 1798 1883 solum
1828 1829 1894 1883 ad
1929 1845 2052 1884 eum

2165 1826 2270 1878 Καὶ
2312 1822 2504 1896 μικρὸν
2538 1821 2642 1894 πρὸ
2672 1820 2897 1884 τούτων,
2925 1819 3048 1881 τοὺς
3077 1819 3174 1888 μὲν
3209 1815 3404 1878 ἄλλους
3437 1814 3710 1886 ἀστραπαὶ,

497 1932 716 2002 propius
746 1927 1080 1989 accessisse,
1123 1923 1377 1994 pepulttm
1425 1936 1556 1977 vero
1596 1936 1662 1976 ne
1721 1921 1880 1975 simul
1928 1922 2056 1992 qui-

491 2024 614 2080 dem
652 2021 984 2078 ascendisse.
1035 2019 1211 2086 Atque
1239 2057 1255 2082 ,
1310 2024 1368 2068 ut
1401 2014 1529 2068 item
1565 2015 1843 2083 aliquanto
1898 2031 2058 2085 supe-

489 2117 603 2170 rius
638 2121 862 2177 narrat,
887 2110 1020 2164 alios
1047 2108 1255 2178 fulgura
1277 2148 1291 2172 ,
1331 2106 1597 2168 tonitrua,
1628 2106 1876 2160 tubarum
1911 2106 2060 2159 elan-

488 2221 608 2278 εον,
650 2214 704 2259 et
753 2218 908 2257 mons
962 2200 1109 2254 fumo
1165 2198 1530 2254 circumfusus
1564 2198 1632 2264 ³³,
1683 2208 1738 2253 et
1777 2198 2062 2253 horrenda:

491 2297 985 2355 comminationes,
1021 2307 1184 2364 atque
1237 2291 1545 2362 ltujusmodi
1606 2302 1842 2347 terrores
1901 2292 2058 2347 deor--

491 2404 610 2443 sum
640 2386 928 2449 sistebant,
960 2385 1094 2439 adeo
1133 2393 1188 2438 ut
1221 2383 1320 2452 ipsi
1359 2383 1615 2454 praeclare
1638 2399 1818 2438 secum
1851 2383 1934 2454 agi
1965 2399 2058 2436 ar-

487 2479 846 2542 bitrarentur,
888 2476 1034 2547 quod
1069 2474 1151 2530 vel
1191 2476 1360 2530 solam
1411 2475 1504 2529 Dei
1536 2489 1722 2529 vocem
1771 2476 2060 2543 audirent,

491 2572 654 2640 idque
680 2571 782 2624 hac
814 2569 929 2638 lege
950 2606 967 2632 ,
988 2575 1048 2622 ut
1077 2581 1290 2622 summo
1335 2565 1486 2635 prius
1533 2566 1715 2621 studio
1751 2567 1961 2633 seipsos
1993 2570 2062 2623 ab

2167 1920 2262 1973 καὶ
2307 1915 2544 1990 βρονταὶ,
2587 1913 2680 1967 καὶ
2713 1912 3029 1980 σάλπιγγες,
3059 1911 3153 1963 καὶ
3187 1908 3305 1962 ὅλον
3339 1906 3711 1975 καπνιζόμενον

2167 2015 2226 2069 τὸ
2258 2013 2400 2082 ὅρος,
2435 2008 2527 2062 καὶ
2560 2004 2780 2060 ἀπειλαὶ
2819 2002 3128 2074 φρικώδεις,
3160 2001 3254 2053 καὶ
3292 1997 3519 2052 τοιαῦτα
3550 1997 3714 2066 δείμαο

2165 2127 2232 2162 τα
2263 2108 2384 2179 ἵστη
2419 2105 2570 2158 κάτω
2592 2119 2604 2130 °
2646 2100 2738 2154 καὶ
2772 2099 2911 2170 μέγα
2939 2092 3008 2167 ἦν
3034 2095 3214 2156 αὐτοῖς
3250 2091 3486 2145 ἀκούσαι
3518 2090 3610 2160 τῆς
3635 2087 3710 2140 τοῦ

2167 2199 2300 2255 Θεοῦ
2335 2198 2516 2269 φωνῆς
2545 2196 2722 2267 μόνον,
2759 2192 2852 2245 καὶ
2877 2189 3047 2243 ταῦτα
3068 2183 3124 2240 εὗ
3155 2185 3297 2258 μάλα
3333 2183 3709 2253 ἁγνισαμένοις.

2168 2291 2407 2360 Μωῡσῆς
2441 2289 2497 2341 δὲ
2534 2286 2626 2340 καί
2654 2285 2846 2345 ἄνεισι,
2879 2280 2973 2333 καὶ
3008 2278 3105 2348 τῆς
3133 2275 3364 2347 νεφέλης
3390 2274 3522 2326 εἴσω
3549 2275 3708 2341 χωρεῖ,

2169 2386 2262 2439 καὶ
2282 2382 2398 2453 Θεῷ
2430 2379 2759 2449 συγγίνεται,
2792 2375 2886 2428 καὶ
2912 2373 3122 2442 δέχεται
3147 2369 3329 2438 νόμον,
3354 2369 3467 2428 τοῖς
3490 2367 3584 2436 μὲν
3609 2363 3711 2416 πολ-

2167 2472 2278 2534 λοῖς
2305 2469 2395 2522 τὸν
2423 2467 2517 2520 τοῦ
2543 2464 2885 2537 γράμματος,
2914 2463 3026 2524 τοῖς
3057 2458 3113 2512 δὲ
3154 2457 3296 2530 ὑπὲρ
3342 2458 3471 2520 τοὺς
3516 2453 3712 2516 πολλοὺς

2167 2565 2258 2618 τὸν
2285 2561 2379 2616 τοῦ
2413 2558 2740 2629 πνεύματος.

491 2637 638 2715 omni
689 2661 806 2716 labe
844 2637 1154 2729 purgarent.
1206 2658 1276 2711 At
1309 2656 1543 2728 Moyses,
1577 2667 1634 2713 et
1680 2659 1925 2714 ascendit
1954 2698 1969 2723 ,
2002 2668 2057 2714 et
2099 2659 2293 2714 nubem
2364 2662 2645 2724 penetrat,
2669 2659 2723 2704 et
2759 2663 2880 2702 cum
2943 2645 3054 2700 Deo
3087 2640 3460 2714 congreditur,
3486 2646 3541 2693 et
3558 2637 3710 2706 legem

493 2751 720 2820 accipit,
752 2752 816 2806 iis
849 2728 1102 2820 quidem,
1137 2748 1227 2818 qui
1270 2763 1301 2803 e
1336 2748 1492 2817 vulgo
1525 2758 1690 2814 sunt,
1723 2749 2014 2806 litteralem
2039 2788 2056 2816 ,
2097 2749 2163 2805 iis
2216 2755 2428 2810 autem,
2474 2744 2560 2812 qui
2615 2755 2774 2809 supra
2848 2735 3034 2807 vulgus
3098 2739 3431 2803 assurgunt,
3473 2728 3703 2799 spiritua-

491 2847 621 2903 lem.

565 2938 650 2994 Ill.
684 2938 820 2991 Tum
846 2936 1008 2990 etiam
1047 2933 1174 2989 illud
1199 2974 1213 2996 ,
1238 2921 1379 3003 quod
1413 2933 1530 2990 Heli
1570 2936 1839 2991 sacerdoti
1869 2938 1938 3003 ¹”’,
1980 2945 2058 2993 at-

2234 2931 2308 2983 l".
2350 2924 2606 2980 Γινώσκω
2623 2923 2678 2976 δὲ
2712 2921 2861 2975 Ἠλεί
2880 2917 2969 2972 τὸν
3004 2917 3152 2988 ἱερέα
3180 2956 3195 2981 ,
3233 2915 3328 2968 καὶ
3361 2912 3554 2984 μικρὸν
3577 2909 3711 2964 ὔστε-

493 3047 598 3103 que
626 3031 901 3099 aliquanto
933 3037 1051 3097 post
1077 3025 1196 3082 Oste
1221 3027 1266 3059 ²⁵
1301 3027 1534 3091 accidit,
1565 3027 1844 3098 cognitum
1879 3038 1934 3084 et
1955 3044 2053 3083 ex-

493 3127 762 3197 ploratum
789 3121 962 3176 habeo
989 3142 1000 3174 :
1027 3135 1254 3190 quorum
1284 3119 1422 3174 alter
1443 3119 1666 3174 sceleris
1697 3120 1860 3175 etiam
1893 3119 2058 3186 illius,

493 3213 636 3288 qt’tod
677 3213 773 3268 ﬁlii
807 3213 1067 3266 adversus
1093 3210 1362 3265 sacriﬁcia
1398 3211 1810 3266 committebant
1833 3251 1848 3276 ,
1877 3226 2064 3280 ptenas

491 3309 686 3392 splvit,
718 3307 877 3374 idque
906 3319 1027 3359 cum
1059 3318 1244 3357 eorum
1269 3302 1596 3372 impietatem
1620 3318 1724 3356 non
1762 3304 1922 3357 modo
1957 3319 2062 3358 non

491 3401 804 3471 probasset,
841 3411 1027 3450 verum
1071 3395 1236 3449 etiam
1301 3394 1527 3450 multum
1584 3409 1649 3450 ac
1685 3410 2062 3464 saepenumero

493 3493 640 3563 ipsos
686 3492 789 3547 hoc
835 3489 1052 3543 nomine
1083 3487 1461 3558 objurgasset;
1494 3489 1652 3550 alter,
1707 3489 1847 3556 quod
1879 3503 2061 3543 arcam

493 3585 666 3638 solum
694 3600 721 3636 a
755 3583 888 3636 bove
921 3582 1261 3643 distractam,
1297 3589 1517 3650 tangere
1539 3595 1701 3635 ausus
1732 3591 1912 3647 esset;
1941 3597 2060 3635 eam

493 3677 709 3750 quidem
740 3673 1064 3729 incolumem
1095 3674 1368 3740 servavit,
1395 3674 1510 3742 ipse
1540 3687 1669 3726 vero
1706 3673 1909 3727 interiit
1936 3692 1950 3739 ;
1983 3674 2062 3728 sic

494 3768 750 3822 nimirum
808 3766 946 3820 Dens
1002 3763 1402 3819 venerationem
1461 3779 1602 3818 arcae
1653 3779 1768 3817 sua:
1826 3763 2061 3817 debitam

501 3862 776 3915 tuebatur.
813 3858 951 3924 Quin
983 3856 1111 3910 illud
1141 3869 1355 3926 quoque
1396 3855 1528 3909 mihi
1561 3866 1902 3924 perspectum
1939 3864 2058 3919 est,

497 3968 567 4008 ne
608 3953 842 4021 parietes
889 3949 1107 4018 quidem
1146 3946 1327 4017 templi
1373 3947 1695 4014 promiscua:
1729 3946 2062 4001 multitudini

493 4046 810 4114 contingere
870 4041 1122 4102 licuisse,
1184 4053 1356 4107 eaque
1403 4038 1469 4092 de
1532 4054 1691 4093 causa
1757 4038 2053 4106 parietibus

494 4136 639 4198 aliis,
672 4133 866 4202 quibus
905 4128 981 4183 illi
1023 4127 1392 4197 cingerentur,
1427 4142 1564 4195 Opus
1595 4126 1761 4180 fuisse
1791 4145 1805 4179 :
1840 4142 1939 4180 net:
1975 4141 2062 4180 sa-

493 4226 694 4281 criﬁcia
735 4224 848 4292 ipsa
891 4239 920 4276 a
966 4211 1198 4290 quibus,
1231 4228 1322 4273 aut
1356 4219 1607 4288 quando,
1648 4229 1740 4271 aut
1799 4219 1888 4272 ubi
1953 4233 2056 4272 non

2169 3043 2258 3097 ρον
2295 3021 2452 3085 Ὀζᾶν
2481 3036 2602 3072 τινα
2625 3032 2638 3045 ⁸
2668 3017 2754 3069 τὸν
2809 3015 2904 3085 μὲν
2955 3014 3048 3066 καὶ
3086 3010 3227 3081 ὑπὲρ
3254 3009 3356 3080 τῆς
3386 3007 3497 3060 τῶν
3532 3006 3712 3060 παίδων

2166 3096 2510 3188 παρανομίας
2552 3108 2916 3179 ἀπαιτηθέντα
2966 3105 3141 3175 δίκην,
3184 3104 3250 3174 ἢν
3313 3100 3554 3171 ἐτόλμων
3593 3096 3714 3151 κατὰ

2165 3207 2271 3262 τῶν
2304 3204 2523 3269 θυσιῶν,
2560 3203 2654 3255 καὶ
2685 3199 2854 3254 ταῦτα
2882 3199 2980 3250 οὐκ
3005 3196 3402 3266 ἀποδεχόμενον
3439 3191 3608 3248 αὐτῶν
3632 3190 3717 3261 τὴν

2165 3299 2437 3361 ἀσέϐειαν,
2488 3295 2622 3350 ἀλλὰ
2667 3292 2840 3346 πολλὰ
2886 3290 3142 3354 πολλάκις
3182 3288 3605 3359 ἐπιτιμήσαντα·
3638 3283 3715 3336 τὸν

2163 3394 2240 3455 δὲ,
2280 3392 2361 3445 ὅτι
2399 3389 2498 3459 τῆς
2543 3385 2772 3442 κιϐωτοῦ
2813 3382 3018 3454 ψαῦσαι
3050 3382 3325 3453 τολμήσας
3365 3380 3545 3450 μόνον,
3582 3393 3719 3446 περι-

2160 3483 2495 3553 νσπασθείσης
2553 3478 2656 3533 ὑπὸ
2690 3477 2782 3531 τοῦ
2827 3478 3047 3548 μόσχου,
3081 3473 3178 3545 τὴν
3210 3473 3308 3544 μὲν
3342 3469 3717 3542 περιεσώσατο,

2163 3577 2323 3638 αὐτὸς
2350 3575 2407 3628 δὲ
2431 3552 2697 3633 ἆπώλετο,
2727 3570 3088 3640 φυλάσσοντος
3111 3565 3312 3638 δηλαδὴ
3345 3564 3456 3634 (55)
3485 3562 3576 3616 τοῦ
3597 3552 3723 3614 Θεού

2161 3673 2226 3740 τῇ
2255 3665 2470 3736 κιϐωτῷ
2505 3665 2568 3718 τὸ
2610 3663 2919 3731 σεϐάσμιον.
2957 3656 3086 3714 Οἶδα
3110 3659 3153 3712 δ’
3183 3656 3294 3727 ἐγὼ
3322 3656 3454 3727 μηδὲ
3481 3654 3587 3708 τῶν
3618 3652 3720 3706 τοία

2162 3777 2273 3830 χων
2309 3757 2402 3811 τοῦ
2439 3755 2584 3828 ἱεροῦ
2613 3754 2816 3824 ψαῦσαι
2849 3754 2960 3815 τοῖς
3002 3749 3214 3813 πολλοῖς
3257 3748 3317 3802 ὃν
3346 3745 3606 3817 ἀσφαλὲς,
3638 3743 3722 3796 καὶ

2161 3851 2249 3904 διὰ
2269 3849 2426 3902 τοῦτο
2455 3847 2654 3921 ἐτέρων
2685 3844 2978 3916 ἐδεήθησαν
3004 3841 3114 3914 (56)
3145 3841 3340 3910 τοίχων
3369 3839 3476 3892 τῶν
3508 3836 3718 3905 ἔξωθενο

2165 3941 2299 4012 μηδὲ
2339 3940 2436 4004 τὰς
2477 3939 2665 4001 θυσίας
2700 3936 2888 4000 αὑτὰς,
2923 3935 3013 4004 ὑφ’
3043 3929 3140 3996 ὧν,
3173 3933 3270 3986 καὶ
3298 3933 3408 3993 ὅτε,
3439 3930 3534 3984 καὶ
3565 3923 3625 3983 οὗ
3656 3926 3724 3998 μὴ

2162 4033 2398 4105 καθῆκον
2443 4027 2531 4103 ἦν,
2568 4028 2981 4084 ἀναλίσκεσθαι·
3034 4025 3288 4079 τοσούτου
3331 4023 3442 4076 δεῖν
3497 4021 3629 4093 πρὸς
3664 4017 3725 4070 τὰ

2163 4126 2330 4195 Ἂγια
2361 4124 2468 4179 τῶν
2509 4124 2676 4192 ἁγίων
2715 4122 3044 4193 προσφοιτᾷν
3083 4117 3409 4190 θαρροῦντα,
3449 4115 3482 4186 ἦ
3527 4112 3639 4185 (57)
3669 4111 3725 4164 τδ

2161 4217 2574 4286 καταπέτασμα,
2617 4214 2650 4286 ἢ
2707 4215 2769 4267 τὸ
2823 4213 3154 4284 ἱλαστήριον,
3203 4210 3235 4282 ἢ
3282 4209 3381 4280 τὴν
3414 4203 3725 4273 mancum!

491 4315 882 4379 conveniebat,
912 4310 1154 4367 consumi
1202 4307 1358 4363 solita
1401 4323 1522 4362 esse
1553 4327 1568 4362 :
1603 4308 1796 4362 nedum
1835 4309 2004 4361 cuivis
2034 4349 2050 4374 ,

2165 4307 2520 4378 προσϐλέπειν
2553 4303 2689 4360 εἶναι
2714 4305 2930 4368 παντὸς.
2963 4303 2995 4372 ἢ
3029 4299 3459 4374 προσάπτεσθαι.

491 4424 585 4468 aut
612 4414 809 4467 Sancta
832 4420 1180 4470 sanctorum,
1207 4416 1300 4459 aut
1346 4405 1588 4459 velamen
1616 4441 1631 4470 ,
1668 4413 1760 4458 aut
1785 4403 2255 4474 pr0pitiatoriutn,
2292 4413 2386 4458 aut
2411 4419 2592 4459 arcam
2633 4402 2864 4470 denique
2921 4399 3106 4463 adire,
3167 4400 3252 4452 vel
3315 4405 3591 4465 spectare,
3653 4391 3729 4444 vd

491 4510 792 4578 attingere,
824 4507 1054 4561 liberum
1087 4503 1272 4557 fuisse.

567 4607 654 4660 IV.
683 4604 808 4671 Qua:
833 4619 952 4657 cum
981 4602 1096 4670 ipse
1139 4600 1332 4664 norim,
1363 4597 1600 4668 illudque
1629 4606 1896 4668 praeterea
1919 4642 1933 4665 ,
1963 4614 2060 4653 ne-

489 4700 689 4753 minem
730 4711 926 4767 magno
959 4695 1100 4759 Deo,
1135 4702 1189 4749 et
1241 4691 1510 4748 sacriﬁcio
1537 4730 1552 4758 ,
1581 4700 1636 4745 et
1684 4691 1940 4761 pontiﬁce
1970 4692 2055 4744 di-

493 4801 495 4806 ’
559 4837 604 4867 ει
636 4835 804 4889 Exod.
847 4848 959 4899 xu,
997 4831 1054 4887 δ.
1089 4830 1383 4888 ¹³ἱὺῑά.16.
1430 4827 1476 4860 ’⁸
1508 4825 1524 4880 l
1553 4827 1689 4898 Reg-
1727 4841 1799 4891 W-
1835 4825 1901 4879 12
1931 4840 2052 4894 sqq-

561 4950 673 5021 (54)
705 4946 807 5021 Μή
836 4964 930 5021 με.
965 4945 1055 5021 Sic
1087 4943 1194 4998 duo
1235 4942 1422 5011 Regg.,
1457 4941 1560 4996 duo
1587 4941 1763 5006 Colb.,
1787 4941 1880 4996 Or.
1918 4941 1971 5006 1,
2002 4949 2058 4995 et

489 5015 732 5077 Coinbel'.
760 5019 814 5072 In
837 5015 950 5076 'ed.,
987 5015 1146 5082 μήτε.

559 5089 672 5159 (55)
712 5086 948 5159 Δηλαδή
1007 5081 1162 5159 Deest
1193 5083 1244 5134 in
1277 5081 1519 5159 pluribus
1547 5081 1704 5159 codd:

489 5232 516 5286 1
723 5150 1106 5225 Ἐδεήθὴσαν.
1139 5155 1254 5208 Duu
1287 5153 1472 5222 ltegg.,
1509 5163 1618 5206 tres
1653 5150 1831 5216 Colb.,
1859 5161 1915 5206 et
1956 5150 2053 5203 Or.

527 5271 542 5286 .
669 5245 826 5286 ησαν.

527 5271 542 5296 ,
580 5245 826 5296 εοεησαν.

561 5248 826 5422 (ἓρῖῗῗὲ.
844 5299 1000 5352 Deest
1031 5295 1085 5350 in
1134 5294 1340 5348 duobus
1383 5291 1574 5362 Regg.,
1610 5291 1828 5347 totidem
1875 5290 2052 5355 Colb.,

621 5391 663 5422 l'.
730 5411 742 5422 .

487 5383 540 5427 et
571 5376 663 5426 Ur.
691 5376 742 5424 1.

560 5442 670 5513 (58)
713 5435 1119 5513 Synodus_Cl‘.,
1146 5449 1302 5513 anno
1336 5431 1705 5513 ilfiﬁdiabita,
1742 5432 1881 5513 inter
1911 5434 2060 5513 testif

488 5502 667 5566 monia
725 5502 912 5564 contra
970 5507 1214 5561 ltmresint
1270 5503 1535 5558 Sotericlti
1607 5502 1847 5555 scholion
1908 5502 2060 5556 aﬂ'ert

488 5583 670 5635 Basilii
703 5581 907 5634 minimi
932 5581 998 5632 ad
1028 5580 1168 5630 hunc
1196 5575 1388 5638 locum,
1413 5575 1500 5641 qui
1531 5571 1608 5625 sic
1637 5586 1696 5625 se
1718 5573 1878 5625 liabet
1903 5589 1917 5625 :
1949 5571 2058 5625 Τοῦ

491 5654 782 5720 Θεολότου
806 5651 874 5703 ἐκ
903 5647 1010 5702 τοῦ
1035 5648 1218 5720 λόγου
1251 5644 1408 5720 τοῦ--ι
1432 5639 1572 5720 Περὶ
1609 5641 2062 5720 θεοέρχίαςηξιαί

487 5711 911 5784 καταστάσεως
931 5711 1292 5771 ἐπισκὸπων.
1309 5734 1328 5767 ι
1350 5714 1675 5784 Κείμενονιέ
1695 5711 1799 5764 Τόῡ
1825 5712 2061 5784 μεγάλου

488 5793 638 5870 ρεοῦ-
668 5791 760 5844 καὶ
792 5781 1030 5870 θύματος
1069 5781 1520 5870 καὶιριρχιςερέως.
1545 5781 1908 5870 »ΑἘρμῃνεςα
1965 5781 2059 5865 τοῦ

487 5865 768 5935 ἐλαχίστου
796 5849 1095 5914 Βασιλείου,
1129 5876 1147 5909 ι
1169 5849 1414 5923 Μεγάλου
1445 5854 1544 5923 μὲν
1572 5849 1829 5906 Θεοῦτοῦ
1857 5851 2060 5919 Κυρίου

2237 4595 2310 4649 Δ’.
2351 4592 2534 4646 Ταῦτα
2557 4587 2647 4644 οὖν
2677 4587 2830 4651 εἰδὼς
2855 4586 2982 4656 ἐγὼ,
3013 4585 3107 4638 καὶ
3130 4585 3211 4637 ὅτι
3245 4579 3435 4652 μηδεὶς
3466 4578 3620 4644 ἄξιος
3645 4573 3731 4628 τού

2172 4689 2406 4762 μεγάλου
2449 4684 2604 4749 Θεοῦ,
2636 4684 2730 4737 καὶ
2759 4681 2994 4752 θύματος
3025 4677 3160 4747 (58),
3195 4677 3291 4730 καὶ
3318 4673 3647 4746 ἀρχιερέως,
3679 4668 3733 4732 ὃς

2128 4824 2172 4857 ⁸⁸
2197 4822 2239 4876 ll
2269 4822 2398 4892 Reg.
2430 4837 2511 4886 vr,
2539 4818 2592 4872 6.

2155 4937 2312 5009 ἡμῶν
2350 4935 2524 5009 Ἰησοῦ
2576 4928 3013 5009 Χριστοῦλλέγει,
3061 4926 3175 5009 an:
3219 4924 3463 5009 οὐχὶὶοῦ
3492 4925 3732 5009 ’ῌατρδξ

2154 4995 2251 5061 ν’ύν
2273 5024 2285 5036 ·
2318 4995 2477 5059 τοῦτο
2510 4995 2882 5072 σημειούμεοα
2914 4995 3048 5070 πρὸς
3074 4995 3314 5072 *τουςτρ
3664 4995 3730 5062 τῷ

2153 5077 2329 5149 Πατρὶ
2360 5076 2510 5149 μόνῳ,
2547 5065 2999 5149 τὶὲριγρὲιφοῖταέξ»
3032 5065 3108 5136 τῷ
3132 5068 3183 5149 ,δ’
3207 5066 3320 5149 Υίεῐδ
3345 5065 3413 5149 τῗι
3445 5067 3735 5149 δεὶδτεραίι

2153 5136 2418 5208 διδόντας·
2453 5136 2697 5214 θύματος
2716 5136 2771 5214 δὲ
2799 5136 2894 5214 καὶ
2923 5139 3222 5214 ἀρχιερέως
3244 5136 3304 5190 τὸ
3342 5136 3441 5206 μὲν
3483 5137 3583 5214 ὡς·⁸
3616 5136 3734 5205 σφι-

2153 5207 2487 5292 γιασθέντος,
2522 5207 2789 5292 καὶμύπέρ
2822 5213 2920 5292 τῆς
2961 5207 3235 5292 ᾖμετέρας
3279 5207 3732 5292 προσενεχθιξηῖς

2155 5277 2456 5356 σωτηρίαςξ
2491 5285 2552 5337 τὺ
2603 5283 2658 5335 δὲ
2809 5277 2906 5356 ούχ
2953 5277 3042 5332 ὑπ’
3070 5277 3252 5356 ᾅλλου,
3279 5278 3391 5356 ,ὑφ’
3430 5277 3642 5330 ἑαυτοῦ

2156 5347 2344 5412 suuer
2369 5347 2672 5418 τεθυκότος,
2704 5353 2796 5405 καὶ
2826 5347 2905 5413 είς
2931 5349 3142 5419 σφαγὴν
3170 5347 3414 5400 ἑκούσιον
3453 5348 3729 5418 προτεθει-

2156 5429 2332 5490 κότος.
2357 5447 2374 5478 ›
2413 5426 2656 5490 Tltcologi
2695 5439 2760 5474 ea,
2792 5422 3022 5473 oratione
3052 5421 3128 5472 De
3154 5419 3420 5490 theologia
3447 5428 3506 5470 et
3535 5421 3728 5490 episco-

2157 5488 2342 5568 porum
2385 5488 3028 5568 constitutigne.__'_l'extus:
3065 5489 3294 5568 cMagni
3329 5488 3518 5568 Debet
3556 5489 3730 5568 hostia

2160 5557 2214 5621 et
2255 5568 2539 5636 pontiﬁcis.
2567 5586 2584 5617 ι
2644 5563 2822 5636 Basilii
2873 5561 3074 5636 ininimi
3110 5557 3488 5628 interpretatio
3516 5572 3535 5610 :
3568 5576 3594 5636 ε
3627 5557 3728 5609 ﬂa-

2160 5626 2323 5704 gtium
2375 5639 2587 5704 quidem
2649 5635 2845 5695 Deum,
2898 5626 3537 5704 Duttt'tnum‘ltoslrum“
3559 5626 3729 5680 Jesutu

2159 5696 2429 5761 Christum
2460 5706 2614 5768 dicit,
2664 5721 2768 5757 non
2809 5714 2984 5754 tamen
3021 5715 3161 5753 nunc
3204 5696 3444 5768 Patrem.
3489 5697 3612 5768 Hoc
3650 5700 3731 5748 ad-

2161 5787 2411 5832 notamus
2460 5767 2717 5830 adversus
2775 5773 2893 5826 illos
2945 5773 3034 5840 qui
3097 5767 3414 5824 vocabulum
3481 5767 3727 5837 lagan-

2161 5847 2311 5903 Patri
2361 5855 2566 5904 tantum
2619 5844 2930 5908 ascribunt,
2987 5840 3121 5896 Filio
3169 5848 3350 5896 autem
3399 5850 3603 5904 partes
3652 5852 3729 5891 δι’

3796 2231 3812 2264 η
