3852 6408
190 467 329 525 1060

925 463 1182 522 ORATIO
1217 463 1336 520 XX.
1377 494 1446 506 ——-
1485 463 1574 518 DE
1615 462 1918 520 DOGMAT.
1958 464 2045 518 ET
2083 464 2402 523 CONSTIT.
2443 466 2661 525 EPISC.

3281 469 3417 528 1070

188 585 268 658 μὴ
297 582 559 658 πρότερον
587 581 773 635 ἑαυτὸν
811 582 1122 654 παρέστησε
1162 581 1239 654 τῷ
1275 581 1393 653 Θεῷ
1428 582 1616 639 θυσίαν
1647 583 1744 648 ζῶ-

1860 599 2016 654 gnum
2060 599 2208 652 esse,
2252 587 2343 656 qui
2384 587 2599 657 quidem
2645 600 2795 658 pnus
2824 589 2940 650 Deo
2965 586 3197 646 hostiam
3223 593 3416 652 viven-

183 695 302 741 σαν,
339 674 537 738 μᾶλλον
553 673 630 739 δὲ,
667 673 792 737 ναὸς
828 673 980 742 ἆγιος
1007 675 1221 744 ἐγένετο
1251 673 1385 727 Θεοῦ
1419 673 1617 739 ζῶντος
1649 675 1742 728 καὶ

180 769 289 833 ζῶν
307 786 322 801 ·
353 769 469 831 πῶς
491 767 524 838 ἢ
556 766 716 830 αὐτὸς
745 767 1046 840 προχείρως
1072 768 1454 839 ὲγχειρήσαιμι
1481 770 1594 831 τοῖς
1615 769 1743 838 περὶ

178 858 314 912 Θεοῦ
366 857 561 927 λόγοις,
601 858 634 928 ἢ
683 856 1028 928 ἀποδέξωμαι
1086 855 1196 928 (59)
1259 856 1350 910 τὸν
1393 857 1744 930 ἐγχειροῦντα

178 947 459 1014 θρασέως;
485 945 600 1000 Οὐκ
632 946 914 1010 ἐπαινετὸς
939 948 972 1001 ὀ
999 945 1162 1011 πόθος
1181 963 1194 976 ·
1221 947 1447 1019 φοϐερὸν
1479 947 1538 1000 τὺ
1570 947 1747 1019 ἐγχεί-

179 1056 352 1110 ρημα.
385 1039 490 1092 Καὶ
513 1037 601 1091 διὰ
637 1037 793 1090 τοῦτο
819 1037 1121 1110 καθαρτέον
1148 1038 1340 1092 ἑαυτὸν
1365 1039 1598 1110 πρῶτον,
1628 1037 1745 1092 εἶτα

176 1129 254 1200 τῷ
284 1129 508 1201 καθαρῷ
537 1130 961 1202 προσομιλητέον
979 1147 995 1162 ο
1038 1133 1085 1183 εί
1129 1132 1202 1202 μὴ
1253 1131 1538 1203 μέλλοιμεν
1565 1133 1624 1186 τὸ
1651 1131 1744 1186 τοῦ

178 1224 377 1277 Μανωὲ
397 1223 696 1283 πείσεσθαι,
731 1225 826 1278 καὶ
855 1224 1026 1290 λέξειν
1055 1224 1163 1294 (60)
1201 1226 1256 1277 ἐν
1297 1225 1566 1297 φαντασίᾳ
1611 1223 1743 1278 Θεοῦ

175 1315 455 1385 γενόμενοι
477 1316 607 1384 (61)’
649 1315 1079 1385 Ἆπολώλαμεν,
1103 1311 1149 1369 ὧ
1177 1317 1371 1384 γύναι,
1404 1317 1554 1371 Θεὸν
1580 1317 1747 1386 ἐωρά-

178 1423 386 1476 καμεν,
418 1406 472 1477 ἢ,
497 1405 572 1469 ὡς
595 1406 818 1477 Πέτρος,
846 1406 1269 1477 ἀποπέμψασθαι
1302 1407 1412 1478 (62)
1441 1409 1534 1461 τοῦ
1561 1409 1745 1462 πλοίου

176 1499 267 1551 τὸν
301 1498 526 1568 Ἰησοῦν,
553 1499 627 1562 ὡς
649 1500 746 1552 οὐκ
773 1499 911 1566 ἄξιοι
940 1500 1196 1571 τοιαύτης
1234 1500 1524 1570 ἐπιδημίας
1547 1518 1558 1530 ·
1589 1502 1644 1573 ἢ,
1670 1501 1746 1566 ώς

176 1593 203 1644 ὁ
240 1591 630 1661 ἑκατόνταρχος
669 1593 893 1655 ἐκεῖνος,
927 1592 1027 1663 τὴν
1062 1594 1158 1664 μὲν
1189 1594 1482 1665 Θεραπείαν
1513 1594 1744 1664 ἀπαιτή-

179 1700 292 1736 σειν
327 1683 461 1753 (65),
493 1683 583 1736 τὸν
607 1683 944 1755 θεραπευτὴν
974 1685 1030 1738 δὲ
1053 1685 1151 1738 οὐκ
1184 1686 1539 1754 εἰσδέξασθαι.
1571 1685 1743 1754 Λεγέ-

175 1791 253 1828 τω
285 1793 367 1839 τις
390 1777 481 1829 καὶ
511 1775 686 1846 ἡμῶν,
709 1776 812 1840 ἕως
838 1778 982 1831 ἐστὶν
1011 1778 1417 1850 ἑκατόνταρχος,
1448 1780 1540 1832 καὶ
1570 1778 1740 1831 πλειό-

173 1883 281 1923 νων
312 1869 372 1920 sv
403 1867 568 1937 κακία
596 1869 832 1938 κρατῶν,
863 1870 956 1922 καὶ
983 1869 1060 1922 ἔτι
1085 1870 1511 1942 στρατευόμενος
1540 1870 1746 1922 Καίσα-

1852 687 1959 732 tem
2009 679 2242 747 seipsum
2287 695 2393 733 non
2452 679 2761 736 exhibuerit
2813 682 2882 748 ³⁸,
2909 690 3039 749 aut,
3095 693 3155 739 ut
3209 688 3416 744 rectius

1855 768 2064 838 loquar,
2103 769 2196 823 Dei
2228 769 2334 823 vivi
2363 772 2616 840 templum
2653 781 2900 829 sanctum
2931 790 2996 830 ae
3045 777 3227 834 vivum
3260 782 3306 814 "
3334 781 3418 837 l‘a-

1854 866 1973 913 ctus
2000 859 2104 924 sit;
2134 859 2225 928 qui
2257 861 2469 916 tandem
2500 861 2615 917 ﬁeri
2646 865 2853 934 possit,
2877 855 2947 919 ut
2976 867 3058 922 vel
3094 869 3209 938 ipse
3236 887 3420 942 prom-

1853 959 1943 1019 pto
1975 951 2156 1006 animo
2189 954 2254 1007 de
2289 953 2397 1008 Deo
2426 954 2842 1024 disputationem
2868 957 3072 1015 habere
3102 965 3412 1033 aggrediar,
3482 957 3485 960 ’

1853 1041 1936 1096 vel
1971 1052 2174 1098 temere
2206 1045 2606 1113 aggredientem
2643 1049 2916 1118 probem?
2953 1051 3244 1112 Laudanda
3305 1073 3415 1114 non

1853 1142 1936 1188 est
1964 1135 2077 1190 hzec
2130 1137 2424 1206 cupiditas;
2468 1141 2804 1209 periculosus
2859 1160 2922 1200 ac
2968 1151 3288 1206 metuendus
3330 1153 3420 1209 hic

1852 1235 2102 1281 conatus.
2131 1227 2209 1281 Ac
2241 1229 2466 1297 proinde
2497 1234 2713 1300 purgari
2745 1248 2844 1288 nos
2891 1247 3017 1292 ante
3044 1237 3256 1307 opOrtet
3282 1283 3297 1308 ,
3334 1251 3420 1296 at-

1853 1333 1961 1388 que
1983 1321 2053 1372 ita
2086 1319 2352 1376 deindein
2379 1322 2554 1391 illius,
2585 1325 2676 1392 qui
2707 1341 2873 1394 purus
2897 1337 2976 1382 est
3002 1370 3017 1394 ,
3063 1345 3416 1403 congressum

1853 1419 1906 1464 et
1933 1409 2259 1480 colloquium
2295 1413 2522 1478 venire;
2555 1431 2622 1469 ne
2666 1417 2866 1486 alioqui
2910 1420 3066 1474 nobis
3107 1421 3247 1476 idem
3274 1425 3420 1492 quod

1855 1499 2083 1567 Manue,
2117 1501 2327 1555 accidat
2348 1542 2363 1567 ,
2399 1518 2461 1557 ac
2495 1504 2588 1558 Dei
2627 1505 2836 1560 visione
2875 1507 3178 1575 perstrictis
3211 1510 3416 1575 oculis,

1852 1589 2093 1643 dicamus
2117 1605 2134 1644 :
2169 1589 2453 1657 Periimus,
2478 1594 2687 1659 mulier;
2703 1594 2870 1664 378
2898 1595 3062 1650 Deum
3088 1598 3313 1654 vidimus
3327 1601 3374 1632 ⁸⁸
3399 1618 3416 1655 :

1853 1691 1985 1746 aut,
2025 1680 2170 1738 Petri
2208 1684 2379 1738 instar
2406 1685 2473 1748 ³³,
2505 1683 2688 1740 Jesum
2738 1703 2767 1741 a
2799 1688 3017 1758 navigio
3063 1689 3410 1762 ablegemus,

1853 1782 2110 1841 tanquam
2166 1774 2472 1843 hujusmodi
2517 1779 2802 1846 praesentia
2835 1780 3060 1836 minime
3103 1782 3248 1852 digni
3280 1805 3292 1840 :
3324 1795 3419 1858 aut

1852 1867 2118 1936 denique,
2144 1879 2202 1921 ut
2236 1869 2484 1924 centurio
2518 1870 2604 1924 ille
2641 1870 2962 1926 medicinam
2995 1873 3212 1942 quidem
3243 1890 3411 1945 expo-

179 1975 231 2032 ρι
257 1959 335 2029 τῷ
362 1960 767 2031 κοσμοκράτορι
785 1960 893 2014 τῶν
922 1962 1072 2014 κάτω
1107 1962 1417 2032 συρομένων
1447 1979 1455 1989 ·
1483 1964 1609 2015 Οὐκ
1632 1962 1744 2031 εἰμὶ

1860 1973 2088 2025 scamus,
2127 1962 2395 2016 medicum
2427 1972 2606 2018 autem
2657 1966 2879 2021 minime
2913 1969 3284 2026 admittamus.
3328 1972 3420 2027 Di-

176 2051 403 2116 ἱκανὸς,
443 2050 541 2104 ἵνα
559 2068 679 2119 μου
704 2052 824 2105 ὑπὸ
851 2051 966 2120 τὴν
991 2052 1220 2122 στέγην
1247 2053 1547 2122 εἰσέλθῃς.
1582 2055 1748 2107 Ὅταν

174 2139 230 2192 δὲ
278 2138 484 2210 Ἰησοῦν
514 2140 812 2212 θεάσωμαι,
851 2144 1026 2197 καίτοι
1052 2143 1244 2215 μικρὸς
1273 2142 1346 2197 ὢν
1377 2143 1476 2215 τὴν
1502 2161 1746 2216 πνευμα-

175 2232 334 2302 τικὴν
371 2232 608 2303 ἡλικίαν,
639 2235 712 2298 ὡς
742 2235 770 2287 ὁ
805 2237 1069 2305 Ζακχαῖος
1101 2237 1323 2299 ἐκεῖνος,
1361 2238 1455 2289 καὶ
1481 2237 1620 2308 ὑπὲρ
1647 2239 1746 2308 τὴν

177 2323 514 2396 συκομορέαν
541 2324 710 2396 ἁρθῶ,
740 2325 1020 2396 νεκρώσας
1041 2326 1106 2378 τὰ
1133 2326 1268 2396 μέλη
1283 2325 1350 2378 τὰ
1381 2327 1473 2379 ἐπὶ
1495 2327 1592 2397 τῆς
1617 2327 1742 2397 γῆς,

175 2417 270 2468 καὶ
297 2417 545 2486 μαράνας
569 2417 679 2484 (64)
701 2415 760 2469 τὸ
789 2418 945 2488 σῶμα
973 2419 1071 2489 τῆς
1085 2416 1464 2481 ταπεινώσεως
1488 2435 1500 2448 ·
1525 2419 1644 2470 τότε
1662 2419 1755 2472 καὶ

187 2505 396 2576 Ἰησοῦν
413 2505 732 2576 εἰσδέξομαι,
751 2508 844 2560 καὶ
858 2509 1157 2579 ἀκούσομαι
1178 2524 1190 2536 ·
1210 2506 1478 2577 Σήμερον
1493 2507 1754 2576 σωτηρία

171 2599 253 2665 τῷ
283 2601 429 2666 οἴκῳ
455 2602 642 2665 τούτῳ
660 2616 674 2631 ο
705 2601 914 2671 καὶτῆς
937 2601 1209 2672 σωτηρίας
1233 2601 1511 2671 τεύξομαι,
1544 2601 1639 2654 καὶ
1669 2619 1756 2670 φι-

168 2690 463 2762 λοσοφήτω
499 2690 568 2744 τὰ
588 2690 908 2762 τελεώτερα,
943 2690 1251 2760 σκορπίζων
1279 2689 1459 2753 καλῶς
1501 2688 1536 2743 ἃ
1571 2689 1754 2753 κακῶς

169 2785 505 2854 συνήγαγον,
541 2785 648 2838 εἴτε
681 2785 957 2855 χρήματα,
993 2783 1101 2836 εἴτε
1125 2783 1390 2854 δόγματα.

1852 2060 1939 2103 cat
1961 2061 2123 2105 etiam
2154 2053 2439 2122 quisquam
2475 2065 2744 2123 nostrum,
2763 2059 3002 2124 quandiu
3031 2061 3278 2116 centurio
3307 2070 3414 2130 est,

1855 2143 2081 2213 vitiique
2127 2144 2416 2214 imperium
2470 2147 2612 2202 inter
2640 2149 2834 2204 multos
2886 2161 3070 2216 tenet,
3120 2154 3406 2224 adhucque

1851 2235 1950 2290 sub
1981 2235 2225 2301 Cmsare,
2258 2238 2358 2292 hoc
2407 2249 2528 2304 est,
2578 2242 2760 2295 mundi
2806 2242 3085 2312 principe,
3128 2253 3292 2313 atque
3324 2259 3418 2300 eo-

1853 2341 2010 2393 rum,
2039 2327 2129 2395 qui
2169 2328 2320 2381 lmmi
2364 2341 2589 2399 serpunt
2633 2331 2960 2400 imperatore
2983 2372 3000 2399 ,
3032 2334 3298 2402 stipendia
3327 2335 3412 2387 fa-

1852 2415 1964 2471 cit:
2003 2415 2124 2471 Non
2148 2435 2265 2472 sum
2285 2420 2470 2488 dignus
2490 2461 2505 2486 ,
2539 2429 2594 2476 ut
2622 2422 2784 2476 intres
2803 2424 2897 2476 sub
2927 2431 3118 2477 tectum
3147 2440 3320 2479 meum
3345 2425 3412 2478 ⁸ο.

1850 2507 1984 2562 Cum
2017 2519 2196 2563 autem
2225 2509 2410 2565 Jesum
2457 2525 2818 2579 conspexero,
2855 2513 3104 2583 quamvis
3141 2515 3428 2584 spirituali‘

1852 2607 2056 2652 statura
2084 2613 2280 2668 parvus
2304 2642 2320 2666 ,
2357 2611 2417 2654 ut
2445 2601 2534 2656 ille
2565 2601 2850 2668 Zachzeus,
2888 2619 2951 2659 ac
2981 2618 3145 2672 super
3170 2619 3417 2676 sycomo-

1839 2706 1969 2744 ‘rum
2015 2701 2234 2745 evectus
2280 2691 2435 2746 fuero
2477 2692 2542 2758 ³³,
2577 2694 2915 2750 mortilicatis
2961 2696 3212 2758 nimirum
3244 2713 3420 2755 mem-

1853 2784 1966 2837 bris
1990 2821 2005 2846 ,
2042 2797 2162 2852 quae
2191 2793 2317 2838 sunt
2353 2799 2516 2853 super
2571 2771 2768 2840 terram
2795 2787 2864 2852 ³³,
2899 2797 3060 2857 atque
3101 2789 3422 2846 humilitatis

167 2893 405 2948 corpore
436 2879 724 2933 reformato
757 2879 823 2946 ³³,
888 2888 996 2933 tum
1021 2893 1148 2932 vero
1179 2887 1231 2932 et
1259 2877 1438 2932 Jesum
1505 2877 1790 2946 excipiam,
1829 2887 1884 2931 et
1939 2878 2152 2932 audiam
2183 2897 2197 2933 :
2238 2878 2444 2944 Hodie,
2480 2880 2624 2934 salus
2671 2883 2792 2935 huic
2825 2884 3005 2936 domui
3038 2883 3117 2951 “;
3173 2891 3228 2938 et
3274 2882 3419 2938 salu-

167 2978 286 3022 tem
335 2969 625 3037 adipiscar,
697 2979 752 3024 et
811 2969 1126 3037 perfectiora
1197 2967 1283 3021 illa
1353 2967 1523 3022 ollicia
1559 2968 1760 3022 curabo
1801 2977 1962 3030 atque
2012 2983 2299 3040 exsequar,
2351 2971 2610 3057 praeclare
2660 2988 2921 3044 spargens
2975 2989 3095 3044 quae
3149 2974 3413 3030 scelerate

165 3063 535 3134 collegeram,
565 3064 678 3116 sive
710 3061 995 3131 pecunias,
1021 3062 1134 3116 sive
1173 3061 1444 3128 dogmata.

239 3155 324 3212 E'.
374 3156 528 3209 Ἐπεὶ
553 3156 608 3209 δὲ
634 3155 1043 3226 ἁνεκαθήραμεν
1070 3152 1148 3224 τῷ
1177 3152 1319 3223 λόγῳ
1352 3152 1443 3204 τὸν
1483 3151 1744 3219 θεόλογον,

1929 3147 1990 3200 ν.
2023 3146 2283 3213 Quoniam
2317 3156 2499 3201 autem
2544 3162 2795 3203 sermone
2837 3147 3171 3218 Theologum
3217 3165 3414 3221 repur-

162 3250 308 3321 φέρε
329 3248 393 3320 δὴ
422 3248 514 3301 καὶ
539 3247 663 3318 περὶ
685 3246 818 3299 Θεοῦ
847 3246 921 3308 ὡς
945 3245 1001 3297 ὲν
1024 3244 1216 3316 βραχεί
1238 3242 1624 3312 διαλεχθῶμεν,
1659 3241 1750 3293 αὐ-

159 3340 247 3410 τῷ
278 3339 361 3410 τῷ
392 3339 584 3410 ΙΙατρὶ,
616 3337 709 3390 καὶ
753 3335 830 3407 τῷ
865 3335 998 3407 Υίῷ,
1033 3335 1125 3388 καὶ
1175 3333 1253 3406 τῷ
1295 3334 1434 3404 ἁγίῳ
1469 3332 1746 3403 Πνεύματι

160 3432 569 3506 θαρρήσαντες,
622 3430 747 3500 περὶ
796 3423 870 3484 ὧν
911 3431 939 3482 ὁ
983 3428 1156 3497 λόγος.
1200 3426 1444 3498 Εῦχομαι
1471 3425 1528 3479 δὲ
1562 3425 1622 3478 τὸ
1655 3424 1746 3478 τοῦ

159 3526 519 3598 Σολομῶντος
555 3525 763 3590 παθεῖν,
809 3523 970 3594 μηδὲν
999 3521 1126 3574 ἴδιον
1155 3520 1402 3589 ἐννοῆσαι
1437 3533 1502 3569 πε
1513 3517 1564 3587 pi.
1589 3515 1745 3581 Θεοῦ,

163 3616 316 3688 μηδὲ
346 3614 694 3686 φθέγξασθαι.
730 3613 896 3667 Ὅταν
927 3611 1036 3682 γὰρ
1081 3610 1234 3681 λέγῃ,
1288 3611 1748 3677 Ἀφρονέστατος

161 3713 288 3781 γάρ
345 3711 461 3778 ειμι
500 3707 740 3761 πάντων
777 3705 1118 3774 ἀνθρώπων,
1167 3703 1263 3756 καί
1313 3702 1610 3771 φρόνησις
1641 3700 1746 3754 ἀν-

160 3803 418 3871 θρώπου
443 3803 550 3855 οὐκ
566 3800 737 3854 ἐστιν
757 3799 884 3869 ἐμοὶ
904 3798 1034 3870 (65),
1063 3797 1162 3849 οὐκ
1186 3795 1296 3866 (66)
1318 3793 1603 3848 ἀσυνεσίαν
1625 3795 1752 3846 ἑαυ-

157 3893 264 3948 τοῦ
314 3893 484 3965 δήπου
517 3889 940 3960 καταγινώσκων
967 3887 1124 3943 τοῦτό
1153 3903 1335 3957 φησιν.
1376 3885 1502 3950 Πῶς
1533 3885 1661 3957 γὰρ,
1691 3886 1751 3950 ὃς

159 4003 231 4056 τε
262 3984 428 4038 τοῦτο
461 3984 556 4036 καὶ
595 3980 704 4054 (67)
736 3981 904 4052 ᾔτησε
947 3979 1098 4051 παρὰ
1125 3978 1259 4032 Θεοῦ
1287 3977 1393 4052 πρὸ
1422 3979 1621 4042 παντὸς
1659 3977 1750 4033 ἄλ-

158 4081 293 4141 λου,
321 4078 415 4131 καὶ
441 4075 595 4130 ἔλαϐε
629 4075 838 4143 σοφίαν,
873 4074 967 4127 καὶ
997 4073 1248 4145 θεωρίαν,
1269 4073 1364 4127 καὶ
1399 4073 1596 4136 πλάτος
1617 4088 1752 4142 καρ-

159 4173 318 4234 δίας,
380 4168 605 4240 ψάμμου
653 4164 1046 4238 πλουσιώτερον
1093 4184 1152 4219 τε
1195 4167 1288 4219 καὶ
1339 4164 1748 4234 amentem-90v;

159 4265 290 4318 Καὶ
328 4264 357 4315 ό
387 4260 637 4314 τοσοῦτον
678 4260 859 4328 σοφὸς,
903 4260 997 4311 καὶ
1024 4259 1279 4328 τοιαύτης
1306 4256 1615 4328 τετυχηκὼς
1651 4257 1752 4309 δω-

164 4358 334 4429 ρεᾶς,
368 4353 485 4416 πῶς
517 4353 917 4427 ἀφρονέστατον
949 4351 1138 4404 ἑαυτὸν
1165 4349 1380 4402 πάντων
1412 4348 1524 4419 (68)
1551 4347 1749 4418 ὀνομά-

159 4449 254 4514 ζει
284 4463 301 4512 ;
345 4447 436 4510 Ὡς
459 4447 557 4499 οὐκ
585 4446 722 4518 ἔχων
745 4444 880 4497 ἰδίαν
908 4441 1104 4512 δηλαδὴ
1131 4442 1408 4512 φρόνησιν,
1426 4437 1751 4510 ἐνεργούμεο

1855 3240 2122 3309 gavimus,
2162 3254 2260 3309 age
2282 3238 2393 3306 jam
2424 3241 2490 3294 de
2520 3240 2628 3294 Deo
2655 3241 2844 3309 paucis
2873 3241 3225 3311 disseramus,
3251 3244 3422 3314 ipsius

1855 3331 2036 3385 Patris
2069 3329 2302 3400 Filiique
2333 3341 2388 3386 et
2419 3332 2592 3387 sancti
2645 3332 2899 3400 Spiritus,
2928 3336 2995 3388 de
3026 3335 3223 3403 quibus
3254 3338 3416 3392 verba

1857 3422 2048 3476 facturi
2079 3437 2284 3488 sumus,
2316 3422 2520 3476 auxilio
2547 3423 2668 3478 l'reti
2705 3432 2867 3494 atque
2897 3425 3136 3480 subnixi.
3171 3425 3420 3496 Optarim

1859 3522 2037 3567 autem
2065 3512 2210 3568 idem
2245 3513 2375 3566 mihi
2405 3514 2718 3584 contingere
2757 3517 2899 3584 quod
2943 3515 3220 3574 Salomoni
3246 3558 3262 3584 ,
3313 3519 3416 3575 hoc

1855 3613 1969 3670 est,
1995 3613 2053 3658 ut
2084 3605 2149 3658 de
2175 3605 2282 3658 Deo
2311 3605 2446 3660 nihil
2490 3621 2667 3660 meum
2687 3621 2768 3661 'ac
2803 3608 3080 3676 proprium
3106 3647 3124 3675 ,
3154 3609 3239 3665 vel
3273 3612 3423 3681 cogi-

1858 3705 1964 3750 tem
1987 3737 2001 3758 ,
2030 3695 2112 3752 vel
2147 3696 2359 3764 loquar.
2394 3694 2530 3750 Nam
2563 3711 2684 3750 cum
2713 3696 2798 3752 his
2826 3699 3006 3754 verbis
3035 3700 3242 3755 utitur:
3270 3700 3420 3756 Stul-

1855 3789 2090 3843 tissimus
2124 3804 2239 3844 sum
2267 3789 2500 3843 omnium
2532 3789 2798 3844 hominum
2819 3829 2836 3856 ,
2864 3799 2913 3845 et
2943 3794 3222 3861 prudentia
3250 3794 3425 3849 homi-

1857 3883 1936 3935 nis
1969 3897 2071 3935 non
2109 3888 2186 3934 est
2217 3882 2271 3934 in
2296 3896 2376 3934 me
2403 3880 2468 3946 ³⁸,
2521 3879 2938 3952 haudquaquam
2970 3883 3176 3940 scilicet
3219 3885 3335 3941 haec
3359 3901 3426 3942 eo

1857 3974 2023 4038 dicit,
2053 3973 2198 4042 quod
2231 3972 2544 4030 stoliditatis
2595 3973 2832 4042 seipsum
2893 3977 3237 4033 condemnet.
3275 3976 3421 4047 (Qui

1856 4070 1999 4124 enim
2045 4068 2224 4132 istud,
2257 4081 2380 4122 cum
2416 4081 2535 4121 eam
2569 4081 2682 4136 pra:
2729 4067 2853 4122 aliis
2895 4067 3149 4123 omnibus
3184 4068 3344 4125 rebus
3389 4085 3420 4124 a

1861 4165 1970 4217 Deo
2017 4159 2381 4231 postulasset,
2431 4174 2496 4214 ac
2528 4160 2849 4228 sapientiam
2899 4170 2954 4215 et
3012 4162 3426 4232 contemplatio-
3489 4166 3496 4180 '

1857 4265 2003 4317 nem,
2034 4260 2092 4305 et
2120 4248 2300 4304 cordis
2331 4234 2668 4303 latitudinem
2701 4265 2865 4304 arena
2895 4253 3061 4307 maris
3118 4253 3422 4308 uberiorem

1857 4356 2019 4414 atque
2067 4343 2422 4414 copiosiorem
2471 4342 2824 4414 accepisset?)
2875 4343 2976 4409 Qui
3038 4345 3098 4398 lit
3140 4346 3324 4414 igitur,
3363 4357 3426 4402 ut

1857 4439 1941 4490 vir
1993 4449 2165 4505 usque
2208 4433 2345 4488 adeo
2378 4433 2616 4502 sapiens,
2658 4443 2820 4502 atque
2873 4433 3176 4503 huiusmodi
3213 4437 3423 4494 beneﬂ-

158 4555 262 4602 νος
301 4535 358 4589 δὲ
379 4535 478 4608 τὴν
515 4535 665 4590 θείαν
688 4553 748 4588 τε
778 4535 872 4588 καὶ
906 4531 1257 4604 τελεωτέραν.
1291 4530 1401 4584 Καὶ
1421 4529 1531 4602 γὰρ
1554 4532 1583 4584 ό
1605 4529 1744 4582 Παῦ-

1861 4530 2002 4584 cium
2039 4536 2364 4582 consecutus
2386 4565 2402 4591 ,
2433 4527 2672 4580 omnium
2721 4526 3100 4581 stultissimum
3131 4543 3192 4582 se
3235 4530 3424 4600 appel-

158 4631 264 4694 λος
302 4629 497 4698 λέγων,
532 4625 623 4681 Ζῶ
650 4627 737 4690 δὲ,
771 4627 882 4680 οὐκ
905 4622 1144 4693 ἕτιὲγὼ,
1171 4621 1236 4690 ζῇ
1258 4621 1326 4675 δὲ
1358 4622 1427 4674 ἐν
1464 4621 1591 4690 ἐμοὶ
1629 4624 1762 4690 Χρι-

159 4720 351 4786 στὸς,
379 4720 477 4789 οὐχ
517 4718 592 4781 ὡς
620 4719 748 4789 περὶ
779 4714 973 4788 νεκροῦ
1000 4715 1215 4777 πάντως
1241 4712 1434 4765 ἑαυτοῦ
1466 4711 1756 4780 διελέγετο,

1868 4622 1980 4676 let?
2012 4620 2125 4676 Hoc
2151 4620 2265 4674 vult
2293 4619 2547 4673 nimirum
2570 4658 2585 4682 ,
2620 4618 2894 4688 propriam
2924 4633 2984 4672 se
3037 4617 3236 4674 nullam
3293 4637 3423 4690 pru-

1869 4712 2102 4768 dentiam
2147 4712 2380 4776 habere,
2421 4711 2513 4765 sed
2543 4709 2725 4764 divina
2769 4719 2825 4765 et
2861 4709 3172 4778 perl'ectiori
3203 4714 3422 4784 sapien-

1863 4803 1936 4856 tia
1967 4800 2162 4856 aﬂlari.
2193 4799 2472 4870 Siquidem
2502 4807 2556 4854 et
2603 4797 2800 4853 Paulus
2821 4839 2835 4862 ,
2867 4813 2989 4852 cum
3036 4799 3216 4855 aiebat
3245 4821 3259 4857 :
3292 4801 3423 4858 Vivo

1864 4903 2035 4946 autem
2059 4933 2074 4958 ,
2107 4907 2207 4945 non
2224 4890 2343 4960 jam
2382 4904 2473 4958 ego
2498 4929 2514 4953 ,
2543 4888 2668 4941 vivit
2693 4903 2810 4941 vero
2852 4887 2904 4941 in
2939 4903 3018 4941 me
3062 4886 3304 4943 Christus
3333 4891 3419 4958 .";

158 4813 295 4869 ἀλλτ
325 4811 406 4875 ὡς
430 4811 627 4876 ζῶντος
657 4810 944 4882 κρείσσονα
971 4807 1078 4862 τῶν
1101 4805 1310 4860 πολλῶν
1339 4805 1504 4877 ζωὴν,
1525 4804 1604 4876 τῷ
1631 4821 1758 4876 μετ-

160 4903 464 4974 ειληφέναι
493 4901 593 4972 τῆς
613 4901 778 4964 ὅντως
811 4899 977 4971 ζωῆς,
1008 4899 1102 4952 καὶ
1138 4897 1327 4970 μηδενὶ
1356 4896 1569 4968 θανάτῳ
1595 4912 1758 4966 περα-

245 5019 302 5051 ²⁶
335 5017 492 5070 Rom.
526 5031 634 5074 xu.
676 5016 726 5069 l.
801 5015 844 5045 ³⁷
877 5014 920 5067 ll
950 5014 1073 5070 Cor.
1104 5028 1192 5080 vt,
1229 5013 1316 5067 16.
1392 5013 1438 5044 ³⁸
1469 5009 1645 5066 Judic.
1670 5024 1741 5080 ,ιιι

1860 5006 1937 5060 22.
2011 5006 2056 5080 ³³
2081 5004 2302 5080 Luc._v,
2329 5002 2381 5055 8.
2463 5001 2512 5032 ³³
2547 4999 2886 5080 δίοιιιιεηνιιι,
2927 4999 2980 5057 8.
3058 4999 3265 5080 “‘Iﬂmc.
3312 5017 3428 5068 ux,

158 5093 199 5147 2
227 5104 399 5159 seqq.
474 5087 518 5118 ³³
537 5070 746 5141 Coloss.
771 5100 852 5149 ιιι,
881 5085 933 5140 5.
1009 5083 1054 5116 ³³
1088 5070 1317 5153 Philipp.
1349 5099 1444 5148 ιιι,
1473 5081 1565 5135 21.
1641 5079 1686 5112 ³⁵
1718 5079 1744 5133 1.

1880 5093 1993 5141 xu,
2015 5076 2068 5131 9.
2142 5074 2186 5105 ³⁵
2213 5073 2374 5128 Prov.
2410 5087 2550 5136 xxx,
2577 5071 2632 5125 2.
2709 5070 2754 5102 ³⁸
2789 5071 2967 5126 Galat.
3004 5086 3072 5136 ιι,
3101 5070 3192 5125 20.

1927 5217 2039 5288 (65)
2082 5215 2410 5288 Θεραπζείαν
2440 5212 2828 5288 Δἀστιιιιίήονειν.
2861 5211 3026 5288 ςοίει.
3054 5212 3105 5277 1,
3137 5210 3429 5284 θεραπείαν

1858 5281 2241 5360 ἐπιζητήσεὶν.
2258 5283 2733 5360 Ρατη-θεραπείας
2766 5281 3106 5360 ὲτιιιζιξγτηιηνἔ

1927 5351 2037 5429 (64)
2075 5351 2377 5426 Μαρὰνας.
2412 5351 2558 5429 Par"
2586 5353 2860 5429 μωράνας.
2900 5351 3036 5422 Reg.
3063 5351 3226 5422 Chry.
3257 5351 3424 5424 ὑπερ-

1859 5424 2080 5494 αναὸἁς,
2117 5447 2135 5480 ‹
2163 5424 2474 5481 transcenso
2505 5424 2818 5494 humilitatis
2846 5437 3093 5494 corpore.
3117 5442 3142 5494 AI

1930 5499 2042 5570 (65)
2068 5492 2270 5567 ”Ἐμοι.
2291 5493 2708 5570 Reg.‘a,_Or._i,
2731 5493 2892 5570 _Par.,
2916 5493 2971 5546 ὲν
3003 5492 3146 5570 ἐμοί.

1888 5557 2040 5660 v(ss)
2084 5557 2228 5624 06x.
2287 5557 2817 5632 Sicvcoisl.i,'0r.
2852 5567 2900 5628 ι,
2947 5577 3002 5618 et
3037 5557 3168 5620 Par.
3210 5565 3266 5620 ιη
3313 5565 3424 5630 ed.,

1859 5660 1970 5696 ουν.

1923 5710 2042 5792 (67)
2086 5709 2266 5766 Τοῦτο
2305 5706 2425 5762 καί.
2467 5705 2557 5761 Sic
2593 5704 2776 5774 plures
2817 5704 3049 5763 codices.
3100 5705 3157 5764 ln
3194 5705 3304 5775 ed.,
3332 5705 3426 5763 καὶ

1857 5799 2040 5925 τοῖθὲ)
2079 5850 2343 5907 Πάντων.
2377 5847 2536 5904 Deest
2567 5845 2620 5903 in
2650 5843 2782 5918 Reg.
2811 5859 2863 5902 a.

159 5233 400 5290 cundas
441 5230 590 5288 dant.
639 5231 880 5285 llostiam
917 5244 1077 5297 porro
1123 5237 1177 5282 et
1218 5226 1525 5295 pontiticem
1572 5224 1759 5295 appel-

159 5307 323 5369 lant,
358 5301 736 5375 illudquidem
767 5303 836 5375 ob
871 5302 1174 5369 passionem
1216 5308 1269 5352 et
1304 5312 1399 5375 pro
1442 5307 1625 5375 nostra
1673 5311 1762 5375 sa-

161 5367 317 5430 lute'
341 5367 701 5433 oblationem;
737 5367 962 5426 alterum
994 5379 1194 5430 autem,
1239 5369 1362 5435 quia
1400 5382 1506 5420 non
1541 5367 1609 5420 ab
1659 5367 1762 5418 alio

158 5447 274 5500 sed
329 5442 545 5512 propria
575 5441 848 5495 voluntate
890 5440 1200 5512 immolatus
1231 5439 1351 5512 fuit.
1378 5437 1535 5512 et__ad
1567 5435 1758 5512 volun-

157 5504 384 5569 tariain
432 5504 664 5566 mortem
728 5510 975 5566 accessit.
1019 5528 1038 5560 ›
1103 5507 1234 5563 Mm
1302 5505 1552 5578 Spicileg.
1606 5504 1758 5560 Rom.

223 5624 377 5724 ’(ἕθ)
427 5651 834 5724 Ἀποδέξωμαι.
866 5651 997 5724 Reg.
1022 5649 1134 5716 bm,
1163 5646 1513 5719 ἀποδέξομαι.

245 5720 378 5794 (60)
419 5721 648 5785 Λέξειν.
674 5720 768 5777 Or.
794 5722 847 5794 ξ,
876 5720 1073 5794 λέγειν.

243 5789 377 5862 (61)
418 5794 757 5862 Γενόμενοι.
785 5789 1050 5862 Comhel'.,
1079 5789 1388 5862 γενομένου.
1484 5858 1498 5862 _
1644 5856 1658 5862 _
1710 5848 1713 5851 1

249 5856 379 5930 (62)
429 5862 524 5928 Ὠς
557 5856 776 5931 Πέτρος
801 5856 1287 5930 ἀποπέμψασθαι.
1328 5860 1456 5931 Reg.
1484 5858 1597 5931 b_m,
1629 5856 1704 5922 ὡς
1733 5859 1760 5910 ό

158 5929 423 6006 Πέτρος.
455 5931 547 5989 Or.
574 5934 626 6001 1,
659 5929 940 5990 recentiori
970 5929 1151 6001 manu,
1179 5929 1618 6002 ἀποπέμψεσθαι,
