3852 6408
487 451 620 509 1071

1670 431 1734 487 S.
1777 427 2104 489 GREGORII
2141 424 2488 484 TIIEOLOGI

3572 420 3592 474 1
3602 419 3686 473 0Ἰὲ

489 589 597 631 non
628 569 813 638 utique
845 565 910 622 de
930 574 1146 632 sctpso,
1172 567 1432 628 tanquam
1470 557 1537 610 de
1574 564 1827 620 mortuo,
1854 551 2044 621 loque-

2170 547 2431 619 εουμένης.
2461 544 2873 616 Προσκυνοῦμεν
2907 538 2999 597 οὖν
3030 542 3273 613 Πατέρα,
3312 540 3408 594 καῖ¹
3438 538 3589 599 Υἱὸν,
3614 541 3690 592 καὶ

485 667 668 730 hatur,
707 658 801 716 sed
859 666 1114 724 tanquam
1167 651 1235 707 de
1288 663 1392 713 eo,
1436 646 1527 717 qui
1580 645 2043 715 praestantiorem,

2154 640 2303 707 διγιον
2334 636 2572 707 Πνεῦμα,
2606 635 2704 699 τὰς
2735 635 2832 706 μὲν
2866 635 3131 706 ἰδιότητας
3163 632 3509 705 χωρίζοντες,
3533 630 3693 684 ἑνοῦν-

486 723 665 825 ίιιιιιιιι
695 747 886 818 vulgus
913 723 1219 799 mortalium
1269 739 1467 799 soleat,
1490 736 1657 791 vitam
1711 742 1934 804 ageret,
1972 741 2052 787 ut-

2170 750 2233 795 re;
2256 732 2364 801 (69)
2394 732 2450 785 δὲ
2470 732 2568 800 τὴν
2591 730 2818 798 θεότητα
2840 744 2853 757 ·
2891 728 2986 781 καὶ
3007 725 3129 779 οὔτε
3152 728 3228 788 εἰς
3259 725 3317 777 ἓν
3337 723 3413 777 τά
3440 723 3568 795 τρία
3595 740 3697 775 συν-

485 858 611 918 pote
638 843 730 914 qui
761 854 903 895 verae
936 838 1096 899 vitm,
1132 832 1385 899 nulloque
1417 829 1607 884 mortis
1652 827 1759 881 ﬁne
1813 825 2047 880 circum-

486 916 730 1003 scripta,
761 930 1030 1001 particeps
1051 933 1216 982 esset.
1250 922 1467 976 Patrem
1517 918 1699 989 igitur,
1725 928 1780 972 et
1806 916 2004 972 Filium
2031 955 2047 979 ,

487 1035 541 1081 et
590 1022 849 1095 Spiritum
883 1026 1127 1073 sanctum
1157 1013 1480 1074 adoramus,
1516 1006 1878 1077 proprietates
1934 1006 2049 1075 qui-

487 1120 608 1176 dem
631 1114 1023 1184 distinguentes
1049 1148 1064 1172 ,
1091 1106 1428 1163 divinitatem
1463 1110 1640 1157 autem
1679 1098 1998 1169 copulantes
2025 1113 2039 1151 :

489 1224 662 1279 neque
698 1213 791 1260 aut
829 1203 929 1258 tria
962 1202 1013 1255 in
1046 1213 1210 1254 unum
1263 1192 1677 1256 contrahimus,
1727 1204 1796 1245 ne
1829 1187 2050 1244 Sabellii

2146 822 2455 891 αλείφομεν,
2493 821 2579 873 ἵνα
2611 820 2683 891 μὴ
2713 817 2809 889 τὴν
2842 817 3129 871 Σαϐελλίου
3166 817 3319 869 νόσον
3362 816 3695 885 νοσήσωμενο

2147 914 2268 969 οὔτε
2310 913 2622 985 διαιροῦμεν
2665 915 2745 975 είς
2785 912 2911 982 τρία
2944 910 3153 981 ἔκφυλα
3182 911 3274 963 καὶ
3314 909 3594 978 ἀλλότρια,
3627 910 3701 962 ἴνα

2160 1004 2233 1076 μὴ
2243 1004 2308 1057 τά
2324 1005 2529 1077 Ἀρείου
2545 1003 2815 1074 μανῶμεν.
2833 1001 2899 1054 Τί
2913 1002 3021 1071 (70)
3036 1000 3106 1069 γά
3114 1018 3143 1072 ρ
3160 1001 3258 1065 δεῖ,
3273 1000 3529 1069 καθάπερ
3556 998 3702 1066 φυτὸν

2156 1097 2240 1148 ὲτε
2251 1096 2485 1167 ροκλινὲς
2520 1096 2690 1165 πάντη
2715 1092 3118 1163 καμπτόμενον,
3152 1091 3241 1163 βίᾳ
3268 1091 3529 1163 μετάγειν
3550 1089 3637 1142 ἐπὶ
3654 1088 3702 1141 τὸ

2154 1187 2336 1261 ἕτερον
2369 1188 2553 1261 μέρος,
2590 1188 2886 1258 διαστροφῇ
2915 1186 3014 1258 τὴν
3042 1185 3370 1256 διαστροφὴν
3402 1179 3699 1252 διορθουμέ-

488 1300 677 1357 morbo
700 1297 1043 1358 laboremus;
1077 1299 1171 1345 aut
1202 1287 1368 1358 379
1394 1299 1583 1339 rursus
1620 1282 1670 1337 in
1704 1280 1804 1335 tria
1837 1280 2049 1335 diversa

2170 1296 2289 1343 ιους,
2339 1279 2476 1333 ἀλλά
2521 1280 2594 1351 μὴ
2634 1278 2771 1349 πρὸς
2799 1278 2860 1331 τὸ
2900 1276 3060 1348 μέσον
3097 1276 3440 1339 εὐθύνοντας,
3483 1274 3543 1327 ὲν
3576 1273 3699 1343 ὅροις

487 1403 545 1450 et
595 1392 769 1446 aliena
821 1397 1156 1456 separamus,
1191 1395 1259 1436 ne
1293 1381 1347 1433 in
1381 1377 1497 1431 Arii
1546 1374 1784 1429 furorem
1844 1371 2052 1426 incida-

2150 1371 2397 1426 ἵστασθαι
2422 1372 2523 1442 τῆς
2554 1370 2863 1434 θεοσεϐείας
2882 1387 2896 1436 ἶ

488 1501 626 1547 mus.
650 1482 788 1551 Quid
815 1482 957 1536 enim
990 1491 1209 1534 necesse
1252 1483 1333 1530 cst
1370 1481 1462 1538 ut,
1512 1469 1660 1524 velut
1698 1468 1935 1539 plantam
1973 1468 2025 1521 iu
2070 1467 2293 1525 alteram
2372 1480 2578 1538 partem
2642 1468 3098 1537 propendenlem,
3137 1464 3202 1519 ad
3235 1464 3459 1517 alteram
3514 1470 3697 1530 partem

489 1592 585 1651 per
624 1576 729 1630 vim
762 1569 1118 1633 inﬂectamus,
1184 1579 1249 1619 ac
1316 1559 1698 1617 distorsionem
1766 1573 1861 1626 per
1923 1556 2299 1613 distorsionem
2337 1559 2705 1630 corrigamus,
2755 1574 2864 1613 non
2898 1568 3075 1612 autem
3130 1557 3309 1627 potius
3359 1570 3479 1610 eam
3510 1552 3574 1606 ad
3607 1569 3700 1608 ωσι

488 1671 634 1729 dium
681 1665 1005 1733 dirigentes,
1035 1660 1175 1715 intra
1200 1655 1415 1728 pietatis
1456 1654 1687 1722 ﬁdeique
1714 1651 2030 1706 orthodoxae
2060 1651 2192 1707 ﬁnes
2222 1654 2584 1709 cousistamus

564 1759 645 1815 Vl.
670 1756 838 1811 Porro
866 1767 987 1810 cum
1005 1750 1233 1805 medium
1257 1748 1400 1811 dico,
1416 1746 1696 1800 veritatem
1739 1744 1878 1807 dico,
1893 1758 2053 1813 quam

2228 1749 2318 1814 ς’.
2368 1746 2655 1816 Μεσότητα
2703 1744 2809 1816 (71)
2862 1744 2917 1797 δὲ
2958 1745 3084 1798 ὅταν
3118 1743 3295 1807 εῖπω,
3329 1741 3431 1812 τὴν
3470 1740 3702 1811 ἀλήθειαν

490 1861 638 1909 recte
669 1847 836 1904 solam
869 1859 979 1916 prae
1005 1840 1175 1896 oculis
1197 1838 1523 1908 propositam
1570 1837 1852 1892 habemus.
1877 1834 2059 1903 Repu-

490 1946 701 2001 diamus
725 1939 927 2008 itaque,
963 1945 1071 1988 tum
1105 1931 1303 1986 malam
1336 1928 1784 1994 contractionem,
1821 1936 1929 1982 tum
1958 1926 2061 1981 hac

489 2033 865 2093 absurdiorem'
881 2025 1221 2089 divisionem;
1249 2038 1336 2088 ne,
1364 2021 1446 2075 vel
1466 2020 1535 2075 ob
1557 2018 1914 2074 multitudinis
1932 2018 2062 2073 des-

491 2142 609 2183 rum
638 2133 861 2187 metum,
893 2120 945 2173 in
1001 2132 1165 2171 unam
1213 2129 1501 2184 personam
1545 2121 1830 2167 contracta
1855 2110 2061 2173 orat-io,

490 2219 637 2274 nuda
652 2215 804 2271 nobis
819 2222 871 2268 ct
888 2210 1067 2267 inania
1089 2210 1306 2265 nomina
1326 2206 1618 2275 relinquat,
1635 2217 1800 2256 unum
1818 2201 2064 2256 videlicet

491 2322 545 2368 et
563 2307 811 2366 eumdem
842 2305 1055 2360 Patrem
1088 2316 1152 2356 ac
1190 2300 1384 2354 Filium
1412 2306 1467 2354 et
1494 2296 1758 2367 Spiritum
1816 2302 2063 2350 sanctum

492 2398 947 2461 existimantibus,
982 2409 1047 2450 ac
1094 2408 1199 2448 non
1256 2392 1427 2461 magis
1483 2390 1594 2444 haec
1631 2387 1811 2444 omnia
1870 2400 2064 2449 unum,

492 2510 654 2565 quam
714 2489 1133 2559 unumquodque
1180 2483 1313 2539 nihil
1361 2497 1484 2537 esse
1539 2478 1899 2536 statuentibus
1947 2477 2066 2549 (de-

494 2586 691 2643 sierint
717 2580 863 2637 enim
885 2580 939 2634 id
963 2592 1083 2633 esse
1103 2576 1245 2646 quod
1273 2583 1418 2639 sunt,
1440 2576 1579 2627 inter
1600 2587 1661 2628 se
1688 2581 1874 2625 mutuo
1889 2579 2068 2624 trans-

492 2676 674 2734 euntia
724 2681 780 2729 et
824 2668 1166 2739 migrantis);
1209 2666 1293 2722 vel
1340 2681 1525 2720 rursus
1562 2665 1613 2719 in
1670 2674 1801 2728 tres,
1833 2671 1926 2717 aut
1976 2676 2067 2731 pe-

497 2767 741 2837 regrinas
786 2770 840 2819 ct
886 2761 1129 2830 dispares
1185 2767 1347 2827 atque
1388 2756 1674 2811 distractas
1724 2765 1945 2807 naturas
1983 2766 2067 2806 se-

497 2855 891 2930 parata,juxta
926 2853 1038 2908 Arii
1078 2860 1225 2907 recte
1280 2848 1616 2904 nominatum
1671 2844 1933 2911 furorem,
1975 2851 2068 2898 aut

497 2954 835 3025 principatus
868 2954 1119 3017 expertes
1171 2953 1227 3000 et
1267 2942 1621 3005 inordinatus,
1661 2938 2065 3006 divinitatique,

2161 1833 2322 1904 λέγω,
2369 1837 2504 1908 πρὸς
2540 1837 2605 1907 ἢν
2658 1836 2871 1906 βλέπειν
2919 1832 3097 1898 καλῶς
3139 1833 3332 1903 ἔχομεν
3386 1832 3582 1902 μόνην·
3624 1830 3704 1884 καὶ

2158 1927 2258 1999 τὴν
2295 1928 2502 1999 φαύλην
2538 1929 2843 2000 συναίρεσιν
2880 1924 3302 1997 παραιτούμενοι
3335 1923 3471 1993 (ἹΞ),
3506 1922 3594 1975 καὶ
3622 1923 3704 1989 τὴν

2162 2020 2515 2089 ἀτοπωτέραν
2541 2020 2803 2091 διαίρεσιν
2824 2035 2839 2049 ·
2872 2019 2948 2081 ὡς
2987 2019 3121 2089 μήτε
3153 2017 3231 2079 εἰς
3270 2015 3396 2085 μίαν
3430 2014 3705 2068 ὑπόστασιν

2166 2112 2546 2184 συναιρεθέντα
2577 2112 2668 2166 τὸν
2700 2112 2876 2181 λόγον,
2912 2111 3020 2164 δέει
3071 2108 3383 2173 πολυθεῖας,
3431 2106 3561 2176 ψιλά
3590 2110 3705 2177 ἡμῖν

2164 2205 2477 2260 καταλιπεῖν
2502 2202 2569 2256 τά
2597 2204 2854 2271 ὀνόματα,
2881 2202 2971 2255 τὸν
2996 2200 3155 2255 αὐτὸν
3187 2200 3429 2271 Πατέρα,
3462 2199 3553 2251 καὶ
3580 2197 3704 2261 fil»,

2166 2298 2259 2350 καὶ
2285 2295 2508 2365 Πνεῦμα
2540 2296 2692 2363 άγιον
2726 2294 3189 2365 ὑπολαμϐάνουσι,
3224 2292 3318 2345 καὶ
3348 2290 3423 2361 μὴ
3450 2288 3639 2359 μᾶλλον
3659 2289 3707 2341 ἐν

2164 2390 2235 2445 τά
2263 2388 2462 2452 πάντα,
2494 2388 2527 2459 ἦ
2561 2388 2723 2457 μηδὲν
2753 2387 2983 2440 ἕκαστον
3015 2381 3154 2440 εἶναι
3191 2384 3524 2457 ὁριζομένοις
3552 2382 3569 2449 (
3598 2380 3707 2449 φευο

2166 2500 2252 2553 γοι
2281 2482 2391 2553 γὰρ
2441 2481 2506 2536 ἂν
2543 2475 2682 2532 εἶναι
2718 2479 2861 2551 άπερ
2899 2479 3081 2542 ἐστὶν,
3117 2480 3196 2541 εἰς
3239 2474 3443 2546 ἄλληλα
3488 2490 3707 2543 μεταχω-

2169 2575 2364 2648 ροῦντα
2422 2576 2512 2630 καὶ
2564 2572 3022 2646 μεταϐαίνοντα)’
3075 2574 3210 2643 μήτε
3252 2572 3332 2633 εἰς
3378 2568 3594 2639 τρεῖςῆ
3640 2567 3709 2631 ξέο

2167 2681 2263 2729 νας
2304 2663 2413 2735 (75)
2444 2664 2539 2717 καὶ
2564 2663 2848 2735 ἀνομοίους
2881 2662 2992 2732 (74)
3026 2661 3213 2723 οὐσίας
3249 2659 3345 2712 καὶ
3377 2655 3711 2729 ἀπεῤῥητμέ-

2168 2772 2262 2817 νας
2290 2754 2645 2825 διαιρεθέντα,
2669 2753 2810 2807 κατὰ
2836 2752 2933 2827 τὴν
2978 2750 3186 2821 Ἀρείου
3212 2748 3394 2812 καλῶς
3423 2746 3709 2818 ὀνομασθεῖ-

2170 2865 2267 2901 σαν
2322 2846 2541 2917 μανίαν,
2588 2846 2621 2916 ἢ
2665 2845 2933 2916 ἀνάρχους
2990 2843 3081 2896 καὶ
3138 2841 3425 2904 ἀτάκτους,
3478 2840 3570 2892 καὶ
3619 2832 3711 2891 οἷον

2171 2940 2375 3003 εἰπεῖν,
2402 2937 2705 3000 ἀντιθέους*
2754 2935 2827 3007 τῷ
2870 2936 2966 3006 μὲν
3006 2937 3083 2998 εἰς
3122 2932 3415 3002 Ἰουδαῖκὴν
3451 2930 3712 3000 σμικρολο-

499 3058 557 3103 ιιι
611 3047 690 3102 sic
733 3044 962 3114 loquar,
1015 3036 1355 3103 contrarias;
1413 3035 1610 3103 partim
1670 3033 1722 3087 in
1781 3031 2057 3086 Iudaicam

2170 3030 2287 3098 γίαν
2332 3028 2788 3097 κατακλεισθῆναι
2821 3026 2957 3099 (75),
2999 3026 3144 3097 μόνῳ
3183 3024 3262 3095 τῷ
3302 3024 3581 3092 ἀγεννήτῳ
3617 3020 3714 3091 (76)

497 3138 788 3210 quamdam
831 3134 1149 3206 parcitatem
1183 3127 1558 3191 concludatur,
1589 3124 1631 3179 si
1671 3125 1912 3194 ingenito
1949 3122 2063 3177 solo

497 3230 838 3286 divinitatem
868 3221 1401 3285 circumscribamus,
1439 3217 1629 3289 partim
1680 3215 1732 3268 in
1760 3214 2063 3284 oppositum

497 3322 750 3395 quidem,
802 3333 906 3374 non
960 3316 1139 3371 minus
1198 3323 1378 3367 tamen
1428 3309 1793 3380 perniciosum
1867 3306 2064 3361 malum

500 3414 866 3487 provolvatur,
902 3408 947 3465 si
980 3408 1083 3463 tria
1130 3401 1395 3474 principia
1427 3410 1647 3467 tresque
1686 3397 1823 3453 Deos
1867 3397 2067 3451 consti-

466 3505 786 3568 'tuerimus,
817 3499 961 3572 quod
1017 3496 1282 3567 superiori
1338 3494 1501 3547 etiam
1554 3504 1740 3545 errore
1775 3488 2066 3543 absurdius

499 3610 605 3656 cst.
630 3598 762 3653 Nam
799 3593 1062 3667 profecto,
1092 3604 1192 3645 nec
1229 3587 1488 3658 quosdam
1516 3584 1588 3638 ita
1620 3583 1797 3638 Patris
1824 3590 2067 3635 amantes

502 3705 622 3748 esse
647 3694 879 3757 oportet,
914 3695 971 3739 ut
1001 3684 1075 3737 illi
1107 3680 1251 3749 quod
1282 3678 1443 3733 Pater
1476 3676 1551 3731 sit
1599 3676 1870 3738 adimant;
1912 3671 2065 3739 cujus

502 3782 648 3838 enim
677 3778 837 3834 Pater
867 3774 1045 3840 fuerit,
1072 3773 1116 3827 si
1146 3770 1312 3825 Filius
1357 3768 1426 3823 ab
1456 3782 1522 3822 eo
1573 3776 1767 3820 natura
1821 3765 2067 3819 diversus

506 3873 739 3930 dicatur,
768 3876 929 3935 atque
962 3879 1067 3918 una
1112 3878 1232 3917 cum
1280 3858 1503 3928 reliquis
1549 3856 1816 3913 creaturis
1865 3854 2068 3909 abalie—

508 3964 703 4023 netur?
753 3961 863 4017 Nec
890 3973 1079 4014 rursus
1118 3958 1187 4011 ita
1218 3955 1420 4011 Christi
1450 3963 1716 4016 amantes,
1750 3960 1902 4006 utne
1948 3950 2069 4005 Filii

506 4054 722 4126 quidem
751 4064 947 4106 nomen
992 4049 1040 4102 ei
1076 4047 1342 4115 integrum
1402 4052 1649 4109 servent;
1702 4042 1856 4112 cujus
1903 4042 2068 4108 enim,

509 4159 711 4217 quaeso,
738 4142 909 4198 Filius
940 4139 1122 4205 fuerit,
1164 4137 1269 4191 nisi
1309 4136 1375 4191 ad
1417 4135 1657 4197 Patrem,
1700 4143 1955 4203 tanquam
2001 4132 2069 4187 ad

509 4233 856 4307 principium,
887 4230 1187 4285 referatur?
1215 4227 1323 4283 Nec
1356 4225 1588 4295 denique
1617 4224 1765 4279 Patri
1820 4222 2070 4294 principii

507 4328 822 4400 dignitatem
859 4321 1202 4386 imminuere,
1233 4334 1394 4390 quam
1445 4326 1506 4373 ut
1558 4325 1712 4388 pater
1755 4326 1810 4371 et
1861 4316 2073 4385 genitor

510 4422 702 4484 habet;
755 4429 1041 4488 parvorum
1081 4413 1279 4468 etenim
1336 4420 1507 4476 certe,
1560 4410 1783 4479 ipsoque
1829 4407 2075 4478 indigno-

508 4524 629 4566 rum
660 4505 980 4580 principium
1032 4504 1215 4569 fuerit,
1250 4502 1348 4560 nisi
1399 4501 1614 4557 deitatis
1666 4500 1805 4570 ejus,
1853 4514 1973 4568 qua;
2019 4499 2072 4554 in

508 4601 648 4660 Filio
699 4607 756 4656 et
811 4598 1015 4669 Spiritu
1075 4605 1266 4654 sancto
1312 4593 1705 4659 consideratur,
1753 4605 1919 4647 causa
1972 4590 2062 4645 sit.

513 4802 723 4929 mg?”
741 4800 1074 4866 Ἐνοῦντες.
1119 4816 1138 4850 ι
1176 4795 1351 4853 Unam
1381 4804 1559 4852 autem
1588 4792 1923 4852 divinitatem
1952 4804 2073 4865 pro.

728 4913 742 4927 .
769 4890 791 4925 ι

552 4884 742 4930 tentes.
769 4890 791 4925 ι

605 4943 697 5002 70)
741 4942 820 4998 Τί.
861 4937 1231 5002 ϐοωὺεῐ.,οὒ.

611 5003 701 5078 Ἠ)
737 5012 1071 5078 Μεσότητα.
1107 5006 1335 5078 Billius:
1377 5026 1397 5060 ι
1421 5003 1913 5078 mediocritatem;

611 5072 699 5156 72)
733 5072 1219 5156 [Ιαρριςὸῷμενζοι.
1254 5077 1345 5133 Sic
1376 5079 1480 5156 duo
1528 5074 1717 5146 Regg.,
1752 5075 1858 5129 duo
1883 5072 2073 5139 Coisl.,

518 5145 612 5211 Or:
641 5145 694 5216 i,
722 5145 964 5208 Combef.
997 5145 1197 5218 luied.,
1223 5145 1669 5218 παραιτούμενον,

589 5214 703 5292 (75)
746 5222 908 5290 Τρεῖς
935 5219 980 5292 ἢ
1008 5217 1208 5292 ξένα-ς.
1244 5214 1653 5292 Combeh'delet
1681 5214 1736 5284 ἦ.

612 5284 703 5360 74)
753 5284 1108 5360 Ἆγολιοίους.
1146 5287 1276 5360 lteg.
1307 5288 1443 5360 bitu,
1468 5284 1869 5360 dvouooucioug.

610 5349 699 5424 75$
760 5349 1295 5424 Κατὶικλειετθῆνᾶι.
1354 5349 1445 5411 sua
1507 5349 1615 5410 tres
1665 5354 1839 5422 σουλ,
1887 5349 1979 5406 0r.
2029 5351 2081 5419 ι,

521 5426 645 5489 Par.
676 5426 733 5488 in
759 5432 869 5495 ed.,
897 5426 1386 5483 κατακλεισθεῖναι.

593 5504 705 5574 (76)
755 5490 1095 5574 Ἀχὲννήτῳ.
1131 5498 1261 5567 Reg.
1310 5497 1469 5574 _Cy_p.,
1497 5491 1880 5574 ἀνάρχῳ.ηΝοιι
1911 5490 2081 5574 male,

524 5564 645 5626 cum
673 5564 760 5628 hic
788 5564 1083 5639 Gregorius
1112 5564 1252 5639 totus
1279 5564 1433 5623 sit'in
1471 5584 1491 5619 ι
1520 5564 1767 5636 principii
1791 5582 1811 5616 ι
1842 5566 2080 5619 ratione:

523 5643 558 5714 ἢ
584 5643 851 5715 ἀγᾴρχους
887 5636 1034 5715 έρεές
1063 5636 1258 5715 ἀρκάςν
1282 5648 1387 5694 θια-

624 5707 940 5782 77)”Τωςαςζ
967 5707 1075 5782 Οι-ζ
1090 5707 1143 5774 1,
1172 5707 1311 5762 τίνα.

594 5714 709 5854 83’
753 5714 1148 5846 τάξαςθῗτλίὸ
1172 5714 1311 5832 mi“
1386 5774 1441 5831 δ’
1524 5783 1543 5828 ι
1676 5772 1716 5829 c
1755 5773 1804 5829 lb
1897 5771 1941 5828 ο
2031 5771 2054 5823 ι

594 5870 656 5907 ι..
684 5785 805 5907 itas.
850 5796 953 5907 ﬁii
975 5791 1485 5907 .otf'ht'cc’sg.c.Coisf.
1510 5788 1750 5907 Steis’arf
1769 5812 1899 5907 etc...
1948 5788 2084 5907 ἓήτέ

523 5841 656 5921 Je§.,
684 5841 805 5909 Bas.
840 5841 953 5907 'Alii
975 5885 991 5915 ,
1024 5848 1159 5918 utrm
1199 5846 1281 5902 τό.
1322 5846 1485 5904 Coisl.
1510 5846 1564 5912 5,
1599 5846 1745 5912 Par.,
1769 5854 1899 5910 ctc.,
1948 5841 2085 5914 μήτε

828 5922 835 5929 ι

2166 3123 2264 3193 τὴν
2292 3121 2519 3192 θεότητα
2544 3120 2978 3192 περιγράφοντας
2999 3134 3011 3147 ·
3042 3116 3119 3188 τῷ
3145 3116 3202 3169 δὲ
3232 3117 3310 3178 εἰς
3348 3113 3585 3167 ἐναντίον
3610 3112 3712 3181 μὲν,

2167 3215 2333 3268 κακὸν
2371 3215 2427 3267 δὲ
2474 3214 2586 3267 ἴσον
2636 3215 2855 3276 πεσεῖν,
2889 3212 3038 3280 τρεῖς
3081 3207 3255 3279 ἀρχάς
3293 3204 3719 3275 ὑποτιθεμένους,

2165 3309 2258 3362 κα).
2289 3308 2436 3378 τρεῖς
2480 3305 2667 3366 Θεοὺς,
2712 3302 2744 3354 ὃ
2773 3301 2881 3354 τῶν
2914 3298 3323 3370 προειρημένων
3353 3293 3684 3364 ἀτοπώτερον
3704 3309 3716 3319 ’

2164 3396 2281 3449 δέον
2331 3396 2468 3467 μήτε
2512 3393 2685 3457 οὕτως
2714 3388 2853 3445 εἶναι
2892 3407 3041 3453 τινας
3088 3390 3199 3460 (77)
3232 3388 3628 3456 φιλοπάτορας,
3657 3383 3723 3445 ὡς

2166 3489 2261 3543 καὶ
2289 3488 2349 3541 τὸ
2387 3484 2527 3540 εἶναι
2572 3485 2791 3555 Πατέρα
2832 3485 3131 3555 περιαιρεῖν
3172 3479 3356 3547 (τίνος
3396 3478 3503 3548 γάρ
3535 3478 3599 3530 ἂν
3643 3476 3723 3526 καὶ

2166 3582 2249 3652 εἴη
2283 3580 2495 3652 Πατὴρ,
2540 3577 2634 3631 τοῦ
2684 3576 2813 3630 Υἱοῦ
2859 3577 2957 3646 τὴν
2996 3574 3156 3644 φύσιν
3203 3572 3615 3641 ἀπεξενωμένου
3643 3568 3728 3621 xci:

2167 3671 2677 3743 ἀπηλλοτριωμένου
2715 3667 2855 3739 μετά
2898 3670 2997 3739 τῆς
3030 3666 3259 3727 κτίσεως
3282 3664 3340 3735 ;)
3371 3681 3386 3695 -
3426 3663 3552 3733 μήθ’
3600 3660 3729 3714 οὕτω

2169 3763 2579 3834 φιλοχρίστους,
2630 3761 2705 3824 ὡς
2757 3761 2892 3831 μήτε
2945 3757 3104 3810 τοῦτο
3144 3755 3434 3825 φυλάττειν
3489 3752 3639 3824 (78),
3678 3748 3733 3801 τί)

2170 3852 2307 3908 εἶναι
2338 3855 2463 3908 Υίόν
2507 3854 2686 3925 (τίνος
2715 3851 2826 3923 γὰρ
2860 3852 2924 3904 ἂν
2953 3850 3043 3902 καὶ
3072 3850 3158 3919 εἴη
3201 3847 3349 3910 Υἱὸς,
3387 3846 3462 3916 μὴ
3493 3845 3629 3915 πρὸς
3658 3841 3732 3896 αἰ-

2169 3966 2281 4002 τιον
2303 3948 2413 4017 (79)
2451 3946 2851 4015 ἀναφερόμενος
2908 3943 2997 3997 τὸν
3030 3942 3276 4011 Πατέρα;
3307 3938 3326 4009 )
3355 3940 3492 4009 μήτε
3522 3938 3600 4007 τῷ
3630 3936 3735 3988 Ih-

2170 4041 2261 4113 τρὶ
2299 4039 2359 4093 τὸ
2392 4040 2488 4110 τῆς
2531 4038 2705 4110 ἀρχῆς
2734 4034 3193 4106 κατασμικρύνειν
3242 4032 3496 4101 ἀξίωμα,
3542 4029 3641 4097 τῆς
3669 4026 3735 4087 ὡς

2173 4131 2352 4203 Πατρὶ
2387 4131 2481 4183 καὶ
2534 4130 2812 4200 γεννήτορι
2836 4144 2849 4157 ’
2894 4127 3103 4198 μικρῶν
3150 4125 3258 4197 γὰρ
3293 4125 3356 4179 ἂν
3392 4125 3480 4195 εἴη
3526 4123 3622 4176 καὶ
3655 4122 3737 4174 ἀν-

2174 4225 2336 4291 αξίων
2367 4224 2529 4297 ἀρχὴ,
2569 4223 2642 4295 μὴ
2677 4222 2925 4293 θεότητος
2945 4221 3020 4275 ὢν
3043 4222 3212 4285 αἴτιος
3251 4220 3360 4292 (80)
3396 4220 3498 4290 τῆς
3542 4220 3600 4271 ἐν
3637 4214 3741 4284 Th}:

2177 4318 2270 4372 κα)⁸
2297 4316 2575 4388 Πνεύματι
2599 4315 2994 4385 θεωρουμένης.
3038 4313 3253 4384 Ἐπειδὴ
3283 4312 3393 4384 χρὴ
3418 4312 3519 4365 καὶ
3545 4310 3639 4362 τὸν
3656 4308 3744 4361 ἕνα

2179 4408 2311 4462 Θεὸν
2353 4411 2577 4479 τηρεῖν,
2611 4407 2707 4461 καὶ
2747 4406 2846 4468 τάς
2889 4408 3037 4477 τρεῖς
3072 4404 3397 4465 ὑποστάσεις
3445 4402 3745 4472 ὁμολογεῖν,

2179 4500 2277 4552 εἰτ’
2304 4494 2396 4553 οὖν
2420 4498 2549 4571 τρία
2576 4498 2862 4570 πρόσωπα,
2894 4497 2989 4548 καὶ
3013 4496 3248 4565 ἑκάστην
3276 4494 3418 4565 μετά
3439 4493 3551 4563 τῆς
3574 4491 3748 4559 ἱδιότη·

2174 4608 2285 4655 τος.

2177 4792 2370 4876 τούτῳ,
2409 4810 2429 4844 ι
2454 4800 2513 4846 ιιι
2557 4790 2605 4847 ei
2642 4790 2909 4859 integrum
2951 4801 3056 4843 non
3111 4794 3350 4851 servent,
3384 4786 3544 4857 quod
3598 4784 3752 4839 ﬁlius

2242 4934 2354 5004 (79)
2385 4930 2547 5004 Πρὸς
2595 4930 2868 5004 ulrich}
2898 4927 3175 5004 Tanquam
3223 4926 3290 5004 ad
3344 4926 3750 5004 principiqui

2171 4993 2482 5073 Gregorius,
2523 4993 2706 5073 inquit
2738 5000 2925 5053 Billius
2973 4993 3047 5073 in'
3077 4993 3354 5073 Scholiis,
3383 5013 3404 5046 ι
3437 4993 3610 5073 vocat
3658 4993 3749 5073 P3:

2176 5062 2312 5127 trem
2340 5091 2358 5125 ι
2395 5062 2735 5141 principium,
2776 5087 2794 5121 ι
2828 5078 2885 5121 ιιι
2921 5070 3010 5136 qui
3046 5067 3118 5141 sit
3142 5066 3658 5141 causa__uat_uralis.

2179 5143 2337 5209 idque
2393 5133 2512 5196 cum
2560 5133 2779 5194 dixisset
2811 5158 2822 5191 :
2853 5157 2875 5190 ι
2920 5133 3266 5209 iinruinuuut
3296 5133 3455 5188 Patri
3511 5134 3755 5209 principii

2179 5204 2362 5277 decus,
2420 5229 2438 5261 ι
2462 5212 2644 5264 statim
2702 5209 2955 5277 subjecit,
2983 5225 3004 5258 ι
3057 5206 3175 5273 ejus
3209 5223 3228 5255 ι
3256 5204 3526 5271 inquam,
3562 5226 3582 5258 ι
3614 5205 3756 5258 Prin—

2178 5283 2335 5351 cipii,
2376 5283 2518 5350 quod
2549 5280 2708 5335 Pater
2748 5280 2820 5333 sit
2843 5288 2916 5351 _et
2946 5278 3201 5351 genitor;
3226 5290 3343 5351 t__ue
3376 5277 3527 5351 quis
3568 5278 3757 5351 scilicet

2180 5344 2566 5422 suspicaretur,
2615 5344 2988 5422 ipsum_Patri_
3035 5344 3283 5422 principii
3332 5347 3751 5422 appellationem

2182 5416 2448 5486 tribuere,
2492 5416 2745 5489 tauquam
2773 5418 2858 5483 ei,
2902 5419 2992 5487 qui
3037 5416 3326 5487 majestate
3368 5431 3450 5470 ac
3511 5416 3757 5485 dignitate

2220 5503 2413 5546 rmstct.
2439 5510 2459 5543 ι

2180 5507 2621 5631 Ρΐῗξθῗιχῖτιος.
2656 5578 2674 5611 ι
2696 5558 2889 5622 Causa,
2915 5577 2934 5609 ›
2964 5558 3014 5631 id
3043 5566 3146 5631 est,
3186 5575 3205 5608 ‹
3229 5560 3466 5631 origo.)
3510 5556 3609 5609 Sic
3636 5552 3754 5631 enirn

2181 5629 2373 5686 Patres
2406 5632 2644 5695 Graecos,
2688 5645 2810 5685 cum
2844 5632 2909 5683 de
2952 5629 3144 5682 divinis
3177 5629 3557 5683 relationibus
3594 5630 3753 5695 agunt.

2183 5704 2602 5844 ignitaerprctantur
2620 5688 2873 5769 theologi.
2914 5697 3044 5754 Vide
3070 5699 3276 5755 Estium
3326 5698 3389 5753 iu
3432 5712 3481 5765 ι,
3520 5688 3651 5752 dist:
3685 5688 3756 5753 θ.
