3932 6502
208 366 358 421 i073

956 365 1215 425 ORATIO
1252 368 1369 427 XX.
1410 403 1476 414 ——
1514 370 1603 426 DE
1640 370 1945 433 DOGMAT.
1986 373 2076 430 ET
2115 373 2430 434 CONSTIT.
2472 376 2687 434 EPISC.

3306 377 3444 435 1074

206 479 655 550 Quandoquidem
720 489 773 537 et
835 498 972 540 unus
1028 486 1166 542 Deus
1204 487 1517 546 retinendus
1565 499 1668 556 est,
1721 501 1926 558 et.tres
1991 496 2327 569 hypostases,
2381 498 2494 554 sive
2566 506 2676 554 tres
2723 510 2985 568 persona,
3023 496 3359 563 confitenda,
3391 508 3447 556 et

204 579 429 647 quidem
465 592 795 647 unaquaeque
818 595 936 633 cum
968 596 1062 637 sua
1092 584 1439 653 proprietate.

275 670 354 722 Z’.
387 668 619 739 Τηροῖτο
651 670 696 723 δ’
715 668 801 735 ἂν,
835 674 910 735 ὡς
938 673 966 723 ὁ
997 675 1127 744 ἐμὸς
1156 675 1315 745 λόγος
1334 715 1349 740 ,
1377 673 1458 741 εἷς
1490 676 1589 749 μὲν
1625 678 1779 744 Θεὸς,

1954 679 2064 736 Vll.
2103 679 2194 736 Sic
2221 681 2390 744 enim,
2420 695 2538 737 mea
2562 679 2776 750 quidem
2801 680 3094 746 sententia,
3129 678 3272 737 Deus
3303 693 3443 735 unus

203 762 285 824 εἰς
327 761 386 813 ἓν
422 762 594 815 αἴτιον
635 763 727 815 καὶ
761 765 892 817 Υἱοῦ
940 767 1032 819 καὶ
1084 768 1399 840 Πνεύματος
1446 770 1782 844 ἀναφερομέ-

201 870 338 915 νων,
373 855 434 905 οὐ
472 855 900 925 συντιθεμένων,
950 858 1068 912 οὐδὲ
1120 856 1779 933 συναλειφομένωνωυ·

204 946 302 996 καὶ
333 946 478 997 κατὰ
508 945 568 998 τὸ
597 946 653 999 ἒν
686 948 779 1001 καὶ
818 948 981 1001 ταυτὺ
1026 949 1125 1020 τῆς
1158 951 1439 1023 θεότητος,
1488 954 1572 1006 ἴνα
1611 954 1781 1018 οὕτως

203 1035 485 1105 ὀνομάσω,
518 1036 726 1107 κίνημά
758 1055 815 1090 τε
849 1040 942 1091 καὶ
981 1039 1248 1111 βούλημα,
1288 1042 1380 1095 καὶ
1414 1041 1513 1114 τὴν
1543 1044 1640 1115 τῆς
1689 1045 1780 1097 0'5-

205 1125 331 1187 σίας
375 1125 700 1197 ταυτότητα.
734 1129 800 1180 Ai
832 1129 888 1181 δὲ
930 1133 1076 1201 τρεῖς
1108 1132 1464 1200 ὑποστάσεις,
1515 1135 1782 1207 μηδεμιᾶς

204 1216 427 1271 ὲπινοου
438 1218 604 1289 μένης
634 1220 956 1292 συναλοιφῆς
983 1222 1114 1296 (82),
1150 1224 1183 1295 ἢ
1226 1225 1555 1291 ἀναλύσεως,
1584 1228 1617 1300 ἢ
1650 1245 1781 1298 συγ-

206 1309 444 1379 κύσεως,
478 1311 566 1365 ἵνα
607 1312 683 1384 μὴ
719 1313 779 1365 τὸ
809 1316 916 1367 πᾶν
959 1315 1267 1389 καταλυθῇ,
1305 1320 1373 1371 δι’
1403 1311 1478 1373 ὧν
1504 1320 1565 1373 τὸ
1594 1319 1651 1375 ἓν
1691 1339 1780 1376 σεσ-

208 1400 475 1470 μνύνεται
507 1401 726 1475 πλέονῆ
774 1405 953 1469 καλῶς
993 1406 1125 1477 ἔχει.
1166 1410 1229 1460 Αἱ
1273 1410 1329 1462 δὲ
1365 1410 1643 1482 ἰδιότητες,
1673 1414 1781 1466 Ila.-

203 1490 336 1561 ’πρὸς
368 1491 489 1561 μὲν,
518 1493 609 1545 καὶ
634 1494 871 1565 ἀνάρχον
910 1496 1019 1568 (85)
1041 1538 1055 1562 ,
1085 1499 1179 1552 καὶ
1202 1499 1378 1571 ἀρχῆς
1402 1502 1779 1574 ὲπινοουμένου

203 1582 303 1633 καὶ
348 1580 645 1652 λεγομένου
694 1586 901 1657 (ἀρχῆς
948 1587 1025 1652 δὲ,
1070 1590 1146 1653 ὡς
1185 1591 1393 1655 αἰτίου,
1433 1592 1529 1646 καὶ
1568 1593 1643 1657 ὡς
1677 1611 1782 1666 ιιι-ης

203 1672 311 1742 γῆς
332 1711 346 1735 ,
379 1674 473 1725 καὶ
512 1674 588 1738 ὡς
621 1675 789 1729 ἀϊδίου
824 1680 998 1747 φωτός
1030 1680 1199 1751 (84))·
1243 1682 1371 1736 Υἱοῦ
1419 1684 1497 1748 δὲ,
1544 1686 1779 1757 ἀνάρχου

205 1764 309 1833 μὲν
358 1764 641 1834 οὐδαμῶς,
688 1768 860 1839 ἀρχῆς
891 1769 947 1823 δὲ
994 1771 1101 1824 τῶν
1140 1771 1304 1825 ὅλων⁸
1347 1774 1521 1847 ἀρχὴν
1558 1776 1614 1829 δὲ
1655 1778 1780 1831 ὅταν

203 1856 370 1919 εἴπω,
408 1857 482 1927 μὴ
506 1858 696 1927 χρόνον
737 1860 1031 1932 παρενθῇς,
1064 1862 1197 1934 μηδὲ
1223 1862 1385 1935 μέσον
1411 1883 1463 1919 τι
1492 1866 1658 1939 τάξῃς
1684 1868 1779 1922 τοῦ

204 1950 596 2019 γεγεννηκότος
639 1951 728 2004 καὶ
771 1951 866 2006 τοῦ
901 1955 1258 2025 γεννήματος,
1301 1957 1434 2028 μηδὲ
1472 1958 1650 2030 διέλῃς
1682 1959 1781 2031 τὴν

1882 774 2225 840 retinebitur,
2266 774 2311 829 si
2353 772 2547 829 Filium
2585 773 2751 845 380
2796 783 2850 829 et
2884 774 3145 843 Spiritum
3197 782 3441 829 sanctum

1880 868 1947 920 ad
1982 881 2143 920 unam
2174 880 2390 921 causam
2428 865 2747 932 referamus,
2785 880 2891 920 non
2928 875 3106 921 autem
3154 880 3445 936 compona-

1881 973 2001 1013 mus
2051 971 2148 1013 nec
2179 959 2659 1024 commisceamus;
2709 966 2765 1012 et
2802 956 2845 1013 si
2881 972 3039 1011 unam
3090 965 3252 1028 atque
3295 971 3444 1011 eam-

1881 1044 2004 1098 dem
2037 1042 2363 1107 Divinitatis,
2390 1054 2449 1098 ut
2490 1044 2562 1098 ita
2604 1044 2813 1113 loquar,
2850 1044 3139 1099 motionem
3169 1052 3224 1099 et
3251 1044 3443 1099 volun-

1884 1142 2072 1198 tatem,
2121 1134 2477 1204 essentizrque
2522 1135 2860 1189 identitatem
2890 1134 3267 1202 intelligamus.
3312 1133 3445 1191 Tres

1882 1234 2061 1281 autem
2094 1240 2354 1295 personas
2398 1228 2470 1280 ita
2503 1225 2827 1291 tenebimus,
2860 1225 2905 1279 si
2932 1225 3075 1280 nulla
3109 1225 3442 1290 commixtio,

1878 1328 1973 1374 aut
2008 1310 2289 1383 resolutio;
2313 1327 2406 1371 aut
2439 1315 2686 1372 confusio
2720 1316 3077 1387 excogitetur,
3131 1330 3199 1371 ne
3242 1316 3443 1386 alioqui

1881 1410 2191 1466 universum
2276 1425 2373 1480 per
2442 1424 2537 1464 eos
2589 1417 2899 1475 evertatur,
2959 1407 3051 1478 qui
3105 1407 3443 1478 impensius,

1881 1516 2043 1572 quam
2073 1516 2171 1572 par
2197 1502 2287 1567 sit,
2325 1502 2588 1579 unitatem
2615 1500 2894 1556 extollunt.
2929 1499 3211 1557 Postremo
3245 1500 3316 1554 ita
3348 1515 3451 1555 no-

1878 1593 1964 1649 bis
1993 1593 2387 1663 praprietatum
2410 1578 2550 1649 ratio
2580 1592 2867 1657 constabit,
2894 1592 2937 1647 si
2964 1590 3177 1646 Patrem
3204 1589 3445 1660 quidem,
3502 1578 3505 1581 ’

1877 1695 1935 1741 et
1960 1685 2212 1756 principii
2243 1697 2545 1756 expertem,
2574 1695 2629 1742 et
2657 1685 2980 1757 principium
3022 1684 3339 1753 cogitemus,
3384 1695 3451 1735 ac

1878 1777 2238 1849 praedicemus
2304 1778 2676 1849 (principium,
2737 1778 2983 1847 inquam,
3023 1784 3082 1831 ut
3118 1791 3359 1841 causam,
3393 1782 3450 1830 et

1880 1880 1942 1927 ut
1978 1870 2204 1939 fontem,
2258 1870 2548 1941 lumenque
2596 1869 3044 1942 sempiternum);
3081 1868 3274 1925 Filium
3293 1880 3455 1935 vero,

1881 1961 2105 2017 minime
2131 1962 2348 2033 quidem
2396 1962 2646 2034 principii
2673 1970 2974 2032 expertem,
2995 1960 3235 2016 omnium
3268 1967 3453 2013 autem

204 2036 370 2105 φύσιν
423 2038 499 2110 τῷ
544 2041 729 2106 κακῶς
779 2044 1158 2113 παρεντεθέντι
1202 2049 1314 2111 τοῖς
1365 2050 1647 2114 συναῖδίοις
1690 2052 1783 2105 καὶ

1891 2068 2066 2109 rerum
2120 2053 2443 2124 principium
2514 2069 2865 2120 asseramus;
2909 2051 3230 2125 principium
3287 2064 3467 2120 porro-

206 2131 597 2200 συνημμένοις.
642 2135 705 2187 Ei
742 2134 848 2206 γὰρ
874 2136 1061 2208 χρόνος
1088 2137 1217 2191 Υἱοῦ
1249 2140 1619 2213 πρεσϐύτερος
1649 2142 1785 2212 (85),

204 2223 420 2277 ἐκείνου
446 2223 642 2296 δηλαδὴ
678 2226 907 2297 πρώτως
942 2228 1008 2282 ἂν
1037 2229 1122 2299 εἴη
1164 2230 1275 2300 (ὃεῆ
1310 2231 1479 2295 αἴτιος
1507 2234 1535 2285 6
1575 2235 1782 2306 Πατήρ.

207 2315 320 2367 Καὶ
350 2313 467 2380 πῶς
503 2317 730 2387 ποιητὴς
773 2318 978 2389 χρόνων
1007 2321 1035 2372 ό
1065 2319 1169 2372 ὑπὸ
1195 2321 1383 2391 χρόνον
1408 2338 1422 2386 ;
1455 2322 1579 2386 Πῶς
1609 2322 1664 2375 δὲ
1692 2323 1785 2377 καὶ

208 2407 416 2479 Κύριος
455 2409 701 2477 πάντων,
733 2413 783 2464 εἰ
828 2412 932 2466 ὑπὸ
966 2412 1159 2483 χρόνου
1204 2414 1561 2486 προείληπταί
1594 2432 1651 2469 τε
1692 2418 1785 2470 καὶ

207 2502 554 2571 κυριεύεται;
594 2504 861 2576 Ἀναρχος
896 2500 988 2558 οὖν
1029 2508 1057 2560 6
1087 2507 1311 2577 Πατήρο
1354 2507 1414 2560 οὐ
1448 2506 1555 2579 γὰρ
1582 2507 1783 2581 ἐτέρω-

206 2593 299 2646 θεν
336 2594 520 2665 αὐτῷ,
568 2594 686 2648 οὐδὲ
736 2597 863 2667 παρ’
895 2596 1089 2649 ἑαυτοῦ
1132 2596 1243 2667 (87)
1286 2597 1347 2651 τὸ
1391 2593 1549 2653 εἶναι.
1618 2600 1674 2654 Ὀ
1728 2600 1785 2654 δὲ

210 2684 357 2749 Υἱὸς,
393 2686 486 2738 ἐὰν
517 2686 616 2756 μὲν
657 2687 731 2750 ὡς
762 2687 935 2741 αἴτιον
966 2689 1058 2741 τὸν
1092 2690 1309 2761 Πατέρα
1344 2691 1645 2763 λαμϐάνῃς,
1683 2694 1785 2747 οὐκ

207 2777 478 2848 ἄναρχος·
508 2778 649 2849 ἀρχὴ
679 2777 785 2851 γὰρ
824 2780 957 2833 Υἱοῠ
991 2780 1180 2853 Πατὴρ
1207 2782 1281 2845 ὡς
1311 2782 1480 2847 αἴτιος
1510 2784 1651 2855 (88)·
1695 2785 1787 2838 ὲάν

209 2869 264 2922 δὲ
304 2870 406 2939 τὴν
457 2871 564 2922 ἀπὸ
597 2872 787 2943 χρόνου
835 2875 961 2943 νοῇς
1004 2875 1200 2944 ἀρχὴν,
1246 2876 1341 2927 καὶ
1385 2876 1652 2946 ἄναρχος’
1689 2877 1789 2930 οὑκ

210 2964 439 3034 ἄρχεται
473 2965 579 3035 γὰρ
607 2965 710 3018 ὑπὸ
739 2965 929 3039 χρόνου
960 2966 989 3018 6
1016 2966 1222 3037 χρόνων
1244 2967 1541 3037 Δεσπότης.

1882 2160 2005 2201 cum
2036 2145 2183 2210 dico,
2218 2162 2286 2201 ne
2315 2155 2522 2216 tempus
2558 2146 2873 2216 iuterjicias,
2907 2160 3004 2200 nec
3058 2145 3201 2199 inter
3237 2144 3449 2213 genito-

1881 2252 1996 2293 rem
2025 2248 2077 2293 et
2102 2238 2344 2308 genitum
2375 2238 2610 2294 medium
2648 2238 2850 2309 aliquid
2877 2237 3194 2304 constituas,
3232 2249 3331 2291 nec
3356 2248 3465 2305 per»

1880 2329 1957 2395 id,
1989 2334 2131 2399 quod
2176 2331 2319 2384 inter
2346 2345 2430 2395 ea,
2490 2346 2610 2399 qua:
2659 2331 2903 2386 eamdem
2949 2328 3305 2385 aeternitatem
3351 2325 3452 2381 ha-

1880 2422 2029 2487 bent,
2059 2433 2112 2478 et
2141 2421 2425 2491 conjuncta
2456 2431 2603 2486 sunt,
2648 2422 2789 2479 male
2834 2422 3153 2491 interponis,
3199 2429 3465 2475 naturam-

1880 2514 2107 2569 dividas.
2148 2513 2280 2568 Nam
2310 2514 2354 2569 si
2392 2524 2600 2584 tempus
2651 2513 2787 2570 Filio
2827 2522 2912 2569 est
2961 2512 3253 2583 antiquius,
3307 2511 3461 2567 illius

1880 2603 2066 2673 procul
2086 2603 2248 2658 dubio
2277 2603 2508 2673 primum
2538 2601 2700 2657 Pater
2721 2618 2879 2658 causa
2919 2602 3078 2657 fuerit
3110 2614 3329 2657 necesse
3346 2606 3450 2656 est.

1882 2693 2033 2762 Quod
2066 2695 2109 2751 si
2142 2695 2212 2751 ita
2254 2704 2361 2759 est,
2396 2710 2503 2765 quo
2560 2697 2772 2750 tandem
2822 2697 2980 2749 modo
3035 2702 3332 2764 temporum
3378 2690 3455 2746 ia-

1882 2797 2002 2841 ctor
2039 2786 2144 2841 erit
2170 2787 2237 2852 ”,
2269 2786 2364 2857 qui
2392 2788 2493 2843 sub
2528 2797 2739 2859 tempus
2763 2786 2947 2842 cadit?
2985 2785 3103 2853 Quo
3133 2790 3261 2841 item
3293 2784 3455 2839 modo

1885 2878 2141 2933 Dominus
2188 2880 2427 2933 omnium
2459 2879 2526 2945 ³⁸,
2571 2880 2614 2934 si
2659 2894 2781 2934 eum
2833 2886 3044 2948 tempus
3092 2875 3454 2949 praecesserit,

1884 2968 2043 3038 eique
2068 2968 2416 3023 dominetur?
2442 2968 2698 3038 Principii
2724 2969 2887 3037 igitur
2916 2983 3112 3038 expers
3138 2974 3222 3022 est
3243 2966 3409 3020 Pater
3436 2977 3461 3017 τ

212 3070 311 3109 nec
350 3059 497 3109 enim
545 3057 783 3123 aliunde,
820 3073 917 3113 nec
946 3074 973 3112 a
998 3074 1056 3113 se
1084 3059 1201 3127 ipso
1239 3074 1360 3113 esse
1410 3060 1587 3113 habet.
1621 3059 1788 3114 Filius
1827 3070 2028 3129 autem,
2060 3062 2327 3131 siquidem
2374 3060 2584 3115 Patrem
2635 3070 2694 3114 ut
2736 3072 2960 3115 causam
3009 3058 3267 3128 accipias,
3336 3070 3437 3110 ne-

212 3167 488 3221 quaquam
532 3152 793 3222 principio
835 3161 1024 3219 caret;
1079 3154 1401 3223 principium
1445 3155 1589 3209 enim
1646 3155 1765 3209 Filii
1839 3156 1998 3211 l‘ater
2032 3165 2112 3212 est
2146 3198 2161 3223 ,

2244 3165 2303 3211 ut
2352 3170 2549 3222 causa;
2586 3154 2670 3208 sin
2723 3155 2788 3210 de
2848 3163 3087 3222 tempore
3134 3148 3457 3222 principium

215 3244 577 3311 intellexeris,
629 3245 880 3315 principii
943 3260 1159 3316 quoque
1210 3246 1387 3302 omnis
1442 3256 1525 3301 est
1577 3261 1788 3316 expers.
1830 3247 2012 3319 Neque
2074 3249 2217 3304 enim
2284 3256 2584 3317 temporum
2618 3245 2875 3301 Dominus
2921 3242 3151 3314 tempori
3184 3241 3459 3314 subjectus

284 3432 370 3485 H'.
404 3430 469 3483 El
498 3430 577 3495 δὲ,
610 3432 691 3484 ὅτι
727 3431 795 3487 τὰ
838 3434 1065 3503 σώματα
1103 3433 1206 3487 ὑπὸ
1248 3435 1460 3507 χρόνον,
1502 3434 1590 3488 διὰ
1636 3435 1791 3490 τοῦτο

1967 3430 2099 3487 Vlll.
2129 3431 2282 3498 Quod
2310 3427 2378 3495 si,
2409 3428 2535 3499 quia
2584 3440 2810 3497 corpora
2869 3423 3100 3492 tempori
3156 3419 3455 3491 subiacent,

215 3520 476 3586 ἀξιώσεις
512 3521 723 3576 κεῖσθαι
760 3523 853 3575 καὶ
886 3523 976 3577 τὸν
1018 3523 1145 3577 Υεὸν
1182 3524 1287 3577 ὑπὸ
1327 3526 1537 3596 χρόνον,
1568 3525 1793 3597 περιθή-

218 3631 335 3677 σεις
369 3615 463 3667 καὶ
508 3614 665 3685 σῶμα
709 3614 787 3687 τῷ
834 3616 1142 3687 ἀσωμάτῳο
1189 3618 1285 3670 καὶ
1327 3619 1377 3670 εἰ
1420 3619 1501 3671 ὃτι
1550 3618 1619 3671 τά
1665 3619 1791 3689 παρ’

220 3708 353 3775 ἡμῖν
385 3704 701 3775 γεννώμενα
720 3746 734 3770 ,
767 3708 865 3760 οὐκ
889 3707 1020 3761 ὄντα
1051 3709 1203 3771 ποτὲ,
1240 3704 1358 3763 εἶτα
1393 3710 1671 3781 γινόμενα,
1704 3709 1791 3765 διὰ

217 3798 380 3851 τοῦτο
408 3798 501 3850 καὶ
534 3797 625 3851 τὸν
658 3798 788 3851 Υἱδν
820 3800 1148 3868 ἀναγκάσεις
1190 3801 1246 3867 ἐξ
1278 3802 1376 3854 οὐκ
1410 3802 1576 3856 όντων
1614 3804 1694 3866 εις
1732 3802 1792 3856 τὸ

220 3886 362 3942 εἶναι
403 3888 855 3961 παρεληλυθέναι,
890 3890 1199 3962 συγκρίνεις
1230 3890 1339 3961 (89)
1369 3892 1438 3945 τά
1466 3891 1790 3963 ἀσύγκριτα,

220 3983 357 4036 Θεὸν
392 3983 486 4035 καὶ
510 3982 815 4054 ἄνθρωπον,
857 3984 1015 4053 σῶμα
1048 3984 1140 4037 καὶ
1164 3985 1225 4037 τὸ
1252 3983 1538 4055 ἀσώματον
1558 4001 1572 4015 '
1600 3984 1795 4039 οὐκοῦν

222 4077 318 4129 καί
353 4075 600 4127 πείσεται
628 4075 722 4129 καὶ
749 4074 1059 4145 λυθήσεται,
1094 4076 1173 4129 ὃτι
1205 4077 1297 4129 καὶ
1331 4076 1400 4129 τὰ
1428 4076 1669 4149 ἡμέτερα
1694 4076 1796 4130 σώ-

226 4183 396 4237 ματα.
434 4166 505 4219 Σὺ
542 4165 641 4236 μὲν
673 4161 765 4219 οὖν
798 4166 970 4230 ἀξιοῖς
1005 4166 1093 4219 διὰ
1136 4165 1292 4221 τοῦτο
1328 4166 1472 4220 οὕτω
1506 4166 1794 4236 γεννᾶσθαι

223 4258 381 4321 Θεὸν,
416 4256 549 4310 διότι
582 4257 653 4311 τά
680 4256 925 4328 σώματα·
957 4256 1065 4327 ἐγὼ
1096 4258 1151 4311 δὲ
1183 4257 1272 4311 διὰ
1296 4257 1451 4312 τοῦτο
1478 4260 1575 4330 οὐχ
1602 4259 1792 4324 οὕτως,

204 4406 217 4419 .
295 4372 342 4405 '7
373 4371 536 4427 llebr.
570 4388 609 4439 ι,
635 4372 690 4427 2.
769 4372 814 4405 ³⁸
851 4372 1005 4427 ltom.
1054 4389 1108 4442 ι,
1142 4372 1229 4428 12.

1899 3526 2104 3580 idcirco
2161 3523 2357 3577 Filium
2418 3535 2633 3591 quoque
2684 3516 2912 3587 tempori
2961 3515 3186 3571 subesse
3230 3523 3459 3577 statuas,

1896 3627 2022 3673 tunc
2058 3617 2133 3672 rei
2175 3617 2507 3684 incorporea:
2540 3626 2736 3682 corpus
2776 3608 3069 3675 attribues;
3107 3616 3159 3663 et
3206 3606 3277 3673 si,
3322 3619 3461 3677 quo-

1898 3709 2040 3763 niam
2073 3724 2134 3763 ea
2173 3724 2291 3779 quae
2320 3706 2457 3778 apud
2500 3720 2601 3761 nos
2656 3706 2966 3775 gignuntur,
2999 3717 3123 3757 eum
3176 3710 3301 3755 ante
3352 3714 3461 3755 non

1895 3810 2097 3865 essent,
2140 3810 2323 3869 postea
2370 3809 2485 3853 orta
2520 3806 2667 3865 sunt,
2710 3796 2832 3851 ideo
2860 3794 3053 3850 Filium
3101 3806 3318 3865 quoque
3361 3805 3461 3846 ne-

1896 3896 2133 3951 cessario
2186 3910 2249 3951 ex
2304 3893 2472 3948 nihilo
2534 3893 2587 3947 in
2659 3904 2837 3945 rerum
2895 3898 3144 3942 naturam
3196 3884 3469 3956 prodiisse

1897 3986 2198 4053 contendis,
2235 4000 2515 4055 comparas
2545 4000 2630 4049 ea,
2659 3999 2778 4055 quae
2829 3979 3286 4052 comparationem
3342 3990 3463 4033 0m-

1900 4094 2020 4133 nem
2066 4086 2347 4148 respuunt,
2376 4074 2545 4131 Deum
2581 4090 2771 4144 nempe
2808 4082 2863 4128 et
2906 4070 3203 4137 hominem,
3244 4080 3465 4138 corpus,

1896 4180 1951 4223 et
1982 4170 2031 4223 id
2084 4170 2225 4239 quod
2259 4184 2485 4240 corpore
2518 4175 2691 4223 vacat.
2735 4166 2875 4236 Ergo
2903 4173 2958 4219 et
2985 4165 3241 4236 patietur,
3270 4168 3327 4218 et
3353 4159 3465 4215 dis.

1902 4260 2167 4326 solvetur,
2199 4271 2360 4332 atque
2400 4262 2659 4328 interibit,
2701 4260 3149 4331 quemadmodum
3186 4265 3241 4313 et
3281 4262 3465 4311 nostra

300 4511 540 4591 (8'l)_-01’2
568 4484 591 4591 Δ.
614 4513 1077 4591 συπιθειέένων,
1143 4513 1285 4569 οὐδὲ
1361 4513 1791 4585 συναλειφομέ-

1900 4516 2133 4591 ἄναρχον
2161 4512 2276 4591 φῷς
2314 4519 2459 4579 sunt,
2490 4509 2711 4591 perinde
2738 4524 2801 4591 ac
2840 4506 3019 4591 Pater,
3050 4506 3104 4560 id
3142 4514 3244 4591 est,
3279 4522 3466 4591 «sem-

229 4599 373 4635 νων.
410 4583 531 4637 "me
563 4584 755 4637 desunt
785 4585 837 4637 in
861 4583 964 4640 0r.
994 4584 1044 4638 1.

268 4723 284 4737 “
304 4652 421 4740 (822
457 4653 860 4725 Συναλοιφῆς.
898 4655 1011 4710 Duo
1036 4654 1228 4728 Regg.,
1255 4665 1308 4711 et
1334 4656 1439 4714 duo
1473 4654 1648 4721 Colb.,
1674 4672 1797 4710 ow-

230 4740 478 4785 αιειφης.

307 4741 777 4877 ῗὲἓῖςξιὶνᾶρχουτ
812 4813 831 4877 ι
861 4795 1133 4877 Principii
1166 4809 1504 4877 expertem!
1541 4796 1797 4877 Theologi

233 4866 408 4938 Graeci
440 4868 572 4938 duas
602 4866 954 4938 proprietates
992 4867 1135 4923 Patri
1165 4866 1423 4932 tribuunt,
1456 4869 1515 4922 τὸ
1542 4866 1795 4938 ἄναρχον,

235 4947 291 4991 et
340 4936 403 4990 τὸ
451 4937 764 5007 ἀγέννητον,
818 4937 1010 5005 quibus
1061 4954 1181 4993 eum
1236 4956 1265 4993 a
1318 4940 1454 4994 Filio
1500 4948 1552 4994 et
1599 4936 1800 5007 spiritu

238 5018 426 5061 sancto
456 5009 806 5082 distinguunt.
842 5008 938 5082 Hic
954 5008 1558 5082 autemudvapxovknon
1575 5013 1639 5065 de
1671 5018 1803 5063 tem-

239 5093 369 5145 pore
399 5080 688 5147 accipiunt,
720 5078 915 5148 alioqui
948 5079 1089 5133 enim
1130 5078 1376 5135 Filius’et
1419 5080 1653 5147 Spiritus
1682 5095 1803 5134 san-

238 5161 379 5213 ctus,
423 5163 529 5202 non
566 5150 743 5202 minus
796 5150 1053 5272 ᾶνεὶρχοι,
1104 5150 1155 5203 id
1201 5162 1317 5213 est,
1370 5168 1389 5201 ι
1416 5150 1659 5219 principii
1704 5165 1801 5204 ex-

242 5230 460 5272 nertesr
497 5228 644 5272 sunt.
683 5234 844 5272 quam
924 5233 1061 5272 uter.
1108 5220 1199 5272 sed
1230 5222 1296 5272 de
1336 5235 1516 5272 causa.
1545 5222 1718 5272 Atoue
1749 5223 1801 5272 in

242 5230 460 5289 pertesi
497 5228 644 5278 sunt.
683 5234 844 5287 quam
880 5220 1061 5282 Pater,
1108 5220 1199 5289 sed
1230 5222 1296 5275 de
1336 5235 1516 5274 causa.
1545 5222 1718 5289 Atque
1749 5223 1801 5274 in

241 5288 346 5343 hac
393 5288 785 5359 signiﬁcatione
833 5290 937 5344 hoc
976 5288 1291 5344 vocabulum
1342 5291 1440 5345 soli
1478 5288 1804 5345 Pntricon-

241 5359 411 5425 venit,
450 5360 541 5429 qui
574 5375 602 5412 a
654 5359 799 5414 nullo
844 5367 948 5424 est,
977 5372 1098 5414 cum
1148 5358 1318 5415 Filius
1358 5371 1412 5416 et
1451 5361 1689 5429 Spiritus
1738 5376 1805 5416 ex

244 5429 406 5483 Patre
442 5431 569 5492 sint,
616 5439 775 5499 atque
802 5431 866 5485 ad
896 5445 1039 5498 eum,
1070 5441 1324 5500 tanquam
1355 5432 1689 5500 adcausam,
1721 5448 1808 5487 re-

247 5502 509 5571 terantur.
536 5501 637 5555 Per
665 5515 882 5554 causam
914 5511 1090 5555 autem
1113 5499 1286 5571 Graeci
1314 5499 1444 5555 nihil
1472 5501 1613 5571 aliud
1642 5515 1806 5571 quam

250 5570 575 5643 ioriginem,
604 5590 633 5643 ζ
651 5586 726 5643 ac
769 5572 912 5626 velut
956 5572 1203 5628 essentiae
1234 5570 1435 5627 fontem
1482 5570 1805 5643 intelligunt.

247 5642 321 5695 ita
358 5642 576 5709 exponit
605 5640 809 5700 Billius.

319 5710 437 5834 (84;
483 5710 690 5793 Ἀϊδίορ
736 5712 949 5794 φωτός..
980 5710 1113 5783 Reg.
1150 5712 1334 5784 Cypr.,
1364 5712 1654 5794 ἀγεννήτου
1695 5728 1809 5792 φω-

319 5799 357 5834 :.
388 5780 409 5834 ι
435 5796 511 5834 asc
542 5782 700 5834 lectio
726 5792 848 5834 anta
889 5782 1097 5834 Videtur
1129 5782 1473 5834 Comheﬁsio.
1505 5793 1569 5834 et'
1595 5796 1808 5834 nronrte

248 5780 357 5844 τός.
388 5780 511 5836 llaec
542 5780 848 5852 lectioiapta
889 5780 1097 5837 videtur
1121 5780 1473 5852 ,Co'mheiisi'o,
1505 5780 1569 5837 et
1594 5783 1808 5852 proprie

248 5852 395 5908 Patri
417 5851 683 5908 convenit.
704 5851 835 5908 Nam
858 5852 1023 5910 Filius
1038 5864 1091 5911 et
1108 5851 1341 5924 Spiritus
1358 5851 1603 5915 sanctus.
1617 5851 1805 5912 ἀΐδιον.

1902 4578 2185 4666 νξιεὶίἰυιιί
2216 4583 2414 4638 lumen.
2442 4601 2461 4635 ι
2494 4578 2659 4637 ὐηυε
2703 4590 2884 4635 autem
2927 4578 3086 4633 Pater
3134 4590 3218 4633 est
3266 4596 3286 4630 Ι
3316 4578 3465 4649 inge-

1898 4664 2548 4796 mt(uSsS.)’IIpea6dtspoc.
2593 4719 2725 4784 Reg.
2780 4720 2904 4789 bm,
2957 4718 3120 4784 Bas.,
3172 4718 3475 4793 πρεσϐύτα-ι

1901 4812 2082 4939 έοῖθθ)
2120 4864 2366 4935 Πρώτως
2407 4861 2485 4939 ᾂν
2508 4862 2622 4930 εἴη.
2659 4861 2749 4939 Sic
2780 4861 2913 4939 Reg.
2947 4860 3058 4939 but,
3093 4856 3187 4939 0r.
3230 4858 3283 4923 1,
3316 4860 3469 4939 P_ar..

1902 4930 2111 5004 Coinb'"
2143 4930 2272 4998 eic.,
2311 4930 2608 5004 «primum.
2636 4952 2655 4985 ι
2690 4931 2943 4989 Mendose
2990 4932 3044 4986 in
3086 4932 3172 4987 ed.
3195 4969 3211 4997 ,
3255 4930 3471 5002 πρῶτος

1900 5008 1967 5063 ἂν
2080 5007 2287 5081 Billins,
2327 5002 2589 5081 (primus.
2618 5022 2638 5055 ι

1975 5070 2085 5149 (ἕῚ)
2127 5076 2279 5131 Οὐδὲ
2311 5070 2443 5149 πὰρ’
2485 5072 2723 5149 ἑαυτοῦ,
2778 5071 2935 5149 ¢_1_‘lec
2985 5086 3014 5125 a
3060 5070 3258 5137 seipso,
3289 5090 3310 5124 ι
3362 5080 3469 5125 etc.

1910 5170 1928 5202 ι
1960 5143 2014 5205 Si
2050 5143 2191 5203 enim
2241 5164 2269 5201 a
2301 5147 2499 5215 seipso,
2529 5163 2547 5199 ι
2585 5146 2756 5213 inquit
2789 5143 2956 5205 Elias,
3002 5151 3201 5224 «ortus
3243 5150 3408 5205 esset,
3426 5158 3470 5243 Ia

1910 5221 2077 5243 -4---
2112 5232 2321 5243 -..ιη-..η
2341 5216 2578 5243 Μυκη-..-2
2609 5224 2781 5243 nant-AI
2807 5232 2819 5243 .
2853 5224 3011 5243 nlnnn
3039 5222 3108 5243 aha
3132 5227 3268 5243 ειη-ιο
3297 5226 3417 5243 Acan

1905 5221 2081 5289 seipso
2109 5232 2322 5288 quoque
2341 5219 2580 5284 separari
2609 5224 2821 5283 posset;
2850 5224 3011 5282 atque
3039 5219 3110 5264 ita
3132 5227 3270 5265 unus
3296 5219 3463 5277 esset,

1906 5293 2031 5355 duo,
2060 5304 2285 5362 quorum
2310 5286 2448 5362 alter
2476 5286 2907 5362 prmexstitisset,
2928 5282 3069 5362 alter
3101 5288 3286 5351 postea
3317 5289 3471 5362 ortus

1905 5354 2091 5423 esset;
2112 5368 2208 5414 aut
2237 5359 2308 5412 ita
2346 5356 2695 5419 divideretur,
2726 5366 2781 5409 ut
2812 5354 3032 5423 dimidia
3108 5362 3262 5423 parte
3299 5359 3466 5423 esset,

1908 5420 2125 5486 dimidia
2148 5444 2333 5502 rnr_sus_
2354 5440 2417 5502 ex
2442 5438 2723 5502 partenon
2744 5433 2941 5502 esset.»
2963 5420 3128 5502 Coisl.
3150 5422 3201 5483 1,
3233 5437 3330 5502 pro
3349 5420 3477 5476 οὐδὲ

1908 5504 2037 5584 παρ’
2066 5496 2281 5584 ἑαυτοῦ,
2318 5494 2499 5564 habet,
2529 5496 2665 5551 ἀλλά
2698 5497 2827 5568 παρ’
2866 5494 3084 5558 ἑαυτοῦ,
3128 5511 3147 5544 ‹
3173 5494 3267 5548 sed
3301 5506 3334 5547 ι
3381 5507 3472 5547 se-

1908 5580 2093 5713 ip$55.15,)
2118 5580 2349 5707 ﬁrm.
2391 5636 2521 5712 Reg.
2568 5638 2681 5705 bm,
2732 5635 2840 5693 duo
2884 5633 3063 5701 Colb.,
3102 5632 3194 5691 0r.
3226 5633 3278 5699 ι,
3323 5631 3481 5699 Βλε.,

1908 5712 2097 5766 αἴτιον.

1980 5784 2092 5856 (89)
2132 5783 2495 5854 Evrxplrstc.
2535 5780 2663 5853 Reg.
2694 5777 2881 5852 εγω-η
2911 5777 3235 5849 συγκρινεῖς.
