3932 6504
472 342 612 400 1075
1668 359 1724 417 S.
1763 359 2098 417 GREGORII
2139 359 2486 419 THEOLOGI
3583 373 3724 430 5076

472 471 721 531 corpora.
755 458 832 516 Tu
863 465 1076 535 quidem
1114 468 1316 525 idcirco
1344 472 1510 527 Deum
1542 475 1612 528 ita
1639 479 1884 546 generari
1917 494 2046 532 cen-

2157 480 2224 533 Ξτι
2254 479 2396 534 οὕτω
2427 481 2495 534 τὰ
2528 482 2775 554 σώματα.
2809 467 2910 537 Ὧν
2938 485 3045 558 γὰρ
3090 486 3146 540 τὸ
3188 483 3325 542 εἶναι
3369 489 3467 562 οὐχ
3509 491 3724 564 ὅμοιον.

471 568 581 622 ses,
609 556 748 624 quod
774 573 997 629 corpora
1023 561 1092 614 ita
1125 576 1450 632 generentur
1478 569 1669 639 :38]
1696 585 1794 640 ego
1821 585 1950 626 vero
1977 572 2046 626 ob

2157 569 2348 624 ιούτων
2387 571 2508 624 οὐδὲ
2554 572 2615 625 τὸ
2664 576 2860 646 γεννᾷν
2915 556 3134 647 ὅμοιον·
3180 581 3228 632 εί
3284 581 3360 653 μὴ
3548 556 3729 638 ’τᾶλλα

472 645 526 700 id
563 663 669 702 non
717 651 790 704 ita
849 652 993 722 gigni
1033 655 1262 721 alIirmo,
1313 660 1454 727 quod
1511 676 1572 715 ea
1629 663 1698 716 sit
1759 677 2040 732 corporum

473 740 862 811 gignendorum
923 745 1064 801 ratio
1130 749 1380 816 (quorum
1417 753 1560 807 enim
1608 761 1798 806 natura
1831 753 2042 807 diversa

474 841 578 893 est,
615 833 804 886 horum
853 834 1036 905 dispar
1076 853 1289 908 quoque
1317 844 1607 912 generandi
1653 845 1902 914 modus);
1941 845 2042 900 nisi

471 937 595 976 eum
638 925 690 978 in
718 927 970 982 omnibus
1007 929 1128 984 aliis
1159 944 1372 1001 quoque
1403 936 1562 990 rebus
1604 951 1876 1006 corporea:
1924 953 2042 991 ma-

473 1015 622 1068 teriae
649 1018 857 1072 servire
887 1021 1205 1087 contendas,
1233 1025 1335 1080 hoc
1367 1037 1473 1090 εει,
1507 1036 1565 1081 ut
1617 1030 1874 1099 patiatur,
1907 1039 1960 1082 et
1989 1029 2043 1082 in

474 1119 711 1162 mmrorc
745 1119 1010 1177 versetu'r,
1060 1125 1114 1168 et
1149 1115 1292 1172 fante
1343 1134 1406 1174 ac
1462 1120 1549 1174 siti
1590 1120 1822 1186 laboret,
1856 1135 2046 1175 omnes

2148 659 2405 733 δουλεύσῃ
2435 661 2545 732 (90)
2587 666 2705 728 ταῖς
2745 664 2918 729 ῦλαις,
2951 661 3060 720 οἷον
3098 669 3344 746 πάσχων,
3392 673 3483 727 καὶ
3520 673 3730 726 λυπού-

2154 769 2332 823 μενος,
2364 755 2459 807 κα¹ι
2491 755 2709 821 πεινῶν,
2747 759 2841 810 καὶ
2871 759 3039 829 διψῶν
3063 803 3077 826 ,
3118 765 3212 815 καὶ
3237 765 3335 817 ὅσα
3376 765 3408 836 ἢ
3448 765 3729 836 σώματος,

2150 845 2181 916 ἢ
2214 844 2306 898 τοῦ
2343 849 2749 919 συναμφοτέρου
2786 850 2953 918 πάθη.
3002 852 3160 906 Ἀλλὰ
3189 855 3360 908 ταῦτα
3387 857 3446 908 οὐ
3484 859 3732 928 παραδέ-

2151 937 2306 1008 χεταί
2334 955 2426 993 σου
2457 943 2484 994 6
2511 941 2634 1005 νοῦς
2655 961 2666 974 ·
2703 944 2830 1014 περὶ
2863 944 2997 1000 Θεοῦ
3027 947 3134 1019 γὰρ
3160 948 3188 1000 6
3216 946 3390 1017 λόγος.
3420 950 3512 1022 Μὴ
3544 951 3734 1006 τοίνυν

2155 1030 2289 1100 μηδὲ
2334 1030 2432 1103 τὴν
2475 1033 2729 1106 γέννησιν
2765 1035 2969 1105 ἄλλως,
3006 1038 3038 1108 ἢ
3101 1039 3177 1102 ὡς
3235 1039 3420 1113 θεῖκὴν
3483 1043 3729 1114 παραδέ-

2152 1137 2268 1190 χου.

475 1200 707 1272 denique
742 1220 837 1262 eas
887 1205 1223 1274 allectiones,
1257 1215 1472 1281 quibus,
1514 1215 1596 1270 vel
1641 1216 1928 1287 corporis,
1979 1215 2061 1268 vel
2123 1215 2452 1283 conjunctim
2501 1218 2784 1289 utriusque
2835 1219 3005 1289 partis
3056 1230 3247 1276 natura
3309 1223 3550 1291 subjecta
3605 1236 3719 1291 est,

476 1296 803 1362 experiatur.
833 1299 955 1356 Haec
1003 1303 1146 1356 enim
1205 1320 1332 1360 vero
1377 1322 1532 1362 mens
1579 1320 1664 1363 tua
1704 1323 1806 1364 non
1847 1307 2102 1364 admittit.
2153 1308 2226 1362 De
2295 1309 2401 1365 Deo
2463 1311 2658 1381 quippe
2723 1328 2904 1368 sermo
2937 1325 3038 1370 est.
3100 1315 3176 1371 Ne
3209 1329 3262 1371 tu
3297 1318 3459 1388 igitur
3492 1335 3729 1390 genera-

479 1384 676 1441 tionem
710 1388 868 1444 aliter
892 1407 1050 1461 quam
1083 1403 1140 1449 ut
1170 1396 1405 1452 divinam
1435 1399 1680 1456 admitte.

543 1481 634 1538 IX.
657 1482 854 1540 Verum
881 1489 924 1544 si
953 1502 1238 1560 generatus
1259 1502 1360 1553 est.
1379 1497 1580 1570 inquis,
1599 1498 1869 1568 quomodo
1887 1512 2049 1570 gene-

473 1586 625 1630 ratus
637 1578 745 1632 est?
760 1576 1042 1650 Responde
1067 1594 1118 1636 tu
1143 1600 1356 1656 quoque
1377 1588 1530 1653 mihi,
1549 1604 1582 1644 ο
1609 1599 1763 1644 acute
1780 1590 2048 1647 etinvicte

471 1668 732 1737 sophista.
751 1669 810 1726 Si
827 1683 1040 1729 creatus
1051 1677 1434 1745 est,quomodo
1457 1689 1668 1734 creatus
1690 1681 2047 1751 estiAcpost-

473 1773 536 1813 ea
570 1775 637 1815 ex
681 1776 766 1817 me
808 1765 1698 1840 sciscitare,quomodogeneratus
1715 1773 1826 1827 sit?
1854 1771 2044 1829 Passio

473 1860 576 1917 est,
603 1853 835 1924 inquies.
857 1856 1001 1910 circa
1028 1860 1465 1927 generationem?
1486 1861 1578 1917 Est
1592 1873 1643 1918 et
1668 1863 1846 1932 passio
1860 1865 2044 1930 etiam,

473 1943 692 2012 inquam
724 1960 844 2015 ego.
887 1947 1027 2001 circa
1068 1950 1422 2005 creationem.
1457 1952 1560 2020 (An
1603 1969 1706 2009 non
1743 1955 1885 2010 enim
1919 1969 2047 2026 pas-

475 2037 648 2092 sionis
677 2041 938 2094 rationem
969 2041 1135 2096 habet
1185 2043 1520 2110 informatio,
1560 2055 1616 2100 et
1653 2060 1806 2114 cura,
1837 2056 1892 2103 et
1935 2049 2048 2117 eius

471 2131 577 2196 rei,
607 2145 727 2200 qua:
759 2141 866 2186 Iota
897 2132 1058 2188 simul
1099 2149 1164 2190 ac
1187 2147 1406 2206 repente
1435 2139 1668 2209 cogitata
1700 2147 1802 2206 est,
1839 2142 1891 2196 in
1926 2157 2050 2212 par-

474 2238 559 2287 tes
591 2224 896 2294 extensio?)
919 2226 1172 2298 Tempus,
1213 2231 1402 2296 addes,
1428 2231 1575 2287 circa
1604 2234 2050 2303 generationem?

474 2312 534 2366 lu
580 2324 820 2386 tempore
849 2319 1010 2374 etiam
1043 2330 1168 2375 sunt
1205 2336 1328 2391 quae
1363 2334 1642 2379 creantur.
1695 2325 1872 2381 Locus
1904 2324 2050 2382 illic?

474 2407 575 2461 Hic
621 2425 834 2480 quoque
891 2410 1063 2468 locus.
1106 2411 1228 2482 Spei
1295 2415 1577 2472 frustratio
1615 2417 1762 2472 circa
1814 2431 2049 2486 genera-

477 2501 714 2556 tionem?
738 2501 954 2558 Creatio
982 2519 1196 2574 quoque
1222 2507 1491 2562 interdum
1534 2523 1685 2577 spem
1735 2508 2045 2564 frustratur.

477 2590 604 2647 llaec
653 2607 685 2646 a
744 2595 899 2649 vobis
950 2595 1344 2651 disserentibus
1399 2599 1615 2667 audivi;
1668 2599 1869 2654 etenim
1930 2615 2050 2670 qum

480 2699 633 2739 mens
657 2685 965 2752 delineavit,
997 2702 1060 2741 ea
1089 2688 1407 2756 plerumque
1435 2705 1627 2746 manus
1654 2691 1918 2761 perlicere
1942 2707 2048 2745 non

479 2776 673 2846 potuit.
711 2778 784 2829 At
817 2777 965 2832 dices
993 2795 1007 2831 :
1039 2779 1207 2834 verbo
1244 2790 1297 2836 et
1324 2780 1598 2836 voluntate
1631 2783 1811 2837 omnia
1863 2783 2052 2837 condi-

476 2866 557 2922 dit
589 2885 602 2921 :
633 2865 755 2935 Ipse
780 2867 922 2931 enim
958 2868 1114 2935 dixit,
1157 2881 1208 2925 et
1251 2871 1396 2939 facta
1425 2881 1548 2926 sunt
1576 2887 1596 2925 :
1630 2872 1738 2943 ipse
1761 2872 2046 2940 mndavil,

477 2967 524 3010 et
554 2967 729 3010 creata
759 2967 882 3013 sunt
911 2960 978 3016 ³³.
1009 2959 1193 3031 Atqui,
1221 2977 1342 3018 cum
1370 2963 1451 3018 ais
1498 2964 1678 3019 omnia
1739 2965 1832 3020 Dei
1883 2963 2050 3020 verbo

479 3060 664 3104 creata
716 3049 918 3117 fuisse,
964 3069 1070 3110 non
1120 3055 1410 3112 humanam
1462 3057 1670 3114 scilicet
1719 3059 2048 3114 creationem

2223 1504 2300 1557 ϐ’.
2343 1507 2480 1560 Ἀλλ’
2513 1510 2560 1562 εί
2598 1527 2940 1581 γεγέννηται,
2974 1511 3091 1576 πῶς
3116 1510 3470 1581 γεγέννηται,
3521 1513 3734 1585 φησί-ις

2166 1596 2484 1670 ’Δπόκριναί
2530 1618 2640 1671 μοι,
2684 1595 2728 1654 ὧ
2769 1599 3071 1655 διαλεκτικὲ
3117 1603 3180 1656 σὺ
3231 1602 3324 1656 καὶ
3361 1603 3592 1671 ἄφυκτε.
3664 1603 3736 1656 Εἰ

2151 1687 2414 1754 ἔκτισται,
2450 1691 2568 1756 πῶς
2597 1692 2871 1758 ἕκτισται;
2903 1694 3048 1764 κάμὲ
3090 1693 3311 1748 ἀπαίτει
3347 1694 3428 1757 τὸ,
3471 1695 3597 1759 Πῶς
3633 1712 3739 1764 γε-

2151 1780 2439 1852 γέννηται;
2471 1782 2648 1847 Πάθος
2675 1784 2784 1855 (91)
2818 1785 2948 1856 περὶ
2976 1785 3078 1856 τὴν
3103 1785 3388 1858 γέννησιν;
3421 1786 3599 1850 Πάθος
3631 1787 3738 1840 καὶ

2149 1871 2277 1943 περὶ
2305 1871 2400 1943 τὴν
2432 1873 2640 1926 κτίσιν·
2676 1872 2708 1944 ἢ
2742 1874 2850 1946 γάρ
2873 1875 2934 1928 ού
2971 1874 3143 1940 πάθος
3171 1878 3204 1947 ἡ
3233 1876 3597 1940 ἁνατύπωσις,
3630 1879 3738 1932 καὶ

2149 1963 2182 2034 ή
2226 1962 2466 2033 φροντὶς,
2506 1963 2601 2016 καὶ
2627 1966 2659 2036 ὴ
2687 1964 2780 2018 τοῦ
2807 1964 3091 2037 νοηθέντος
3124 1966 3332 2038 ἀθρόως
3371 1969 3450 2033 είς
3481 1969 3540 2021 τὸ
3585 1969 3739 2022 κατὰ

2152 2054 2319 2126 μέρος
2370 2054 2708 2122 ὲξάπλωσις;
2760 2057 2964 2130 Χρόνος
3006 2058 3136 2129 περὶ
3169 2058 3266 2130 τὴν
3305 2059 3597 2131 γέννησιν;
3637 2061 3740 2114 Ἐν

2148 2141 2323 2213 χρόνῳ
2373 2143 2466 2195 καὶ
2513 2142 2583 2196 τὰ
2633 2144 2946 2216 κτιςὸμενα.
2997 2146 3176 2210 Τόπος
3227 2147 3489 2215 ἐνταῦθας
3547 2149 3740 2214 Τόπος

2148 2234 2283 2287 ἐκεῖ.
2335 2233 2630 2304 Ἀποτυχία
2662 2235 2791 2307 περὶ
2827 2236 2925 2306 τὴν
2959 2237 3246 2308 γέννησιν;
3287 2239 3584 2310 Ἀποτυχία
3633 2241 3739 2294 καὶ

2149 2327 2276 2398 περὶ
2303 2325 2402 2396 τὴν
2427 2326 2622 2380 κτίσιν.
2650 2326 2838 2382 Ταῦτα
2865 2328 3071 2397 ἥκουσα
3097 2329 3522 2400 φιλοσοφούντων
3547 2332 3735 2403 ὑμῶν-

2147 2415 2184 2470 Et
2219 2417 2327 2489 γὰρ
2357 2419 2384 2471 6
2417 2416 2542 2480 νοῦς
2577 2417 2882 2490 ὑπέγραψε,
2918 2419 3178 2484 πολλάκις
3209 2421 3379 2474 ταῦτα
3407 2424 3440 2493 ἡ
3473 2423 3598 2494 χεὶρ
3627 2424 3736 2475 οὐκ

2149 2509 2413 2564 ἐτέλεσεν.
2475 2510 2638 2564 Ἀλλὰ
2673 2511 2838 2583 λόγῳ,
2882 2513 3036 2584 φησὶ,
3069 2513 3129 2566 τὸ
3163 2515 3269 2566 πᾶν
3307 2513 3586 2585 ὑπέστησε
3633 2517 3736 2568 καὶ

2152 2599 2471 2672 βουλήματι.
2494 2600 2685 2668 Αὐτός
2712 2603 2821 2674 γὰρ
2853 2599 3002 2667 εἷπε,
3035 2603 3135 2658 καὶ
3168 2603 3548 2674 ἐγενήθησαν
3589 2605 3731 2672 {92)-

2148 2695 2331 2759 αὐτὸς
2385 2693 2742 2757 ἐνετείλατο,
2797 2695 2894 2749 καὶ
2937 2695 3328 2764 ἐκτίσθησαν.
3357 2698 3525 2751 Ὅταν
3566 2700 3736 2771 εἴπῃς

2148 2785 2226 2857 τῷ
2247 2785 2390 2858 λόγῳ
2413 2785 2506 2840 τοῦ
2532 2785 2667 2839 Θεοῦ
2696 2785 2766 2840 τὰ
2792 2787 2969 2841 πάντα
3000 2789 3268 2853 ὲκτίσθαι,
3303 2791 3363 2843 οὑ
3389 2790 3486 2862 τὴν
3516 2791 3738 2862 ἀνθρω-

2150 2876 2312 2947 πίνην
2347 2875 2524 2929 κτίσιν
2560 2876 2828 2945 εἰσάγειςο
2856 2877 3029 2942 οὐδεὶς
3061 2878 3168 2950 γὰρ
3199 2881 3353 2950 ἡμῶν
3379 2881 3521 2952 λόγῳ
3553 2883 3735 2952 πράτ-

2151 2981 2233 3017 τει
2258 2963 2326 3017 τὰ
2361 2963 2642 3035 γινόμενα.
2676 2963 2842 3017 Οὐδὲν
2867 2966 2976 3036 γάρ
3000 2965 3066 3018 ἂν
3093 2961 3161 3038 ἦν
3190 2967 3516 3038 ὑῂλότερον
3545 2966 3733 3037 ἡμῶν,

2149 3057 2270 3110 οὐδὲ
2305 3055 2681 3127 ἀπονώτερον,
2722 3057 2770 3110 εἰ
2815 3057 2875 3110 τὸ
2917 3058 3096 3126 λέγειν
3137 3058 3300 3129 ἔργου
3335 3058 3734 3129 συμπλήρωσις

479 3141 729 3210 inducis;
787 3159 889 3200 nec
934 3145 1077 3200 enim
1120 3147 1405 3217 quisquam
1465 3149 1747 3215 nosti-um,
1799 3165 1886 3214 ea,
1930 3162 2049 3218 quae

2157 3144 2216 3220 ἦν
2246 3165 2259 3178 ο
2300 3147 2442 3200 ὥστε
2496 3148 2544 3199 εί
2597 3146 2690 3200 καὶ
2725 3146 2866 3218 λόγῳ
2911 3147 3082 3212 κτίζει
3131 3147 3263 3212 Θεὸς
3304 3149 3369 3202 τὰ
3413 3146 3732 3218 κτιζομενα,

478 3234 634 3299 tium,
672 3235 839 3288 verbo
894 3235 1078 3291 ellicit.
1129 3235 1274 3300 Nihil
1316 3237 1513 3308 quippe
1566 3237 1720 3294 nobis
1767 3239 2050 3293 sublimius

479 3343 544 3381 ac
600 3329 946 3396 przestantius
995 3336 1185 3394 esset,
1253 3328 1541 3400 minusque
1595 3330 1955 3395 laboriosum,
2005 3330 2048 3385 si

479 3434 732 3474 sermone
757 3419 870 3474 solo
909 3420 1111 3490 aliquid
1150 3420 1418 3476 coniicere
1451 3435 1750 3490 possemus.
1778 3421 2051 3488 Quamob-

480 3527 620 3577 rem,
665 3513 764 3566 etsi
825 3511 985 3580 Deus,
1027 3529 1114 3578 ea,
1160 3527 1279 3581 qua:
1325 3523 1614 3578 creantur,
1661 3513 1826 3569 verbo
1877 3521 2048 3580 creat,

478 3612 590 3655 non
633 3605 808 3652 tamen
855 3598 1085 3653 humana
1141 3610 1224 3655 est
1279 3599 1398 3670 ejus
1453 3601 1672 3656 creandi
1734 3603 1894 3656 ratio.
1947 3605 2052 3657 Aut

477 3690 626 3745 enim
687 3691 961 3746 hominem
1001 3707 1218 3762 quoque
1265 3707 1517 3751 sermone
1565 3693 1766 3763 aliquid
1817 3692 2051 3749 allicien-

483 3790 590 3836 tem
621 3783 849 3837 ostende
886 3802 900 3836 :
933 3793 1026 3837 aut
1057 3785 1186 3838 mihi
1219 3786 1452 3842 concede
1479 3788 1643 3841 Deum
1683 3802 1788 3841 non
1819 3787 2052 3841 humano

477 3887 632 3928 more
670 3887 881 3929 creare.
914 3873 1067 3942 Quod
1102 3876 1146 3929 si
1179 3891 1337 3931 secus
1362 3877 1664 3940 existimas,
1695 3891 1813 3947 age,
1859 3877 2051 3932 volun-

463 3973 593 4028 ,tate
643 3965 920 4021 civitatem
962 3968 1228 4034 describe,
1283 3977 1338 4023 et
1387 3969 1572 4023 statim
1617 3969 1809 4024 civitas
1857 3984 2054 4038 reprae-

481 4066 744 4115 sentetur.
785 4057 922 4127 Opta
961 4059 1051 4112 tibi
1103 4059 1269 4113 ﬁlium
1319 4060 1510 4124 nasci,
1557 4070 1612 4115 et
1662 4060 1908 4129 protinus
1958 4059 2052 4114 tibi

480 4164 620 4218 puer
653 4149 899 4204 exsistat.
961 4151 1106 4206 Velis
1148 4151 1290 4205 aliud
1333 4151 1608 4219 quidpiam
1664 4165 1872 4213 eorum,
1935 4167 2055 4221 qua:

479 4238 736 4294 manibus
771 4237 1094 4307 efﬁciuntur,
1139 4248 1192 4294 et
1229 4239 1511 4295 confestim
1541 4238 1788 4298 voluntas
1840 4243 1891 4296 in
1921 4257 2055 4311 Opus

479 4335 727 4404 prodeat.
764 4334 918 4401 Quod
954 4335 999 4389 si
1036 4333 1254 4404 quidem
1309 4333 1441 4388 nihil
1478 4333 1670 4388 horum
1721 4335 2052 4390 voluntatem

479 4434 725 4480 nostram
789 4434 1069 4493 sequatur,
1125 4425 1216 4478 Dei
1272 4439 1400 4480 vero
1455 4423 1703 4480 voluntas
1754 4425 1897 4480 actio
1946 4427 2051 4493 sit;

2149 3240 2250 3294 οὐκ
2282 3237 2622 3309 ἀνθρώπινον
2651 3237 2801 3308 αὐτῷ
2828 3238 2889 3291 τὸ
2917 3238 3122 3303 κτίζειν
3153 3239 3283 3308 (95).
3317 3240 3388 3292 Ἦ
3415 3238 3522 3310 γὰρ
3553 3239 3734 3304 δεῖξον

2151 3332 2246 3386 καὶ
2283 3330 2568 3402 ἄνθρωπον
2598 3331 2742 3402 λόγῳ
2781 3349 2834 3384 τι
2864 3331 3203 3403 πράττοντα·
3241 3331 3274 3402 ἢ
3318 3330 3482 3398 δέξαι,
3515 3333 3601 3384 ὅτι
3629 3333 3734 3402 οὐχ

2150 3423 2226 3486 ὡς
2263 3421 2551 3492 ἄνθρωπος
2585 3423 2758 3487 κτίζει
2794 3422 2948 3486 Θεός.
2997 3423 3151 3475 Ἐπεὶ
3189 3421 3486 3493 διάγραψον
3529 3422 3733 3494 βουλή-

2155 3532 2285 3585 ματι
2319 3514 2493 3579 πόλιν,
2525 3515 2620 3567 καὶ
2651 3515 2986 3586 παραστήτω
3017 3514 3125 3584 (94)
3159 3513 3312 3577 πόλις
3334 3530 3348 3543 ο
3379 3513 3603 3577 θέλησον
3631 3531 3733 3583 γε-

2150 3601 2337 3656 νέσθαι
2369 3619 2449 3655 σοι
2486 3602 2596 3673 (95)
2635 3603 2771 3666 υἱὸν,
2811 3604 2904 3657 καὶ
2935 3604 3274 3675 παραστήτω
3304 3606 3432 3668 παῖς
3452 3621 3466 3635 ·
3500 3603 3733 3676 θέλησον

2151 3694 2278 3750 ἄλλο
2317 3712 2370 3747 τι
2404 3694 2510 3748 τῶν
2542 3696 2955 3768 πραττομένων,
2996 3697 3092 3750 καὶ
3121 3698 3201 3760 εἰς
3227 3696 3386 3768 ἔργον
3413 3699 3445 3768 ἡ
3473 3696 3734 3767 βούλησις

2152 3785 2473 3858 χωρησάτω.
2515 3788 2577 3840 El
2612 3787 2668 3840 δὲ
2689 3787 2892 3842 τούτων
2912 3788 3062 3842 οὐδὲν
3088 3789 3280 3841 ἕπεται
3315 3788 3390 3859 τῷ
3419 3787 3730 3859 βούλεσθαι,

2153 3879 2286 3932 Θεοῦ
2329 3880 2386 3933 δὲ
2413 3879 2472 3932 τὸ
2512 3879 2794 3950 βούλεσθαι
2825 3880 3025 3952 πρᾶξίς
3062 3881 3212 3934 ἐστιν
3237 3923 3250 3942 ,
3283 3881 3456 3944 ἄλλως
3488 3881 3588 3951 μὲν
3631 3881 3731 3934 άν-

2155 3973 2374 4044 θρωπος
2421 3972 2613 4036 κτίζει,
2646 3972 2820 4037 ἄλλως
2863 3973 2920 4026 δὲ
2967 3975 2996 4026 6
3043 3973 3260 4027 πάντων
3301 3972 3526 4043 κτίστης
3570 3972 3726 4035 Θεός.

2155 4064 2278 4129 Πῶς
2319 4061 2411 4118 οὖν
2463 4065 2638 4130 κτίζει
2692 4067 2788 4138 μὲν
2836 4067 2935 4119 οὐκ
2986 4064 3368 4138 ἀνθρωπικῶς,
3425 4064 3728 4136 γεννᾷνρὲ

2155 4155 2522 4225 ἀναγκάζεται
2559 4156 2957 4229 ἀνθρωπικῶς;
3007 4158 3079 4210 Σὺ
3128 4156 3227 4226 μὲν
3264 4155 3363 4209 οὐκ
3408 4156 3504 4219 ὢν,
3537 4156 3729 4208 ἔπειτα

2155 4248 2363 4316 ἐγένου,
2398 4244 2517 4302 εἶτα
2547 4251 2740 4319 γεννᾷς
2759 4266 2772 4279 ³
2807 4249 2894 4303 διὰ
2917 4248 3074 4303 τοῦτο
3107 4249 3206 4302 οὐκ
3235 4248 3361 4302 ὄντα
3388 4248 3468 4312 εἰς
3493 4248 3552 4300 τὺ
3589 4243 3730 4333 εἶναι

2153 4342 2445 4413 παράγεις.
2482 4343 2574 4405 Ἣ,
2604 4342 2690 4396 ἵνα
2717 4359 2769 4394 τι
2797 4341 3090 4413 βαθύτερον
3115 4342 3272 4407 εἴπω,
3299 4341 3441 4412 τάχα
3468 4341 3590 4394 οὐδὲ
3618 4341 3730 4410 (96)

2157 4433 2318 4497 αὐτὸς
2340 4433 2397 4501 ἐξ
2420 4435 2518 4487 οὐκ
2535 4434 2701 4488 ὄντων
2725 4434 2991 4506 παράγεις
3008 4450 3022 4464 ο
3047 4433 3168 4487 ἐπεὶ
3190 4433 3281 4487 καὶ
3311 4435 3339 4487 ὁ
3362 4432 3511 4496 Aeni,
3539 4435 3728 4503 φησὶν,

478 4518 828 4588 perspicuum
885 4517 1072 4586 utique
1110 4523 1210 4581 est,
1244 4516 1351 4572 alio
1405 4516 1620 4586 quidem
1679 4517 1836 4572 modo
1879 4517 2050 4572 homi-

2157 4524 2236 4577 ἔτι
2264 4526 2323 4578 ὲν
2351 4528 2414 4597 τῇ
2447 4526 2607 4596 ὀσφύϊ
2636 4525 2745 4596 (97)
2771 4525 2865 4578 τοῦ
2891 4525 3094 4596 πατρὸς
3119 4521 3208 4596 ἦν,
3243 4524 3370 4595 πρὶν
3397 4524 3477 4586 εἰς
3498 4523 3559 4575 τὸ
3591 4517 3733 4574 εἶναι

481 4626 608 4666 nem
667 4625 876 4674 creare,
931 4610 1038 4664 alio
1084 4620 1262 4663 autem
1321 4623 1501 4664 rerum
1551 4611 1792 4665 omnium
1846 4619 2061 4666 creato-

477 4716 600 4757 rem
639 4699 830 4754 Deum.
863 4699 992 4766 Quae
1051 4699 1215 4768 igitur
1270 4707 1354 4755 est
1386 4699 1502 4756 haec
1561 4702 1700 4757 ratio
1731 4743 1746 4769 ,
1797 4709 1858 4756 ut
1938 4716 2059 4757 cum

485 4793 634 4849 Deus
660 4793 771 4848 alio
795 4807 953 4862 quam
1000 4792 1238 4846 humano
1286 4807 1441 4847 more
1503 4795 1770 4862 p‘rocreet,
1824 4795 2061 4849 humano

483 4896 672 4940 tamen
722 4900 873 4940 more
924 4884 1148 4955 gignere
1193 4887 1455 4956 cogatur?
1503 4885 1583 4940 Tu
1643 4887 1878 4958 quidem,
1937 4902 2060 4942 eum

482 4979 638 5050 prius
666 4993 773 5033 non
822 4992 994 5044 esses,
1033 4977 1226 5034 deinde
1278 4978 1454 5034 factus
1515 4994 1595 5044 es,
1647 4989 1830 5049 postea
1894 4981 2058 5052 382

555 5089 603 5121 ”
637 5088 781 5144 Psal.
821 5103 1044 5157 cxnvm,
1075 5089 1156 5145 5.‘

554 5222 909 5299 (90)]ζᾶλνζα
933 5223 1264 5299 ᾷονλεύσῃ.
1299 5226 1432 5299 Reg.
1463 5227 1574 5294 bm,
1605 5235 1717 5283 tres
1749 5226 1925 5296 Colb.,
1956 5227 2052 5286 Or.

483 5294 539 5360 1,
569 5295 637 5348 τὰ
671 5294 807 5349 ἄλλα
843 5294 1140 5351 δουλεύσει.

556 5366 667 5436 (91)
705 5364 922 5436 Πὰθος.
961 5383 980 5416 ι
1010 5365 1216 5436 Passio.
1243 5386 1263 5419 ι
1296 5366 1350 5422 1η
1385 5382 1542 5422 sensu
1604 5368 2052 5424 scholasticorum

483 5435 845 5518 ba.nc.’vocem
898 5435 1268 5507 intelligimus.
1313 5436 1578 5495 Atrectum
1626 5440 1909 5508 quemdam
1956 5455 2053 5496 ex-

482 5515 687 5649 ?ngg).
725 5577 1152 5649 Ἐτενήθησαν.
1180 5576 1271 5634 Sic
1307 5579 1415 5635 duo
1463 5579 1630 5649 Regg.
1661 5588 1715 5633 et
1756 5578 1848 5635 0r.
1889 5581 1940 5634 1.
1980 5581 2056 5635 lta

485 5644 802 5719 legendum,
825 5647 951 5704 licet
985 5648 1228 5719 plerique
1268 5651 1485 5706 codices
1530 5644 1603 5704 εἴ
1629 5649 1756 5705 editi
1799 5651 2056 5716 habeant,

485 5715 873 5788 ἐγεννήθησαν.
987 5715 997 5718 ⁷
1139 5715 1155 5719 ’
2043 5715 2048 5716 ν

559 5786 674 5857 (05)
713 5786 882 5852 Αὐτῷ
932 5789 997 5843 τὸ
1045 5790 1276 5853 κτίζειν.
1330 5790 1456 5850 Haec
1509 5791 1700 5849 desunt
1740 5790 1789 5848 in
1828 5791 1991 5849 Cois].
2026 5793 2059 5847 5

2161 4618 2465 4689 παρελθεῖν.
2500 4619 2608 4673 Καὶ
2634 4619 2823 4690 μηδεὶς
2852 4617 3205 4690 ὲπηρεαζέτω
3231 4617 3306 4686 τῷ
3331 4614 3494 4686 λόγῳ.
3520 4615 3598 4669 Οὐ
3623 4616 3733 4686 γὰρ

2157 4709 2328 4774 οῦτως
2360 4713 2423 4764 ὲκ
2454 4711 2544 4764 τοῦ
2579 4712 2792 4783 Πατρός
2814 4728 2954 4781 φημι
2985 4710 3077 4763 τὸν
3100 4709 3229 4763 Υἱὸν
3257 4708 3542 4780 ὑπάρχειν,
3566 4708 3646 4772 ὡς
3675 4710 3733 4761 ὲν

2157 4803 2236 4874 τῷ
2258 4805 2431 4876 Πατρὶ
2457 4805 2719 4876 πρότερον
2755 4803 2906 4865 ὄντα,
2952 4801 3087 4874 μετὰ
3119 4801 3176 4854 δὲ
3205 4800 3361 4854 τοῦτο
3391 4802 3469 4863 είς
3498 4799 3557 4853 τὸ
3591 4795 3731 4853 εἶναι

2157 4895 2452 4948 ὁδεύσαντα
2471 4914 2483 4925 ·
2527 4895 2645 4948 οὐδὲ
2677 4895 2784 4967 γὰρ
2813 4893 2978 4964 ἀτελῆ
3012 4893 3295 4966 πρότερον,
3337 4886 3455 4944 εἶτα
3483 4891 3730 4956 τέλειον,

2157 4986 2345 5059 ὥσπερ
2385 4988 2546 5056 νόμος
2578 4987 2674 5059 τῆς
2707 4985 2981 5059 ἡμετέρας
3025 4985 3328 5056 γεννήσεως
3367 4982 3500 5054 (98).

2161 5236 2214 5281 et
2236 5225 2330 5281 0r.
2359 5225 2412 5281 Ι.

2233 5295 2359 5369 (94)-
2384 5295 2769 5365 Παραστήτω.
2806 5293 3019 5362 Comb.,
3067 5295 3427 5368 παραστήται.
3469 5311 3491 5345 ι
3529 5291 3736 5350 Ρηεειο

2159 5367 2468 5424 δὶῑείνίιιιε.
2495 5385 2513 5418 ι

2235 5439 2349 5503 (95)
2387 5441 2509 5492 Σοι.
2548 5437 2704 5493 Deest
2735 5436 2792 5506 in
2825 5434 3032 5506 duobus
3073 5435 3239 5506 Begg.
3266 5443 3320 5488 et
3353 5435 3446 5506 0r.
3475 5435 3526 5506 1.

2395 5507 2553 5584 Τρχα
2583 5507 2743 5584 οὐδέ.
2779 5505 2845 5584 In
2865 5504 3208 5584 quibusdam,
3231 5505 3450 5584 τάχα-βε
3477 5504 3628 5584 ούᾷέ.
3692 5573 3703 5583 .

2257 5514 2348 5572 96)
2395 5514 2553 5576 Τάχα
2583 5514 2743 5562 οὐδέ.
2779 5514 2832 5558 ιη
2865 5514 3203 5574 quibusdam,
3231 5514 3370 5576 τάχα
3395 5514 3450 5558 δὲ
3477 5514 3628 5557 οὐδε.

2235 5514 2349 5650 ἓ9ἳ)
2402 5580 2502 5631 Ἐν
2535 5575 2609 5645 τῇ
2660 5577 2864 5650 ὀσφύϊ.
2922 5575 3034 5650 c_l_n_
3074 5576 3331 5650 lumbis!
3368 5575 3610 5629 Petentia
3652 5573 3734 5628 ni-

2167 5645 2383 5714 mirum,
2415 5663 2521 5700 non
2548 5658 2690 5714 actu,
2721 5645 2894 5716 inquit
2920 5645 3106 5702 Billius
3133 5646 3186 5698 in
3224 5646 3382 5700 notis.

2237 5719 2348 5788 (98)
2386 5717 2759 5783 Γεννήσεως.
2816 5717 2945 5785 Reg.
2975 5732 3034 5781 a,
3082 5717 3246 5774 Coisl.
3289 5717 3343 5784 5;

2169 5789 2315 5855 Pan.
2342 5790 2606 5860 κυήσεως,
2643 5807 2662 5842 ι
2691 5796 2998 5858 conceptus.
3025 5805 3043 5840 ι

3396 5724 3506 5772 tres
3551 5715 3728 5783 Coll»,
