3852 6408
204 320 342 380 1οη

947 325 1206 386 ORATIO
1248 329 1362 386 XX.
1401 360 1462 370 —
1516 331 1602 386 DE
1642 331 1946 392 DOGMAT.
1986 335 2074 393 ΕΤ
2112 336 2428 395 CONSTIT.
2467 337 2680 396 EPISC.

3284 343 3418 400 N73

197 435 408 506 gignis;
452 450 514 490 ac
557 437 800 506 proinde,
837 453 958 494 eum
1005 442 1092 512 qui
1140 457 1247 496 non
1301 454 1434 508 erat,
1490 444 1542 499 in
1615 460 1793 501 rerum
1868 457 2114 505 naturam
2142 451 2418 520 producis.
2473 450 2601 518 Aut,
2633 460 2694 506 ut
2741 451 3052 522 profundius
3091 453 3295 523 aliquid
3332 457 3418 510 di-

194 543 336 595 ..am,
411 527 638 583 fortasse
689 545 754 585 ne
828 529 944 600 ipse
982 533 1191 602 quidem
1233 549 1296 588 ex
1334 535 1499 591 nihilo
1547 538 1831 605 producis;
1871 541 2300 611 quandoquidem
2335 555 2390 598 et
2423 542 2574 609 Levi,
2609 552 2666 598 ut
2699 543 2788 598 ille
2824 544 2920 610 ait,
2966 546 3141 601 adhuc
3194 547 3247 602 in
3280 547 3422 602 lutu-

193 617 273 671 his
325 619 494 686 patris
537 629 676 684 erat,
721 630 1006 691 antequam
1053 622 1103 676 in
1160 623 1332 677 lucem
1385 625 1626 693 prodiret
1675 626 1742 682 ‘°.
1781 627 1888 684 Nec
1955 645 2081 685 vero
2148 631 2430 701 quisquam
2461 632 2585 687 huic
2617 635 2846 688 orationi
2899 635 3218 691 calumniam
3290 653 3421 693 con-

192 707 298 762 ﬂet.
333 709 447 764 Non
472 715 616 766 enim
649 712 848 767 Filium
883 715 953 768 ita
990 729 1054 768 ex
1094 714 1253 771 Patre
1301 718 1562 772 exsistere
1611 720 1750 790 dico,
1791 724 1946 792 quasi
2017 724 2069 777 in
2103 725 2265 780 Patre
2320 725 2466 793 prius
2512 727 2726 792 quidem
2776 727 2957 792 fuerit,
3004 737 3187 796 postea
3236 737 3415 782 autem

192 801 244 854 in
287 815 407 856 esse
448 805 726 873 prodierit.
764 807 945 878 Neque
1007 808 1148 863 enim
1187 809 1559 880 imperfectum
1614 815 1784 882 prius,
1827 831 1890 872 ac
1950 827 2135 886 postea
2180 818 2473 888 perfectum
2508 819 3135 890 dico,"quemadmodum
3173 822 3278 878 fert
3330 821 3415 877 lex

189 907 384 952 nostra:
418 901 802 967 generationis.

258 989 313 1042 ι’.
364 989 546 1044 Ταῦτα
593 992 705 1046 τῶν
755 995 1163 1067 ἐπηρεαζόντων
1203 999 1381 1053 ἐστίν·
1426 1001 1598 1055 ταῦτα
1643 1001 1749 1055 τῶν

1928 999 1996 1056 Χ.
2041 1001 2166 1055 ΙΙωο
2207 1010 2331 1055 sunt
2389 1015 2596 1065 eorum,
2647 1001 2738 1071 qui
2791 1000 3180 1055 obtrectatione
3221 1007 3277 1054 et
3325 1015 3416 1052 ca-

190 1079 573 1152 ἐπιπηδὼντων
595 1087 895 1158 προχείρως
916 1090 1049 1143 πᾶσι
1070 1093 1178 1154 τοῖς
1200 1090 1526 1162 λεγομένοις.
1562 1094 1752 1164 Ἡμεῖς

187 1170 243 1223 δὲ
272 1172 371 1243 οὐχ
417 1173 555 1227 οὔτω
598 1177 898 1250 φρονοῦμεν
917 1222 931 1247 ,
963 1181 1060 1250 οὐχ
1091 1181 1235 1234 οὕτω
1265 1182 1556 1254 δοξάζομεν
1576 1200 1588 1211 ·
1636 1184 1751 1237 ἀλλ’

187 1263 322 1332 ὁμοῦ
352 1263 428 1334 τῷ
452 1265 540 1320 τὸν
574 1269 791 1341 Πατέρα
821 1267 956 1326 εἶναι
983 1275 999 1343 ζ
1006 1273 1092 1344 99)
1122 1275 1426 1346 ἀγεννήτως
1450 1276 1554 1347 (ἀεὶ
1581 1276 1637 1329 δὲ
1660 1271 1749 1348 ἦν,

189 1353 288 1424 οὐχ
333 1356 662 1428 ὑπερπίπτει
690 1362 766 1432 (1)
796 1365 902 1436 γὰρ
925 1368 1004 1430 εἰς
1031 1367 1090 1420 τὸ
1117 1367 1189 1439 μὴ
1216 1367 1351 1422 εἶναι
1374 1387 1501 1423 ποτε
1527 1372 1555 1424 ὁ
1581 1370 1768 1442 νοῦς),

187 1445 282 1498 καὶ
327 1448 356 1500 ό
399 1447 525 1513 Υἱὸς
565 1445 632 1523 ἦν
671 1455 962 1528 γεννητῶς.
1006 1457 1167 1511 Ὥστε
1201 1462 1478 1532 συντρέχει
1518 1461 1578 1512 τὸ
1611 1456 1751 1514 εἶναι

184 1537 279 1590 τοῦ
310 1539 518 1612 Πατρὸς
549 1542 626 1614 τῷ
657 1546 1013 1616 γεγεννῆσθαι
1042 1549 1133 1602 τοῦ
1171 1552 1523 1621 Μονογενοῦς,
1558 1553 1616 1620 ἐξ
1653 1555 1751 1606 αύ-

183 1629 279 1682 τοῦ
307 1648 366 1684 τε
398 1633 750 1705 ὑπάρχοντος,
783 1640 877 1692 καὶ
905 1642 964 1693 οὐ
1010 1644 1127 1710 μετ’
1155 1643 1336 1706 αὑτὸν,
1367 1644 1399 1715 ἣ
1435 1645 1644 1717 ἐπινοίᾳ
1673 1645 1749 1717 (2)

187 1721 325 1793 μόνῃ
372 1725 434 1794 τῇ
462 1726 561 1796 τῆς
593 1728 798 1800 ἀρχῆς
842 1731 1017 1804 ἀρχῆς
1043 1732 1118 1796 δὲ,
1145 1733 1220 1797 ὡς
1256 1735 1446 1788 αἰτίου.
1488 1737 1750 1802 Πολλακις

185 1814 294 1886 γὰρ
328 1816 419 1870 τὸν
457 1818 618 1873 αὐτὸν
659 1822 978 1894 ἀναστρέψω
1027 1823 1203 1894 λόγον,
1245 1827 1305 1880 τὸ
1339 1829 1481 1898 παχύ
1526 1847 1618 1882 σου
1655 1830 1750 1883 καὶ

185 1905 370 1961 ὑλικὸν
396 1909 496 1980 τῆς
526 1912 763 1978 διανοίας
807 1915 1136 1986 φοϐούμενος
1177 1919 1274 1981 (5i.
1312 1920 1372 1972 Εἰ
1400 1920 1456 1972 δὲ
1494 1921 1554 1973 ού
1587 1921 1749 1974 πολυ-

181 2003 524 2068 πραγμονεῖς
552 2002 647 2075 τὴν
673 2005 766 2059 τοῦ
803 2007 954 2072 Υὶοῦ,
985 2010 1094 2061 εἴτε
1126 2010 1378 2082 γέννησιν
1409 2013 1512 2082 χρὴ
1546 2012 1747 2080 λέγειν,

182 2088 292 2142 εἴτε
343 2091 670 2159 ὑπόστασιν,
733 2098 840 2151 εἴτε
877 2117 928 2152 τι
978 2100 1106 2154 ἄλλο
1163 2101 1493 2174 κυριώτερον
1542 2103 1748 2157 τούτων

180 2182 390 2235 ἐπινοεῖ
420 2202 502 2249 τις
528 2186 545 2256 (
568 2189 693 2258 νικᾷ
720 2189 826 2260 γὰρ
861 2190 956 2260 τὴν
985 2191 1122 2262 ἐμὴν
1155 2193 1399 2260 γλῶτταν
1437 2196 1498 2248 τὸ
1525 2195 1748 2268 νοούμε-

179 2289 273 2325 νον
303 2274 396 2327 καὶ
425 2275 732 2351 λεγόμενον)
758 2296 771 2310 ·
830 2281 964 2351 μηδὲ
990 2281 1083 2335 τοῦ
1114 2283 1428 2356 Πνεύματος
1457 2288 1749 2360 περιεργά-

1851 1093 2071 1148 iutnuiis
2103 1094 2336 1163 gaudent
2376 1111 2388 1146 :
2423 1094 2536 1148 haec
2569 1108 2775 1157 eorum,
2803 1093 2892 1162 qui
2921 1093 3179 1146 adversus
3210 1092 3412 1156 omnia,

1853 1200 1973 1255 qua:
2009 1184 2283 1250 dicuntur,
2315 1193 2559 1256 prompte
2610 1185 2869 1240 insiliunt.
2923 1184 3032 1240 Nos
3075 1196 3252 1239 autem
3306 1199 3410 1237 non

1853 1277 1924 1331 ita
1966 1278 2252 1342 sentimus,
2291 1292 2395 1331 non
2433 1279 2510 1331 ita
2534 1293 2821 1333 censemus
2851 1295 2864 1332 ε
2899 1290 3079 1331 verum
3112 1277 3212 1332 hoc
3255 1277 3413 1332 doceo

1855 1384 1991 1431 inus,
2021 1377 2076 1423 et
2107 1371 2443 1438 profitemur,
2477 1370 2618 1438 quod
2665 1369 2823 1422 simul
2863 1378 3025 1436 atque
3053 1368 3212 1422 Pater
3242 1368 3411 1434 cinge-

1851 1460 1966 1514 nito
1997 1461 2155 1516 modo
2174 1471 2290 1515 erat
2341 1461 2579 1532 (semper
2610 1470 2785 1515 autem
2819 1469 2954 1526 erat,
2986 1475 3082 1515 nec
3108 1460 3252 1514 enim
3286 1474 3416 1530 eum.

1852 1549 2140 1620 aliquando
2174 1565 2280 1604 non
2317 1550 2480 1606 fuisse
2532 1551 2764 1621 concipit
2799 1565 2950 1604 mens
2986 1560 3186 1616 nostra,
3236 1565 3410 1619 quau-

1851 1641 2046 1696 tumvis
2077 1655 2136 1696 se
2173 1642 2439 1696 altissime
2469 1641 2706 1712 ederat),
2756 1653 2809 1699 et
2840 1642 3008 1697 Filius
3044 1655 3261 1710 quoque
3315 1657 3412 1711 per

1850 1731 2257 1800 generationem
2290 1741 2440 1799 erat;
2484 1733 2554 1788 ita
2587 1743 2642 1787 ut
2673 1732 2846 1787 Patris
2884 1732 3119 1787 essentia
3179 1745 3410 1786 concur-

1850 1832 1937 1875 rat
1974 1837 2094 1876 cum
2125 1822 2398 1894 Unigeniti
2428 1826 2795 1895 generatione,
2835 1824 2925 1893 qui
2953 1839 3016 1878 ex
3052 1823 3165 1891 ipso
3194 1821 3408 1890 quidem

1849 1921 1954 1976 est,
1994 1929 2098 1967 non
2131 1924 2308 1969 autem
2337 1925 2459 1985 post
2489 1916 2685 1985 ipsum,
2715 1924 2808 1969 aut
2837 1914 3026 1968 saltem
3054 1911 3170 1967 sola
3207 1911 3408 1981 princi-

1848 2005 1923 2073 pii
1951 2006 2295 2074 cogitatione.
2326 2006 2655 2074 Priucipium
2699 2021 2828 2062 vero
2853 2007 2940 2061 hic
2992 2020 3088 2076 pro
3119 2019 3279 2059 causa
3325 2018 3410 2057 ac-

1850 2097 2015 2167 cipio.
2047 2096 2342 2154 Identidem
2369 2102 2510 2156 enim
2543 2100 2730 2155 eadem
2769 2100 2930 2154 verba
2963 2109 3168 2168 repeto,
3211 2106 3268 2150 ut
3293 2096 3410 2150 ani-

1851 2189 1922 2242 ηιί
1955 2190 2028 2244 ιιιὶ
2061 2189 2374 2246 hebetudini
2411 2201 2464 2247 et
2497 2191 2761 2247 crassitiei
2810 2205 3110 2245 occurram.
3166 2187 3318 2255 Quod
3361 2187 3408 2243 si

1852 2280 2119 2336 curiosius
2150 2297 2253 2335 non
2283 2282 2546 2337 scruteris
2578 2281 2723 2348 Filii,
2756 2281 2867 2337 sive
2898 2281 3294 2353 generationem
3329 2278 3410 2338 die

180 2362 277 2427 ζου
309 2365 407 2438 τὴν
448 2368 684 2439 πρόοδον.
762 2371 1044 2443 Αρκοῦμαι
1076 2354 1295 2428 ἀκούειν
1319 2416 1333 2440 ,
1362 2377 1443 2429 ὅτι
1477 2354 1627 2440 Υῖὸς,
1657 2354 1749 2431 καὶ

1855 2387 1976 2428 εει-ο
2000 2374 2274 2440 convenit,
2328 2375 2442 2428 sive
2493 2375 2872 2438 substantiam,
2920 2376 3032 2428 sive
3073 2371 3214 2441 quod
3263 2369 3408 2424 aliud

177 2456 261 2509 ὅτι
291 2458 354 2510 ὲκ
387 2457 477 2511 τοῦ
509 2461 746 2532 Πατρός·
780 2464 870 2517 καὶ
900 2463 978 2517 ὅτι
1016 2466 1044 2518 ό
1079 2465 1176 2535 μὲν
1203 2466 1412 2536 Πατὴρ,
1445 2467 1473 2519 ὁ
1504 2466 1560 2519 δὲ
1588 2467 1746 2531 Υἱός’

177 2548 277 2600 καὶ
302 2549 454 2624 οὐδὲν
481 2551 632 2623 παρὰ
650 2552 804 2607 τοῦτο
827 2557 1279 2626 περιεργάζομαι,
1308 2557 1381 2629 μὴ
1406 2557 1568 2610 ταυτὸ
1595 2559 1751 2612 πάθω

174 2646 302 2708 ταῖς
340 2649 578 2714 φωναῖς,
615 2649 669 2701 αἶ
705 2647 782 2718 τῷ
828 2649 1263 2721 ὑπερψωνεῖσθαι
1317 2650 1594 2715 παντελῶς
1637 2652 1750 2704 δια-

151 2732 574 2808 ’πξπτουσιν,ῆ
621 2739 686 2807 τῇ
736 2736 855 2806 ὄψει
913 2737 1163 2811 τεινούσῃ
1209 2738 1283 2809 (4)
1337 2739 1472 2811 πρὸς
1523 2737 1749 2810 ἡλιακὴν

174 2824 396 2878 ἀκτῖνα.
432 2825 577 2896 Ὀσῳ
609 2826 715 2900 γὰρ
749 2827 814 2880 ἂν
849 2827 1028 2881 πλεῖον
1058 2829 1152 2881 καὶ
1191 2829 1579 2899 ἀκριϐέστερον
1629 2829 1752 2882 ἰδεῖν

173 2916 354 2969 ἐθέλοι
403 2935 522 2982 τις,
566 2919 803 2990 τοσούτῳ
844 2919 941 2991 τὴν
984 2920 1237 2990 αἴσθησιν
1283 2921 1751 2992 παραϐλὰπτεται,

172 3007 272 3060 καὶ
301 3008 365 3060 τὸ
397 3008 641 3062 ὁπωσοῦν
676 3009 807 3082 ὁρᾷν
842 3013 1242 3081 ἀποστερεῖται,
1271 3011 1359 3064 διὰ
1388 3011 1482 3065 τοῦ
1514 3010 1754 3074 πλείονος

171 3098 440 3164 νικῶντος
472 3101 570 3173 τὴν
597 3101 716 3172 ὄψιν
741 3103 834 3156 τοῦ
864 3103 1142 3176 ὁρωμένου
1170 3104 1264 3158 ἐὰν
1301 3104 1421 3158 ὅλον
1467 3104 1592 3156 ἰδεῖν
1633 3103 1752 3157 ἐθε-

169 3190 338 3263 λήσῃ,
381 3194 473 3246 καὶ
506 3191 579 3265 μὴ
605 3195 725 3248 ὅσον
754 3196 883 3266 όρᾷν
917 3195 1178 3265 ἀσφαλές.

1847 2464 2162 2534 vocabulum
2218 2467 2388 2537 magis
2419 2466 2690 2537 proprium
2740 2475 2901 2536 atque
2943 2465 3245 2536 appositum
3286 2463 3408 2518 cui-

1847 2555 1988 2623 piam
2018 2555 2072 2608 in
2121 2565 2354 2609 mentem
2389 2556 2538 2609 venit
2604 2557 2860 2625 (linguam
2906 2555 3049 2609 enim
3108 2569 3280 2608 meam
3320 2567 3411 2607 stt-

1846 2656 1999 2716 perat
2027 2646 2099 2714 id,
2133 2649 2274 2717 quod
2324 2648 2502 2718 cogito
2551 2662 2615 2701 ac
2669 2628 2840 2718 dico),
2871 2663 2956 2709 ,ne
2979 2662 3192 2716 quoque
3238 2644 3412 2716 Spiri-

1849 2746 1934 2792 tus
1979 2739 2152 2793 sancti
2183 2740 2582 2809 processionetn
2613 2741 2772 2796 anxie
2802 2740 3032 2808 inquire.
3069 2737 3195 2793 Mihi
3225 2738 3415 2794 audire

1851 2830 1984 2885 Satis
2009 2839 2093 2884 est
2119 2849 2133 2884 :
2176 2834 2320 2900 quod
2350 2833 2523 2889 Filius
2547 2843 2652 2899 est,
2701 2842 2755 2888 et
2784 2835 2924 2904 quod
2951 2847 3018 2887 ex
3065 2831 3224 2887 Patre
3252 2851 3266 2886 :
3299 2840 3412 2886 tum

1851 2922 1993 2990 quod
2036 2922 2125 2977 ille
2178 2923 2336 2980 Pater
2367 2933 2471 2990 est,
2526 2927 2612 2981 hic
2668 2925 2875 2989 Filius;
2928 2925 3060 2979 nihil
3115 2932 3309 2993 praeter
3350 2937 3412 2978 ea

1851 3014 2118 3082 invesﬁgo
2153 3011 2216 3070 ac
2244 3027 2586 3086 perscrutor;
2638 3033 2705 3072 ne
2735 3019 2864 3071 mihi
2894 3019 3032 3072 idem
3081 3016 3226 3086 quod
3272 3014 3416 3069 voci-

1850 3102 1950 3159 bus
1997 3106 2228 3173 accidat,
2263 3123 2382 3177 quae
2434 3109 2721 3164 immodica
2761 3107 3107 3164 contentione
3154 3108 3414 3176 frangun-

1853 3206 1959 3262 tur,
1994 3211 2058 3252 ac
2088 3213 2311 3268 prorsus
2356 3199 2668 3265 concidunt,
2707 3209 2802 3255 aut
2858 3199 2996 3254 idem
3051 3198 3192 3269 quod
3244 3196 3416 3252 omlis

171 3283 472 3337 adversum
563 3284 731 3338 solem
802 3285 1157 3341 intuentibus.
1201 3285 1333 3340 Nam
1385 3301 1490 3354 quo
1543 3284 1663 3353 quis
1718 3284 1946 3353 amplius
1983 3297 2038 3344 et
2083 3291 2388 3346 accuratius
2431 3305 2554 3346 eum
2619 3306 2841 3348 cernere
2883 3291 3068 3361 cupit,
3123 3303 3190 3345 eu
3246 3287 3416 3358 magis

168 3387 400 3428 sensum
436 3374 598 3438 laedit,
662 3390 725 3430 ac
753 3375 871 3430 ideo
901 3377 1060 3430 etiam
1089 3392 1302 3448 quoquo
1345 3379 1500 3431 modo
1530 3375 1781 3432 cernendi
1827 3378 2079 3435 facultate
2109 3383 2374 3451 privatur,
2407 3385 2534 3455 quia
2565 3383 2821 3439 nimirum
2866 3383 2938 3442 id.
2971 3383 3113 3454 quod
3151 3381 3412 3441 cernitur,

166 3468 459 3521 oculorum
519 3467 687 3522 aciem
747 3478 988 3537 supcrat,
1057 3485 1178 3525 cum
1248 3471 1515 3541 quispiam
1576 3477 1743 3523 totum
1784 3471 2098 3540 conSpiccre
2159 3476 2410 3538 voluerit.
2477 3491 2542 3532 ac
2570 3491 2674 3530 non
2715 3484 2973 3545 quantum
3035 3482 3148 3527 tuto
3192 3485 3417 3527 cernere

164 3563 324 3618 licet.

238 3659 352 3711 IA'.
395 3657 638 3721 Ἀκούεις
671 3659 954 3730 γέννησιν;
996 3659 1069 3712 Τὸ
1099 3658 1215 3724 πῶς
1257 3659 1331 3731 μὴ
1364 3642 1742 3731 περιεργάζου.

176 3751 436 3815 Ἀκούεις
472 3751 552 3804 ὅτι
587 3751 649 3804 τὸ
678 3750 900 3822 Πνεῦμα
932 3751 1117 3824 προϊὸν
1159 3752 1223 3804 ὲκ
1261 3753 1353 3804 τοῦ
1385 3753 1633 3822 Πατρός;
1676 3753 1748 3806 Τὸ

160 3843 323 3905 ὅπως
391 3843 464 3914 μὴ
518 3841 980 3914 πολυπραγμόνει.
1036 3843 1099 3894 Εἰ
1157 3841 1214 3894 δὲ
1272 3840 1748 3913 πολυπραγμονεῖς

161 3931 310 3984 Υἱοῦ
353 3931 627 4002 γέννησιν,
679 3931 773 3985 καὶ
813 3931 1130 4003 Πνεύματος
1160 3930 1404 4002 πρόοδον,
1455 3931 1608 4000 κάγώ
1653 3949 1746 3985 σου

160 4022 622 4094 πολυπραγμονῶ
647 4023 708 4076 τὺ
733 4025 923 4095 κρᾶμα
965 4023 1140 4093 ψυχῆς
1177 4023 1268 4076 καὶ
1309 4021 1556 4094 σώματος
1579 4041 1592 4054 ·
1624 4023 1749 4087 Πῶς

160 4107 215 4164 εἴ
264 4110 424 4182 χοῦς,
464 4112 556 4165 καὶ
588 4111 750 4166 εἰκὼν
780 4111 946 4178 Θεοῦ;
984 4113 1048 4165 Τί
1076 4112 1134 4164 τὸ
1160 4111 1340 4166 κινοῦν
1385 4129 1478 4176 σε,
1518 4112 1551 4183 ἢ
1591 4111 1643 4165 τε
1689 4112 1750 4165 τὸ

157 4202 531 4274 κινούμενονς
560 4203 682 4268 Πῶς
711 4203 772 4256 τὸ
793 4204 924 4257 αὐτὸ
953 4205 1043 4257 καὶ
1069 4205 1208 4258 κινεῖ
1228 4203 1320 4256 καὶ
1340 4207 1600 4270 κινεῖται;
1628 4204 1749 4269 Πῶς

156 4297 192 4368 ἡ
227 4294 498 4365 αἴσθησις
526 4297 583 4349 ὲν
616 4295 695 4367 τῷ
719 4295 867 4367 αὐτῷ
899 4297 1070 4368 μένει,
1102 4298 1196 4350 καὶ
1224 4296 1286 4349 τὸ
1321 4296 1477 4360 ἐκτὸς
1515 4297 1745 4350 ἐπισπᾶ-

1930 3665 2020 3720 Xl.
2067 3651 2242 3719 ‘Audis
2299 3661 2739 3732 generationem?
2798 3658 3007 3714 Modum
3052 3656 3320 3712 curiosius
3352 3669 3428 3708 ne

1854 3758 2121 3828 inquiras.
2157 3755 2325 3810 Audis
2353 3755 2614 3824 Spiritum
2650 3767 2715 3807 ex
2753 3751 2913 3806 Patre
2957 3747 3287 3820 procedere?
3340 3745 3414 3810 id,

1853 3847 2124 3918 quomodo
2164 3845 2280 3908 ﬁat,
2314 3857 2382 3898 ne
2431 3841 2591 3896 anxio
2635 3840 2814 3894 studio
2848 3837 3220 3910 perscruteris.
3262 3834 3418 3904 Quod

1853 3941 1898 3996 si
1930 3941 1982 3995 in
2017 3937 2137 3992 Filii
2167 3936 2527 4006 generatione.
2547 3944 2602 3990 et
2633 3933 2867 4002 Spiritus
2911 3929 3256 4001 processione
3294 3943 3420 3998 per-

1853 4034 2164 4104 vestiganda
2195 4031 2357 4102 383
2406 4030 2676 4085 curiosum
2711 4037 2762 4081 te
2809 4025 3038 4096 praebes,
3065 4037 3170 4092 ego
3201 4035 3419 4092 quoque

1853 4126 1971 4194 pari
2007 4123 2321 4179 curiositate
2375 4131 2522 4176 tuam
2577 4119 2770 4173 animae
2800 4115 3148 4184 corporisque
3193 4110 3420 4180 conjun-

1855 4216 2089 4270 ctionem
2123 4221 2178 4266 et
2222 4219 2703 4277 temperamentum
2735 4205 3000 4275 inquiram
3048 4221 3061 4257 :
3115 4216 3221 4271 quo
3258 4198 3420 4254 modo

1855 4302 2030 4373 pulvis
2053 4317 2135 4368 es,
2169 4312 2223 4357 et
2251 4301 2345 4356 Dei
2373 4299 2588 4370 imago?
2617 4297 2754 4364 Quid
2784 4305 2890 4362 est,
2925 4295 3066 4364 quod
3111 4301 3160 4346 te
3187 4297 3418 4353 moveat,

1855 4403 1950 4450 aut
1981 4395 2109 4466 quid
2150 4394 2294 4466 quod
2331 4391 2655 4448 moveatur?
2703 4389 2819 4456 Quo
2858 4388 3018 4442 modo
3063 4386 3204 4439 idem
3241 4390 3420 4436 movet

1855 4494 1905 4540 et
1941 4484 2223 4540 movetur?
2261 4484 2378 4550 Quo
2413 4481 2570 4536 modo
2600 4495 2790 4535 sensus
2822 4479 2873 4532 in
2900 4477 3087 4532 eodem
3118 4480 3321 4535 manet,
3363 4482 3420 4525 et

1856 4576 2080 4630 externa
2109 4574 2370 4630 attrahit?
2409 4573 2524 4639 Quo
2571 4571 2729 4625 modo
2760 4582 2916 4623 meus
2936 4567 2987 4621 in
3023 4575 3075 4620 te
3127 4573 3324 4632 manet,
3363 4572 3420 4618 et

1856 4665 1912 4720 in
1938 4664 2042 4719 alia
2069 4672 2250 4718 mente
2273 4676 2573 4716 sermonem
2600 4657 2806 4729 gignit?
2843 4656 2957 4724 Quo
2980 4655 3137 4710 modo
3166 4654 3419 4725 cugitatio

155 4405 293 4453 ταις
335 4387 462 4451 Πῶς
494 4391 521 4442 ό
567 4387 691 4452 νοῦς
723 4390 780 4441 ὲν
815 4388 897 4441 σοὶ
952 4388 1122 4459 μένει,
1170 4387 1261 4441 καὶ
1295 4389 1459 4458 γεννᾷ
1503 4387 1658 4456 λόγον
1692 4389 1749 4443 ἐν

153 4478 322 4549 ἄλλῳ
353 4478 438 4530 νοῒ
467 4478 578 4549 (5);
614 4479 738 4542 Πῶς
771 4478 912 4550 λόγῳ
953 4478 1130 4549 νόημα
1161 4477 1446 4532 διαδίδοται
1494 4477 1605 4549 (6);
1641 4481 1749 4533 Καὶ

150 4569 332 4624 οὔπω
364 4568 436 4621 τὰ
469 4569 691 4640 μείζονα
715 4569 891 4639 λέγω’
926 4569 1022 4634 Τίς
1060 4569 1287 4642 οὐρανοῦ
1310 4569 1623 4649 ,περιφορὰ;
1656 4568 1750 4632 Τίς

150 4661 430 4733 ἀστέρων
477 4661 710 4732 κίνησις,
744 4661 776 4733 ἢ
813 4662 995 4727 τάξις,
1036 4662 1070 4733 ἦ
1106 4662 1309 4733 μέτρα,
1339 4660 1372 4732 ἢ
1418 4660 1634 4724 σύνοδος
1657 4698 1672 4724 ,
1714 4659 1748 4730 ἢ

148 4754 521 4816 ἁπόστασις;
555 4753 708 4817 Τίνες
744 4749 792 4807 δ’
824 4756 938 4826 ὅροι
982 4753 1287 4826 θαλάσσης;
1329 4754 1499 4807 Πόθεν
1532 4754 1589 4807 δὲ
1631 4753 1749 4808 ἀνέ-

1855 4770 1951 4828 per
1984 4769 2282 4812 sermonem
2306 4752 2650 4823 impertitur?
2682 4749 2924 4805 Nondum
2947 4748 3151 4815 majora
3181 4746 3416 4818 profero.

152 4863 292 4916 μων
332 4844 600 4916 ῥεύματα,
631 4845 662 4917 ἢ
691 4846 847 4919 ὡρῶν
874 4849 1218 4921 περιτροπαὶ,
1252 4848 1285 4920 ἢ
1313 4845 1749 4919 δμϐρωνέπιχύ-

1857 4848 1986 4916 Quae
2017 4848 2139 4904 coeli
2179 4845 2497 4902 conversio?
2534 4843 2666 4915 Quis
2697 4844 3170 4904 siderummotus,
3205 4852 3299 4896 aut
3329 4854 3421 4894 ore

147 4945 283 5002 σεις
310 4955 329 5002 ;
364 4939 429 4990 Ei
461 4939 662 4993 τούτων
691 4940 855 5013 μηδὲν
883 4941 1234 5013 κατενόησας,
1270 4935 1314 4995 ὦ
1343 4941 1597 5011 ἄνθρωπε
1633 4943 1749 5011 (κα-

1859 4940 1948 5008 do,
1988 4948 2080 4994 aut
2107 4937 2333 4993 modus?
2357 4937 2486 5004 Qum
2529 4935 2832 5005 coniunctio
2871 4942 2964 4988 aut
2993 4929 3284 4988 distantia?
3316 4929 3423 5000 Qui

222 5074 282 5107 δ’
320 5073 492 5130 Hebr.
517 5091 615 5141 vn,
642 5076 728 5132 10.

1924 5272 1939 5298 ν
1967 5231 1994 5302 §
2019 5232 2076 5284 2ο

1925 5304 2000 5371 (3)
2037 5299 2311 5371 Διαγοίᾳς
2359 5297 2760 5371 φοϐούμενος.-
2787 5293 2878 5371 ξὶο
2924 5291 3059 5362 Reg.
3092 5288 3421 5371 bm,_plures

1851 5363 2030 5429 Colb'..
2066 5373 2214 5434 Par.,
2244 5363 2511 5432 Cbnibef.,
2541 5363 2568 5419 ἒ
2596 5366 2894 5422 craSs-itiem
2943 5379 3017 5434 ac
3052 5363 3419 5434 stupidittrtetn

1855 5442 2052 5512 ingenii
2087 5442 2159 5494 tui
2196 5430 2460 5512 metuens.
2488 5430 2506 5490 ι
2542 5437 2712 5512 ln__ed.
2743 5437 2888 5512 deest
2916 5430 3270 5512 φοϐούμενος.

218 5510 319 5582 (1)
357 5499 786 5582 ’ξΥτῖερπίπτεα
816 5512 964 5578 Par.,
995 5513 1313 5568 ὑποπίπτει.

1858 5581 1895 5582 ᾧ
1914 5499 2005 5582 ἶιί)
2047 5513 2218 5580 Ὀψει
2247 5509 2553 5582 (scrutari.
2587 5507 2686 5582 Sic
2713 5514 2822 5582 tres
2854 5499 3222 5582 ltegg.,_Bas.,
3267 5499 3421 5565 Pan,

378 5580 453 5634 Ἢ
488 5572 744 5656 darem,
764 5592 877 5656 etc.
907 5572 1041 5656 Huic
1085 5587 1263 5652 phrasi
1291 5593 1554 5640 consonat
1584 5585 1749 5656 expli-

1855 5572 2089 5656 Tiljlermﬂ
2117 5572 2222 5656 ξω.
2254 5572 2594 5656 Μειιόοεςέξίη
2623 5579 2732 5656 e_d.,
2897 5572 3174 5642 πεινούσῃ.

133 5648 343 5716 catid,
389 5664 494 5719 qua
534 5648 700 5706 Filius
727 5654 921 5707 dicitur
955 5648 1115 5710 Patre
1145 5655 1424 5723 posterior,
1459 5671 1561 5709 non
1601 5673 1620 5706 ι
1654 5648 1747 5708 na-
1923 5651 2000 5723 (5)
2037 5653 2170 5723 Not.
2196 5653 2256 5723 in
2287 5649 2577 5723 nonnullis,
2601 5648 2704 5723 νῷ.
2801 5695 2803 5701 ,

138 5707 361 5786 tut-3,3
405 5707 956 5793 nequehetempore,»
995 5707 1446 5793 seditiiiginis'.
1488 5707 1748 5780 duntaxat

1861 5792 1866 5793 ί
2041 5720 2391 5776 Διαδίδοται.
2422 5707 2572 5774 Tres
2599 5707 2789 5788 Bégg.,
2822 5713 2982 5771 Coisl.
3044 5714 3098 5780 1,
3130 5711 3220 5769 0r.
3248 5713 3299 5779 1,
3330 5707 3422 5763 δέ-

106 5793 113 5799 ’
141 5813 162 5847 ς
197 5787 508 5848 rationed
549 5787 683 5847 Vide
713 5787 919 5848 Estium
962 5795 1013 5849 in
1056 5810 1111 5863 t,
1147 5787 1356 5862 dist.9,
1390 5793 1418 5866 ς
1447 5795 1500 5860 5,
1529 5807 1588 5851 et.
1621 5796 1744 5851 dist.

1855 5787 2019 5846 δοται.
2619 5839 2624 5842 ,
2685 5787 2696 5788 ί
2936 5834 2939 5837 .
2967 5836 2971 5840 .
3209 5824 3214 5836 .

220 5227 364 5313 (9?)
404 5223 586 5313 ςῦμρῦ
635 5223 721 5313 τῶ
747 5231 851 5312 τό]-
903 5235 1137 5313 μαιίέρα
1185 5227 1365 5313 circa;
1409 5233 1522 5313 Duo
1553 5234 1744 5313 Reg"

136 5299 347 5376 Qoisl.
399 5300 466 5376 1ι
498 5299 648 5376 P_ar.,
698 5301 844 5376 ὁμοῦ
868 5303 929 5357 τὸ
984 5299 1121 5358 εἶναι
1171 5304 1261 5376 τὸν
1321 5305 1559 5376 Πατέρα.
1613 5299 1746 5358 Tres
1828 5339 1834 5343 -

137 5319 345 5357 horsu.
399 5319 452 5362 ι,
498 5319 648 5368 rar.,
698 5319 830 5424 οὲιου
868 5319 929 5357 το
984 5319 1121 5358 ειναι
1171 5319 1261 5357 τον
1321 5319 1559 5376 ιιατερα.
1613 5319 1742 5358 't'res

137 5371 359 5453 Col_b.,
397 5367 477 5440 τῷ
509 5367 648 5426 εἶναι
688 5389 724 5453 τ
756 5390 783 5424 ν
815 5373 1050 5448 ἄναρχον
1099 5374 1360 5446 (Πατέρα)
1414 5376 1742 5445 ἁγεννήτως,

145 5459 169 5492 ι
202 5443 446 5507 absque
479 5443 848 5507 generatione.
875 5462 893 5495 ι
