3852 6408
452 279 592 336 £079

1645 281 1704 336 S.
1745 280 2078 337 GREGORII
2124 282 2471 339 TliEOLOGl

3544 274 3665 329 1080

454 396 625 453 maris
675 392 934 450 termini?
976 391 1128 451 Unde
1156 392 1301 448 venti
1347 391 1662 462 profluunt?
1710 393 1860 449 Unde
1905 410 2029 465 par-

2159 400 2411 470 avoﬁsst;
2445 399 2501 453 δὲ
2532 400 2662 463 ἴσως
2704 415 2833 451 ποτε
2853 437 2868 461 ,
2902 396 3029 450 ὅταν
3066 390 3344 465 ἀπολάϐῃς
3384 391 3446 444 τὸ
3472 392 3668 450 τέλειον.

460 489 594 543 ιίιιιιι
629 485 756 539 anni
796 483 1178 548 revolutiones,
1211 494 1305 538 aut
1342 485 1645 554 pluviarum
1696 484 2028 543 effusiones?

462 580 520 635 Si
548 578 679 633 nihil
704 577 893 632 horum
935 575 1207 631 intellectu
1238 579 1547 647 percepisti,
1595 593 1629 634 ο
1663 579 1825 635 homo
1885 581 2027 650 (per-

465 671 634 742 cipies
657 679 837 724 autem
874 668 1101 724 fortasse
1132 669 1441 738 aliquando,
1470 686 1590 725 cum
1641 672 2026 742 perfectionem

468 770 786 821 eotisecutus
826 760 1042 816 fueris:
1097 760 1288 816 Videbo
1338 762 1503 827 enim.
1540 764 1715 832 inquit
1756 765 1880 829 ille,
1922 781 2026 819 ca:-

465 856 567 921 los,
604 870 760 920 opera
787 853 1073 922 digitorum
1108 863 1317 909 tuorum
1351 856 1428 921 δίς
1483 866 1538 911 ιιι
1567 856 1832 926 conjicere
1860 858 2029 928 possi-

463 955 605 1007 nms,
634 955 718 1007 ea,
751 957 872 1010 quae
907 958 1051 996 nunc
1081 945 1376 1010 cernimus,
1406 960 1507 998 non
1547 946 1826 1000 veritatem
1858 947 2028 1017 ipsam

463 1047 606 1098 esse,
641 1035 732 1086 sed
768 1038 1007 1100 qttmdattt
1038 1034 1297 1088 duntaxat
1331 1036 1578 1091 veritatis
1602 1037 1948 1107 simulacra);
1982 1039 2031 1093 si

466 1138 518 1177 te
555 1124 725 1193 ipsum
766 1140 869 1179 neu
903 1126 1064 1188 nosti,
1095 1127 1340 1195 quisquis
1383 1141 1463 1191 es,
1496 1129 1585 1197 qui
1615 1128 1683 1184 de
1729 1129 1812 1184 his
1867 1129 2028 1184 rebus

2135 493 2393 559 Ὄψομαι
2446 491 2577 563 γὰρ,
2624 491 2779 560 φησὶ,
2830 488 2973 554 τοὺς
3022 484 3335 555 οὐρανοὺς,
3394 484 3535 553 ἔργα
3578 484 3674 539 τῶν

2131 580 2444 637 δακτύλων
2470 598 2587 636 σου
2607 601 2620 614 ·
2653 582 2727 645 ὼς
2757 578 3101 634 ὑπονοεῖσθαι
3124 576 3194 631 τὰ
3222 576 3316 629 νῦν
3340 574 3584 645 ὁρώμενα
3613 578 3676 647 μὴ

2133 672 2271 729 εἶναι
2307 675 2405 746 τὴν
2443 674 2698 746 ἀλήθειαν
2719 715 2733 739 ,
2774 672 2909 726 ἀλλὰ
2940 672 3037 743 τῆς
3070 670 3327 742 ἀληθείας
3360 668 3675 738 ἰνδάλματα)

2133 767 2181 819 εἰ
2211 766 2402 819 σαυτὸν
2432 766 2531 819 οὐκ
2551 766 2718 834 ἔγνως
2747 766 2846 836 (7),
2876 765 3023 826 ὅστις
3055 758 3106 816 εἴ
3132 765 3162 816 ὁ
3198 762 3325 834 περ).
3350 760 3557 814 τούτων
3584 760 3683 814 δια-

2132 856 2441 929 λεγόμενος,
2474 859 2522 911 εἰ
2553 856 2724 909 ταῦτα.
2758 858 2817 909 οὐ
2852 853 3180 919 κατέλαϐες,
3216 847 3290 906 ὧν
3316 854 3413 906 καὶ
3447 852 3480 922 ἡ
3514 850 3685 922 αἴσθη-

2137 967 2223 1013 σις
2260 950 2503 1020 μάρτυς,
2542 949 2657 1012 πῶς
2701 948 2831 1002 Θεὸν
2863 946 3140 1020 ἀκριϐῶς,
3183 946 3319 1017 ὅπερ
3347 961 3405 996 τε
3448 944 3543 996 καὶ
3579 944 3687 997 ὅσον

2137 1040 2306 1105 ἐστὶν,
2341 1039 2535 1093 εἰδέναι
2569 1038 3002 1109 ὑπολαμσάνεις;
3034 1035 3238 1107 Πολλῆς
3266 1034 3423 1088 τοῦτο
3451 1033 3550 1104 τῆς
3581 1033 3690 1086 dlo-

2133 1129 2279 1199 γίας.

467 1217 735 1285 disputas,
763 1218 806 1272 si
836 1220 949 1273 haec
976 1219 1212 1274 nondum
1285 1220 1560 1275 intellectu
1628 1221 2103 1292 comprehendisti,
2144 1237 2371 1290 quorum
2418 1236 2608 1276 sensus
2656 1221 2767 1288 ipse
2800 1218 2950 1274 testis
2982 1227 3083 1283 est,
3119 1231 3225 1287 quo
3270 1215 3488 1270 tandem
3528 1214 3693 1282 modo,

466 1310 615 1379 quid,
649 1319 704 1364 et
730 1319 963 1379 quantus
996 1312 1067 1365 sit
1094 1311 1252 1377 Deus,
1291 1321 1345 1368 te
1370 1323 1519 1368 certo
1551 1322 1731 1371 tenere
1764 1330 1826 1370 ac
1882 1316 2023 1371 scire
2060 1315 2383 1370 arbitraris?
2416 1314 2621 1383 Magna:
2667 1312 2909 1384 profecto
2947 1312 2997 1366 id
3040 1311 3280 1365 stultitiae
3315 1318 3422 1364 est.

534 1401 649 1457 Xll.
692 1402 952 1469 Quocirca
981 1403 1025 1456 si
1065 1404 1192 1472 quid
1233 1406 1362 1459 mihi
1391 1406 1754 1475 obtemperas,
1780 1407 1884 1462 hoc
1916 1415 2024 1472 est,

466 1495 714 1564 theologo
747 1496 965 1551 minime
1006 1497 1231 1563 audaci,
1278 1506 1336 1552 ut
1378 1499 1631 1552 nonnulla
1677 1498 1790 1567 jam
1839 1513 2029 1569 perce-

467 1588 611 1657 pisti.
663 1588 737 1641 ita
784 1588 945 1641 etiam
994 1603 1078 1654 ea,
1129 1604 1248 1657 quas
1291 1600 1601 1659 supersunt,
1651 1599 1708 1644 ut
1737 1591 2028 1661 percipias,

2203 1406 2301 1459 IB'.
2342 1404 2480 1457 Ἀλλ’
2512 1402 2636 1457 εἴτι
2663 1404 2784 1474 ἐμοὶ
2812 1401 2993 1473 πείθῃ,
3020 1399 3100 1471 τῷ
3130 1400 3204 1470 μὴ
3234 1398 3430 1470 θρασεί
3452 1396 3697 1469 θεολόγῳ,

2131 1497 2191 1550 τὸ
2222 1496 2318 1567 μὲν
2352 1493 2670 1558 κατέλαϐες,
2709 1493 2768 1547 τὸ
2800 1493 2857 1547 δὲ
2890 1490 3332 1562 καταλαμϐάνειν
3362 1491 3442 1561 (8)
3465 1489 3695 1561 δεήθητι.

2136 1589 2210 1642 Τὸ
2241 1588 2339 1660 μὲν
2362 1587 2642 1659 ὰγάπησον
2674 1588 2730 1639 ὲν
2762 1586 2844 1639 σοὶ
2872 1584 3051 1656 μένον,
3079 1583 3139 1636 τὸ
3170 1583 3227 1636 δὲ
3264 1585 3321 1636 ὲν
3352 1585 3466 1646 τοῖς
3496 1583 3603 1636 ἄνω
3628 1582 3697 1653 (9)

470 1693 624 1747 roga.
654 1679 726 1732 Ea
760 1689 935 1748 parte,
971 1696 1087 1750 qua:
1117 1681 1171 1735 in
1207 1690 1259 1736 te
1299 1691 1500 1748 manet,
1538 1692 1827 1737 contentus
1862 1692 1978 1738 esto
2016 1701 2028 1736 :

2159 1682 2431 1752 ιησαυροῐς
2465 1680 2720 1750 μεινάτω.
2752 1676 2848 1730 Διὰ
2884 1674 3175 1737 πολιτείας,
3194 1673 3381 1728 ἄνελθε
3402 1690 3417 1702 ’
3459 1671 3548 1725 διὰ
3575 1672 3697 1725 καθ-

471 1770 639 1825 altera
666 1771 717 1824 in
744 1773 990 1840 supernis
1024 1773 1289 1827 thesauris
1334 1774 1607 1828 recondita
1652 1786 1889 1829 maneat.
1930 1773 2035 1829 Per

471 1864 594 1917 vitae
626 1864 947 1927 probitatem
997 1865 1228 1919 ascende
1256 1883 1269 1919 :
1300 1881 1395 1934 per
1437 1866 1810 1936 purgationem
1837 1907 1853 1932 ,
1887 1881 2034 1934 eum,

472 1955 560 2022 qni
591 1970 756 2024 purus
787 1963 889 2020 est,
928 1956 1247 2025 adipiscere.
1292 1954 1387 2010 Vis
1426 1957 1708 2027 theologus
1750 1958 2037 2028 aliquando

474 2043 620 2110 ﬁcri,
652 2058 715 2098 ac
742 2045 1028 2099 divinitate
1049 2045 1279 2115 dignus?
1309 2045 1474 2101 Serva
1502 2048 1793 2115 mandata;
1823 2063 1918 2116 per
1942 2048 2037 2104 Dei

472 2144 739 2204 prtecepta
769 2135 988 2199 incede;
1018 2136 1160 2189 actio
1195 2134 1340 2189 enim
1365 2134 1565 2203 gradus
1592 2144 1677 2190 est
1698 2135 1765 2189 ad
1792 2145 2037 2190 contem-

474 2226 896 2293 plationemrex
953 2241 1180 2296 corpore
1231 2241 1451 2297 operam
1506 2227 1702 2283 anima:
1748 2243 1901 2283 nava.
1956 2227 2037 2283 An

472 2317 757 2387 quisquam
791 2330 872 2375 est
901 2319 1230 2384 mortalium,
1272 2320 1362 2389 qui
1398 2320 1462 2374 ad
1491 2335 1611 2375 eam
1653 2320 2037 2376 sublimitatem

474 2413 652 2468 ell'erri
689 2414 874 2482 possit,
902 2420 961 2467 ut
990 2413 1054 2466 ad
1094 2410 1249 2465 Pauli
1283 2426 1590 2466 mensuram
1624 2412 1942 2481 perveniat?
1973 2412 2042 2465 At

477 2506 563 2560 ille
595 2516 769 2559 tamen
796 2506 977 2559 videre
1002 2519 1060 2577 se
1084 2520 1174 2575 per
1198 2504 1474 2575 speculum
1502 2514 1555 2560 et
1573 2504 1801 2575 aenigma
1826 2504 1955 2559 dicit
1972 2504 2039 2568 “,

479 2608 796 2663 tempusque
836 2594 1026 2659 altore,
1057 2609 1169 2664 quo
1198 2593 1335 2647 facie
1364 2593 1431 2647 ad
1465 2592 1659 2648 faciem
1707 2594 1923 2648 visurus
1949 2593 2041 2647 sit.

479 2685 631 2738 Tune
696 2685 817 2738 aliis
856 2684 1069 2753 quidem
1120 2684 1173 2736 in
1230 2684 1551 2753 disputando
1598 2684 1924 2739 sublimior?
1974 2686 2046 2740 At

480 2776 591 2830 Dco
639 2776 778 2830 haud
835 2775 995 2829 dubie
1044 2773 1269 2829 inferior
1326 2788 1405 2829 es.
1457 2772 1609 2828 Tune
1646 2774 1767 2831 aliis
1816 2775 2047 2831 fortasse

482 2868 690 2923 acutior
729 2877 785 2922 et
827 2865 1232 2936 pcrspicacior?
1288 2866 1360 2921 At
1424 2876 1576 2922 certe
1619 2868 1846 2922 veritate
1897 2876 2046 2923 tanto

484 2960 749 3028 posterior
776 2975 857 3023 es,
897 2959 1061 3030 384
1092 2968 1297 3030 quanto
1343 2960 1579 3015 essentia
1613 2958 1709 3015 Dei
1753 2961 2044 3015 essentiam

2138 1774 2348 1845 άρσεως
2393 1771 2537 1843 (10),
2599 1770 2798 1839 κτῆσαι
2839 1768 2901 1823 τὸ
2938 1765 3199 1838 καθαρόν.
3238 1764 3432 1818 Βούλει
3467 1763 3696 1831 θεολογος

2136 1864 2389 1934 γενέσθαι
2423 1864 2574 1924 ποτὲ.
2607 1863 2702 1916 καὶ
2730 1861 2832 1931 τῆς
2864 1859 3116 1929 θεότητος
3158 1857 3336 1924 ἄξιος;
3366 1856 3467 1920 τὰς
3498 1855 3697 1919 smn;

2138 1955 2378 2025 φύλασσε
2398 1972 2411 1985 ’
2441 1953 2530 2007 διὰ
2556 1953 2663 2007 τῶν
2690 1952 3126 2022 προσταγμάτων
3157 1949 3265 2020 (11)
3298 1949 3539 2002 ὄδευσον·
3568 1949 3698 2019 πρᾶο

2141 2047 2220 2113 ξις
2249 2046 2358 2116 γὰρ
2389 2045 2640 2109 ὲπίϐασις
2665 2044 2896 2116 Θεωρίας
2915 2061 2928 2074 ⁸
2967 2044 3029 2096 ὲκ
3064 2040 3157 2095 τοῦ
3191 2040 3442 2111 σώματος
3473 2042 3538 2109 τῇ
3566 2037 3695 2109 ψυχῇ

2139 2139 2499 2211 φιλοπόνησον
2535 2137 2667 2207 (12).
2696 2132 2847 2208 τΑρά
2877 2135 2960 2199 τίς
2990 2136 3135 2187 ἐστιν
3166 2132 3491 2204 ἀνθρώπων,
3517 2131 3573 2193 ὃς
3600 2131 3696 2201 (13)

2140 2231 2375 2303 ἀρθῆναι
2407 2229 2658 2283 τοσοῦτον
2696 2227 2941 2292 δύναται,
2975 2225 3115 2279 ὥστε
3154 2226 3233 2288 είς
3272 2225 3334 2279 τὸ
3366 2223 3583 2277 Παύλου
3612 2222 3697 2293 μέ-

2138 2342 2268 2397 τρον
2304 2324 2507 2389 ὲλθεῖν;
2554 2322 2693 2377 Ἀλλ’
2721 2323 2869 2393 ὅμως
2907 2320 3059 2392 equi:
3088 2318 3305 2390 βλέπειν
3344 2318 3411 2371 δι’
3449 2316 3700 2387 ἐσόπτρου

2143 2418 2235 2471 καὶ
2264 2416 2604 2485 αἰνίγματος,
2639 2415 2735 2469 καὶ
2778 2410 2915 2467 εἶναι
2952 2413 3165 2483 καιρὸν,
3199 2411 3286 2464 ὅτε
3318 2409 3509 2480 ﬁdis-ta:
3548 2406 3699 2478 πρόσ-

2142 2525 2288 2561 ωπον
2328 2507 2462 2579 πρὸς
2491 2506 2801 2578 πρόσωπον.
2842 2503 3038 2557 Ἀλλου
3077 2502 3171 2573 μὲν
3199 2501 3309 2570 (14)
3336 2496 3385 2553 εἷ
3423 2497 3702 2569 φιλοσοφώ-

2142 2617 2301 2671 τερος
2332 2601 2388 2653 ἐν
2428 2598 2640 2667 λόγοις;
2690 2595 2825 2651 Θεοῦ
2871 2597 2928 2651 δὲ
2973 2596 3188 2658 πάντως
3229 2593 3341 2665 (15)
3387 2592 3698 2662 κατώτερος.

2149 2692 2343 2745 Ἀλλου
2402 2691 2500 2762 μὲν
2542 2690 2701 2760 τυχὸν
2759 2688 2873 2760 (16)
2926 2686 3322 2758 συνετώτερος;
3378 2684 3443 2738 τὸ
3492 2684 3547 2736 δὲ
3586 2683 3701 2754 άλη-

2147 2781 2296 2844 θείας
2342 2781 2450 2852 (17)
2502 2779 2753 2833 τοσοῦτον
2803 2779 2967 2851 λείπῃ
3010 2778 3145 2849 (18),
3191 2778 3316 2831 ὅσον
3361 2775 3425 2828 τὸ
3458 2770 3589 2828 εἶναί
3618 2790 3701 2826 σου

2145 2873 2393 2945 δεύτερον
2433 2871 2526 2925 τοῦ
2566 2867 2704 2924 εἶναι
2744 2869 2900 2923 Θεοῦ.
2940 2870 3177 2940 Ἔχομεν
3217 2866 3552 2936 ἐπαγγελίαν
3580 2862 3705 2933 γνὼο

2150 2967 2336 3021 σεσθαί
2385 2983 2544 3030 ποτε,
2591 2966 2713 3019 ὅσον
2756 2962 3097 3034 ὲγνώσμεθα.
3141 2960 3205 3015 Εἰ
3253 2960 3330 3033 μὴ
3368 2958 3590 3014 δυνατὸν
3624 2960 3703 3010 ὲν-

492 3064 639 3106 tuam
681 3053 973 3107 antecellit.
1026 3052 1474 3108 Pollicitationem
1520 3052 1781 3109 habemus
1810 3053 1944 3122 fore,
1988 3064 2047 3108 ut

2159 3057 2320 3111 ταῦθα
2344 3057 2487 3127 ἔχειν
2507 3056 2717 3111 τελείαν
2740 3056 2836 3128 τὴν
2856 3055 2960 3109 τῶν
2983 3054 3150 3108 ὅντων
3171 3053 3395 3124 γνῶσιν,
3418 3052 3471 3105 τί
3498 3068 3583 3122 μοι
3607 3049 3706 3118 (l9)

484 3147 771 3215 aliquando
823 3157 1027 3200 tantum
1075 3161 1491 3216 cognoscamus,
1543 3156 1798 3215 quantum
1849 3148 2047 3217 cogniti

486 3251 673 3292 sumus
704 3236 773 3290 ⁸³.
806 3237 861 3291 Si
888 3237 1003 3291 fieri
1038 3252 1141 3291 non
1179 3248 1377 3307 potest,
1418 3249 1477 3293 ut
1515 3238 1810 3309 perfectam
1858 3239 1911 3295 in
1945 3239 2049 3295 hac

485 3331 597 3383 vita
640 3344 823 3383 rerum
878 3329 1240 3399 cognitionem
1302 3345 1673 3400 assequamur,
1735 3332 1862 3401 quid
1917 3332 2049 3385 mihi

486 3421 754 3490 reliquum
782 3420 901 3473 est?
930 3417 1067 3483 Quid
1110 3420 1162 3474 in
1188 3434 1281 3488 spe
1312 3419 1584 3489 positum?
1613 3418 1853 3488 Regnum
1886 3418 2054 3473 (ταξιο-

488 3530 632 3577 rum,
664 3511 850 3582 procul
896 3511 1057 3565 dubio
1096 3511 1327 3579 inquies.
1373 3510 1534 3578 Atqui
1588 3510 1715 3564 illud
1752 3509 1885 3564 nihil
1913 3510 2054 3564 aliud

489 3618 613 3658 esse
659 3602 931 3667 existimo,
983 3616 1144 3671 quam
1198 3601 1337 3671 ejus,
1397 3600 1538 3670 quod
1598 3600 1946 3670 purissimum
2001 3609 2057 3655 et

488 3693 939 3763 perfectissimum
958 3703 1058 3761 est,
1083 3694 1444 3762 adeptionem.
1468 3692 1873 3751 Perfectissima
1896 3708 2058 3764 porro

490 3802 674 3841 rerum
708 3788 949 3841 omnium
977 3796 1061 3841 est
1098 3786 1190 3842 Dei
1214 3788 1477 3857 cognitio.
1519 3786 1718 3841 Verum
1748 3800 1888 3853 eam,
1930 3801 2058 3855 par-

492 3879 592 3933 tim
627 3890 930 3944 teneamus,
958 3879 1177 3948 partim,
1218 3879 1476 3949 quamdiu
1507 3879 1560 3932 in
1591 3888 1736 3933 terra
1758 3893 2059 3945 versamur,

495 3972 779 4041 percipere
840 3972 1178 4039 Studeamus,
1240 3971 1438 4041 partim
1487 3970 1544 4025 in
1592 3971 1834 4026 futurum
1889 3986 2061 4025 aevum

498 4078 864 4130 reservemus,
918 4072 975 4118 ut
1013 4064 1156 4120 hunc
1201 4064 1401 4120 laboris
1447 4065 1831 4134 industrimque
1866 4074 2066 4119 nostra:

608 4161 653 4193 “
683 4159 824 4215 Psal.
855 4175 972 4223 vm,
1010 4159 1065 4214 4.
1172 4159 1217 4192 ⁸³
1257 4160 1426 4215 iCor.
1465 4174 1587 4223 xm,
1624 4159 1710 4213 12.
1791 4159 1836 4191 ⁸⁸
1875 4159 2006 4214 ibid.

571 4254 650 4323 (⁵7)
690 4254 934 4321 Ἕγνως.
966 4250 1397 4323 Inquibusdam,
1423 4251 1685 4323 ἐπέγνως.

500 4398 533 4451 λ
690 4320 1199 4393 Καταλαμϐάνειν.
1237 4322 1372 4377 Tres
1410 4322 1583 4388 (3011).,
1612 4334 1665 4376 et
1694 4320 1788 4378 0r.
1818 4320 1870 4388 1,
1895 4338 2067 4375 κατα-

535 4416 570 4453 α
605 4414 704 4453 ειν.

2155 3150 2216 3202 τὸ
2243 3149 2590 3219 λειπόμενον;
2630 3147 2695 3201 Τί
2729 3148 2789 3201 τὸ
2818 3146 3203 3218 ἐλπιζόμενον;
3238 3144 3526 3197 Βασιλείαν
3559 3142 3707 3213 οὐρα-

2156 3243 2294 3305 νῶν,
2328 3242 2544 3306 πάντως
2581 3240 2696 3313 (20)
2741 3242 2904 3314 ἐρεῖς.
2964 3238 3233 3310 Ἡγοῦμαι
3277 3237 3335 3290 δὲ
3386 3236 3462 3309 μὴ
3510 3234 3628 3288 ἄλλο
3662 3251 3709 3285 τι

2150 3334 2306 3389 τοῦτο
2332 3329 2490 3400 εἶναι,
2520 3334 2553 3405 ἦ
2581 3334 2641 3388 τὸ
2668 3336 2852 3405 τυχεῖν
2884 3333 2979 3387 τοῦ
3007 3330 3400 3402 καθαρωτάτου
3430 3345 3491 3381 τε
3522 3327 3611 3380 καὶ
3632 3342 3711 3378 τε-

2149 3425 2417 3480 λεωτάτου
2438 3444 2451 3457 ’
2488 3424 2822 3480 τελεώτατον
2863 3425 2918 3479 δὲ
2950 3424 3059 3477 τῶν
3091 3423 3262 3477 ὄντων
3281 3462 3297 3489 ,
3338 3419 3539 3490 γνῶσις
3565 3416 3707 3471 Θεοῦ.

2164 3517 2322 3570 Ἀλλὰ
2362 3518 2425 3570 τὸ
2457 3512 2556 3589 μὲν
2584 3517 2966 3587 κατάσχωμεν,
3003 3513 3064 3568 τὸ
3092 3513 3149 3567 δὲ
3181 3510 3595 3582 καταλάϐωμεν,
3614 3509 3711 3572 ἕως

2153 3614 2318 3686 ὲσμὲν
2350 3614 2489 3686 ὑπὲρ
2540 3613 2673 3684 γῆς·
2715 3612 2778 3665 τὸ
2807 3612 2865 3667 δὲ
2894 3609 3105 3663 ἐκεῖθεν
3136 3604 3589 3680 ταμιευσώμεθα,
3628 3603 3708 3654 ἵνα

2151 3702 2355 3775 ταύτην
2413 3702 2628 3773 σχῶμεν
2681 3701 2783 3771 τῆς
2839 3699 3154 3770 φιλοπονίας
3212 3697 3313 3769 τὴν
3368 3694 3710 3765 ἐπικαρπίαν,

2153 3795 2280 3868 ὅλην
2317 3795 2417 3865 τῆς
2465 3795 2625 3864 ἁγίας
2661 3794 2890 3865 Τριάδος
2938 3793 3037 3863 τὴν
3079 3791 3377 3862 ἐλλαμψιν,
3421 3790 3542 3861 ἥτις
3582 3788 3713 3849 ἐστὶ,

2156 3886 2250 3940 καὶ
2285 3887 2393 3950 οἵα,
2437 3887 2532 3939 καὶ
2577 3887 2675 3958 ὅση
2697 3925 2712 3949 ,
2748 3887 2797 3938 εί
2831 3884 2988 3955 θέμις
3027 3883 3184 3937 τοῦτο
3222 3883 3431 3945 εἰπεῖν,
3463 3880 3537 3932 ’ὲν
3580 3876 3717 3946 αὐτῷ

2158 3977 2378 4049 Χριστῷ
2402 3977 2480 4049 τῷ
2504 3978 2692 4048 Κυρίῳ
2714 3975 2892 4048 ἡμῶν,
2922 3968 2966 4045 ᾧ
2992 3977 3026 4047 ἡ
3049 3974 3174 4039 δόξα
3201 3975 3296 4027 καὶ
3313 3972 3375 4026 τὸ
3397 3972 3589 4041 κράτος
3614 3967 3716 4036 (21)

2159 4068 2239 4130 εἰς
2265 4066 2391 4130 τοὺς
2423 4065 2620 4130 αἰῶνας
2654 4065 2763 4118 τῶν
2793 4063 3022 4119 αἰώνων.
3070 4065 3261 4135 Ἀμήν.

2164 4247 2416 4312 ostendit,
2461 4258 2520 4303 ut
2556 4245 2914 4318 perDomini
2960 4244 3209 4318 mandata
3261 4244 3368 4318 iter
3407 4249 3718 4318 capessant,

2165 4320 2213 4374 si
2244 4319 2311 4373 ad
2354 4333 2537 4372 veram
2560 4315 2889 4386 sapientiam
2942 4316 3224 4383 pervenire
3268 4315 3455 4386 velint.
3484 4315 3727 4386 Actiones

2175 4404 2407 4457 namque
2454 4396 2581 4443 sunt
2634 4382 2811 4441 'veluti
2862 4382 3062 4457 gradus
3116 4386 3315 4457 quibus
3353 4384 3423 4437 ad
3460 4382 3723 4457 cmlestem

574 4451 670 4541 (9)7
692 4451 868 4541 ‘Arw.
899 4462 989 4541 Sic
1019 4461 1198 4532 plures
1239 4460 1433 4533 Regg.,
1465 4471 1519 4519 et
1546 4462 1721 4531 Colb.,
1744 4460 1908 4519 Coisl.
1939 4461 1993 4528 1,
2021 4474 2050 4517 e

2178 4451 2459 4541 veritatem
2520 4457 2845 4514 ascenditur.
2865 4451 2898 4509 ’ὦ
2931 4451 3418 4524 Βούλείθεολόγος
3458 4451 3729 4523 γενέσθαιζ

505 4536 598 4593 Or.
632 4541 684 4592 1.
712 4538 768 4591 In
805 4536 890 4591 ed.
919 4537 1090 4587 deest.

578 4608 688 4679 (10)
725 4607 830 4679 Διὰ
861 4604 1230 4679 καθάρσεως,
1259 4612 1363 4679 etc.
1412 4601 1712 4679 His‘verbis
1744 4603 1899 4679 docet
1936 4601 2071 4658 Gre-

506 4673 710 4750 gorius,
740 4678 805 4731 ad
844 4677 1037 4750 divinae
1059 4673 1358 4750 _sapientitB
1389 4675 1620 4750 studium
1652 4675 1937 4743 puritatem
1971 4689 2057 4729 re-

506 4743 671 4818 quiri,
698 4743 1074 4818 'uec_rnisi_qui
1109 4759 1273 4818 purus
1306 4754 1436 4818 cst,_
1470 4746 1554 4818 ad_
1570 4746 1733 4818 Deum
1762 4757 1918 4818 posse
1947 4757 2073 4813 per—

509 4814 751 4889 tingere:
774 4814 1375 4889 Hinc__Casaubonus_ii_t
1415 4814 1753 4889 ΡιτιιῖιιιῑοιιθΔ
1780 4814 1939 4889 epist.
1962 4829 2067 4889 _vn,

508 4882 682 4944 san'cti
713 4886 955 4954 Gregorii
988 4885 1215 4952 Nysseni
1242 4885 1307 4938 ad
1336 4885 1695 4949 Eustathiam,
1728 4882 2067 4954 Ambrosiam

510 4968 564 5011 et
591 4953 925 5019 Basilissam,
955 4955 1068 5009 haec
1100 4954 1301 5008 habet:
1332 4973 1350 5005 ι
1376 4954 1489 5008 Non
1520 4955 1620 5008 alia
1656 4954 1919 5009 sententia
1948 4953 2066 5017 fuit,

512 5041 625 5081 tum
653 5028 880 5081 aliorum
908 5024 1106 5078 veteris
1131 5022 1384 5078 Ecclesiae
1414 5023 1656 5089 Patrum,
1682 5033 1791 5078 tum
1820 5022 2066 5092 Gregorii

510 5096 862 5158 Nazianzeni,
905 5094 1007 5147 viri
1044 5095 1159 5148 sine
1190 5095 1559 5149 controversia
1611 5092 1851 5158 maximi,
1890 5102 1945 5147 et
1977 5094 2069 5162 qui

509 5168 583 5223 ob
608 5168 927 5237 exquisitam
960 5178 1141 5237 rerum
1174 5163 1500 5237 divinarum
1524 5165 1767 5237 notitiam
1802 5163 2069 5237 cum__pari

513 5232 757 5292 facundia
781 5248 832 5291 et
848 5234 1147 5290 eruditione
1167 5232 1434 5300 junctam,
1452 5233 1894 5303 gloriosissimum
1909 5232 2074 5287 Theo-

510 5308 617 5373 logi
643 5321 835 5363 nomen
866 5306 1003 5359 tulit.
1021 5304 1117 5358 llic
1137 5304 1300 5373 igitur
1322 5304 1402 5356 vir
1431 5302 1612 5358 tantus
1630 5302 2074 5373 gravissimumet

506 5371 642 5432 ve—re
681 5391 982 5445 gemmeum
1015 5371 1273 5445 libellum,
1317 5386 1424 5441 quo
1460 5373 1527 5427 de
1572 5371 2074 5445 divinat‘sapientia:

517 5441 709 5502 studio'
724 5449 979 5516 disputat,
1017 5445 1090 5499 ita
1116 5444 1385 5516 concludit
1411 5451 1468 5497 ut
1488 5453 1736 5509 oportere
1756 5443 1902 5516 dicat
1936 5459 1950 5494 :
1984 5441 2073 5495 διὰ

517 5512 833 5588 καθάρσεως
860 5517 1056 5587 κτῆσαι
1080 5516 1142 5568 τὸ
1174 5514 1432 5588 καθαρόν,
1469 5532 1488 5566 ι
1528 5528 1623 5588 per
1669 5512 2069 5588 purgationem,

518 5582 675 5652 eum;
696 5587 785 5656 qui
816 5582 980 5656 purus
1003 5596 1107 5651 est,
1135 5582 1451 5653 adipiscere.
1488 5602 1510 5637 ι
1532 5583 1732 5638 Deinde
1756 5593 1948 5656 autem
1975 5582 2075 5636 iter

519 5653 892 5712 atfectantibus
918 5658 984 5710 ad
1024 5656 1119 5711 Dei
1142 5656 1556 5725 divinarumque
1584 5668 1764 5725 rerum
1796 5653 2067 5725 notitiam,

522 5728 714 5783 doctor
776 5726 1119 5784 ﬁdelissimus
1184 5725 1326 5784 hanc
1398 5722 1855 5797 compendiariam
1933 5722 2072 5779 viam

2171 4538 2276 4584 etc.

2267 4598 2351 4667 11)
2390 4594 2899 4668 Πικιγιόιγῃιάτωνζ
2906 4595 3001 4652 Or.
3027 4595 3076 4668 1.,
3098 4594 3481 4668 Δπραγμάτων.

2267 4664 2354 4735 12)
2395 4664 2837 4734 ᾦαῑοπόνὴσον.
2872 4666 3003 4734 Reg.
3029 4664 3220 4735 εγω..
3251 4664 3635 4735 φιλοσόφησον.

2242 4733 2355 4807 (15)
2396 4739 2513 4803 "Oc.
2556 4739 2647 4793 Sic
2677 4733 2769 4807 0r.
2799 4737 2850 4801 1,
2882 4746 2938 4792 et
2961 4733 3092 4791 Bas.
3117 4733 3173 4791 In
3204 4733 3357 4807 edi_t.,
3380 4733 3477 4807 ὡς.

2242 4803 2352 4880 (is)
2396 4809 2616 4880 Ἀλλου
2662 4806 2796 4880 μέν.
2833 4807 2963 4880 Reg.
2983 4807 3178 4880 (ἔγρῃ,
3223 4805 3383 4870 ἄλλος
3423 4805 3527 4876 μὲν
3560 4803 3732 4860 ἄλλον.

2269 4876 2357 4948 15)
2396 4877 2660 4944 Πάντως.
2699 4878 2855 4948 Deest
2884 4876 2938 4931 ili
2973 4876 3064 4931 0r.
3098 4881 3141 4930 Ι.

2267 4946 2355 5013 iii)
2398 4949 2610 5018 Τυχόν.
2646 4949 2773 5017 Reg.
2803 4947 2990 5018 Cypr_.,
3018 4949 3067 5018 εί
3097 4946 3280 5018 τυχόν.

2243 5014 2353 5089 (17)
2398 5014 2574 5089 Τὸδὲί
2597 5014 2897 5089 ἀληθείας.
2928 5016 3019 5072 0r.
3050 5017 3100 5089 i_,
3135 5014 3234 5088 τῆς
3353 5014 3641 5086 ἀληθείας.

2242 5084 2355 5162 (18)
2400 5088 2699 5142 Τοσοῦτον
2774 5088 2976 5157 λείπῃ.
3061 5084 3203 5158 Reg.
3262 5084 3471 5157 (Σῖρις,
3524 5084 3739 5140 τοσοῦτο

2170 5162 2368 5216 λείπει.

2245 5231 2355 5303 (19)
2396 5230 2463 5303 Τί
2508 5247 2646 5299 μοι,
2674 5237 2796 5303 _etc.
2833 5227 3038 5303 Dillius
3069 5227 3327 5303 vertendo
3367 5244 3383 5281 :
3427 5243 3447 5277 ι
3480 5226 3535 5303 id
3560 5268 3577 5288 ,
3609 5224 3738 5303 quod

2174 5295 2367 5365 restat,
2395 5295 2600 5355 honore
2635 5297 2864 5368 aflicere,
2890 5315 2909 5349 ι
2952 5298 3166 5368 videtur
3191 5297 3410 5368 legisse,
3454 5296 3601 5368 τίμα
3632 5295 3739 5368 [pro

2173 5373 2358 5444 τιμᾷν,
2393 5369 2475 5423 vel
2509 5367 2687 5444 τίμα].
2722 5369 2969 5444 Sielegit
2999 5365 3418 5433 Leuvenltlaius,
3447 5365 3737 5427 et’reddit,

2180 5459 2200 5493 ι
2232 5437 2489 5496 venerare
2516 5437 2735 5507 id'qtiod
2770 5437 2863 5493 tibi
2893 5442 3063 5493 deest.
3090 5457 3109 5491 ι

2246 5513 2359 5581 (9.0)
2400 5506 2663 5581 Πάντως.
2694 5507 2861 5581 Regg.
2892 5523 2955 5581 ιι,
2999 5508 3122 5575 bm,
3170 5506 3247 5562 οι·
3304 5506 3360 5575 1,
3405 5509 3564 5573 Pan,
3594 5508 3734 5569 ἴσως,

2180 5601 2200 5633 ι
2231 5577 2477 5636 fortasse.
2502 5598 2521 5631 ι
2555 5580 2681 5644 Alii,
2718 5577 2846 5641 ἴσως
2875 5578 3113 5641 πάντως.
3268 5596 3300 5608 ο

2248 5651 2357 5722 (21)
2394 5649 2503 5722 Καὶ
2522 5648 2597 5722 τὸ.
2613 5647 2845 5718 κράτος.
2869 5648 2991 5707 Haec
3016 5649 3206 5705 desunt
3228 5649 3284 5703 in
3307 5646 3446 5720 Reg.
3466 5662 3521 5718 a,
3550 5647 3738 5704 duobus

2176 5719 2348 5787 Colb.,
2370 5731 2425 5777 et
2455 5720 2548 5776 0r.
2578 5719 2628 5774 1.
