3852 6408
522 284 661 342 1085

1717 282 1773 337 s.
1819 278 2144 336 caecout-1
2185 276 2528 348 THEOLOGI

3604 280 3714 336 1081

521 400 566 454 si
593 414 664 456 ex
691 399 790 454 hac
821 397 925 451 vita
958 395 1262 467 migrarint.
1293 396 1445 452 Unde
1476 405 1528 451 et
1557 396 1720 463 Deus,
1753 397 1890 451 Deus
1914 396 2085 450 Abra-

2198 391 2345 461 γῶσι.
2377 390 2513 444 Καθ’
2554 390 2583 443 ὃ
2623 391 2717 444 καὶ
2753 390 3020 463 Ἀϐραὰμ,
3060 389 3153 445 καὶ
3195 388 3399 452 Ἰσαάκ,
3431 390 3521 444 καὶ
3558 391 3717 447 Ἰακὼϐ

519 491 668 556 ham,
697 501 751 544 et
778 487 913 543 Deus
941 488 1111 554 Isaac,
1155 498 1212 544 et
1256 488 1400 543 Deus
1437 488 1602 544 Jacoh
1635 489 1859 553 dicitur,
1902 497 1963 542 ut
2003 488 2083 541 vi-

517 581 758 638 ventium
781 579 944 644 Deus,
977 596 1082 634 non
1118 592 1448 635 mortuorum
1481 580 1546 636 “.
1587 581 1846 636 Virtutem
1906 588 2081 633 autem

519 675 760 736 laudans,
821 671 984 727 Deum
1018 672 1271 736 laudabo,
1313 687 1343 726 a
1395 687 1502 741 quo
1551 673 1722 728 virtus
1776 672 2084 727 hominibus

518 765 654 830 ﬂuit,
695 764 951 836 illudque,
996 773 1051 818 ut
1084 779 1182 834 per
1207 774 1490 836 cognatam
1536 765 1984 819 illuminationem
2016 764 2082 817 ad

517 871 640 910 eum
683 857 1002 919 evehantur,
1037 857 1120 909 vel
1153 857 1333 926 potius
1383 857 1734 912 reducantur.
1779 855 1909 909 Nam
1959 871 2082 910 cum

518 944 682 998 multa
710 954 762 999 et
795 960 985 1014 magna
1038 945 1166 1008 siut,
1226 953 1386 1012 alque
1432 943 1565 997 adeo
1601 952 1679 996 tot
1721 951 1772 995 et
1818 951 1987 1005 tanta,
2025 949 2084 992 ut.

516 1051 676 1090 nemo
705 1050 767 1090 ea
795 1049 1044 1089 sermone
1077 1034 1355 1103 complecti
1389 1033 1592 1102 possit,
1630 1048 1747 1101 qme
1779 1047 1875 1085 nos
1908 1046 1938 1084 a
1973 1031 2083 1086 Deo

515 1130 627 1201 jam
675 1127 1307 1196 habemus,jamjamque
1349 1127 1587 1182 habituri
1643 1141 1860 1191 sumus;
1908 1123 2083 1178 maxi-

519 1234 665 1274 mum
719 1227 899 1272 tamen
937 1226 990 1271 et
1035 1217 1484 1270 humanissimum
1529 1225 1649 1278 est,
1695 1213 1980 1284 propensio
2016 1213 2083 1267 ad

517 1325 639 1365 eum
662 1318 822 1378 atque
850 1308 1212 1362 familiaritas.
1239 1305 1370 1361 Nam
1391 1308 1531 1377 quod
1559 1308 1716 1362 rebus
1741 1306 2084 1360 sensibilibus

516 1409 599 1457 est
632 1401 732 1466 sol,
765 1401 866 1455 hoc
895 1402 980 1464 iis,
1009 1413 1127 1469 qua:
1151 1401 1330 1454 animo
1364 1410 1418 1454 et
1452 1399 1660 1452 ratione
1688 1397 2078 1464 intelliguntur,

515 1503 594 1549 est
641 1493 801 1549 Deus.
855 1492 945 1546 Ille
1002 1493 1145 1547 enim
1197 1492 1452 1546 mundum
1502 1492 1648 1546 hunc
1702 1491 2082 1559 aspcctahilem

517 1575 818 1648 collustrat,
849 1584 936 1638 hic
968 1583 1330 1649 invisibilem;
1383 1583 1469 1638 ille
1502 1583 1748 1650 corporis
1782 1581 1969 1636 oculos
2010 1584 2082 1636 ita

519 1672 704 1742 allicit,
736 1683 795 1727 ιιι
826 1674 1005 1728 lumen
1040 1674 1211 1743 ipsius
1247 1674 1442 1727 intueri
1475 1675 1706 1743 possint.
1753 1673 1841 1728 hic
1873 1682 2082 1728 mentes

2186 483 2371 536 ἀκούει
2408 482 2561 546 Θεὸς,
2593 484 2620 536 6
2650 482 2800 548 Θεὸς,
2831 484 2907 546 ὡς
2937 483 2998 536 οὐ
3028 482 3237 554 νεκρῶν
3266 483 3417 547 θεὸς,
3449 482 3579 535 ἀλλὰ
3607 482 3719 548 ζών-

2184 592 2292 628 των
2350 574 2479 642 (29).
2523 574 2744 646 Ἀρετὴν
2781 574 2838 628 δὲ
2884 575 3141 640 ἐπαινῶν,
3193 575 3324 628 Θεὸν
3378 575 3720 645 ἐπαινέσομαι,

2187 669 2317 738 παρ’
2343 661 2402 720 οὗ
2428 669 2538 730 τοῖς
2559 666 2869 739 ἀνθρώποις
2910 669 2943 738 ἡ
2979 668 3170 739 ἀρετὴ,
3205 669 3297 721 καὶ
3333 667 3393 719 τὸ
3432 667 3562 739 πρὸς
3594 669 3726 721 αὐτὸν

2186 757 2502 825 ἀνάγεσθαι,
2559 757 2591 828 ἢ
2631 758 3005 826 ὲπανὰγεσθαι
3043 758 3130 812 διὰ
3178 759 3275 829 τῆς
3310 757 3600 826 συγγενοῦς
3637 758 3725 828 (50)

2187 845 2525 917 stupeam;
2569 846 2785 899 Πολλῶν
2827 848 2934 920 γὰρ
2979 847 3146 900 ὄντων
3183 850 3309 918 ἡμῖν
3356 849 3450 900 καὶ
3489 849 3728 917 μεγάλων,

2185 937 2248 990 οὐ
2279 938 2376 1009 μὲν
2406 933 2498 992 οὖν
2525 937 2667 991 εἴποι
2693 957 2775 1002 τις
2796 939 2861 992 ἂν
2889 938 3092 1010 ἡλίκων
3112 939 3208 992 καὶ
3234 940 3392 1000 ὅσων,
3429 931 3504 992 ὧν
3532 941 3593 991 ὲκ
3620 939 3732 1006 Θεοῦ

2187 1028 2380 1100 ἔχομέν
2413 1047 2473 1082 τε
2497 1030 2587 1083 καὶ
2613 1029 2804 1100 ἕξομεν
2824 1047 2838 1059 ·
2870 1029 3028 1082 τοῦτο
3057 1029 3307 1100 μέγιστον
3336 1030 3434 1082 καὶ
3461 1029 3736 1104 φιλανθρω-

2187 1120 2433 1192 πότατον,
2470 1121 2502 1191 ἠ
2534 1120 2671 1190 πρὸς
2703 1120 2862 1174 αὑτὸν
2895 1121 3004 1190 (51)
3036 1120 3216 1184 νεῦσὶς
3250 1139 3304 1174 τε
3340 1122 3435 1174 κα)⁸
3466 1104 3734 1184 οἰκείωσις.

2192 1212 2368 1283 Ὅπερ
2397 1203 2510 1284 ¹γάρ
2536 1215 2650 1265 ἐστι
2675 1216 2786 1276 τοῖς
2811 1213 3088 1284 αἰσθητοῖς
3115 1215 3282 1284 ἥλιος,
3310 1215 3470 1267 τοῦτο
3497 1218 3609 1278 τοῖς
3634 1233 3738 1285 νοη-

2187 1305 2299 1365 τοῖς
2321 1303 2472 1366 Θεός.
2524 1304 2583 1357 Ὀ
2607 1302 2706 1374 μὲν
2728 1303 2836 1375 γὰρ
2867 1305 2958 1358 τὸν
2985 1305 3259 1378 ὁρώμενον
3289 1306 3510 1374 φωτίζει
3534 1308 3736 1376 κόσμον,

2184 1396 2212 1447 6
2257 1395 2314 1447 δὲ
2346 1395 2434 1447 τὸν
2467 1395 2732 1467 (Ξιιίιραι-ον⁸
2767 1397 2859 1450 καὶ
2897 1398 2926 1448 6
2972 1398 3071 1467 μὲν
3109 1398 3206 1460 τὰς
3238 1399 3554 1468 σωματικὰς
3608 1399 3740 1468 seu;

2187 1488 2487 1558 ήλιοειδεῖς,
2521 1489 2550 1539 6
2577 1488 2633 1540 δὲ
2667 1487 2765 1551 τὰς
2795 1489 2986 1559 νοερπ
3018 1487 3207 1557 φύσεις
3243 1489 3495 1552 θεοειδεῖς
3518 1489 3624 1558 (πε)
3651 1492 3741 1542 ἀπο

2186 1578 2496 1648 εργάζεται.
2531 1578 2638 1630 Καὶ
2671 1577 2860 1649 ὥσπερ
2899 1573 3047 1641 οὗτος
3077 1580 3188 1641 τοῖς
3224 1595 3281 1630 τε
3322 1578 3435 1650 (55)
3470 1579 3629 1649 ὁρῶσι
3658 1581 3739 1633 καὶ

2184 1673 2300 1732 τοῖς
2327 1669 2641 1740 ὁρωμένοις,
2681 1673 2794 1734 τοῖς
2840 1671 2939 1740 μὲν
2972 1671 3068 1741 τὴν
3110 1671 3203 1723 τοῦ
3237 1673 3387 1741 ὁρᾷν,
3425 1674 3536 1732 τοῖς
3571 1671 3624 1723 δὲ
3655 1673 3738 1743 τὴν

519 1761 730 1816 divinas
759 1762 955 1817 reddit.
988 1765 1165 1831 Atque
1187 1773 1247 1816 ut
1277 1763 1384 1824 ille,
1431 1778 1574 1826 CIIII],
1611 1773 1666 1817 et
1705 1763 1771 1817 iis
1801 1779 1920 1832 quae
1954 1779 2085 1818 ocu-

2198 1759 2281 1813 τοῦ
2315 1763 2545 1832 ὁρᾶσθαι
2572 1762 2823 1832 παρέχων
2854 1762 3099 1833 δύναμιν,
3130 1763 3288 1825 αὐτὸς
3317 1763 3426 1814 τῶν
3472 1764 3738 1833 ὁρωμένων

516 1852 691 1907 lorum
720 1867 878 1907 sensu
909 1855 1128 1922 praedita
1167 1863 1311 1919 sunt,
1360 1863 1414 1908 et
1441 1853 1507 1908 iis
1535 1869 1653 1922 qute
1701 1863 1919 1923 aspectu
1965 1870 2091 1910 seu--

517 1943 744 2011 tiuntur,
775 1945 910 2000 hanc
943 1945 1045 1999 vim
1078 1947 1294 2009 tribuat,
1335 1955 1391 1998 ut
1420 1954 1472 2000 et
1505 1946 1592 1999 illa
1626 1947 1831 2009 videre,
1870 1955 1924 2000 et
1973 1948 2088 2001 haec

519 2036 638 2089 visu
681 2036 882 2106 percipi
934 2037 1161 2106 possint,
1225 2037 1441 2090 interim
1482 2045 1656 2090 tamen
1715 2039 1830 2106 ipse
1879 2040 2084 2104 omnia,

527 2141 650 2196 quin
683 2127 855 2181 oculis
890 2126 1128 2194 subjecta
1164 2137 1310 2191 sunt,
1339 2127 1744 2196 pulchritudine
1781 2131 2088 2185 antecellit:

525 2219 712 2272 eodem
743 2219 903 2274 modo
937 2219 1098 2279 Deus.
1131 2233 1252 2274 cum
1284 2230 1391 2273 tam
1424 2220 1488 2274 iis
1511 2260 1526 2284 ,
1566 2237 1684 2290 quae
1731 2222 2085 2292 intelligentia

519 2317 770 2374 utuntur,
801 2325 962 2379 quam
995 2327 1114 2381 quae
1142 2321 1322 2366 ruente
1350 2323 1405 2366 et
1434 2312 1708 2368 intellectu
1738 2317 2088 2385 comprehen~

517 2401 739 2468 duntur,
766 2403 867 2459 hoc
895 2403 1110 2470 aﬂerat,
1152 2417 1210 2460 nt
1246 2407 1334 2460 illa
1379 2417 1434 2463 et
1483 2407 1826 2478 intelligant,
1878 2419 1931 2463 et
1977 2409 2091 2465 haec

519 2493 874 2564 intelligentia
911 2496 1298 2568 percipiantur,
1332 2498 1443 2566 ipse
1472 2500 2086 2568 tamenintelligibilium

2192 1851 2310 1903 ἐστὶ
2347 1851 2407 1904 τὸ
2442 1851 2757 1905 κάλλιστον’
2807 1851 2950 1904 οὕτω
2995 1853 3126 1916 Θεὸς
3161 1855 3272 1916 τοῖς
3313 1852 3493 1906 νοοῦσι
3534 1855 3738 1917 καὶτοῖς

2187 1943 2517 2013 νοουμένοις,
2551 1947 2661 2008 τοῖς
2687 1946 2782 2015 μὲν
2823 1945 2881 1997 τὸ
2906 1948 3065 2011 νοεῖν,
3098 1948 3208 2008 τοῖς
3229 1945 3286 1997 δὲ
3319 1945 3380 1998 τὸ
3403 1947 3631 1999 νοεῖσθαι
3654 1946 3733 2017 δῃ-

2194 2035 2490 2105 μιουργῶν,
2519 2037 2682 2099 αὐτὸς
2710 2036 2818 2088 τῶν
2851 2037 3157 2107 νοουμένων
3189 2037 3305 2090 ἐστὶ
3338 2036 3400 2088 τὸ
3442 2037 3734 2107 ἀκρότατον,

2186 2128 2265 2190 εἰς
2293 2127 2351 2178 ὃν
2387 2131 2538 2181 πᾶσα
2557 2128 2741 2198 ἔφεσις
2767 2129 2999 2193 ἵσταται,
3029 2129 3126 2182 καὶ
3151 2130 3291 2200 ὑπὲρ
3317 2130 3375 2182 ὃν
3397 2129 3626 2198 οὐδαμοῦ
3655 2131 3730 2196 φέ-

2192 2233 2362 2287 ρεται.
2399 2220 2531 2295 Οὐδὲ
2565 2221 2672 2291 γὰρ
2704 2219 2815 2290 ἔχει
2841 2238 2891 2272 τι
2917 2219 3313 2292 ὑψηλότερον,ἢ
3333 2220 3470 2284 ὅλως
3493 2221 3596 2284 ἕξει
3621 2222 3734 2290 (54),

2190 2308 2312 2361 οὐδὲ
2366 2310 2394 2361 6
2435 2310 2870 2379 φιλοσοφώτατος
2915 2310 3039 2373 νοῦς
3084 2312 3176 2364 καὶ
3204 2311 3670 2375 διαδατικὼτατος,
3704 2313 3735 2382 ἦ

2193 2400 2831 2472 πολυπραγμονέστατος.
2871 2403 3042 2455 Τοῦτο
3075 2404 3180 2473 γάρ
3237 2403 3354 2454 ἐστι
3406 2402 3470 2456 τὸ
3508 2404 3607 2455 τῶν
3630 2405 3734 2474 6p:-

2189 2491 2333 2544 κτῶν
2360 2492 2606 2563 ἔσχατον,
2633 2495 2728 2548 καὶ
2750 2487 2809 2547 οὗ
2845 2495 3152 2566 γενομένοις
3173 2494 3352 2567 πάσης
3377 2495 3605 2568 θεωρίας
3630 2497 3742 2549 ἀνά-

2190 2599 2384 2648 παυσις
2395 2627 2409 2642 .

518 2586 759 2640 omnium
821 2601 1065 2642 summus
1115 2597 1199 2643 est
1245 2597 1457 2653 vertex,
1508 2589 1560 2643 in
1615 2605 1723 2659 quo
1761 2591 2088 2647 desiderium

516 2696 678 2736 omne
714 2683 961 2737 consistit
1006 2698 1069 2738 ac
1108 2683 1380 2753 deligitur,
1426 2695 1480 2738 et
1530 2699 1869 2756 nequaquam
1921 2703 2082 2758 supra
2153 2706 2276 2748 cum
2342 2692 2528 2750 fertur.
2581 2693 2690 2751 Nec
2738 2698 2881 2752 enim
2926 2697 3216 2766 quidquam
3265 2697 3548 2751 sublimius
3599 2695 3740 2750 habet

519 2785 612 2831 aut.
635 2777 854 2832 omnino
920 2778 1138 2833 habebit
1195 2793 1351 2834 mens
1413 2780 1538 2847 ulla,
1605 2785 1953 2851 quantumvis
2013 2786 2379 2860 philosotthica
2418 2791 2512 2858 sit,
2553 2803 2607 2847 et
2628 2793 2886 2850 altissime
2919 2796 3162 2858 tendens,
3193 2809 3255 2848 ac
3286 2808 3499 2848 summe
3532 2794 3738 2849 curiosa.

520 2870 634 2928 Hoc
669 2873 869 2928 etenim
915 2888 1095 2930 rerum
1144 2875 1387 2930 omnium
1435 2880 1853 2947 expetendarum
1898 2891 2198 2937 extremum
2269 2896 2373 2950 est,
2403 2901 2510 2954 quo
2579 2902 2701 2942 cum
2767 2889 3196 2958 pervenerimus,
3231 2889 3412 2944 omnis
3471 2888 3743 2958 speculatio

519 2967 889 3038 conquiescet.

593 3065 660 3119 ll.
702 3064 1018 3133 Cuicunque
1053 3065 1218 3136 igitur
1248 3074 1462 3122 terrena
1513 3067 1650 3122 mole
1697 3084 1792 3138 per
1823 3076 2083 3133 rationem

2265 3089 2339 3144 B'.
2383 3085 2560 3163 ᾯτινι
2588 3093 2684 3165 μὲν
2717 3090 2809 3149 οὖν
2839 3095 3134 3165 ἐξεγένετο,
3181 3095 3270 3149 διὰ
3311 3095 3471 3164 λόγου
3515 3095 3605 3148 καὶ
3631 3093 3748 3147 θεω-

518 3165 574 3211 el
597 3155 1102 3224 contemplationem
1137 3167 1424 3226 perrupta,
1461 3159 1745 3229 solutaque
1787 3163 1951 3235 387
1983 3169 2084 3226 hac

519 3249 746 3314 carnali,
777 3249 893 3305 sive
926 3250 1115 3314 nubes,
1141 3250 1255 3304 sive
1284 3250 1548 3305 obvelatio
1575 3252 1800 3308 dicenda
1831 3268 1931 3320 est,
1964 3275 2088 3316 eum

523 3339 633 3394 Deo
661 3340 1043 3394 commercium
1079 3339 1303 3407 habere,
1341 3357 1403 3395 ac
1441 3344 1740 3410 purissimze
1769 3345 1896 3411 luci,
1928 3366 2093 3419 quan-

525 3440 636 3483 tum
670 3428 919 3483 humana:
960 3438 1165 3485 natura:
1198 3433 1378 3486 datum
1421 3442 1526 3498 est,
1557 3438 1893 3493 commisceri
1925 3441 2088 3498 licue-

523 3523 614 3588 rit,
650 3523 696 3576 is
729 3521 925 3592 duplici
961 3523 1175 3578 nomine
1222 3526 1410 3579 heatus
1443 3528 1718 3596 praedicari
1756 3530 1940 3600 debet;
1979 3543 2090 3590 tum

523 3615 666 3684 quod
705 3614 831 3670 hinc
863 3630 1077 3670 sursum
1128 3617 1472 3678 ascenderit,
1530 3628 1638 3673 tum
1692 3624 1831 3688 quod
1867 3624 2089 3680 deiﬁca-

526 3707 727 3760 lionem
762 3707 907 3760 illam
940 3708 1011 3760 sit
1033 3718 1369 3774 consecutus,
1405 3726 1564 3779 quant
1599 3727 1785 3767 verum
1818 3724 1870 3769 el
1907 3718 2086 3773 since-

524 3812 644 3853 rum
677 3797 1024 3868 philosophia:
1047 3801 1282 3853 studium
1309 3803 1584 3866 conciliat,
1616 3820 1680 3858 ac
1709 3808 1903 3862 utentis
1927 3825 2088 3879 supra

527 3900 798 3944 terrenum
828 3889 1099 3945 binarium
1141 3892 1322 3959 elatio,
1375 3907 1593 3962 propter
1643 3911 1783 3960 eam,
1830 3915 1991 3969 quam
2041 3905 2090 3956 in

528 3981 800 4035 Trinitate
854 3983 1238 4052 intelligimus,
1291 3980 1575 4040 unitatem.
1631 3989 1730 4054 Qui
1785 4003 1965 4047 autem
2025 3996 2094 4050 ob

529 4073 726 4128 animae
752 4089 874 4126 cum
901 4089 1127 4143 corpore
1172 4076 1605 4143 conjunctiouem
1643 4081 1879 4138 deterior
1923 4085 2095 4145 factus

529 4173 632 4228 est,
661 4178 723 4217 ac
752 4164 864 4219 luto
896 4181 1066 4234 usque
1105 4167 1240 4221 adeo
1277 4168 1454 4232 haesit,
1506 4181 1563 4223 ut
1612 4188 1711 4226 nec
1754 4175 1804 4227 iu
1856 4179 2096 4236 veritatis

531 4256 713 4309 radios
741 4257 938 4310 mentis
970 4258 1138 4313 aciem
1170 4259 1473 4326 intendere,
1515 4278 1614 4318 nec
1648 4280 1806 4335 supra
1841 4268 2094 4326 inferiora

532 4347 647 4400 haec
679 4362 964 4416 assurgere
992 4360 1178 4418 queat,
1217 4352 1380 4421 idque
1425 4369 1546 4409 cum
1577 4356 1808 4428 desuper
1833 4363 2094 4433 originem

2199 3178 2320 3248 ρίας
2346 3181 2617 3253 διασχόντι
2646 3184 2742 3254 τὴν
2771 3184 2902 3255 ὓλην
2933 3185 3026 3238 καὶ
3057 3187 3116 3238 τὸ
3151 3186 3409 3257 σαρκικὸν
3452 3183 3624 3247 τοῦτο,
3656 3183 3748 3236 εἶτε

2197 3272 2356 3341 νέφος
2377 3275 2479 3346 χρὴ
2507 3275 2702 3344 λέγειν,
2735 3278 2843 3330 εἴτε
2871 3278 3240 3349 προκάλυμμα
3262 3279 3398 3347 (⁸55),
3427 3277 3546 3347 Θεῷ
3575 3293 3750 3344 συγγε-

2197 3363 2402 3428 νέσθαι,
2436 3366 2530 3419 καὶ
2562 3366 2638 3436 τῷ
2671 3367 3118 3438 ἁκραιφνεστάτῳ
3155 3369 3294 3437 φωτὶ
3318 3367 3605 3438 κραθῆναι,
3635 3364 3752 3419 καθ·-

2198 3453 2322 3507 όσον
2355 3457 2572 3524 ἐφικτὸν
2603 3457 2916 3532 ἀνθρωπίνῃ
2947 3460 3138 3528 φύσει·
3168 3460 3436 3530 μακάριος
3466 3455 3635 3521 οὗτος,
3666 3458 3751 3526 τῆς

2197 3563 2256 3598 τε
2282 3547 2532 3600 ἐντεῦθεν
2553 3548 2888 3615 ἀναϐάσεως,
2915 3551 3007 3604 καὶ
3033 3551 3130 3621 τῆς
3151 3552 3328 3602 ἐκεῖσε
3364 3549 3478 3618 (56)
3499 3541 3748 3609 θεὼσεως,

2199 3639 2264 3708 ἣν
2279 3638 2338 3690 τὸ
2353 3640 2591 3710 γνησίως
2603 3640 2957 3711 φιλοσοφῆσαι
2989 3643 3296 3715 χαρίζεται,
3318 3643 3412 3695 καὶ
3440 3641 3501 3693 τὸ
3521 3640 3748 3709 ὑπὲρτὴν

2200 3729 2385 3800 ὑλικὴν
2419 3731 2581 3784 δυάδα
2618 3733 2891 3801 γενέσθαι,
2923 3734 3007 3788 διὰ
3027 3735 3124 3805 τὴν
3149 3736 3207 3787 ὲν
3237 3739 3300 3806 τῇ
3328 3734 3521 3806 Τριάδι
3547 3733 3750 3802 νοουμέ-

2199 3838 2296 3889 νην
2323 3823 2546 3893 ἑνότητα
2592 3825 2779 3888 Ὅστις
2799 3825 2853 3878 δὲ
2885 3826 2988 3879 ὑπὸ
3015 3827 3110 3897 τῆς
3147 3828 3258 3897 (57)
3286 3826 3551 3894 συζυγίας
3574 3826 3751 3897 χείρων

2201 3911 2432 3978 ἐγένετο,
2480 3914 2572 3966 καὶ
2604 3913 2852 3968 τοσοῦτον
2895 3915 2971 3986 τῷ
3007 3916 3165 4004 πηλῷ
3214 3917 3539 3987 συνεσχέθη,
3582 3917 3652 3977 ὡς
3685 3917 3748 3983 μὴ

2201 4004 2493 4077 δυνηθῆναι
2534 4009 2799 4080 ἐμϐλέψαι
2839 4011 2975 4083 πρὸς
3024 4012 3120 4076 τὰς
3158 4013 3254 4083 τῆς
3285 4011 3544 4082 ἀληθείας
3576 4011 3750 4078 45754.-

2207 4099 2338 4170 μηδὲ
2376 4101 2514 4172 ὑπὲρ
2548 4101 2614 4155 τὰ
2647 4103 2794 4157 κάτω
2835 4103 3106 4172 γενέσθαι,
3135 4100 3376 4171 γεγονὼς
3418 4102 3641 4161 ἄνωθεν,
3671 4100 3753 4152 καί

2205 4190 2339 4262 πρὸς
2369 4191 2436 4244 τὰ
2459 4193 2570 4246 ἄνω
2593 4193 2922 4265 καλούμενος
2945 4211 2958 4225 ’
2991 4194 3171 4257 ἄθλιος
3208 4187 3362 4257 οὗτος
3403 4194 3526 4264 ἐμοὶ
3555 4192 3650 4261 τῆς
3670 4209 3752 4243 τυ-

2204 4281 2480 4350 φλώσεως,
2533 4285 2632 4338 κᾶν
2685 4286 2845 4358 εὐροῇ
2891 4290 3004 4351 τοῖς
3055 4287 3318 4340 ἐνταῦθα·
3383 4287 3478 4339 καὶ
3537 4285 3755 4354 τοσούτῳ

2206 4371 2384 4437 πλέον,
2419 4375 2634 4446 ὅσῳπερ
2671 4374 2735 4428 ἂν
2762 4376 2959 4447 μᾶλλον
2983 4377 3084 4429 ὑπὸ
3111 4377 3212 4447 τῆς
3243 4377 3462 4447 εὐροίας
3491 4375 3755 4445 παίζῃται,

531 4438 779 4504 traxerit,
822 4449 876 4494 et
901 4441 968 4494 ad
990 4455 1186 4510 supera
1215 4455 1459 4512 vocetur,
1503 4446 1650 4502 “illm
1699 4451 1804 4506 hac
1855 4454 2090 4512 caecitate

2204 4463 2297 4517 καὶ
2327 4465 2578 4537 πείθηται
2616 4468 2741 4522 ἄλλο
2770 4486 2820 4520 τι
2862 4469 3024 4521 καλὸν
3053 4463 3192 4520 εἶναι
3226 4467 3333 4538 πρὸ
3362 4467 3455 4535 τοῦ
3495 4467 3641 4529 Εντος
3672 4484 3759 4517 κα-

528 4528 786 4583 ntiserum
843 4531 1138 4596 existimo,
1189 4534 1405 4590 etiamsi
1459 4553 1547 4592 res
1579 4539 1805 4607 hujusce
1842 4545 1966 4600 vitae
2020 4547 2095 4604 illi

527 4635 597 4674 ex
623 4621 787 4675 animi
818 4623 1085 4678 sententia
1115 4624 1324 4694 ﬂuant,
1364 4635 1622 4699 tantoque
1654 4633 1816 4686 etiam
1852 4636 2096 4694 miserio-

530 4727 668 4780 rem,
707 4725 911 4784 quanto
943 4718 1115 4788 magis
1160 4733 1188 4772 a
1235 4723 1474 4777 secundo
1501 4739 1564 4777 ac
1596 4723 1737 4779 felici
1767 4725 1910 4782 ﬂuxu
1951 4729 2099 4785 delu-

591 4849 638 4883 “
665 4850 855 4910 Matth.
887 4869 1024 4922 xxu,
1052 4855 1140 4911 52.

601 4990 714 5062 (29)
755 4991 932 5058 Θεὸς,
985 4993 1067 5060 ὡς
1111 4994 1181 5046 οὐ
1243 4993 1473 5061 νεκρῶν
1526 4993 1700 5060 Θεὸς,
1757 4995 1916 5051 ἀλλὰ
1971 4996 2107 5058 ζών-

531 5079 666 5117 των.
688 5080 707 5113 ι
735 5062 849 5116 Non
881 5075 940 5117 ut
967 5071 1296 5116 mortuorum
1323 5064 1480 5127 Dcus,
1514 5065 1604 5117 sed
1638 5066 1952 5120 viventium.
1979 5087 1997 5119 ι
2017 5069 2108 5122 Sic

535 5133 702 5202 Regg.
731 5133 1050 5202 plures,duo
1076 5134 1262 5197 Coisl.,
1287 5133 1382 5188 0r.
1415 5135 1466 5196 1,
1493 5145 1597 5187 etc.
1627 5132 1784 5189 Deest
1810 5136 1861 5188 in
1889 5138 1998 5202 ed.,
2031 5139 2106 5201 ὡς

531 5203 594 5256 οὐ
616 5201 836 5280 νεκρῶν
869 5203 1021 5267 Θεός.
1055 5202 1111 5257 ltt
1156 5205 1475 5273 quibusdam
1519 5203 1734 5274 legitur,
1765 5204 1838 5270 ὡς
1873 5201 1994 5280 οὑχὶ
2026 5225 2108 5260 νε-

763 5272 868 5335 εός.

535 5290 1119 5413 κρίθέἶηῠῗῦᾇητενοῦς.
1155 5343 1248 5398 0r.
1275 5344 1301 5397 ι
1341 5343 1487 5399 addit
1518 5344 1672 5413 ἡμῖν.

633 5343 700 5396 50

533 5482 674 5547 ’Jes.,
704 5482 809 5537 etc.
841 5482 893 5537 In
930 5483 1042 5547 ed.,
1071 5484 1220 5538 αὐτό.

615 5552 726 5623 (52)
775 5553 1118 5621 Ἠλιοειδεῒς
1138 5593 1152 5607 .
1173 5593 1189 5608 .
1210 5593 1225 5608 .

546 5693 760 5746 videtur
795 5693 1136 5761 signiﬁcatio.

608 5343 723 5483 (50)
761 5343 1119 5413 Συηενοῦς.
1155 5343 1248 5398 Or.
1275 5344 1301 5397 1
1341 5343 1487 5399 addit
1518 5344 1672 5413 ἡμῖν.

609 5411 692 5484 (51
758 5414 989 5485 Αὐτόν,
1026 5414 1124 5485 δίο
1166 5415 1332 5485 liegg.
1365 5431 1415 5481 a,
1446 5431 1497 5481 e,
1531 5419 1583 5476 d,
1636 5414 1880 5470 undecim
1927 5415 2101 5483 Colb.,

1277 5553 1574 5620 θεοειδεῖς.
1635 5571 1653 5605 ι
1685 5552 1861 5608 Solem
1914 5554 2105 5610 viden-

549 5631 631 5677 tes
653 5661 669 5678 .
784 5625 946 5678 Deum
983 5625 1244 5679 videntes.
1268 5644 1285 5677 ι
1323 5627 1445 5680 llaec
1475 5624 1754 5692 utriusque
1796 5626 1942 5679 vocis
1989 5641 2106 5682 esse

1170 5693 1348 5761 Quare
1401 5697 1487 5750 hic
1522 5695 1668 5748 locus
1705 5693 1784 5749 sic
1824 5695 1972 5749 rcddi
2007 5712 2103 5764 po—

553 5771 693 5819 test:
739 5782 758 5816 ι
787 5763 872 5818 ille
900 5763 1078 5834 etiicit,
1112 5775 1168 5822 ut
1208 5767 1444 5836 corporis
1474 5764 1613 5823 oculi
1653 5764 1816 5821 solem
1860 5763 2101 5831 videant,

2203 4554 2316 4620 λοῦ,
2354 4559 2585 4629 πονηρὸν
2620 4561 2860 4630 πονηρᾶς
2901 4560 3058 4630 δόξης
3091 4560 3302 4632 καρπὸν
3351 4559 3694 4631 δρεπόμενος,
3725 4558 3754 4627 ἦ

2204 4647 2364 4716 ζόφον
2395 4651 2806 4721 κατακριθῆναι,
2836 4654 2868 4726 ἢ
2896 4653 2970 4718 ὡς
3009 4653 3119 4724 πῦρ
3147 4653 3292 4718 ἰδεῖν,
3325 4653 3385 4705 ὃν
3413 4652 3488 4717 ὡς
3517 4653 3629 4722 φῶς
3676 4652 3758 4705 οὐκ

2207 4739 2519 4812 ἐγνώρισεν.

2201 5001 2294 5055 hic
2340 5014 2551 5071 quoque
2605 4997 2798 5064 eliicit,
2841 5007 2900 5054 ut
2955 5007 3162 5054 natura:
3218 4996 3442 5052 rationis
3500 5005 3759 5064 compotes

2207 5073 2372 5126 Deum
2407 5071 2637 5124 videant.
2665 5089 2683 5121 ι

2278 5139 2390 5210 (55)
2434 5145 2522 5210 Te.
2560 5140 2648 5194 Sic
2677 5148 2907 5210 quatuor
2934 5138 3099 5210 Regg.
3132 5138 3289 5210 Deest
3312 5138 3366 5191 in
3401 5139 3490 5194 ed.

2279 5207 2399 5280 (54),
2433 5209 2610 5274 Ἔξει.
2677 5207 2768 5264 Sic
2842 5207 3334 5280 Beggfquinque,
3390 5221 3516 5280 octo
3585 5207 3754 5280 Colla.

2209 5278 2378 5336 Coisl.
2406 5281 2458 5346 1,
2491 5281 2642 5335 Pass.
2686 5280 2760 5333 Ita
2803 5278 2964 5334 etiam
3001 5279 3124 5347 legit
3170 5278 3376 5332 Dillius.
3413 5278 3757 5333 Combetisius

2211 5362 2387 5408 tamen
2420 5351 2654 5420 prml'ert,
2682 5349 2812 5420 ἔχει,
2849 5361 2906 5402 ut
2932 5349 2982 5402 in
3015 5347 3172 5420 editis
3201 5349 3496 5420 reperitur.

2274 5420 2384 5492 (55)
2420 5417 2844 5490 Προκάλυλλμα.
2893 5419 3056 5477 Coisl.
3107 5417 3133 5470 1
3205 5419 3402 5486 addit,
3445 5417 3755 5472 διαπτὺσαν-

2203 5510 2276 5546 τι.

2273 5562 2384 5632 (56)
2424 5560 2666 5632 Ἐκεῖσε.
2709 5559 3084 5632 lnnonnuilis,
3113 5556 3341 5632 ἐκεῖθεν,

2236 5627 2386 5759 dita?)
2418 5630 2550 5702 Τῆς.
2587 5633 2677 5688 Sic
2706 5631 2946 5702 quinque
2977 5629 3149 5702 Regg.
3175 5640 3227 5686 et
3248 5628 3414 5686 Coisl.
3448 5629 3500 5685 1.
3526 5627 3679 5684 Deest
3708 5627 3754 5680 in

2270 5720 2284 5758 ι
2315 5741 2328 5758 .

2202 5703 2328 5759 edit.
