3852 6408
85 330 197 391 1085

957 328 1214 388 ORATIO
1253 333 1394 389 XX].
1430 364 1500 378 --
1536 335 1604 391 ΙΝ
1647 336 1931 397 ιΑυοιιιι
1967 335 2354 394 ᾹΤΗΑΝΑΞΙΙ.

3132 330 3274 387 1086

81 460 154 503 sus
198 439 366 505 fuerit,
420 437 629 508 sibique
681 438 822 494 aliud
873 441 1156 512 quodpiam
1205 442 1428 510 bonum,
1478 459 1606 500 vero
1644 446 1788 502 bono
1825 449 2185 518 praestabilius
2221 464 2342 506 esse
2413 448 2784 520 persuaserit,
2827 446 3022 503 malum
3089 451 3274 518 utique

84 537 206 593 malae
245 531 507 602 Opinionis
554 532 786 589 fructum
827 534 1156 604 decerpens,
1203 539 1481 605 nimirum,
1541 547 1600 594 ut
1642 541 1730 596 vel
1789 545 2024 601 tenebris
2072 546 2383 610 mulctetur,
2429 545 2518 601 vel
2575 560 2698 601 eum
2773 553 3029 616 tanquam
3092 543 3272 616 ignem

83 629 245 689 videat,
275 637 431 691 quem
459 633 516 676 ut
545 621 716 700 lucem
756 624 979 682 minime
1009 629 1278 698 cognovit.

135 721 196 774 l".
233 717 411 771 Ταῦτα
440 717 640 786 ὀλίγοις
679 719 776 792 μὲν
808 723 1192 797 ὲφιΑοσοφήΘη,
1226 726 1318 779 καὶ
1345 727 1454 780 τῶν
1488 726 1604 793 νῦν,

1782 725 1870 781 lll.
1911 724 2037 780 Haec
2070 723 2259 796 paucis
2283 763 2300 791 ,
2352 734 2458 778 tam
2491 732 2692 778 nostra:
2723 724 3082 792 tempestatis,
3112 738 3272 792 quam

79 814 154 869 mi
169 809 265 864 τῶν
297 808 463 862 πάλαι
496 809 679 882 (ὀλίγοι
709 813 816 885 γὰρ
845 815 894 866 οἱ
927 815 1018 868 τοῦ
1042 815 1196 878 Θεοῦ,
1221 817 1268 870 εί
1297 819 1391 872 καὶ
1411 819 1607 883 πάντες

81 900 379 974 πλάσματα),
397 903 732 974 νομοθέταις,
765 911 1109 979 στρατηγοῖς,
1146 908 1368 982 ἱερεῦσι,
1395 913 1608 984 προφή-

41 1049 54 1078 .,
80 1013 190 1061 ταις,
216 992 639 1061 εύαγγελισταῖς,
683 995 1020 1064 ἀποστόλοις,
1067 1001 1311 1071 ποιμέσι,
1357 1001 1610 1056 διδασκά·

79 1087 182 1149 λαις,
210 1084 298 1138 καὶ
326 1082 440 1154 (58)
475 1084 636 1139 παντὶ
668 1088 1021 1160 πνευματικῷ
1051 1090 1372 1164 πληρώματι
1396 1094 1488 1146 καὶ
1515 1112 1608 1147 συ-

81 1177 300 1246 στήματι,
344 1174 402 1227 ἐν
443 1174 500 1227 δὲ
537 1178 649 1239 τοῖς
681 1178 834 1242 πᾶσι,
865 1179 960 1232 καὶ
988 1179 1065 1250 τῷ
1090 1181 1184 1236 νῦν
1210 1183 1604 1256 ἐπαινουμένῳ.

77 1269 211 1330 Τίνας
231 1266 291 1336 δὴ
319 1265 460 1336 λέγω
488 1265 746 1334 τούτους;
777 1264 901 1324 Οίον
933 1271 1024 1326 τὸν
1061 1273 1230 1345 Ἑνὼχ
1262 1277 1487 1342 ἐκεῖνον,
1518 1278 1608 1332 τὸν

75 1360 192 1423 Νῶε,
237 1358 324 1411 τὸν
376 1359 644 1430 Ἀϐραὰμ,
687 1362 778 1415 τὸν
803 1362 1024 1428 σἸσαάκ,
1079 1365 1171 1419 τὸν
1227 1367 1439 1435 Ἰακὼϐ,
1482 1369 1610 1433 τοὺς

74 1451 247 1505 δώδεκα
275 1453 632 1523 πατριάρχας,
674 1453 765 1508 τὸν
799 1457 1036 1510 Μωῦσὲα
1069 1460 1201 1530 (59),
1248 1461 1338 1515 τὸν
1378 1462 1605 1534 Ἀαρὼν,

74 1545 143 1600 τὸν
181 1544 398 1617 Ἰησοῦν,
431 1549 557 1612 τοὺς
595 1548 821 1621 Κριτὰς,
864 1551 954 1606 τὸν
987 1552 1260 1624 Σαμουὴλ,
1290 1553 1381 1607 τὸν
1409 1553 1606 1620 Δαὸὶδ,

71 1639 143 1691 τὸν
163 1637 472 1706 Σολομῶντα
515 1641 675 1713 μέχρι
703 1643 866 1707 τινὸς,
910 1643 1002 1697 τὸν
1058 1645 1264 1711 Ἠλίαν,
1310 1645 1400 1700 τὸν
1437 1645 1607 1698 Ἐλισ-

73 1736 210 1798 σαῖον,
237 1733 364 1796 τοὺς
386 1733 491 1807 πρὸ
511 1735 610 1805 τῆς
633 1736 1004 1806 αἰχμαλωσίας
1031 1739 1335 1810 προφήτας,
1365 1739 1488 1802 τοὺς
1513 1755 1608 1808 με-

69 1823 123 1877 τὰ
142 1823 227 1895 τὴν
254 1826 631 1896 αἰχμαλωσίαν
653 1845 666 1858 ·
691 1829 785 1881 καὶ
808 1829 1014 1900 (40)τά
1039 1830 1320 1884 τελευταῖα
1349 1831 1412 1901 δὴ
1435 1829 1607 1883 ταῦτα

69 1915 118 1985 τῇ
148 1913 304 1980 τάξει,
350 1914 440 1968 καὶ
470 1917 663 1988 πρῶτα
687 1921 753 1990 τῇ
783 1920 894 1992 (41)
930 1920 1176 1994 ἀληθείᾳ,
1215 1922 1314 1976 ὅσα
1349 1921 1477 1992 περὶ
1507 1921 1605 1992 τὴν

67 2001 269 2074 Χριστοῦ
299 2004 592 2077 σάρκωσιν,
624 2005 742 2078 ἦτοι
766 2008 1091 2080 πρόσληψιν,
1112 2009 1203 2063 τὸν
1243 2009 1349 2080 πρὸ
1379 2009 1472 2062 τοῦ
1500 2026 1606 2079 φω-

1709 818 1902 889 priscis
1951 817 2258 873 hominibus
2301 832 2444 872 curae
2495 832 2557 872 ac
2591 816 2769 872 studio
2825 815 3042 870 fuerunt
3080 816 3271 888 (pauci

1707 911 1852 968 enim
1906 910 2000 966 Dei
2059 919 2214 975 sunt,
2263 910 2510 978 quamvis
2555 925 2749 965 omnes
2803 909 2970 979 ipsius
3018 908 3270 978 ﬁgmenta

1707 1003 1877 1072 sint),
1910 1001 2334 1072 legislatoribus,
2361 1001 2568 1057 bellicis
2590 1001 2816 1055 ducibus
2836 1039 2850 1066 ,
2878 999 3268 1063 sacerdotibus,

1709 1096 2002 1166 prophetis,
2031 1093 2395 1165 evangelistis,
2423 1095 2700 1163 apostolis,
2728 1093 3053 1163 pastoribus,
3083 1091 3276 1150 doctoo.

1708 1188 1900 1254 ribus,
1968 1185 2224 1255 omnique
2278 1185 2544 1254 spirituali
2597 1184 2759 1239 cmtui
2829 1193 2986 1254 atque
3037 1183 3265 1253 agmini,

1708 1279 1850 1334 inter
1878 1293 2068 1335 omnes
2095 1285 2275 1332 autem
2307 1291 2401 1331 eos
2426 1277 2552 1332 huic
2586 1283 2822 1346 quoque,
2871 1276 2925 1330 in
2962 1274 3122 1342 cujus
3151 1273 3268 1327 latt—

1709 1371 1827 1425 dem
1850 1369 1964 1424 haec
1993 1383 2022 1422 a
2057 1367 2212 1423 nobis
2242 1368 2472 1421 habetur
2502 1368 2700 1423 oratio.
2745 1366 2890 1433 Quos
2926 1366 3138 1420 tandem
3173 1365 3270 1420 hos

1710 1461 1870 1515 dico?
1901 1459 2086 1514 Enoch
2133 1459 2303 1522 illum,
2337 1455 2484 1520 Noe,
2529 1456 2820 1520 Abraham,
2869 1455 3036 1519 lsaac,
3083 1452 3268 1518 Jacob,

1707 1552 1988 1608 duodecim
2028 1551 2388 1621 patriarchas,
2429 1549 2688 1620 Moysem,
2738 1547 3027 1612 Aaronem,
3069 1545 3269 1610 Iosue,

1708 1638 1946 1704 Judices,
1985 1639 2314 1704 Samuelem,
2361 1637 2636 1704 Davidem,
2666 1635 3006 1691 Salomonem
3030 1635 3273 1704 aliquan-

1711 1730 1900 1800 tisper,
1927 1729 2123 1798 Eliam,
2160 1729 2433 1796 Elisaaum,
2467 1729 2781 1800 prophetas,
2811 1725 2904 1796 qui
2933 1725 3018 1781 vel
3045 1725 3271 1796 captivi-

1709 1831 1872 1877 tatem
1931 1828 2362 1886 anlecesserunt,
2447 1817 2529 1873 vel
2589 1826 2710 1888 post
2757 1832 2878 1871 eam
2930 1814 3269 1872 exstiterunt.

1705 1915 1879 1983 Atque
1928 1912 2062 1979 hzec,
2113 1910 2302 1966 ordine
2363 1909 2580 1980 quidem
2635 1917 2946 1979 postrema,
3019 1917 3270 1960 ueterum

1705 2020 1895 2062 revera
1942 2005 2135 2074 prima,
2185 2018 2302 2072 qua:
2356 2001 2500 2057 circa
2555 2001 2757 2055 Christi
2819 1998 3269 2064 lncarnationem,

65 2094 137 2157 τὸς
169 2093 372 2166 λύχνον,
402 2096 502 2168 τὴν
540 2097 646 2170 πρὸ
677 2096 772 2152 τοῦ
818 2079 992 2168 Λόγου
1027 2101 1232 2173 φωνὴν,
1261 2079 1352 2154 τον
1381 2101 1486 2174 πρὸ
1510 2101 1604 2155 τοῦ

1710 2107 1805 2154 s’eu
1834 2096 2185 2152 humanitatis
2209 2094 2631 2165 assumptiouem
2653 2132 2668 2157 ,
2709 2093 3073 2160 contigerunt,
3108 2089 3270 2144 nimi-

64 2185 268 2239 Μεσίτου
309 2187 555 2260 μεσίτην,
612 2188 838 2262 μεσίτην
890 2191 1131 2255 Παλαιᾶς
1183 2191 1456 2264 Διαθήκης
1512 2192 1605 2245 καὶ

64 2275 199 2340 Νέας,
240 2277 493 2350 Ἰωάννην
543 2277 634 2332 τὸν
679 2280 839 2344 πάνυ,
889 2282 1017 2345 τοὺς
1059 2280 1295 2353 Χριστοῦ
1338 2281 1600 2352 μαθητὰς,

64 2367 164 2430 τοὺς
185 2366 320 2436 μετά
349 2369 602 2440 Χριστὸν,
625 2369 657 2442 ἢ
685 2370 814 2424 λαοῦ
840 2370 1376 2443 προκαθεσθέντας,ἢ
1402 2371 1488 2425 διὰ
1515 2372 1604 2425 λό-

63 2471 140 2523 γου
157 2460 580 2528 φανερωθέντας,
607 2461 638 2533 ἢ
665 2462 753 2517 διὰ
773 2464 1013 2535 σημείων
1033 2463 1431 2536 γνωρισθέντας
1461 2463 1599 2535 (42),

62 2545 470 2618 ἢτελειωθέντας
497 2551 564 2606 δι’
588 2555 840 2625 αἵματος.

1712 2208 1829 2248 rum
1859 2193 2134 2246 lucernam
2169 2188 2313 2244 illam
2334 2197 2463 2243 ante
2489 2186 2712 2252 Lucem,
2749 2200 2933 2240 vocem
2978 2193 3103 2241 ante
3137 2183 3270 2240 Ver-

1710 2283 1858 2349 bum,
1888 2282 2242 2336 mediatoretn
2285 2286 2411 2334 ante
2453 2277 2820 2342 Mediatorem,
2870 2275 2974 2330 hoc
3015 2284 3118 2340 est,
3153 2275 3273 2329 exi-

1711 2373 1876 2427 mium
1931 2370 2078 2424 illum
2137 2368 2424 2435 Joannem,
2471 2367 2562 2437 qui
2615 2368 2820 2421 medius
2849 2365 2990 2422 inter
3021 2365 3262 2422 Vetusot

1704 2463 1908 2518 Novum
1958 2461 2365 2516 Testamentum
2409 2458 2645 2524 exstitit,
2686 2456 2886 2513 Christi
2931 2455 3256 2527 discipulos,

1703 2569 1797 2609 eos
1821 2553 2073 2621 denique,
2113 2551 2202 2622 qui
2247 2559 2367 2618 post
2408 2547 2684 2604 Christum
2727 2547 2813 2602 vel
2843 2547 2981 2618 plebi
3015 2546 3246 2618 prmfue-

62 2649 182 2697 runt.
225 2640 308 2694 vel
378 2657 474 2710 per
517 2658 818 2699 sermonem
893 2660 955 2700 ac
1016 2646 1318 2703 doctrinam
1372 2647 1424 2702 in
1477 2645 1826 2716 conspicuum
1867 2650 2150 2708 venerunt,
2195 2640 2281 2696 vel
2350 2653 2445 2710 per
2495 2638 2755 2695 miracula
2806 2638 3069 2696 nobilitati
3108 2647 3261 2705 sunt,

63 2729 128 2781 Vel
156 2745 243 2798 per
271 2734 589 2804 sanguinem
629 2739 1008 2793 consummati.

113 2851 175 2902 A'.
209 2847 430 2902 Τούτων
473 2849 806 2915 Ἀθανάσιος,
861 2854 974 2915 τοῖς
1017 2852 1117 2924 μὲν
1162 2853 1454 2925 ήμιλλήθη,
1493 2853 1602 2908 τῶν

57 2941 100 2994 δὲ
125 2941 308 3011 μικρὸν
335 2941 654 3012 ἀπελείφθη,
689 2941 805 2996 ἐστι
841 2943 898 2996 δὲ
929 2942 1021 3006 οὓς
1058 2945 1152 2997 καὶ
1187 2944 1510 3016 ὑπερέσχεν,
1555 2943 1604 2995 εί

59 3033 119 3103 μὴ
139 3033 410 3106 τολμηρὸν
440 3036 642 3087 εἰπεῖν’
678 3035 772 3089 καὶ
807 3034 916 3089 τῶν
949 3035 1048 3106 μὲν
1076 3036 1166 3090 τὸν
1195 3037 1374 3105 λόγον,
1413 3036 1520 3089 τῶν
1547 3035 1604 3088 δὲ

54 3123 135 3194 τὴν
157 3124 374 3194 πρᾶξιν,
409 3122 514 3177 τῶν
546 3123 601 3177 δὲ
630 3125 691 3177 τὸ
722 3125 917 3196 πρᾶον,
941 3124 1048 3178 τῶν
1081 3124 1137 3178 δὲ
1164 3125 1254 3179 τὸν
1281 3124 1459 3196 ζῆλον,
1494 3123 1602 3177 τῶν

52 3214 97 3266 δὲ
131 3217 248 3279 τοὺς
281 3215 581 3280 κινδύνους,
613 3216 721 3271 τῶν
753 3216 810 3269 δὲ
842 3217 912 3270 τὰ
945 3216 1132 3282 πλείω,
1165 3218 1272 3271 τῶν
1301 3218 1358 3271 δὲ
1388 3217 1456 3270 τὰ
1490 3215 1597 3287 (43)

53 3305 244 3359 ἃπαντα
274 3308 679 3377 μιμησάμενος,
703 3308 797 3363 καὶ
826 3309 953 3364 ἄλλο
979 3309 1075 3363 ἀπ’
1101 3309 1259 3364 ἄλλου
1289 3309 1481 3372 κάλλος
1508 3308 1603 3362 λα-

1776 2845 1944 2918 388
1976 2843 2059 2898 IV.
2109 2842 2188 2897 Ex
2220 2841 2304 2896 his
2328 2839 2661 2895 Athanasius
2693 2837 2826 2894 alios
2853 2839 3175 2911 exmquavit,
3202 2839 3272 2894 ab

1706 2937 1830 2993 aliis
1884 2933 2156 3006 paululum
2217 2931 2409 2996 abfuit,
2466 2930 2752 2987 nonnullos
2786 2931 2972 2996 etiam,
3026 2931 3130 2987 nisi
3172 2932 3274 2986 hoc

1705 3027 1966 3083 audacius
2003 3040 2033 3078 a
2079 3037 2162 3078 me
2192 3023 2390 3078 dictum
2437 3023 2703 3090 videatur,
2750 3023 3040 3078 antecessit
3065 3040 3082 3082 ;
3112 3033 3276 3091 atque

1707 3122 1932 3176 aliorum
1964 3132 2266 3173 sermonem
2308 3127 2365 3170 et
2405 3116 2787 3182 eruditionem,
2822 3115 3048 3171 aliorum
3101 3116 3276 3172 actio.

1707 3228 1872 3278 nem,
1935 3211 2162 3268 aliorum
2219 3207 2730 3272 mansuetudinem,
2793 3207 3020 3262 aliorum
3075 3207 3274 3271 zelum,

1706 3305 1936 3359 aliormn
2002 3301 2448 3366 dimicationem,
2492 3289 2721 3354 aliorum
2776 3299 2984 3366 multa,
3043 3300 3271 3355 aliorum

50 3395 159 3460 ὁὼν,
194 3371 388 3470 ὥσπερ
409 3371 478 3452 ἰοί
501 3371 599 3464 τὰς
633 3403 847 3474 μορφάς
884 3402 1000 3473 μεθ’
1025 3403 1329 3475 ὑπερϐολῆς
1363 3402 1599 3474 γράφον-

1709 3396 1879 3450 omnia
1937 3393 2195 3448 imitando
2239 3400 2601 3459 consecutus,
2657 3401 2820 3462 atque
2870 3393 3014 3447 aliud
3055 3393 3123 3448 ab
3170 3393 3275 3448 alio

49 3505 138 3552 τες,
169 3491 260 3544 καὶ
304 3494 386 3555 εἰς
426 3492 554 3563 μίαν
581 3493 678 3565 τὴν
716 3494 908 3547 ἑαυτοῦ
939 3495 1116 3567 ψυχὴν
1156 3493 1477 3564 συναγαγὼν
1497 3533 1512 3557 ,
1543 3494 1600 3546 ἓν

47 3583 224 3656 ἀρετῆς
259 3581 403 3649 εἶδος
432 3587 498 3638 ὲκ
523 3587 739 3640 πάντων
777 3587 1220 3659 ἀπηκριϐώσατο,
1262 3589 1387 3650 τοὺς
1419 3586 1513 3656 μὲν
1543 3588 1600 3640 ἐν

47 3675 168 3748 λόγῳ
193 3678 404 3742 δεινοὺς
429 3681 492 3750 τῇ
521 3678 740 3751 πράξει,
770 3681 892 3744 τοὺς
919 3682 1252 3752 πρακτικοὺς
1281 3679 1336 3732 δὲ
1361 3679 1437 3749 τῷ
1460 3679 1602 3748 λόγῳ

1703 3494 2001 3548 mutuatus,
2041 3484 2500 3554 quemadmodum
2527 3485 2618 3553 qui
2651 3487 2856 3540 formas
2885 3499 2980 3540 seu
3011 3485 3272 3556 imagines

1703 3577 1960 3646 singulari
1989 3577 2168 3632 studio
2201 3587 2255 3630 et
2280 3576 2544 3646 elegantia
2575 3576 2820 3648 pingunt,
2842 3586 3005 3648 atque
3033 3578 3088 3632 in
3112 3593 3272 3632 unam

1704 3668 1957 3739 suiipsius
2015 3667 2251 3723 animam
2300 3670 2635 3737 complexus,
2685 3684 2850 3722 unum
2903 3684 2970 3723 ex
3024 3670 3273 3725 omnibus

44 3770 285 3840 νικήσας·
321 3772 373 3823 εί
412 3770 590 3840 βούλει
629 3773 706 3837 δὲ,
746 3772 886 3843 λόγῳ
915 3773 1012 3844 μὲν
1045 3775 1169 3838 τοὺς
1199 3773 1515 3844 εὐδοκίμους
1544 3774 1601 3825 ὲν

1709 3760 2000 3830 perlectum
2029 3759 2248 3816 virtutis
2284 3761 2634 3816 simulacrum
2677 3761 2844 3816 edidit
2875 3775 2890 3813 :
2922 3761 3000 3817 sic
3028 3759 3276 3817 videlicet

45 3859 188 3932 λόγῳ,
225 3862 429 3936 πράξει
476 3864 532 3916 δὲ
569 3865 694 3928 τοὺς
729 3864 1210 3936 πρακτικωτάτους
1243 3862 1560 3935 ὑπερϐαλών
1584 3879 1598 3894 ·

1709 3869 1768 3909 se
1813 3869 2153 3924 comparans,
2211 3866 2270 3908 ut
2318 3866 2374 3908 et
2427 3855 2654 3910 disertos
2701 3854 2933 3919 actione,
2989 3862 3044 3908 et
3094 3867 3273 3908 rerum

41 3953 264 4017 καὶτοὺς
290 3954 393 4025 μὲν
427 3956 545 4008 κατ’
575 3956 858 4029 ἀμφότερα
901 3957 1078 4028 μέσως
1097 3956 1338 4026 ἔχοντας,
1365 3954 1442 4026 τῷ
1476 3955 1603 4026 περὶ

1712 3955 2068 4024 gerendarum
2138 3952 2394 4008 facultate
2445 3953 2699 4024 praeditos
2751 3954 3056 4008 eruditione
3113 3963 3275 4022 atque

42 4043 90 4094 τὸ
125 4045 314 4117 ἕτερον
367 4047 789 4116 ύπερϐάλλοντι’
837 4051 962 4112 τοὺς
993 4050 1048 4102 δὲ
1095 4048 1216 4103 καθ’
1251 4049 1436 4119 ἕτερον
1489 4046 1600 4117 (44)

1709 4045 2017 4115 eloquentia
2040 4045 2304 4112 vinceret;
2332 4054 2425 4100 aut
2449 4045 2494 4100 si
2523 4045 2714 4111 mavis,
2744 4054 2798 4099 et
2814 4044 3072 4099 doctrinae
3093 4045 3261 4114 gloria

39 4131 244 4206 ἄκρους,
277 4139 394 4200 τοῖς
431 4139 761 4210 ἀμφοτέροις
795 4140 1186 4213 παραδραμών.
1230 4141 1340 4192 Καὶ
1374 4140 1421 4192 εί
1461 4139 1602 4210 μέγα

1709 4137 1982 4201 ﬂorentes,
2023 4137 2296 4202 doctrina,
2340 4145 2410 4190 et»
2443 4139 2602 4191 rebus
2643 4136 2894 4205 gerendis
2943 4135 3272 4205 aptissimos,

39 4228 132 4288 τοῖς
161 4229 523 4301 προλαϐοῦσι,
548 4231 607 4284 τὸ
636 4232 982 4303 παράδειγμα
1012 4231 1184 4303 τούτῳ
1226 4232 1478 4302 γενέσθαι
1504 4231 1603 4301 τῆς

1709 4230 1921 4285 actione
1957 4239 2238 4298 superaret
2268 4246 2281 4282 :
2311 4237 2494 4297 atque,
2525 4237 2580 4282 et
2615 4227 2714 4293 iis,
2743 4227 2833 4296 qui
2865 4228 3188 4282 mediocrem
3217 4226 3272 4281 in

36 4315 250 4390 ἀρετῆς,
285 4322 386 4392 οὐχ
413 4317 575 4394 ἦττον
619 4326 700 4386 εἰς
735 4325 1007 4395 εὐφημίαν
1045 4325 1120 4395 τῷ
1145 4324 1393 4394 ἡμετέρῳ
1432 4321 1601 4392 καλῷ,

1709 4331 1937 4390 utroque
1963 4335 2160 4389 genere
2198 4319 2412 4374 laudem
2442 4318 2728 4382 habebant,
2750 4335 2816 4374 eo
2839 4319 3084 4388 superior
3109 4329 3270 4381 esset,

36 4406 88 4458 τὸ
109 4414 222 4475 τοῖς
253 4414 374 4482 μετ’
399 4413 560 4467 αὐτὸν
587 4415 838 4484 γενέσθαι
879 4415 1252 4486 παράδειγμα·

1709 4414 1850 4480 quod
1885 4412 1938 4465 in
1969 4410 2141 4466 altero
2162 4411 2355 4465 horum
2387 4425 2596 4465 sumine
2624 4409 2939 4474 excelleret;
2967 4419 3020 4462 et
3049 4424 3234 4463 rursus
3255 4448 3270 4472 ,

34 4502 111 4568 iis,
151 4507 244 4576 qui
289 4505 466 4562 altero
505 4507 765 4562 duntaxat
792 4523 990 4578 genere
1023 4520 1368 4578 sunuuopere
1433 4503 1765 4566 eminebant,
1833 4503 1936 4557 hoc
2006 4501 2226 4556 nomine
2293 4509 2594 4571 praestaret,
2626 4503 2766 4568 quod
2808 4511 3035 4570 utraque
3079 4501 3273 4554 virtute

33 4597 274 4660 polleret.
324 4597 474 4672 Quod
498 4598 543 4652 si
569 4599 652 4654 his
679 4599 767 4667 qui
798 4600 969 4669 ipsum
992 4609 1152 4655 aetate
1178 4604 1586 4675 praecesserunt,
1628 4593 1842 4648 virtutis
1873 4593 2176 4661 exemplum
2247 4592 2348 4662 ipsi
2410 4591 2702 4660 praebuisse
2735 4607 2984 4661 maguum
3019 4600 3074 4647 et
3099 4592 3272 4646 hono-

32 4689 237 4748 rilicum
285 4700 394 4760 est,
424 4708 530 4748 non
565 4693 739 4747 minus
769 4703 919 4748 certe
960 4694 1086 4748 huic
1119 4703 1303 4748 nostro
1365 4687 1685 4761 praeclarum
1724 4685 1932 4740 censeri
2008 4685 2207 4751 debet,
2289 4684 2429 4754 quod
2494 4683 2725 4752 posteris
2783 4682 3088 4752 exemplum
3158 4683 3274 4752 ipse

31 4782 205 4843 fuerit.

90 4879 166 4936 E'.
198 4880 397 4936 Πάντα
425 4879 522 4951 μὲν
559 4879 624 4951 δὴ
637 4877 717 4958 ,τὰ
741 4879 949 4934 ἐκείνου
974 4879 1154 4948 λέγειν
1188 4897 1246 4933 τε
1273 4879 1366 4933 καὶ
1396 4879 1604 4951 ,Θαυμά-

1796 4883 1861 4937 V.
1901 4886 2078 4956 Atque
2115 4901 2330 4942 onmem
2377 4887 2594 4956 quidem
2644 4885 2784 4942 illius
2821 4885 2984 4939 vitam
3029 4901 3276 4943 sermone

27 4971 134 5036 ζειν
178 4971 532 5044 μακρότερον
555 4970 619 5024 ἂν
651 4969 735 5042 είη
761 4971 940 5041 τυχὸν,
969 4970 1001 5041 ἢ
1030 4971 1170 5024 κατὰ
1200 4969 1297 5042 τὴν
1331 4972 1604 5043 παροῦσαν

1712 4979 1966 5046 prosequi
1994 4993 2058 5032 ac
2096 4978 2344 5033 laudibus
2376 4977 2569 5033 eﬂ'erre
2601 4978 2807 5048 langius
2838 4977 3065 5032 fortasse
3092 4977 3271 5046 fuerit,

25 5063 199 5135 ὁρμὴν
237 5063 341 5118 τοῦ
381 5064 564 5132 λόγου,
588 5064 684 5117 καὶ
719 5064 956 5134 ἱστορίας
979 5062 1157 5133 ἔργον,
1179 5064 1276 5116 οὐκ
1302 5064 1604 5135 εὐφημίαςο

1711 5081 1871 5136 quam
1913 5068 2068 5136 hujus
2094 5071 2358 5125 orationis
2387 5071 2690 5124 institutum
2722 5068 2860 5124 ferat
2886 5111 2901 5136 ,
2932 5084 2994 5124 ac
3025 5085 3129 5123 non
3163 5082 3272 5125 tam

22 5154 54 5207 ἃ
82 5157 177 5209 καὶ
209 5157 333 5227 ἰδίᾳ
360 5156 692 5226 παραδοῦναι
725 5158 910 5227 γραφῇ
949 5155 1222 5226 παίδευμά
1251 5173 1306 5210 τε
1334 5158 1427 5211 καὶ
1463 5158 1604 5228 ἥδυ-

1711 5159 1948 5214 encomii
1982 5175 2116 5231 opus
2147 5177 2305 5232 quam
2340 5161 2606 5226 historiae;
2640 5176 2796 5229 quam
2826 5161 2987 5213 etiam
3011 5170 3067 5214 ut
3091 5173 3272 5230 poste-

22 5259 129 5316 σμα
176 5249 306 5308 τοῖς
362 5248 442 5310 εἰς
474 5247 717 5318 ὓστερον,
765 5246 934 5317 εὐχῆς
963 5245 1122 5317 ἔργον
1151 5248 1293 5318 ἐμοὶ,
1327 5249 1513 5322 ὥσπερ
1548 5250 1604 5307 ὃν

1717 5254 1800 5310 ris
1838 5253 2162 5310 documento
2191 5263 2353 5323 atque
2383 5253 2726 5308 oblectationi
2759 5253 2992 5307 futuram
3021 5253 3277 5322 peculiari

244 5484 388 5568 gat“.
431 5484 524 5568 §ic
554 5485 698 5568 _Reg._
728 5489 920 5568 a,__bm,
945 5486 1038 5568 ph.
1064 5484 1224 5568 Deest
1253 5487 1306 5543 iu
1326 5491 1410 5544 ed.
1785 5491 1896 5564 (42)
1938 5491 2040 5568 Διὰ
2081 5492 2265 5568 λόγος)
2296 5486 2843 5568 ’φανερερθένταςκῆ
2875 5485 2996 5568 εἶτά,
3015 5484 3278 5568 σῃιιείων

107 5553 208 5694 39)
237 5553 520 5609 Μωῦσέα.
553 5556 608 5610 lu
649 5553 909 5624 pluribus.
945 5556 1167 5616 Μωσέα.

108 5624 183 5694 Ml
245 5624 388 5694 Kell.
423 5625 581 5680 Deest
605 5628 656 5679 iu
690 5625 978 5680 nonnullis.

1715 5553 2177 5632 γνὼρὶσθένταςξ
2208 5553 2462 5629 Quinque
2493 5558 2659 5624 Regg.
2685 5553 2740 5611 et
2771 5553 3138 5618 (Ζοιιιῠείηδιά
3175 5569 3274 5626 ση-

1723 5632 1890 5694 μείων
1927 5630 2342 5694 γνωρισθέντας,
2377 5630 2409 5694 ἦ
2435 5628 2521 5682 διὰ
2539 5627 2696 5694 λόγου
2724 5627 3148 5694 φανερωθέντας.

245 5624 656 5703 [Sisini-Restiti
690 5625 978 5703 nonnullis.
1107 5697 1137 5703 _
1232 5699 1245 5703 _
1307 5697 1324 5703 Δ
1369 5697 1384 5703 ⁸
1501 5700 1530 5703 __

1722 5624 1890 5703 μείων
1927 5624 2342 5703 γνωρισθέντας,
2368 5624 2409 5700 ’ἦ
2435 5628 2521 5682 διὰ
2539 5627 2696 5703 λύγου
2724 5627 3148 5703 φανερωθέντας.

51 5692 208 5780 ’(41)
257 5693 368 5764 Τῇ.
400 5696 492 5752 Sic
531 5706 765 5768 quatuor
801 5696 967 5767 llegg.
999 5706 1054 5754 et
1099 5697 1337 5758 Combel'.
1366 5697 1422 5755 In
1451 5700 1606 5768 edit.,
1725 5692 1738 5703 ’
1790 5704 1899 5825 (45)
1931 5692 2216 5755 Td.'Deest
2245 5701 2296 5754 in
2331 5692 2560 5780 quatuor
2584 5692 2747 5768 Regg.
2778 5706 2834 5751 et
2861 5692 2951 5751 Or.
2987 5698 3034 5751 1.

10 5761 98 5825 δη.
1817 5771 1902 5825 Ml
1934 5772 2070 5825 Καθ’
2104 5770 2325 5825 ἕτερον.
2359 5769 2521 5825 Corsl.
2565 5768 2615 5825 1.
2646 5767 2767 5823 καθ’
2790 5767 3034 5823 ἐκάτεοον

40 5767 98 5834 ἧς
1594 5767 1597 5768 ⁷
1791 5767 1902 5833 (44)
1934 5772 2070 5828 Καθ’
2104 5770 2325 5835 ἕτερον.
2353 5767 2521 5828 Coisl.
2565 5768 2615 5835 1,
2646 5767 2767 5823 καθ’
2790 5767 3063 5823 ἐκάτεοον.

85 5480 209 5554 (38)
244 5483 388 5538 Καί.
431 5482 524 5554 Sic
565 5485 696 5554 Reg.
728 5501 781 5548 a,
812 5489 920 5549 bm,
947 5486 1038 5552 ph.
1064 5483 1224 5543 Deest
1253 5487 1306 5543 iu
1326 5491 1410 5544 ed.

82 5553 107 5765 ἓ
