3914 6404
615 340 746 396 108⁸1

1806 340 1864 396 S.
1909 335 2236 395 GBEGORII
2269 333 2613 391 THEOLOGI

3694 339 3793 395 i088

608 469 813 536 scripto
860 466 1118 519 mandare
1154 463 1471 535 cumprimis
1504 473 1747 535 optarem
1772 504 1787 530 ,
1823 466 2172 535 quemadmo-

2293 463 2479 522 ικεῖνος
2522 454 2804 511 Ἀντωνίου
2872 455 2965 511 τοῦ
3012 455 3156 510 θείου
3207 455 3320 527 βίον
3375 456 3696 527 συνέγραφε,
3729 462 3797 513 τοῦ

607 560 733 612 dum
764 559 875 627 ipse
910 556 1013 609 divi
1040 556 1257 609 Antonii
1286 557 1450 609 vitam
1483 556 1827 625 conscripsit,
1862 554 2171 609 monasticae

608 665 798 718 nempe
848 652 968 703 vita:
1009 656 1270 718 praecepta
1316 649 1418 704 sub
1448 648 1772 703 narrationis
1818 649 1999 716 specie
2046 655 2172 701 tan-

607 758 765 811 quam
802 740 906 793 lata
949 743 1062 810 lege
1102 739 1468 811 promulgatis.
1512 739 1709 795 Verum
1756 756 1876 796 cum
1907 754 2076 810 pauca
2108 754 2173 793 ex

608 832 791 885 multis
826 832 966 886 illius
997 833 1181 897 rebus,
1206 846 1431 901 quaeque
1461 848 1604 887 nunc
1633 832 1789 887 nobis
1810 872 1824 896 ,
1870 842 1928 885 ut
1966 829 2175 885 notiora

606 935 661 978 ct
687 925 1002 993 insigniora,
1033 925 1173 977 ultro
1204 925 1459 979 memoria
1492 924 1820 994 suppeditat,
1844 935 2173 977 commemo-

610 1017 841 1069 ravimus
886 1015 978 1079 (ut
1014 1014 1174 1069 simul
1212 1025 1265 1069 et
1311 1016 1592 1085 cupiditati
1640 1025 1838 1070 nostra:
1874 1014 2177 1070 satisfacia-

611 1121 751 1171 mus,
785 1116 838 1159 et
877 1104 1108 1160 officium
1142 1107 1267 1161 huic
1304 1107 1441 1163 feSIo
1471 1106 1708 1161 debitum
1748 1105 2178 1177 persolvamus),

608 1197 757 1265 plura
815 1198 897 1261 iis,
950 1198 1143 1265 quibus
1180 1213 1242 1253 ea
1300 1199 1513 1269 cognita
1554 1206 1724 1262 sunt,
1785 1198 2170 1267 relinquemus.

608 1285 791 1355 Neque
816 1288 959 1341 enim
988 1288 1187 1357 alioqui
1221 1288 1390 1359 pium,
1421 1303 1519 1343 nec
1554 1298 1725 1343 tutum
1758 1298 1876 1355 est,
1910 1303 2031 1343 cum
2074 1288 2172 1341 im-

606 1382 816 1450 piorttm
851 1380 1125 1434 hominum
1155 1380 1264 1434 vita
1299 1381 1572 1435 memoria:
1610 1380 1890 1450 prodatur,
1942 1380 2169 1435 eximios

607 1473 805 1541 pietate
847 1473 991 1527 viros
1040 1472 1254 1527 silentio
1297 1472 1741 1543 prretermittere;
1802 1472 1961 1541 idque
2011 1472 2061 1525 in
2108 1486 2169 1525 ea

606 1565 843 1632 civitate,
884 1580 1042 1635 quam
1088 1565 1176 1619 vix
1219 1565 1379 1619 etiam
1442 1565 1604 1619 multa
1662 1565 1878 1620 virtutis
1928 1564 2173 1632 exempla

2280 548 2564 623 μοναδικοῦ
2642 548 2757 620 βίου
2818 545 3165 619 νομοθεσίαν,
3218 549 3276 600 ἐν
3336 546 3610 618 πλάσματι
3658 550 3796 623 διητῄ.

2280 661 2416 706 σεως
2452 641 2584 712 (45).
2650 639 2836 708 Ὀλίγα
2877 639 2933 692 δὲ
2990 641 3054 692 ἐκ
3108 638 3318 692 πολλῶν
3368 640 3481 691 τῶν
3530 640 3717 693 ἐκείνου
3746 646 3804 696 δι·

2281 734 2605 801 εξελθόντες,
2634 734 2729 787 καὶ
2750 734 2849 786 ὅσα
2885 730 3153 802 σχεδιάζει
3182 734 3315 803 ἡμῖν
3336 731 3432 784 νῦν
3460 731 3569 801 (46)
3605 734 3637 801 ἡ
3664 738 3809 807 μνήμῃ

2280 828 2357 892 ὡς
2417 826 2813 898 γνωριμώτερα
2839 867 2853 891 ,
2910 826 2997 879 ἵνα
3052 826 3143 878 τόν
3191 842 3248 878 τε
3288 826 3555 897 ἡμέτερον
3619 828 3809 895 ἀφοσιω-

2277 918 2499 990 σώμεθα
2558 918 2757 982 πόθον,
2808 917 2900 970 καὶ
2964 919 3035 989 τῇ
3094 916 3402 988 πανηγύρει
3458 917 3521 970 τὺ
3555 917 3693 980 εἰκὸς
3742 920 3811 971 ἐκ·

2275 1009 2660 1083 πληρώσωμεν
2691 1008 2826 1080 (47),
2861 1008 2928 1061 τὰ
2972 1007 3139 1061 πλείω
3170 1012 3283 1072 τοῖς
3317 1008 3483 1062 εἰδόσι
3517 1010 3812 1078 παρήσομεν.

2277 1101 2416 1155 Οὐδὲ
2468 1099 2570 1171 γὰρ
2626 1099 2802 1163 ἄλλως
2832 1100 2999 1162 ὅσιον,
3044 1097 3163 1151 οὐδὲ
3199 1098 3457 1167 ἀσφαλὲς,
3510 1098 3709 1151 ἀσεϐῶν
3746 1101 3818 1168 μὲν

2283 1192 2433 1265 βίους
2465 1192 2727 1263 τιμᾶσθαι
2762 1194 2882 1256 ταῖς
2915 1192 3177 1263 μνήμαις,
3210 1192 3334 1255 τοῦς
3369 1190 3423 1243 δέ
3458 1190 3702 1261 εὐσεϐείᾳ⁵
3758 1192 3817 1242 δι-

2282 1285 2625 1354 ενεγκόντας,
2662 1287 2839 1355 σιωπῇ
2874 1283 3347 1355 παραπέμψασθαι
3390 1281 3539 1353 (ἐ8)’
3576 1281 3827 1335 καὶταῦτα

2277 1378 2335 1430 ἐν
2372 1377 2549 1443 πόλει,
2572 1379 2637 1447 ἢν
2678 1376 2829 1447 μόλις
2861 1376 2926 1430 ἂν
2955 1377 3048 1429 καὶ
3080 1375 3384 1446 πολλὰ.τῆς
3419 1374 3622 1445 ἀρετῆς
3649 1374 3826 1426 ὑποδεί-

2281 1486 2469 1541 γματα
2489 1467 2734 1533 σώσειεν,
2762 1467 2948 1539 ῶσπερ
2980 1468 3107 1531 τοὺς
3140 1467 3399 1531 ἱππικοὺς
3422 1468 3520 1520 καὶ
3545 1466 3615 1519 τά
3634 1466 3828 1536 θέατρα,

2279 1562 2421 1617 οὕτω
2452 1562 2517 1634 δὴ
2552 1562 2647 1615 κα)⁵
2673 1561 2743 1615 τὰ
2775 1560 2895 1614 θεῖα
2930 1560 3250 1625 παίζουσαν.

609 1671 828 1712 servare
874 1656 1107 1725 possint,
1149 1655 1346 1725 quippe
1387 1670 1527 1724 quae,
1566 1665 1624 1710 ut
1657 1656 1832 1711 circos
1861 1664 1913 1708 et
1942 1655 2174 1718 theatra,
2209 1654 2283 1708 ita
2319 1668 2407 1708 res
2436 1667 2651 1722 quoque
2682 1652 2891 1706 divinas
2925 1665 3020 1720 pro
3048 1650 3174 1704 ludo
3204 1649 3422 1706 habeat.

681 1751 847 1823 389
875 1751 958 1807 VI.
982 1752 1071 1805 Ille
1095 1753 1258 1821 igitur
1277 1753 1330 1806 in
1354 1751 1550 1808 divinis
1573 1753 1812 1807 moribus
1834 1766 1897 1806 ac
1926 1750 2166 1821 discipli-

2344 1752 2434 1817 ς’.
2477 1749 2714 1812 Ἐκεῖνος
2743 1747 2956 1819 ἐτράφη
2990 1746 3090 1817 μὲν
3116 1744 3277 1808 εὐθὺς
3300 1746 3357 1797 ἐν
3386 1747 3500 1807 τοῖς
3522 1743 3683 1809 θείοις
3703 1744 3831 1815 ἤθεσι

613 1845 696 1899 nis
726 1846 904 1898 statim
930 1843 1190 1899 educatus
1214 1853 1316 1912 est,
1357 1861 1478 1899 cum
1520 1844 1829 1900 liberalibus
1853 1844 2059 1899 artibus
2084 1859 2177 1913 per

611 1936 858 2006 exiguum
905 1937 1163 2005 temporis
1206 1938 1437 2006 spatith
1476 1938 1786 2005 tribuisset,
1828 1952 1895 1991 ne
1929 1936 2179 1991 videlicet

612 2026 913 2097 hujusmodi
961 2040 1137 2080 rerum
1176 2028 1393 2083 omnino
1432 2029 1577 2083 rudis
1608 2039 1660 2083 et
1710 2029 1955 2099 ignarus,
2006 2042 2180 2096 eaque

613 2117 821 2172 nescire
848 2157 861 2179 ,
886 2132 1002 2185 qua!
1031 2117 1129 2172 sibi
1166 2120 1557 2174 contemnenda
1590 2120 1848 2186 duxerat,
1884 2118 2175 2172 videretur.

611 2203 796 2273 Neque
843 2205 985 2258 enim
1027 2204 1259 2259 nobilem
1309 2214 1363 2259 et
1401 2206 1672 2276 egregiam
1726 2208 1889 2260 animi
1946 2205 2177 2260 indolem

612 2297 764 2350 vanis
801 2296 992 2352 studiis
1037 2298 1290 2365 occupari
1344 2298 1636 2363 sustinuit,
1672 2299 1971 2367 eodemque
2023 2298 2181 2351 modo

615 2386 790 2449 allici,
823 2402 930 2457 quo
982 2388 1213 2455 imperiti
1260 2388 1503 2454 athletae,
1544 2390 1633 2458 qui
1679 2389 1803 2443 dum
1838 2404 2015 2443 aerem
2063 2388 2182 2459 plus

611 2494 770 2548 quam
804 2494 1027 2549 corpora
1058 2480 1276 2547 feriunt,
1308 2482 1648 2549 praemiorum
1684 2495 1780 2550 spe
1814 2480 2167 2533 frustrantur.

612 2573 806 2641 Atque,
851 2583 903 2626 et
932 2571 1145 2627 Veteris
1172 2580 1225 2626 et
1256 2571 1395 2626 Novi
1431 2571 1761 2626 Testamenti
1798 2571 1962 2626 libros
1997 2585 2183 2625 omnes

614 2664 688 2718 ita
736 2664 1141 2734 permeditatus,
1193 2672 1252 2717 ut
1303 2679 1367 2718 ne
1412 2679 1579 2717 unum
1638 2663 1853 2732 quidem
1903 2662 2174 2732 quispiam

614 2754 771 2821 alius,
816 2770 919 2809 non
950 2755 1107 2809 modo
1138 2754 1620 2823 contemplatione,
1663 2753 1757 2807 sed
1782 2753 1943 2808 etiam
1973 2769 2180 2807 morum

616 2862 682 2902 ac
730 2846 852 2899 vita:
905 2846 1189 2915 splendore
1235 2846 1457 2909 ditatur,
1511 2860 1574 2900 ac
1624 2844 1851 2900 mirifice
1887 2852 2178 2913 utrumque

615 2936 904 3002 connectit,
928 2944 1173 2990 catenam
1199 2950 1328 2991 vere
1358 2951 1599 3001 auream,
1626 2945 1679 2989 et
1706 2952 1824 3005 quae
1852 2951 1879 2988 a
1913 2935 2185 3005 plerisque

616 3029 841 3083 minime
912 3028 1053 3082 necti
1109 3037 1272 3097 queat
1337 3046 1351 3083 :
1401 3029 1539 3082 hanc
1600 3029 1854 3083 nimirum
1916 3030 2179 3083 rationem

2278 1845 2377 1897 καὶ
2405 1841 2787 1913 παιδεύμασιν,
2819 1841 2973 1910 ὀλίγα
2998 1840 3107 1894 τῶν
3137 1836 3442 1908 ἐγκυκλίων
3474 1836 3831 1906 φιλοσοφήσας,

2276 1935 2372 1988 τοῦ
2430 1935 2504 2009 μὴ
2553 1934 2731 1988 δοκεῖν
2788 1934 3105 1987 παντάπασι
3157 1931 3266 1984 τῶν
3320 1930 3579 1984 τοιούτων
3623 1931 3833 2002 ἀπεέρως

2284 2028 2464 2100 ἔχειν,
2497 2028 2630 2101 μηδὲ
2668 2028 2883 2096 ἀγνοεῖν
2920 2020 2994 2079 ὧν
3030 2024 3304 2096 ὑπεριδεῖν
3348 2024 3689 2093 ἐδοκίμασεν.
3726 2025 3834 2076 03/2

2282 2119 2392 2191 (49)
2428 2118 2538 2191 γὰρ
2566 2119 2824 2189 ἠνέσχετο
2856 2118 2916 2171 τὸ
2953 2117 3051 2188 τῆς
3083 2117 3259 2188 ψυχῆς
3285 2117 3505 2185 εὐγενὲς
3529 2116 3623 2169 καὶ
3659 2117 3835 2185 eam.

2284 2228 2382 2281 μον
2424 2212 2481 2262 ἐν
2511 2212 2623 2274 τοῖς
2661 2210 2910 2281 ματαίοις
2956 2208 3345 2280 άσχοληθῆναι,
3384 2207 3507 2261 οὐδὲ
3541 2209 3728 2260 ταυτὸν
3756 2227 3838 2261 πα-

2283 2297 2396 2350 θεῖν
2424 2297 2531 2353 τῶν
2562 2297 2808 2369 ἀθλητῶν
2838 2300 2949 2361 τοῖς
2980 2296 3229 2368 ἀπείροις
3248 2335 3262 2359 ,
3307 2296 3357 2349 οἳ
3391 2297 3483 2351 τὸν
3518 2297 3652 2367 ἀέρα
3694 2298 3839 2349 πλείω

2284 2389 2534 2453 παίοντες
2566 2390 2598 2461 ἦ
2635 2390 2701 2442 τὰ
2739 2388 3000 2461 σώματα,
3034 2388 3142 2441 τῶν
3188 2387 3367 2442 ἄθλων
3404 2390 3836 2457 ἀποτυγχάνουσι.

2283 2481 2391 2533 Καὶ
2441 2482 2622 2534 πᾶσαν
2678 2481 2776 2551 μὲν
2830 2479 3075 2532 Παλαιὰν
3129 2479 3339 2543 Βίϐλον,
3398 2482 3580 2534 πᾶσαν
3628 2480 3682 2533 δὲ
3717 2481 3838 2533 Νέαν

2284 2572 2677 2645 ἐκμελετήσας,
2734 2572 2810 2636 ὼς
2869 2573 2989 2625 οὐδὲ
3042 2572 3172 2643 μίαν
3226 2573 3450 2643 ἕτερος,
3502 2574 3714 2626 πλουτεῖ
3758 2574 3838 2643 μεθ

2287 2661 2554 2734 θεωρίαν,
2604 2662 2823 2714 πλουτεῖ
2866 2660 2919 2713 δέ
2961 2659 3074 2731 βίου
3111 2660 3507 2731 λαμπρότητα,
3559 2662 3649 2712 καὶ
3682 2659 3841 2711 πλέκει

2286 2754 2609 2825 θαυμασίως
2638 2754 2943 2825 ἀμφότερα,
2978 2752 3075 2824 τὴν
3110 2753 3317 2824 χρυσῆν
3342 2753 3512 2816 ὅντως
3544 2751 3737 2822 σειρὰν,
3765 2753 3841 2803 :1".

2284 2848 2397 2909 τοῖς
2452 2845 2665 2909 πολλοῖς
2726 2845 2995 2898 ἂπλοκον·
3058 2844 3159 2914 βίῳ
3219 2846 3317 2914 μέν
3382 2843 3565 2915 ὁδηγῷ
3615 2843 3840 2914 θεωρίας,

2287 2937 2491 3009 θεωρία
2530 2936 2584 2989 δὲ
2630 2937 2884 3008 σφραγῖδι
2919 2936 3029 3007 βίου
3061 2937 3428 3007 χρησάμενος.
3480 2936 3642 3006 Ἀρχή
3676 2952 3728 2988 τε
3752 2936 3845 3004 γάρ

2289 3030 2479 3097 σοφίας
2519 3028 2681 3097 φόϐος
2732 3029 2963 3100 Κυρίου,
3001 3023 3113 3081 οἶόν
3160 3045 3213 3080 τι
3256 3028 3475 3099 πρῶτον
3522 3028 3843 3098 σπάργανον·

616 3118 808 3182 iniens,
849 3125 907 3171 ut
935 3127 991 3172 et
1028 3117 1135 3171 vita
1167 3120 1300 3172 duce
1342 3120 1408 3171 ad
1455 3119 1965 3190 contemplationem
1999 3131 2177 3174 utere-

2293 3121 2381 3174 καὶ
2414 3120 2575 3190 σοφία
2614 3121 2703 3173 τὸν
2742 3120 2906 3189 φόϐον
2936 3119 3244 3192 ὑπερϐᾶσα.
3279 3120 3374 3173 καὶ
3408 3122 3490 3183 εἰς
3521 3119 3619 3192 τὴν
3652 3121 3846 3188 ἀγάπην

617 3216 724 3273 tur,
769 3216 824 3262 et
860 3207 1309 3277 contemplatione
1356 3209 1521 3263 vitam
1566 3209 1903 3280 obsignaret.
1950 3210 2083 3265 Nam
2128 3221 2181 3267 et

618 3297 779 3351 timor
819 3298 1029 3352 Domini
1071 3298 1395 3368 principium
1430 3310 1514 3354 est
1543 3300 1852 3370 sapientiae,
1893 3302 2038 3356 velut
2070 3304 2179 3371 pri-

2288 3212 2686 3275 ἁναϐιϐάσασα,
2714 3211 2850 3265 Θεοῦ
2890 3212 3077 3282 φίλους
3107 3212 3255 3283 ἡμᾶς
3291 3211 3387 3265 καί⁵
3416 3212 3569 3275 υἱοὺς
3606 3212 3718 3264 ἀντὶ
3741 3211 3849 3264 δοῦ-

2286 3303 2391 3356 λων
2432 3304 2745 3374 ἐργάζεται.

616 3404 761 3444 mum
796 3392 1061 3462 quoddam
1098 3393 1518 3460 incunabulum;
1557 3405 1611 3450 et
1646 3396 1937 3465 sapientia,
2005 3414 2124 3453 cmn
2195 3399 2441 3455 timorem
2506 3401 2824 3468 excesserit,
2866 3410 3026 3469 atque
3057 3401 3122 3455 ad
3190 3401 3510 3457 charitatem
3538 3417 3636 3457 nos
3675 3401 3851 3457 subve-

617 3483 776 3546 xerit,
808 3499 872 3538 ex
903 3485 1074 3540 servis
1095 3485 1205 3555 jam
1236 3487 1440 3542 amicos
1474 3487 1563 3542 Dei
1597 3503 1662 3543 ac
1691 3490 1830 3544 filios
1860 3489 2041 3545 cfiicit.

688 3573 797 3629 VII.
835 3574 925 3630 Sic
966 3591 1125 3645 porro
1168 3578 1427 3633 educatus
1457 3588 1511 3633 et
1559 3580 1839 3635 institutus
1902 3583 2005 3652 (ut
2045 3597 2188 3637 nunc

616 3680 829 3735 quoque
858 3680 953 3721 eos
997 3677 1306 3737 oporteret,
1337 3669 1427 3738 qui
1459 3669 1630 3739 plebis
1678 3673 1948 3727 antistites
1995 3672 2182 3739 futuri,

618 3771 977 3828 magnumque
992 3758 1397 3829 Christicorpus
1413 3764 1693 3817 tractaturi
1714 3772 1859 3828 sunt,
1886 3766 2178 3819 secundum

619 3862 868 3917 magnum
904 3849 995 3904 Dei
1039 3850 1323 3910 consilium
1369 3867 1432 3907 ac
1463 3855 1882 3922 praescientiam,
1920 3871 2038 3925 qum
2068 3872 2183 3909 ma-

619 3954 843 4005 gnarum
884 3954 1064 3993 rerum
1103 3943 1384 3995 materiam
1420 3945 1573 4013 longe
1605 3954 1733 3999 ante
1766 3947 2079 4017 praestruit),
2128 3947 2182 4001 in

622 4044 870 4098 magnum
897 4031 1037 4086 hunc
1055 4034 1393 4088 sacerdotum
1421 4037 1665 4092 ordinem
1691 4050 1997 4107 cooptatur,
2023 4049 2187 4110 atque

621 4122 677 4175 in
701 4136 912 4189 eorum,
947 4125 1036 4193 qui
1074 4127 1528 4196 appropinquanti
1567 4132 1674 4185 Deo
1720 4132 2185 4202 appropinquant,

622 4230 906 4269 numerum
957 4219 1272 4282 ascribitur,
1324 4235 1387 4273 ac
1434 4232 1796 4279 sacrosanctae
1849 4226 2096 4281 stationis
2130 4236 2185 4282 et

2366 3585 2439 3636 Z'.
2482 3583 2723 3653 Τραφεὶς
2763 3583 2820 3636 δέ
2863 3582 3005 3637 οὕτω
3039 3584 3132 3637 καὶ
3164 3584 3495 3648 παιδευθεὶς,
3540 3584 3615 3648 ὡς
3655 3585 3757 3637 ἔδει
3797 3602 3852 3652 γε

2295 3675 2390 3729 καὶ
2420 3674 2517 3728 νῦν
2552 3677 2677 3738 τοὺς
2712 3674 2841 3729 λαοῦ
2885 3678 3286 3748 προστήσεσθαι
3338 3677 3656 3748 μέλλοντας,
3692 3680 3777 3730 καὶ
3802 3678 3852 3729 τὸ

2297 3771 2438 3841 μέγα
2476 3768 2569 3821 τοῦ
2600 3769 2836 3841 Χριστοῦ
2875 3770 2987 3842 (50)
3018 3770 3175 3843 σῶμα
3208 3771 3707 3843 μεταχειρίζεσθαι,
3730 3772 3853 3824 κατα

2292 3862 2392 3932 τὴν
2430 3860 2669 3932 μεγάλην
2706 3862 2800 3914 τοῦ
2834 3862 2966 3915 Θεοῦ
2998 3862 3192 3932 βουλήν
3228 3880 3287 3915 τε
3339 3864 3436 3917 καὶ
3478 3863 3794 3934 πῴγνωσιν,
3824 3864 3851 3928 ἢ

2294 3951 2578 4022 πόρρωθεν
2628 3952 3023 4006 καταϐάλλεται
3074 3954 3181 4006 τῶν
3236 3954 3486 4025 μεγάλων
3531 3953 3855 4025 πραγμάτων

2291 4041 2389 4105 τὰς
2419 4041 2731 4106 ὑποθέσεις,
2762 4042 2838 4114 τῷ
2870 4044 3088 4115 μεγάλῳ
3120 4044 3322 4115 βήματι
3359 4046 3537 4116 τούτῳ
3576 4045 3854 4114 ἐγκαταλέ-

2292 4150 2469 4203 γεται,
2521 4134 2615 4187 καὶ
2671 4133 2779 4187 τῶν
2832 4135 3158 4204 ἐγγιζόντων
3195 4130 3273 4199 εἷς
3312 4136 3391 4207 τῷ
3436 4138 3702 4206 ἐγγίζοντι
3746 4134 3857 4204 Θεῷ

2289 4225 2517 4293 γίνεται,
2533 4225 2738 4295 καὶτῆς
2758 4227 2908 4296 ἱερᾶς
2935 4226 3176 4291 ἀξιοῦται
3195 4227 3437 4292 στάσεώς
3453 4246 3516 4280 τε
3533 4230 3625 4281 καὶ
3644 4228 3852 4291 τάξεως.

619 4305 823 4360 ordinis
869 4308 1071 4363 honore
1123 4309 1376 4375 allicitur,
1424 4312 1741 4382 cunctisque
1784 4314 2179 4370 ecclesiastico-

2293 4317 2381 4370 καὶ
2421 4318 2598 4369 πᾶσαν
2627 4317 2726 4388 τὴν
2773 4316 2881 4369 τῶν
2914 4317 3137 4389 βαθμῶν
3182 4319 3501 4372 ἀκολουθίαν
3550 4318 3855 4383 διεξελθὼν,

621 4413 737 4451 rum
782 4398 1043 4465 graduum
1079 4401 1389 4456 muneribus
1423 4403 1674 4472 deinceps
1715 4405 2025 4473 perfunctus
2090 4405 2185 4478 (ut

621 4504 740 4556 qua}
784 4491 953 4543 media
994 4501 1120 4545 sunt
1160 4493 1476 4565 resecem),
1528 4495 1895 4551 Alexandrino
1948 4499 2142 4569 populo
2167 4538 2184 4564 ,

624 4580 767 4650 quod
804 4582 943 4635 idem
990 4596 1074 4637 εει
1106 4599 1169 4638 ac
1208 4585 1253 4639 si
1305 4585 1563 4640 dixissem
1618 4589 1873 4643 universo
1915 4600 2178 4644 terrarum

619 4672 760 4737 orbi,
806 4674 1117 4741 praeficitur.
1160 4676 1346 4745 Neque
1391 4679 1527 4734 satis
1566 4681 1899 4736 constituere
1941 4697 2178 4751 possunt,

618 4765 903 4819 virtutisne
930 4767 1206 4834 praemium
1230 4810 1244 4834 ,
1285 4783 1373 4835 an,
1404 4779 1459 4823 ut
1501 4780 1647 4825 esset
1680 4772 1927 4827 Ecclesia:
1973 4773 2090 4827 fons
2120 4790 2183 4829 ac

619 4855 764 4920 vita,
799 4856 1102 4925 hujusmodi
1144 4859 1458 4928 dignitatem
1516 4865 1803 4933 acceperit.
1838 4863 1989 4919 Hanc
2033 4867 2178 4920 enim

691 4969 802 5052 (45')
839 4972 1146 5052 Ἀντωγζου
1173 4976 1482 5052 τοῦ-θείου
1505 4980 1648 5052 ,βίον
1674 5023 1686 5035 .
1710 5022 1724 5036 .
1750 5019 1764 5034 .
1790 4981 1859 5034 ἐν
1883 4982 2189 5052 πλάσματι

618 5041 973 5123 διῃηῖᾳεως.
1004 5045 1217 5123 Nicetes
1248 5066 1260 5101 :
1286 5041 1766 5123 Exqpaztadtpsvo;
1794 5041 2092 5123 διηγεῖσθαι
2121 5054 2188 5107 τά

618 5112 712 5193 τοῦ
744 5111 885 5164 θείου
932 5115 1237 5193 Ἀντωνίου,
1272 5111 1500 5183 κανόνας
1561 5111 1773 5185 ἐξέθετο
1830 5111 2182 5193 μο’ναδικούςο

625 5201 643 5232 ι
667 5182 970 5262 i’rzctexens
1007 5186 1225 5241 Antonii
1250 5203 1334 5262 res
1359 5182 1957 5262 gestasnarrare,'vitaz
1997 5182 2182 5247 mona-

620 5255 1031 5335 s‘ticreuregulas
1072 5255 1415 5335 conscripsit.
1457 5261 1583 5335 [Et
1640 5262 1938 5335 Scholiasta
1982 5265 2183 5318 codicis

620 5324 809 5404 tlyprii
831 5324 1358 5404 monet‘cavendutn,
1383 5344 1449 5383 ne
1480 5332 1622 5404 fictio
1647 5333 2006 5399 existimetur,
2038 5335 2180 5401 quod

622 5393 679 5474 ἐν
711 5392 986 5474 πλάσματι
1015 5392 1351 5474 διηγήσεως,
1396 5417 1413 5449 ι
1441 5402 1549 5474 sub»
1570 5404 1895 5474 narrationis
1935 5392 2131 5472 specie,
2154 5420 2172 5455 ι

625 5466 1221 5540 dicaturAIhanasius
1254 5468 1473 5523 Antonii
1505 5472 1666 5523 vitam
1699 5466 2004 5540 scripsisse,
2034 5466 2125 5527 vir
2148 5490 2179 5527 a

626 5535 906 5605 mendacio
959 5538 1387 5605 remotissimus;
1457 5540 1552 5595 sed
1624 5535 1838 5596 Antonii
1894 5545 2057 5597 vitam
2117 5545 2185 5597 ab

625 5601 920 5684 Athanasio
952 5608 1232 5684 scriptam.
1259 5601 1719 5684 essentonasticae
1772 5614 1895 5684 vita:
1942 5629 2185 5667 normam

628 5685 690 5752 ac
709 5672 1045 5752 disciplinam
1068 5672 1116 5752 ἰ-
1153 5678 1240 5752 Ἑν
1302 5679 1597 5752 πλάσματι,
1644 5682 1741 5752 οὐχ
1783 5682 1863 5737 ὅτι
1920 5684 2191 5738 ἐπλάσατο

954 5738 1472 5833 Πκατὰμᾉνξιίίνιον
1526 5738 1810 5833 ἱστορίξνχ
1863 5753 1936 5824 μὴ
1982 5754 2193 5833 λέγοιτο

632 5807 708 5877 μ’.
729 5807 934 5880 γένοιτο
954 5812 992 5879 ι]
1029 5853 1092 5873 ...
1139 5817 1253 5872 ἀλλ’
1285 5819 1313 5873 ὃ
1350 5820 1495 5889 λέγει
1519 5807 1755 5879 τοιοῦτόν
1795 5807 1971 5878 ἐστιν’
2011 5807 2073 5878 Ἡ
2097 5823 2191 5899 τοῦ

2282 4410 2367 4462 ἵνα
2392 4407 2457 4462 τὰ
2476 4410 2533 4461 ἐν
2559 4408 2705 4479 μέσῳ
2730 4409 2994 4480 συντέμω,
3020 4411 3118 4481 τὴν
3140 4410 3231 4464 τοῦ
3260 4410 3397 4482 (ὅθ’)
3422 4410 3553 4463 λαοῦ
3580 4412 3855 4481 προεδρίαν

2286 4501 2620 4567 πιστεύεται,
2653 4502 2844 4555 ταυτὸν
2882 4501 2937 4554 δὲ
2975 4503 3167 4565 εἰπεῖν,
3200 4504 3299 4573 τῆς
3330 4504 3657 4574 οἰκουμένης
3689 4505 3856 4569 πάσης

2287 4593 2624 4647 ἐπιστασίαν.
2678 4594 2787 4646 Καὶ
2823 4593 2923 4645 οὐκ
2972 4593 3079 4664 ἔχω
3127 4595 3331 4663 λέγειν,
3391 4598 3623 4666 πότερον
3670 4597 3857 4667 ἀρετῆς

2288 4680 2466 4751 ἆθλον,
2502 4686 2533 4757 ἢ
2568 4687 2665 4756 τῆς
2707 4685 3030 4755 Ἑκκλησίας
3059 4687 3240 4759 πηγὴν
3273 4688 3368 4740 καὶ
3400 4686 3568 4758 ζωὴν,
3590 4688 3689 4759 τὴν
3713 4690 3859 4757 ἱερω-

2291 4777 2453 4847 σύνην
2485 4777 2776 4847 λαμϐάνει.
2829 4776 2977 4829 Ἔδει
3010 4777 3117 4849 γὰρ
3156 4777 3522 4830 ἐκλείπουσαν
3565 4778 3767 4845 ταύτην

2286 4867 2427 4938 δίψει
2461 4869 2559 4939 τῆς
2591 4869 2868 4939 ἀληθείας,
2896 4870 3084 4942 ὥσπερ
3113 4871 3205 4924 τὸν
3247 4872 3496 4943 Ἰσμαὴλ,
3527 4872 3853 4939 ποτισθῆναμ

2296 4987 2456 5061 ἁγίου
2502 4987 2783 5061 Ἀντωνίου
2838 4987 2951 5059 βίου
2988 4988 3298 5061 συγγραφὴ,
3339 4988 3631 5061 νομοθεσία
3663 4985 3733 5061 ἦν
3776 4987 3853 5039 τηε

2296 5056 2581 5127 μοναδικοῦ
2611 5058 2743 5126 βίου,
2784 5056 2889 5112 etc.

2365 5127 2477 5200 (xlii)
2514 5128 2663 5200 Νῦν.
2698 5130 2853 5200 Deest
2886 5129 2939 5181 in
2962 5128 3400 5200 quinque-Regg.
3432 5140 3487 5184 et
3513 5129 3608 5185 Or.
3639 5131 3690 5184 Ι.

2365 5145 2477 5195 (ευ)
2516 5145 2663 5180 [νυν.
2698 5145 2853 5181 ueest
2887 5145 2939 5181 in
2962 5145 3089 5196 qutn
3134 5145 3400 5200 ue-uegg.
3432 5145 3487 5184 et
3513 5145 3608 5185 ur.
3639 5145 3690 5184 ι.

2360 5198 2472 5268 (Π)
2513 5198 3033 5268 Ἐκπληρώσωμεκ
3085 5145 3232 5255 ὅπως
3271 5202 3428 5274 Reg.,
3480 5199 3857 5271 ἐκπληρὼααν-

2288 5283 2398 5330 τες.

2360 5337 2468 5407 (48)
2492 5336 3025 5411 Παραπέμψασθαι.
3061 5339 3226 5411 Regg.
3259 5356 3309 5406 c,
3338 5340 3393 5407 d,
3425 5351 3552 5396 octo
3572 5341 3754 5401 Colb.,
3774 5339 3853 5393 0r.

2286 5406 2342 5473 2,
2374 5408 2856 5477 παραπέμπεσθαι.

2374 5426 2594 5477 παραπε
2643 5426 2856 5463 πεσυαι.

2496 5426 2789 5557 (ζύἐὲεβίο
2818 5494 2910 5557 se_x
2944 5480 3108 5557 [ἴδες.
3133 5491 3188 5557 et
3213 5479 3390 5557 (λιτά.
3413 5481 3471 5534 In
3505 5482 3620 5547 ed.,
3643 5480 3729 5557 οὐ.

2361 5548 2477 5618 (50)
2512 5548 2618 5621 Τοῦ
2640 5550 2915 5621 ξριστοῦ.
2948 5548 3045 5605 Per
3064 5548 3099 5602 ἰ
3127 5552 3329 5621 Christi
3358 5568 3583 5621 corpus,
3607 5572 3628 5603 ι
3666 5552 3849 5605 intelli—

2292 5615 2467 5685 gitur,
2488 5620 2567 5691 vel
2602 5636 2620 5668 ι
2644 5619 2896 5691 Ecclesia:
2929 5632 3121 5686 cattus,
3151 5640 3169 5672 ι
3214 5620 3369 5689 cujus
3398 5615 3577 5691 caput
3598 5633 3686 5677 est
3711 5621 3851 5676 Clari-

2298 5696 2437 5746 Stus.
2468 5687 2549 5741 vel
2590 5705 2608 5737 ι
2640 5703 2793 5742 sacra
2817 5688 3172 5745 Eucharistia.
3199 5709 3218 5743 ι

2368 5756 2814 5837 (50‘)_lnt_crp_res
2864 5760 3056 5833 legisse
3089 5762 3319 5830 videtur,
3343 5760 3442 5819 τοῦ
3478 5761 3581 5833 τῆς
3621 5762 3850 5837 ’Δλεξε-ετ

2299 5825 2480 5897 δρείας
2512 5826 2662 5885 λαοῦ.
2693 5825 2848 5886 Enn.
2913 5825 2940 5833 ⁷
3305 5825 3316 5830 ’
3537 5825 3575 5833 ”
3755 5825 3768 5829 ⁷
3834 5834 3843 5841 ’
