3932 6512
114 453 256 510 1υ89

1053 456 1310 515 ORATIO
1345 455 1486 512 XXI.
1526 486 1584 499 -—
1628 454 1696 511 IN
1736 453 2017 511 LAUDEM
2056 452 2447 513 ATHANASII.

3231 457 3251 510 1
3263 454 3366 548 εἲθῦ

114 569 167 644 ἢ,
191 569 394 643 ὥσπερ
419 570 515 625 τὸν
530 570 642 643 (51)
681 570 885 640 Ἠλίαν,
921 574 984 628 ὲκ
1010 575 1104 630 τοῦ
1136 578 1460 649 χειμάρρου,
1482 573 1698 645 κατεψυ·

1816 575 2120 646 oportebat,
2145 573 2390 628 veritatis
2415 572 2503 627 siti
2529 570 2869 641 languentem
2898 584 2961 626 ac
2993 585 3162 642 prope
3187 578 3368 629 conte-

112 661 326 732 γμένης
358 660 633 733 άνομϐρίᾳ
687 661 788 731 τῆς
845 662 948 732 γῆς
978 662 1113 735 (52),
1168 662 1455 733 ἀναψύξαι,
1489 664 1582 717 καὶ
1612 679 1699 733 μισ

114 753 220 823 πρά
289 752 563 807 πνέουσαν
619 750 1162 825 ἁναζωοποιηθῆναι,
1212 755 1306 809 καὶ
1357 756 1574 827 σπέρμα
1621 752 1699 824 τῷ

126 842 350 914 Ἰσραὴλ
382 843 770 913 ὑπολειφθῆναι
795 860 808 874 °
842 845 930 898 ἵνα
963 845 1038 915 μὴ
1068 844 1352 917 γενώμεθα
1384 847 1459 908 ὡς
1491 844 1699 914 Σόδομα

114 936 203 989 καὶ
233 935 499 1006 Γόμορρα
533 936 668 1005 (5⁸5),
693 930 767 989 ὧν
796 936 1117 1007 περιϐόητος
1148 938 1298 1009 μὲνὴ
1326 938 1509 1000 κακία,
1543 955 1698 1008 περι-

114 1023 420 1095 ϐοητοτέρα
441 1025 494 1076 δὲ
524 1027 557 1096 ὴ
588 1024 767 1078 άπώλε
778 1042 851 1089 ια,
880 1027 1012 1096 πυρὶ
1040 1028 1132 1079 καὶ
1154 1026 1281 1096 θείῳ
1302 1026 1697 1080 κατακλυσθέν-

111 1135 214 1170 των
253 1117 401 1185 (5-1).
437 1117 535 1170 Διὰ
577 1116 734 1170 τοῦτο
782 1118 991 1189 ἠγέρθη
1032 1119 1198 1189 κέρας
1245 1119 1518 1191 σωτηρίας
1565 1121 1695 1189 ἡμῖν

113 1209 209 1277 ἥδη
241 1206 529 1277 κειμένοις
562 1207 696 1278 (55),
727 1207 818 1261 καὶ
852 1208 996 1272 λίθος
1023 1209 1433 1279 ἀκρογωνιαῖος,
1468 1209 1695 1264 συνδέων

112 1300 287 1369 ἑαυτῷ
320 1317 385 1352 τε
415 1301 509 1353 καὶ
540 1300 787 1371 ἀλλήλοις
828 1302 995 1372 ἡμᾶς,
1029 1302 1289 1374 ἐνεϐλήθη
1322 1303 1460 1357 κατὰ
1485 1302 1691 1372 καιρὸν,

112 1391 143 1462 ἢ
169 1391 285 1463 πῦρ
322 1392 694 1463 καθαρτήριον
726 1392 824 1463 τῆς
860 1393 1071 1464 φαύλης
1103 1392 1236 1465 ὕλης
1266 1398 1361 1447 καὶ
1392 1394 1691 1465 μοχθηρᾶς,

112 1484 143 1553 ἢ
174 1484 355 1536 πτύον
382 1484 710 1554 γεωργικὸν,
745 1477 789 1551 ᾧ
816 1484 877 1535 τὸ
906 1483 1103 1551 κοῦφον
1133 1484 1241 1537 τῶν
1279 1484 1561 1555 δογμάτων
1602 1486 1695 1538 καὶ

111 1577 167 1627 τὸ
201 1575 354 1646 βαρὺ
384 1574 753 1647 διακρίνεται,
786 1577 820 1646 ἢ
855 1576 1095 1647 μάχαιρα
1132 1575 1230 1639 τὰς
1261 1576 1358 1647 τῆς
1384 1576 1580 1639 κακίας
1610 1576 1693 1647 ῥί-

114 1665 203 1729 ζας
255 1666 635 1737 ἐκτέμνουσαο
688 1668 780 1720 καὶ
824 1669 852 1719 ό
884 1668 1055 1736 Λόγος
1099 1668 1338 1737 εὑρίσκει
1379 1667 1468 1721 τὸν
1502 1666 1692 1721 ἑαυτοῦ

117 1757 440 1829 σύμμαχον,
474 1760 570 1812 καὶ
618 1758 679 1811 τὸ
724 1758 950 1830 Πνεῦμα
992 1757 1399 1815 καταλαμϐάνει
1431 1759 1523 1813 τὸν
1555 1760 1694 1829 ὑπὲρ

116 1849 277 1903 αὑτοῦ
320 1849 645 1903 πνεύσοντα.
1436 1862 1439 1863 ⁷

178 2112 262 2165 H'.
303 2108 466 2163 Οὕτω
499 2108 595 2179 μὲν
636 2101 729 2161 οὖν
771 2106 864 2160 καὶ
892 2105 978 2159 διὰ
1011 2104 1202 2169 ταῦτα,
1234 2104 1400 2177 ψήφῳ
1430 2104 1522 2160 τοῦ
1564 2105 1694 2159 λαοῦ

115 2200 338 2262 παντὸς,
370 2199 436 2251 οὐ
470 2198 610 2250 κατὰ
638 2196 727 2249 τὸν
758 2196 984 2268 ὕστερον
1015 2197 1313 2267 νικήσαντα
1344 2196 1575 2267 πονηρὸν
1603 2196 1696 2249 τύ-

114 2308 230 2354 πον,
274 2291 403 2344 οὐδὲ
439 2276 675 2357 ξρονικῶς
712 2306 770 2341 τε
804 2288 897 2341 καὶ
934 2286 1292 2360 τυραννικῶς,
1327 2286 1441 2341 ἀλλ’
1470 2288 1698 2341 ἀπόστο.

114 2383 278 2445 λικῶς
310 2400 371 2435 τε
407 2382 501 2434 καὶ
532 2380 915 2451 πνευματικῶς
937 2418 952 2443 ,
993 2380 1084 2431 ἐπὶ
1112 2378 1203 2431 τὸν
1244 2380 1473 2450 Μάρκου
1505 2379 1694 2451 θρόνον

115 2476 411 2543 ἀνάγεται,
452 2474 549 2543 οὑχ
599 2468 757 2544 ἦττον
808 2472 906 2541 τῆς
956 2469 1271 2533 εὐσεϐείας,
1328 2469 1361 2540 ἢ
1417 2470 1515 2540 τῆς
1565 2487 1698 2540 προ-

116 2569 296 2638 εδρίας
346 2566 464 2637 (56)
507 2564 775 2633 διάδοχοςο
824 2566 891 2634 τῇ
949 2563 1047 2633 μὲν
1104 2561 1213 2634 γὰρ
1259 2561 1549 2625 πολλοστὸς
1602 2561 1695 2614 ἀπ’

115 2660 344 2722 ἐκείνου,
382 2660 451 2728 τῇ
482 2656 538 2709 δὲ
568 2656 728 2719 εὐθὺς
764 2655 877 2726 μετ’
913 2655 1117 2707 ἐκεῖνον
1144 2654 1456 2726 εὑρίσκεται
1480 2670 1494 2685 ⁸
1538 2654 1604 2725 ἢν
1633 2654 1698 2725 δὴ

118 2754 202 2806 καὶ
233 2752 451 2823 κυρίως
492 2747 826 2819 ὑποληπτέον
865 2747 1133 2817 διαδοχήν.
1177 2747 1250 2799 Τὸ
1293 2748 1390 2816 μὲν
1430 2746 1538 2818 γὰρ
1566 2747 1697 2816 ὁμό-

118 2860 336 2914 γνωμον
364 2842 463 2895 καὶ
494 2840 783 2912 ὁμόθρονον
804 2880 817 2905 ,
845 2840 905 2892 τὸ
939 2839 996 2892 δὲ
1028 2838 1293 2905 ἀντίδοξον
1326 2840 1419 2891 καὶ
1447 2838 1697 2909 ἀντίθρο-

120 2953 235 2990 νον⁸
286 2935 389 2988 καὶ
436 2936 469 3004 ἡ
524 2932 621 3004 μὲν
655 2931 1025 3003 προσηγορίαν
1070 2930 1205 3001 (57),
1263 2930 1297 2999 ἡ
1334 2929 1391 2982 δὲ
1444 2928 1698 3000 ἀλήθειαν

116 3027 221 3095 ἔχει
249 3022 530 3094 διαδοχῆς.
558 3022 632 3075 Οὑ
666 3019 773 3092 γὰρ
809 3022 837 3072 ὁ
866 3019 1214 3090 βιασάμενος,
1246 3018 1360 3071 ἀλλ’
1394 3019 1423 3070 ό
1457 3016 1699 3087 βιασθεὶς

115 3118 390 3187 διάδοχος·
438 3114 557 3168 οὑδὲ
592 3116 620 3167 ό
662 3113 1085 3184 παρανομήσας,
1141 3109 1256 3164 ἀλλ’
1304 3111 1333 3163 ὁ
1367 3107 1698 3181 προϐληθεὶς

116 3208 358 3279 έννάμπ
378 3221 395 3237 ο
426 3203 547 3258 οὑδὲ
577 3202 604 3253 ὁ
627 3202 884 3256 τάναντία
911 3200 1171 3267 δοξάζων,
1204 3198 1317 3252 ἀλλ’
1344 3201 1371 3253 ὁ
1397 3199 1493 3269 τῆς
1526 3197 1697 3268 αὐτῆς

1805 664 2220 731 ctam,lsmaelis
2236 665 2427 728 instar,
2445 664 2660 734 potione
2677 663 2846 727 refici,
2868 673 2984 727 aut,
3004 664 3149 717 velut
3171 664 3362 729 Eliam,

1806 758 2118 825 retrigerata
2148 769 2242 823 per
2270 754 2571 809 siccitatem
2604 764 2747 807 terra
2771 796 2785 819 ,
2822 768 2852 807 e
2884 763 3120 807 torrente
3149 753 3365 808 rel‘ocil-

1804 844 1923 909 lari,
1958 840 2338 913 paululumque
2373 842 2668 910 spirantem
2698 841 2763 895 ad
2799 842 2961 895 vitam
3000 842 3268 904 revocari,
3303 858 3367 896 ac

1803 952 1983 991 semen
2012 933 2195 989 lsraeli
2224 933 2488 1003 relinqui;
2527 949 2593 987 ne
2623 943 2681 987 ut
2710 933 2943 987 Sodoma
2975 942 3028 986 et
3059 932 3363 987 Gomorrha

1803 1027 2164 1087 efﬁcerentur,
2196 1040 2423 1094 quarum
2463 1024 2700 1080 celebris
2743 1026 2956 1093 quidem
2991 1032 3075 1078 est
3104 1024 3365 1092 improbi-

1803 1126 1919 1179 tas,
1946 1116 2209 1170 celebrior
2238 1126 2417 1169 autem
2465 1116 2736 1182 interitus,
2783 1116 2975 1170 incolis
3012 1131 3205 1184 nempe
3252 1117 3362 1186 igni

1802 1219 1858 1265 et
1902 1209 2159 1278 sulphure
2222 1207 2494 1278 oppressis
2546 1218 2707 1278 atque
2775 1209 3004 1261 obrutis.
3066 1205 3363 1275 Propterea

1802 1302 1955 1355 nobis
1998 1301 2108 1369 jam
2148 1300 2453 1368 jacentibus
2498 1315 2665 1356 cornu
2714 1301 2905 1355 salutis
2954 1311 3198 1355 erectum
3242 1310 3362 1367 est,

1802 1393 2043 1463 lapisque
2071 1392 2345 1462 angnlaris
2365 1432 2379 1456 ,
2410 1408 2506 1447 nos
2528 1432 2543 1457 ,
2584 1403 2638 1446 et
2679 1392 2820 1457 sibi,
2851 1403 2906 1447 et
2937 1392 3079 1446 inter
3105 1408 3201 1447 nos
3228 1408 3361 1446 con-

1800 1485 2087 1553 stringens,
2136 1495 2435 1552 opportune
2473 1484 2635 1553 390
2677 1482 2906 1551 injectus
2937 1492 3040 1543 est,
3081 1491 3173 1535 aut
3218 1481 3363 1547 ignis

1801 1575 1953 1629 mala:
1992 1586 2046 1629 et
2090 1576 2295 1628 vitiosae
2344 1576 2582 1630 materia:
2634 1584 2910 1645 purgator.
2963 1583 3055 1627 aut
3101 1574 3362 1629 rusticum

1801 1668 2174 1730 ventilabrum,
2213 1683 2341 1735 quo,
2388 1668 2528 1721 inter
2554 1668 2825 1733 dogmata,
2858 1667 2995 1720 levia
3028 1682 3058 1719 a
3108 1665 3365 1734 gravibus

1801 1760 2201 1817 discernuntur.
2250 1767 2343 1811 aut
2371 1758 2578 1826 gladius
2612 1757 2726 1810 vitii
2762 1756 2974 1809 radices
2996 1755 3360 1809 exscindens:

1803 1860 1965 1920 atque
1991 1852 2126 1906 adeo
2145 1851 2382 1905 Verbum
2407 1852 2531 1906 belli
2564 1852 2772 1906 socium
2799 1852 3023 1915 invenit,
3051 1858 3106 1905 et
3128 1848 3364 1919 Spiritus

1724 1934 1768 1988 Β
1798 1943 2089 2011 hominem,
2121 1946 2212 2015 qui
2252 1960 2348 2014 pro
2382 1960 2440 1999 se
2462 1945 2653 2013 spiret,
2685 1943 3043 1998 nanciscitur.

1816 2174 1823 2184 ,
1869 2112 1999 2168 Vlll.
2040 2112 2131 2167 Sic
2177 2113 2359 2183 igitur,
2390 2124 2551 2183 atque
2579 2116 2647 2168 ob
2675 2128 2767 2168 eas
2816 2127 3031 2176 causas,
3071 2110 3235 2165 totius
3267 2125 3365 2180 po-

1798 2188 1904 2272 puli
1938 2200 2231 2273 suﬂragiis,
2265 2219 2368 2258 non
2400 2217 2579 2258 autem
2608 2202 2901 2258 secundum
2928 2216 3153 2271 pravum
3182 2215 3368 2254 exera-

1797 2295 1976 2362 plnm,
2010 2296 2150 2363 quod
2194 2304 2379 2363 postea
2416 2295 2657 2359 inolevit,
2692 2310 2867 2363 neque
2904 2309 3000 2363 per
3028 2295 3134 2348 vim
3171 2309 3232 2348 ac
3257 2309 3362 2348 cae-

1797 2388 1956 2447 dem.
1986 2388 2079 2441 sed
2124 2389 2421 2455 apostolico
2466 2398 2519 2443 et
2574 2387 2838 2457 spirituali
2894 2387 3050 2441 modo
3102 2386 3167 2439 ad
3202 2384 3365 2439 Marci

1799 2476 2049 2529 thronum
2081 2479 2346 2538 evehitur.
2390 2494 2497 2533 non
2542 2479 2723 2532 mintts
2778 2476 2998 2547 pictatis
3026 2491 3186 2544 quam
3222 2474 3369 2529 sedis

1800 2581 2121 2632 successor;
2176 2575 2417 2635 tempore
2461 2569 2676 2636 quidem
2722 2568 2789 2622 ab
2833 2582 2896 2622 eo
2938 2566 3367 2631 remotissimus,

1798 2657 1996 2726 pietate
2038 2667 2219 2710 autern
2267 2658 2341 2711 illi
2389 2658 2665 2727 proximus
2717 2658 3026 2720 invenitur;
3076 2672 3197 2727 quae
3248 2656 3369 2725 qni-

1800 2750 1920 2801 dem
1970 2750 2186 2816 proprie
2229 2750 2503 2804 successio
2550 2749 2909 2803 existimanda
2940 2759 3043 2803 est.
3096 2747 3228 2801 Nam
3272 2748 3364 2817 qui

1799 2839 2041 2892 eamdem
2067 2838 2187 2893 fidei
2215 2839 2514 2894 doctrinam
2544 2840 2849 2911 profitetur,
2878 2840 3119 2909 ejusdem
3146 2854 3359 2910 quoque

1804 2928 1978 2983 throni
2022 2929 2202 2984 secius
2234 2940 2357 2985 est:
2415 2932 2506 2999 qui
2547 2941 2727 2985 autem
2777 2931 3107 2986 contrariam
3155 2940 3374 2986 senten-

1802 3020 1929 3074 tiam
1961 3028 2161 3087 tuetur,
2206 3022 2550 3076 adversarius
2585 3038 2797 3091 quoque
2828 3021 2881 3076 in
2938 3022 3131 3076 throno
3161 3021 3369 3076 censeri

1802 3109 1982 3165 debet.
2027 3111 2206 3181 Atque
2254 3111 2370 3165 haec
2402 3112 2617 3181 quidem
2671 3126 2890 3177 nomen,
2949 3112 3037 3165 illa
3074 3125 3200 3165 vero
3253 3125 3369 3163 rem

1804 3200 1973 3271 ipsam
2000 3211 2053 3256 et
2081 3203 2361 3257 veritatem
2398 3204 2559 3257 habet
2590 3203 2971 3258 successionis.
3006 3201 3193 3272 Neque
3224 3202 3369 3257 enim

117 3264 389 3363 πίστεωςο
435 3297 485 3350 εί
521 3298 594 3369 μὴ
638 3295 780 3349 οὑτω
817 3312 900 3358 τις
941 3264 1088 3362 λέγοι
1118 3294 1380 3363 διάδοχον,
1413 3264 1488 3355 ὥς
1544 3264 1696 3345 νόσον

1810 3293 1894 3361 qui
1926 3306 2021 3361 per
2058 3293 2165 3346 vim
2212 3293 2424 3362 irrupit,
2469 3309 2751 3349 successor
2798 3294 3073 3347 habendus
3105 3301 3228 3357 est,
3274 3292 3368 3345 sed

116 3395 327 3462 ὑγιείας
358 3390 494 3461 (58),
524 3391 616 3443 καὶ
657 3388 833 3458 φωτὸς
865 3387 1074 3451 σκότος,
1106 3388 1201 3439 κα)⁵
1231 3386 1397 3457 ζάλην
1429 3384 1693 3457 γαλήνης,

117 3488 205 3538 καὶ
235 3482 513 3545 συνέσεως
541 3480 821 3534 ἔκστασιν.

1804 3387 1895 3455 qui
1921 3386 2027 3439 vim
2056 3400 2340 3456 perpessus
2368 3397 2451 3441 est
2482 3403 2497 3440 :
2533 3400 2632 3440 nec
2661 3384 2750 3453 qui
2804 3384 2950 3454 leges
2987 3382 3243 3446 violavit,
3273 3382 3368 3436 sed

1806 3478 1898 3547 qui
1933 3480 2092 3533 modo
2120 3479 2326 3549 legibus
2357 3488 2721 3533 consentanea
2752 3486 2967 3531 creatus
2986 3483 3069 3531 est
3098 3493 3111 3529 :
3145 3488 3245 3529 nec
3280 3472 3373 3543 qui

117 3581 395 3636 contraria
443 3579 690 3648 dogmata
730 3582 895 3640 tenet,
932 3576 1026 3630 sed
1062 3572 1151 3643 qui
1183 3572 1369 3627 eadem
1406 3570 1509 3626 fide
1539 3570 1794 3641 praeditus
1826 3582 1950 3639 est;
2016 3573 2116 3627 nisi
2179 3574 2301 3643 quis
2365 3572 2593 3627 fortasse
2654 3571 2726 3626 ita
2764 3584 3135 3626 successorem
3197 3570 3365 3634 dicat,

118 3672 572 3744 quemadmodum
618 3672 859 3754 morbum
895 3669 1155 3731 sanitati,
1188 3675 1242 3720 et
1276 3669 1526 3721 tenebras
1584 3666 1711 3732 luci,
1751 3676 1806 3722 et
1880 3677 2253 3738 tempestatem
2302 3666 2699 3737 tranquillitati,
2748 3675 2803 3722 et
2844 3666 3038 3722 mentis
3072 3664 3361 3720 alienatio-

118 3786 236 3825 nem
270 3766 570 3839 prudentite
595 3767 889 3819 succedere
910 3764 1158 3819 dicimus.

180 3862 264 3916 ΘΕ
325 3858 480 3912 Ἐπεὶ
534 3858 591 3910 δὲ
633 3855 774 3910 οὑτω
827 3855 1208 3928 προϐάλλεται,
1263 3851 1404 3906 οὕτω
1456 3850 1551 3905 καὶ
1602 3850 1701 3921 τὴν

118 3954 295 4027 ἀρχὴν
324 3951 438 4022 (59)
466 3951 778 4005 διατίθεται.
828 3950 904 4003 Οὑ
946 3948 1051 4020 γάρ
1084 3945 1218 4017 ὁμοῦ
1255 3962 1313 3998 τε
1347 3942 1701 4014 καταλαμϐά-

118 4062 194 4101 νει
226 4046 325 4097 τὸν
358 4042 564 4116 θρόνον,
600 4041 783 4112 ὥσπερ
811 4041 861 4097 οἱ
888 4038 1177 4111 τυραννίδα
1206 4037 1348 4100 τινὰ,
1376 4036 1409 4107 ἢ
1445 4036 1699 4106 κληρονο-

120 4138 251 4208 μίαν
282 4137 436 4208 παρὰ
466 4135 622 4201 δόξαν
660 4134 770 4205 (60)
801 4133 1180 4205 ἁρπάσαντες,
1216 4131 1309 4184 καὶ
1354 4129 1566 4198 ὑϐρίζει
1610 4128 1700 4183 διὰ

118 4230 205 4281 τὸν
234 4229 421 4299 κόρον.
454 4225 635 4279 Ταῦτα
666 4226 773 4296 γὰρ
801 4224 908 4278 τῶν
934 4224 1102 4278 νόθων
1128 4223 1222 4277 καὶ
1252 4221 1698 4293 παρεγγράπτων

120 4321 317 4393 ἱερέων
354 4318 465 4388 (61)
494 4318 631 4380 ἐστὶ,
662 4320 753 4372 κα).
778 4317 874 4370 τοῦ
903 4314 1316 4385 ἐπαγγέλματος
1354 4313 1589 4379 ἀναξίων
1609 4329 1623 4343 ο
1651 4312 1701 4365 οἳ

121 4412 294 4482 μηδὲν
322 4414 389 4480 τῇ
421 4409 685 4483 ἱερωσύνῃ
724 4406 1229 4481 προεισενεγκόντες
1250 4445 1265 4470 ,
1297 4403 1433 4474 μηδὲ
1477 4402 1570 4455 τοῦ
1604 4420 1703 4456 κα-

118 4504 209 4557 λοῦ
251 4501 899 4573 προταλαιπωρήσαντες,
945 4497 1081 4570 όμοῦ
1122 4514 1181 4550 τε
1218 4494 1460 4568 μαθηταὶ
1497 4495 1593 4547 καὶ
1622 4493 1704 4546 δι-

117 4594 384 4650 δάσκαλοι
407 4594 506 4663 τῆς
530 4592 811 4656 εὑσεϐείας
840 4590 1274 4652 άναδείκνυνται,
1302 4588 1396 4640 καὶ
1420 4586 1552 4658 πρὶν
1579 4584 1711 4639 καθ-

118 4688 363 4759 αρθῆναι
410 4684 733 4757 καθαίρουσι
757 4701 771 4714 ·
810 4683 936 4755 χθὲς
1001 4680 1300 4752 ἱερόσυλοι,
1336 4679 1430 4732 καὶ
1464 4678 1703 4749 σήμερον

122 4780 325 4852 ίερείςο
357 4778 481 4849 χθὲς
514 4776 620 4830 τῶν
652 4775 821 4844 ἁγίων
858 4775 983 4841 ἔξω,
1015 4774 1110 4827 καὶ
1148 4770 1500 4843 μυσταγωγοὶ
1533 4769 1704 4838 σήμε-

122 4890 217 4945 ρον
238 4888 253 4903 ·
294 4870 518 4925 παλαιοὶ
541 4869 640 4941 τὴν
672 4866 891 4933 κακίαν,
923 4867 1018 4921 καὶ
1042 4866 1240 4936 σχέδιω
1264 4863 1363 4935 τὴν
1394 4858 1696 4914 εὐσέϐειαν*

195 5068 318 5136 (51)
352 5066 481 5121 Τόν.
516 5065 755 5136 ῡοεειίη
787 5063 1031 5136 pluribus
1063 5060 1224 5136 co_tld.

196 5123 312 5211 (52)
342 5123 806 5211 Καζεψυγμένῃξ
930 5131 1036 5202 τῆς
1067 5130 1196 5203 γῆς.
1225 5127 1392 5185 Coisl.
1423 5128 1447 5181 1
1476 5134 1529 5183 et
1556 5123 1707 5186 Pan,

122 5205 377 5277 κατεῴυγ
385 5207 550 5277 μένην
578 5206 675 5276 τὴν
703 5205 827 5275 γῆν.

196 5264 313 5350 (55)
329 5264 450 5361 ita:
475 5264 775 5346 ῥόμοζὸρἱἰ
792 5277 924 5344 Reg.
945 5273 1133 5345 Cypr.,
1167 5270 1260 5325 καὶ
1292 5269 1361 5323 τὰ
1384 5268 1479 5339 τῆς
1502 5264 1711 5336 Γομόρ-

123 5354 227 5420 ῥας
266 5349 551 5417 πάθωμεν.

123 5415 916 5543 σθὲῗζζέαταχλυσθέντων.
962 5413 1019 5469 lu
1051 5408 1397 5484 quibusdam,
1432 5421 1709 5460 κατακαυ-

228 5506 393 5542 ντων.

200 5560 318 5630 (55)
345 5559 503 5630 ΪΗδη
531 5554 861 5630 κειμένοις.
894 5554 986 5630 Sic
1025 5551 1419 5630 Regg._pl_ur_es,
1452 5545 1618 5630 Quisl.
1651 5545 1709 5609 2,
1810 5543 1839 5610 ξ

123 5618 312 5686 Ροὲε.’
334 5629 428 5683 Sic
472 5618 652 5683 etiam'
679 5618 866 5696 legunt
904 5626 1076 5680 Nieet.
1105 5618 1168 5680 ἑῐ
1187 5618 1307 5677 Bill.
1336 5620 1392 5674 in
1424 5620 1511 5675 ed.
1556 5618 1707 5680 Par.,

123 5700 556 5773 ἠδικημένοιςηι
585 5696 775 5773 injuria
802 5696 1027 5773 allectis.
1054 5714 1091 5773 t_
1178 5762 1189 5773 .
1584 5758 1597 5771 ο

200 5762 317 5842 (56}
346 5762 1043 5842 Upoe6plac.__0r_.__i_addil,
1076 5762 1307 5829 ἐκείνου,
1341 5781 1359 5816 ι
1388 5777 1493 5819 non
1527 5762 1708 5816 minus

124 5838 373 5913 pietatis,
398 5838 575 5910 quam
608 5838 753 5895 sedis
790 5838 932 5895 illius
959 5850 1260 5894 successor.
1291 5853 1309 5885 ι

1732 5036 1779 5092 Ι)

1872 3853 1963 3908 lx.
2000 3851 2357 3920 Posteaquam
2395 3858 2574 3902 autem
2620 3845 2685 3899 ad
2727 3845 2871 3900 hunc
2921 3843 3139 3897 modum
3176 3839 3374 3911 prtesul

1803 3944 2116 4012 designatus
2158 3951 2237 3995 est
2262 3979 2279 4003 ,
2323 3938 2565 3993 adhunc
2609 3949 2824 4004 quoque
2865 3931 3113 4002 protinus
3150 3928 3369 3981 modum

1802 4035 2086 4105 imperium
2131 4030 2499 4086 administrat.
2544 4025 2659 4079 Non
2706 4024 2849 4079 enim
2887 4021 3050 4076 simul
3097 4027 3263 4087 atque
3306 4016 3376 4070 ad

1804 4130 2054 4184 thronum
2079 4124 2359 4196 pervenit,
2390 4122 2538 4176 velut
2568 4119 2661 4191 qui
2717 4116 3054 4189 tyrannidem
3088 4110 3375 4183 quamdam

1804 4231 1895 4274 aut
1921 4216 2289 4273 hereditatem
2323 4222 2520 4283 praeter
2569 4222 2720 4277 spem
2751 4206 3100 4274 arripuerunt
3128 4241 3143 4266 ,
3191 4199 3376 4254 statim

1806 4310 1876 4365 ob
1906 4308 2245 4363 saturitatem
2274 4305 2328 4358 in
2368 4300 2723 4373 petulantiam
2771 4294 3058 4365 prorupit;
3092 4292 3195 4346 hoc
3231 4291 3377 4346 enim

1808 4400 2238 4454 adulterinorum
2270 4394 2614 4449 sacerdotum
2644 4396 2761 4451 est,
2792 4397 2847 4441 et
2876 4399 3062 4439 eorum
3088 4383 3177 4452 qui
3203 4383 3364 4435 obre-

1812 4499 2059 4560 pserunt,
2106 4487 2307 4557 quique
2346 4495 2569 4537 munere
2618 4476 2762 4549 quod
2806 4474 3143 4544 profitentur,
3179 4471 3379 4539 indigni

1818 4590 1945 4636 sunt
1980 4601 1992 4635 :
2033 4578 2123 4648 qui
2170 4590 2289 4631 cum
2322 4572 2456 4627 nihil
2494 4569 2643 4640 prius
2673 4567 2739 4619 ad
2788 4563 3154 4623 sacerdotium
3180 4560 3380 4614 attule-

1811 4669 1940 4732 rint,
1991 4665 2163 4720 nullas
2217 4674 2485 4717 aerumnas
2530 4656 2748 4711 virtutis
2805 4668 2968 4709 causa
3026 4650 3378 4722 pertulerint,

1810 4758 2056 4829 discipuli
2082 4753 2239 4812 simul
2265 4750 2617 4823 magistrique
2648 4746 2869 4818 pietatis
2906 4753 3191 4809 creantur,
3216 4742 3380 4797 alios-

1809 4865 1917 4924 que
1956 4858 2086 4904 ante
2114 4853 2365 4918 purgant,
2411 4856 2575 4912 quam
2606 4838 2705 4908 ipsi
2736 4836 2950 4908 purgati
2976 4833 3177 4891 fuerint
3205 4851 3219 4889 :
3264 4834 3381 4887 heri

1878 5051 1993 5123 (57)
2026 5050 2139 5105 Kal
2179 5050 2216 5118 ἠ
2242 5048 2359 5123 μὲν
2400 5043 2830 5123 προσηγορίᾳ,
2871 5045 3000 5123 etc.°
3028 5034 3163 5123 Beg.
3201 5032 3389 5123 ac}?!

1808 5103 1990 5205 milhi
2027 5103 2407 5193 “ἆτ⁷ροσῆἱορία,
2438 5103 2497 5187 ’ἡ
2545 5103 2624 5169 δὲ’
2661 5103 2884 5183 ἆλήθεια
2944 5104 3159 5176 ἐδείχθη
3210 5103 3385 5157 διαδο-

1808 5212 1992 5331 χηῗέϐ)
2029 5256 2453 5331 Ὑγιείας-..Ιῇοιμ
2479 5252 2826 5331 ιπηργείας.
2870 5319 2881 5331 _
3207 5314 3255 5331 ,ί
3307 5312 3349 5331 k9

1878 5314 1992 5402 (59)
2040 5314 2272 5399 Ἀξρχήνί
2302 5314 2538 5391 Νιεὶἑιοε,
2576 5314 2754 5391 ἆξίαν,
2788 5314 2810 5373 ⁷.
2840 5319 2919 5375 sic
2956 5330 3177 5373 munere
3206 5314 3384 5382 fungi-

1807 5412 1991 5545 fmilié)
2018 5469 2185 5538 Παρὰ
2222 5467 2428 5532 δόξαν.
2477 5465 2610 5534 Reg.
2641 5464 2734 5533 pb,
2765 5461 2914 5526 Bas.,
2956 5456 3106 5523 Till.,
3151 5452 3387 5527 παράδο-

1841 5561 1898 5598 ον

1878 5593 1990 5687 (61)
2024 5610 2283 5687 Ἰερέωνη
2305 5606 2512 5687 Billius,
2584 5624 2603 5656 ι
2629 5593 3344 5687 Ριςῳειιιυιῐιᾷιμίῖριιέῄέιθ

1807 5666 2155 5748 Ιιῖέήιιὲηιιιίιε
2203 5679 2380 5749 agitur
2425 5696 2444 5728 ι
2472 5666 2537 5732 de
2581 5673 2895 5750 adulterinis
2914 5666 3317 5750 sacerdotibus,
3360 5683 3380 5715 ι

1806 5738 1921 5827 qui,
1947 5738 2091 5807 nulla
2123 5738 2341 5827 virtute,
2380 5750 2488 5805 imo
2509 5762 2631 5804 cum
2660 5744 2842 5800 multis
2879 5740 3049 5808 vitiis,
3086 5756 3105 5790 ι
3135 5738 3202 5793 ad
3235 5738 3385 5791 thro-

1808 5841 1935 5882 num
1960 5832 2329 5891 perveniunt.»
