3914 6404
129 404 262 460 1093

1030 404 1288 463 ORATIO
1326 404 1467 459 XXI.
1511 437 1578 445 —
1616 403 1680 458 IN
1723 405 2002 462 LAUDEM
2041 407 2436 466 ATIIANASII.

3215 413 3356 470 1094

124 518 222 587 τῆς
243 515 494 588 θεωρίας,
524 515 616 570 καὶ
640 517 752 570 ὅσοι
775 533 872 588 της
895 517 1164 590 πράξεως.
1205 519 1263 571 '0
1289 518 1388 588 μὲν
1411 516 1692 571 ἐπαινείτω

1803 520 1960 574 simul
1987 531 2040 576 et
2067 521 2297 589 feminae,
2329 522 2698 578 adolescentes
2727 533 2782 584 et
2823 522 3081 596 virgines,
3113 538 3270 580 senes
3297 534 3362 581 et

128 611 184 664 τὸ
208 612 267 664 ἐν
303 610 579 680 νηστείαις
625 611 718 663 καὶ
753 614 1101 682 προσευχαῖς,
1143 608 1254 664 οἷον
1297 609 1584 680 ἀσώματόν
1631 627 1691 662 τε

1802 611 2030 680 iuvenes,
2055 613 2364 670 sacerdOtes
2392 624 2446 670 et
2473 615 2722 686 populus,
2750 616 3000 671 monachi
3025 624 3079 672 et
3109 615 3162 672 in
3194 615 3356 672 soda-

125 702 214 754 καὶ
243 700 406 754 ᾰῡλον
429 718 443 732 ·
477 702 505 754 ὀ
528 701 585 754 δὲ
610 701 672 754 τὸ
700 704 758 755 ἐν
791 703 1122 774 ἀγρυπνίαις
1149 719 1207 755 τε
1237 702 1332 755 καὶ
1356 701 1694 772 ψαλμῳδίαις

124 791 334 845 εύτονόν
369 810 428 845 τε
460 793 572 862 (70)
607 793 698 846 καὶ
735 793 1000 863 ἀήττητον
1021 811 1035 824 ·
1072 793 1230 856 ἄλλος
1263 793 1323 846 τὸ
1350 793 1408 845 ἐν
1449 809 1692 864 προστα-

127 883 212 954 σίᾳ
241 884 353 936 τῶν
386 885 675 954 δεομένων,
703 883 859 947 ἄλλος
897 886 997 956 τὴν
1044 885 1180 956 πρὸς
1206 884 1265 937 τὸ
1297 883 1561 955 ὑπερέγον
1600 884 1694 937 ἁν-

123 975 372 1029 τιτυπίαν
399 976 531 1047 (71),
559 977 592 1046 ἢ
629 975 764 1046 πρὸς
792 977 852 1028 τὸ
882 975 1136 1029 ταπεινὸν
1175 973 1598 1042 συγκατόῶασιν.
1627 975 1693 1028 ΑΞ

124 1069 401 1141 παρθένοι,
449 1069 539 1120 τὸν
565 1069 958 1138 νυμφαγωγόν·
996 1069 1052 1122 αί
1081 1068 1187 1121 ὑπὸ
1229 1067 1420 1136 ζυγὸν,
1467 1067 1557 1120 τὸν
1590 1086 1695 1121 σω-

124 1163 448 1231 φρονιστὴνο
485 1160 533 1212 οἱ
567 1159 666 1228 τῆς
715 1159 949 1230 ἐρημίας
974 1199 988 1220 ,
1023 1158 1115 1211 τὸν
1157 1158 1444 1229 πτερωτήν
1475 1157 1618 1227 (72)·
1647 1160 1694 1210 οί

121 1251 217 1320 τῆς
248 1247 550 1319 ἐπιμιξίας,
575 1249 665 1301 τὸν
691 1247 1019 1319 νομοθέτηνο
1049 1249 1098 1300 οί
1125 1251 1223 1318 τῆς
1255 1245 1574 1316 ἁπλότητος,
1604 1246 1695 1314 τὸν

121 1342 316 1412 ὁδηγόν
335 1359 349 1373 ·
385 1342 432 1394 οἱ
463 1341 566 1410 τῆς
596 1339 826 1412 θεωρίας
845 1379 859 1404 ,
903 1340 994 1394 τὸν
1040 1339 1287 1408 θεολόγον
1309 1351 1326 1368 ⁶
1368 1339 1418 1391 oi
1448 1340 1505 1392 ἐν
1538 1339 1698 1394 εὐθυ-

125 1435 276 1506 μίαις
303 1434 437 1503 (75),
460 1433 550 1485 τὸν
578 1433 791 1502 χαλινόν
811 1448 824 1460 ·
856 1434 902 1484 οί
937 1433 995 1484 ὲν
1031 1433 1358 1502 συμφοραῖς,
1391 1429 1490 1502 τὴν
1519 1431 1697 1500 παράο

116 1528 343 1598 κλησιν·
381 1526 476 1597 τὴν
511 1524 903 1596 βακτηρίαν,ἡ
941 1524 1132 1577 πολιά·
1165 1524 1264 1593 τὴν
1302 1522 1692 1592 παιδαγωγίαν,

122 1623 154 1692 ἡ
187 1621 409 1691 νεότηςο
446 1620 479 1690 ἡ
535 1619 715 1682 πενία,
757 1617 847 1670 τὸν
888 1617 1151 1688 ποριστὴν
1186 1616 1300 1688 (74)
1326 1633 1339 1646 ·
1374 1618 1406 1687 ὴ
1441 1616 1691 1686 εὐπορία,

120 1712 208 1765 τὸν
238 1710 539 1780 οἰκονόμον.
568 1707 793 1762 Δοκοῦσί
824 1724 912 1778 μοι
947 1708 1039 1760 καὶ
1072 1708 1238 1778 χῆραι
1266 1707 1358 1759 τὸν
1387 1707 1693 1776 προστάτην

119 1803 522 1858 ἐπαινέσεσθαι·
550 1804 642 1856 καὶ
669 1802 914 1874 ὀρφανοὶ,
946 1802 1036 1855 τὸν
1067 1802 1277 1872 πατέρα
1298 1817 1310 1830 ⁸
1343 1801 1437 1855 καὶ
1467 1803 1688 1872 πτωχοὶ,

1792 705 1908 758 litio
1937 706 2200 773 viventes,
2234 707 2324 776 qui
2369 708 2731 777 simplicitatis
2764 709 2965 764 alumni
2997 710 3154 775 estis,
3184 717 3239 763 et
3265 710 3355 780 qui

1795 798 2086 852 exaetioris
2117 800 2239 854 vitae
2285 801 2532 865 studiosi,
2579 816 2770 856 omnes
2810 801 3085 873 denique,
3127 817 3355 873 quorum

1794 889 1925 953 vita,
1978 889 2060 945 vel
2098 891 2149 945 in
2198 893 2672 962 contemplatione,
2719 893 2802 948 vel
2836 895 2889 948 in
2918 895 3075 951 rebus
3103 895 3355 965 gerendis

1793 990 2059 1036 versatur.
2101 981 2199 1038 llic
2237 983 2408 1047 illius,
2435 984 2582 1038 velut
2611 998 2836 1054 corpore
2863 987 3102 1041 vacantis
3135 1001 3200 1041 ac
3233 1003 3350 1040 ma-

1794 1077 1944 1131 teria:
1991 1077 2250 1145 expertis,
2286 1077 2338 1130 in
2374 1075 2592 1145 jejuniis
2620 1086 2780 1146 atque
2815 1078 3152 1133 orationibus
3215 1079 3362 1133 assi-

1796 1167 2054 1221 duitatem
2113 1168 2366 1222 laudibus
2409 1169 2638 1235 evehat,
2689 1168 2777 1222 ille
2837 1169 3254 1239 insuperabilem
3305 1170 3359 1224 in

1796 1255 1995 1324 vigiliis
2049 1271 2113 1310 ac
2182 1257 2497 1323 psalmodiis
2547 1258 2808 1328 vigorem.
2877 1260 3026 1313 Alius
3080 1260 3355 1328 egentium

1796 1361 1980 1400 curam
2005 1355 2059 1401 et
2087 1348 2416 1416 praesidium,
2443 1348 2600 1414 alius,
2637 1361 2694 1403 ut
2724 1350 2805 1404 vel
2831 1351 3077 1420 superbis
3113 1359 3168 1404 et
3198 1350 3357 1406 elatis

1798 1438 2084 1502 restiterit,
2111 1439 2192 1492 vel
2230 1441 2295 1494 ad
2327 1439 2559 1494 humiles
2587 1457 2647 1495 se
2673 1443 2969 1508 demiserit,
3002 1452 3204 1496 narret.
3233 1442 3357 1497 Vir-

1797 1528 1948 1596 gines
1995 1527 2293 1596 pronubam
2355 1527 2616 1596 laudent;
2663 1547 2783 1600 qua:
2848 1531 3177 1587 matrimonii
3233 1533 3361 1604 jugo

1796 1622 2099 1674 constrictae
2133 1631 2296 1686 sttut,
2335 1623 2760 1688 moderatorem;
2819 1625 2908 1692 qui
2947 1625 3246 1680 solitariam
3281 1625 3358 1678 vi-

1798 1722 1905 1766 tam
1936 1723 2097 1781 agunt
2123 1755 2137 1779 ,
2170 1715 2519 1769 excitatorem
2550 1723 2602 1768 et
2631 1725 2961 1784 erectorem;
2999 1717 3089 1787 qui
3123 1717 3174 1770 in
3204 1719 3364 1773 soda-

1797 1803 1912 1859 litio
1945 1807 2168 1871 vivunt,
2201 1805 2563 1877 legislaturem
2590 1826 2604 1875 ;
2641 1808 2935 1879 simplices,
2971 1810 3314 1866 deductorem
3341 1827 3360 1879 ;

119 1897 208 1950 τὸν
251 1896 623 1967 φιλόπτωχον·
672 1866 766 1948 κάθι
804 1895 895 1948 τὸν
937 1895 1242 1962 φιλόξενον,
1295 1894 1342 1947 οἱ
1395 1893 1565 1958 ξένον
1599 1893 1692 1948 καὶ

1802 1897 2148 1966 speculationi
2193 1898 2396 1962 dediti,
2448 1899 2793 1969 theologum;
2849 1901 3199 1970 praccipites,
3255 1902 3362 1958 fre-

117 1991 358 2060 ἁδελφοὶ,
387 1989 479 2042 τὸν
504 1987 824 2058 φιλάδελφον
843 2001 857 2017 ⁸
882 1990 930 2040 οί
959 1987 1260 2051 νοσοῦντες,
1283 1987 1376 2040 τὸν
1406 1985 1603 2057 ἰατρὸν,
1628 1987 1692 2057 ἧν

1802 2004 1918 2041 num
1944 2007 1958 2054 ;
1989 1988 2313 2054 calamitosi,
2342 1991 2732 2046 consolatorem
2759 2007 2773 2058 ;
2803 1993 3046 2058 canities,
3075 1993 3359 2062 baculum;

119 2085 300 2157 βούλει
330 2085 484 2138 νόσον
527 2086 620 2138 καὶ
656 2084 897 2155 ίατρείαν
923 2099 936 2112 ⁸
973 2084 1022 2135 οἱ
1064 2081 1425 2150 ὑγιαίνοντες,
1469 2080 1559 2133 τὸν
1593 2079 1688 2150 φύ-

1802 2082 2080 2148 inventus,
2154 2081 2541 2152 pxedagogum;
2605 2092 2931 2153 paupertas,
3002 2083 3358 2154 largitorem;

115 2179 259 2232 λακα
294 2178 392 2247 τῆς
421 2178 609 2246 ὑγείας
641 2177 755 2248 (75)
781 2193 796 2209 ο
832 2177 882 2229 οί
932 2177 1166 2239 πάντες,
1197 2175 1288 2227 τὸν
1328 2176 1462 2228 πᾶσι
1514 2173 1692 2228 πάντα

1802 2173 2012 2233 divitiae.
2077 2171 2531 2240 dispensatorem.
2593 2174 2731 2242 Quin
2790 2175 2919 2229 mihi
2975 2175 3246 2243 videntur,
3306 2187 3361 2232 et

115 2273 400 2342 γινόμενον
427 2270 560 2342 (76),
592 2271 676 2324 ἵνα
700 2269 934 2341 κερδάνῃ
955 2269 1082 2331 τοὺς
1108 2269 1336 2330 πάντας,
1362 2267 1394 2339 ἢ
1419 2267 1689 2330 πλείονας.

1789 2265 1962 2318 vidum
1993 2273 2277 2333 patronum
2312 2263 2604 2318 laudaturte
2629 2306 2645 2331 ,
2683 2273 2734 2320 et
2767 2265 2976 2334 pupilli,
3014 2275 3222 2334 patrem
3251 2285 3265 2329 ;
3303 2277 3358 2323 et

120 2377 418 2433 pauperes,
460 2377 750 2430 pauperum
823 2359 1157 2424 studiosum;
1226 2367 1280 2412 et
1347 2357 1656 2429 peregrini,
1720 2355 2041 2425 hospitalem
2077 2397 2092 2421 ,
2135 2362 2190 2408 et
2225 2354 2454 2418 fratres,
2497 2355 2720 2407 lratrum
2755 2365 3062 2420 amantem;
3096 2365 3364 2424 aegrotan-

119 2468 222 2522 tes,
277 2457 586 2522 tnedicum,
657 2456 816 2528 idque
879 2455 1248 2524 cujuscunque
1283 2455 1454 2510 morbi
1527 2469 1590 2511 ac
1662 2451 2040 2509 medicamenti
2101 2451 2375 2519 volueris;
2439 2453 2592 2516 sani,
2653 2450 2976 2506 valetudinis
3043 2453 3358 2521 custodem;

113 2561 310 2599 etuues
343 2547 574 2615 denique
597 2561 739 2611 eum,
769 2546 859 2616 qui
884 2548 1063 2600 omnia
1095 2546 1344 2601 omnibus
1372 2544 1543 2600 factus
1567 2555 1670 2609 est,
1714 2554 1773 2598 ut
1800 2558 2010 2604 omnes,
2048 2541 2126 2596 vel
2156 2556 2316 2611 quam
2347 2542 2606 2611 plurimos
2635 2541 2972 2596 lucrifaceret
3003 2541 3069 2596 “'.

183 2639 291 2693 lA'.
329 2638 514 2692 Ταῦτα
561 2639 659 2710 μὲν
692 2636 805 2706 οὖν,
843 2641 978 2712 ὅπερ
1017 2638 1191 2702 εἶπον,
1228 2640 1376 2694 ἄλλοι
1418 2639 1694 2711 θαυμαζέ-

115 2730 301 2783 τωσάν
327 2747 384 2782 τε
413 2731 506 2784 κα).
531 2732 955 2802 ἀνυμνείτωσαν,
987 2726 1068 2795 οἷς
1099 2731 1260 2802 σχολὴ
1285 2731 1352 2784 τὰ
1384 2731 1554 2803 μικρὰ
1584 2731 1692 2783 τῶν

115 2823 330 2876 ἐκείνου
357 2822 671 2893 θαυμάζειν.
703 2825 890 2896 Μικρὰ
918 2824 973 2877 δὲ
1001 2824 1127 2877 ὅταν
1151 2824 1307 2888 εἴπω,
1333 2823 1491 2875 αὑτὸν
1515 2821 1692 2894 ἐαυτῷ

118 2915 434 2986 συγκρίνων
457 2915 619 2984 λέγω,
649 2916 743 2968 καὶ
770 2916 839 2969 τὰ
864 2916 1071 2968 ἐκείνου
1103 2917 1214 2978 τοῖς
1249 2913 1453 2966 ἐκείνου
1486 2913 1691 2985 παρεξ-

115 3005 335 3070 ετάζων
374 3007 474 3076 (ού
519 3006 628 3077 γὰρ
669 3006 981 3074 δεδόξασται
1042 3007 1154 3079 (77)
1183 3006 1244 3058 τὸ
1275 3005 1690 3076 δεδοξασμένον,

1866 2637 1960 2692 XI.
2004 2636 2126 2692 llxc
2161 2638 2341 2707 igitur,
2375 2647 2429 2691 ut
2458 2636 2715 2703 diximus,
2742 2637 2830 2692 alii
2862 2639 3124 2694 mirentur
3151 2649 3199 2696 et
3235 2655 3364 2710 prte-

1797 2731 2012 2792 dicent,
2050 2731 2245 2800 quibus
2288 2739 2493 2784 tantum
2546 2731 2642 2785 otii
2698 2733 2967 2800 suppetit,
3023 2741 3081 2787 ut
3133 2733 3362 2804 exiguas

1798 2823 1942 2878 illius
1973 2823 2197 2878 virtutes
2224 2823 2472 2903 laudibus
2503 2834 2914 2892 prosequantur.
2943 2824 3179 2896 Exiguus
3203 2841 3366 2896 porro

1793 2929 1913 2970 cum
1948 2917 2089 2981 dico,
2125 2916 2298 2984 ipsum
2339 2929 2521 2970 secum
2555 2931 2878 2986 comparans
2913 2917 3056 2983 dico,
3092 2919 3366 2988 ipsiusque

1795 3010 2024 3064 virtutes
2062 3024 2184 3063 Clllll
2225 3009 2392 3078 ipsius
2445 3010 2732 3066 virtutibus
2801 3009 3087 3065 conferens
3151 3011 3366 3082 (neque

112 3098 218 3152 κᾶν
321 3098 442 3152 λίαν
471 3098 743 3170 λαμπρὸν,
773 3100 957 3152 ἕνεκεν
985 3099 1094 3168 (78)
1121 3099 1220 3169 τῆς
1252 3097 1692 3170 ὑπερϐαλλούσης

1802 3100 1938 3153 enim
1990 3100 2041 3153 id
2083 3099 2224 3169 quod
2253 3099 2612 3168 gloriﬁcatum
2647 3111 2750 3164 est,
2780 3101 3136 3173 gloriﬁcatum
3160 3109 3243 3158 est
3271 3102 3365 3170 ιδ’,

108 3192 303 3263 δόξης,
331 3192 518 3264 ὥσπερ
556 3192 866 3264 ⁴ἠκούσαμεν
975 3193 1094 3245 ἐπεὶ
1121 3192 1212 3244 καὶ
1238 3192 1393 3262 ὀλίγα
1429 3191 1534 3244 τῶν
1567 3189 1691 3244 τού-

1802 3193 1956 3247 ctiam
1990 3193 2032 3247 si
2067 3193 2217 3246 valde
2245 3193 2315 3246 sit
2337 3192 2699 3262 splendidum,
2731 3204 2949 3265 propter
2969 3195 3360 3250 exuberantem

105 3303 230 3352 του,
287 3285 494 3357 ἐτέροις
532 3285 779 3361 αὐτάρκη
828 3284 962 3355 πρὸς
995 3284 1366 3354 εὐδοκίμησιν.
1425 3283 1588 3353 Ἡμῖν
1635 3283 1692 3336 δὲ

1802 3285 2047 3354 gloriam,
2081 3284 2228 3339 velut
2260 3285 2457 3339 litteris
2483 3286 2653 3341 sacris
2686 3287 2953 3355 prodituro
2975 3285 3116 3358 est);
3163 3287 3365 3358 alioqui

107 3383 126 3445 (
154 3381 221 3433 οὐ
254 3378 366 3450 γὰρ
395 3377 616 3432 ἀνεκτὸν
646 3375 1033 3430 καταλείπουσι
1067 3376 1177 3446 (79)
1204 3376 1292 3428 τὸν
1315 3375 1490 3444 λόγον,
1521 3374 1692 3427 διακο-

1802 3392 1964 3446 pauca
1999 3365 2162 3430 etiam
2193 3377 2335 3430 illius
2363 3389 2678 3432 ornamenta
2720 3375 2984 3446 ejusmodi
3023 3390 3169 3443 sunt,
3201 3387 3260 3432 ut
3296 3379 3362 3432 ad

104 3471 223 3522 νεῖν
263 3473 378 3534 τοῖς
415 3469 749 3535 ἐλάττοσιν),
791 3471 878 3524 ἐπ’
926 3470 1056 3523 αύτὸ
1105 3469 1166 3522 τὸ
1205 3469 1535 3542 κυριώτατον
1579 3469 1688 3540 (80)

1802 3469 2027 3523 nominis
2053 3469 2421 3524 celebritatem
2460 3469 2581 3522 aliis
2607 3470 2816 3524 abunde
2837 3484 2959 3525 esse
2983 3479 3207 3540 queant.
3251 3469 3362 3526 No-

87 3559 221 3614 τῶν
258 3559 470 3614 ἐκείνου
496 3561 774 3632 τρεπτέον.
805 3559 940 3614 Θεοῦ
978 3561 1033 3614 δὲ
1066 3560 1246 3631 ἔργον,
1283 3561 1422 3634 ὑπὲρ
1451 3555 1510 3615 οὗ
1543 3562 1635 3614 καὶ
1662 3564 1690 3615 ό

1802 3559 1879 3615 bis
1951 3571 2128 3615 autem
2166 3561 2288 3633 (nec
2320 3562 2467 3615 enim
2514 3561 2793 3616 ferendum
2848 3572 2966 3628 est,
2998 3577 3118 3626 nos,
3174 3562 3365 3618 relicto

99 3652 298 3722 λόγος,
335 3654 510 3705 εἰπεῖν
547 3669 602 3704 τι
643 3653 741 3724 τῆς
770 3653 978 3705 ἐκείνου
1017 3652 1422 3725 μεγαληγορίας
1458 3654 1553 3707 καὶ
1583 3653 1688 3724 ψυ-

1802 3652 1982 3718 verbo,
2018 3653 2178 3708 rebus
2207 3651 2422 3708 levioris
2453 3652 2713 3706 momenti
2750 3653 3121 3725 ministrare),
3171 3655 3238 3708 ad
3277 3654 3353 3719 id,

99 3747 211 3816 χῆς
247 3745 423 3811 ἄξιον.
939 3789 942 3792 ί
1795 3745 1937 3815 quod
1967 3744 2184 3799 laudum
2213 3745 2379 3815 ipsius
2404 3751 2566 3813 caput
2589 3752 2691 3812 est,
2721 3746 3085 3801 convertenda
3115 3755 3198 3802 est
3236 3762 3362 3801 ora-

87 3843 206 3898 tio.
246 3841 362 3895 Deo
396 3855 544 3907 vero,
578 3840 729 3911 cujus
758 3855 925 3896 causa'
952 3841 1094 3896 hunc
1124 3855 1339 3911 quoque
1365 3855 1668 3898 sermonem
1711 3841 2064 3906 instituimus,
2093 3851 2374 3912 acceptum
2403 3840 2746 3897 referendum
2801 3841 2926 3912 erit,
2986 3843 3036 3898 si
3085 3844 3359 3915 quidpiam

95 3937 457 4000 dixerimus,
501 3939 640 4006 quod
673 3937 814 3992 illius
865 3937 1348 4008 grandiloqueutite
1407 3938 1680 4008 animique
1717 3937 1900 3992 virtuti
1945 3938 2287 4007 respondeat.

171 4035 290 4088 IB’.
327 4030 436 4086 Ἦν
463 4034 550 4087 ὅτε
594 4034 808 4105 ἤκμαζε
835 4033 903 4088 τὰ
951 4035 1211 4106 ἡμέτερα,
1240 4035 1334 4088 καὶ
1381 4034 1563 4098 καλῶς
1608 4030 1686 4087 εἶ-

1865 4034 2026 4105 393
2067 4031 2177 4088 XII.
2220 4033 2343 4088 Fuit
2376 4034 2646 4104 quondam
2694 4043 2923 4104 tempus,
2969 4047 3092 4089 cum
3134 4047 3221 4088 res
3263 4048 3360 4088 no-

89 4145 224 4198 χεν,
272 4123 441 4198 ἡνίκα
479 4125 539 4179 τὸ
587 4129 685 4197 μὲν
730 4126 980 4198 περιττὸν
1012 4127 1190 4188 τοῦτο,
1241 4128 1334 4181 καὶ
1379 4128 1688 4196 κατεγλωτ-

1802 4135 1923 4182 stra:
1955 4128 2233 4192 ﬂorerent,
2264 4141 2327 4180 ac
2360 4126 2619 4197 praeclare
2648 4141 2706 4182 se
2738 4127 3025 4192 haberent,
3049 4139 3170 4179 cum
3207 4124 3368 4180 nimi-

96 4219 374 4290 τισμένον
401 4222 498 4290 τῆς
542 4217 815 4286 θεολογίας
861 4220 954 4272 καὶ
998 4219 1262 4291 ἔντεχνον,
1295 4220 1415 4273 οὐδὲ
1457 4219 1689 4292 πάροδον

1802 4233 1916 4270 rum
1951 4215 2218 4284 superﬂua
2261 4217 2393 4282 haec,
2435 4227 2490 4272 et
2522 4217 2804 4272 verborum
2844 4217 3024 4287 lepore
3057 4225 3220 4285 atque
3246 4225 3366 4271 arte

85 4309 259 4382 εἶχεν
292 4313 373 4374 είς
401 4311 498 4374 τὰς
520 4311 668 4374 θείας
699 4310 886 4373 αὐλὰς,
907 4311 1040 4365 ἀλλὰ
1064 4313 1258 4366 ταυτὸν
1297 4308 1363 4382 ἦν
1403 4312 1603 4383 ψήφοις
1629 4331 1690 4366 τε

1802 4308 1976 4363 I’ucata
2009 4310 2302 4364 tramandte
2351 4309 2631 4380 theologia:
2659 4311 2818 4373 ratio,
2849 4310 2914 4363 ad
2945 4309 3157 4363 divinas
3183 4308 3367 4363 caulas

84 4403 356 4469 παίζειν,
386 4401 482 4474 τὴν
505 4401 626 4472 ὄψιν
652 4402 1010 4466 κλεπτούσαις
1038 4403 1114 4474 τῷ
1149 4403 1303 4475 τάχει
1335 4404 1435 4474 τῆς
1465 4403 1692 4474 μεταθέε

1802 4417 1868 4455 ne
1901 4402 2103 4455 aditum
2136 4401 2351 4470 quidem
2390 4403 2624 4457 habebat
2655 4420 2669 4456 :
2715 4418 2902 4456 verum
2939 4402 3079 4456 idem
3107 4409 3223 4456 erat
3251 4402 3366 4457 cal-

81 4515 290 4560 σεως,
350 4495 384 4563 ἢ
431 4495 808 4565 κατορχεῖσθαι
855 4495 961 4548 τῶν
1010 4495 1215 4549 θεατῶν
1274 4495 1546 4558 παντοίοις
1597 4495 1691 4548 καὶ

1802 4492 1934 4548 culis
1965 4492 2166 4557 ludere,
2204 4494 2527 4548 inversionis
2566 4493 2839 4563 celeritate
2891 4493 3170 4548 oculorum
3209 4494 3370 4548 obtu—

79 4585 466 4660 ἀνδρογύνοις
491 4586 806 4657 λυγίσμασι,
837 4588 930 4640 καὶ
965 4588 1093 4658 περὶ
1121 4585 1254 4640 Θεοῦ
1282 4586 1461 4654 λέγειν
1501 4603 1554 4638 τι
1594 4587 1689 4639 καὶ

1802 4594 1908 4638 tum
1939 4584 2267 4644 fallentibus,
2306 4594 2397 4639 aut
2438 4587 2735 4654 omnigenis
2774 4594 2829 4640 et
2874 4584 3090 4640 lascivis
3125 4587 3368 4656 corporis

71 4653 337 4733 ἀκούειν
366 4653 674 4748 καινότερον
703 4676 796 4732 καὶ
831 4677 942 4745 (81)
971 4653 1261 4749 περίεργον
1281 4693 1294 4707 °
1321 4653 1382 4729 τί)
1405 4676 1462 4730 δὲ
1490 4674 1692 4730 ἁπλοῦν

1802 4659 2026 4730 ﬂentibus
2053 4686 2389 4745 spectatores
2429 4653 2719 4745 ludiﬁcari,
2755 4676 2898 4746 quod
2925 4676 3046 4731 novi
3089 4653 3366 4747 quidpiam

156 4775 217 4806 ⁸⁸
262 4773 282 4826 Ι
326 4771 454 4825 Cor.
492 4786 564 4834 Ix,
596 4768 688 4822 22.
763 4769 828 4801 ⁸⁸·
867 4768 905 4822 ιι
937 4770 1062 4824 Cor.
1097 4784 1177 4832 ιιι,
1211 4768 1297 4822 10.
1621 4824 1632 4834 _
1906 4758 1910 4762 ’

195 4862 301 4924 70)
337 4866 428 4916 Τε.
463 4861 622 4932 Deest
650 4861 701 4914 in
731 4863 969 4932 quinque
998 4861 1163 4932 Regg.
1191 4871 1242 4932 et
1270 4861 1363 4916 Or.
1395 4860 1442 4932 l.

195 4867 301 4924 70)
337 4867 428 4916 Te.
464 4867 622 4916 Deest
650 4867 701 4914 in
731 4867 969 4931 quinque
999 4867 1163 4932 Regg.
1191 4871 1242 4914 et
1270 4867 1363 4916 0r.
1395 4867 1442 4915 ι.

164 4867 303 5008 (71)
344 4930 600 5008 ῙΙρὸςᾼτὸ
630 4931 926 5008 ὑπερέχον
947 4931 1333 5008 finguntque.
1384 4951 1402 4981 ι
1430 4929 1498 4984 Ut
1539 4929 1695 5008 elatis

1800 4854 2156 4927 gloriticatum
2189 4862 2316 4927 εει,Δ
2342 4854 2486 4923 quod
2519 4853 2712 4927 claruit
2745 4851 2800 4907 in
2824 4852 2932 4927 hac
2958 4861 3126 4927 parte
3148 4861 3368 4927 propter

1795 4923 2145 4982 excellentem
2183 4924 2431 4993 gloriam,
2465 4943 2483 4975 ι
2531 4934 2636 4980 etc.
2672 4924 2744 4977 Ea
2795 4923 3058 4993 siquidem
3095 4927 3160 4976 ad
3195 4923 3368 4978 Atha-

1795 4995 1932 5050 nasii
1969 4994 2153 5047 laudes
2177 4995 2616 5060 accommodans,
2650 4993 2922 5064 signiﬁcat
2945 4993 3089 5048 illius
3117 4993 3366 5057 virtutes,

1793 5080 1928 5134 quas
1977 5068 2124 5132 prius
2161 5080 2255 5130 per
2289 5067 2595 5134 congeriem
2641 5073 3074 5128 enumeraverat,
3117 5064 3368 5131 quamvis

1795 5133 2025 5189 maxima
2078 5135 2233 5187 laude
2286 5133 2460 5204 digna:
2519 5135 2645 5196 sint,
2698 5149 2893 5203 parvas
2956 5143 3132 5187 tamen
3175 5133 3366 5187 haberi

1791 5220 1969 5274 posse,
2002 5205 2047 5259 si
2095 5220 2215 5259 cum
2243 5205 2330 5268 iis,
2373 5219 2509 5275 quas
2557 5220 2683 5260 mox
2727 5204 2988 5259 allaturus
3017 5210 3121 5267 est,
3147 5216 3365 5272 compa-

1793 5288 2001 5330 rentur.

1862 5346 1989 5418 (78).
2017 5347 2280 5418 Ἕνεκεν.
2319 5344 2721 5418 Ρίιιτθεψοοάἀη
2750 5344 2977 5418 εἵνεκεν.

1867 5411 2474 5487 (79)(7Καταλείπουσι.
2507 5417 2635 5486 Reg.
2665 5417 2719 5481 d,
2754 5415 2852 5487 Or.
2880 5416 2929 5479 ι,
2959 5411 3226 5487 C9mbel'.,
3263 5428 3363 5487 κα-

71 5001 406 5067 ῖιεέιιιετὶι,
439 5021 458 5054 ι
503 5003 554 5054 id
580 5011 682 5062 est,
717 5019 734 5052 ι
760 5001 1221 5059 Prtecellentihus.
1251 5001 1690 5070 ltnperatoribus,

63 5074 422 5136 PaL-rectis,
472 5072 689 5140 pietatis
754 5087 817 5126 ac
870 5073 994 5126 lidei
1045 5071 1314 5135 hostibus,
1385 5071 1684 5136 llaereticis,

69 5145 390 5203 Etlmieis.
429 5154 534 5196 etc.
580 5158 598 5190 ι

158 5213 306 5287 (72)
339 5214 451 5287 Τὸν
472 5209 795 5278 πτερωτήν.
828 5230 846 5262 ‹
870 5212 999 5266 Alas
1024 5211 1328 5279 addentem,
1357 5210 1572 5265 sublimi
1607 5225 1695 5265 vo-

53 5286 205 5342 tam
241 5286 599 5338 excitantem.
629 5299 648 5331 ι

149 5355 302 5428 (Ἱᾷ)
341 5353 688 5428 Ε’ύθυμίαις.
715 5350 850 5428 .ies.,
874 5351 1128 5428 εύθνμίᾳ.

151 5419 306 5498 (74)
339 5424 452 5477 Τὸν
487 5419 801 5490 ποριστὴν.
853 5441 870 5474 ι
895 5419 1188 5489 Qui—victui
1233 5419 1537 5477 necessaria
1564 5420 1692 5476 sub-

45 5499 411 5556 I'ninisu'et.
442 5512 461 5544 ι

183 5565 305 5636 75)
350 5565 408 5616 Ὺ
407 5564 589 5633 τείας.
619 5566 734 5620 Duo
772 5564 968 5636 ᾖδες..
997 5560 1224 5636 ὑγιείας.

183 5574 305 5652 ῖῆ)
351 5574 589 5633 Ὑγιείας.
622 5574 734 5620 Duo
779 5574 968 5634 ἤειδε..
997 5574 1224 5629 ὑγιείας.

151 5574 308 5711 (76)
348 5637 701 5705 Γινόμενον.
760 5634 1000 5700 Quatuor
1028 5634 1217 5701 ltegg.,
1270 5630 1362 5687 0r.
1391 5631 1446 5697 2,
1479 5630 1690 5699 Comb.,

39 5709 431 5784 γενέεενρνς

149 5769 307 5854 (7⁵7)
346 5777 429 5829 οὐ
463 5777 572 5854 γὰρ
595 5774 969 5854 δεδόξασται,
1011 5782 1114 5828 etc.
1159 5772 1362 5854 Alludit
1389 5769 1691 5854 Tlteologus

36 5841 344 5911 ad‘htec
397 5841 560 5902 verba
607 5847 794 5917 Apost.
831 5845 876 5900 ll
930 5844 1055 5900 Cor.
1094 5859 1175 5912 tn,
1210 5843 1276 5898 10
1313 5861 1326 5898 :
1373 5861 1392 5895 ι
1422 5841 1554 5898 Nam
1591 5855 1693 5897 nec

1795 5561 1917 5612 Act.
1947 5573 2018 5619 νι,
2051 5557 2087 5610 2
2118 5573 2129 5609 :
2163 5575 2181 5606 ι
2213 5555 2326 5608 Νοιι
2360 5565 2440 5609 est
2466 5553 2674 5624 tequum
2705 5570 2802 5610 nos
2824 5553 3203 5624 derelinquere
3241 5567 3360 5608 ver-

1790 5633 1915 5682 bum
1945 5627 2056 5683 Dei.
2085 5635 2140 5681 et
2171 5627 2480 5680 ministrare
2514 5626 2731 5681 mensis.
2756 5644 2774 5676 ι

1863 5697 1972 5768 (80)
2006 5698 2396 5768 ἱξυριὼτατον.
2430 5695 2975 5768 Ρςιικὶκαιριώτατον.

1860 5763 1972 5895 Stal)
1999 5763 2358 5836 Καινότερον
2386 5767 2504 5823 καί.
2565 5763 2922 5827 ch'desunt
2975 5765 3032 5824 in
3095 5763 3364 5838 plerisque

1791 5853 1945 5899 οοιια.
1969 5859 1974 5868 “

1790 5483 2095 5540 ταλιποῦσι.
2137 5485 2339 5540 Alludit
2387 5483 2677 5555 Gregorius
2733 5487 2798 5539 ad
2843 5483 3136 5555 hmcuPetri
3175 5483 3363 5549 verba,
3437 5497 3445 5506 '
