3914 6404
574 375 713 432 1095

1767 376 1825 434 S.
1865 377 2045 433 GIIEG
2054 376 2195 433 ORII
2234 378 2324 433 ΤΗ
2336 377 2581 434 EOLOGI

3664 376 3763 432 1096

573 517 639 558 ac
678 502 876 557 curiosi
923 502 989 557 de
1028 501 1137 557 Deo
1162 500 1243 555 vel
1283 500 1467 556 dicere
1511 500 1596 556 vel
1643 499 1872 555 audire:
1914 499 2143 569 simplex

2260 516 2305 552 τε
2345 499 2438 552 καὶ
2469 498 2690 566 εὐγενὲς
2737 497 2831 551 τοῦ
2865 498 3050 566 λόγου,
3078 462 3326 551 εῦσὲϐεια
3358 497 3647 569 ἐνομίζετο.
3679 503 3763 574 ’Δᾷ

574 606 768 651 contra
812 593 1179 664 ingenuusque
1224 606 1403 647 sermo
1448 600 1609 661 atque
1652 591 1937 657 doctrina,
1974 590 2143 659 pietas

572 684 1004 742 existimabatur.
1044 684 1241 738 Verum
1297 694 1645 753 posteaquam
1698 679 1878 746 Sexti,
1913 689 1968 735 et
2013 679 2145 751 Pyr-

574 779 809 843 rboues,
860 785 915 831 et
962 776 1366 829 contradicendi
1409 775 1632 828 libidine
1669 774 1889 828 incitata
1936 772 2141 842 lingua,

574 868 717 923 velut
746 869 924 936 gravis
945 868 1163 936 quidam
1192 882 1255 920 ac
1288 866 1549 935 malignus
1600 864 1838 930 morbus,
1874 863 1927 918 in
1958 862 2143 917 Eccle-

572 962 682 1015 sias
727 971 940 1014 nostras
994 972 1194 1029 magno
1242 969 1427 1014 nostro
1468 958 1607 1012 malo
1661 958 2024 1026 irrepserunt,
2079 968 2143 1009 ac

575 1052 853 1123 nugacitas
911 1051 1169 1105 doctrina:
1229 1060 1392 1118 atque
1452 1048 1772 1101 eruditionis
1831 1047 2141 1117 Opinionem

576 1145 695 1197 tulit
730 1144 980 1214 quodque
1036 1143 1266 1197 Actuum
1309 1142 1446 1196 liber
1472 1141 1536 1195 de
1569 1140 1987 1195 Atheniensibus
2018 1152 2143 1191 nar-

575 1235 737 1299 rat",
794 1236 862 1289 ad
894 1234 1025 1288 nihil
1056 1234 1201 1288 aliud
1226 1248 1498 1297 vacamus,
1527 1248 1687 1301 quam
1712 1244 1768 1285 ut
1791 1232 1913 1285 novi
1945 1230 2145 1299 aliquid

2248 586 2309 644 οὗ
2346 590 2403 643 δὲ
2437 590 2639 655 Σέξτοι,
2674 589 2770 643 καὶ
2812 588 3105 661 Πύρρωνες
3144 589 3287 659 (82),
3332 590 3430 644 καὶ
3475 592 3508 661 ἡ
3551 592 3771 659 anillam;

2248 680 2488 750 γλῶσσα,
2514 678 2701 750 ὥσπερ
2733 697 2783 731 τι
2811 679 3024 751 νόσημα
3062 679 3230 733 δεινὸν
3257 681 3351 734 καὶ
3382 681 3659 751 κακόηθες,
3687 689 3775 749 ταῖς

2261 772 2607 843 Ἐκκλησίαις
2650 772 2807 842 ἡμῶν
2853 772 3186 844 είσεφθάρη·
3225 775 3318 826 καὶ
3348 776 3382 843 ἡ
3419 773 3646 845 φλυαρία
3684 779 3779 829 παῖ.

2246 866 2427 929 δευσις
2467 865 2631 930 ἔδοξε,
2673 867 2795 928 καὶ,
2824 867 2851 919 ὃ
2886 883 3016 936 φησι
3051 867 3179 938 περί
3223 866 3521 937 Ἀθηναίων
3568 870 3599 937 ἡ
3643 867 3782 937 βίϐλος

2246 957 2356 1009 τῶν
2382 956 2662 1029 Πράξεων,
2697 959 2777 1020 είς
2816 958 2967 1010 οὐδὲν
3003 956 3132 1011 ἄλλο
3160 956 3548 1028 εὖκαιροῦμεν,
3582 958 3614 1028 ἢ
3644 958 3786 1025 λέγειν

2248 1066 2301 1102 τι
2326 1050 2418 1102 καὶ
2450 1048 2669 1102 ἀκούειν
2698 1048 3020 1119 καινότερον.
3041 1047 3173 1117 (85).
3201 1048 3264 1100 Ὢ
3290 1048 3374 1111 τίς
3408 1048 3670 1117 Ἱερεμίας
3694 1050 3787 1101 ὀδυ-

2255 1141 2425 1209 ρεῖται
2451 1138 2563 1207 (84)
2596 1139 2692 1211 τὴν
2722 1139 2996 1211 ἡμετέραν
3025 1138 3283 1210 σύγχυσιν
3308 1141 3403 1193 καὶ
3440 1140 3789 1210 σκοτόμαιναν,

2252 1231 2281 1281 ὁ
2314 1229 2472 1300 μόνος
2500 1230 2657 1295 εἰδὼς
2681 1230 2892 1295 ἐξισοῦν
2915 1230 3142 1303 θρήνους
3172 1231 3366 1284 πάθεσι
3389 1233 3401 1285 ί

575 1328 816 1380 dicamus
876 1324 960 1379 vel
1007 1324 1314 1378 audiamus.
1356 1320 1399 1377 0
1440 1323 1561 1390 quis
1625 1320 1887 1375 Jeremias
1946 1318 2314 1376 confusionem
2376 1330 2616 1376 nostram
2690 1319 3082 1390 caliginetttqtte
3133 1320 3475 1388 deplorauit?
3530 1318 3645 1390 lpse
3678 1324 3795 1377 solus

576 1415 990 1472 lamentationes
1018 1414 1421 1470 calamitatibus
1450 1427 1737 1481 exaequare
1763 1412 1931 1466 novit.

646 1512 782 1568 XIII.
844 1511 982 1566 Huic
1034 1510 1201 1563 furori
1242 1509 1400 1562 Arius
1449 1507 1666 1577 quidem
1711 1507 1832 1574 ille,
1881 1521 1911 1561 a
1966 1505 2145 1560 furore

2320 1505 2417 1557 ll".
2452 1503 2669 1574 Ταύτης
2717 1503 2817 1573 τῆς
2864 1502 3068 1575 λύσσης
3122 1503 3324 1574 ἤρξατο
3381 1505 3480 1574 μὲν
3510 1505 3737 1576 Ἄρειος,
3776 1510 3799 1561 ὁ

577 1619 771 1659 nomen
808 1603 1038 1665 habens,
1064 1601 1273 1655 initium
1311 1599 1492 1665 dedit;
1527 1598 1615 1667 qui
1655 1598 1818 1653 etiam
1853 1597 2137 1667 petulantis

2260 1597 2344 1667 τῆς
2381 1596 2577 1667 μανίας
2627 1595 2935 1668 ἐπώνυμος,
2966 1596 3024 1659 ὂς
3064 1598 3157 1649 κα)¹
3199 1597 3355 1667 δίκην
3390 1598 3589 1650 ἔδωκεν
3630 1600 3797 1654 ἀκώλι-

573 1706 629 1749 et
662 1692 939 1748 effrenata:
980 1692 1172 1762 linguae
1204 1704 1389 1761 pceuas
1422 1689 1696 1759 expendit,
1726 1690 1777 1741 in
1810 1690 2058 1744 obscenis
2092 1696 2147 1744 et

2260 1706 2377 1743 στου
2420 1687 2694 1759 γλώσσης,
2738 1688 2837 1759 τὴν
2881 1689 2938 1741 ὲν
2982 1687 3229 1758 βεϐήλοις
3277 1689 3467 1753 τόποις
3514 1692 3798 1755 κατάλυσιν,

575 1785 801 1856 impuris
830 1786 963 1839 locis
991 1784 1313 1847 exstinctus,
1340 1791 1501 1852 atque
1534 1782 1819 1845 orationis,
1860 1796 1963 1836 non
2002 1795 2146 1835 mor—

2260 1781 2416 1852 εὐχῆς
2444 1780 2603 1851 ἔργον
2628 1780 2762 1850 (85),
2785 1782 2847 1833 οὑ
2876 1781 3032 1834 νόσου
3061 1782 3375 1852 γενόμενος,
3404 1784 3499 1836 καὶ
3528 1784 3623 1854 τὴν
3659 1786 3802 1838 Ἰούᾶι

576 1852 666 1943 Μ,
686 1877 890 1932 viribus
930 1891 1241 1946 oppressus,
1266 1890 1327 1929 ac
1355 1874 1503 1930 Judce
1531 1873 1704 1929 instar
1725 1872 1770 1904 '°
1809 1873 1877 1928 ob
1900 1873 2143 1928 eamdem

2260 1872 2401 1941 όῆξιν
2431 1872 2689 1936 ὑποστὰς,
2734 1872 2821 1926 ἐπ’
2864 1872 2952 1944 ίσῃ
2994 1873 3254 1944 προδοσίᾳ
3296 1873 3391 1927 τοῦ
3422 1852 3615 1943 Λόγον.
3648 1878 3803 1930 Διαδε-

576 1971 739 2026 Verbi
769 1970 1129 2041 proditionem
1159 1969 1457 2037 disruptus.
1494 1968 1685 2022 Verum
1714 1966 1803 2020 alii
1828 1966 1971 2020 hunc
1998 1979 2144 2019 mor-

574 2065 702 2120 bum
752 2061 1118 2131 excipientes,
1170 2042 1464 2130 impietatis
1521 2070 1692 2118 artem
1753 2058 2145 2125 condiderunt,

575 2157 827 2214 nimirum
852 2154 942 2223 qui
977 2153 1316 2207 divinitatem
1352 2151 1595 2223 lngeuito
1616 2151 2145 2214 circumscribentes,

575 2263 683 2304 non
716 2246 876 2300 modo
900 2244 1163 2314 genitum,
1200 2243 1291 2298 sed
1319 2245 1483 2297 etiam
1529 2242 1931 2311 procedentem,
1956 2241 2150 2295 divina:

576 2351 782 2394 natura:
822 2337 1018 2391 finibus
1053 2334 1431 2399 exturbarunt,
1476 2333 1710 2389 nominis
1741 2341 1948 2386 tantum
1976 2332 2150 2387 socie-

580 2442 693 2489 tate
740 2430 1062 2485 Trinitatem
1108 2428 1474 2493 honorantes,
1527 2425 1637 2480 imo
1684 2441 1752 2479 ne
1793 2427 1895 2480 hoc
1929 2425 2147 2494 quidem

585 2523 686 2595 ipsi
723 2523 989 2591 integrum
1036 2527 1446 2575 conservantes.
1488 2517 1557 2571 At
1614 2532 1720 2573 non
1756 2517 1945 2573 eodem
1993 2518 2150 2571 modo

579 2615 770 2671 beatus
812 2613 924 2677 ille,
958 2621 1009 2666 et
1058 2625 1186 2664 vere
1216 2612 1378 2664 homo
1426 2608 1540 2673 Dei,
1577 2623 1641 2663 ac
1677 2624 1868 2679 magna
1906 2609 2152 2663 veritatis

581 2709 733 2762 tuba.
781 2705 920 2772 Quin
974 2704 1172 2774 potius,
1202 2718 1323 2756 cum
1372 2703 1503 2758 illud
1531 2710 1870 2774 perspectum
1905 2702 2149 2764 haberet,

578 2809 633 2855 el
669 2800 769 2853 tria
809 2798 922 2852 haec
962 2798 1014 2851 itt
1066 2809 1347 2850 numerum
1398 2811 1561 2848 unum
1603 2793 1959 2857 contrahere,
2002 2793 2148 2863 impii

582 2892 790 2947 erroris
818 2904 958 2953 esse,
995 2888 1226 2957 novique
1253 2888 1519 2958 dogmatis
1550 2886 1795 2951 Sabellii,
1826 2886 1918 2956 qui
1949 2887 2152 2956 primus

588 2981 885 3038 divinitatis
939 2978 1368 3034 contractionem
1428 2978 1807 3046 excogitavit:
1856 2986 1911 3031 et
1966 2992 2154 3032 rursus

589 3074 714 3138 tria,
747 3081 1009 3143 quantum
1053 3070 1119 3123 ad
1156 3079 1431 3133 naturam,
1459 3068 1787 3132 distrahere,
1833 3067 1966 3124 nihil
2009 3068 2153 3123 aliud

2247 1965 2467 2035 ξάμενοι
2501 1965 2558 2018 δὲ
2605 1964 2754 2019 ἄλλοι
2799 1964 2898 2036 τὴν
2942 1966 3121 2029 νόσον,
3174 1966 3371 2039 τέχνην
3419 1968 3667 2033 ἀσεϐεω
3702 1971 3803 2040 ἐδτι-

2249 2054 2623 2127 μιούργησαν·
2661 2056 2733 2121 οἳ,
2785 2054 2861 2126 τῷ
2908 2056 3189 2127 ἀγεννήτῳ
3230 2058 3329 2128 τὴν
3392 2058 3619 2129 θεότητα
3675 2077 3802 2129 περι-

2246 2148 2587 2219 γράψαντες,
2627 2148 2687 2202 τὸ
2726 2148 3003 2218 γεννητὸν,
3047 2150 3109 2202 οὐ
3145 2150 3304 2220 μόνον
3351 2150 3432 2215 δὲ,
3475 2151 3610 2203 ἀλλὰ
3650 2154 3736 2205 καὶ
3756 2153 3803 2204 τὸ

2249 2241 2577 2313 ὲκπορευτὸν
2621 2239 2888 2311 ἐξώρισαν
2933 2242 3030 2311 τῆς
3080 2241 3355 2313 θεότητος,
3409 2244 3663 2314 ὀνόματος
3706 2262 3803 2296 κοι-

2248 2332 2414 2403 νωνία
2462 2332 2620 2403 μόνον
2654 2333 2750 2403 τὴν
2786 2332 2992 2404 Τριάδα
3038 2335 3391 2404 τιμήσαντες,
3419 2336 3453 2405 ἢ
3490 2336 3622 2406 μηδὲ
3668 2335 3804 2388 τοῦτο

2247 2424 2385 2495 αὐτῇ
2413 2427 2771 2495 τηρήσαντες.
2809 2424 2947 2477 Ἀλλ’
2985 2414 3083 2495 οῦκ
3105 2427 3133 2479 ὁ
3170 2425 3443 2497 μακάριος
3480 2428 3698 2490 ἐκεῖνος.
3726 2430 3805 2481 καὶ

2248 2519 2415 2581 ὅντως
2451 2516 2736 2591 ἄνθρωπος
2768 2517 2862 2572 τοῦ
2894 2518 3052 2582 Θεοῦ,
3083 2520 3177 2571 καὶ
3216 2520 3430 2589 μεγάλη
3473 2521 3697 2589 σαλπιγξ
3723 2523 3805 2592 τῆς

2248 2609 2523 2680 ἀληθείας.
2567 2609 2704 2663 Ἀλλ’
2742 2609 2931 2675 εἰδὼς,
2982 2608 3044 2662 τὸ
3078 2610 3175 2679 μὲν
3220 2613 3300 2673 είς
3354 2610 3587 2682 ἀριθμὸν
3626 2612 3715 2663 ἕνα
3754 2614 3807 2665 τέι

2246 2701 2375 2773 τρία
2422 2699 2748 2765 συστέλλειν,
2794 2698 3083 2769 ἀθεότητος
3118 2699 3197 2765 ὃν,
3251 2702 3345 2753 καὶ
3398 2702 3500 2772 τῆς
3546 2702 3805 2754 Σαϐελλίω

2250 2794 2600 2865 καινοτομίας
2656 2793 2831 2865 (86),
2881 2793 2939 2857 ὃς
2997 2793 3211 2866 πρῶτος
3266 2794 3521 2865 θεότητος
3573 2796 3807 2865 συστολὴν

2254 2886 2547 2956 ἐπενόησε·
2600 2885 2661 2937 τὸ
2710 2885 2769 2938 δὲ
2813 2884 2882 2937 τὰ
2932 2886 3059 2957 τρία
3104 2885 3332 2956 διαιρεῖν
3393 2886 3621 2955 φύσεσι,
3655 2905 3810 2939 κατα-

2249 2977 2423 3047 τομὴν
2467 2976 2721 3048 θεότητος
2750 2976 3015 3044 ἔκφυλονσ
3052 2976 3146 3029 καὶ
3176 2978 3236 3029 τὸ
3270 2976 3328 3029 ἓν
3360 2978 3540 3041 καλῶς
3578 2982 3809 3047 ἐτήρησε,

2253 3066 2463 3137 θεότητι
2489 3068 2597 3139 γάρ
2617 3084 2629 3097 ⁸
2661 3068 2754 3121 καὶ
2782 3067 2851 3120 τὰ
2880 3068 3007 3139 τρία
3050 3067 3290 3132 εὐσεϐῶς
3324 3068 3580 3133 ἐδίδαξεν,
3609 3071 3811 3139 ἰδιότησι

579 3180 723 3230 esse,
751 3179 909 3233 quant
937 3171 1306 3232 portentosam
1333 3159 1631 3215 divinitatis
1663 3159 1957 3214 sectionem
1986 3159 2151 3214 intro-

2260 3160 2395 3231 γάρ·
2439 3159 2563 3213 οὔτε
2592 3159 2669 3231 τῷ
2700 3161 2781 3213 ἐν).
2816 3160 3073 3231 συγχέας,
3113 3159 3238 3215 οὔτε
3283 3163 3396 3225 τοῖς
3434 3164 3581 3233 τρισὶ
3622 3163 3815 3231 Eucti,-

579 3258 806 3322 ducere;
842 3256 981 3309 hanc
1024 3253 1289 3307 rationem
1328 3253 1520 3319 tenuit,
1565 3263 1623 3307 ut
1655 3269 1840 3319 unum,
1889 3264 2148 3323 quantum

580 3350 645 3403 ad
678 3348 1033 3409 divinitatem,
1072 3344 1296 3414 pulchre
1337 3355 1606 3411 servaret,
1640 3354 1695 3399 et
1729 3346 1855 3412 tria,
1885 3355 2148 3416 quantum

580 3442 647 3496 ad
677 3438 1051 3511 proprietates,
1074 3438 1159 3506 pie
1194 3437 1435 3500 doceret,
1468 3451 1567 3491 nec
1597 3448 1685 3490 aut
1718 3452 1813 3506 per
1853 3453 2017 3490 unum
2043 3438 2152 3492 dei-

2258 3269 2377 3316 σας,
2421 3250 2535 3305 ἀλλ’
2582 3253 2641 3305 ὲν
2684 3252 2831 3324 ὅροις
2882 3251 3069 3321 μείνας
3114 3251 3212 3322 τῆς
3264 3250 3575 3315 εὐσεϐείας,
3611 3252 3684 3322 τῷ
3730 3270 3816 3319 ςυ-

2254 3346 2373 3414 γεῖν
2411 3344 2509 3416 τὴν
2563 3345 2802 3417 ἄμετρον
2850 3344 2944 3398 ἐπὶ
2993 3344 3197 3415 θάτερα
3234 3344 3411 3396 κλίσιν
3448 3361 3509 3397 τε
3556 3344 3647 3397 καὶ
3684 3344 3817 3396 ἀντί-

2259 3436 2429 3489 θεσιν.

581 3542 750 3590 tatem
799 3530 1191 3596 confunderet,
1234 3540 1326 3584 aut
1374 3546 1471 3601 per
1530 3531 1629 3585 tria
1686 3532 2050 3598 distraheret,
2113 3532 2207 3587 sed
2274 3533 2413 3587 intra
2469 3532 2685 3603 pietatis
2735 3542 2909 3589 metas
2956 3535 3320 3599 consisteret,
3386 3534 3723 3590 immodicam
3773 3534 3821 3586 ia

581 3632 866 3691 utramque
923 3630 1130 3690 partem
1187 3621 1588 3675 inclinationem
1643 3630 1698 3676 et
1754 3623 2155 3693 oppositionetn
2195 3624 2395 3679 vitans.

655 3715 791 3771 XIV.
826 3716 1001 3786 Atque
1034 3715 1237 3770 ideirco
1270 3715 1502 3786 primum
1529 3715 1581 3769 in
1609 3724 1797 3770 sancto
1826 3715 1989 3787 395.
2011 3715 2154 3771 Con-

583 3809 709 3865 cilio
777 3806 970 3862 Nicaeae
1029 3807 1255 3873 habito,
1307 3816 1469 3877 atque
1528 3807 1620 3861 illo
1682 3817 2045 3862 trecentorum
2096 3816 2153 3862 et

584 3899 949 3970 duodeviginti
997 3899 1415 3954 lectissimorum
1461 3901 1703 3954 virorum
1759 3915 1981 3954 numero
2013 3916 2148 3969 quos

587 3993 820 4063 Spiritus
868 4002 1089 4046 sanctus
1133 3996 1184 4046 in
1232 4007 1397 4045 unum
1448 4000 1733 4062 coegerat,
1787 4002 2048 4061 quantum
2098 3994 2150 4047 iu

588 4085 707 4154 ipso
740 4085 861 4151 fuit,
893 4085 1139 4138 morbum
1167 4085 1519 4153 compressit;
1552 4085 1788 4139 nondum
1821 4084 1909 4139 ille
1933 4084 2154 4155 quidem

572 4179 640 4234 in
674 4179 1043 4247 episcoporum
1094 4191 1374 4231 numerum
1416 4176 1673 4243 allectus,
1723 4191 1909 4230 verum
1951 4179 2152 4247 primas

588 4279 779 4324 tenens
828 4268 971 4323 inter
1021 4282 1114 4322 eos
1168 4268 1260 4337 qui
1316 4278 1699 4323 convenerant.
1750 4266 1885 4321 Nam
1938 4268 1983 4323 is
2040 4279 2148 4321 tum

588 4378 769 4417 rerum
817 4368 990 4416 status
1038 4369 1176 4425 erat,
1218 4368 1417 4414 utnon
1474 4359 1653 4415 minus
1705 4360 1948 4426 virtute,
1994 4376 2157 4431 quam

589 4452 849 4523 graduum
881 4449 1166 4519 dignitate,
1201 4449 1425 4505 honoris
1465 4450 1782 4519 prastantia
1821 4462 2156 4508 censeretur.

590 4540 792 4595 Deinde
832 4555 954 4595 cum
1008 4540 1109 4595 hoc
1159 4540 1358 4595 malum
1402 4537 1550 4609 pravi
1602 4538 1744 4595 illius
1794 4539 2008 4595 follibus
2047 4540 2159 4610 jam

588 4634 878 4688 excitatum
922 4642 1083 4701 atque
1117 4632 1511 4685 inflammatum
1555 4642 1745 4694 esset,
1788 4629 2157 4702 maioremque

588 4724 738 4778 orbis
786 4732 989 4791 Partem
1030 4722 1307 4776 invaderet
1369 4721 1495 4792 (hic
1535 4723 1818 4778 enimvero
1879 4725 2157 4794 tragmdizn

660 4814 705 4846 δ’
728 4813 850 4867 Act.
882 4829 1016 4879 xvn,
1040 4813 1131 4866 2|.
1207 4813 1253 4845 '°
1287 4813 1411 4869 Act.
1440 4829 1481 4880 ι,
1510 4814 1597 4869 l8.

662 4909 774 4993 (82)
806 4908 1157 4993 .‘Jéé'tot‘acal
1189 4910 1515 4990 Πύρῤωνες.
1546 4908 1878 4993 “Sextttsuet
1943 4909 2153 4993 l’yrrho

591 4978 752 5034 erant
779 4980 1104 5048 philosophi,
1145 4983 1355 5050 caeteris
1415 4978 1664 5050 omnibus
1700 4978 2030 5049 philosophis
2053 4997 2152 5050 op»

592 5050 780 5120 positi,
809 5050 922 5117 qui,
952 5050 1176 5120 aliorum
1206 5048 1397 5119 placita
1430 5048 1825 5120 impugnantes,
1861 5048 1993 5105 nihil
2018 5048 2155 5107 certi

592 5119 714 5175 esse
744 5119 1159 5173 contendebant.

665 5189 777 5258 (8'5)
810 5187 1186 5263 Καινῷτερον.
1242 5187 1406 5244 Coisl.
1434 5188 1485 5254 I,
1540 5189 1696 5244 κενὸν
1726 5188 1821 5243 καὶ
1864 5189 2158 5263 ἁνώνητον,

598 5279 619 5311 ι
651 5275 848 5312 vattttm
880 5269 935 5313 et
962 5260 1169 5313 inutile.
1196 5278 1215 5310 ι

664 5328 776 5403 (84)
816 5327 1532 5403 Ὀδυρεῖταιηβὶρλΐίιιεωο
1580 5329 1848 5396 Combef.,
1886 5330 2162 5403 ὀδύραιτο,

603 5418 623 5451 ι
653 5398 1027 5483 deploraverit.
1050 5420 1075 5483 ε
1104 5400 1231 5463 Alii,
1255 5398 1523 5483 ὢῦρεται.

671 5467 779 5538 (85)
808 5467 1021 5541 ,Εὑχῆς
1042 5470 1236 5541 ἔργον.
1268 5489 1287 5522 ι
1310 5467 1579 5525 orationis
1606 5469 1834 5526 viribus.
1864 5490 1883 5523 ι
1917 5469 2165 5527 Theodo-

600 5549 768 5603 retus,
805 5539 898 5593 lib.
928 5558 967 5604 ι,
1019 5554 1069 5594 e.
1108 5539 1142 5595 4
1194 5549 1377 5595 narrat
1436 5542 1706 5609 quomodo
1754 5542 1938 5605 Arius,
1977 5553 2168 5596 orante

600 5610 905 5681 Alexandro
938 5610 1532 5681 Constantinopolitano
1584 5611 1833 5680 praesule,
1880 5613 2167 5669 miserabi-

601 5679 727 5733 liter
752 5679 1037 5734 interierit.

671 5746 784 5829 $86)
811 5745 1225 5829 ,Καινοτομιαρ
1270 5749 1502 5829 _Coisl_._t
1548 5749 1723 5829 addit,
1775 5752 1923 5810 ἴδιον.
1992 5773 2010 5809 ι
2037 5752 2169 5813 Pro-

602 5819 779 5888 prium
809 5819 1033 5877 invecta:
1061 5819 1313 5879 novitatis
1341 5836 1373 5877 ιι
1404 5819 1660 5880 Sabellio.
1685 5840 1705 5875 ι

2334 3716 2433 3770 ΙΔ’.
2473 3715 2584 3769 Καὶ
2618 3714 2706 3768 διὰ
2752 3714 2908 3769 τοῦτο
2945 3717 3158 3787 πρῶτον
3202 3718 3300 3788 μὲν
3345 3720 3405 3770 ἐν
3451 3720 3517 3787 τῇ
3557 3718 3693 3770 κατὰ
3737 3714 3821 3767 Νί-

2258 3822 2419 3860 καιαν
2463 3806 2593 3879 ἁγίᾳ
2641 3806 2751 3879 (87)
2788 3825 2963 3883 ταυτῃ
3005 3809 3234 3881 συνόδῳ,
3278 3813 3372 3863 καὶ
3415 3810 3491 3881 τῷ
3538 3810 3641 3863 τῶν
3678 3826 3821 3877 τρια-

2256 3899 2455 3951 κοσίων
2492 3898 2636 3952 ὀκτὼ
2660 3900 2754 3953 καὶ
2780 3900 2914 3955 δέκα
2942 3901 3159 3974 ἀριθμῷ
3200 3903 3411 3975 ἀνδρῶν
3444 3903 3678 3966 λογάδων
3698 3902 3819 3971 με,

2255 3989 2350 4054 οὓς
2368 3990 2428 4043 τὸ
2445 3992 2667 4064 Πνεῦμα
2683 3993 2741 4046 τὸ
2760 3993 2914 4061 ἅγιον
2940 3996 3020 4057 εἰς
3044 3994 3101 4048 ἒν
3129 3996 3337 4066 ἢγαγεν
3354 3996 3620 4066 (89),ϐσον
3647 3991 3715 4065 ἦν
3744 3996 3821 4046 ἐπ’

2260 4082 2429 4155 αὐτῷ,
2456 4084 2554 4156 τὴν
2588 4085 2742 4140 νόσον
2789 4086 3015 4155 ἔστησεν
3036 4104 3049 4118 ·
3079 4087 3232 4141 οὔπω
3282 4090 3381 4159 μὲν
3419 4090 3746 4158 τεταγμένος
3772 4092 3822 4139 ἐν

2258 4175 2615 4240 ἐπισκόποις,
2675 4176 2743 4231 τὰ
2805 4178 2999 4251 πρῶτα
3047 4179 3104 4232 δὲ
3168 4180 3280 4247 (90)
3339 4181 3667 4249 τεταγμένος
3727 4180 3826 4231 τῶι

2259 4266 2725 4338 συνεληλυθότων·
2778 4271 2870 4323 καὶ
2920 4270 3028 4341 γὰρ
3077 4267 3145 4343 ἦν
3192 4272 3397 4343 ἀρετῆς
3451 4274 3549 4342 οὐχ
3589 4268 3748 4342 ἦττον
3796 4270 3824 4338 ἦ

2260 4356 2485 4429 βαθμῶν
2527 4360 2560 4431 ἡ
2614 4360 2964 4433 προτίμησις.
3011 4363 3241 4416 Ἔπειτα
3301 4364 3396 4416 τοῦ
3469 4363 3637 4417 κακοῦ
3694 4366 3829 4434 ῥιπι-

2260 4448 2478 4514 σθέντος
2534 4451 2635 4524 ἤδη
2702 4456 2821 4516 ταῖς
2877 4452 3077 4525 αὔραις
3126 4454 3221 4507 τοῦ
3290 4453 3531 4526 πονηροῦ
3556 4494 3572 4518 ,
3626 4455 3721 4507 καὶ
3777 4454 3830 4503 τὸ

2263 4540 2445 4595 πλεῖον
2494 4543 2955 4616 ἐπιλαμϐάνοντος
3008 4546 3265 4617 (ἐνταῦθα
3316 4565 3406 4619 μοι
3458 4550 3552 4601 καὶ
3592 4548 3663 4601 τὰ
3710 4548 3831 4618 δρό-

2265 4650 2429 4704 ματα,
2462 4628 2538 4689 ὧν
2572 4638 2723 4691 πᾶσα
2763 4636 2962 4710 μικροῦ
3000 4638 3210 4713 πλήρης
3235 4642 3306 4712 γῆ
3335 4658 3396 4693 τε
3428 4643 3522 4694 καὶ
3547 4641 3829 4706 θάλασσα),

2259 4728 2427 4793 πολὺς
2461 4730 2559 4800 μὲν
2588 4731 2718 4803 περὶ
2750 4731 2910 4786 αὐτὸν
2946 4734 2976 4786 ὀ
3009 4732 3263 4803 πόλεμος,
3303 4734 3380 4797 ὡς
3423 4738 3669 4803 γενναῖον
3718 4751 3833 4803 προ-

2330 4908 2445 4983 (87)
2493 4909 2674 4983 Ἁγίᾳἒ
2702 4910 2860 4983 Deest
2883 4910 2935 4966 in
2970 4913 3210 4982 quinque
3229 4912 3363 4981 Reg.
3397 4923 3450 4970 et
3475 4916 3565 4970 0r.
3596 4916 3653 4969 I.

2331 4980 2440 5053 (§8)
2456 4980 2578 5053 Καὶ
2600 4980 2683 5053 ζῷ
2706 4980 2823 5035 τῶν
2847 4980 3200 5053 τριακοσίων·
3222 4980 3374 5037 ὀκτὼ
3411 4986 3509 5039 και
3545 4986 3699 5040 δέκα
3724 4987 3833 5053 ἀρετ

2263 5050 2387 5123 θμῷ
2435 5050 2674 5123 ἀγδρῶῇ
2716 5051 3009 5123 λογάδων.
3078 5052 3169 5107 Sic
3201 5054 3369 5109 Coisl.
3408 5057 3459 5118 l,
3511 5058 3618 5109 duo
3666 5050 3830 5115 Colit»

2257 5120 2407 5187 Pan,
2464 5120 2576 5176 Jes.
2635 5121 2759 5176 Haec
2803 5120 2982 5177 etiam
3027 5138 3056 5175 a
3104 5123 3258 5177 Billio
3314 5128 3553 5187 reddita,
3608 5129 3741 5181 licet
3790 5130 3833 5179 in

2258 5191 2475 5267 Graecis.
2485 5193 2708 5267 omissa.
2744 5191 2801 5245 lu
2862 5197 2975 5259 ed.,
3012 5194 3108 5246 καὶ
3159 5194 3237 5265 τῷ
3276 5195 3386 5248 τῶν
3434 5196 3687 5265 λογάδων
3722 5201 3834 5267 ἀρι-

2262 5261 2403 5333 θμῷ.
2426 5262 2644 5333 rleera
2675 5262 2887 5317 desunt.

2332 5332 2443 5408 059.)
2475 5334 2744 5408 Ἠγαγεῖο
2772 5332 2985 5408 Cal?“
3023 5342 3075 5388 ει
3097 5335 3247 5408 Rara
3286 5338 3619 5408 συνήγαγεν.

2335 5401 2444 5473 (9(1)
2480 5401 2557 5455 Τὰ
2592 5402 2792 5478 πρῶτα
2822 5402 2908 5478 δέ,
2967 5415 3093 5478 etc._
3123 5404 3310 5461 Billius
3345 5425 3360 5461 :
3405 5401 3647 5464 {verum
3688 5411 3829 5478 primi

2263 5472 2405 5546 inter
2428 5472 2552 5546 eos,
2592 5475 2681 5542 qui
2715 5475 2875 5546 simul
2910 5490 3030 5527 cum
3082 5475 3213 5543 ipsis
3238 5492 3306 5531 eo
3333 5472 3726 5546 perrexerant,
3752 5498 3830 5532 or-

2263 5545 2427 5599 diuis.
2457 5562 2474 5594 ι
2511 5543 2612 5597 Per
2649 5545 2788 5597 hanc
2840 5543 3348 5612 interpretationem
3392 5550 3619 5611 coniicit
3661 5543 3829 5606 Balbus

2262 5616 2646 5685 Athanasium,
2682 5629 2785 5667 non
2833 5614 2972 5669 inter
3004 5616 3149 5682 ipsos
3204 5619 3419 5672 concilii
3472 5618 3697 5685 Patres,
3754 5630 3829 5675 sed

2264 5683 2408 5755 inter
2464 5684 2682 5738 secundi
2708 5685 2925 5755 ordinis
2984 5687 3262 5755 theologos
3316 5692 3527 5755 primas
3579 5683 3829 5747 tenuisse.

2263 5753 2480 5809 Nicetas
2516 5769 2645 5807 vero
2672 5754 2827 5809 aliter
2858 5753 3265 5824 interpretatur,
3309 5753 3365 5811 et
3397 5759 3579 5815 innuit
3608 5766 3835 5816 Athana-

2263 5824 2403 5881 sium
2459 5825 2683 5888 sediSSC,
2730 5824 2787 5879 ὲν
2833 5828 2945 5889 τοῖς
2999 5833 3489 5895 πρωταγωνιστής
3536 5834 3832 5895 εὐσεϐείας.
