3914 6404
178 362 319 417 1097

1350 490 1369 500 ρ

1094 326 1350 413 onmo
1389 357 1531 411 xxr.
1574 388 1641 396 —
1680 358 1746 411 IN
1792 358 2078 414 LAUDEM
2121 357 2514 414 ATHANASII.

3270 366 3408 424 1098

174 474 379 544 στάτην
414 470 509 524 τοῦ
539 472 729 540 Λόγοιν
767 470 925 543 (πρὸς
959 472 1066 542 γὰρ
1099 472 1159 524 τὸ
1192 473 1488 525 ἀντιτεῖνον
1522 471 1742 541 μάλιστα

1858 474 1960 528 illa:
1996 474 2208 527 initium
2241 474 2484 543 capiunt,
2519 488 2745 544 quarum
2785 474 2924 527 fama
2960 484 3157 531 terram
3190 493 3325 546 pene
3354 498 3419 535 ac

172 567 205 635 ἡ
235 562 569 635 παράταξις,
599 563 691 615 καὶ
719 562 937 616 ἄλλοθεν
974 562 1102 616 ἄλλο
1142 581 1192 615 τι
1219 563 1326 616 τῶν
1351 562 1539 615 δεινῶν
1567 566 1752 635 περιρ·

176 656 297 727 ῥέον
333 655 478 723 (91)·
516 653 728 724 εὑρέτις
766 653 877 723 (9‘2)
926 653 1033 724 γὰρ
1077 653 1259 705 κακῶν
1290 656 1322 722 ἡ
1366 654 1624 717 ἀσέϐεια,
1659 655 1752 706 καὶ

171 750 292 802 λίαν
337 748 610 821 τολμηρὸν
667 750 746 811 εἰς
795 749 1137 819 ἐγχείρησιν·
1185 748 1301 812 πῶς
1345 749 1398 802 δὲ
1449 750 1750 819 ἀνθρώπων

171 840 392 911 ἔμελλον
424 838 717 908 φείδεσθαι,
749 839 797 890 οἱ
827 838 1074 908 Θεότητος
1112 838 1186 909 μὴ
1219 840 1588 909 φεισάμενος)
1650 840 1750 909 μία

168 930 222 982 δὲ
254 929 569 1000 προσϐολῶν
595 929 685 982 καὶ
716 929 830 997 (95)
878 930 1256 998 χαλεπωτάτη.
1305 928 1653 999 Συνεισφὲρω
1696 946 1748 981 τι

169 1015 261 1066 καὶ
306 1012 475 1075 ἀὐτὸς
505 1012 580 1083 τῷ
628 1012 895 1084 δράματιο
945 1013 1080 1065 ἀλλά
1113 1030 1202 1081 μοι
1256 1014 1592 1084 παρῃτήσθω
1638 1012 1748 1083 (94)

170 1104 235 1156 τὸ
271 1104 427 1171 φίλον
462 1104 654 1172 ἔδαφος
684 1107 716 1174 ἡ
766 1104 993 1175 πατρίς·
1028 1104 1088 1156 οὐ
1122 1103 1230 1174 γὰρ
1263 1104 1362 1173 τῆς
1394 1103 1748 1173 ἐνεγκούσης,

168 1197 307 1250 ἀλλὰ
341 1198 448 1249 τῶν
488 1196 860 1267 προελομένων
893 1196 1003 1266 (95)
1033 1198 1066 1266 ἡ
1102 1195 1352 1267 πονηρία.
1394 1196 1459 1247 Ἡ
1507 1195 1605 1260 μὲν
1640 1196 1753 1265 γὰρ

171 1290 293 1359 ίερά
339 1306 398 1341 τε
453 1291 547 1342 καὶ
592 1291 754 1342 πᾶσιν
800 1290 887 1341 ἐπ’
926 1288 1177 1358 εὐσεϐείᾳ
1237 1286 1549 1359 γνώριμος·
1596 1289 1645 1341 οἱ
1696 1289 1753 1340 δὲ

166 1381 376 1447 ἀνάξιοι
426 1381 525 1451 τῆς
573 1380 837 1452 τεκούσης
882 1381 1077 1444 αὐτοὺς
1119 1380 1465 1451 Ἐκκλησίας.
1514 1379 1750 1433 Φύεσοαι

166 1472 222 1524 δὲ
263 1472 359 1525 καὶ
386 1471 443 1524 ἐν
468 1471 695 1542 ἀμπέλῳ
731 1471 838 1542 (96)
874 1472 1032 1541 βάτον
1063 1470 1359 1541 ἠκούσατε·
1392 1475 1487 1525 καὶ
1527 1471 1745 1535 Ἰούδας,

165 1564 277 1617 τῶν
319 1564 572 1635 μαθητῶν
600 1559 704 1627 εἷς,
738 1564 767 1615 ὁ
795 1564 1083 1635 προδότης.

1856 580 2004 619 mare
2048 564 2353 636 implevit),
2385 567 2589 620 varium
2632 566 2705 619 illi
2743 567 2960 635 quidem
3002 583 3065 621 ac
3115 569 3419 639 multiplex,

1855 666 1913 711 ut
1952 666 2176 711 strenuo
2216 657 2374 711 Verbi
2419 658 2689 713 defensori
2740 658 2936 712 bellum
2965 660 3235 716 infertur:
3289 662 3420 731 (ad-

1854 761 2045 801 versus
2095 763 2217 802 eum
2276 749 2419 803 enim
2452 750 2540 819 qui
2576 750 2815 814 obsistit,
2864 766 2928 807 ac
2975 762 3165 807 contra
3211 754 3421 817 nititur.

1856 836 2209 893 infestissima
2243 855 2363 895 esse
2397 842 2545 896 acies
2576 841 2792 895 hostilis
2831 841 2987 905 solet,
3018 852 3177 913 atque
3208 844 3424 899 aliunde

1860 929 2006 983 aliud
2038 932 2310 999 quoddam
2343 933 2645 1001 periculum
2695 933 2902 1001 inﬂuit;
2933 935 3103 988 solers
3131 936 3328 1005 quippe
3369 949 3423 989 et

1864 1021 2143 1090 ingeniosa
2174 1024 2241 1074 ad
2272 1024 2631 1092 excogitanda
2668 1027 2807 1080 mala
2850 1037 2933 1079 est
2963 1027 3231 1094 impietas,
3264 1038 3425 1096 atque

1861 1111 1925 1164 ad
1983 1112 2187 1182 aliquid
2250 1115 2668 1184 aggrediendqu
2726 1118 2858 1170 mire
2911 1120 3134 1175 audax:
3186 1135 3423 1189 quonam

1855 1210 2032 1256 autem
2082 1204 2241 1258 modo
2302 1205 2610 1259 hominibus
2662 1217 2986 1275 parcerent,
3021 1207 3109 1275 qui
3151 1208 3422 1263 divinitati

1856 1306 1964 1344 non
2016 1293 2449 1362 pepercerant?)
2486 1293 2634 1348 Unus
2662 1305 2838 1349 tamen
2885 1298 2971 1352 hic
3021 1297 3246 1367 impetus
3279 1307 3428 1353 atro-

1858 1383 2110 1437 cissitnus
2147 1382 2269 1437 fuit.
2298 1383 2431 1437 Nam
2463 1385 2574 1453 ipse
2607 1401 2821 1456 quoque
2843 1388 2909 1440 ad
2940 1387 3077 1443 hanc
3105 1391 3423 1460 tragtndiatn

1862 1474 2101 1527 nonnihil
2131 1474 2366 1531 confero.
2396 1476 2570 1546 Atque
2619 1476 2708 1530 hic
2752 1478 2881 1531 mihi
2921 1478 3294 1534 charissimum
3341 1497 3429 1537 so-

1861 1564 1992 1627 lum,
2025 1565 2279 1633 patriam,
2323 1566 2564 1633 inquam,
2617 1582 2812 1633 meam,
2844 1571 2989 1623 oumi
3026 1570 3249 1624 crimine
3280 1571 3427 1625 solu-

169 1667 279 1709 tam
320 1656 525 1710 velim:
570 1655 893 1724 improbitas
932 1657 1096 1714 enim,
1167 1669 1269 1709 non
1307 1656 1529 1722 patriar,
1577 1657 1669 1710 sed
1739 1655 1822 1721 iis,
1863 1657 1955 1725 qui
1993 1656 2158 1710 animi
2202 1658 2508 1713 inductione
2552 1662 2723 1727 ipsam
2769 1659 3065 1727 elegerunt,
3108 1656 3427 1731 assignanda

169 1762 277 1806 est.
314 1752 400 1806 Illa
428 1754 570 1807 enim
608 1753 804 1823 quippe
836 1768 1012 1814 sacra,
1044 1762 1097 1806 et
1128 1756 1267 1823 apud
1302 1767 1491 1807 omnes
1527 1752 1740 1822 pietatis
1782 1752 1938 1808 laude
1966 1754 2109 1808 clara
2145 1763 2200 1809 et
2234 1755 2456 1808 illustris
2491 1762 2614 1819 est;
2697 1754 2749 1808 hi
2785 1766 2963 1809 autem
3033 1754 3266 1809 Ecclesia
3311 1769 3430 1809 ma-

174 1857 258 1901 tre
311 1849 535 1917 indigni.
581 1848 751 1903 Porro
803 1849 855 1902 in
903 1849 1055 1902 vinea
1089 1863 1303 1921 quoque
1335 1833 1541 1918 spinam
1588 1848 1736 1903 nasci
1776 1849 2089 1903 audiistis“
2123 1866 2136 1903 :
2174 1865 2237 1904 ac
2272 1848 2456 1912 Judas,
2525 1849 2615 1918 qui
2687 1848 2739 1902 in
2775 1848 3159 1918 discipulorum
3200 1864 3426 1903 numero

60 1982 72 1992 .
172 1952 322 2004 erat,
356 1942 600 2010 proditor
627 1940 815 1995 fuit".

234 2038 339 2088 IE'.
378 2036 502 2089 Είσὶ
552 2037 650 2107 μὲν
696 2032 811 2101 οὖν,
854 2037 904 2090 οἳ
954 2037 1088 2109 μηδὲ
1143 2037 1235 2091 τὸν
1289 2038 1580 2110 ὁμώνυμον
1632 2039 1742 2109 (97)

1920 2036 2036 2091 XV.
2086 2035 2196 2091 Nec
2252 2052 2382 2092 vero
2419 2038 2661 2100 desunt,
2703 2038 2793 2107 qui
2852 2052 2919 2092 ne
2968 2051 3144 2090 meum
3205 2036 3421 2108 quidenr

164 2130 294 2199 ἐμοὶ
356 2130 455 2200 τῆς
521 2130 700 2193 αίτίας
760 2131 1015 2200 ἀφιᾶσιν·
1073 2130 1131 2193 ὃς
1202 2134 1342 2185 κατὰ
1402 2132 1740 2197 παιδεύσεως

162 2218 363 2289 ἔρωτα,
412 2222 476 2289 τῇ
515 2218 908 2291 Ἀλεξανδρέων
956 2222 1235 2293 ἐπιδημῶν
1269 2223 1389 2275 τότε
1432 2223 1607 2286 πόλει,
1653 2223 1750 2276 καὶ

162 2311 347 2381 πάσης
388 2310 517 2380 παρ’
557 2310 719 2363 αὐτοῦ
756 2309 935 2382 τυχὼν
972 2311 1302 2379 δεξιώσεως,
1348 2314 1437 2366 ίσα
1483 2315 1579 2367 καὶ
1628 2314 1751 2366 παί-

159 2403 266 2456 δων
306 2404 334 2455 ὁ
364 2399 714 2472 τιμιώτατος,
757 2404 851 2457 καὶ
890 2403 999 2456 τῶν
1043 2404 1109 2456 τὰ
1145 2405 1376 2475 μέγιστα
1423 2405 1749 2475 πιστευομέ-

159 2510 267 2546 νων
312 2489 393 2555 εἶς
436 2491 532 2557 ὢν,
561 2494 962 2559 ἐπανάστασιν,
992 2493 1069 2556 ὥς
1120 2511 1286 2562 φασι,
1331 2494 1644 2564 βουλεύεται
1680 2495 1755 2566 τῷ

158 2585 331 2654 πατρὶ
373 2584 466 2636 καὶ
525 2584 802 2655 προστάτῃ
854 2584 988 2655 (98).
1038 2585 1148 2638 Καὶ
1193 2580 1262 2656 ἦν
1309 2586 1370 2638 τὸ
1418 2586 1516 2656 μὲν
1560 2587 1747 2658 δρᾶμα

160 2675 391 2742 ἐτέρων,
441 2674 475 2744 ἡ
506 2674 563 2726 δὲ
613 2675 734 2744 χεὶρ
786 2673 1140 2742 Ἀϐεσσαλὼμ
1190 2673 1307 2745 μετ’
1355 2675 1558 2738 αὐτῶν,
1601 2676 1678 2740 ὡς
1727 2679 1757 2731 ό

158 2767 338 2835 λόγος.
384 2767 451 2819 Εἴ
476 2784 560 2830 τις
608 2766 762 2837 ὑμῶν
798 2765 905 2820 οἶδε
941 2766 1052 2837 (99)
1088 2766 1186 2837 τὴν
1235 2769 1411 2839 χεῖρα,
1444 2768 1513 2839 ἢν
1540 2770 1567 2821 ὁ
1601 2769 1756 2837 ἅγιος

156 2857 528 2929 κατεψεύσθη,
575 2859 669 2911 καί
708 2857 799 2911 τὸν
833 2858 1011 2923 ζῶντα
1044 2857 1256 2929 νεκρὸν,
1285 2859 1380 2911 καὶ
1419 2859 1520 2928 τὴν
1562 2859 1750 2913 ἄδικον

154 2950 399 3022 ἐξορίαν,
434 2947 575 3003 οἶδεν
608 2950 636 3003 ὅ
667 2951 829 3020 λέγω.
874 2952 1021 3022 Πλὴν
1051 2949 1208 3004 τοῦτο
1255 2951 1353 3022 μὲν
1383 2950 1523 3004 ἑκὼν
1562 2952 1756 3023 ἐπιλή-

156 3058 348 3111 σομαι.
401 3043 511 3096 Καὶ
563 3042 675 3110 γὰρ
729 3040 901 3104 οὕτως
961 3040 1070 3111 ἔχω
1126 3042 1184 3092 ἐν
1238 3044 1351 3105 τοῖς
1408 3041 1752 3112 ἀμφιϐόλοις,

1857 2131 2229 2202 cognominem
2287 2129 2442 2198 culpa
2478 2129 2738 2196 libereut;
2788 2132 2879 2199 qui
2935 2130 3195 2184 doctrina:
3246 2145 3429 2185 amore

1864 2239 1927 2279 ac
1955 2223 2137 2277 studio
2162 2230 2273 2274 tum
2310 2222 2568 2290 temporis
2606 2221 2948 2276 Alexandritc
2980 2235 3202 2290 peregre
3236 2236 3425 2290 agens,

1856 2331 1981 2370 cum
2012 2314 2080 2367 ab
2134 2314 2251 2383 ipso
2301 2312 2711 2379 humanissime,
2739 2329 2843 2367 non
2884 2328 3041 2367 secus
3085 2329 3145 2367 ac
3198 2312 3426 2365 ﬁliorum

1854 2405 2231 2470 charissimus,
2280 2413 2535 2472 acceptus
2578 2412 2742 2465 esset,
2782 2412 3095 2473 tantamque
3128 2405 3264 2473 apud
3305 2418 3425 2456 eum

1855 2497 2086 2568 gratiam
2122 2504 2179 2549 et
2206 2496 2585 2550 auctoritatem
2631 2495 2979 2559 obtinuisset,
3011 2507 3070 2549 ut
3118 2510 3202 2551 res
3231 2497 3279 2549 ei
3317 2512 3428 2546 ma-

1855 2590 1985 2643 χιιιιὶ
2019 2588 2277 2658 ponderis
2308 2587 2801 2653 committerentur,
2830 2588 3135 2651 consilium,
3164 2597 3219 2640 ut
3249 2587 3425 2640 homi-

1857 2694 1983 2732 num
2023 2692 2205 2733 sermo
2242 2686 2345 2742 est,
2383 2676 2551 2744 capit,
2599 2676 2859 2731 adversus
2897 2688 3101 2744 patrem
3151 2688 3204 2730 et
3244 2689 3419 2745 patro~

1857 2785 1982 2822 num
2013 2768 2347 2838 insurgeudi.
2380 2767 2446 2820 Et
2488 2783 2797 2836 quanquam
2834 2767 2924 2820 alii
2966 2768 3242 2835 tragtedizc
3276 2767 3431 2837 hujus

1858 2869 2107 2915 auctores
2141 2869 2341 2923 essent,
2377 2874 2568 2913 manus
2595 2868 2772 2914 tamen
2803 2860 3108 2924 Absalonis,
3133 2863 3427 2925 utdicitur,

1857 2963 1978 3003 cum
2017 2948 2121 3003 illis
2161 2959 2278 3001 erat
2308 2947 2375 3003 ⁸³.
2414 2947 2468 3002 Si
2496 2948 2617 3016 quis
2650 2959 2885 3003 vestrum
2934 2960 3046 3015 est,
3091 2951 3180 3020 qui
3217 2966 3428 3005 manuni

1853 3040 2016 3111 395
2044 3041 2215 3104 illam,
2245 3055 2309 3103 ex
2340 3054 2445 3109 qua
2478 3050 2669 3095 sancto
2704 3041 2817 3096 viro
2838 3042 3029 3096 falsum
3059 3047 3261 3097 crimen
3301 3058 3432 3097 con-

153 3132 339 3186 νεύειν
382 3135 581 3205 χρῆναι
621 3134 757 3205 πρὸς
790 3133 851 3186 τὸ
901 3133 1305 3205 φιλάνθρωπον,
1351 3132 1445 3185 καὶ
1477 3131 1742 3202 ἁπογινὼε

1858 3133 2039 3187 [latum
2074 3145 2181 3197 est,
2205 3142 2259 3186 et
2290 3142 2562 3187 mortuum
2592 3132 2742 3187 illum
2774 3134 3067 3201 viventem,
3092 3144 3145 3187 et
3175 3134 3426 3204 injustum

153 3244 311 3280 σκειν
362 3227 584 3297 μᾶλλον,
635 3229 667 3300 ἢ
722 3227 1154 3295 καταγινώσκειν
1199 3227 1307 3280 τῶν
1356 3225 1643 3279 ὑπαιτίων.
1697 3225 1742 3279 Ὃ

1859 3224 2109 3280 exsilium
2150 3224 2320 3289 norit,
2363 3225 2491 3293 quid
2537 3226 2713 3279 dicam
2768 3224 3037 3295 intelligit.
3090 3225 3284 3279 Verum
3324 3226 3425 3279 hoc

154 3320 259 3389 μὲν
293 3320 407 3392 γὰρ
445 3322 615 3384 κακὸς
650 3321 880 3391 τάχιστα
908 3321 974 3374 ἂν
1018 3319 1314 3390 καταγνοίη
1354 3319 1448 3371 καὶ
1485 3318 1578 3371 τοῦ
1626 3320 1742 3386 ἀγα

1858 3316 2049 3372 lubens
2085 3316 2400 3371 obliviscar.
2446 3317 2502 3371 Si
2550 3319 2693 3373 enim
2732 3317 3008 3380 existimo,
3052 3317 3104 3369 in
3155 3316 3333 3370 dubiis
3375 3329 3430 3370 et

152 3412 251 3467 Βοῦ
276 3430 292 3443 ⁸
331 3415 359 3466 ὁ
409 3414 612 3482 ἀγαθὸς
645 3414 702 3466 δὲ
738 3412 858 3465 οὐδὲ
902 3404 1218 3465 τούκακοῦ
1257 3409 1477 3482 ῥᾳδίως.
1526 3410 1600 3462 Τὸ
1646 3410 1742 3479 γὰρ

1858 3408 2084 3463 incertis
2126 3408 2291 3462 rebus
2338 3408 2638 3462 faciendum
2692 3408 2846 3462 nobis
2893 3422 3033 3470 esse,
3066 3417 3123 3459 ut
3157 3407 3223 3460 ad
3280 3407 3427 3461 beni-

1855 3499 2116 3569 gnitatem
2168 3506 2221 3552 et
2270 3498 2661 3573 humanitatem
2708 3499 3085 3567 propensiores
3126 3499 3315 3561 simus,
3370 3506 3426 3551 et

150 3508 234 3571 είς
289 3505 489 3560 κακίαν
543 3507 640 3576 οὐχ
685 3506 921 3575 ἕτοιμον,
971 3505 1093 3558 οὐδὲ
1140 3506 1220 3567 εἰς
1275 3503 1533 3557 ὑπόνοιαν
1595 3504 1751 3573 εὐχε-

1855 3591 2071 3645 crimini
2125 3592 2392 3646 obnoxios
2431 3590 2776 3645 absolvamus
2823 3591 3039 3660 potius,
3068 3605 3244 3658 quam
3298 3604 3427 3644 con-

152 3597 272 3667 ρές.
316 3598 383 3650 "0
418 3596 475 3650 δὲ
522 3596 622 3650 οὑκ
668 3596 747 3649 ἔτι
790 3596 967 3665 λόγος,
1023 3594 1137 3648 ἀλλ’
1191 3595 1350 3667 ἔργον
1405 3596 1577 3659 ἐστὶν,
1629 3596 1750 3649 οὐδὲ

148 3689 391 3743 ὕπόνοιά
442 3707 530 3753 τις
586 3688 968 3756 ἁνεξέταστος,
1022 3687 1157 3741 ἀλλὰ
1248 3686 1433 3750 πίστις
1492 3704 1738 3758 κεκηρυ-

1858 3683 2196 3737 demnemus.
2243 3681 2413 3737 Malus
2464 3682 2607 3736 enim
2659 3680 2941 3736 celerrime
2995 3680 3316 3744 adducitur,
3367 3689 3424 3733 ut

149 3780 367 3851 γμένη.
1854 3775 2051 3827 bonum
2083 3775 2246 3827 etiam
2292 3776 2466 3828 virum
2502 3776 2863 3840 condemnet;
2896 3784 3082 3826 contra
3117 3774 3197 3826 vir
3223 3773 3424 3842 probus

149 3888 225 3928 ne
260 3871 467 3925 malum
515 3869 731 3938 quidem
802 3867 962 3922 facile
995 3867 1452 3921 condemnaverit.
1523 3863 1623 3930 Qui
1691 3862 1835 3919 enim
1876 3863 1941 3916 ad
1992 3861 2177 3916 vitium
2231 3863 2453 3920 minime
2507 3864 2758 3933 proclivis
2788 3872 2893 3927 est,
2931 3863 2977 3917 is
3027 3877 3126 3916 nec
3163 3863 3317 3918 facile
3356 3865 3421 3916 ad

151 3968 310 4022 male
359 3967 426 4021 de
468 3966 575 4020 alio
619 3965 1002 4033 suspicandum
1053 3970 1315 4016 movetur.
1359 3960 1511 4027 Quod
1550 3968 1730 4016 autem
1764 3961 1877 4031 jam
1921 3977 2025 4017 non
2062 3978 2261 4025 sermo,
2302 3962 2395 4016 sed
2434 3975 2522 4015 res
2573 3969 2691 4026 est,
2751 3974 2851 4015 nec
2887 3958 3223 4028 inexplorata
3281 3975 3422 4029 qum-

150 4062 295 4117 dam
330 4060 590 4129 suspicio,
619 4059 711 4114 sed
735 4057 1056 4113 certissimis
1088 4056 1420 4124 argumentis
1451 4055 1574 4108 nixa
1609 4056 1916 4123 persuasio,
1957 4057 2010 4110 id
2042 4058 2207 4112 etiam
2237 4056 2493 4110 narrabo.

219 4154 355 4220 ις’.
398 4152 571 4223 Τέρας
618 4169 671 4204 τι
720 4148 1135 4211 Καππαδόκων,
1186 4149 1250 4200 ὲκ
1304 4147 1414 4201 τῶν
1471 4146 1743 4217 ἑσχατιῶν

141 4245 268 4298 τῶν
301 4243 584 4316 ἡμετέρων
628 4241 969 4314 ὁρμώμενον,
1016 4240 1251 4311 πονηρὸν
1302 4240 1365 4293 τὸ
1408 4238 1595 4307 γένος,
1642 4256 1743 4291 πο·-

143 4336 456 4408 νηρότερον
497 4335 593 4407 τὴν
632 4335 890 4397 διάνοιαν,
930 4334 1050 4387 οὐδὲ
1112 4330 1393 4394 παντελῶς
1437 4330 1743 4404 ἐλεύθερον,

141 4429 274 4483 ἀλλ’
305 4429 615 4498 ἐπίμικτον,
662 4421 773 4481 οἷον
816 4426 876 4479 τὸ
922 4425 1031 4479 τῶν
1076 4424 1319 4494 ἡμιόνων
1368 4421 1742 4493 γινὼσγομεν·

220 4543 274 4575 ⁸⁸
306 4540 468 4595 Prov.
502 4556 646 4603 xxvi,
681 4539 734 4593 9.
812 4540 858 4571 δ’
888 4537 1019 4592 Luc.
1047 4553 1120 4601 vt,
1150 4537 1235 4590 16.
1311 4534 1358 4566 ⁸³
1386 4534 1429 4587 ll
1452 4533 1583 4603 Reg.
1616 4548 1705 4597 xv,
1732 4532 1785 4586 5.

146 4690 168 4723 ι
203 4671 366 4726 inter
401 4673 600 4739 primos
633 4672 848 4740 pietatis
885 4672 1108 4740 pugiles
1146 4683 1207 4740 ac
1251 4666 1629 4740 defensores.)
1685 4666 1735 4718 id
1772 4671 1814 4725 Β

138 4752 259 4805 εει,
297 4735 480 4795 «inter
508 4735 718 4796 concilii
762 4735 1017 4795 Patresh
1070 4738 1220 4794 Unde
1267 4735 1561 4803 Gregorius
1599 4736 1737 4789 hanc

140 4815 428 4867 rationem
454 4813 645 4875 reddit,
683 4812 821 4879 quod
848 4810 1073 4883 scilicet,
1125 4822 1275 4883 «non
1316 4807 1733 4883 niiunsyirtnte,

134 4898 322 4951 quam
354 4886 616 4950 graduum
659 4884 940 4951 dignitate,
977 4880 1199 4933 honoris
1246 4880 1553 4945 praestantia
1606 4889 1735 4927 ceu-

134 4959 397 5006 seretur.
424 4970 441 5001 ι

131 5092 160 5143 ὲ
380 5020 716 5089 Περιρῤἐον.
774 5020 951 5083 οΓ.1,
1013 5016 1343 5087 περιρρέων.
1396 5013 1528 5084 Reg.
1579 5030 1632 5077 a,
1679 5015 1734 5079 d,

166 5108 299 5143 πιο,
327 5107 436 5143 εον.

166 5108 237 5143 πι
246 5107 436 5159 ρρεον.

218 5110 641 5230 (ξὲῗοέύρέτις.
666 5160 889 5230 ϐοἱειε1
928 5167 983 5210 ει
1008 5157 1272 5230 ConiheL,
1312 5155 1611 5230 εὑρετικόν.

214 5224 343 5302 (95)
389 5224 517 5302 Κᾱί.
546 5224 784 5296 Quatuor
835 5229 991 5298 Reg.,
1046 5227 1294 5280 undecim
1329 5226 1507 5289 Golb.,
1554 5224 1645 5278 Or.
1680 5224 1731 5287 1,

126 5303 191 5371 ἡ.
229 5300 405 5355 Unus
429 5301 580 5368 Reg.,
610 5302 704 5371 καὶ
726 5303 779 5371 ἡ.

239 5370 341 5441 94)
384 5362 788 5441 ,Παρῃι-ήσθώ.
847 5369 936 5423 Sic
966 5367 1107 5441 Reg.
1165 5362 1429 5441 bm,_ph,
1459 5362 1727 5441 'undecim

121 5430 286 5499 Coll)
317 5430 333 5503 ξ
364 5440 459 5494 Or.
484 5430 704 5511 ’tl'Alii,
743 5430 1122 5511 παρῃτείσθὼ,
1151 5434 1432 5511 mendose.
1458 5430 1619 5511 EDL’I‘.

206 5501 335 5583 (95)
368 5501 839 5583 ⁸Ιέῑι)οε.λο,ιιέν‹ι)νξ
868 5501 981 5583 "Sic
1031 5507 1271 5583 quinque
1304 5503 1480 5583 _Reg.,
1506 5581 1513 5583 Α
1673 5503 1725 5565 1,

116 5573 401 5638 (Σοὶιιιιέΐ.
435 5573 490 5633 in
515 5573 635 5651 ed.i,'
658 5573 1104 5651 προσελομένων.-
1120 5574 1242 5627 Hzec
1268 5574 1521 5651 observat
1552 5573 1593 5626 Τ
1600 5576 1729 5651 heo-

118 5654 303 5721 logus
331 5659 553 5719 propter
582 5644 905 5721 Georgium,
942 5647 1033 5721 qui
1067 5645 1356 5721 Cappadox
1400 5653 1540 5721 erat,
1569 5644 1729 5721 et‘in-

118 5713 501 5776 feiisiséitnus
534 5713 817 5775 Athanasii
867 5713 1058 5779 hostis,
1091 5713 1190 5783 qui
1205 5714 1321 5782 ejus
1341 5713 1501 5768 etiam
1541 5714 1723 5767 sedem

115 5792 459 5861 acettpavit.

408 5892 677 5945 ι’Δτιιοι..
727 5890 816 5946 bu
831 5929 844 5944 .
892 5882 1158 5944 XXXV.

1924 4147 2062 4203 XVI.
2124 4149 2414 4218 Cappadox
2448 4148 2716 4217 quoddam
2755 4156 3076 4205 monstrum,
3104 4140 3174 4197 ἐκ
3222 4144 3422 4200 ultimis

1855 4252 2015 4297 terra:
2056 4252 2255 4296 nosme
2323 4238 2519 4295 ﬁnibus
2571 4239 2858 4293 oriundum
2887 4277 2901 4299 ,
2951 4236 3148 4291 malum
3193 4251 3410 4305 genere,

1853 4333 2038 4387 animo
2080 4333 2270 4403 pejus,
2307 4348 2372 4385 ne
2419 4333 2563 4385 omni
2595 4332 2811 4400 quidem
2860 4344 2924 4383 ex
2974 4339 3125 4398 parte
3166 4328 3416 4388 liberum.

1854 4424 1949 4478 sed
2006 4424 2227 4478 dubium
2274 4438 2338 4477 ac
2391 4423 2752 4491 permistum,
2804 4420 3100 4489 cujusmodi
3152 4420 3415 4474 mularum

1914 4666 2021 4737 (96)
2067 4664 2162 4715 Ἐν
2192 4659 2459 4737 ᾁμπέτιφ.
2512 4659 2601 4737 Sic
2649 4659 2781 4737 Reg.
2812 4657 3066 4737 .pli,_0r.
3103 4657 3126 4711 1
3176 4665 3232 4710 et
3288 4656 3410 4713 Par.

1842 4728 2012 4789 Coisl.
2043 4737 2089 4796 l,
2118 4737 2177 4786 ὲν
2210 4728 2513 4802 ἀμπελῶνι,
2544 4730 2699 4802 Deest
2732 4731 2788 4781 ὲν
2812 4728 2862 4780 in
2900 4729 2985 4783 ed.

1917 4805 2025 4876 (97)
2068 4797 2442 4876 'Opdrrbyor._
2472 4799 2792 4876 Gregorium
2836 4798 3119 4876 quemdam
3163 4797 3411 4876 intelligit

1842 4867 2165 4941 Theol'ogus,
2212 4867 2324 4940 qui,
2358 4870 2510 4941 pulso
2536 4869 2851 4931 Athanasio,
2896 4867 2947 4941 in
2976 4870 3091 4934 ejth
3134 4868 3312 4921 sedem
3342 4867 3411 4921 ab

1841 4939 2059 4999 Arianis
2093 4939 2413 5009 subregatus
2441 4940 2651 5001 fuerat;
2680 4954 2839 5009 quem
2864 4939 3024 4990 etiam
3050 4948 3408 5009 posteagamoi-

1842 5025 2051 5074 verunt,
2081 5025 2245 5081 atque
2265 5007 2326 5063 in
2355 5010 2470 5076 ejus
2513 5010 2684 5063 locum
2718 5007 3004 5078 Georgium
3030 5007 3409 5075 Cappadocem

1845 5087 2219 5139 instituerunt.
3112 5114 3121 5129 .

1917 5155 2026 5225 (98)
2064 5148 2633 5225 Hpoatdrn._Reg:_c
2674 5158 2727 5200 et
2770 5145 3034 5225 (Daniheli,
3057 5145 3313 5225 δεσπότῃ.

1914 5215 2022 5296 (99)
2058 5215 2264 5296 Εῖᾼζις
2310 5215 2473 5296 ὑμῶν
2516 5215 2660 5296 οἶδε.
2708 5227 2813 5270 etc.
2853 5216 3028 5296 Juxta
3057 5215 3219 5296 Ruit,
3251 5215 3411 5296 μω.

1841 5286 1934 5350 lib;
1968 5286 2019 5356 Χ,
2056 5311 2103 5346 c.
2142 5294 2229 5355 17,
2273 5302 2325 5343 ει
2350 5286 2536 5350 ὅθεν..
2589 5288 2681 5339 lib.
2725 5302 2763 5349 ι,
2794 5302 2841 5339 c.
2878 5288 2966 5351 29,
3002 5286 3299 5338 Athanasio
3343 5291 3412 5336 ιιι»

1836 5368 2057 5418 Ariants
2081 5363 2349 5429 objectum
2403 5359 2525 5429 iuit,
2560 5358 2725 5425 quod,
2784 5360 3002 5427 magicae
3054 5358 3184 5429 artis
3223 5371 3408 5416 causa,

1836 5438 2065 5488 Arsenio
2095 5425 2311 5486 cuidam
2348 5428 2632 5481 brachium
2672 5425 3022 5494 amputasset.
3060 5425 3254 5477 Verum
3292 5433 3411 5476 sta-

1840 5515 1932 5556 tim
1969 5506 2080 5558 haec
2107 5500 2255 5555 fraus
2283 5504 2491 5553 detecta
2520 5508 2619 5549 est.
2650 5495 2781 5548 Nam
2804 5496 2918 5563 ipse
2937 5495 3217 5554 Arsenius,
3245 5508 3408 5561 quem

1836 5574 1974 5627 falso
2004 5575 2071 5627 ab
2101 5571 2395 5625 Athanasio
2440 5567 2781 5620 interfectum
2814 5568 3158 5625 dictitabant,
3193 5578 3249 5617 se
3275 5563 3408 5631 epi-

1836 5646 2031 5712 scopis,
2058 5644 2147 5711 qui
2181 5641 2378 5712 Tyrum
2409 5652 2552 5691 anno
2575 5637 2679 5691 555
2708 5647 3095 5697 convenerant,
3143 5635 3319 5686 vivum
3349 5640 3410 5685 ct

1838 5711 2157 5769 incolumem
2185 5711 2437 5766 ostendit.

3014 5861 3091 5921 35
