3932 6504
549 415 684 471 1099

1756 402 1811 458 S.
1853 399 2180 458 GREGORH
2220 397 2563 453 'l'llEOl.OGl

3644 398 3758 453 Ηθθ

547 550 715 607 genus
745 547 861 589 esse
886 538 1131 591 constat;
1169 527 1400 595 primum
1445 523 1632 579 aliena:
1675 539 1877 579 mensa:
1908 524 2111 577 manci-

2229 520 2281 571 τὰ
2338 520 2434 589 μὲν
2504 517 2693 588 πρῶτα
2761 520 3039 587 τραπέζης
3104 517 3385 588 ἀλλοτρίας
3445 515 3642 575 δοῦλον.
3683 520 3758 569 καὶ

546 632 731 699 pium,
769 638 929 693 atque
974 621 1078 675 offa
1133 620 1321 672 venale
1350 657 1366 681 ,
1398 617 1585 685 sicque
1636 625 2003 684 comparatum
2059 626 2113 669 et

546 724 819 780 edoctum,
846 726 904 771 ιιι
925 713 1106 769 omnia
1132 713 1198 765 ad
1226 711 1431 764 ventris
1474 707 1702 777 gratiam
1750 716 1860 759 tum
1890 707 2109 767 faceret,

546 805 656 870 tum
699 813 1008 880 loqueretur
1036 825 1050 873 ;
1093 806 1305 859 tandem
1339 818 1458 856 cum
1498 802 1562 854 ad
1595 800 1991 868 rempublicam
2023 814 2113 868 ge-

548 902 770 960 rendam
808 898 1062 969 pestifere
1108 910 1164 948 se
1210 892 1550 953 contulisset,
1583 899 1744 959 atque
1785 898 2029 943 extremo
2059 896 2113 940 et

548 992 925 1052 sordidissimo
974 987 1119 1040 illius
1166 982 1405 1044 muneri,
1445 982 1547 1036 hoc
1581 990 1687 1043 est,
1726 980 1899 1035 suillis
1937 978 2114 1033 carni-

550 1089 684 1148 bus,
734 1079 931 1151 quibus
980 1077 1134 1131 turba
1201 1074 1453 1128 militaris
1506 1071 1709 1133 alitur,
1757 1068 2115 1135 suscipiendis

550 1175 835 1247 praefectus
865 1169 1079 1232 fuisset,
1128 1174 1289 1234 atque
1326 1165 1380 1218 in
1434 1165 1723 1218 commisso
1756 1163 1857 1215 sibi
1898 1161 2113 1229 negotio

550 1266 772 1323 infidum
805 1276 864 1317 se
912 1258 1232 1330 praebuisset
1255 1296 1271 1320 ,
1302 1265 1578 1325 totamque
1624 1252 1864 1308 muneris
1904 1252 1987 1305 sui
2020 1251 2116 1304 ad-

552 1352 1004 1410 ministrationem
1036 1349 1103 1403 ad
1136 1356 1380 1402 ventrem
1422 1345 1717 1407 retulisset,
1762 1350 2113 1413 posteaquam

550 1446 688 1501 nihil
732 1444 805 1498 illi
856 1452 1053 1513 prattcr
1101 1454 1301 1508 corpus
1351 1436 1541 1505 reliqui
1592 1436 1726 1498 fuit,
1773 1432 2113 1503 profugiendi

551 1536 836 1594 consilium
871 1534 1045 1602 capit,
1084 1543 1246 1601 atque
1285 1530 1446 1583 aliam
1474 1545 1540 1584 ex
1583 1528 1689 1581 alia
1724 1527 1999 1596 regionem
2052 1540 2115 1580 ac

549 1631 847 1691 civitatem,
888 1635 946 1679 ut
997 1624 1343 1693 fugitivorum
1399 1635 1514 1675 mos
1562 1627 1672 1682 est,
1716 1618 1945 1672 subinde
1990 1632 2114 1687 pcr—

551 1727 792 1781 mutans,
825 1725 1119 1784 postremo,
1153 1714 1220 1767 ad
1259 1725 1601 1766 communem
1646 1709 1897 1763 Ecclesia:
1934 1708 2117 1776 perni-

554 1812 716 1873 ciem,
750 1809 925 1863 instar
960 1806 1242 1876 cujusdam
1284 1802 1615 1873 Egyptiaca:
1651 1801 1841 1870 plagae,
1875 1799 2113 1854 Alexan-

2223 611 2398 680 μάζης
2454 610 2635 673 ὢνιον,
2672 609 2851 662 πάντα
2895 611 2989 663 καὶ⁹
3028 612 3198 663 ποιεῖν
3237 611 3327 662 καὶ
3378 609 3556 677 λέγειν
3588 612 3671 661 ἐπὶ
3705 614 3757 678 τῇ

2220 705 2416 774 γαστρὶ⁸
2463 702 2813 773 μεμαθηκός·
2857 701 2923 754 τὰ
2976 702 3257 755 τελευταῖα
3301 702 3355 754 δὲ
3403 703 3499 753 καὶ
3550 700 3760 771 πολιτείᾳ

2221 796 2646 865 παρεισφθαρὲν,
2697 794 2790 846 καὶ
2840 793 3127 846 πιστευθὲν
3182 792 3385 863 ταύτης
3439 793 3509 845 τά
3558 792 3755 861 ἔσχατα,

2221 888 2343 939 ὅσον
2389 886 2549 938 ὐείιυν
2602 885 2780 956 κρεῶν
2830 887 3092 956 ὐποδοχέα
3128 886 3400 953 γενέσθαι.
3432 879 3512 946 οἷς
3542 884 3597 935 τὸ
3633 900 3762 951 στραο

2221 977 2468 1029 τιωτικὸν
2516 977 2805 1046 τρέφεται·
2863 972 2982 1029 εἷτα
3044 976 3211 1029 κακὸν
3281 977 3410 1047 περὶ
3465 974 3561 1045 τὴν
3609 974 3763 1026 πίστιν

2222 1066 2532 1136 γενόμενον,
2572 1066 2665 1117 καὶ
2714 1068 2781 1136 τῇ
2833 1067 3032 1139 γαστρὶ
3083 1066 3563 1136 πολιτευσάμενον,
3604 1065 3762 1135 ἐπειδὴ

2220 1161 2282 1212 τὸ
2318 1160 2473 1229 σῶμα
2534 1158 2855 1211 ὑπελείπετο
2912 1158 3091 1228 μόνον,
3144 1158 3387 1229 δρασμὸν
3448 1160 3643 1219 ὲννοεῖ,
3686 1160 3765 1209 xz".

2222 1250 2387 1321 ἄλλην
2426 1250 2485 1314 ἐξ
2525 1242 2694 1320 ἄλλης
2726 1249 2968 1320 ἀμείϐων
3004 1250 3192 1321 χώραν
3240 1251 3335 1303 καὶ
3376 1249 3553 1315 πόλιν,
3595 1244 3673 1301 οἷα
3710 1249 3765 1301 τὰ

2222 1344 2329 1397 τῶν
2361 1342 2634 1411 φυγάδων,
2666 1342 2815 1405 τέλος
2859 1342 2952 1394 ἐπὶ
2993 1342 3148 1413 κακῷ
3186 1342 3278 1395 τοῦ
3326 1343 3508 1395 κοινοῦ
3549 1344 3642 1412 τῆς
3670 1342 3767 1395 Ἐκ-

2223 1433 2469 1505 κλησίας,
2499 1427 2610 1485 οἷόν
2646 1450 2731 1494 τις
2768 1434 3113 1502 Αἰγυπτιακὴ
3155 1433 3366 1505 πληγὴ,
3414 1433 3514 1503 τὴν
3552 1432 3767 1497 ’Λλεξαν-

2222 1524 2391 1595 δρέων
2440 1521 2866 1592 καταλαμϐάνει.
2919 1522 3179 1575 Ἐνταύοα
3219 1524 3317 1593 τῆς
3366 1522 3503 1592 ἄλης
3549 1523 3761 1584 ἵσταται,

2222 1614 2317 1666 καὶ
2367 1615 2464 1683 τῆς
2516 1611 2848 1683 κακουργίας
2892 1613 3138 1683 ἄρχεται.
3204 1614 3311 1665 Καὶ
3351 1608 3421 1683 ἦν
3479 1613 3637 1666 τᾶλλα
3686 1614 3765 1682 μὲν

2222 1704 2435 1767 οὐδενὸς
2461 1703 2627 1768 ἄξιος,
2665 1705 2724 1757 οὐ
2760 1702 2935 1771 λόγων
2981 1704 3302 1775 ἐλευθερίων
3340 1703 3693 1775 μετεσχηκὼς,
3713 1707 3761 1757 οὐ

2222 1798 2319 1867 τὴν
2385 1797 2671 1851 συνουσίαν
2739 1797 3051 1866 στωμύλος,
3105 1799 3204 1851 οὐκ
3267 1798 3557 1860 εὐλαϐείας
3609 1798 3763 1867 σχῆμα

561 1904 736 1958 driam
770 1901 936 1955 venit.
973 1897 1072 1952 [lic
1109 1895 1292 1965 vagari
1340 1893 1558 1958 desinit,
1584 1893 1984 1962 improbitatem
2026 1906 2116 1943 au—

2229 1887 2351 1956 γοῦν
2388 1906 2439 1940 τι
2492 1888 2584 1940 καὶ
2628 1886 3055 1958 πλάσμαάενὸν
3100 1888 3176 1959 (i)
3236 1889 3641 1959 περικείμενος,
3685 1907 3764 1942 κα-

556 2001 664 2047 tem
695 1999 750 2045 et
774 1988 1065 2043 versutiam
1094 1984 1423 2052 auspicatur.
1456 1982 1723 2037 Caaterum
1764 1980 1964 2034 nullius
1992 1981 2115 2049 qui-

555 2083 678 2135 dem
701 2079 859 2150 pretii
882 2084 1019 2140 erat,
1050 2090 1155 2129 non
1189 2072 1506 2127 liberalibus
1529 2070 1829 2139 disciplinis
1856 2070 2118 2135 imbutus,

2226 1982 2527 2051 κουργῆσαι
2559 1980 2613 2033 δὲ
2657 1979 2756 2050 (2),
2806 1981 2899 2034 καὶ
2945 1982 3169 2052 συγχέαι
3226 1982 3533 2053 πράγματα
3578 1983 3766 2037 πάντων
3863 2026 3867 2032 .

2225 2072 2543 2135 δεινότατος.

556 2189 659 2229 non
689 2174 743 2227 in
791 2185 1083 2240 congressu
1114 2177 1169 2222 et
1198 2166 1464 2235 colloquio
1504 2164 1733 2230 facetus,
1762 2179 1866 2219 non
1897 2165 2114 2234 pietatis
2153 2165 2356 2221 larvam
2424 2167 2615 2221 saltem
2682 2178 2737 2223 et
2787 2168 3000 2225 inanem
3051 2170 3286 2239 speciem
3330 2171 3653 2241 praeferens,
3689 2185 3762 2224 ve-

555 2286 671 2324 rum
708 2270 773 2323 ad
806 2264 1145 2335 suscipienda
1176 2262 1440 2327 facinora,
1477 2276 1672 2332 resque
1712 2261 2109 2331 perturbandas
2152 2263 2605 2332 appositissimus.
2731 2254 2745 2265 ’

624 2360 789 2417 XVII.
828 2358 1010 2413 Nostis
1059 2369 1285 2419 omnes,
1320 2370 1383 2408 ac
1424 2352 1894 2419 commemoratis,
1936 2352 2116 2420 qualia

554 2455 814 2509 adversus
873 2458 1121 2505 sanctum
1185 2446 1361 2500 virum
1426 2444 1719 2499 insolenter
1766 2443 2114 2513 perpetrarit.

553 2546 804 2611 Persaepe
827 2541 970 2597 enim
1013 2537 1298 2606 impiorum
1335 2535 1583 2589 manibus
1615 2549 1677 2588 ac
1725 2534 1978 2603 potestati
2012 2533 2119 2587 viri

550 2633 682 2701 justi
721 2628 990 2684 deduntur
1009 2626 1081 2691 “,
1110 2640 1217 2679 non
1252 2634 1311 2679 ut
1348 2624 1456 2678 illis
1508 2625 1683 2678 honor
1715 2623 1995 2689 habeatur,
2024 2624 2118 2678 sed

556 2724 831 2777 uthorum
862 2720 1029 2774 virtus
1066 2719 1423 2787 exploretur:
1468 2724 1522 2772 et
1570 2731 1875 2786 quanquam
1918 2716 2122 2785 impro-

557 2816 748 2869 borum
784 2827 931 2883 mors
981 2811 1213 2880 pessima
1256 2810 1328 2864 sit
1350 2809 1397 2841 "
1422 2849 1437 2872 ,
1476 2808 1926 2878 quemadmodum
1975 2806 2124 2862 Scri-

557 2916 713 2977 ptura
738 2913 985 2968 testatur,
1005 2902 1318 2957 deridentur
1347 2910 1521 2955 tamen
1555 2901 1770 2954 interim
1801 2901 1853 2955 in
1882 2902 1985 2954 hac
2012 2902 2123 2955 vita

558 2993 775 3064 pietatis
837 2991 1116 3055 cultores,
1185 2990 1311 3044 dum
1362 2988 1452 3041 Dei
1505 2989 1811 3059 benignitas
1861 2990 2125 3058 tantisper

553 3084 881 3145 occultatur,
908 3096 970 3135 ac
997 3082 1164 3134 latent
1190 3082 1353 3133 etiam
1383 3078 1549 3149 396
1580 3095 1773 3149 magna
1813 3094 1998 3133 earum
2038 3094 2125 3133 re-

2288 2354 2385 2405 IZ'.
2444 2354 2585 2406 Ἴστε
2620 2355 2715 2408 καὶ
2765 2355 3033 2425 διηγεῖσθε
3094 2354 3322 2420 πάντες,
3362 2353 3453 2410 οἷα
3513 2356 3641 2410 κατὰ
3685 2354 3760 2408 τοῦ

2222 2444 2374 2512 ἁγίου
2427 2447 2776 2500 νεανιεύεται.
2844 2447 3232 2518 Παραδίδονται
3286 2447 3398 2520 γὰρ
3460 2449 3553 2503 καὶ
3597 2449 3760 2501 δίκαιοι

2222 2534 2477 2598 πολλάκις
2504 2537 2584 2598 εἰς
2616 2539 2805 2606 χεῖρας
2849 2537 3082 2602 ἀσεϐῶν,
3126 2539 3225 2609 οὐχ
3260 2540 3348 2592 ῖνα
3392 2541 3583 2593 ἐκεῖνοι
3624 2558 3759 2609 τιμη-

2223 2626 2407 2687 θῶσιν,
2461 2627 2578 2680 ἀλλ’
2631 2628 2718 2680 ἵνα
2779 2623 2926 2683 οὗτοι
2992 2630 3392 2701 δοκιμασθῶσιο
3452 2634 3545 2685 καὶ
3604 2632 3759 2701 φαῦλοι

2233 2720 2330 2790 μὲν
2366 2719 2439 2789 (5)
2475 2721 2534 2774 ὲν
2577 2720 2793 2791 θανάτῳ
2825 2720 3068 2793 ἐξαισίῳ,
3101 2724 3240 2776 κατά
3289 2726 3350 2778 τδ
3400 2725 3757 2798 γεγραμμένον,

2230 2813 2633 2885 καταγελῶνεαι
2661 2813 2717 2866 δὲ
2746 2815 2896 2885 ὅμως
2928 2815 3063 2887 πρὸς
3101 2817 3162 2869 τὸ
3197 2818 3368 2890 παρὸν
3408 2821 3655 2883 εὐσεϐεῖς,
3678 2818 3761 2880 ἕως

2231 2902 2594 2990 ἡῠχρηστύτης
2617 2903 2711 2957 τοῦ
2736 2904 2871 2956 Θεοῦ
2903 2904 3204 2976 κρύπτεται
3239 2908 3335 2978 (4),
3362 2910 3463 2963 καὶ
3500 2911 3563 2964 τὰ
3590 2909 3759 2981 μεγάλα

2228 2998 2455 3063 ταμιεῖα
2485 2989 2603 3047 τῶν
2646 2995 2873 3068 ὕστερον
2920 2997 2995 3065 (5)
3054 2998 3335 3071 ἑκατέροις
3398 3003 3758 3072 ἀποκειμένων

2224 3084 2387 3154 ἡνίκα
2431 3085 2527 3137 καὶ
2574 3084 2759 3153 λόγος,
2811 3086 2905 3138 καὶ
2949 3086 3166 3158 πρᾶξις,
3217 3090 3310 3143 καὶ
3354 3090 3640 3162 διανόημα,
3674 3092 3760 3151 τοῖς

552 3191 679 3229 rum
708 3172 1093 3245 promptuaria,
1122 3186 1240 3240 qua:
1264 3171 1314 3223 in
1345 3180 1620 3239 posterum
1653 3171 1897 3239 utrisque
1927 3184 2113 3223 recon-

2229 3175 2451 3238 δικαίοις
2500 3177 2762 3249 σταθμοῖς
2791 3178 2885 3232 τοῦ
2935 3179 3069 3233 θεοῦ
3112 3181 3497 3237 ταλαντεύεται
3537 3183 3635 3254 (6)·
3661 3182 3763 3235 ὅταν

560 3266 799 3320 duntur:
843 3273 952 3316 tum
992 3277 1112 3315 cum
1158 3271 1214 3315 et
1255 3274 1455 3324 sermo,
1489 3269 1543 3313 et
1578 3260 1742 3323 actio,
1771 3268 1825 3314 et
1864 3260 2123 3328 cogitatio

562 3354 849 3427 justaDei
902 3352 1100 3406 trutina
1147 3350 1550 3419 expendentur;
1590 3364 1712 3403 cum
1757 3348 1965 3403 scilicet
2014 3349 2127 3418 ipse

566 3448 636 3502 ad
682 3444 1029 3517 iudicandam
1085 3453 1282 3497 terram
1330 3441 1668 3506 surrexerit,
1729 3440 2010 3494 consilium
2071 3450 2128 3494 et

560 3552 727 3605 opera
760 3536 1039 3607 colligens,
1066 3546 1226 3605 atque
1254 3548 1318 3587 ea
1358 3548 1477 3602 qua:
1524 3533 1667 3601 apud
1698 3532 1870 3600 ipsum
1905 3530 2121 3586 condita

563 3639 618 3684 et
641 3627 923 3697 obsignata
963 3636 1109 3690 sunt,
1155 3627 1432 3694 detegens,
1479 3631 1535 3678 et
1580 3624 1633 3677 in
1672 3623 1906 3677 medium
1947 3621 2129 3692 profe-

561 3734 709 3774 rens.
741 3717 872 3773 ﬂrec
902 3716 1017 3781 tibi,
1044 3726 1150 3770 tum
1186 3729 1437 3771 sermone
1473 3728 1592 3781 suo,
1624 3724 1733 3767 tum
1762 3714 2000 3767 cruciatu
2028 3712 2127 3767 Job

563 3811 907 3882 persuadeat,
943 3808 1188 3877 quicum
1250 3807 1411 3860 homo
1449 3814 1594 3859 esset
1638 3803 1884 3860 veritatis
1930 3804 2126 3867 cultor,

562 3901 986 3972 reprehensione
1031 3896 1309 3962 immunis,
1347 3897 1549 3968 justus,
1594 3896 1738 3965 pius,
1775 3904 1827 3950 et
1878 3911 2129 3964 quaacun-

567 4008 674 4062 que
716 3992 818 4056 illi,
866 3991 1160 4059 Scripturze
1210 3988 1544 4051 testimonio,
1589 3987 1920 4050 tribuuntur,
1952 3988 2019 4041 ab
2063 4003 2129 4041 eo

563 4094 767 4143 tamen,
789 4082 881 4148 qui
926 4079 1099 4149 ipsum
1132 4079 1547 4148 depoposcerat,
1583 4086 1659 4132 tot
1699 4086 1917 4144 tamque
1946 4078 2129 4133 densis

569 4184 626 4227 et
650 4154 881 4241 copiosis
915 4168 1207 4224 assultibus
1247 4169 1508 4236 quatitur,
1535 4175 1612 4231 ut,
1640 4183 1761 4222 cum
1806 4169 1959 4224 multi
1988 4186 2129 4240 smpe

565 4278 633 4319 cx
659 4261 804 4316 cmni
835 4260 1109 4313 hominum
1150 4260 1419 4313 memoria
1448 4259 1501 4312 in
1531 4275 1801 4314 aerumnas
1824 4261 2127 4327 inciderint,

563 4354 809 4411 nonnulli
850 4355 1034 4415 etiam,
1068 4362 1127 4407 ut
1166 4352 1447 4421 probabile
1486 4361 1589 4417 est,
1633 4354 1813 4407 vexati
1858 4362 1911 4409 et
1952 4354 2130 4409 afﬂicti

566 4447 792 4511 fuerint,
826 4461 985 4501 nemo
1015 4454 1195 4500 tamen
1224 4460 1345 4499 cum
1375 4444 1522 4498 illius
1552 4444 1958 4502 calamitatibus
1982 4463 2132 4503 com-

2227 3268 2429 3339 ἀναστῇ
2472 3273 2653 3339 κρῖναι
2700 3270 2797 3342 τὴν
2854 3272 2980 3341 γῆν,
3027 3274 3124 3345 τὴν
3176 3274 3365 3347 βουλὴν
3420 3278 3512 3330 καὶ
3552 3274 3612 3327 τὰ
3656 3274 3761 3343 ἔργα

2230 3360 2498 3427 συνάγων,
2549 3363 2643 3415 καὶ
2683 3364 2905 3433 γυμνῶν
2940 3363 3009 3417 τὰ
3061 3366 3476 3438 ἐσφραγισμένα
3508 3368 3625 3437 παρ’
3645 3363 3764 3432 αὐτῷ

2228 3450 2321 3502 καὶ
2365 3450 2665 3521 σωζόμενα.
2711 3454 2896 3508 Ταῦτα
2961 3455 3195 3511 πειθέτω
3245 3476 3304 3511 σε
3351 3459 3451 3513 καὶ
3498 3459 3651 3526 λέγων
3690 3458 3763 3507 καὶ

2228 3539 2452 3610 πάσχων
2488 3540 2640 3594 Ἰὡ6’
2691 3544 2750 3608 ὃς
2800 3541 2868 3614 ἦν
2922 3548 3017 3617 μὲν
3076 3548 3152 3619 (7)
3191 3548 3479 3620 ἄνθρωπος
3525 3546 3760 3619 ἀληθινὸςν

2228 3632 2536 3702 ἄμεμπτος,
2567 3634 2794 3700 δίκαιος,
2844 3637 3129 3711 Θεοσεόὴς,
3167 3641 3259 3694 καὶ
3306 3642 3409 3694 ὅσα
3459 3638 3763 3712 μεμαρτύρη-

2228 3740 2349 3776 ται·
2385 3725 2673 3790 τοσαύταις
2706 3728 2762 3781 δὲ
2799 3730 3099 3803 πλήσσεται
3152 3733 3304 3806 παρὰ
3346 3735 3444 3788 τοῦ
3487 3732 3763 3804 ὲξῃπκὸτος

2229 3817 2349 3878 ταῖς
2379 3818 2701 3887 προσϐολαῖς
2738 3821 2847 3891 (8),
2890 3825 2983 3876 καὶ
3022 3823 3196 3889 οὕτως
3234 3826 3644 3897 ἀλλεπαλλήλοις
3685 3820 3759 3872 καὶ

2231 3906 2529 3977 φιλοτίμοις
2551 3950 2565 3969 ,
2610 3910 2748 3964 ὥστε
2820 3914 3029 3968 πολλῶν
3062 3916 3320 3980 πολλάκις
3370 3919 3437 3970 ἐκ
3470 3916 3555 3970 τοῦ
3601 3912 3761 3971 ’ταντα

2232 3996 2423 4062 αἰῶνος
2452 4003 2967 4075 κακοπαθησάντων,
3008 4006 3116 4059 τῶν
3159 4008 3216 4060 δὲ
3262 4009 3337 4071 ὡς
3378 4010 3523 4071 εἰκὸς
3563 4005 3644 4060 καὶ
3673 4020 3749 4055 τα-

2232 4088 2695 4163 λαιπωρησάντων
2723 4097 2825 4167 (9),
2860 4099 3061 4171 μηδένα
3082 4095 3219 4155 εἶναι
3246 4105 3365 4165 ταῖς
3397 4104 3596 4155 ἐκείνου
3627 4111 3760 4165 παρτε

2234 4180 2413 4234 ϐαλεῖν
2438 4192 2764 4260 συμφοραῖς.
2792 4192 2866 4244 Οὐ
2901 4191 3009 4264 γὰρ
3053 4193 3212 4264 μόνον
3245 4197 3519 4265 χρήματα,
3548 4194 3759 4261 κτήματα

2234 4271 2539 4340 εὐτεκνίαν,
2566 4277 2936 4345 πολυτεκνίαν,
2955 4282 2990 4335 ἃ
3012 4285 3175 4336 πᾶσιν
3195 4284 3500 4354 ἀνθρώποις
3521 4282 3623 4337 ἐστὶ
3646 4294 3760 4345 περι·

2236 4363 2572 4421 σπούδαστα·
2617 4372 2677 4422 οὐ
2728 4372 2897 4427 ταῦτα
2970 4373 3260 4445 ζημιοῦται
3335 4377 3513 4447 μόνον,
3547 4374 3613 4436 ὡς
3656 4366 3759 4439 μηδὲ

2237 4454 2454 4529 θρήνοις
2482 4461 2735 4528 γενέσθαι
2768 4464 2950 4535 χώραν
2978 4466 3066 4520 διὰ
3093 4467 3153 4520 τὸ
3187 4468 3410 4538 συνεχὲς
3442 4467 3543 4522 τῶν
3573 4460 3755 4517 κακῶνο

566 4537 748 4609 parari
780 4546 959 4607 queat.
985 4534 1100 4592 Non
1128 4536 1270 4591 enim
1301 4536 1560 4606 pecunias
1588 4547 1801 4591 tantum
1835 4546 1889 4592 et
1909 4540 2122 4608 prmdia,

2236 4547 2374 4603 ἀλλὰ
2417 4552 2511 4606 καὶ⁸
2545 4553 2678 4607 αὐτὸ
2704 4555 2764 4609 τὸ
2810 4534 2968 4628 σῶμα
3001 4534 3555 4631 τελευταῖον-πληγεὶς
3586 4546 3759 4622 πληγὴν

566 4628 901 4702 splendidam
952 4644 1016 4683 ac
1061 4643 1401 4683 numerosam
1450 4628 1691 4697 prolem,
1755 4643 1875 4698 quas
1922 4645 2011 4685 res
2060 4631 2127 4685 ab

635 4783 685 4821 "
712 4782 814 4840 Job
840 4782 1033 4850 tx,24;
1067 4798 1166 4853 xu,
1198 4782 1252 4837 4.
1328 4782 1375 4814 ⁸⁵
1410 4780 1498 4838 Ps.
1526 4798 1721 4849 χχχιιι,
1743 4782 1833 4839 22.

662 4966 694 5018 ιλ
745 4963 961 5019 ‘Kerdr.
990 4963 1049 5016 In
1078 4962 1369 5028 nonnullis,
1405 4964 1609 5026 καινόν,
1642 4983 1659 5014 ι
1691 4980 1907 5019 uuvam.
1941 4986 1958 5017 ι

638 4963 715 5105 ίὲζ
750 5033 842 5088 Δέ.
902 5033 993 5087 Sic
1024 5042 1253 5101 quatuor
1296 5032 1487 5104 Regg.,
1520 5032 1613 5087 0r.
1652 5035 1701 5096 1,
1746 5034 1939 5090 Comb.

568 5032 718 5157 ing),
750 5033 842 5088 Δέ.
902 5033 993 5087 Sic
1024 5042 1253 5101 quatuor
1296 5032 1487 5104 Regg.,
1520 5032 1613 5087 0r.
1652 5035 1701 5096 1,
1746 5034 1939 5090 Comb.
1975 5036 2134 5093 Deest

568 5122 621 5161 ιη
654 5121 741 5159 00.

662 5173 715 5311 δὲ
740 5173 885 5228 Μέν.
916 5172 1075 5227 Deest
1105 5171 1157 5225 in
1183 5171 1425 5239 pluribus
1462 5173 1617 5227 codd.

664 5246 693 5298 ὁ
749 5244 1097 5310 Κρύπτεται.
1125 5241 1216 5296 Sic
1235 5250 1465 5310 quatuor
1481 5242 1617 5311 chg

664 5241 715 5311 ὁ)
749 5244 1097 5310 Κρύπτεται.
1125 5241 1216 5296 Sic
1235 5250 1465 5310 quatuor
1481 5242 1646 5314 chg.
1671 5244 1988 5300 etCombef.
2008 5246 2131 5310 Alii,

567 5314 894 5386 κρύπτηται.
933 5314 1089 5386 ζῖιιιυι·ἱ

644 5384 738 5455 (5)_
762 5380 992 5455 Ταμιεῖα
1017 5381 1135 5455 τῶν
1161 5380 1435 5455 ὕστεροις.
1471 5381 1560 5455 Sic
1589 5392 1699 5455 tres
1729 5384 1918 5455 Regg.,
1962 5387 2137 5440 trede-

570 5452 671 5508 ciu‘i
702 5453 883 5523 (301b,,
903 5453 1065 5506 Coisl.
1085 5452 1139 5515 1,
1170 5452 1261 5505 Ur.
1300 5455 1353 5517 1,
1379 5452 1646 5515 Combef.,
1681 5463 1786 5509 etc.
1813 5452 1867 5508 lu
1894 5458 2004 5523 ed.,
2041 5474 2134 5508 τα-

573 5525 721 5593 μιεῖα
753 5524 833 5585 εἰς
861 5522 1103 5593 ὕστερον.

643 5591 717 5660 (6)
752 5591 1198 5646 Ταλαντὲύεται.
1226 5591 1318 5646 Sic
1352 5606 1447 5647 nos
1469 5606 1589 5646 cum
1619 5592 1862 5648 Combef.
1887 5594 2010 5659 Alli,
2037 5613 2133 5650 τα-

564 5660 908 5730 λαντεύηται.

645 5728 849 5813 (ηςος
866 5728 1091 5813 ἦνμέν.
1126 5731 1217 5791 Sic
1241 5740 1470 5803 quatuor
1496 5732 1664 5803 Regg.
1693 5742 1748 5790 et
1762 5733 2004 5791 Combef.
2030 5735 2138 5792 De-

560 5799 661 5856 est
682 5799 779 5871 μέν
816 5801 869 5855 in
893 5799 979 5856 ed.

2233 4636 2451 4694 ἀνίατόν
2488 4661 2547 4696 τε
2597 4645 2690 4699 καὶ
2740 4646 3135 4721 δυσθεώρητον,
3183 4649 3298 4722 εἶχε
3351 4651 3450 4722 μὲν
3496 4644 3759 4720 προσθήκην

2313 4972 2395 5053 (8)_
2434 4974 2566 5053 Ταζς
2586 4978 2969 5053 προσϐολαῖς.
2999 4979 3339 5053 Sicquatuor
3357 4981 3538 5053 Regg.,
3558 4978 3693 5035 etOr.
3714 4976 3753 5053 l-

2240 5041 2297 5096 ln
2323 5041 2417 5096 'ed.
2458 5049 2575 5123 ταῖς
2626 5041 2822 5123 legitur
2874 5041 2993 5123 post
3024 5041 3343 5116 καὶόὐτως,
3375 5041 3535 5123 quod
3561 5048 3754 5104 auctori-

2244 5122 2352 5165 tate
2377 5113 2621 5168 codicum
2660 5113 3078 5175 immutarimus.

3535 5184 3755 5257 ωρησάν·

2314 5182 2387 5255 (9)
2429 5188 2987 5255 Κακοπαθησάντων
3080 5231 3125 5246 ..
3187 5191 3283 5244 καὶ
3320 5197 3535 5247 calam

2242 5269 2380 5307 των.
2423 5254 2684 5330 Quamvis
2714 5254 2792 5311 ha:
2821 5273 3002 5323 voces,
3054 5262 3195 5330 apud
3235 5261 3473 5327 Suidam,
3520 5254 3749 5313 fereidem

2244 5334 2459 5403 Sonent,
2510 5326 2854 5403 manifestum
2893 5337 2976 5403 est
3006 5326 3206 5403 tamen,
3259 5333 3307 5385 in
3333 5326 3564 5403 Gregorii
3595 5334 3752 5403 incute.

2244 5402 2568 5474 postremam
2603 5396 2801 5474 aliquid
2850 5399 2928 5474 ad_
2974 5401 3201 5466 primam
3247 5396 3467 5457 addere:
3516 5398 3749 5474 Credimus

2246 5463 2406 5530 igitur
2439 5463 2755 5538 Gregorium
2788 5463 3021 5523 voluisse
3066 5472 3375 5538 significare
3422 5487 3527 5534 eos,
3562 5466 3747 5538 quinou

2247 5529 2450 5604 tantum
2506 5529 2659 5589 malis
2691 5540 2863 5591 vexati
2890 5549 3036 5603 sunt,
3078 5529 3173 5593 sed
3231 5543 3392 5595 etiam
3436 5529 3541 5601 eos,
3578 5529 3662 5604 'qui
3701 5529 3749 5580 πιί

2247 5600 2386 5680 mala
2416 5614 2468 5657 et
2505 5608 2689 5673 plagas
2715 5609 2953 5680 animum
2992 5600 3345 5677 indurarunt;
3400 5612 3478 5665 vel
3500 5600 3748 5680 ethnicos.

2246 5672 2335 5751 qui
2364 5672 2691 5751 spontaneos
2715 5675 2927 5751 labores
2956 5694 3059 5733 non
3114 5672 3483 5751 suSCeperunt,
3526 5678 3609 5733 sed
3635 5672 3747 5726 illata

2245 5742 2315 5797 ab
2352 5741 2471 5799 aliis
2504 5744 2644 5799 mala
2667 5749 2905 5816 perpessi
2931 5757 3074 5803 sunt.
