3914 6404
199 417 328 473 1101

1112 408 1368 467 ORATIO
1406 406 1546 461 XXI.
1587 437 1654 446 ——
1693 407 1758 461 IN
1799 405 2079 461 LAUDEM
2115 401 2513 458 ATHAN‘ASII.

3294 401 3433 458 “03

196 533 291 603 τῆς
343 531 626 600 συμφορᾶς
671 530 768 601 τὴν
821 530 1052 596 γυναῖκα
1096 522 1597 598 παραμυθουμένην
1649 523 1765 584 τοῖς

1895 523 2113 576 mnibus
2163 522 2472 576 hominibus
2522 521 2868 576 vehementer
2913 528 3270 591 expetuntur;
3322 539 3432 579 non

198 624 400 694 χείροσι
436 621 732 692 (πληγῆναι
773 621 880 691 γάρ
929 619 1275 688 ἐφιλονείκει,
1307 616 1402 670 κα).
1446 615 1554 690 τὴν¹
1593 611 1773 682 ψυχὴν

199 717 333 786 πρὸς
358 713 437 784 τῷ
465 712 700 784 σώματι)
724 731 736 743 ·
766 712 879 786 εἶχε
910 715 966 768 δὲ
1012 712 1108 766 καὶ
1137 710 1245 763 τῶν
1286 707 1455 777 φίλων
1483 706 1608 767 τοὺς
1643 720 1776 773 γνη-

202 807 496 869 σιωτάτους
529 808 952 878 παρακλήτορας
1002 803 1212 865 κακῶν,
1257 801 1332 863 ὡς
1380 797 1544 859 αὐτός
1587 812 1774 866 φησιν,
1819 824 1824 832 ι

199 901 258 953 ού
300 900 660 971 θεραπευτάς·
703 903 751 955 οἳ
781 902 842 954 τὸ
883 902 980 972 μὲν
1033 899 1205 961 πάθος
1238 895 1446 966 ἐώρων,
1475 892 1535 946 τὸ
1577 891 1633 944 δὲ
1680 890 1776 942 τοῦ

203 992 405 1055 πάθους
445 993 761 1061 ἀγνοοῦντες
799 993 1112 1063 μυστήριον,
1158 991 1218 1042 οὐ
1270 988 1496 1058 βάσανον
1538 983 1766 1054 ἀρετῆς,

203 1083 338 1138 ἀλλὰ
381 1084 579 1148 κακίας
611 1086 918 1156 εἴσπραξιν,
961 1085 1060 1154 τὴν
1110 1082 1322 1150 πληγὴν
1370 1075 1770 1146 ὑπελάμϐανον.

205 1174 311 1226 Καὶ
358 1175 457 1227 οὐκ
501 1175 747 1244 ἐνόμιζον
803 1175 983 1245 μόνον,
1039 1172 1154 1224 ἀλλ’
1195 1169 1317 1223 οὐδὲ
1367 1165 1663 1240 ᾐσχύνοντο
1712 1161 1776 1215 τὸ

204 1265 374 1320 δεινὸν
416 1267 758 1331 ὀνειδίζοντες
807 1266 949 1337 (10),
996 1264 1154 1318 ὁπότε
1203 1263 1297 1316 καὶ
1344 1263 1392 1314 εἰ
1437 1260 1525 1313 διὰ
1575 1255 1775 1313 κακίαν

206 1357 435 1428 ἔπασχε,
489 1358 802 1428 σοφίζεσθαι
866 1357 928 1410 τὸ
981 1355 1184 1408 λυποῦν
1253 1354 1357 1406 ἔδει
1424 1348 1775 1422 παραμυθίας

1872 612 2008 676 haec,
2032 613 2273 680 inquam,
2313 614 2574 666 duntaxat
2606 613 2827 680 amittit,
2878 621 2933 668 et
2975 613 3190 682 quidem
3239 614 3336 679 ita,
3370 624 3432 667 ut

1871 719 1973 758 nec
2003 703 2239 758 luctibus
2268 703 2398 772 ipsis
2443 702 2513 758 ob
2549 704 2810 758 malorum
2852 703 3242 759 connexiouem
3283 709 3435 758 locus

1872 802 2052 858 esset;
2084 795 2174 848 sed
2212 803 2488 864 postremo
2515 795 2568 848 in
2617 795 2732 864 ipso
2755 809 2970 864 quoque
2997 809 3246 863 corpore,
3279 795 3434 848 incu-

1873 885 2028 938 rabili
2074 898 2137 938 ac
2176 885 2291 938 visu
2325 885 2484 938 etiam
2533 893 2668 939 tetra
2726 894 2781 939 et
2827 884 3067 939 horribili
3109 884 3262 954 plaga
3304 883 3438 938 affe-

1879 985 1999 1028 ctus
2020 974 2066 1006 ⁸⁸
2092 1012 2107 1037 ,
2149 989 2246 1043 pro
2295 973 2619 1028 calamitatis
2666 974 2881 1029 cumulo
2918 989 3142 1028 uxorem
3180 973 3438 1036 habebat,

1877 1065 2148 1135 pejoribus
2220 1072 2273 1118 et
2335 1065 2673 1133 gravioribus
2741 1079 2862 1118 eum
2930 1065 3321 1119 consolantem.
3384 1063 3441 1119 Id

1879 1157 2022 1210 enim
2081 1155 2314 1209 obnoxie
2363 1157 2578 1225 agebat,
2612 1165 2670 1208 ut
2695 1157 2759 1208 ad
2799 1157 3042 1225 corporis
3084 1156 3292 1225 plagam
3321 1155 3444 1210 ani-

1879 1261 1981 1301 mae
2031 1245 2228 1300 vulnus
2273 1245 2572 1300 accederet.
2631 1245 2769 1312 Quin
2838 1247 3232 1300 sincerissimos
3280 1249 3444 1301 etiam

1880 1336 2085 1391 amicos
2140 1349 2265 1390 suos
2327 1335 2624 1400 malorum,
2685 1346 2746 1388 ut
2791 1337 2957 1406 ipsius
3001 1337 3180 1391 verbis
3225 1346 3349 1390 utar
3375 1336 3443 1398 ",

1880 1428 2254 1486 consolatores
2299 1426 2571 1491 habebat,
2626 1440 2734 1481 non
2803 1428 3149 1494 depulsores;
3185 1428 3277 1496 qui
3323 1443 3442 1480 cum

207 1517 378 1612 ipsius
419 1543 651 1597 dolorem
695 1541 1090 1612 perspicerent,
1160 1553 1258 1593 nec.
1303 1537 1502 1591 doloris
1539 1543 1792 1588 arcanum
1831 1524 2216 1591 intelligerent.
2267 1519 2321 1573 in
2373 1533 2437 1573 ea
2489 1517 2740 1586 opinione
2788 1520 3163 1583 versabantur,
3225 1528 3284 1570 ut
3340 1535 3445 1572 non

206 1634 427 1688 virtutis
453 1606 928 1704 explorantum—sed
965 1629 1272 1684 vindicandi
1323 1627 1542 1683 sceleris
1579 1637 1765 1685 causa,
1801 1617 1942 1672 hanc
2004 1613 2077 1668 illi
2148 1609 2358 1680 plagam
2395 1606 2650 1662 inllictam
2693 1622 2813 1661 esse
2864 1608 3259 1662 existimarent.
3309 1607 3449 1673 Quid

209 1726 372 1782 dico‘
409 1698 822 1780 existimarent?
848 1722 960 1776 Imo
1001 1736 1099 1776 nec
1135 1719 1498 1774 calamitatem
1529 1716 1577 1770 ei
1617 1709 1946 1779 exprobrare
1974 1701 2334 1763 verebantur;
2388 1699 2546 1766 idque
2586 1711 2650 1752 eo
2683 1706 2943 1765 tempore,
2984 1712 3131 1757 cum,
3183 1698 3346 1750 etiam
3402 1700 3446 1752 si

211 1818 419 1876 Peccati
453 1831 664 1884 poenam
692 1814 894 1878 lueret,
921 1811 1038 1877 ejus
1066 1821 1244 1864 tamen
1289 1819 1544 1877 angorem
1580 1800 1788 1857 blandis
1827 1793 2167 1851 sermonibus
2192 1788 2378 1843 fallere
2405 1801 2467 1840 ac
2492 1786 2739 1856 mitigare
2762 1787 3136 1842 conveniebat.

280 1912 391 1964 ΠΡ.
434 1877 590 1961 ὀῦτω
637 1905 734 1976 μὲν
779 1877 931 1958 οὖνὸ
968 1902 1110 1965 Ἰὼϐ,
1165 1900 1260 1954 κα)⁹
1310 1900 1379 1952 τὰ
1429 1895 1622 1967 πρῶτα
1683 1891 1782 1962 τῆς

1958 1881 2142 1938 XVIII.
2170 1879 2285 1935 Hoc
2310 1881 2424 1948 ipso
2444 1877 2656 1946 quidem
2683 1887 2825 1932 statu
2851 1889 2964 1931 erat
2997 1877 3100 1933 Job
3118 1920 3132 1944 ,
3169 1894 3233 1934 ac
3259 1880 3452 1936 divina:

209 2002 344 2074 περὶ
373 2000 537 2053 αὐτὸν
565 1996 968 2067 πραγματείας.
1009 1991 1182 2061 Ἀγὼν
1212 1991 1319 2062 γὰρ
1345 1986 1412 2061 ἦν
1441 1988 1639 2057 ἀρετῆς
1670 1983 1782 2055 (11)

211 2095 307 2147 καὶ
338 2091 533 2160 φθόνου
553 2106 566 2119 ·
602 2088 695 2141 τοῦ
734 2087 852 2158 μὲν,
879 2087 1026 2149 ὅπως
1057 2081 1152 2137 τοῦ
1180 2080 1344 2136 καλοῦ
1371 2081 1619 2152 κρατήσῃ
1647 2075 1781 2144 (12),

211 2181 672 2255 φιλονεικοῦντος
712 2177 812 2246 τῆς
855 2177 933 2241 δὲ,
983 2176 1130 2238 ὅπως
1173 2174 1438 2243 ἀήττητος
1493 2165 1784 2237 διαμείνῃ,

212 2278 396 2331 πάντα
442 2271 746 2344 φερούσης·
786 2270 880 2322 xui.
926 2266 1020 2321 τοῦ
1069 2267 1188 2337 μὲν,
1225 2265 1372 2325 ὅπως
1404 2257 1642 2331 εὐοδώσῃ
1685 2275 1786 2310 κα·-

214 2367 364 2428 κίαν,
393 2361 816 2432 ἀγωνιζομένου,
843 2359 928 2412 διὰ
959 2358 1061 2428 τῆς
1098 2357 1206 2410 τῶν
1244 2350 1645 2424 κατορθούντων
1699 2366 1790 2402 κοη

212 2457 426 2518 λάσεως
447 2471 460 2485 ο
487 2455 588 2523 τῆς
615 2452 694 2512 δὲ,
719 2451 864 2513 ὅπως
898 2449 1146 2519 κατάσχῃ
1193 2445 1320 2508 τοὺς
1364 2441 1601 2510 ἀγαθοὺς
1619 2479 1634 2504 ,
1686 2440 1789 2492 κάν

212 2551 339 2612 ταῖς
389 2546 696 2615 συμφοραῖς
736 2542 797 2595 τὸ
838 2541 999 2594 πλέον
1029 2541 1136 2609 (15)
1174 2536 1413 2607 ἔχοντας.
1445 2534 1512 2586 Τί
1543 2532 1631 2586 δαὶ
1680 2530 1789 2602 (Μ)

211 2639 244 2690 6
269 2637 408 2708 πρὸς
445 2633 608 2688 αὐτὸν
651 2629 1004 2703 χρηματίζων
1041 2627 1129 2680 διὰ
1177 2625 1435 2688 λαίλαπος
1467 2624 1561 2676 καὶ
1592 2619 1790 2690 νεφῶν,

212 2731 243 2782 6
285 2729 486 2800 βραδὺς
515 2728 595 2789 εἰς
621 2725 863 2786 κόλασιν,
891 2722 984 2774 κα).
1009 2721 1175 2790 ταχὺς
1208 2719 1286 2781 είς
1314 2715 1618 2786 ἀντίληψιν,
1649 2715 1678 2767 ὁ
1715 2713 1787 2783 μὴ

213 2817 500 2880 παντελῶς
549 2815 798 2883 ἐπαφιεὶς
849 2811 1040 2883 ῥάϐδον
1091 2807 1430 2880 ἁμαρτωλῶν
1475 2805 1663 2876 κλήρῳ
1713 2804 1794 2856 δι-

213 2905 417 2967 καίων,
467 2905 553 2959 ἵνα
594 2903 668 2974 μὴ
698 2901 894 2955 κακίαν
929 2900 1129 2953 δίκαιοι
1180 2896 1454 2967 μάθωσιν;
1499 2894 1622 2948 Ἐπὶ
1652 2893 1796 2946 τέλει

213 2997 331 3050 τῶν
388 2995 563 3051 ἄθλων
622 2991 943 3066 ἀναγορεύει
994 2989 1085 3042 τὸν
1146 2987 1384 3058 ἀθλητὴν
1429 2980 1666 3056 λαμπρῷ
1719 2983 1798 3053 τῷ

211 3087 559 3160 κηρύγματι,
604 3086 698 3139 καὶ
734 3085 932 3154 γυμνοῖ
978 3082 1078 3151 τῆς
1108 3080 1323 3151 πληγῆς
1355 3079 1416 3132 τὺ
1465 3077 1795 3148 ἀπόρρητον,

217 3178 349 3231 Οἴει
391 3194 469 3246 με
509 3177 708 3241 ἄλλως
750 3189 848 3228 σοι
883 3171 992 3244 (15)
1027 3169 1554 3240 κεχρηματικέναι,
1600 3166 1795 3234 λέγων,

213 3267 257 3335 ἥ
295 3268 401 3320 ἵνα
433 3263 746 3334 ἀναφανῇς
794 3263 1054 3327 δίκαιοςς
1101 3260 1274 3313 Τοῦτο
1319 3258 1427 3313 τῶν
1470 3257 1797 3328 τραυμάτων

213 3359 281 3411 τὺ
315 3357 630 3428 φάρμακον,
671 3349 824 3416 οὗτος
854 3354 952 3424 τῆς
990 3352 1229 3419 ἀγωνίας
1267 3352 1295 3403 6
1327 3349 1618 3418 στέφανος,
1659 3348 1796 3418 αὕτη

213 3447 323 3518 τῆς
352 3446 629 3516 ὑπομονῆς
651 3445 684 3514 ἡ
713 3442 996 3504 ἀντίδοσις.
1023 3440 1104 3493 Τὰ
1128 3440 1236 3512 γάρ
1263 3438 1388 3510 ἑξῆς
1410 3438 1540 3500 ἴσως
1568 3438 1662 3490 κα)⁸
1687 3436 1798 3507 (16)

219 3537 425 3608 μικρὰ,
471 3534 572 3588 κᾶν
629 3532 838 3604 μεγάλα
872 3532 981 3585 τισὶ
1011 3531 1164 3600 δοκῇ,
1206 3528 1300 3581 καὶ
1354 3527 1566 3598 μικρῶν
1611 3525 1798 3579 ἕνεκεν

213 3627 668 3699 οἱκονομηθέντα,
713 3626 807 3680 καὶ
834 3626 882 3677 εἰ
915 3622 1178 3691 διπλασίῳ
1217 3619 1326 3691 (17)
1360 3619 1468 3672 τῶν
1511 3617 1800 3688 ἀφῃρημέ-

219 3735 338 3772 νων
367 3716 780 3788 ἀντιλαμϐάνει.

299 3972 409 4029 ΙΘ’.
451 3972 657 4027 Οὐκοῦν
721 3972 842 4024 οὐδὲ
905 3970 1139 4024 ἐνταῦθα
1185 3967 1516 4039 θαυμαστὸν,
1589 3968 1636 4020 εί
1689 3965 1802 4038 (18)

1887 1976 2029 2030 circa
2071 1987 2193 2028 eum
2230 1971 2460 2025 actionis
2507 1969 2767 2040 principia
2822 1969 2926 2022 hoc
2979 1971 3138 2024 modo
3176 1985 3232 2024 se
3278 1972 3448 2028 babe-

1886 2069 2037 2122 bant.
2092 2065 2274 2118 Virtus
2312 2063 2454 2117 enim
2497 2075 2619 2115 cum
2671 2059 2850 2114 invido
2877 2060 3066 2128 spiritu
3107 2061 3440 2116 decertabat.

1888 2157 2008 2223 Hic,
2042 2156 2371 2211 utvirtutem
2393 2161 2692 2221 superaret,
2715 2151 2860 2205 omni
2905 2165 3005 2219 ope
3051 2153 3449 2215 contendebat;

1889 2249 2014 2315 illa,
2084 2257 2141 2301 ut
2197 2247 2390 2300 invicta
2453 2251 2824 2312 permaneret,
2889 2242 3068 2296 omnia
3125 2243 3450 2309 perferebat.

1891 2339 2068 2408 Atque
2100 2338 2208 2401 hic,
2243 2346 2303 2390 ut
2329 2335 2712 2405 perjustorum
2752 2333 3050 2388 cruciatum
3083 2333 3211 2387 vitio
3239 2333 3453 2388 facilem

1891 2431 2032 2484 viam
2082 2436 2336 2494 strueret,
2389 2426 2702 2490 laborabat;
2753 2426 2869 2482 haec
2913 2438 3141 2491 contra,
3192 2436 3248 2480 ut
3288 2426 3457 2480 bonos

1893 2522 2178 2583 retineret,
2215 2520 2379 2576 etiam
2411 2518 2464 2570 in
2511 2517 2915 2571 calamitatibus
2949 2519 3279 2586 superiores.
3313 2518 3455 2582 Quid

1893 2629 2026 2668 vero
2059 2612 2123 2676 is,
2159 2611 2251 2680 qui
2279 2611 2441 2681 397
2485 2611 2550 2663 ad
2580 2624 2702 2663 eum
2747 2623 2842 2676 per
2879 2609 3146 2662 turbinem
3196 2617 3252 2662 et
3291 2609 3461 2662 nubes

1894 2704 2108 2760 oracula
2155 2705 2371 2767 edebat,
2423 2702 2514 2770 qui
2549 2700 2616 2754 ad
2647 2699 2979 2753 inferendam
3009 2715 3224 2770 poenam
3273 2700 3458 2754 tardus

1895 2803 1999 2858 est,
2027 2801 2079 2848 et
2099 2795 2165 2847 ad
2192 2806 2346 2860 opem
2374 2791 2650 2845 ferendam
2680 2789 2847 2854 celer,
2882 2789 2973 2859 qui
3020 2792 3226 2861 virgam
3268 2805 3459 2862 pecca-

1900 2895 2075 2940 torum
2119 2884 2172 2938 in
2207 2891 2405 2938 sortem
2435 2882 2704 2952 justorum
2727 2880 2774 2913 ”
2806 2895 2914 2935 non
2950 2883 3170 2936 omnino
3199 2882 3462 2950 immittit,

1898 2991 1968 3032 ne
1991 2975 2120 3044 justi
2150 2975 2547 3045 improbitatem
2570 2972 2899 3028 addiscant?
2933 2973 2988 3026 In
3020 2974 3125 3029 fine
3151 2977 3466 3032 certaminis

1902 3066 2096 3121 illustri
2141 3065 2413 3134 praeconio
2445 3062 2698 3118 athletam
2742 3077 2896 3116 suum
2933 3064 3190 3120 victorem
3226 3081 3464 3135 pronun-

1903 3159 2021 3223 tiat,
2063 3165 2224 3225 atque
2274 3155 2579 3210 afﬂictionis
2630 3169 2886 3208 arcanum
2953 3156 3168 3223 aperit:
3221 3154 3362 3209 Num
3400 3170 3454 3209 tu

1901 3264 2104 3313 censes,
2131 3247 2324 3316 inquit,
2359 3263 2438 3300 me
2471 3247 2631 3300 aliam
2661 3249 2723 3301 ob
2753 3263 2972 3301 causam
2996 3249 3109 3300 hac
3131 3249 3184 3300 in
3216 3257 3262 3301 te
3289 3249 3466 3302 decre-

1899 3342 2051 3402 visse,
2080 3355 2238 3409 quam
2267 3349 2326 3391 ut
2366 3339 2575 3409 iustitia
2611 3349 2702 3391 tua
2734 3339 2988 3392 elucescat
3015 3338 3098 3392 "?
3128 3338 3251 3392 Haec
3274 3338 3459 3394 vulne-

1903 3443 2023 3482 rum
2059 3426 2347 3489 medicina,
2373 3426 2486 3480 haec
2514 3426 2829 3479 certaminis
2864 3441 3083 3492 corona,
3125 3426 3227 3482 hoc
3253 3427 3461 3496 patien-

1904 3518 1990 3574 tia:
2024 3517 2323 3588 praemium.
2355 3515 2491 3570 Nam
2518 3531 2638 3585 qua:
2665 3518 2858 3572 deinde
2895 3526 3080 3572 secuta
3126 3529 3269 3581 sunt,
3303 3534 3464 3588 parva

1901 3612 2163 3675 fortasse,
2213 3609 2458 3679 quamvis
2512 3609 2782 3662 nonnullis
2834 3624 3025 3678 magna
3062 3611 3364 3674 videantur,
3409 3621 3468 3665 et

1901 3717 2191 3772 parvorum
2224 3702 2501 3756 hominum
2544 3715 2706 3755 causa
2748 3702 3059 3763 constituta,
3094 3703 3303 3758 tametsi
3331 3703 3456 3758 alio-

1902 3795 1992 3863 qui
2021 3794 2181 3862 duplo
2217 3792 2438 3860 majora,
2471 3807 2630 3862 quam
2661 3807 2782 3861 quae
2807 3793 2905 3861 ipsi
2937 3795 3185 3870 adempta
3222 3793 3455 3860 fuerant,

1905 3887 2190 3955 receperit.

1975 3976 2119 4032 XIX.
2155 3974 2388 4030 Proinde
2426 3989 2492 4028 ne
2535 3976 2622 4030 hic
2669 3975 2903 4045 quidem.
2935 3976 3126 4028 mirum
3160 3976 3328 4030 videri
3364 3978 3459 4031 de-

229 4066 566 4120 Ἀθανασὶου
596 4063 755 4117 πλέον
779 4063 902 4132 ἔσχε
930 4060 1198 4132 Γεῶργιος
1220 4076 1234 4090 ⁸
1268 4060 1382 4113 ἀλλ’
1414 4059 1585 4113 ἐκεῖνό
1607 4077 1670 4128 γε
1690 4061 1780 4128 (19

1906 4069 2020 4134 bet,
2051 4069 2096 4122 si
2133 4067 2397 4138 Georgius
2444 4067 2677 4130 meliori,
2708 4082 2867 4136 quam
2902 4067 3227 4121 Athanasius
3266 4068 3455 4122 condi-

216 4155 700 4227 Θαυμασιιῦτερον,
747 4156 794 4206 εί
843 4152 916 4224 μὴ
968 4151 1225 4223 ὲπυρώθη
1271 4153 1392 4214 ταῖς
1445 4151 1730 4222 ἐπηρείαις
1775 4152 1788 4201 ὁ

1909 4167 2052 4216 tlone
2079 4159 2243 4214 fuerit
2273 4177 2286 4212 :
2316 4158 2408 4213 sed
2459 4157 2589 4212 illud
2631 4157 2930 4212 mirabilius
2963 4159 3134 4211 videri
3173 4158 3468 4223 debuisset,

212 4251 465 4310 δίκαιος.
497 4246 629 4300 Ούδὲ
675 4245 831 4299 τοῦτο
882 4242 1194 4314 θαυμαστὸν
1239 4241 1400 4310 ἄγαν,
1445 4242 1559 4295 ἀλλ’
1591 4243 1638 4294 εἰ
1693 4242 1788 4313 (20,

1907 4253 1953 4308 si
2001 4252 2320 4319 injuriarum
2363 4259 2417 4306 et
2465 4249 2852 4304 calumniarum
2902 4249 3112 4318 ignibus
3157 4251 3240 4303 vir
3291 4249 3472 4315 justus
3516 4265 3523 4271 ·

211 4340 326 4392 ἐπὶ
362 4338 524 4390 πλέον
567 4338 622 4389 αἱ
673 4336 868 4404 φλόγες
906 4335 1166 4405 ἤρκεσαν.
1208 4331 1488 4385 Ἐντεῦθεν
1519 4335 1546 4386 ὁ
1600 4333 1697 4403 μὲν
1740 4329 1788 4403 ἧι

1910 4341 2130 4396 minime
2159 4341 2470 4410 exploratus
2500 4340 2710 4393 fuisset.
2742 4339 2852 4392 lino
2885 4354 2953 4392 ne
2985 4340 3086 4392 hoc
3107 4339 3319 4407 quidem
3361 4341 3468 4393 val-

212 4433 291 4484 ὲκ
329 4429 530 4492 ποδῶν,
566 4429 659 4481 καὶ
687 4427 786 4488 τὴν
821 4425 1116 4494 φυγαδείαν
1151 4425 1262 4508 (21)
1295 4425 1369 4488 ὡς
1407 4424 1666 4478 κάλλιστα
1696 4426 1788 4478 διαι

1911 4435 1976 4488 de
2019 4434 2356 4496 mirandum;
2407 4446 2592 4486 verum
2655 4429 2784 4484 illud
2832 4430 3012 4500 potius
3063 4430 3469 4484 admirationem

210 4520 466 4576 τίθεται.
497 4521 620 4584 Τοῖς
648 4520 756 4589 γὰρ
803 4520 966 4589 ἱεροῖς
999 4518 1093 4570 καὶ
1135 4516 1300 4579 θείοις
1339 4514 1446 4568 τῶν
1490 4518 1607 4568 κατ’
1651 4518 1785 4583 Λῖγυ

1913 4525 2214 4585 habuisset,
2263 4522 2310 4576 si
2365 4522 2518 4590 longa
2571 4520 2657 4574 his
2712 4518 2941 4574 ﬂammis
3010 4534 3158 4574 mora
3214 4523 3471 4589 producta

212 4628 373 4666 πτον
430 4611 539 4680 (92)
589 4609 1023 4680 φροντιστηρίοις
1079 4606 1259 4677 φέρων
1313 4604 1502 4658 ἑαυτὸν
1558 4604 1770 4657 δίδωσιν

1915 4614 2124 4668 fuisset.
2181 4612 2316 4666 Hinc
2359 4611 2448 4664 ille
2483 4608 2656 4663 solum
2695 4608 2877 4670 vertit,
2907 4622 2971 4662 ac
2997 4607 3060 4661 de
3088 4607 3281 4662 exsilio
3311 4622 3470 4676 quam

209 4704 272 4758 οἶ
314 4703 528 4773 κόσμου
587 4703 909 4774 χωρίζοντες
971 4698 1231 4762 ἑαυτοὺς,
1288 4697 1381 4750 καὶ
1447 4697 1547 4768 τὴν
1589 4690 1788 4768 ’ἕρημος

1916 4701 2329 4770 praeclarissime
2355 4700 2562 4752 statuit.
2592 4695 2724 4750 Nam
2759 4698 2824 4749 ad
2860 4711 3013 4750 sacra
3067 4696 3153 4749 illa
3195 4704 3250 4749 et
3294 4696 3472 4750 divina

211 4794 634 4862 ἀσπαζόμενοι,
663 4793 796 4857 ζῶσι.
823 4788 961 4860 Θεῷ,
1004 4787 1219 4841 πάντων
1258 4787 1456 4858 μᾶλλον
1500 4785 1606 4838 τῶν
1653 4803 1788 4857 στρεε

1914 4792 2132 4863 Egypti
2172 4790 2495 4846 monasteria
2529 4804 2588 4843 se
2619 4789 2857 4853 confert;
2895 4788 2946 4841 in
2993 4787 3189 4857 quibus
3231 4789 3474 4842 homines

300 4886 358 4917 “
387 4883 490 4938 Job
511 4899 571 4947 ιι,
594 4884 625 4936 7
655 4891 707 4937 et
727 4896 841 4950 seq.
916 4881 960 4912 ⁸⁷
987 4879 1102 4936 Job.
1132 4894 1240 4939 ιν),
1264 4878 1316 4930 ‘2.
1392 4877 1436 4907 ⁸⁸
1463 4876 1604 4930 Psal.
1635 4894 1788 4933 cxxtv

1896 4921 1911 4937 .
1986 4885 2030 4918 "
2058 4881 2159 4937 Job
2188 4897 2276 4945 XL,
2309 4881 2366 4935 '5.

302 4975 429 5048 (£0)
460 4973 530 5048 1'6
553 4973 764 5048 δεινὸν.
789 4972 1188 5048 ρνειδίζογτες.
1226 4991 1243 5022 ι
1269 4969 1620 5048 1111ρὶ81318111,
1647 4989 1665 5048 ρ
1700 4987 1788 5030 nor

1982 4974 2027 5045 (1
2040 4975 2092 5048 ἶ)
2117 4974 2439 5040 Διπλασίφ.
2473 4972 2637 5048 ροίει.
2659 4970 2724 5048 2,-
2746 4970 3021 5048 διπλάσια.

219 5068 244 5100 ε
284 5038 664 5118 ἐειάηιὶιιιιεπι
689 5063 708 5095 )
739 5041 873 5098 Jobo
892 5044 1222 5118 objiciebant
1259 5055 1393 5091 uxor
1417 5049 1472 5118 et
1501 5041 1804 5118 amiciLat-
1912 5116 1920 5118 Α
1980 5038 2092 5118 (18)
2119 5049 2208 5100 El.
2234 5049 2321 5100 Sic
2345 5038 2454 5099 tres
2479 5043 2668 5113 Regg.,
2688 5044 2780 5095 Ur.
2809 5041 2858 5104 1,
2881 5038 3295 5103 Ριιισ.,.1θς.,οι‹τ.
3320 5039 3478 5095 Deest

212 5133 350 5187 que
375 5115 801 5187 contendebant,
838 5109 974 5187 enni
994 5114 1077 5187 his
1103 5112 1256 5165 malis
1290 5124 1353 5162 ac
1382 5109 1614 5164 miseriis
1644 5109 1800 5175 allici,
1909 5116 1962 5169 in
1989 5109 2073 5169 'ed.

209 5179 558 5258 riuodesset
591 5183 818 5258 alicujus
846 5183 1066 5258 sceleris
1090 5196 1230 5234 reus.
1270 5249 1304 5258 __
1465 5249 1485 5258 -
1597 5249 1610 5258 _
1694 5249 1706 5258 _
1989 5186 2100 5258 (I9)
2131 5186 2229 5258 ξε,
2262 5184 2358 5258 §ic
2384 5183 2555 5258 βεδε.
2593 5196 2642 5233 a.
2672 5179 3017 5258 Deest‘iued.

305 5253 434 5326 (11)
468 5249 588 5307 Ἦν
613 5253 849 5322 ἀρετῆς.
902 5252 994 5306 Sic
1016 5262 1246 5317 quatuor
1269 5249 1432 5318 Ilegg.
1465 5249 1522 5302 In
1545 5249 1655 5313 ed.,
1683 5249 1788 5321 ἀρε

1990 5247 2100 5324 (20)
2134 5256 2222 5307 El.
2258 5253 2349 5306 Sic
2384 5247 2550 5320 Regii.
2579 5267 2630 5326 a,
2663 5266 2714 5315 c,
2744 5254 2798 5317 d,
2827 5250 2989 5304 (Juisl.
3031 5249 3082 5314 1,
3109 5247 3201 5302 Or.
3239 5248 3287 5311 1,
3352 5247 3481 5300 Par.

206 5320 511 5398 τῆὲῆὃθκ
652 5320 660 5322 ⁷
796 5391 833 5398 _
1031 5391 1043 5398 .
1173 5391 1204 5398 -
1299 5389 1391 5398 .-
1608 5390 1618 5398 .
1729 5320 1732 5321 ⁷

1920 5332 1976 5378 ct
2001 5320 2245 5398 Coinbef.
2284 5327 2435 5398 Deest
2465 5325 2514 5374 in
2543 5323 2627 5398 ed.

339 5389 433 5462 Ii)
462 5397 766 5460 Κρατησῃ.
796 5389 1426 5462 Βρςεᾎριιβιϐοηιβοΐη
1455 5390 1736 5460 κρατήσει.

330 5461 433 5527 15)
456 5462 672 5516 Πλέον.
711 5465 946 5532 Quatuor
974 5461 1162 5532 neggq
1193 5461 1390 5512 πλεῖον.

1913 5463 1969 5517 In
1988 5461 2096 5527 ed.,
2121 5462 2400 5532 φυγαδίαν.

332 5525 585 5603 11)Δαί.
619 5525 944 5603 Βυοίῐὶθᾳεη
968 5525 1116 5583 ea."
1247 5599 1290 5603 __
1511 5597 1541 5603 _
1720 5599 1732 5603 _

1963 5525 2096 5603 7(9‘2’)
2131 5525 2252 5587 Τῶν
2282 5533 2427 5603 κατ’Δ
2454 5529 2774 5601 Αἴγυπτον.
2837 5527 3008 5603 Addit
3041 5525 3274 5603 Nice_t_as,
3306 5525 3479 5603 ἀσκη-

333 5596 438 5669 15)
470 5603 590 5655 Οἴει
613 5619 690 5670 με
721 5596 920 5666 ἄλλως
963 5617 1081 5663 σοι,
1112 5608 1214 5654 etc.
1247 5598 1420 5652 Nobil.
1457 5617 1475 5648 ‹
1510 5597 1693 5670 Putas,
1719 5599 1788 5652 in-

1915 5596 2047 5655 τῶν.
2081 5596 2099 5652 ξ
2155 5601 2482 5657 Exercenda:
2514 5596 2726 5670 pietatis
2768 5599 3120 5670 gymnasia.)
3159 5596 3271 5648 Non
3305 5596 3474 5670 male;

203 5665 388 5746 quit.
421 5665 530 5725 'me
577 5665 734 5726 aliter
781 5675 871 5725 tibi
899 5665 1277 5740 respondisse,
1315 5684 1475 5737 quam
1528 5680 1587 5722 ut
1630 5669 1808 5736 justus
1917 5674 2210 5746 Gregorius
2237 5665 2626 5740 SIQIIltICIII-lltlt‘.
2658 5665 2836 5723 vocet
2879 5667 3155 5722 solitarios
3202 5677 3255 5718 et
3283 5665 3476 5720 eremi-

205 5744 662 5816 appareas.p__
818 5813 829 5816 _
955 5809 987 5816 __
1109 5808 1146 5816 ﬁ
1390 5805 1421 5816 Α
1517 5809 1529 5816 _
1921 5744 2328 5812 IaStlt'Slgllal.l

301 5805 440 5885 (16)
473 5814 603 5866 Καί.
634 5812 792 5867 Deest
817 5813 869 5865 in
902 5809 1074 5864 tribus
1109 5808 1276 5879 Regg.
1306 5818 1357 5862 et
1384 5805 1474 5863 Or.
1513 5809 1559 5860 l.

1989 5394 2100 5462 (21)
2161 5392 2511 5461 Φυγαδείαν.
2545 5392 2636 5444 Sic
2664 5398 2894 5459 quatuor
2929 5388 3118 5458 chg.,
3154 5384 3340 5448 Basil.,
3371 5399 3476 5438 ctr.
