3914 6404
522 396 661 452 1105

1714 395 1772 449 S.
1813 392 2142 449 GREGORII
2182 394 2525 452 THEOLOGI

3622 400 3735 454 1101

518 528 551 569 a
582 511 780 568 mundo
823 524 882 565 se
925 510 1310 575 distrahentes,
1357 524 1421 565 ac
1478 508 1820 565 solitudinem
1874 512 2065 580 amplei

2188 514 2433 584 φομένων
2465 515 2523 567 ὲν
2556 514 2795 583 σώματιο
2830 515 2879 566 oi
2911 515 3008 584 μὲν
3035 512 3122 567 τὸν
3159 513 3332 585 πάντη
3372 514 3652 583 μοναδικόν
3689 533 3740 569 τε

519 612 746 665 ctentes,
802 603 906 655 Deo
961 602 1173 667 vivunt,
1218 600 1390 670 magis
1440 617 1601 670 quam
1642 604 1822 657 caeteri
1869 618 2076 668 omnes,

516 694 608 762 qui
648 694 699 746 in
753 706 974 761 corpore
1026 702 1329 747 versantur.
1359 692 1462 746 Alii
1492 693 1706 762 quidem
1738 695 1899 747 vitam
1926 710 2080 763 pror-

515 798 610 839 sus
644 784 957 849 solitariam,
988 793 1040 836 et
1069 784 1137 839 ah
1174 784 1449 837 hominum
1502 783 1769 839 societate
1818 794 2078 839 remotam

516 885 702 945 agunt,
736 875 817 928 sui
851 876 1083 943 ipsorum
1125 883 1327 928 tantum
1365 884 1418 929 et
1468 876 1557 928 Dei
1593 876 1863 944 colloquio
1894 878 2079 931 fruen-

515 976 613 1031 tes,
645 976 804 1034 atque
834 966 973 1019 hanc
1008 967 1271 1019 duntaxat
1307 975 1465 1020 terrm
1512 980 1718 1035 partem
1757 984 1853 1035 pro
1882 968 2079 1021 mundo

512 1056 793 1116 habentes.
824 1070 983 1125 quam
1012 1056 1064 1109 in
1113 1055 1401 1110 solitudine
1431 1057 1703 1125 cognitam
1731 1058 1947 1112 habent.
1972 1057 2076 1112 Alii

511 1162 690 1205 autem
721 1150 1000 1203 charitatis
1042 1150 1209 1218 legem
1238 1165 1333 1217 per
1359 1151 1790 1203 communionem
1816 1160 1869 1205 et
1901 1151 2077 1204 socie-

514 1249 677 1294 tatem
715 1240 971 1302 colentes,
1008 1239 1231 1293 solitarii
1259 1238 1414 1292 simul
1451 1250 1505 1293 et
1534 1241 1815 1294 caenobita:
1840 1249 1985 1301 sunt,
2015 1255 2077 1294 ac

514 1332 711 1386 mortui
753 1333 964 1400 quidem
1002 1332 1211 1385 czcteris
1239 1331 1568 1396 hominibus,
1608 1339 1662 1385 et
1706 1332 1937 1400 negotiis
1962 1345 2079 1384 om-

512 1424 689 1487 nibus,
728 1439 845 1491 qua:
880 1424 932 1477 in
970 1423 1144 1477 medio
1197 1423 1509 1484 volvuntur,
1549 1432 1875 1490 versantque
1918 1420 2077 1475 simul

507 1524 563 1569 et
588 1524 894 1578 versantur,
933 1531 997 1568 ac
1052 1516 1204 1569 nobis
1246 1530 1343 1583 per
1390 1514 1701 1583 repentinas
1746 1523 1801 1566 et
1852 1515 2077 1568 crebras

506 1609 833 1662 mutationes
888 1610 1238 1676 imposturam
1294 1606 1521 1668 faciunt,
1571 1606 1669 1660 sibi
1719 1605 1853 1674 ipsis
1898 1616 2075 1659 autem

2184 608 2278 658 καὶ
2308 608 2538 676 ἄμικτον
2569 605 2907 670 διαθλοῦντες
2945 606 3079 675 βίον,
3122 608 3332 667 ἑαυτοῖς
3362 606 3545 675 μόνοις
3589 624 3742 675 xpos-

2182 697 2465 760 λαλοῦντες
2510 698 2603 751 καὶ
2634 697 2710 766 τῷ
2750 697 2888 767 Θεῷ,
2932 698 3025 751 καὶ
3059 698 3214 750 τοῦτο
3248 698 3406 767 μόνον
3448 700 3652 766 κόσμον
3681 701 3744 751 εί-

2178 788 2356 853 δότες,
2392 790 2512 842 ὅσον
2533 791 2590 841 ἐν
2624 792 2685 858 τῇ
2709 788 2929 859 -ὲρημία
2975 788 3363 858 γνωρίζουσινο
3402 790 3452 841 οἱ
3498 787 3557 840 δὲ
3593 789 3741 857 νόμον

2180 880 2400 950 ἀγάπης
2453 882 2517 950 τῇ
2553 880 2805 949 κοινωνίᾳ
2842 879 2951 949 (23)
3007 880 3347 947 στέργοντες,
3395 880 3655 951 έρημικοί
3692 897 3742 932 τε

2179 971 2315 1040 ὁμοῦ
2354 971 2448 1023 καὶ
2494 972 2740 1040 μιγάδες,
2770 975 2878 1035 τοῖς
2925 971 3022 1041 μὲν
3067 971 3247 1034 ἄλλοις
3292 971 3621 1040 τεθνηκότες
3661 972 3743 1023 ἀν·

2181 1060 2418 1130 θρώποις
2460 1062 2554 1113 κα)⁸
2610 1062 2951 1131 πράγμασιν,
2998 1062 3098 1113 ὅσα
3147 1062 3204 1113 ὲν
3257 1061 3410 1131 μέσῳ
3461 1062 3742 1130 περιφέρει

2177 1164 2265 1200 ται
2302 1148 2443 1217 (24),
2489 1149 2817 1219 στροϐοῦντά
2855 1167 2913 1202 τε
2944 1150 3036 1203 καὶ
3072 1148 3461 1221 στροϐούμενα,
3492 1150 3591 1201 καὶ
3634 1150 3745 1202 παί-

2179 1238 2339 1303 ζοντα
2373 1242 2516 1310 ἡμᾶς
2548 1243 2666 1304 ταῖς
2695 1241 3078 1311 ἁγχιστρόφοις
3126 1240 3468 1311 μεταϐολαῖς,
3509 1240 3744 1310 ἀλλήλοις

2177 1330 2232 1384 δὲ
2269 1331 2471 1401 κόσμος
2507 1335 2678 1398 ὄντες,
2710 1336 2803 1386 καὶ
2834 1336 2900 1404 τῇ
2934 1332 3234 1404 παραθέσει
3274 1333 3371 1403 τὴν
3404 1333 3611 1404 ἀρετὴν
3657 1332 3743 1401 θή-

2178 1439 2381 1490 γοντες.
2420 1422 2639 1486 Τούτοις
2680 1423 2945 1492 ὁμιλήσας
2982 1424 3011 1475 ὁ
3055 1423 3227 1493 μέγας
3264 1422 3585 1484 Ἀθανάσιος
3620 1422 3740 1489 (25),

2177 1511 2364 1584 ὥσπερ
2394 1514 2499 1566 τῶν
2534 1514 2705 1567 ἄλλων
2744 1514 2999 1567 ἁπάντων
3031 1516 3256 1584 μεσίτης
3295 1515 3389 1567 καὶ
3427 1514 3741 1580 διαλλακτὴς

2175 1599 2264 1673 ἦν,
2307 1604 2398 1656 τὸν
2450 1607 2940 1677 είρηνοποιήσαντα
2984 1606 3062 1675 τῷ
3111 1607 3305 1676 αἵματι
3358 1608 3429 1659 τὰ
3456 1618 3461 1623 ·
3489 1606 3741 1659 διεστῶτα

506 1698 738 1754 invicem
789 1700 971 1753 mundi
1023 1699 1141 1751 loco
1187 1706 1333 1763 sunt,
1388 1712 1450 1751 ac
1485 1714 1579 1766 per
1617 1700 2065 1766 comparationem

2180 1693 2547 1764 μιμούμενος·
2592 1694 2733 1747 οὓτω
2782 1696 2877 1748 καὶ
2924 1695 3014 1749 τὸν
3048 1697 3311 1766 ἐρημικὸν
3360 1696 3469 1766 (26)
3528 1695 3639 1765 βίον

508 1801 694 1846 mutuo
746 1792 885 1845 inter
943 1804 1001 1843 se
1042 1790 1295 1842 virtutem
1347 1796 1548 1841 acuunt
1602 1798 1655 1841 et
1700 1787 2065 1842 exstimulant.

2178 1784 2477 1855 κοινωνικῷ
2516 1786 2901 1840 καταλλάττει·
2939 1787 3171 1852 δεικνὺς,
3202 1789 3283 1841 ὅτι
3316 1788 3430 1840 ἔστι
3475 1788 3573 1840 καὶ
3608 1788 3740 1857 ἱερω-

505 1881 638 1936 Cum
689 1882 771 1935 his
817 1881 1255 1935 consuetudinem
1307 1879 1512 1933 habens
1562 1895 1788 1950 magnus
1829 1882 2065 1933 Athana-

2174 1877 2305 1947 σύνη
2336 1878 2448 1947 (27)
2490 1878 2795 1947 φιλόσοφος,
2825 1881 2920 1931 καὶ
2954 1878 3240 1948 φιλοσοφία
3270 1878 3502 1949 δεομένη
3541 1894 3734 1947 μυστα-

504 1973 639 2037 sius,
669 1982 728 2026 ut
776 1973 1015 2025 omnium
1052 1971 1275 2023 aliarum
1324 1986 1503 2024 rerum
1538 1983 1820 2041 sequester
1852 1980 1904 2025 et
1940 1987 2069 2024 con-
2176 1972 2407 2039 γωγίας.

503 2065 714 2120 ciliator
740 2074 876 2129 erat,
902 2065 1040 2117 illius
1072 2064 1281 2117 scilicet
1304 2065 1606 2133 exemplum
1632 2079 1881 2132 sequens,
1906 2064 2072 2134 398
2110 2065 2199 2133 qui
2247 2080 2345 2134 per
2374 2062 2689 2131 sanguinem
2733 2079 2886 2118 suum
2924 2079 3009 2127 ea,
3040 2078 3160 2133 qua:
3219 2063 3360 2117 inter
3415 2076 3476 2117 se
3529 2059 3739 2115 disside-

500 2155 650 2223 bant,
681 2156 1003 2226 paciﬁcavit,
1034 2156 1103 2207 ita
1140 2156 1435 2210 solitariam
1482 2170 1696 2224 quoque
1730 2155 1893 2208 vitam
1940 2171 2060 2209 cum
2103 2157 2410 2209 emnohiaca
2439 2157 2490 2210 in
2523 2156 2752 2226 gratiam
2787 2156 3026 2221 reducit;
3073 2156 3199 2209 illud
3249 2155 3504 2208 nimirum
3562 2162 3735 2206 osten-

501 2248 675 2312 dens,
731 2258 781 2301 et
844 2249 1201 2301 sacerdotium
1276 2247 1626 2316 philosophias
1675 2247 1909 2299 'miuimc
1953 2260 2146 2315 expers
2177 2262 2315 2313 esse,
2346 2257 2399 2302 et
2454 2248 2843 2319 philosophiam
2912 2250 3051 2303 sacri
3103 2248 3360 2302 antistitis
3409 2248 3737 2305 institutione

494 2354 632 2411 Opus
668 2340 883 2393 habere.

571 2431 689 2486 XX.
725 2430 818 2485 Sic
872 2429 1013 2483 enim
1065 2428 1180 2482 haec
1232 2429 1358 2492 duo,
1416 2427 1520 2482 hoc
1576 2436 1679 2493 est,
1728 2425 2067 2493 tranquillam

500 2525 764 2579 actionem
802 2530 856 2575 et
906 2530 1178 2575 actuosam
1234 2519 1674 2589 tranquillitatem
1743 2518 2070 2572 consociavit

496 2625 555 2671 et
604 2606 909 2683 copulavit,
971 2620 1030 2664 ut
1088 2624 1403 2681 persuasum
1451 2610 1706 2663 omnibus
1768 2608 2064 2672 redderet,

501 2705 811 2761 monasticae
835 2705 959 2757 vita:
991 2702 1383 2771 professionem
1420 2716 1631 2755 morum
1666 2701 1843 2769 potius
1885 2700 2065 2771 gravi-

502 2807 612 2853 tate
667 2806 722 2850 et
760 2795 1088 2860 constantia,
1139 2809 1299 2863 quam
1354 2793 1605 2862 corporis
1634 2791 1940 2846 secessione
1970 2805 2063 2844 ex-

497 2888 656 2959 primi
699 2895 858 2955 atque
889 2884 1156 2955 insigniri.
1198 2882 1255 2936 lu
1306 2899 1466 2952 quam
1513 2884 1673 2936 etiam
1738 2883 2061 2937 sententiam

498 2992 724 3046 magnus
754 2975 841 3029 ille
880 2974 1047 3029 David
1088 2974 1245 3027 simul
1288 2985 1341 3028 et
1390 2974 1548 3027 rebus
1579 2973 1799 3041 agendis
1829 2986 2066 3026 summo-

500 3084 631 3141 pere
672 3069 879 3123 deditus
916 3077 1053 3133 erat,
1101 3076 1154 3121 et
1208 3080 1464 3136 perquam
1520 3065 1831 3129 solitarius;
1880 3066 1921 3118 si
1976 3063 2062 3116 cui

2246 2427 2330 2481 K'.
2374 2424 2529 2477 Οὕτω
2578 2425 2685 2496 γὰρ
2737 2425 3020 2495 ἀμφότερα
3072 2424 3468 2495 συνηρμόσατο,
3518 2425 3610 2478 καὶ
3662 2428 3733 2489 εἰς

2175 2518 2233 2570 ἓν
2270 2518 2443 2589 ἤγαγε
2500 2517 2643 2587 (28),
2689 2518 2782 2570 καὶ
2830 2517 3027 2589 πρᾶξιν
3081 2518 3324 2587 ἡσύχιον,
3373 2518 3471 2570 καὶ
3519 2519 3733 2589 ἡσυχίαν

2175 2608 2487 2679 ἔμπρακτον
2530 2609 2673 2679 (29),
2721 2608 2861 2661 ὥστε
2916 2612 3101 2662 πεῖσαι
3143 2610 3204 2661 τὸ
3275 2608 3530 2678 μονάζειν
3582 2612 3635 2662 ἐν
3673 2616 3731 2683 τῇ

2169 2700 2456 2771 εὐσταθείᾳ
2504 2698 2596 2753 τοῦ
2650 2700 2852 2770 τρόπου
2892 2700 3180 2772 μᾶλλον,ῆ
3227 2704 3291 2771 τῇ
3341 2700 3437 2754 τοῦ
3496 2700 3730 2771 σώματος

2168 2791 2514 2862 ἀναχωρήσει
2561 2791 3081 2863 χαρακτηρίζεσθαι.
3131 2792 3268 2846 Καθ’
3307 2792 3335 2845 ὃ
3383 2793 3479 2846 καὶ
3511 2793 3670 2847 Δασιδ
3706 2796 3730 2847 ὁ

2174 2882 2345 2952 μέγας
2392 2882 2501 2952 (50)
2550 2882 2996 2954 πρακτικώτατός
3035 2900 3093 2937 τε
3139 2879 3205 2954 ἦν
3237 2886 3265 2937 ὁ
3300 2884 3461 2949 αὐτὸς
3504 2886 3597 2938 καὶ
3643 2902 3729 2955 μο-

2172 2972 2433 3036 νώτατος·
2466 2973 2520 3025 εἴ
2546 2991 2623 3046 τῳ
2670 2973 2750 3039 τὸ,
2778 2978 3127 3043 Καταμόνας
3169 2975 3285 3045 εἰμὶ
3331 2976 3466 3044 ἐγὼ,
3507 2976 3614 3041 ἕως
3662 2975 3729 3028 ἂν

2170 3064 2460 3132 παρέλθω,
2503 3066 2643 3136 μέγα
2675 3067 2807 3138 πρὸς
2838 3067 3107 3132 ἀπόδειξιν
3145 3067 3238 3120 τοῦ
3282 3068 3442 3137 λόγου
3474 3070 3567 3122 καὶ
3596 3068 3729 3133 ἀξιό-

505 3171 684 3216 tamen
738 3160 906 3213 illud:
941 3157 1295 3227 Singulariter
1350 3172 1467 3210 sum
1520 3171 1631 3224 ego,
1683 3156 1845 3208 donec
1883 3166 2062 3207 trans-

2172 3171 2375 3208 πιστον.
2407 3154 2506 3208 Διὰ
2556 3156 2736 3221 τοῦτο,
2770 3157 2878 3210 τῶν
2931 3155 3106 3211 ἄλλων
3155 3158 3323 3228 ἀρετῇ
3378 3158 3726 3230 κρατοῦντες,

501 3272 616 3310 eam
657 3255 720 3318 “,
763 3255 828 3307 ad
880 3252 1035 3321 hujus
1086 3252 1211 3306 dicti
1251 3252 1749 3321 comprobationem
1779 3252 2067 3305 continua-

501 3356 809 3418 tionemque
841 3348 1046 3417 pondus
1075 3360 1323 3416 magnum
1347 3346 1545 3399 habere
1572 3345 1843 3397 videatur.
1867 3344 2065 3410 Quam-

497 3444 708 3504 obrem,
737 3440 827 3510 qui
870 3439 1004 3493 alios
1056 3438 1257 3493 virtute
1292 3436 1593 3502 anteibant,
1633 3436 1791 3489 iidem
1825 3435 1891 3489 ab
1923 3434 2065 3489 illius

500 3542 679 3586 mente
714 3531 940 3599 longiori
978 3526 1259 3583 intervallo
1298 3526 1545 3591 aberant,
1586 3541 1746 3595 quam
1784 3539 1890 3594 quo
1935 3526 2065 3579 reli—

497 3639 636 3693 quos
668 3621 1085 3686 antecedebant;
1121 3631 1283 3688 atque
1326 3618 1391 3671 ad
1435 3617 1722 3672 sacerdotii
1775 3616 2061 3686 perfectio-

498 3732 619 3771 nem
654 3729 817 3786 panca
865 3713 1227 3774 conferentes,
1281 3709 1449 3764 multo
1483 3710 1634 3778 plura
1683 3712 1749 3762 ad
1812 3707 2052 3778 philaso~

495 3803 635 3873 phiae
684 3803 969 3855 utilitatem
1001 3800 1369 3868 recipiebant,
1404 3806 1730 3865 tantumque
1775 3798 1823 3850 ci
1866 3797 2064 3851 tribue-

499 3896 649 3957 bant,
682 3902 740 3945 ut
768 3892 1025 3961 quidquid
1077 3890 1174 3957 ipsi
1230 3889 1543 3957 placuisset,
1584 3902 1680 3957 pro
1733 3888 1847 3956 lege
1899 3889 2061 3941 habe-

499 3992 652 4047 rent,
710 3998 773 4036 ac
828 3995 1014 4036 rursus
1076 3980 1298 4033 vetitum
1335 3978 1436 4032 sibi
1474 3987 1634 4047 atque
1683 3977 2058 4043 interdictum,

498 4076 753 4145 quidquid
786 4074 873 4127 ille
908 4073 1171 4127 sententia
1222 4086 1317 4124 sua
1378 4070 1757 4139 improbasset,
1787 4070 2060 4124 existima-

497 4176 637 4235 rent,
669 4166 919 4234 illiusque
948 4166 1159 4219 decreta
1214 4178 1310 4233 pro
1358 4162 1605 4216 Mosaicis
1662 4162 1855 4215 tabulis
1898 4163 2060 4217 duce-

496 4271 639 4325 rent,
681 4275 744 4315 ac
785 4258 996 4329 majori,
1031 4272 1189 4327 quam
1246 4270 1365 4323 qua:
1422 4254 1624 4308 sanctis
1675 4253 1802 4306 viris
1860 4252 2046 4307 deberi

496 4353 759 4417 videatur,
803 4350 967 4419 ipsius
1000 4347 1347 4401 veneratione
1377 4344 1738 4399 aliieerentur.
1768 4342 1899 4396 Nam
1936 4359 2056 4397 cum

493 4445 710 4515 quidam
752 4456 816 4496 eo
843 4457 901 4497 se
935 4442 1307 4505 contulissent,
1340 4447 1395 4491 ut
1435 4438 1581 4505 pium
1611 4436 1807 4500 virum,
1837 4434 2056 4503 perinde

2164 3250 2265 3319 τῆς
2306 3251 2517 3304 ἐκείνου
2546 3250 2783 3314 διανοίας
2831 3251 2992 3304 πλέον
3040 3250 3298 3321 ἡττῶντο,
3338 3250 3526 3321 ἣδσον
3575 3251 3728 3322 ἐκρα-

2163 3358 2287 3394 τουν
2320 3341 2425 3394 τῶν
2456 3341 2629 3395 ἄλλων
2649 3358 2663 3372 ⁸
2699 3341 2793 3395 καὶ
2829 3342 2985 3410 ὀλίγα
3025 3342 3159 3411 πρὸς
3200 3341 3499 3411 ἱερωσύνης
3527 3341 3729 3394 τελείω-

2165 3449 2249 3485 σιν
2293 3433 2756 3505 συνεισφέροντες,
2808 3434 2978 3487 πλείω
3015 3434 3148 3504 πρὸς
3194 3434 3515 3503 φιλοσοφίας
3553 3434 3729 3487 συντὲ-

2162 3526 2309 3579 λειαν
2353 3524 2789 3595 εἷιντελάμὸανον⁸
2826 3526 2920 3579 καὶ
2958 3525 3115 3578 τοῦτο
3156 3519 3223 3595 ἦν
3264 3525 3428 3595 νόμος
3461 3526 3659 3589 αὐτοῖς,
3699 3525 3727 3577 ὃ

2160 3632 2214 3667 τι
2257 3614 2447 3683 ἐκείνῳ
2478 3614 2685 3667 ἐδόκει·
2731 3614 2827 3666 καὶ
2868 3614 3026 3668 τοῦτο
3070 3613 3359 3685 ἀπώμοτον
3403 3615 3515 3685 (51)
3549 3615 3725 3677 πάλιν,

2160 3707 2188 3759 ὃ
2223 3706 2298 3777 μὴ
2333 3705 2525 3767 ἐδόκει,
2560 3706 2654 3759 καὶ
2698 3705 2901 3769 πλάκες
2943 3706 3221 3769 Μωῦσέως
3246 3707 3432 3771 αὐτοῖς
3472 3705 3542 3759 τὰ
3585 3706 3727 3759 ὲκεί-

2160 3817 2249 3852 νου
2291 3798 2557 3869 δόγματα,
2591 3798 2687 3853 καὶ
2732 3798 2916 3853 πλεῖον
2949 3798 3024 3853 τὺ-
3048 3798 3233 3866 σέϐας,
3262 3802 3296 3872 ἢ
3338 3802 3491 3872 παρὰ
3531 3801 3730 3873 ἀνθρὼ-

2162 3908 2276 3944 πων
2303 3893 2413 3953 τοῖς
2444 3890 2617 3959 ἁγίοις
2654 3891 2947 3960 ὀφείλεται.
2983 3892 3051 3945 Οῖ
3073 3910 3136 3961 γε
3162 3894 3257 3945 κα)⁵
3289 3894 3451 3964 ἡνίκα
3479 3895 3727 3965 παρῆσάν

2158 4000 2320 4047 τινες,
2363 3984 2551 4056 ὥσπερ
2596 3985 2735 4057 θῆρα
2795 3986 2939 4057 (52),
2989 3987 3083 4040 τὸν
3138 3987 3292 4055 ἅγιον
3324 3987 3725 4058 ἀνιχνεύοντες,

2160 4076 2345 4146 ἐπειδὴ
2373 4077 2644 4147 πανταχοῦ
2679 4078 2866 4132 τοῦτον
2900 4079 3292 4150 ἀναζητοῦντες
3321 4081 3419 4150 οὐχ
3450 4081 3725 4151 εὕρισκον,

2158 4164 2316 4233 λόγου
2364 4166 2460 4235 μὲν
2487 4167 2698 4231 οὐδενὸς
2724 4168 2849 4231 τοὺς
2883 4168 3231 4240 πεμφθέντας
3258 4169 3501 4239 ἠξίωσαν
3519 4188 3534 4201 ·
3570 4170 3732 4243 προῦ-

2157 4274 2329 4310 τεινον
2354 4258 2409 4310 δὲ
2438 4262 2549 4323 τοῖς
2592 4258 2767 4329 ξίφεσι
2806 4262 2932 4324 τοὺς
2984 4261 3251 4332 αὐχένας,
3290 4264 3366 4326 ὡς
3404 4263 3547 4334 ὑπὲρ
3595 4266 3731 4333 Χρι-

2161 4348 2285 4401 στοῦ
2332 4350 2759 4416 κινδυνεύοντες,
2802 4352 2894 4405 καὶ
2924 4352 2986 4405 τὸ
3036 4353 3227 4406 παθεῖν
3268 4371 3323 4406 τι
3371 4354 3476 4406 τῶν
3525 4354 3735 4425 ἀνηκέ-

2160 4456 2299 4492 στων
2334 4441 2470 4512 ὑπὲρ
2516 4442 2724 4496 ἐκείνου
2768 4443 3028 4515 μεγίστην
3059 4446 3248 4516 μοῖραν
3290 4446 3371 4509 είς
3413 4446 3735 4515 φιλοσοφίαν

492 4550 557 4589 ac
600 4534 770 4588 feram
794 4532 1107 4603 quamdam,
1136 4531 1487 4599 vestigarent,
1519 4541 1619 4581 nec
1676 4540 1797 4580 eum
1855 4525 2054 4593 passim

2172 4528 2495 4598 θομίζοντες,
2548 4531 2641 4585 καὶ
2684 4532 2816 4586 πολὺ
2877 4532 2986 4587 τῶν
3036 4532 3261 4605 μακρῶν
3303 4535 3595 4605 νηστειῶν,
3644 4534 3737 4588 καὶ

491 4627 772 4695 qumsitum
816 4623 1135 4683 invenirent,
1172 4636 1238 4673 ue
1287 4617 1636 4687 alloquendos
1683 4616 1903 4685 quidem
1939 4629 2055 4679 eos,

489 4714 583 4783 qui
622 4713 776 4768 missi
815 4713 1044 4777 fuerant,
1080 4710 1387 4774 duxerunt;
1424 4723 1609 4763 verum
1650 4708 1892 4762 cervices
1937 4706 2055 4776 gla-

2160 4622 2489 4690 χαμευνιῶν,
2522 4624 2615 4676 καὶ
2653 4624 2756 4693 τῆς
2796 4624 2963 4696 ἄλλης
2994 4625 3387 4689 κακοπαθείας,
3423 4626 3491 4695 ἢν
3535 4628 3736 4679 ἐκεῖνοι

2158 4711 2434 4781 τρυφῶσιν
2463 4713 2570 4779 ἀεὶ,
2603 4712 2925 4784 ένθεώτερόν
2954 4731 3012 4767 τε
3038 4714 3131 4767 καὶ
3162 4713 3516 4785 ὑψηλότερον.

489 4803 594 4858 diis
658 4802 1005 4872 objiciebant,
1050 4801 1197 4855 velut
1250 4814 1348 4870 pro
1396 4798 1611 4853 Christo
1643 4796 2034 4867 periclitantes,
2077 4806 2239 4868 atque
2290 4800 2363 4855 ita
2406 4803 2588 4857 animo
2630 4804 2964 4872 comparati,
3032 4813 3091 4857 ut
3127 4805 3169 4857 si
3239 4802 3584 4858 acerbissimi
3636 4802 3735 4853 ali-

488 4896 618 4967 quid
650 4910 747 4965 pro
774 4909 838 4948 eo
874 4891 1194 4963 perferrent,
1264 4892 1441 4961 magni
1484 4890 1535 4944 id
1586 4889 1653 4943 ad
1707 4886 2107 4957 phil050phiam
2148 4892 2406 4946 momenti
2450 4906 2573 4948 esse
2617 4893 2943 4960 iudicarent,
2994 4894 3653 4964 diuturnisquejejuniis,
3684 4902 3735 4947 et

488 4989 841 5053 chameuuiis,
893 4986 1209 5057 cacterisque
1271 4986 1512 5055 corporis
1576 4982 2038 5049 amictationibus,
2074 4998 2209 5053 quas
2239 4999 2337 5055 pro
2365 4988 2637 5057 perpetuis
2664 4989 2871 5044 deliciis
2929 4988 3149 5053 habent,
3217 4986 3384 5042 multo
3439 4987 3736 5041 sublimius

486 5100 549 5140 ac
572 5082 825 5138 divinius.

558 5176 602 5209 '°
636 5173 777 5229 Psal.
806 5188 927 5238 οη,
955 5172 1043 5227 10.

557 5264 667 5335 (25)
698 5260 777 5329 Τῇ
802 5261 1097 5335 κοινωνίᾳ.
1136 5259 1283 5335 Rat,
1306 5258 1402 5330 τὴν
1429 5257 1728 5335 κοινωνίαν.

556 5325 668 5404 (24)
712 5325 1105 5400 Περιρέρετὰι.
1163 5331 1219 5383 ln
1261 5325 1551 5394 nonnullis,
1611 5325 2043 5398 περιφθείρεται,

493 5424 513 5459 c
544 5414 975 5469 corrmnpnutnr.
1013 5421 1032 5452 ι

554 5473 666 5545 (25)
702 5464 1074 5537 Ἀθανάσιος.
1107 5469 1195 5524 Sic
1225 5467 1385 5525 Coisl.
1435 5468 1487 5533 1,
1522 5476 1577 5522 et
1607 5465 1728 5520 Par.
1769 5464 1827 5519 In
1887 5464 2049 5519 editis

483 5546 649 5601 deest.

554 5613 665 5683 (26)
728 5612 1084 5683 ]Ερημιξιόν.
1154 5609 1249 5683 _Sic

483 5680 654 5747 Colb.,
727 5680 899 5744 Par,
943 5680 1209 5746 Combel’.,
1280 5693 1386 5734 etc.

481 5755 593 5814 κόν,
656 5770 674 5803 ι
716 5754 1008 5818 pacilicam.
1047 5769 1064 5801 ρ

552 5822 665 5893 (27)
698 5822 1035 5888 Ἰερωσύνη.
1063 5818 1284 5873 Billius:
1322 5836 1339 5868 ι
1380 5819 1759 5887 episcopatum.
1800 5838 1818 5869 ι

2228 5256 2340 5328 (28)
2379 5257 2609 5325 Ἦγαγε.
2651 5254 2706 5309 1η
2747 5256 3034 5321 nonnullis,
3072 5258 3363 5328 συνήγαγε.
3490 5320 3491 5323 η

2222 5328 2331 5396 (29)
2370 5328 2763 5396 Ἐμπρακτον.
2801 5328 2855 5378 lu
2882 5328 3217 5396 quibusdam.
3248 5327 3593 5396 εὖπρακτζον.

2223 5394 2332 5467 (50)
2366 5395 2541 5467 Δαὸὶδ
2571 5399 2602 5447 o'
2626 5395 2832 5463 μέγας.
2874 5394 3223 5467 δίστιυὶιιιμιο
3272 5396 3423 5467 Βρετ,
3470 5394 3653 5467 Qiisl.
3689 5396 3732 5459 Ι,

2153 5475 2208 5522 et
2238 5465 2340 5521 'Or.
2367 5468 2418 5519 1.
2461 5466 2616 5518 Deest
2642 5468 2734 5517 ὁὶιι
2771 5468 2857 5519 ed.
2893 5465 3005 5518 Bill.
3040 5484 3053 5519 :
3100 5482 3119 5514 ι
3160 5465 3323 5518 David
3357 5465 3530 5517 simul
3562 5474 3621 5518 et
3655 5480 3730 5520 re-

2154 5552 2273 5658 rulm
2332 5536 2683 5604 gerendarum
2736 5535 2987 5590 facultate
3026 5534 3332 5605 praestabat,
3376 5542 3430 5587 et
3489 5538 3731 5590 maxime

2155 5620 2213 5658 so
2240 5621 2298 5658 us
2314 5613 2449 5658 erat.
2491 5624 2510 5658 ι

2155 5613 2298 5661 501115
2314 5613 2449 5659 erat.
2491 5624 2510 5659 ι

2220 5676 2331 5745 (51)
2378 5673 2729 5745 Ἀπώμοτον.
2762 5674 2925 5730 Coisl.
2953 5674 3005 5738 1,
3032 5672 3393 5745 ἀνομῴτατον.

2221 5743 2330 5814 (52)
2359 5743 2537 5812 θῆρας
2568 5747 2756 5815 Chrys.
2780 5755 2835 5801 et
2869 5745 3033 5799 Coisl.
3062 5745 3112 5808 1,
3145 5743 3330 5812 θῆρες.

1299 5611 1481 5679 plures
1545 5606 1715 5679 Reg.,_
1763 5603 2045 5679 duodecim

1466 5678 1520 5730 In
1588 5675 1771 5738 editis,
1845 5674 2047 5745 εἰρηνι-
