3914 6404
207 428 340 485 Ηῦ5

1118 431 1374 487 ORATIO
1418 432 1558 490 XXI.
1595 465 1665 473 —
1693 431 1756 486 IN
1801 432 2082 490 LAUDEM
2118 431 2512 489 ATHANASII.

3295 437 3432 491 “06

267 549 397 601 ΚΜ.
443 548 501 599 '0
533 547 629 618 μὲν
661 541 754 601 οὖν
786 550 843 603 ὲν
879 549 1087 612 τούτοις
1115 546 1205 620 ἦν,
1246 553 1340 606 καὶ
1372 552 1433 605 τὸ
1465 553 1559 606 τοῦ
1609 552 1768 605 Σολο-

1944 553 2088 608 XXI.
2137 555 2310 622 Atque
2360 553 2446 607 hic
2482 553 2536 605 in
2585 551 2669 605 bis
2706 551 2900 606 studiis
2935 552 3274 615 versabalur,
3303 552 3434 608 illud

206 637 410 708 μῶντος
439 637 648 707 ἐπῄνει,
680 638 867 707 καιρὸν
906 635 1044 692 εἶναι
1087 641 1249 694 παντὶ
1291 641 1576 713 πράγματι
1617 643 1768 711 φιλο-

205 726 554 794 σοφήσαντος.
609 725 720 803 καὶ
762 726 854 779 διὰ
899 727 1055 780 τοῦτο
1109 729 1492 800 ἀπεκρύπτετο
1553 731 1768 803 μικρὸν,

203 817 322 869 ὅσον
351 815 442 868 τὸν
493 815 588 868 τοῦ
624 815 859 886 πολέμου
911 819 1100 889 καιρὸν
1133 818 1438 888 διαφεύγων
1493 820 1633 892 (55),
1683 821 1770 874 ἵνα

205 909 546 977 συναναφανῇ
582 906 662 977 τῷ
699 907 800 977 τῆς
844 909 1066 979 εἰρήνης
1106 910 1324 980 ἥκοντιο
1361 911 1496 981 ὅπερ
1541 907 1634 965 οὖν
1677 913 1772 965 καὶ

130 1001 135 1007 ”
201 997 406 1065 γίνεται
441 995 632 1068 μικρὸν
667 995 913 1070 ὕστερον.
951 999 1007 1051 '0
1034 999 1110 1062 δὲ,
1141 999 1282 1052 κατά
1315 999 1643 1070 πολλὴν.ῆδη
1675 999 1769 1052 τοῦ

202 1087 535 1151 κωλύσοντος
557 1089 812 1160 ἐρημίαν,
843 1091 1168 1162 κατατρέχει
1205 1092 1301 1162 μὲν
1329 1090 1620 1160 Αἴγυπτον,
1656 1092 1772 1162 ληΐ-

203 1176 353 1240 ζεται
410 1178 467 1231 δὲ
506 1178 704 1249 Συρίαν
760 1177 838 1250 τῷ
899 1180 1089 1250 κράτει
1147 1181 1248 1250 τῆς
1306 1181 1561 1244 ἀσεϐείας
1623 1180 1767 1251 (54)·

202 1269 628 1340 ἐπιλαμϐάνεται
657 1270 714 1323 δὲ
760 1271 856 1324 καὶ
891 1271 1001 1343 (55)
1041 1272 1140 1342 τῆς
1185 1271 1326 1343 ἑῴας
1365 1273 1486 1326 ὅσον
1529 1271 1768 1333 ἐδύνατο,

201 1363 262 1416 τὸ
313 1361 628 1435 ἀρρωστοῦν
676 1361 763 1414 ἀεὶ
813 1362 1278 1434 προσλαμϐάνων,
1328 1361 1518 1433 ὥσπερ
1563 1363 1611 1415 οἱ
1661 1362 1772 1433 χεί-

205 1457 406 1528 μαρροι
439 1454 508 1509 τὰ
542 1456 856 1527 συρρέοντα,
902 1456 998 1510 καὶ
1028 1459 1142 1519 τοῖς
1183 1455 1619 1527 κουφοτέροιςηῆ
1667 1456 1774 1508 δει-

200 1553 442 1623 λοτέροις
487 1553 868 1624 ἐπιφυόμενος.
915 1553 1222 1607 Οίκειοῦται
1267 1552 1323 1606 δὲ
1367 1553 1464 1625 τὴν
1512 1552 1774 1623 βασιλέως

201 1640 509 1712 ἁπλότητα*
542 1640 684 1694 οὕτω
710 1641 818 1712 γὰρ
847 1640 956 1710 ἐγὼ
986 1642 1097 1713 (56)
1137 1641 1288 1695 καλῶ
1316 1641 1414 1713 τὴν
1443 1641 1771 1710 κουφότητα,

202 1730 517 1801 αἰδούμενος
551 1731 650 1802 τὴν
678 1731 984 1788 εὐλάϐειαν.
1020 1732 1130 1786 Καὶ
1157 1731 1264 1804 γὰρ
1293 1727 1381 1804 ἦν,
1413 1734 1460 1786 εί
1503 1732 1583 1784 δεῖ
1610 1732 1774 1802 τάλη-

203 1819 293 1883 θὲς
326 1821 524 1884 εἰπεῖν,
553 1819 711 1890 ζῆλον
755 1821 853 1892 μὲν
886 1819 1046 1891 ἔχων,
1075 1821 1189 1875 ἀλλ’
1212 1822 1274 1874 ού
1309 1822 1426 1876 κατ’
1459 1822 1772 1892 ἐπίγνωσιν.

212 1911 525 1976 Ἐξωνείται
556 1911 614 1964 δὲ
638 1910 746 1964 τῶν
778 1912 835 1966 ὲν
860 1911 1005 1964 τέλει
1035 1912 1159 1975 τοὺς
1183 1910 1539 1984 φιλοχρύσους
1577 1911 1774 1982 μᾶλλον
1807 1903 1849 1959 '3

201 2002 232 2072 ἢ
275 2002 651 2073 φιλοχρίστους
690 2002 940 2074 (εὐπορία
972 2002 1080 2074 γὰρ
1121 1998 1190 2076 ἦν
1228 2002 1375 2073 αὑτῷ
1421 2003 1489 2056 τὰ
1529 2002 1638 2056 τῶν
1678 2020 1773 2054 πε-

199 2093 400 2164 νήτων,
446 2092 632 2156 κακῶς
681 2093 1096 2164 δαπανώμενα),
1146 2095 1241 2148 καὶ
1297 2094 1501 2148 τούτων
1539 2093 1774 2164 μάλιστα

199 2185 329 2247 τοὺς
379 2183 732 2252 γυναικώδεις
783 2186 892 2255 (57)
943 2203 1004 2239 τε
1057 2185 1154 2240 καὶ
1197 2189 1254 2240 ἐν
1306 2187 1563 2260 ἀνδράσιν
1611 2187 1775 2241 ἀνάν-

198 2274 384 2346 δρως,
417 2276 512 2328 καὶ
553 2277 885 2347 ἀμφιϐόλους
929 2278 1026 2349 μὲν
1061 2278 1122 2331 τὸ
1159 2278 1336 2348 γένος,
1385 2279 1681 2349 προδήλους
1718 2277 1775 2331 δὲ

197 2366 298 2437 τὴν
334 2366 618 2420 ἀσέϐειανο
649 2362 730 2431 οἷς
761 2370 862 2422 ούκ
906 2363 1000 2421 οἷδ’
1037 2370 1186 2432 ὅπως
1227 2371 1320 2422 καὶ
1375 2370 1496 2424 ὅθεν
1542 2372 1590 2422 οἱ
1641 2370 1774 2422 Ῥω-

201 2458 380 2529 μαίων
418 2457 676 2528 βασιλεῖς,
703 2459 772 2514 τὰ
814 2460 924 2514 τῶν
968 2460 1080 2532 (58)
1130 2461 1405 2530 γυναικῶν
1453 2461 1775 2532 πιστευομέ-

196 2567 330 2615 νοις,
362 2549 431 2603 τὰ
462 2550 570 2604 τῶν
603 2551 809 2625 ἀνδρῶν
851 2553 1237 2624 ἐγχειρίζουσι.
1277 2553 1386 2606 Καὶ
1427 2553 1596 2606 ταῦτα
1635 2553 1777 2622 ἴσχυ-

199 2656 294 2692 σεν
323 2639 354 2692 ὁ
387 2639 486 2693 τοῦ
515 2641 754 2713 πονηροῦ
818 2643 1090 2715 θεράπων,
1132 2647 1161 2697 ὁ
1193 2645 1301 2699 τῶν
1352 2646 1604 2711 ζιζανίων
1647 2662 1777 2697 σπο-

198 2729 350 2800 ρεὺς,
383 2730 412 2781 ὁ
440 2729 534 2782 τοῦ
571 2731 938 2804 Ἀντιχρίστου
975 2734 1311 2805 πρόδρομος·
1358 2735 1636 2806 χρώμενος
1678 2735 1776 2805 μὲν

193 2820 298 2875 ὅσα
332 2819 552 2895 γλώσσῃ
597 2825 703 2878 τῶν
731 2825 852 2878 τότε
891 2825 1086 2894 λογίων
1119 2829 1176 2880 ὲν
1205 2828 1523 2890 ἐπισκόποις
1562 2827 1672 2897 (59)
1702 2825 1778 2896 τῷ

195 2911 404 2986 πρώτῳ
433 2916 508 2984 (εἴ
530 2934 607 2988 τῳ
650 2916 760 2988 (40)
791 2917 970 2988 λόγιον
1009 2919 1158 2988 φίλον
1205 2919 1388 2972 καλεῖν
1427 2918 1518 2972 τὸν
1555 2917 1652 2988 οὐχ
1687 2915 1778 2970 οὖ·-

192 3023 308 3070 τως
339 3007 509 3079 ἀσεϐῆ
534 3009 917 3080 δογματιστὴν,
949 3011 1070 3064 ὅσον
1101 3010 1293 3082 ἐχθρὸν
1327 3011 1420 3064 καὶ
1442 3009 1772 3079 φιλόνεικον·

193 3099 256 3152 τὸ
283 3100 398 3171 γὰρ
429 3098 599 3172 δνομα
620 3100 760 3155 ἑκὼν
789 3101 1186 3172 ὑπερϐήσομαι)
1206 3119 1220 3133 ο
1253 3101 1412 3164 αὐτὸς
1434 3102 1489 3154 δὲ
1514 3100 1632 3154 ἀντὶ
1666 3118 1776 3171 χει-

196 3187 294 3258 ρὸς
323 3189 402 3242 ὢν
433 3189 510 3260 τῷ
545 3192 868 3262 συστήματι,
893 3191 986 3244 καὶ
1017 3191 1345 3265 παρασύρων
1369 3191 1448 3262 τῷ
1474 3189 1657 3262 χρυσῷ
1679 3189 1776 3262 τὴν

192 3280 482 3353 ἀλήθειαν,
530 3282 589 3335 ὂν
641 3283 710 3336 δι’
757 3283 1036 3336 εὐσέϐειαν
1101 3283 1485 3354 συναγόμενον,
1547 3283 1776 3355 ὃργανον

191 3373 460 3437 ἀσεϐείας
490 3375 537 3426 el
571 3375 800 3446 πονηροὶ
833 3375 1178 3445 πεποίηνται.

267 3647 406 3700 KB’.
447 3647 660 3716 Ταύτης
698 3648 1042 3737 ἀποτέλεσμα
1068 3649 1167 3718 τῆς
1202 3649 1537 3712 δυναστείας,
1571 3653 1602 3721 ή
1648 3651 1779 3722 πρό-

189 3755 360 3808 τερον
411 3739 508 3809 μὲν
560 3741 657 3810 τὴν
691 3741 788 3811 τῆς
840 3739 998 3809 ἀγίας
1051 3741 1146 3794 καὶ
1193 3740 1620 3814 καλλιπαρθένου
1675 3743 1778 3794 Θέ-

190 3832 338 3895 κλας
371 3831 482 3903 (41)
517 3831 857 3892 Σελεύκειαν,
902 3830 1040 3902 μετὰ
1084 3831 1141 3884 δὲ
1181 3831 1340 3884 τοῦτο
1399 3832 1498 3902 τὴν
1550 3833 1782 3904 μεγαλό-

191 3923 363 3976 πολιν
397 3923 598 3994 ταύτην
628 3923 1010 3976 καταλαϐοῦσα
1039 3922 1253 3986 σύνοδος
1284 3923 1418 3992 (42),
1449 3923 1514 3987 ἃς
1544 3925 1637 3977 ἐπὶ
1669 3928 1780 3990 τοῖς

189 4016 512 4079 καλλίστοις
557 4015 694 4079 τέως
731 4015 1155 4086 γνωριζομένας,
1204 4017 1297 4069 ἐπὶ
1345 4019 1457 4080 τοῖς
1485 4018 1780 4089 αἰσχίστοις

191 4108 511 4178 ὀνομαστὰς
543 4107 869 4179 πεποίηκεν·
901 4108 1009 4161 εἴτε
1048 4108 1138 4161 τὸν
1181 4107 1432 4178 Χαλάνης
1470 4109 1695 4181 πύργον,
1724 4112 1782 4176 ὃς

186 4200 390 4259 καλῶς
417 4199 516 4264 τὰς
557 4199 808 4269 γλώσσας
846 4201 1102 4272 ἐμέρισεν
1133 4199 1228 4270 (ὡς
1257 4199 1464 4269 ὤφελόν
1503 4219 1566 4270 γε
1597 4203 1784 4255 κάκεί-

183 4293 331 4358 vagi
370 4293 462 4345 ἐπὶ
499 4291 655 4362 κακῷ
695 4292 803 4363 γάρ
839 4295 873 4364 ἡ
923 4291 1260 4362 συμφωνία),
1300 4294 1407 4345 εἴτε
1454 4294 1514 4346 τὸ
1560 4295 1783 4365 Καϊάφα

1874 644 2179 699 Salomonis
2214 645 2592 713 comprobans,
2629 656 2735 710 quo
2776 657 2930 695 suum
2972 642 3163 710 cuique
3197 642 3271 696 rei
3298 652 3434 696 tem-

1873 751 1975 805 pus
2018 751 2140 790 esse.
2190 733 2463 789 docuit“.
2507 735 2585 788 Ac
2631 732 2855 803 proinde
2897 733 3284 801 aliquantisper
3310 733 3436 788 belli

1875 838 2088 898 tempus
2119 828 2328 899 fugiens
2377 827 2644 890 latitabat,
2685 834 2743 880 ut
2785 840 2908 879 cum
2939 825 3261 880 adventante
3290 825 3436 893 pacis

1871 931 2114 989 tempore
2171 919 2485 984 colluceret,
2539 917 2993 987 quemadmodum
3044 925 3100 970 et
3138 915 3292 983 paulo
3317 927 3438 985 post

1872 1010 2116 1079 contigit.
2160 1011 2228 1064 At
2255 1009 2550 1079 Georgius,
2578 1007 2793 1062 neruine
2842 1007 2953 1074 jam
2987 1006 3151 1074 ipsius
3182 1005 3436 1073 impetum

1875 1101 2224 1171 propellente,
2262 1100 2555 1172 Egyptum
2598 1099 2997 1154 incursionibus
3046 1105 3243 1158 vastat,
3275 1105 3438 1166 atque

1876 1192 2169 1262 impietatis
2199 1194 2394 1246 robore
2422 1192 2634 1262 Syriam
2681 1189 2982 1260 pepulatur.
3010 1186 3246 1244 Orientis
3273 1188 3436 1243 etiam

1874 1294 2134 1353 quantum
2164 1283 2330 1354 399
2357 1292 2534 1352 potest
2563 1282 2776 1351 arripit,
2805 1281 3056 1335 remissos
3081 1288 3134 1335 et
3157 1279 3439 1349 languidos

1874 1376 2135 1445 quotidie,
2183 1374 2632 1445 quemadmodum
2686 1381 2952 1427 torrentes
3002 1385 3066 1425 ea
3116 1385 3234 1438 quze
3279 1370 3439 1424 simul

1875 1468 2188 1532 volvuntur,
2251 1479 2556 1527 assumens,
2618 1479 2680 1518 ac
2737 1463 2968 1516 leviores
3010 1471 3103 1514 aut
3135 1462 3440 1527 ignaviores

1876 1557 2150 1610 adoriens.
2206 1553 2344 1620 Quin
2399 1555 2561 1607 etiam
2643 1551 2989 1621 imperatoris
3039 1550 3448 1617 simplicitatem

1875 1649 1976 1702 sini
2013 1646 2298 1708 conciliat;
2327 1645 2405 1699 sic
2435 1644 2581 1698 enim
2612 1657 2710 1712 ego
2752 1640 3026 1696 levitatem
3073 1640 3302 1709 appello,
3330 1640 3444 1706 pie-

1878 1747 2045 1792 tatem
2077 1752 2365 1792 venerans.
2397 1734 2531 1788 Nam
2584 1734 2628 1789 si
2661 1748 2788 1788 vere
2826 1733 3107 1787 dicendum
3135 1741 3240 1794 est,
3265 1732 3440 1785 zelum

1877 1830 2134 1893 habt-bat,
2163 1843 2349 1882 verum
2405 1841 2510 1880 non
2561 1825 2856 1880 secundum
2909 1823 3273 1878 scientiam“.
3303 1821 3438 1875 Tum

1874 1936 1936 1975 ex
1973 1919 2289 1991 proceribus
2335 1932 2429 1974 eos
2461 1916 2564 1972 sibi
2601 1915 2828 1985 pecunia
2875 1923 3176 1984 comparat,
3204 1914 3294 1983 qui
3322 1911 3442 1967 auri

1873 2026 2111 2066 amorem
2161 2009 2360 2065 Christi
2429 2007 2600 2062 amori
2663 2003 3019 2074 praeferebant
3069 2004 3192 2073 (ipsi
3241 2003 3440 2058 etenim

1873 2111 2003 2164 opes
2039 2105 2096 2151 et
2127 2097 2316 2164 copiae,
2350 2097 2490 2149 bona
2536 2107 2829 2162 pauperum
2859 2102 3033 2156 erant,
3067 2093 3119 2146 in
3148 2091 3443 2163 ﬂagitiosos

1875 2202 2000 2242 usus
2031 2186 2348 2255 insumpta),
2379 2193 2542 2255 atque
2565 2201 2633 2240 ex
2672 2186 2755 2239 his
2783 2185 3127 2254 potissimum
3152 2182 3441 2237 muliebres

1877 2277 2138 2339 homines,
2171 2287 2226 2332 et
2264 2277 2404 2331 inter
2426 2277 2570 2332 viros
2602 2277 2824 2331 minime
2857 2276 3023 2340 viros,
3058 2289 3188 2330 sexu
3221 2275 3441 2344 quidem

1874 2369 2090 2435 dubios,
2126 2368 2402 2440 impietate
2461 2377 2642 2422 autem
2701 2375 2916 2436 apertos
2971 2376 3026 2422 et
3085 2367 3440 2436 perspicuos;

1875 2459 2070 2530 quibus
2111 2474 2234 2515 cum
2285 2459 2610 2514 fetninarum
2678 2475 2808 2516 cura
2861 2460 3251 2522 committatur,
3299 2459 3441 2514 haud

1876 2552 1989 2606 scio
2019 2551 2108 2620 qui
2151 2551 2263 2616 lial,
2294 2559 2350 2604 ut
2381 2552 2731 2620 imperatores
2764 2552 2996 2606 Romani
3037 2552 3258 2606 eosdem
3291 2551 3442 2604 viro.

1879 2658 1998 2696 rum
2037 2641 2227 2696 oﬂiciis
2270 2642 2697 2710 muneribusque
2743 2642 3060 2712 praeﬁciunt.
3090 2642 3320 2696 Tantum
3344 2656 3442 2695 va-

1878 2733 1976 2786 lnit
2015 2733 2105 2787 ille
2138 2732 2338 2787 diaboli
2387 2732 2726 2799 administer,
2769 2733 2862 2788 ille
2904 2733 3236 2788 zizaniorum
3271 2742 3440 2796 sator,

1878 2825 1968 2880 ille
1995 2825 2311 2880 Antichristi
2353 2841 2699 2896 prazcurser;
2743 2826 2817 2880 ita
2867 2827 3140 2896 negotium
3182 2826 3440 2894 partiens,

1879 2927 1938 2971 ut
1973 2917 2228 2987 episcopo
2271 2917 2530 2986 quodam,
2579 2933 2643 2973 ea
2696 2926 3018 2988 tempestate
3060 2917 3441 2982 disertissimo,

1877 3008 2075 3078 lingua:
2107 3010 2227 3062 vice
2280 3017 2525 3064 uteretur
2574 3008 2644 3076 (si
2685 3010 2770 3063 cui
2807 3017 2981 3064 tamen
3017 3009 3276 3064 disertum
3320 3025 3444 3062 eum

1878 3100 2152 3171 appellare
2183 3101 2368 3166 libeat,
2401 3102 2492 3170 qui
2523 3117 2628 3156 non
2661 3110 2767 3155 tam
2801 3102 2994 3172 impius
3025 3105 3288 3157 sectarius
3321 3101 3443 3166 fuit,

1881 3207 2042 3261 quam
2100 3192 2353 3248 inimicus
2407 3202 2465 3248 et
2518 3194 2879 3248 contentienis
2918 3192 3096 3248 studio
3160 3193 3440 3263 ﬂagrans:

1886 3301 2076 3339 nomen
2136 3285 2280 3340 enim
2351 3285 2600 3340 consulto
2665 3285 3010 3355 przeteribo);
3065 3287 3178 3354 ipse
3237 3295 3442 3350 autem,

1882 3393 2076 3431 manus
2109 3377 2299 3442 instar,
2333 3377 2543 3431 cohorti
2582 3390 2694 3431 sua:
2725 3387 2888 3441 esset,
2917 3391 2979 3430 ac
3003 3376 3280 3429 veritatem
3309 3391 3444 3430 auro

1879 3467 2230 3532 convelleret,
2260 3471 2400 3536 quod
2433 3468 2650 3537 quidem
2699 3467 2769 3521 ob
2819 3467 2936 3535 pios
2967 3482 3096 3521 usus
3129 3467 3436 3535 collectum,

1881 3559 2173 3625 impietatis
2218 3559 2632 3613 instrumentum
2666 3559 2816 3626 pravi
2851 3558 3094 3612 homines
3129 3557 3443 3614 eﬁ‘eccruut.

1951 3649 2116 3706 XXII.
2156 3650 2322 3719 Hujus
2365 3650 2617 3719 potentia:
2649 3664 2784 3718 opus
2819 3650 3104 3704 concilium
3155 3649 3288 3704 illud
3317 3649 3442 3713 fuit,

1881 3744 2021 3810 quod
2069 3740 2330 3797 Seleucia:
2369 3743 2620 3812 primum,
2658 3742 2746 3795 ubi
2797 3740 2978 3796 fanum
3015 3751 3100 3797 est
3136 3751 3340 3797 sancta:
3389 3753 3440 3796 et

1879 3835 2109 3903 egregia:
2150 3835 2344 3903 virgini
2382 3835 2615 3900 'l‘heclae,
2645 3837 2836 3890 deinde
2879 3835 2932 3889 in
2982 3835 3083 3889 hac
3109 3834 3444 3904 amplissima

1882 3923 2100 3977 civitate
2135 3935 2382 3979 coactum
2407 3935 2510 3988 est,
2543 3941 2679 3996 quas
2701 3927 2862 3979 urbes
2887 3923 3263 3993 pulcherrimis
3286 3933 3445 3976 antea

1883 4017 2190 4072 nominibus
2241 4019 2442 4084 claras,
2471 4019 2902 4088 turpissimarum
2933 4032 3111 4071 rerum
3144 4017 3284 4071 notis
3303 4016 3446 4070 cele-

1885 4114 2006 4168 bres
2036 4113 2379 4181 illustresque
2410 4111 2677 4177 reddidit;
2720 4111 2833 4165 sive
2875 4110 3123 4165 Chalanae
3169 4109 3358 4163 turrim
3378 4109 3444 4172 “,

1882 4221 2002 4274 qua:
2049 4205 2260 4273 linguas
2309 4203 2534 4272 pulchre
2567 4202 2783 4266 divisit;
2831 4203 3032 4255 utinam
3058 4201 3177 4254 illas
3212 4215 3443 4268 quoque.

1885 4297 1938 4350 in
1989 4295 2186 4350 malum
2241 4310 2441 4364 nempe
2493 4294 2820 4349 concordes!
2858 4293 2971 4347 sive
3007 4292 3223 4361 Caiphae
3263 4291 3447 4344 conci-

183 4385 500 4456 συνέδριον,
644 4384 878 4456 Χριστὸς
928 4383 1350 4456 κατακρίνεται,
1393 4384 1502 4437 εἴτε
1552 4403 1605 4438 τι
1656 4387 1783 4440 ἄλλο

179 4478 435 4531 τοιοῦτοι
465 4477 562 4549 τὴν
617 4476 830 4534 σύνοδον
888 4476 1104 4547 ἐκείνην
1150 4475 1558 4547 ὀνομαστέον,ἢ
1607 4479 1783 4532 πάντα

176 4569 468 4642 ἀνέτρεψε
505 4571 599 4623 καὶ
634 4568 904 4639 συνέχεεν.
937 4568 1010 4621 Τὸ
1058 4567 1155 4640 μὲν
1195 4567 1418 4633 εὐσεϐὲς
1468 4567 1642 4640 δόγμα
1691 4569 1782 4622 καὶ

255 4686 306 4718 ⁸⁸
331 4683 504 4739 Eccli.
539 4700 618 4746 Ill,
645 4685 695 4739 l.
793 4685 838 4716 "
868 4683 1022 4738 Rom.
1059 4699 1111 4745 χ,
1135 4684 1188 4738 2.
1265 4684 1310 4715 ⁸³
1337 4684 1471 4740 Gen.
1499 4701 1578 4752 XI,
1612 4687 1665 4740 4.

1885 4390 2038 4452 lium,
2071 4403 2177 4453 quo
2216 4388 2465 4442 Christus
2515 4385 2995 4449 condemnatur“,
3039 4386 3155 4438 sive
3208 4396 3448 4450 quocun-

1883 4492 1990 4546 que
2030 4477 2246 4531 taadem
2279 4476 2383 4529 alio
2408 4476 2621 4528 nomine
2648 4483 2946 4527 conventus
2983 4473 3066 4526 hic
3096 4469 3446 4539 appellandus

1885 4576 1990 4633 est,
2024 4568 2115 4638 qui
2159 4567 2340 4622 omnia
2380 4567 2581 4620 evertit
2621 4581 2686 4620 ac
2727 4564 3083 4635 perturbavit.
3115 4563 3264 4616 Piam
3300 4561 3444 4616 enim

1768 4688 1812 4718 “
1842 4684 1997 4740 Joan.
2027 4701 2102 4752 ιι,
2133 4685 2202 4740 47
2231 4693 2284 4740 et
2313 4699 2468 4755 seqq.

255 4791 390 4862 (⁸55)
447 4795 805 4864 Διαρεύγων.
862 4793 997 4848 Tres
1046 4793 1213 4864 Regg.
1289 4805 1345 4849 et
1403 4795 1596 4864 Savil.,
1656 4799 1773 4853 δια-

1882 4797 2162 4866 Georgius.

173 4860 406 4936 φέρψο
522 4860 566 4936 ᾖ
898 4934 962 4936 μ
1089 4860 1311 4936 __"_,
1580 4860 1590 4864 ⁷

1955 4860 2065 4936 (58)
2101 4867 2242 4923 Τῶν.
2288 4867 2445 4924 Deest
2475 4865 2526 4918 in
2562 4880 2652 4920 sex
2689 4864 2879 4934 Regg.,
2903 4862 2994 4936 Or.
3038 4867 3089 4931 l,
3123 4860 3442 4936 et_Cou_ibef.

252 4930 388 5011 (3i)
414 4931 621 5011 Κράτει
637 4933 1055 5011 τῆςαὰσεϐείας.
1084 4932 1172 4988 Sic
1197 4934 1443 5011 designat
1463 4936 1773 5007 Gregorius,

1888 5009 1926 5011 __
1953 4930 2066 5011 (59)
2101 4940 2196 5011 Ἐν
2232 4939 2613 5011 ἐπισκιὲτοις.
2628 4937 2754 5000 Alii,
2777 4930 2896 5011 ea...
2921 4930 3127 5011 Niceta,
3159 4930 3444 5011 Eusebium

171 5013 233 5076 et
260 5005 542 5076 nefarium
566 5003 874 5076 Georgium,
901 5015 954 5059 et
973 5019 1088 5071 eos,
1120 5003 1208 5073 qui
1236 5005 1333 5073 ipsi
1364 5015 1528 5076 atque
1563 5003 1778 5066 Arianae

1884 5005 2226 5072 Nicomedire,
2280 5009 2368 5062 alii
2423 5008 2711 5061 Eusebium
2749 5007 3043 5074 .Pamphili
3111 5005 3442 5074 episcopum.

171 5074 471 5140 impietati
506 5073 773 5127 favebant.

1883 5080 2068 5132 Ariani
2099 5079 2328 5148 agminis
2351 5080 2716 5148 coryphmnm,
2743 5072 3065 5146 intelligunt.
3091 5072 3282 5129 Annon
3312 5072 3445 5124 Aca-

250 5142 390 5211 (35)
441 5143 788 5215 Kal.Decsl
845 5143 898 5197 in
964 5142 1404 5215 quatunrliegg.
1457 5154 1510 5200 et
1566 5147 1659 5204 Or.
1711 5151 1762 5205 1.

167 5212 341 5269 Mox.
391 5227 486 5280 pro
517 5212 754 5278 ἐδύνατο,
785 5215 836 5265 in
879 5211 1166 5274 nonnullis,
1197 5211 1447 5281 ἠδύνατο.

250 5282 388 5351 (56)
433 5283 596 5336 Οὕτω
622 5282 730 5353 γὰρ
786 5283 918 5350 ἐγώ,
968 5293 1071 5338 etc.
1114 5281 1232 5353 Bill.
1277 5300 1338 5334 ει
1375 5283 1580 5341 Pietate
1623 5289 1765 5342 enim

168 5355 378 5420 ipsius
413 5351 707 5418 dimoveOr,
741 5368 807 5408 ne
833 5355 1102 5408 levitatem
1143 5351 1337 5403 dicam.
1382 5371 1401 5404 ι
1428 5355 1766 5411 Existimavit

163 5423 496 5492 Gregorius
550 5422 924 5477 Constantium
981 5424 1360 5492 imperatorem
1398 5426 1767 5492 isimplieitate

162 5489 387 5566 potius
406 5503 565 5566 atque
583 5493 901 5562 ignorantia,
930 5489 1092 5563 quam
1117 5489 1308 5546 infesto
1333 5489 1607 5566 religionis
1621 5500 1765 5563 odio,

161 5562 422 5615 Arianis
461 5563 675 5616 favisse.

254 5633 392 5706 (57)
438 5632 592 5706 _To_i;¢_
632 5632 1034 5706 γυναικώδεις.
1064 5632 1153 5706 Sic
1192 5636 1428 5706 quinque
1455 5635 1642 5705 Regg..
1671 5636 1763 5691 Or.

165 5709 226 5768 1,
278 5702 545 5756 (lmnbel‘.
578 5703 735 5756 Deest
758 5703 883 5766 τούς
910 5705 961 5756 in
986 5708 1070 5757 ed.
1109 5702 1768 5773 llic'Gregorius-(Eunu-

161 5781 331 5831 clins
384 5791 402 5823 ι
435 5773 700 5842 intelligit,
729 5783 782 5826 et
835 5776 972 5827 inter
995 5788 1088 5826 eos
1119 5776 1348 5829 maxime
1375 5794 1393 5825 ι
1423 5776 1760 5840 Eusebium,»

165 5858 370 5918 quem
403 5843 615 5913 magnis
644 5845 954 5900 nmnerihus
983 5847 1048 5900 ad
1079 5860 1204 5902 suas
1243 5855 1421 5915 partes
1455 5846 1770 5902 traduxerat

1873 5151 1988 5203 cius
2022 5159 2199 5213 posset
2234 5149 2490 5218 intelligi?

1945 5219 2143 5326 (‘40)131
2165 5235 2264 5285 τῳ.
2299 5219 2352 5272 In
2378 5219 2665 5284 nonnullis,
2689 5235 2800 5272 ειτε
2822 5236 2900 5290 τῳ
2936 5231 3053 5272 sme
3091 5223 3316 5270 accentu
3347 5228 3443 5286 pro

1945 5306 1954 5326 .

1871 5305 1997 5341 τινι.

1944 5359 2055 5425 (41)
2093 5357 2341 5428 Θέκλας.
2370 5357 2425 5411 lu
2459 5358 2718 5427 pluribus,
2756 5357 2964 5428 Θέκλης

1947 5423 2057 5497 (42)
2118 5427 2400 5494 Σύνοδος.
2459 5423 2658 5499 ’δάιοι
2710 5444 2723 5481 :
2779 5429 2853 5499 Ού
2918 5423 3190 5499 τὴνητΑῶν
3253 5423 3447 5478 ἑκατὸν

1877 5496 2438 5569 πεντήκοντα-ἁγίων,
2463 5497 2721 5569 Πατέρων
2780 5497 2948 5566 λέγει,
2974 5496 3143 5569 ’ἀλλά
3185 5509 3446 5569 7:907st-

1878 5567 2096 5639 στέρανο
2157 5587 2175 5618 ι
2212 5567 2326 5622 Non
2391 5568 2531 5621 illam
2605 5567 2736 5621 dicit
2795 5579 3008 5621 centum
3058 5567 3444 5639 quinquaginta

1878 5637 2198 5692 Sanctorum
2246 5641 2460 5692 Patrum
2501 5640 2786 5707 synodum,
2820 5639 2912 5690 sed
2954 5653 3097 5700 eam,
3124 5650 3242 5704 qua:
3299 5637 3445 5702 prius

1813 5768 1815 5770 η
1877 5707 2056 5761 habita
2093 5707 2288 5771 fuerat,
2326 5726 2345 5758 ι
2375 5707 2580 5761 scilicet
2612 5723 2756 5761 anno
2779 5707 2907 5770 560,
2937 5723 3044 5774 (ιιιο
3083 5718 3324 5773 tempore
3359 5720 3448 5776 εγ·-

1879 5778 2047 5835 nodus
2078 5777 2436 5833 Ariminensis
2457 5777 2510 5832 in
2551 5776 2843 5834 Occidente
2873 5779 3193 5834 habebatur.
