3914 6404
199 364 331 422 1109

1109 363 1366 421 ORATIO
1407 363 1547 418 xxn.
1587 397 1656 408 -
1694 364 1762 421 1N
1801 364 2087 423 LAUDEM
2127 344 2522 418 ATliANASll.

3293 355 3429 411 me

195 491 302 554 λοῐς
345 487 530 561 ἱδρῶσι
577 489 670 543 καὶ
717 489 967 558 σφαγίοις
1018 490 1464 562 συνειλεγμένην,
1498 493 1613 552 τοῖς
1650 489 1772 560 ⁷πρὸ

1884 492 1976 546 mis
2016 499 2124 544 tam
2153 485 2584 543 anteChristum
2615 494 2774 550 quam
2811 488 2928 547 post
2955 477 3228 533 Christum
3252 479 3430 541 caesis,

196 581 427 652 Χριστοῦ
465 599 525 635 τε
569 581 682 652 (54)
709 582 804 635 καὶ
840 581 979 652 μετὰ
1019 583 1272 655 Χριστὸν.
1309 583 1403 637 καὶ
1436 583 1617 646 αὐτοῖς
1650 585 1762 646 τοῖς

197 673 450 744 μεγάλοις
505 672 600 726 τοῦ
646 673 780 726 Θεοῦ
831 674 960 745 περὶ
1007 674 1165 745 ἡμῶν
1213 675 1429 728 πάθεσι.
1477 674 1622 745 Πλὴν
1654 673 1761 746 γάρ

194 765 384 832 ὀλίγων
417 765 576 832 ἄγαν,
605 766 697 818 καὶ
742 764 946 818 τούτων
972 767 1083 819 ὅσοι
1125 766 1212 819 διὰ
1247 767 1585 837 σμικρότητα
1630 781 1766 837 παρ-

192 857 527 928 ερρίφησαν,
581 856 614 928 ἢ
691 855 780 909 διά
850 857 1050 928 ἀρετὴν
1111 857 1441 928 ἀντέϐησαν,
1508 856 1604 920 οὒς
1654 855 1762 910 ἔδει

193 946 414 1016 σπέρμα
467 946 562 999 καὶ
619 945 772 1018 ῥίζαν
831 946 1220 1017 ὑπολειφθῆναι
1269 949 1346 1018 τῷ
1389 947 1625 1018 Ἰσραὴλ,
1678 947 1764 1001 ἵνα

193 1036 430 1108 ἀναθάλῃ
473 1036 656 1101 πάλιν,
701 1038 794 1090 καὶ
837 1036 1113 1109 ἀναϐιώσῃ
1158 1041 1279 1102 ταῖς
1323 1039 1628 1111 ἐπιρροίαις
1667 1041 1761 1094 τοῦ

195 1127 528 1198 Πνεύματος,
565 1127 765 1191 πάντες
811 1127 904 1180 τοῦ
954 1127 1149 1199 καιροῦ
1197 1130 1476 1197 γεγόνασι,
1513 1129 1763 1183 τοσοῦτον

193 1218 434 1290 ἀλλήλων
463 1219 850 1287 διενεγκόντες,
881 1219 1004 1271 ὅσον
1035 1221 1162 1282 τοὺς
1189 1219 1288 1290 μὲν
1322 1219 1606 1290 πρότερον,
1637 1219 1764 1282 τοὺς

193 1311 247 1364 δὲ
298 1310 524 1383 ὕστερον
567 1311 724 1364 τοῦτο
775 1310 999 1365 παθεῖν’
1041 1312 1136 1365 καὶ
1183 1313 1309 1376 τοὺς
1361 1311 1459 1383 μὲν
1509 1328 1761 1382 προαγω-

194 1403 381 1466 νιστάς
424 1403 518 1457 κα)⁸
567 1402 876 1474 προστάτας
922 1402 1172 1472 γενέσθαι
1206 1406 1304 1475 τῆς
1338 1402 1609 1467 ἀσεϐείας,
1639 1404 1763 1465 τοὺς

193 1493 250 1545 δὲ
295 1492 563 1562 ταχθῆναι
603 1490 672 1544 τὰ
718 1490 967 1563 δεύτερα,
1011 1492 1043 1562 ἢ
1086 1491 1237 1562 φόϐῳ
1287 1492 1759 1555 κατασεισθέντας,

191 1587 226 1655 ἢ
268 1585 428 1656 χρείᾳ
471 1583 852 1648 δουλωθέντας,
890 1584 924 1655 ἢ
965 1583 1225 1655 κολακείᾳ.
1271 1583 1678 1648 δελεασθέντας,
1728 1583 1761 1654 ἢ

195 1676 386 1748 ἀγνοίᾳ
418 1676 740 1740 κλαπέντας,
767 1675 828 1728 τὺ
865 1674 1226 1746 μετριώτατον
1244 1693 1258 1707 ·
1289 1675 1346 1728 εῐ
1378 1693 1456 1746 τῳ
1485 1677 1579 1728 καὶ
1609 1675 1765 1729 τοῦτο

196 1767 468 1838 αὔταρκες
510 1770 588 1832 είς
620 1767 915 1836 ἀπολογίαν
948 1769 1057 1821 τῶν
1099 1768 1228 1821 λαοῦ
1275 1768 1609 1840 ’προεστάναι
1666 1787 1761 1822 πε-

195 1859 588 1929 πιστευμένων.
619 1859 829 1930 Ὥσπερ
859 1858 968 1929 γὰρ
1009 1859 1105 1928 οὐχ
1149 1860 1204 1911 αἱ
1245 1858 1405 1911 αὐταὶ
1447 1859 1676 1914 λεόντων
1705 1877 1765 1913 τε

195 1950 292 2002 καὶ
333 1949 439 2003 τῶν
467 1949 638 2003 ἄλλων
671 1948 823 2013 ζώων
866 1950 1053 2022 ὁρμαὶ,
1100 1949 1221 2002 οὐδὲ
1269 1949 1539 2021 ἀνδρῶνῆ
1583 1968 1768 2020 γυναι-

197 2040 335 2106 κῶν,
371 2040 405 2112 ἢ
439 2036 827 2112 πρεσϐυτέρων
854 2041 887 2112 ἢ
927 2040 1222 2113 νεωτέρων,
1249 2041 1361 2094 ἀλλ’
1384 2041 1498 2095 ἔστι
1531 2046 1624 2096 καὶ
1655 2044 1770 2114 ἠλι-

195 2133 332 2188 κιῶν
360 2134 453 2186 καὶ
482 2132 655 2202 γενῶν
686 2133 746 2186 οὐ
784 2131 975 2204 μικρὸν
1027 2132 1088 2184 τὺ
1123 2133 1406 2205 διάφορον·
1438 2133 1609 2197 οὕτως
1649 2135 1769 2187 οὐδὲ

193 2226 475 2299 ἀρχόντων
523 2227 556 2296 ἢ
605 2225 940 2296 ἀρχομένων.
982 2225 1105 2288 Τοῖς
1162 2225 1260 2294 μὲν
1325 2224 1434 2296 γὰρ
1483 2225 1576 2279 τοῦ
1636 2227 1766 2280 λαοῦ

193 2319 338 2389 τάχα
371 2317 438 2372 ἂν
475 2318 568 2371 καὶ
613 2316 1076 2387 συγγινώσκοιμεν
1108 2316 1265 2370 τοῦτο
1313 2318 1633 2388 πάσχουσιν,
1678 2318 1770 2382 οὓς

198 2410 368 2475 σώζει
399 2409 658 2473 πολλάκις
695 2409 755 2462 τὸ
795 2407 1154 2462 ἀϐασάνιστον
1178 2425 1192 2438 ·
1236 2409 1536 2480 διδασκάλῳ
1564 2410 1622 2463 δὲ
1653 2409 1772 2472 πῶς

193 2502 359 2555 τοῦτο
398 2501 659 2572 δώσομεν,
689 2501 748 2564 ὃς
782 2501 874 2554 καὶ⁹
915 2501 1014 2562 τὰς
1064 2499 1170 2552 τῶν
1211 2498 1382 2552 ἄλλων
1419 2502 1640 2570 ἀγνοίας
1675 2503 1773 2555 ἐπ-

193 2593 439 2666 ανορθοῖ,
487 2590 725 2664 ἄνπερῇ
764 2592 838 2663 μὴ
885 2589 1231 2662 ψευδώνυμος
1287 2591 1439 2661 (55);
1483 2592 1607 2658 Πῶς
1664 2595 1773 2666 γὰρ

194 2687 301 2739 οὐκ
348 2686 569 2748 ἄτοπον,
605 2684 889 2755 Ῥωμαίων
944 2683 1042 2754 μὲν
1095 2683 1256 2752 νόμον
1310 2684 1497 2756 μηδενὶ
1561 2685 1776 2754 ἀγνοεῖν

195 2778 425 2842 ἐξεῖναι,
463 2777 582 2848 μηδ’
609 2775 674 2829 ἂν
709 2775 915 2846 σφόδρα
1033 2792 1116 2838 τις
1164 2776 1452 2846 ἀγροικίας
1497 2776 1593 2829 καὶ
1634 2778 1776 2847 ἀμα-

197 2873 500 2936 θέστατος,
554 2870 688 2941 μηδὲ
745 2865 884 2923 εἶναι
938 2868 1100 2938 νόμον
1159 2869 1249 2920 τὸν
1318 2868 1613 2940 βοηθοῦντα
1663 2873 1774 2936 τοῖς

195 2962 600 3033 πραττομένοις
648 2961 714 3014 δι’
758 2961 978 3029 ἄγνοιαν
1023 2959 1169 3031 (56)’
1207 2961 1332 3024 τοὺς
1377 2961 1434 3014 δὲ
1474 2962 1574 3032 τῆς
1606 2979 1778 3033 σωτη-

197 3056 328 3126 ρίας
377 3056 588 3124 ἀγνοεῖν
629 3054 1018 3124 μυσταγωγοὺς
1063 3052 1162 3116 τὰς
1207 3053 1306 3124 τῆς
1355 3054 1626 3125 σωτηρίας
1676 3056 1778 3125 ἀρ-

1800 1829 1841 1882 Β

1865 581 2023 653 401
2062 595 2127 636 ac
2180 579 2410 647 denique
2469 573 2678 642 magnis
2738 571 2910 640 ipsius
2963 569 3054 623 Dei
3113 581 3211 635 pro
3260 567 3432 620 salute

1866 685 2051 728 nostra
2096 670 2428 727 cruciatibus
2480 664 3006 734 collectam,probro
3060 675 3124 713 ac
3170 661 3431 713 dedecore

1865 763 2162 819 affecerunt
2180 763 2248 816 ⁸⁸.
2277 760 2411 815 Nam
2446 759 2490 814 si
2519 770 2818 828 perpaucos
2863 752 3162 821 execperis,
3200 751 3313 820 qui,
3347 748 3430 804 vei

1863 856 1933 912 ob
1968 855 2208 910 nominis
2232 852 2616 909 obscuritatem
2637 845 2965 913 contemptui
2997 843 3160 898 habili
3193 842 3428 905 fuerunt,

1863 947 1948 1002 vel
1977 948 2045 1000 ob
2069 946 2321 999 virtutem
2365 943 2713 1000 restiterunt,
2745 951 2882 1006 quos
2909 935 3088 989 lsraeli
3131 933 3353 988 seminis
3375 943 3432 986 et

1865 1037 2064 1094 radicis
2087 1037 2205 1091 loco
2231 1034 2460 1104 relinqui
2482 1033 2526 1064 ⁸³
2575 1031 2898 1101 oportebat,
2940 1035 2998 1081 ut
3049 1042 3144 1096 per
3195 1026 3430 1094 Spiritus

1867 1129 2185 1184 inlluxiones
2237 1141 2452 1180 rursum
2518 1122 2880 1179 eﬂloresceret
2927 1129 3089 1187 atque
3145 1119 3211 1169 ad
3261 1116 3428 1168 vitam

1867 1228 2232 1284 revocaretur,
2289 1231 2477 1272 omnes
2533 1213 2762 1282 tempori
2821 1208 3065 1266 obsecuti
3135 1198 3459 1261 suntzhoc'

1868 1319 2073 1365 tantum
2123 1308 2264 1362 inter
2290 1320 2384 1360 eos
2414 1303 2750 1358 discriminis
2787 1301 2910 1365 fuit,
2939 1300 3081 1368 quod
3111 1295 3202 1350 alii
3243 1295 3424 1356 citius,

1866 1403 1954 1457 alii
2000 1401 2174 1456 serius
2220 1400 2273 1453 in
2318 1412 2438 1452 eam
2487 1395 2728 1449 fraudem
2787 1393 3116 1454 inciderunt;
3156 1396 3317 1456 atque
3337 1385 3428 1439 alii

1867 1496 2081 1566 quidem
2123 1489 2417 1560 impietatis
2467 1488 2632 1541 duces
2680 1485 3056 1552 antistitesque
3088 1496 3146 1535 se
3185 1479 3429 1548 praebue-

1871 1595 2016 1649 runt,
2073 1583 2163 1639 alii
2219 1593 2400 1636 autem
2464 1580 2519 1634 in
2575 1577 2812 1634 secundo
2859 1577 3048 1630 ordine
3089 1572 3244 1627 locati
3283 1579 3428 1629 sunt,

1874 1692 2067 1746 nempe
2093 1675 2178 1731 vel
2212 1677 2402 1730 timore
2428 1671 2660 1744 perculsi
2678 1670 2763 1724 vel
2785 1678 2990 1738 quaestu
3019 1678 3180 1735 atque
3205 1662 3434 1716 utilitate

1869 1768 2100 1834 subacti,
2134 1765 2220 1820 vel
2265 1763 2545 1820 blanditiis
2606 1759 2856 1825 inescati,
2893 1756 2978 1811 vel
3022 1755 3252 1822 denique
3279 1751 3429 1820 igno-

1874 1862 2046 1916 rantia
2077 1858 2432 1915 circumventi
2479 1871 2545 1910 ac
2575 1851 2996 1920 circumscripti,
3019 1847 3159 1917 quod
3195 1843 3434 1898 omnium

1870 1953 2200 2008 levissimum
2233 1959 2344 2016 est;
2378 1949 2424 2003 si
2463 1949 2550 2004 cui
2587 1957 2763 2000 tamen
2806 1943 2859 1998 id
2891 1955 3108 2011 quoque
3129 1938 3194 1992 ad
3221 1949 3432 1995 eorum,

1870 2045 2063 2115 quibus
2091 2043 2267 2112 populi
2296 2056 2427 2096 cura
2459 2038 2749 2094 commissa
2797 2043 2899 2099 est,
2934 2031 3302 2102 purgationem
3330 2024 3438 2080 suf-

1874 2138 2036 2191 licere
2069 2137 2331 2189 videatur.
2369 2130 2502 2185 Nam
2549 2126 3004 2198 quemadmodum
3033 2124 3246 2175 leonum
3272 2125 3434 2171 caete-

1873 2240 2164 2296 rorumque
2195 2223 2551 2278 animantium
2577 2235 2684 2274 non
2715 2217 2877 2272 iidem
2902 2224 3026 2268 sunt
3057 2220 3233 2265 motus
3277 2217 3437 2275 atque

1873 2319 2126 2387 impetus,
2163 2330 2261 2369 nec
2297 2313 2537 2367 virorum
2585 2320 2638 2364 et
2684 2307 2994 2371 mulierum,
3027 2318 3125 2357 nec
3156 2313 3341 2356 senum
3371 2311 3438 2350 ae

1864 2411 2146 2480 juvenum,
2174 2421 2362 2461 verum
2409 2412 2464 2458 et
2493 2412 2710 2457 aetatum
2756 2407 2810 2453 et
2853 2411 3077 2452 sexuum
3126 2392 3268 2448 haud
3317 2390 3436 2444 exi-

1873 2518 2035 2573 gnum
2065 2499 2354 2553 discrimen
2397 2505 2508 2560 est;
2539 2495 2620 2548 sic
2661 2507 2759 2546 nec
2789 2489 3164 2560 prazfectorum
3213 2494 3267 2539 et
3315 2485 3437 2538 sub-

1874 2596 2134 2649 ditorum.
2165 2589 2303 2644 Nam
2332 2605 2363 2643 e
2392 2587 2554 2654 vulgo
2586 2584 2916 2648 hominibus,
2948 2581 3038 2650 qui
3067 2595 3162 2649 per
3192 2590 3437 2632 errorem

1875 2689 1925 2742 id
1954 2685 2290 2747 admiserint,
2323 2677 2708 2752 ignoscendum
2750 2675 2982 2731 fortasse
3027 2671 3216 2733 fuerit,
3242 2667 3441 2739 quibus

1876 2779 2005 2834 illud
2041 2777 2359 2848 plerumque
2395 2771 2560 2828 saluti
2589 2779 2692 2835 est,
2716 2769 2856 2839 quod
2883 2767 3120 2820 animum
3156 2779 3186 2817 a
3225 2761 3439 2816 curiosa

1878 2871 2251 2941 exploratione
2309 2867 2543 2921 alienum
2597 2865 2826 2927 habent;
2868 2869 2922 2914 at
2953 2856 3158 2912 doctori
3185 2869 3291 2925 quo
3321 2863 3441 2906 tan-

1877 2963 1999 3017 dent
2041 2961 2200 3016 modo
2249 2958 2387 3012 idem
2457 2955 2838 3017 concedemus,
2868 2949 2958 3017 qui
3004 2948 3230 3000 aliorum
3277 2943 3440 2997 etiam

1883 3051 2125 3106 inscitias
2155 3049 2425 3112 emendat,
2454 3046 2557 3099 nisi
2585 3044 2636 3098 id
2668 3042 2806 3096 l‘also
2832 3040 2933 3094 sibi
2969 3052 3158 3091 nomen
3187 3031 3444 3101 arroget?

194 3147 326 3217 χὰς,
365 3147 467 3200 κᾶν
513 3145 680 3200 τᾶλλα
719 3145 1026 3214 τυγχάνωσι
1052 3144 1161 3197 τῶν
1190 3144 1570 3216 ἁπλουστέρων
1602 3146 1775 3210 ὄντες,

1884 3144 2016 3198 Nam
2047 3157 2168 3197 cum
2204 3139 2573 3193 Romanorum
2629 3134 2803 3203 legem
2865 3128 3090 3193 nemini,
3152 3125 3444 3195 quamlibet

193 3242 298 3295 καὶ
335 3239 411 3310 μὴ
459 3238 637 3309 βαθεῖς
676 3239 773 3310 τὴν
818 3237 1084 3303 διάνοιαν;
1114 3238 1261 3309 Πλὴν
1306 3238 1444 3291 ἔστω
1484 3239 1798 3310 συγγνώμη·

192 3336 315 3395 τοῖς
366 3332 432 3386 δι’
480 3331 702 3400 ἄγνοιαν
756 3329 1279 3401 κατακολουθήσασι.
1308 3329 1370 3382 Τί
1407 3331 1451 3384 δ’
1491 3329 1557 3384 ἂν
1604 3331 1781 3396 εἴποις

201 3425 340 3496 περὶ
378 3424 484 3477 τῶν
511 3423 705 3487 ἄλλων,
737 3423 850 3476 ὅσοι
880 3425 975 3476 καὶ
1002 3422 1279 3492 ἀγχινοίας
1310 3422 1779 3493 μεταποιούμενοι,

194 3516 269 3568 δι’
296 3515 366 3577 ἃς
390 3511 540 3567 εἷπον
571 3513 766 3579 αἰτίας,
791 3511 899 3566 τῶν
929 3511 1274 3585 κρατούντων
1302 3511 1614 3582 ἡττήθησαν
1645 3513 1780 3583 (57),

197 3607 301 3660 καὶ
341 3604 440 3676 τὴν
472 3604 573 3675 τῆς
605 3602 884 3665 εὐσεϐείας
912 3602 1115 3673 σκηνὴν
1157 3601 1250 3653 ἐπὶ
1293 3600 1428 3652 πολὺ
1469 3601 1780 3668 παίξαντες,

196 3699 280 3762 ὡς
345 3697 516 3768 ὲῳάνη
577 3712 630 3748 τι
693 3693 800 3747 τῶν
869 3693 1220 3763 ἐλεγχόντων,
1287 3693 1381 3745 καὶ
1441 3693 1780 3765 κατηνέχθη-

200 3810 348 3857 σαν;

1882 3237 2086 3291 rustico
2112 3245 2167 3288 et
2212 3232 2449 3297 indocto,
2495 3228 2746 3296 ignorare
2776 3224 2957 3285 liceat,
2990 3235 3089 3274 nec
3113 3219 3200 3272 lex
3225 3215 3329 3268 ulla
3350 3229 3445 3268 ex-

1882 3339 2010 3395 stet,
2046 3342 2164 3398 qua:
2201 3324 2521 3380 criminibus
2575 3334 2670 3389 per
2730 3313 3093 3386 ignorantiam
3141 3307 3448 3364 commissis

1883 3436 2039 3489 opem
2078 3421 2238 3482 lerat,
2270 3431 2448 3470 nonne
2481 3413 2772 3468 absurdum
2825 3416 2908 3462 est
2961 3403 3155 3460 salutis
3200 3403 3450 3456 doctores

1887 3525 1942 3570 et
1984 3513 2256 3568 antistites
2285 3509 2480 3564 salutis
2513 3503 2777 3575 principia
2821 3500 3052 3561 nescire,
3083 3494 3293 3550 etiarnsi
3318 3491 3450 3544 alio-

1889 3608 1977 3676 qui
2024 3603 2380 3674 simpliciores
2425 3599 2554 3662 sint,
2590 3592 2964 3660 hebetior-ique
2997 3587 3214 3643 animo?
3248 3584 3449 3639 Verum

1890 3700 1975 3753 his
2031 3709 2163 3750 sane
2215 3694 2550 3762 ignoscatur,
2603 3686 2694 3754 qui
2756 3683 2935 3752 impiis
2985 3677 3324 3747 dogmatibus
3354 3687 3452 3742 per

1891 3787 2283 3859 ignorationem
2332 3793 2612 3835 assensum
2668 3776 3030 3846 praebuerunt.
3087 3767 3224 3835 Quid
3275 3775 3455 3818 autem

199 3888 275 3940 de
301 3884 424 3938 aliis
456 3882 678 3948 dixeris,
713 3880 804 3950 qui
839 3881 1000 3934 etiam
1049 3876 1247 3946 ingenii
1317 3875 1528 3932 laudem
1594 3878 1696 3934 sibi
1759 3855 2115 3944 vindicantes,
2159 3876 2226 3929 ob
2293 3887 2384 3925 eas
2435 3881 2646 3930 tamen,
2703 3878 2836 3932 quas
2891 3855 3453 3932 commemoravimus,

199 3991 430 4041 causas,
485 3972 901 4041 imperatoribus
958 3983 1150 4023 manus
1203 3967 1491 4033 dederunt,
1539 3979 1593 4022 et
1642 3985 1762 4023 cum
1837 3970 2052 4040 pietatis
2104 3979 2386 4036 personam
2455 3962 2705 4015 diuturno
2778 3964 3016 4021 tempore
3063 3959 3317 4016 tanquam
3365 3956 3460 4012 per

199 4071 402 4125 ludum
469 4067 783 4138 gessissent,
855 4062 1015 4120 simul
1086 4078 1150 4118 ac
1196 4060 1375 4131 aliqtta
1424 4064 1734 4131 supervenit

1885 4065 2038 4127 tatio,
2108 4079 2212 4133 qua
2263 4056 2506 4114 convinci
2556 4064 2716 4122 atque
2747 4048 2963 4118 coargui
3009 4053 3245 4116 possent,
3289 4037 3458 4112 proti-

203 4181 317 4220 nus
354 4161 706 4218 corruerunt?

283 4259 417 4312 κε’,
461 4257 581 4309 Ἔτι
629 4253 727 4325 μὲν
774 4253 920 4318 ἅπαξ
969 4252 1062 4305 τὸν
1126 4249 1353 4322 οὐρανὸν
1404 4250 1498 4304 καὶ
1543 4251 1642 4323 τὴν
1687 4253 1778 4324 γ’ἧι

1965 4247 2132 4303 XXV.
2167 4243 2346 4300 Semel
2393 4240 2606 4310 quidem
2673 4237 2849 4290 adhuc
2897 4233 3138 4286 futurum
3181 4226 3461 4294 Scriptura

202 4349 596 4421 σεισθὴσεσθαι
632 4345 764 4418 (58),
791 4345 893 4415 τῆς
931 4343 1153 4416 Γραφῆς
1194 4341 1377 4397 ἀκούω
1401 4341 1684 4415 λεγούσης,
1716 4344 1790 4408 ὡς

199 4444 278 4514 δὴ
308 4441 470 4496 τοῦτο
499 4439 778 4493 παθόντων
806 4437 901 4490 καὶ
935 4437 1224 4507 πρότερον·
1257 4434 1401 4488 οὕτω
1436 4435 1789 4507 δηλουμένης,

199 4535 394 4607 οἶμαι,
431 4533 532 4604 τῆς
577 4528 876 4601 ἐπιφανοῦς
910 4527 1016 4582 τῶν
1050 4527 1390 4598 πραγμάτων
1420 4527 1788 4598 καινοτομίας.

202 4627 331 4681 Καὶ
369 4625 460 4678 τὸν
493 4623 798 4676 τελευταῖον
843 4621 1062 4690 σεισμὸν
1109 4619 1305 4690 Παύλῳ
1344 4619 1656 4672 πιστευτέον
1699 4617 1789 4670 λέ-

198 4734 395 4788 γοντι,
428 4715 501 4786 μὴ
543 4714 698 4768 ἀλλον
734 4710 871 4766 εἶναι
909 4711 943 4782 ἢ
987 4711 1085 4782 τὴν
1125 4711 1383 4782 δευτέραν
1423 4710 1516 4763 τοῦ
1557 4708 1791 4781 Χριστοῦ

202 4807 548 4879 παρουσίαν,
594 4806 686 4858 καὶ
738 4804 837 4876 τὴν
873 4803 1026 4857 τοῦδε
1063 4801 1157 4856 τοῦ
1207 4803 1403 4866 παντὸς
1442 4801 1798 4872 μεταποίησιν

203 4900 318 4953 καὶ
369 4897 654 4968 μετάθεσιν
697 4898 777 4960 είς
821 4896 883 4948 τὸ
913 4897 1167 4966 ἀκίνητον
1211 4895 1305 4948 καὶ
1350 4894 1667 4948 ἀσάλευτον.
1695 4892 1797 4945 Τὸν

201 4991 278 5044 δὲ
319 4989 416 5041 νῦν
457 4986 646 5042 τοῦτον
695 4987 916 5058 σεισμὸν
949 4987 1159 5048 οὐδενὸς
1201 4986 1408 5040 ἐλάττω
1448 4984 1558 5038 τῶν
1599 5001 1798 5056 προγε-

297 5144 346 5176 ⁶⁸
384 5141 494 5196 Jer.
540 5159 635 5207 xu,
669 5141 751 5195 10.
829 5142 874 5172 ⁸⁸
932 5140 1036 5194 lsa.
1095 5156 1145 5204 ι,
1177 5139 1232 5194 9.
1306 5139 1353 5170 "°
1386 5140 1520 5207 Agg.
1553 5155 1624 5205 tt,
1665 5140 1718 5194 7.

291 5294 830 5377 ς5ι1)Πρό”Χριστοῦ
857 5312 940 5349 τε.
959 5293 1092 5349 Tres
1119 5293 1284 5364 Regg.
1305 5301 1358 5347 et
1374 5293 1586 5358 Comb,
1613 5295 1718 5366 πρό
1742 5311 1802 5346 τε

199 5385 320 5420 του
352 5367 609 5420 Χριστου.

217 5403 705 5522 ἴίὸλέῖωνξτῖξτερ
747 5430 803 5522 ,ᾖ
843 5433 942 5522 ,μὴΔ
979 5433 1572 5522 ψεξὸώτςῒυμοις.ττιθθξ
1611 5435 1802 5520 Βῇθιᾳςη

202 5500 408 5592 ἄνπερ
482 5505 556 5585 μὴ
595 5577 605 5586 .
638 5500 1000 5592 ιξευδῶνυμος
1196 5500 1473 5570 Ουιιιυθ[.,
1535 5500 1802 5574 ψευδόμε-

202 5594 322 5638 νος
358 5577 416 5664 ᾗ,
449 5595 467 5627 ι
510 5577 608 5630 nisi
639 5577 708 5628 sit
744 5577 1002 5654 mendax._
1044 5593 1062 5626 ι

305 5646 423 5716 (5b)
480 5647 559 5698 Δι’
626 5645 892 5715 ἄγνοιαν.
936 5644 1037 5716 Sic
1077 5646 1312 5716 quinque
1342 5643 1802 5714 Regg.,ttndecitn

205 5718 387 5774 Colb.
414 5725 465 5770 et
509 5717 601 5769 0r.
629 5718 679 5769 1.
710 5717 762 5768 ln
793 5717 901 5775 ed.,
925 5715 990 5768 δι’
1007 5715 1246 5782 ἀγνοίας.

267 5858 282 5867 .
307 5788 422 5854 (57)
450 5785 568 5867 Τῶν
591 5787 1002 5867 κρατούντων..
1023 5806 1039 5836 ι
1075 5783 1502 5867 Ιιιιρενεεξρεὶὺυε.
1528 5803 1546 5834 ι
1581 5782 1670 5867 _Sic
1700 5797 1811 5863 ma-

209 5858 384 5915 xime
411 5860 568 5911 tritus
591 5871 671 5912 est
698 5858 855 5927 hujus
889 5857 1035 5913 vocis
1075 5871 1219 5912 usus.
1254 5855 1438 5910 Billius
1471 5872 1484 5910 :
1527 5873 1544 5906 ι
1588 5854 1810 5909 llaereti-

1896 4339 2230 4414 pronuntiat,
2255 4346 2312 4388 ut
2332 4334 2525 4389 cmlum
2545 4341 2597 4385 et
2619 4339 2760 4384 terra
2785 4321 3181 4382 moveantur",
3206 4327 3461 4383 tanquam

1898 4410 1948 4489 id
1971 4447 2184 4503 quoque
2216 4429 2346 4499 ipsis
2368 4437 2524 4481 antea
2549 4425 2661 4494 jam
2695 4418 3013 4488 contigerit;
3042 4415 3234 4483 quibus
3260 4410 3461 4473 verbis,

1900 4542 2018 4580 mea
2060 4523 2272 4593 quidem
2307 4517 2570 4574 sententia
2592 4556 2608 4582 ,
2658 4513 2883 4568 illustris
2924 4523 3103 4562 rerum
3137 4504 3362 4568 mutatio
3392 4504 3466 4556 si-

1900 4618 2206 4690 gniﬁcatur.
2238 4613 2398 4685 402
2425 4612 2601 4678 Atque
2645 4607 2804 4662 etiam
2837 4603 3004 4657 Paulo
3050 4601 3179 4653 fides
3221 4594 3466 4651 habenda

1900 4723 2013 4774 cst,
2046 4719 2374 4780 postremum
2403 4713 2558 4758 terra:
2587 4711 2791 4754 motum
2820 4696 2952 4750 nihil
2997 4693 3138 4746 aliud
3171 4692 3285 4744 lore
3321 4688 3465 4742 aliir~

1903 4806 2094 4865 manli,
2125 4814 2286 4869 quam
2333 4794 2626 4852 secundum
2659 4789 2859 4846 Christi
2911 4787 3220 4847 adventum,
3250 4780 3466 4836 mundi-

1901 4910 2006 4963 que
2043 4893 2202 4962 hujus
2234 4887 2685 4950 immutationem,
2712 4894 2872 4952 atque
2899 4882 2951 4934 in
2983 4877 3324 4946 tranquillum
3354 4884 3464 4929 sta-

1905 4996 2038 5048 tum,
2066 4994 2121 5038 et
2151 4981 2219 5036 ab
2254 4980 2395 5035 omni
2431 4987 2580 5034 motu
2605 4985 2663 5030 et
2691 4972 2982 5045 agitatione
3005 4971 3250 5032 liberum,
3285 4979 3462 5021 trans-

1911 5293 1988 5347 cis
2009 5304 2188 5343 rerum
2225 5287 2570 5353 potientihus.
2598 5303 2617 5336 ι

1981 5362 2092 5433 (58)
2119 5345 2575 5433 Σεισθήσεσραι.
2601 5353 2777 5410 Semel
2800 5362 2855 5406 et
2880 5352 3082 5433 iterum
3124 5347 3322 5433 Dillius.
3359 5364 3377 5396 ι
3407 5345 3477 5425 de

1914 5416 2247 5485 ter‘rtc'niotu
2284 5416 2607 5495 ι’ἱιιιείιίςὶῐ,
2664 5435 2826 5492 atque
2880 5424 3264 5495 interpretatur
3294 5416 3470 5484 Λιιεωὶ

1915 5505 2109 5565 loctnn,
2147 5501 2239 5568 qui
2273 5511 2448 5552 tamen
2495 5488 2867 5566 intelligendus
2923 5494 3135 5568 videtur
3169 5507 3187 5539 ‹
3233 5488 3299 5540 de
3329 5500 3475 5566 com-

1915 5556 2149 5626 motione
2167 5556 2234 5624 ἐι
2264 5569 2616 5623 concussione
2666 5556 2887 5632 inagna.
2942 5581 2960 5612 ›
3001 5562 3052 5612 ld
3108 5573 3338 5632 namque
3370 5556 3474 5632 _sic

1918 5642 2146 5696 reddunt
2214 5653 2404 5692 omnes
2463 5627 3151 5705 Scriptura;interpretes.
3214 5627 3477 5696 Loquitur

1911 5710 2204 5778 Gregorius
2235 5711 2300 5762 de
2340 5703 2800 5762 turbulentissime
2840 5703 3305 5778 ἱιλιςιαειιιιιεεῑειε,
3357 5710 3476 5778 qua:

1911 5766 2154 5850 coniigit,
2207 5796 2327 5850 cu_m
2362 5778 2704 5850 Constantius
2754 5766 3220 5850 et_Ariani,‘ejus
3273 5766 3476 5823 auxilio

1912 5845 2156 5918 iretiftot
2179 5852 2230 5905 in
2257 5847 2494 5903 Ecclesia
2521 5855 2726 5916 strages
2744 5845 3049 5901 ediderunt.
