3914 6404
499 306 630 359 Illi

1681 309 1742 363 S.
1783 308 2110 364 GREGORII
2153 307 2502 362 TIIEOLOGI

3603 305 3720 362 ill!

498 421 750 477 lationem
780 423 847 453 ⁷¹ο
899 422 1009 492 Ego
1063 436 1191 476 vero
1242 431 1399 476 terra:
1428 430 1631 476 motum
1665 423 1829 488 hunc,
1889 434 2074 478 nostra

2188 422 2493 491 γενημένων
2542 419 2940 490 ὑπολαμϐάνω’
2988 417 3108 472 καθ’
3147 418 3206 470 ὃν
3244 420 3472 470 κινεῖται
3520 417 3612 487 μὲν
3648 421 3722 488 ἀφ’

500 524 818 584 tempestate
861 524 1127 576 toortum,
1164 511 1310 566 nullo
1342 527 1563 578 eorum,
1588 515 1679 584 qni
1709 516 1819 582 jam
1851 516 2073 570 exstite-

499 616 646 670 runt,
697 605 1006 660 inferiorem
1059 620 1178 658 esse
1217 606 1492 673 existimo,
1533 621 1629 674 per
1674 623 1834 674 quem
1885 623 2074 662 omnes

501 696 852 765 philosophia:
878 695 1043 749 dediti
1074 711 1137 750 ac
1164 696 1254 750 Dei
1279 711 1464 750 amore
1493 698 1722 766 praediti,
1757 708 1918 767 atque
1947 708 2073 754 ante

503 804 712 859 tempus
741 791 792 843 in
819 789 970 844 etelis
1000 790 1198 844 civium
1247 792 1472 844 munere
1511 789 1814 860 fungentes,
1851 811 1878 844 a
1917 793 2072 848 nobis

503 883 858 936 dimoventur.
889 881 988 946 Qui
1033 882 1246 936 tametsi
1289 881 1488 950 alioqui
1535 883 1706 950 pacati
1782 898 1845 937 ac
1883 888 2068 937 mode-

503 971 605 1024 rati
636 972 764 1035 sint,
797 972 898 1025 bac
931 981 1104 1044 tamen
1148 972 1199 1024 in
1231 989 1287 1025 re
1320 972 1466 1026 lenes
1504 982 1557 1026 et
1595 973 1779 1028 faciles
1805 989 1924 1028 esse
1963 992 2068 1028 non

503 1062 791 1128 sustinent,
822 1078 943 1116 cum
992 1079 1086 1132 per
1113 1063 1387 1118 silentium
1419 1074 1473 1119 et
1510 1067 1745 1134 quietem
1783 1067 1875 1121 Dei
1903 1082 2069 1121 causa

500 1154 748 1222 proditur
779 1171 793 1207 :
824 1169 1007 1207 verum
1036 1155 1120 1208 hic
1151 1155 1436 1210 admodum
1466 1156 1698 1212 bellaces
1732 1166 1879 1222 sunt,
1910 1169 2072 1227 atque

507 1244 560 1296 in
603 1243 938 1314 conﬂigendo
988 1258 1143 1298 acres
1177 1251 1230 1297 et
1269 1244 1480 1299 feroces
1540 1244 1870 1316 (liujusmodi
1925 1247 2069 1300 enim

503 1332 603 1386 zeli
625 1345 787 1388 aestus
810 1343 890 1388 est
921 1337 965 1402 ),
990 1335 1258 1402 citiusque
1294 1335 1534 1403 aliquid,
1561 1337 1702 1405 quod
1744 1351 1846 1389 non
1909 1351 2072 1404 apor-

505 1435 635 1508 teat,
676 1427 971 1480 emoverint
992 1466 1008 1490 ,
1035 1442 1196 1494 quam
1219 1468 1232 1490 ,
1266 1428 1407 1495 quod
1434 1443 1499 1482 ex
1527 1428 1700 1482 ollicio
1729 1429 1820 1490 sit,
1847 1437 2071 1496 praiter-

2175 513 2334 585 ἡμῶν
2379 513 2492 581 (59)
2540 513 2663 565 ὅσον
2709 511 2998 580 φιλόσοφον
3037 510 3131 562 καὶ
3191 507 3458 578 φιλόθεον,
3503 508 3594 560 καὶ
3640 513 3723 582 πρὸ

2178 606 2368 679 καιροῦ
2401 608 2512 668 τοῖς
2545 605 2660 660 ἄνω
2696 604 3128 674 πολιτευόμενον.
3162 602 3245 664 Οἳ,
3278 600 3379 654 κᾶν
3417 600 3585 652 τᾶλλα
3618 594 3724 656 ὦσιν

2177 699 2441 770 εἰρηνικοί
2497 713 2557 750 τε
2613 697 2706 750 καὶ
2769 696 3000 767 μέτριοι,
3053 693 3210 746 τοῦτό
3265 710 3329 761 γε
3383 693 3445 744 οὐ
3502 692 3725 762 φέρουσιν

2176 792 2439 853 ἐπιεικεῖς
2471 785 2629 854 εἶναι,
2667 789 2798 842 Θεὸν
2844 787 3148 858 προδιδόναι
3181 784 3293 853 (60)
3336 783 3427 837 διὰ
3474 784 3573 853 τῆς
3616 787 3725 854 ἡσυ-

2178 881 2328 952 χίαςο
2367 880 2501 934 ἀλλὰ
2531 881 2625 934 καὶ
2658 880 2779 933 λίαν
2812 879 2950 932 εἰσὶν
2982 876 3218 930 ἐνταῦθα
3247 875 3536 945 πολεμικοί
3568 892 3622 927 τε
3653 878 3725 931 καὶ

2179 975 2442 1045 δύσμαχοι
2469 973 2580 1044 (61)
2610 971 2870 1044 (τοιοῦτον
2905 971 3070 1043 γὰρὴ
3111 969 3206 1022 τοῦ
3250 967 3414 1038 ζήλου
3441 968 3724 1038 Θερμάτης).

2180 1066 2274 1119 καὶ
2318 1065 2509 1119 Θᾶττον
2557 1065 2622 1118 ἄν
2667 1084 2719 1118 τι
2768 1065 2843 1136 μὴ
2889 1063 3006 1116 δέον
3059 1062 3520 1133 παρακινήσαιεν,
3561 1059 3593 1128 ἧ
3633 1060 3724 1115 δέον

2181 1155 2559 1228 παραλίποιεν.
2623 1155 3139 1226 Συναποῤῥήγνυται
3189 1152 3247 1204 δὲ
3298 1153 3395 1204 καὶ
3451 1150 3562 1204 τῶν
3608 1151 3726 1205 λαῶν

2181 1245 2281 1297 οὑκ
2315 1244 2622 1315 ἐλάχιστον,
2667 1243 2856 1316 ὥσπερ
2890 1245 2948 1296 ὲν
2974 1242 3202 1313 ὀρνίθων
3241 1242 3434 1312 ἀγέλῃ,
3477 1243 3588 1304 τοῖς
3626 1258 3729 1312 προ-

2182 1337 2452 1390 αναπτᾶσι
2485 1335 2850 1405 συναναπτᾷν,
2893 1334 2988 1387 καὶ
3024 1332 3145 1386 οὐδὲ
3174 1332 3268 1387 νῦν
3306 1333 3386 1386 ἔτι
3431 1335 3588 1404 λήγει
3632 1349 3726 1385 ουν-

2183 1429 2544 1499 ανιπτὰμενον
2573 1427 2706 1494 (62).

503 1515 767 1571 miserint.
807 1515 1005 1569 Eodem
1033 1526 1178 1569 motu
1218 1532 1321 1570 non
1378 1516 1596 1569 minima
1642 1530 1856 1584 quoque
1889 1516 2067 1585 populi
2108 1532 2232 1584 pars
2259 1517 2618 1587 abrumpitur,
2644 1516 2787 1570 velut
2815 1516 2867 1570 in
2929 1517 3111 1572 avium
3167 1534 3349 1588 grege,
3379 1518 3473 1588 qui
3528 1521 3728 1575 cumbis

503 1613 594 1682 qui
631 1614 779 1681 prius
806 1615 1108 1679 avolarant,
1140 1613 1339 1677 avolat,
1373 1628 1436 1667 ac
1472 1629 1537 1666 ne
1583 1627 1724 1666 nunc
1750 1612 1967 1681 quidem
1996 1612 2158 1666 simul
2196 1612 2448 1666 avolandi
2473 1613 2632 1666 linem
2661 1611 2810 1666 facit.

576 1705 763 1762 XXVI.
793 1706 886 1762 Sic
917 1723 976 1762 se
1008 1723 1093 1762 res
1120 1707 1413 1772 habebant,
1447 1708 1685 1777 quandiu
1728 1706 2078 1767 Athanasius,

2260 1707 2404 1773 κεῖν.
2443 1704 2612 1758 Τοῦτο
2649 1705 2961 1767 Ἀθανάσιος
3006 1704 3155 1774 ἡμῖν,
3205 1702 3310 1765 ἕως
3340 1702 3546 1772 παρῆν,
3575 1702 3603 1753 6
3633 1703 3729 1754 στύ-

509 1799 596 1852 illa
637 1799 890 1853 Ecclesia:
917 1799 1186 1863 columna,
1225 1800 1501 1854 nobiscum
1537 1799 1890 1862 versabatur;
1921 1807 1975 1852 et
1999 1797 2077 1852 sic

509 1900 570 1940 se
597 1887 852 1950 habuere,
896 1897 1174 1955 postquam
1201 1886 1568 1955 improbormn
1602 1888 1878 1941 hominum
1907 1903 2077 1942 cona-

509 1976 650 2031 tibus
667 1977 850 2033 cessit.
879 1977 1346 2044 Quemadmodum
1373 1980 1514 2033 enim
1540 1980 1628 2048 qui
1656 1983 1864 2033 firmam
1889 1995 2076 2049 quam-

508 2066 628 2122 dam
661 2082 842 2123 arcem
893 2081 1201 2138 expugnare
1235 2070 1288 2122 in
1342 2070 1603 2124 animum.
1627 2071 1956 2126 induxerunt
1980 2113 1994 2134 .
2030 2072 2073 2125 si

506 2174 626 2212 eam
658 2173 879 2212 accessu
912 2169 1178 2228 captuqne
1207 2159 1474 2215 diﬂicilem
1510 2176 1634 2217 esse
1669 2164 2074 2231 perspexerint,

506 2249 574 2302 ad
600 2258 770 2302 artem
801 2263 860 2303 se
891 2247 1194 2304 conferunt.
1236 2250 1372 2316 Quid
1426 2253 1650 2319 postea?
1676 2254 1833 2308 Areis
1888 2254 2077 2322 praefe-

507 2349 652 2394 ctum
685 2341 928 2410 pecuniis
954 2353 1045 2396 ant
1069 2341 1253 2396 fraude
1277 2344 1342 2396 ad
1363 2359 1491 2398 suas
1523 2353 1706 2414 partes
1731 2349 2072 2416 pertralmnt,

507 2431 694 2500 sicque
738 2433 883 2486 nullo
911 2434 1024 2504 jam
1069 2434 1284 2502 negotio
1327 2444 1381 2489 et
1411 2435 1595 2491 labore
1628 2453 1810 2492 arcem
1861 2454 2076 2508 quoque

507 2523 678 2590 ipsam
708 2524 760 2577 in
784 2524 1045 2579 ditionem
1077 2525 1342 2594 redigunt.
1370 2529 1495 2591 Aut,
1526 2528 1568 2581 si
1596 2529 1785 2593 mavis,
1817 2531 2076 2598 quemad-

512 2615 728 2668 modum
767 2617 858 2681 qui
898 2617 1185 2686 Sampsoni
1220 2617 1442 2672 insidias
1488 2629 1820 2686 struxerant,
1869 2621 2072 2674 crinem

511 2705 692 2774 prius,
737 2705 791 2758 in
842 2721 948 2774 quo
983 2707 1121 2760 vires
1157 2709 1357 2775 positas
1407 2710 1656 2776 babebat,
1701 2710 2074 2774 abstulerunt,

511 2802 672 2862 atque
692 2795 765 2850 ita
790 2795 1003 2848 demum
1029 2793 1272 2849 Judicem
1301 2795 1352 2848 in
1380 2805 1697 2863 potestatem
1730 2809 2071 2866 acceperunt,

509 2894 566 2940 ct
589 2886 782 2940 deinde
807 2885 908 2954 ipsi
934 2885 1200 2940 arbitratu
1229 2901 1328 2941 suo
1357 2888 1704 2946 insultarunt.
1730 2888 2078 2956 pristimcque

513 2978 678 3046 ipsius
715 2978 968 3046 potentia:
1009 2992 1198 3046 parem
1227 2993 1290 3032 ex
1324 2979 1554 3033 adverso
1595 2989 1913 3048 potestatem
1948 2981 2074 3034 ade-

2183 1800 2272 1862 λος
2298 1799 2399 1868 τῆς
2437 1798 2792 1868 Ἐκκλησίας·
2829 1797 2922 1850 καὶ
2954 1795 3131 1856 τοῦτο,
3169 1794 3354 1864 ἐπειδή
3401 1810 3465 1861 γε
3496 1794 3614 1855 ταῖς
3641 1795 3731 1846 έπ-

2181 1893 2396 1962 ηρείαις
2439 1890 2548 1942 τῶν
2598 1889 2848 1960 πονηρῶν
2902 1887 3278 1958 ὑπεχώρησεν.
3318 1885 3529 1956 ’Ὠσπερ
3560 1885 3659 1954 γὰρ
3691 1887 3730 1938 οἱ

2184 1983 2438 2055 φρούριόν
2465 2001 2516 2036 τι
2545 1982 2652 2035 τῶν
2679 1980 2960 2053 καρτερῶν
2987 1980 3189 2044 ἐξελεῖν
3215 1977 3595 2049 βουλευθέντες
3619 1977 3730 2046 (65),

2182 2074 2404 2128 ἐπειδὰν
2450 2071 2625 2134 ἄλλως
2685 2071 2835 2124 ἴδωσι
2887 2069 3243 2140 δυσπρόσιτον
3287 2068 3382 2119 καὶ
3431 2065 3729 2125 δυσάλωτον,

2183 2164 2275 2216 ἐπὶ
2320 2162 2417 2232 τὴν
2469 2160 2665 2230 τέχνην
2730 2157 3033 2229 χωροῦσινο
3087 2154 3206 2210 εἶτα
3243 2158 3333 2220 τί;
3378 2160 3664 2228 χρήμασιν,
3701 2159 3727 2226 ἠ

2181 2254 2315 2325 δόλῳ
2338 2254 2430 2307 τὸν
2473 2251 2816 2323 φρούραρχον
2863 2249 3294 2312 ύποσπάσαντες,
3325 2247 3496 2311 οὕτως
3528 2249 3624 2318 ἤδη
3655 2251 3730 2301 σὺν

2181 2347 2357 2402 οὐδενὶ
2385 2347 2532 2416 πόνῳ
2561 2345 2654 2397 καὶ
2693 2344 2794 2412 τῆς
2833 2344 3078 2413 φρουρᾶς
3111 2341 3417 2412 ἐκράτησαν
3441 2357 3456 2370 ο
3498 2343 3549 2393 εἰ
3583 2340 3730 2410 βούλει

2181 2443 2257 2504 δὲ,
2288 2441 2475 2510 ὥσπερ
2507 2441 2556 2492 οἱ
2597 2436 2677 2506 τῷ
2724 2434 2960 2505 Σαμψὼν
2997 2434 3498 2497 ἐπιϐουλεύσαντες,
3527 2433 3621 2503 τὴν
3661 2436 3732 2485 κό-

2184 2551 2292 2604 μην
2338 2533 2621 2602 πρότερον,
2668 2532 2725 2581 ἐν
2779 2521 2944 2600 ᾖτὴν
2991 2527 3142 2596 ἰσχὺν
3185 2521 3332 2595 εἶχε,
3385 2525 3730 2595 περιελόντες,

2180 2621 2478 2693 τηνικαῦτα
2507 2619 2616 2690 (64)
2648 2618 2750 2678 ὑπὸ
2779 2620 2936 2688 χεῖρα
2975 2617 3067 2669 τὸν
3120 2617 3332 2687 Κριτὴν
3375 2615 3592 2679 ἔλαϐον,
3634 2612 3730 2668 εἶτα

2183 2709 2465 2774 ἐνέπαιζον
2492 2711 2590 2763 ὅσα
2629 2709 2973 2780 βουλομένοις
3001 2704 3090 2779 ἦν,
3130 2709 3229 2778 τῆς
3268 2708 3395 2779 πρὶν
3432 2707 3526 2760 τοῦ
3571 2707 3730 2777 ἀνδρδς

2182 2804 2492 2865 δυναστείας
2524 2803 2856 2874 ἀντίρῤοπαο
2893 2799 3036 2854 οὕτω
3067 2801 3161 2854 καὶ
3186 2802 3235 2852 οἱ
3280 2801 3400 2853 καθ’
3428 2801 3578 2870 ἡμᾶς
3606 2799 3732 2852 ἀλλό-

2185 2895 2366 2964 φυλοι,
2413 2895 2475 2948 τὸ
2508 2893 2776 2964 ἡμέτερον
2829 2892 3030 2965 κράτος
3080 2890 3322 2944 ἐκποδὼν
3367 2891 3728 2960 ποιησάμενοι,

2187 2989 2278 3041 καὶ
2307 2988 2404 3059 τὴν
2448 2986 2605 3051 δόξαν
2651 2987 2749 3055 τῆς
2785 2983 3108 3056 Ἐκκλησίας
3149 2984 3566 3052 ἁποκεῐραντες,
3590 2982 3735 3045 οὕτως

511 3074 586 3140 pti
631 3081 796 3134 sunt;
851 3071 930 3124 sic
980 3085 1195 3140 quoque
1234 3071 1554 3141 alienigena:
1597 3075 1790 3136 nostri,
1829 3073 2077 3126 submoto

2188 3077 2279 3148 ᾔδη
2328 3080 2442 3140 τοῖς
2486 3078 2583 3146 τῆς
2629 3075 2882 3139 ἀσεόεἱας
2923 3075 3233 3146 ἐνετρύφων
3275 3074 3513 3144 δόγμασί
3552 3091 3608 3126 τε
3657 3076 3734 3127 καὶ

511 3173 673 3240 atque
712 3179 744 3215 e
783 3164 960 3217 medio
1009 3163 1219 3217 sublato
1261 3173 1448 3216 nostro
1483 3163 1696 3226 robore,
1742 3179 1807 3216 ac
1855 3165 2077 3216 detonsa

513 3253 769 3308 Ecclesiae
793 3255 989 3324 gloria,
1028 3257 1096 3308 ita
1115 3255 1226 3324 jam
1256 3257 1307 3309 in
1333 3255 1629 3324 impietatis
1655 3256 1994 3323 dogmatibus
2028 3265 2084 3308 et

511 3347 816 3401 actionibus
849 3362 967 3400 sese
997 3346 1360 3400 oblectabant.
1412 3345 1508 3399 llic
1539 3347 1707 3399 vitam
1743 3361 1865 3399 cum
1910 3359 2084 3400 morte

512 3447 802 3493 commutat
841 3438 1135 3492 adversarii
1162 3439 1392 3507 pastoris
1420 3437 1789 3501 continuatur,
1826 3447 1880 3491 et
1902 3449 2083 3508 patro-

514 3548 634 3592 nus,
679 3531 770 3598 qui
819 3532 1018 3584 malum
1068 3531 1208 3584 haud
1256 3530 1398 3584 maio
1439 3531 1665 3598 imperio
1701 3541 1861 3598 caput
1892 3529 2083 3598 pracfe-

513 3635 684 3691 eerat,
709 3635 872 3692 atque
895 3623 1093 3689 inutili,
1119 3632 1176 3676 nt
1200 3621 1399 3687 ferunt,
1425 3622 1738 3689 pmnitentia
1767 3622 1818 3673 in
1840 3631 2085 3675 extremo

516 3718 638 3773 vita:
662 3718 856 3788 spiritu
883 3718 1131 3780 allectus,
1164 3731 1284 3768 cum
1326 3715 1602 3778 nimirum,
1640 3717 1708 3769 ob
1742 3715 1965 3768 alterius
1986 3724 2085 3768 sa:-

514 3813 617 3865 culi
663 3809 928 3873 tribunal,
972 3808 1133 3879 403
1180 3824 1365 3876 aequus
1429 3823 1607 3861 rerum
1660 3824 1880 3862 suarum
1922 3823 2085 3862 unus-

514 3910 743 3973 quisque
773 3903 938 3971 judex
983 3913 1084 3956 est.
1129 3901 1253 3956 Tria
1295 3902 1439 3956 enim
1476 3903 1587 3954 haec
1625 3916 1748 3955 esse
1794 3902 1977 3965 aiunt,
2016 3901 2087 3954 ob

516 4011 636 4065 qua:
667 4004 921 4062 tanquam
955 3993 1181 4060 imperio
1218 4008 1317 4046 suo
1350 3991 1591 4058 indigna,
1636 3992 1953 4059 poenitentia
1988 3993 2085 4046 du-

517 4097 638 4140 ctus
669 4085 830 4139 fuerit
865 4102 882 4138 :
919 4085 1188 4153 primum,
1219 4083 1364 4152 quod
1411 4083 1728 4151 prOpittquis
1758 4083 1870 4136 suis
1900 4099 2084 4136 necem

519 4177 791 4231 intulisset
822 4194 836 4229 :
870 4177 1122 4239 alterum,
1157 4175 1299 4244 quod
1329 4174 1597 4229 lulianum
1624 4175 1938 4243 Apostatatn
1973 4175 2087 4229 Ca:-

516 4282 697 4320 sarem
749 4269 1084 4321 nominasset
1116 4284 1129 4320 :
1167 4277 1496 4334 postremum
1551 4266 1695 4336 quod
1747 4266 1901 4320 novis
1963 4267 2084 4320 fidei

518 4359 859 4428 dogmatibus
885 4359 1186 4415 studuisset
1219 4377 1232 4414 :
1271 4359 1540 4428 simulque
1562 4375 1683 4413 cum
1711 4360 1794 4414 bis
1814 4359 2031 4413 vocibus
2054 4374 2085 4414 e

517 4455 629 4507 vita
653 4454 965 4508 discessisse
996 4451 1184 4507 fertur.
1221 4451 1452 4507 Rursum
1483 4463 1664 4506 autem
1698 4453 1943 4506 veritatis
1985 4454 2081 4507 do-

517 4545 694 4598 ctrina
736 4552 1059 4614 potestatein
1111 4560 1176 4598 ac
1216 4544 1490 4597 licentiam
1537 4543 1771 4612 accipit,
1812 4552 1973 4612 atque
2010 4543 2081 4609 ii,

519 4639 610 4707 qui
647 4638 824 4691 vexati
851 4635 1292 4706 atque'Oppressi
1321 4635 1561 4701 fuerant,
1598 4635 1827 4689 solutam
1863 4634 2082 4688 liberta-

591 4791 633 4821 "
668 4787 831 4844 Hebr.
872 4809 969 4853 xu,
998 4789 1067 4844 ‘26
1095 4799 1147 4843 et
1169 4805 1282 4858 seq.

595 4955 705 5026 (59)
733 4953 986 5026 Κινεῖζαι
1011 4951 1123 5026 μὲν
1161 4954 1261 5021 ἀφ’
1301 4953 1489 5020 ἡμῶν.
1538 4953 1610 5005 De
1661 4953 1960 5026 monachis,
1995 4953 2086 5020 qui

530 5024 648 5081 fidei
695 5030 812 5079 zelo
835 5042 862 5076 a
891 5025 1151 5094 Gregorio
1177 5034 1328 5093 patre
1373 5026 1754 5087 discesserant,
1786 5024 1897 5077 liam
1943 5026 2084 5078 dicta

523 5097 692 5152 videri
726 5105 970 5164 possunt.

596 5165 708 5231 (60)
729 5162 886 5217 Θεὸν
907 5162 1270 5229 προδιδόναι,
1297 5173 1402 5214 etc.
1437 5181 1455 5212 ι
1489 5163 1554 5217 Ut
1585 5179 1677 5230 per
1721 5163 1987 5217 silentimn
2033 5172 2090 5217 et

527 5237 871 5290 solitudinem
905 5233 1156 5302 (instituti
1208 5232 1527 5304 tenaciores)
1560 5234 1652 5286 Dei
1694 5250 1912 5287 causam
1964 5249 2088 5302 pro-

524 5311 670 5360 dant.
710 5323 728 5354 ι

593 5375 1054 5442 (61)Δύσμαχοι.
1101 5371 1367 5438 Combef.,
1415 5370 1844 5442 δυσμαχώτατοι.
1887 5372 1978 5428 Or.
2034 5372 2086 5437 1,

526 5444 918 5516 μαχιμώτατοι.

592 5512 1282 5586 (62))Σιυνανιπζάμενον.
1315 5512 1406 5565 Sic
1457 5513 1696 5586 plerique
1749 5513 1984 5577 codices,
2035 5521 2089 5565 et

523 5582 609 5638 ita
627 5585 754 5653 legit
790 5585 992 5637 Dillius.
1012 5582 1066 5653 In
1113 5585 1224 5643 ed.,
1245 5584 1732 5653 oovathépsvov.

595 5651 706 5722 (σεδ)
745 5652 1204 5717 Βουλευθέντες.
1226 5651 1465 5720 Quatuor
1488 5653 1678 5722 llegg.,
1706 5654 1889 5708 decem
1909 5653 2083 5716 Colb.,

525 5735 576 5778 et
603 5722 696 5777 0r.
729 5724 778 5782 1,
814 5723 1182 5792 βουληθέντες.

591 5792 703 5865 (65)
775 5792 888 5863 Τὴν
930 5791 1223 5861 ισχὺν.....
1259 5793 1602 5862 τηνικαῦτα.
1633 5793 1871 5861 Quatuor
1891 5793 2082 5864 Νίκη

2184 3169 2484 3241 πράγμασι.
2536 3167 2719 3238 Ταύτῃ
2766 3167 2860 3220 καὶ
2895 3167 3248 3237 μεταλλάττει
3301 3167 3402 3236 μὲν
3445 3167 3540 3219 τὸν
3573 3165 3673 3235 βίον
3710 3169 3733 3216 ὁ

2182 3259 2274 3312 τοῦ
2303 3258 2578 3313 ἀντιθέτου
2613 3257 2721 3329 (65)
2753 3258 3010 3327 ποιμένος
3060 3255 3364 3327 βεϐαιωτὴς
3396 3257 3486 3308 καὶ
3521 3257 3733 3322 προστα-

2182 3369 2301 3423 της,
2354 3352 2520 3404 κακὸν
2569 3352 2629 3404 οὺ
2678 3352 2821 3420 κακῇ
2874 3348 2985 3421 (66)
3039 3349 3286 3420 βασιλείᾳ
3333 3348 3392 3401 τὸ
3460 3348 3732 3417 κεᾳὰλαιον

2183 3443 2411 3508 ἐπιθεὶς,
2440 3443 2533 3496 καὶ
2561 3443 2795 3514 ἀνόνητα
2835 3444 3153 3513 μεταγνοὺς,
3187 3441 3262 3504 ὦς
3294 3459 3480 3511 φασιν,
3518 3442 3606 3493 ἐπὶ
3635 3442 3735 3501 ταῖς

2183 3535 2518 3597 τελευταίαις
2566 3537 2892 3596 ἀναπνοαῖς,
2953 3533 3116 3602 ἡνίκα
3167 3532 3466 3600 εὐγνώμων
3536 3530 3737 3591 ἕκαστος

2184 3627 2291 3680 τῶν
2335 3625 2527 3680 ἑαυτοῦ
2579 3626 2690 3696 (67)
2737 3625 2948 3696 κριτὴς,
2993 3623 3082 3678 διὰ
3127 3624 3188 3676 τὸ
3231 3626 3348 3676 ἐκεῖ
3390 3623 3734 3692 δικαστήριον.

2186 3719 2322 3790 Τρία
2365 3720 2473 3789 γὰρ
2521 3717 2695 3770 ταῦτα
2752 3719 2800 3770 οἱ
2849 3717 3239 3784 συνεγνωκέναι
3306 3714 3478 3775 κακὰ,
3528 3713 3618 3766 καὶ
3657 3713 3738 3778 τῆς

2186 3810 2379 3864 ἑαυτοῦ
2427 3809 2701 3880 βασιλείας
2731 3807 2943 3874 ἀνάξια,
2971 3810 3060 3862 τὸν
3090 3809 3182 3860 τοῦ
3227 3807 3419 3876 γένους
3451 3808 3626 3874 φόνον,
3661 3807 3738 3856 καὶ

2186 3906 2284 3974 τὴν
2321 3903 2432 3972 (68)
2464 3903 2766 3974 ἀνάρρησιν
2798 3899 2890 3953 τοῦ
2927 3901 3279 3962 Ἀποστάτου,
3329 3901 3426 3952 καὶ
3458 3899 3554 3968 τὴν
3584 3913 3742 3949 καινο-

2187 3997 2379 4067 τομίαν
2413 3996 2508 4065 τῆς
2563 3995 2831 4057 πίστεως·
2869 3993 2964 4046 καὶ
3013 3992 3237 4054 ταύταις
3288 3988 3638 4043 συναπελθεῖν
3667 3985 3738 4036 15'-

2187 4104 2338 4156 γεται
2379 4090 2498 4150 ταῖς
2551 4088 2774 4154 φωναῖς.
2817 4084 3089 4151 Ἐξουσίαν
3129 4083 3187 4135 δὲ
3233 4078 3387 4144 amt;
3431 4083 3460 4134 6
3490 4081 3586 4150 τῆς
3628 4077 3738 4148 ἁλη-

2188 4179 2338 4242 Θείας
2375 4178 2530 4246 λόγος
2572 4178 2858 4248 λαμϐάνει,
2889 4177 2984 4230 καὶ
3015 4175 3329 4247 παρρησίαν
3369 4175 3419 4226 οἱ
3451 4171 3740 4244 βιασθέντες

2187 4270 2501 4340 αὐτόνομον,
2528 4267 2617 4321 τοῦ
2647 4267 2810 4340 ζήλου
2848 4269 2938 4322 τὸν
2966 4267 3134 4338 θυμὸν
3160 4268 3443 4337 θήγοντος.
3473 4268 3540 4316 Ὃ
3576 4263 3636 4332 δὴ
3663 4261 3743 4312 γ-ειὶ

2187 4362 2215 4412 ὁ
2245 4361 2356 4431 (69)
2403 4361 2510 4414 τῶν
2546 4359 2930 4433 Ἀλεξανδρέων
2964 4359 3132 4413 ἔπαθε
3179 4358 3370 4429 δῆμος,
3401 4351 3516 4420 οἶος
3561 4357 3740 4413 ἐκεῖνος

2189 4453 2316 4523 περὶ
2356 4452 2480 4514 τοὺς
2514 4451 2794 4522 ὑϐριστὰς,
2825 4451 2922 4503 οὐκ
2953 4449 3266 4518 ἐνεγκόντες
3307 4447 3401 4500 τοῦ
3433 4446 3623 4516 ἀνδρὸς
3657 4441 3742 4511 τὴν

2191 4543 2474 4613 ἀμετρίαν,
2519 4543 2612 4597 καὶ
2653 4542 2740 4596 διὰ
2776 4541 2933 4595 τοῦτο
2975 4541 3109 4612 ξένῳ
3146 4541 3242 4611 μὲν
3274 4540 3494 4608 θανάτῳ
3531 4537 3627 4606 τὴν
3668 4550 3742 4584 πο-

2190 4634 2399 4705 νηρίαν,
2445 4635 2571 4708 ξένῃ
2601 4635 2658 4688 δὲ
2688 4634 2843 4705 ὕϐρει
2887 4635 2976 4688 τὸν
3011 4634 3239 4688 Θάνατον
3291 4629 3738 4702 στηλιτεύσαντες.

2189 4955 2374 5006 decem
2441 4952 2592 5006 Coll).
2647 4961 2701 5006 et
2763 4949 2854 5002 Or.
2895 4949 2942 5013 l,
2995 4948 3054 5000 τὸ
3125 4949 3462 5019 ἰσχυρὸν.....
3509 4948 3570 5000 τὸ
3610 4962 3743 5014 τηνι-

2187 5041 2379 5076 καυτα.

2259 5094 2370 5162 (65)
2446 5089 2797 5145 ’Δγ-τιθέτω.
2846 5089 2974 5157 Reg.
3037 5091 3144 5152 lllll,
3201 5086 3744 5152 Jes.,Comb.,&vn-

2191 5163 2332 5223 Θέου,
2368 5180 2384 5213 ι
2434 5163 2539 5214 Deo
2563 5163 2914 5214 adversantis.
2960 5178 2978 5210 ι

2264 5234 2373 5303 (66)
2405 5231 2604 5287 Κακόν
2623 5232 2698 5303 οὐν
2717 5228 2892 5296 κακῇ,
2922 5241 3027 5303 εις.
3053 5247 3088 5303 ἰ
3123 5227 3319 5281 Malum
3349 5243 3460 5303 non
3497 5225 3740 5303 maloim-

2193 5297 2532 5371 perio'capnt
2565 5302 2879 5368 praeficiens,
2918 5318 2935 5349 ι
2979 5297 3246 5371 Julianum
3292 5298 3745 5371 scilicet_Aposta-

2197 5365 2327 5436 tam,
2379 5365 2534 5439 quem
2560 5365 2921 5425 successorem
2964 5386 3116 5439 suum
3153 5368 3464 5422 instituerat
3497 5365 3745 5439 Constan-

2197 5445 2320 5497 tius.
2348 5437 2533 5496 Dillius
2559 5459 2572 5494 :
2606 5461 2624 5492 ι
2665 5441 2861 5493 malum
2887 5438 3026 5495 haud
3049 5439 3190 5492 malo
3217 5439 3446 5508 imperio
3473 5441 3634 5492 linem
3663 5437 3744 5487 itu-

2225 5528 2410 5567 OlrellS.
2442 5532 2460 5563 ι

2261 5530 2294 5564 Ir
2330 5530 2341 5562 Ι
2395 5553 2410 5565 .
2442 5532 2460 5563 ι

2189 5530 2391 5652 ροῶῗῗ
2431 5582 2552 5652 Τῶν
2585 5580 2821 5652 ἑαυτοῦ.
2853 5576 3228 5652 ln_nonnullis,
3260 5577 3536 5652 οἱ·ὲαυτῷ

2263 5645 2374 5723 (68)
2435 5650 2549 5723 Καὶᾲ
2588 5649 2718 5715 τήν,
2743 5661 2849 5703 etc.
2902 5645 3162 5723 Jolianus_
3196 5658 3443 5715 apostata
3502 5645 3673 5723 Cﬁar
3717 5659 3740 5696 a

2195 5716 2509 5776 Constantio
2538 5721 2862 5789 imperatore
2891 5725 3109 5789 creatus
3139 5716 3315 5789 fuerat
3352 5734 3503 5789 anno
3531 5716 3649 5789 355.

2272 5793 2380 5864 ((59)
2426 5790 2509 5848 Ὀ.
2537 5784 2629 5846 Sic
2670 5790 2848 5861 plures
2890 5787 3060 5858 llcgg.
3093 5796 3146 5842 et
3176 5785 3269 5840 Or.
3297 5787 3343 5839 ‘l.
3381 5787 3549 5842 Deest
3595 5787 3644 5841 in
3670 5784 3723 5840 ed
