3914 6404
164 361 282 415 1115

1053 362 1312 419 ORATlO
1351 363 1491 418 XXI.
1532 395 1599 404 —
1638 364 1703 419 IN
1745 363 2025 421 LAUDEM
2061 361 2452 421 ATHANASII.

3230 360 3367 416 1114

160 477 285 527 Ἵστε
316 473 412 544 τὴν
445 474 689 545 κάμηλον
730 476 843 548 (70)
879 478 1112 550 ἐκείνην,
1144 482 1237 534 καὶ
1268 481 1359 535 τὸν
1388 482 1536 549 ξένον
1574 484 1703 556 φόρ-

1836 501 1937 550 em,
1980 498 2095 538 zeio
2125 496 2317 551 nempe
2355 480 2691 537 iracundiam
2742 490 2987 535 acuente.
3020 479 3171 546 Quod
3204 483 3366 537 etiam

155 583 249 627 τον,
281 565 371 616 καὶ
404 564 465 616 τὸ
494 566 677 619 καινὸν
725 566 878 636 ὕψος,
916 570 1009 622 καὶ
1038 570 1138 641 τὴν
1174 570 1394 643 πρώτην
1434 574 1698 646 περίοδον,

154 652 289 726 οἶμαι
316 655 391 719 δὲ,
426 657 519 709 καὶ
556 658 746 727 μόνην,
794 659 862 711 τὰ
902 658 1064 729 μέχρι
1101 663 1195 714 καὶ
1238 662 1332 716 νῦν
1391 668 1503 726 τοῖς
1546 664 1698 736 ὑδρι-

157 750 293 809 σταῖς
328 747 715 818 ἁπειλούμενα.

1807 578 1978 642 ipsum
2015 573 2393 628 Alexandrinis
2423 570 2642 635 accidit,
2680 570 2770 639 qui
2792 608 2807 634 ,
2845 579 2902 622 ut
2932 570 2983 623 in
3014 584 3107 624 eos
3131 611 3147 637 ,
3186 585 3215 623 a
3249 571 3370 640 qui-

1805 667 1908 719 bus
1940 663 2324 718 contumeliam
2354 671 2724 730 acceperunt,
2751 661 3086 714 acerbissimi
3127 675 3247 716 esse
3276 676 3368 716 so—

1804 754 1951 816 leut,
1991 754 2354 823 importunam
2393 750 2628 806 hominis
2673 750 2955 803 audaciam
2982 749 3367 818 indignissimis

154 840 334 894 animis
361 839 619 905 ferentes,
676 853 786 896 tum
816 858 957 899 novo
987 845 1245 901 dedecore
1282 857 1510 903 mortem
1572 851 1859 902 notandam
1925 858 2090 916 atque
2137 845 2502 900 infamandam
2536 826 2831 898 duxerunt.
2893 840 3063 896 hotus
3090 851 3176 896 est
3214 842 3370 894 vobis

155 931 375 985 camelus
399 932 505 997 ille,
538 942 696 1003 atque
718 935 925 991 insueta
955 937 1263 1003 sarcina,et
1289 954 1424 993 nova
1449 940 1691 1007 altitudo,
1733 942 2009 1010 primaque
2036 938 2146 1003 illa,
2179 954 2268 1004 ac,
2326 938 2429 992 nisi
2462 952 2547 992 me
2566 936 2751 1007 opinio
2776 934 2933 1002 fallit,
2993 933 3106 989 sola
3136 932 3381 989 circum-‘

153 1025 340 1089 ductio,
371 1040 488 1091 quae
517 1025 807 1079 etiamnum
830 1029 1230 1084 contumeliosis
1256 1031 1562 1085 hominibus
1585 1020 1865 1086 minaciter
1891 1030 2257 1085 denuntiatur.

212 1119 332 1171 KZ'.
386 1117 535 1169 Ἐπεὶ
581 1117 635 1170 δὲ
677 1120 705 1172 6
751 1118 931 1187 τυφὼν
962 1121 1072 1190 (71)
1116 1123 1213 1193 τῆς
1253 1123 1482 1188 ἀδικίας,
1530 1125 1558 1176 6
1605 1125 1703 1194 τῆς

151 1208 417 1273 εὐσεϐείας
438 1209 687 1281 φθορεὺς,
711 1211 738 1262 6
762 1210 854 1264 τοῦ
881 1208 1116 1283 πονηροῦ
1146 1214 1465 1285 πρόδρομος,
1500 1214 1703 1285 ταύτην

151 1301 521 1372 εἰσπράττεται
554 1302 650 1371 τὴν
683 1301 858 1372 δίκην,
898 1304 1020 1372 ἐμοὶ
1050 1304 1145 1373 μὲν
1170 1305 1269 1357 οὐκ
1303 1306 1590 1377 ἐπαινετὴν
1620 1306 1700 1374 (οὐ

151 1394 248 1463 γὰρ
278 1393 314 1446 ὃ.
354 1392 542 1446 παθεῖν
569 1395 773 1445 ἐκεῖνον
800 1394 984 1465 ὲχρῆν,
1017 1395 1130 1448 ἀλλ’
1154 1395 1189 1449 ἃ
1220 1398 1330 1466 (72)
1358 1401 1527 1450 ποιεῖν
1556 1399 1703 1468 ἡμᾶς

150 1486 246 1538 ἔδει
277 1484 539 1551 σκοπεῖν),
572 1483 958 1553 εἰσπράττεται
996 1484 1041 1538 δ’
1076 1481 1187 1551 οὖν,
1223 1487 1391 1557 ὀργῆς
1420 1487 1702 1557 πανδήμου

152 1578 234 1629 καὶ
277 1578 449 1646 φορᾶς
495 1575 651 1645 ἔργον
677 1575 788 1645 (75)
830 1575 1153 1646 γενόμενος’
1203 1579 1449 1630 ἐπάνεισι
1494 1578 1591 1647 μὲν
1639 1579 1704 1630 ἐκ

148 1669 237 1737 τῆς
266 1667 437 1736 καλῆς
464 1667 728 1738 ἐκδημίας
750 1670 778 1721 6
801 1668 1036 1738 ἀθλητὴς
1088 1667 1250 1732 (οὕτω
1284 1668 1391 1740 γὰρ
1419 1668 1529 1737 ἐγὼ
1557 1669 1707 1723 καλῶ

1878 1121 2092 1177 XXVII.
2125 1121 2484 1188 Posteaquam
2531 1130 2709 1173 autem
2746 1118 2836 1172 ille
2871 1115 3143 1184 iniustitia:
3180 1117 3368 1184 turbo,

1808 1216 1896 1270 illa
1945 1214 2159 1283 pietatis
2204 1212 2354 1266 labes
2401 1220 2457 1265 et
2497 1209 2839 1277 corruptela,
2902 1208 2992 1263 ille
3033 1208 3182 1276 pravi
3228 1208 3372 1262 illius

1809 1319 2129 1374 praecursor,
2168 1301 2471 1370 luijusmodi
2502 1300 2765 1370 supplicio
2797 1299 3090 1354 mulctatus
3117 1308 3221 1364 est,
3250 1312 3373 1353 meo

1807 1397 2023 1465 quidem
2057 1395 2294 1466 judicio,
2325 1393 2469 1448 haud
2526 1402 2677 1447 recte
2726 1393 2851 1461 (nec
2895 1391 3039 1446 enim
3076 1391 3201 1460 quid
3249 1406 3371 1445 eum

1810 1489 1940 1556 pati,
1969 1488 2062 1543 sed
2091 1488 2218 1557 quid
2238 1501 2335 1541 nos
2358 1485 2536 1540 facere
2561 1485 2809 1549 decebat,
2841 1485 3188 1554 spectandum
3213 1483 3370 1551 fuit),

1811 1580 1905 1633 sed
1934 1580 2225 1633 mulctatus
2250 1588 2333 1632 est
2358 1587 2535 1632 tamen
2558 1616 2576 1641 ,
2611 1577 2878 1647 totiusque
2904 1574 3083 1644 populi
3117 1574 3371 1642 impetum

1814 1682 1979 1739 atque
2026 1670 2358 1725 iracundiam
2406 1668 2609 1733 subiit;
2650 1677 2764 1721 tum
2795 1667 3008 1736 quidem
3060 1665 3254 1719 nobilis
3287 1665 3376 1719 ille

149 1756 236 1826 τὴν
268 1756 478 1809 ἐκείνου
511 1755 598 1808 διὰ
629 1754 726 1827 τὴν
781 1757 987 1826 Τριάδα
1030 1758 1124 1810 καὶ
1172 1758 1308 1828 μετὰ
1342 1759 1441 1826 τῆς
1482 1758 1708 1829 Τριὰδος

1836 1765 2011 1819 ιιιιΙεω
2047 1779 2113 1818 ex
2142 1762 2400 1833 praeclara
2440 1760 2878 1834 peregrinatione
2916 1757 3017 1830 (sic
3037 1758 3178 1811 enim
3209 1757 3377 1826 ipsius

149 1846 365 1917 φυγὴν),
418 1846 558 1899 οὕτω
604 1846 659 1899 δὲ
714 1846 971 1917 ἁσμένοις
1007 1849 1337 1919 προσπίπτει
1371 1849 1480 1918 (74)
1508 1853 1620 1913 τοῖς
1652 1850 1711 1901 ὲν

150 1940 210 2007 τῇ
237 1937 411 2000 πόλει,
441 1938 532 1989 καὶ
569 1936 766 2008 μικροῦ
795 1941 862 2008 τῇ
890 1938 1148 2009 Αίγύπτῳ
1178 1940 1348 2012 πάσῃ,
1383 1942 1476 1993 καὶ
1505 1959 1709 1995 παντα-

148 2027 297 2097 χόθεν
333 2030 413 2092 είς
450 2028 618 2081 ταυτδ
666 2028 1066 2103 συνδραμούσῃ,
1107 2031 1199 2083 καὶ
1233 2031 1326 2084 ἀπ’
1359 2032 1530 2103 ἄκρου
1577 2050 1712 2086 παν-

148 2118 389 2189 τὸς(75),
426 2119 490 2171 ἵν’
536 2120 584 2171 οἱ
636 2119 733 2190 μὲν
769 2119 954 2190 φωνῆς
996 2120 1311 2174 Ἀθανασίου
1350 2122 1536 2192 μόνης,
1573 2123 1623 2174 οἱ
1655 2122 1713 2174 δὲ

145 2207 234 2259 τοῦ
264 2207 437 2270 εἴδους
478 2208 883 2279 ἐμφορηθῶσιν,
911 2211 959 2261 oi
991 2210 1069 2272 δὲ,
1099 2209 1127 2263 ὂ
1167 2210 1296 2281 περὶ
1329 2210 1438 2264 τῶν
1480 2212 1712 2264 ἀποστόυ

148 2297 249 2351 λων
279 2297 617 2367 ἠκούσαμεν,
648 2302 713 2369 τῇ
759 2301 886 2370 σκιᾷ
916 2298 1046 2368 γοῦν
1095 2300 1395 2369 ἁγιασθῶσι
1430 2302 1587 2373 μόνῃ,
1621 2303 1715 2354 καὶ

146 2387 219 2457 τῷ
252 2388 395 2459 κενῷ
418 2388 527 2458 (76)
556 2390 711 2459 τύπῳ
742 2390 835 2442 τοῦ
864 2390 1113 2461 σώματος
1133 2410 1145 2423 ο
1180 2392 1319 2445 ὥστε
1351 2392 1558 2446 πολλῶν
1590 2394 1716 2446 πολ-

148 2479 299 2542 λάκις
347 2480 442 2533 καὶ
472 2480 685 2545 πολλοῖς
719 2483 820 2552 ἤδη
865 2482 1244 2553 γεγενημένων
1293 2486 1357 2535 ὲκ
1386 2484 1479 2536 τοῦ
1518 2484 1716 2547 παντὸς

148 2573 338 2642 χρόνου
361 2570 535 2642 τιμῶν
562 2589 623 2625 τε
652 2574 744 2625 καὶ
769 2574 1141 2648 ύπαντήσεων,
1171 2574 1269 2625 οὐκ
1300 2574 1527 2645 ἄρχουσι
1558 2576 1719 2645 μόνον

145 2662 423 2732 δημοσίοις
461 2663 553 2715 καὶ
600 2662 853 2734 ἱερεῦσιν,
885 2663 1017 2716 ἀλλὰ
1064 2665 1158 2717 καὶ
1204 2665 1311 2717 τῶν
1357 2666 1573 2720 οἰκείων
1603 2669 1718 2729 τοῖς

146 2753 614 2819 ἐπιφανεστάτοις,
666 2753 802 2824 μηδὲ
852 2753 981 2824 μίαν
1026 2754 1231 2824 ταύτης
1284 2757 1721 2825 μνημονεύεσθαι

147 2842 713 2916 πολυανθρωποτέραν
764 2844 858 2897 καὶ
905 2844 1313 2916 λαμπροτέραν.
1365 2848 1460 2899 Ἓν
1493 2848 1548 2901 δὲ
1583 2842 1723 2902 εἶναι

144 2932 322 3005 ταύτῃ
374 2935 533 3003 μόνον
586 2933 955 3004 παραϐάλλειν
1014 2934 1176 2986 αὑτὸν
1238 2934 1573 3001 Ἀθανάσιον,
1630 2939 1724 2991 καὶ

142 3021 239 3091 τὴν
269 3022 425 3092 αὐτῷ
464 3022 733 3093 προτέραν
759 3023 866 3093 (77)
895 3021 1239 3075 συντεθεῖσαν
1273 3023 1365 3075 ἐπὶ
1392 3027 1457 3095 τῇ
1482 3026 1722 3097 προτέρᾳ

1814 1858 1987 1925 fugam
2033 1871 2127 1924 pro
2175 1856 2444 1909 Trinitate
2501 1864 2557 1907 et
2601 1869 2722 1907 cum
2768 1851 3034 1905 Triuitate
3076 1859 3376 1917 susceptam

1812 1948 2041 2018 appello)
2083 1949 2136 2002 in
2182 1949 2368 2002 urbem
2398 1947 2573 2012 redit,
2603 1956 2765 2013 atque
2798 1944 2870 1997 ita
2912 1943 3059 1996 laetos
3088 1950 3142 1995 et
3173 1940 3379 1995 alacres

1817 2044 1961 2095 cives
2000 2039 2253 2102 oII‘endit,
2291 2039 2398 2093 imo
2446 2040 2611 2093 etiam
2646 2037 2955 2090 universam
3004 2050 3167 2103 prope
3214 2031 3380 2103 IEgy-

1815 2141 1960 2200 ptuui
2023 2130 2408 2199 undequaque,
2467 2138 2524 2183 et
2559 2129 2624 2182 ab
2652 2128 2913 2182 extremis
2956 2125 3119 2177 totius
3163 2122 3381 2193 Egypti

1817 2222 2035 2286 liuihus,
2069 2221 2122 2274 iu
2153 2236 2315 2274 unum
2354 2230 2805 2283 concurrentem,
2834 2228 2892 2272 ut
2925 2217 3015 2270 alii
3052 2215 3166 2271 sola
3208 2216 3380 2268 Atha-

1818 2314 1955 2367 nasii
1986 2328 2138 2377 voce,
2172 2312 2261 2364 alii
2294 2311 2463 2365 lorma
2486 2319 2549 2363 et
2580 2320 2799 2379 aspectu
2835 2316 3224 2369 saturarcntur,
3254 2305 3380 2367 alii,

1817 2404 1957 2471 quod
1980 2404 2044 2456 tle
2057 2402 2311 2470 apostolis
2324 2400 2665 2471 praedicatur,
2678 2414 2744 2453 ex
2769 2399 2954 2450 umbra
2969 2397 3159 2450 saltem
3180 2396 3296 2463 ipsa
3310 2395 3380 2459 ⁷⁸,

1818 2505 1872 2548 et.
1904 2509 2040 2547 vana
2079 2492 2325 2561 corporis
2366 2491 2535 2561 ﬁgura
2580 2488 2921 2543 sanctitatem
2975 2485 3382 2546 contraherent,

1822 2592 1901 2647 ut,
1937 2598 2058 2636 cum
2096 2581 2406 2649 multisjam
2440 2592 2813 2648 szepeuumero
2843 2592 2908 2631 ex
2939 2575 3084 2629 omni
3110 2575 3384 2628 hominum

1820 2673 2077 2727 metuoria
2114 2672 2349 2725 honores
2382 2670 2550 2723 habiti
2575 2670 2705 2734 sint,
2740 2668 2922 2721 multis
2964 2666 3128 2719 etiam
3172 2665 3384 2719 obviam

1822 2764 2089 2832 proditum
2118 2764 2209 2825 sit,
2240 2762 2397 2830 idque
2419 2778 2521 2814 nun
2548 2758 2819 2829 praefectis
2849 2766 3056 2812 tantum
3082 2756 3309 2824 publicis
3329 2763 3389 2808 et

1821 2852 2112 2921 episcopis,
2141 2852 2234 2904 sed
2266 2848 2611 2902 fautiliarium
2643 2860 2859 2917 quoque
2893 2843 3240 2915 amplissimis
3269 2842 3389 2911 qui-

1823 2942 2030 3010 busque
2074 2953 2129 3001 et
2154 2941 2495 3004 clarissimis,
2544 2940 2721 2993 nullus
2764 2948 2939 2992 tamen
2979 2950 3239 2990 occursus
3283 2934 3389 2988 fre-

1825 3031 2041 3098 quentia
2071 3041 2126 3085 et
2159 3031 2443 3099 splendore
2478 3028 2652 3097 major
2697 3042 2930 3095 unquam
2976 3026 3142 3079 fuisse
3183 3038 3390 3077 memo-

143 3111 355 3182 ταύτης
387 3114 575 3183 εἰσόδῳ
624 3089 811 3184 τιμὴν,
848 3089 1021 3184 ⁷ἠνίκσι
1057 3114 1120 3165 ὲκ
1159 3113 1254 3184 τῆς
1289 3089 1458 3185 αὐτῆς
1504 3089 1599 3168 καὶ

1836 3132 1995 3176 retur.
2028 3122 2178 3177 Unus
2201 3123 2466 3176 duntaxat
2500 3122 2673 3174 honor
2698 3121 2827 3174 huic
2857 3116 3157 3188 compara-ri
3194 3123 3388 3184 potest,

141 3206 254 3267 τοίς
296 3205 485 3267 αὐτοῖς
515 3206 740 3276 ἐπανῄει
775 3203 969 3273 φυγῆς.

1829 3212 1916 3267 ille
1941 3214 2179 3278 scilicet,
2207 3226 2313 3281 quo
2352 3212 2683 3265 Athanasius
2719 3213 2833 3280 ipse
2863 3210 2929 3262 ad
2972 3209 3209 3278 priorem
3242 3205 3390 3258 urbis

144 3297 456 3365 ingressum
504 3310 725 3353 ornatus
770 3297 932 3370 404
973 3299 1181 3367 fuerat,
1227 3316 1348 3355 cum
1399 3316 1463 3355 ex
1521 3286 1706 3356 eadem
1746 3303 1891 3375 fuga,
1945 3307 2242 3377 iisdemque
2280 3308 2346 3362 de
2397 3304 2580 3359 causis
2630 3304 2788 3367 inita,
2829 3299 3210 3355 Alexandriam
3241 3309 3397 3363 repe~

144 3400 193 3442 te
203 3400 305 3441 ret.

213 3477 361 3531 κη’.
394 3478 622 3548 Φέρεται
655 3478 750 3531 καὶ
784 3477 1021 3541 τοιοῦτός
1059 3497 1141 3544 τις
1170 3482 1255 3533 ἐπ’
1283 3481 1466 3551 ἐκείνῃ
1498 3483 1562 3551 τῇ
1592 3484 1722 3552 τιμῇ
1795 3529 1805 3536 .

140 3570 339 3637 λόγος·
379 3566 618 3636 λεγέσθω
646 3567 774 3639 γὰρ,
807 3570 854 3621 εί
881 3570 974 3621 καὶ
998 3569 1395 3639 περιττότερος,
1422 3565 1531 3620 οἷον
1590 3568 1717 3637 ἥδυ-

143 3663 263 3732 σμά
292 3678 351 3713 τι
383 3659 461 3728 τῷ
489 3658 650 3730 λόγῳ,
688 3660 782 3712 καὶ
813 3658 971 3723 ἄνθος
1005 3659 1225 3713 είσόδιον
1248 3660 1383 3729 (78).
1427 3658 1726 3729 Είσήλαυνέ

138 3772 227 3815 τις
261 3754 380 3806 τῶν
426 3753 769 3824 δισυπάρχων
794 3751 904 3821 (79)
953 3754 1069 3821 μετ’
1108 3752 1322 3822 ἐκείνην
1358 3752 1457 3821 τὴν
1496 3751 1721 3804 εἴσοδον.

153 3845 465 3915 Ἦμέτερος
490 3840 640 3907 οὗτος
656 3840 722 3915 ἦν
740 3858 755 3870 ⁸
780 3843 1148 3913 Καππαδόκης
1169 3842 1297 3915 γὰρ,
1318 3841 1532 3897 καὶτῶν
1562 3842 1722 3896 πάνυ.

142 3938 252 3989 Τὸν
283 3936 576 4007 Φιλάγριον
604 3937 812 3988 ἐκεῖνον
842 3931 936 3988 οἷδ’
989 3936 1068 3987 ὃτι
1110 3935 1313 3998 πάντες
1345 3934 1591 3987 ἀκούετε.
1617 3935 1727 3987 Kai.

142 4030 204 4080 τὸ
240 4029 494 4098 φίλτρον,
534 4022 643 4079 οἷον
691 4028 790 4079 οὐκ
837 4026 984 4088 ἄλλο,
1038 4027 1128 4077 καὶ
1174 4027 1302 4095 περὶ
1342 4025 1519 4088 ἄλλον,
1568 4025 1726 4096 καὶὴ

141 4120 286 4191 τιμὴ
327 4119 470 4172 κατὰ
499 4119 559 4171 τὸ
587 4118 826 4188 φίλτρον,
875 4118 962 4169 ἴνα
1002 4114 1181 4187 μικρῷ
1214 4114 1355 4185 λόγῳ
1396 4116 1730 4186 παραστήσω

137 4212 204 4262 τὸ
242 4212 365 4264 πᾶν
396 4208 713 4280 γνώρισμα·
743 4202 787 4275 ᾧ
830 4207 939 4278 (80)
988 4208 1080 4260 καὶ
1113 4209 1145 4278 ή
1186 4207 1349 4277 ἀρχὴ,
1379 4205 1641 4275 πρεσϐεία
1670 4222 1730 4257 τε

139 4303 247 4371 τῆς
287 4300 523 4363 πόλεως,
559 4300 652 4352 καὶ
695 4298 861 4369 ψήφῳ
895 4298 988 4351 τοῦ
1039 4297 1323 4367 βασιλέως,
1364 4293 1519 4358 αὖθις
1548 4297 1728 4366 ἐγχει-

140 4393 434 4464 ρισθεῖσα.
466 4390 681 4444 Τούτων
715 4385 807 4443 οὖν
841 4407 959 4442 τινα
992 4389 1085 4442 τοῦ
1119 4389 1292 4460 δήμου
1311 4388 1443 4459 (81),
1482 4381 1527 4455 ᾧ
1556 4388 1725 4455 (potvi-

214 4486 267 4515 ⁷²
300 4484 431 4537 Act.
466 4498 518 4547 ν,
557 4482 643 4537 15.

1904 3481 2143 3537 XXVIII.
2187 3482 2324 3549 Quin
2366 3492 2421 3536 et
2469 3482 2536 3536 de
2568 3482 2771 3536 honore
2801 3478 2888 3532 illo
2920 3474 3220 3543 huiusmodi
3248 3472 3395 3540 quis-

1832 3575 1975 3644 piam
2030 3589 2209 3629 sermo
2235 3575 2618 3627 circumfertur
2656 3590 2668 3624 :
2714 3571 2885 3624 dicam
2923 3571 3098 3630 enim,
3138 3578 3395 3632 superva-

1832 3680 2032 3719 cuneus
2063 3664 2187 3718 licet
2233 3664 2401 3718 videri
2438 3661 2643 3730 possit,
2676 3675 2739 3714 ac
2774 3658 2917 3711 velut
2952 3655 3391 3715 condimentum,

1831 3755 2292 3820 adventitiumque
2350 3754 2537 3807 ﬂorem
2600 3748 2833 3804 orationi
2902 3746 3207 3815 adiungam.
3265 3739 3394 3795 Post.

1833 3844 1976 3898 illius
2017 3845 2302 3898 adventum
2338 3844 2557 3911 quidam
2606 3843 2659 3895 in
2690 3839 2875 3893 urbem
2916 3837 3229 3899 vehebatur,
3264 3832 3396 3885 alte-

1834 3951 1947 3989 ram
1990 3934 2101 4003 jam
2154 3936 2531 4004 praefecturam
2586 3946 2821 4002 gerens:
2877 3938 3062 3982 uoster
3121 3925 3207 3979 hic
3257 3932 3392 3985 erat,

1831 4028 2027 4096 quippe
2064 4026 2351 4095 Cappadox
2378 4065 2394 4090 ,
2445 4026 2527 4079 vir
2571 4022 2841 4092 imprimis
2878 4020 3091 4084 clarus;
3133 4030 3232 4071 nec
3265 4013 3396 4068 mihi

1839 4118 2054 4172 dubium
2096 4127 2201 4183 est,
2230 4120 2358 4187 quin
2405 4116 2740 4185 Philagrium
2774 4113 2920 4166 illum
2953 4126 2982 4163 a
3016 4123 3100 4162 me
3133 4105 3396 4159 nominari

1852 4209 2119 4262 sentiatis.
2142 4208 2213 4261 Ea
2234 4222 2393 4277 porro
2417 4208 2612 4262 civium
2635 4218 2761 4273 erga
2787 4204 2931 4255 illum
2952 4198 3148 4252 amoris
3160 4194 3400 4258 flamma,

1836 4308 1895 4352 ut
1924 4314 2022 4354 nec
2051 4300 2158 4353 ulla
2190 4301 2291 4353 alia
2317 4315 2433 4368 par,
2467 4314 2564 4352 nec
2590 4314 2715 4365 erga
2747 4296 2949 4359 alium,
2992 4292 3164 4345 honor
3193 4298 3398 4349 autem,

1838 4398 1896 4442 ut
1925 4405 2035 4443 rem
2070 4400 2230 4443 totam
2261 4389 2446 4459 paucis
2474 4387 2651 4441 verbis
2679 4383 3025 4453 complectar,
3054 4378 3253 4432 amoris
3287 4389 3400 4427 tua-

215 4578 350 4639 (70)
380 4577 545 4629 Ἵστε
572 4575 685 4643 τὴν
711 4575 1004 4644 κάμηλον,
1034 4585 1138 4631 etc.
1164 4575 1412 4643 lntelligit
1436 4574 1723 4644 Gregorius

1836 4581 2073 4644 necatus.
2110 4589 2128 4621 ι

144 4666 163 4698 ι
200 4646 539 4712 Georgium,
578 4665 596 4697 ι
636 4662 796 4715 quem
828 4646 1196 4715 Alexandrini,
1234 4657 1441 4698 mortuo
1469 4645 1727 4698 Constan-

139 4722 247 4780 tio,
294 4714 675 4770 crudelissima
714 4726 887 4768 morte
912 4714 1224 4777 aﬂecertttit,
1256 4730 1319 4767 ac
1349 4714 1539 4769 deinde
1562 4730 1732 4767 meru-

137 4787 367 4839 bratim
401 4785 692 4838 dissectum
733 4785 940 4839 camelo
999 4786 1388 4853 imposuerunt,
1437 4793 1597 4854 atque
1641 4796 1736 4853 per

138 4867 337 4908 totam
366 4855 550 4908 urbem
575 4857 1075 4908 circumduxerunt.

217 4925 359 4988 (71)
391 4924 443 4974 '0
487 4923 709 4992 τυφών.
746 4923 928 4978 Schol.
966 4944 976 4977 :
1023 4923 1083 4975 '0
1121 4922 1289 4993 μέγας
1328 4922 1525 4993 ἄνεμος
1587 4920 1735 4989 λέγει

134 4995 463 5066 Γεὼργιον·
499 5013 517 5066 ι
560 4995 776 5066 Validus
808 5004 1031 5066 ventus;
1078 4993 1368 5066 Georgium
1395 4994 1729 5066 designat.)

132 5060 309 5126 Mux',
337 5060 417 5115 οὐ
458 5063 632 5133 γὰρ...
666 5063 779 5116 ἀλλ’
804 5063 840 5116 ἃ
866 5060 1243 5133 ποιεῖν-ημᾶς,
1266 5072 1371 5115 etc.
1395 5060 1619 5116 Videtur
1654 5061 1741 5115 hic

132 5134 472 5203 Gregorius
503 5134 806 5197 admitlere,
847 5133 1131 5201 Georgium
1166 5150 1192 5183 a
1228 5133 1550 5186 Christianis
1579 5148 1741 5203 neca-

136 5202 506 5258 tum’l'uisse.
543 5205 811 5264 Attamen,
852 5203 1003 5269 juxta
1042 5203 1276 5265 Socrat.,
1311 5202 1345 5258 l.
1383 5217 1464 5263 Ill,
1493 5217 1546 5255 c.
1593 5202 1649 5264 5,
1684 5215 1740 5258 et

136 5274 479 5335 Sozom.,l.
518 5288 565 5337 ν,
599 5288 649 5326 c.
676 5273 725 5326 7.
753 5273 1016 5338 Julianus,
1041 5273 1093 5325 in
1124 5273 1290 5339 Epist.
1315 5276 1378 5323 ad
1424 5272 1741 5325 Alexandri-

136 5360 288 5406 nos,
326 5342 380 5394 id
417 5343 710 5411 contigisse
754 5352 1003 5406 testatur,
1044 5359 1063 5392 ι
1115 5344 1184 5398 ob
1214 5342 1439 5410 spoliata
1476 5342 1739 5396 idolorum

136 5412 399 5478 templa,
440 5430 457 5462 ι
487 5426 591 5465 etc.

221 5482 364 5552 (72)
411 5482 572 5552 Ἀλλῖ
602 5480 659 5535 ἄ.
693 5481 989 5552 Legebatur
1020 5481 1069 5533 in
1098 5480 1285 5552 editis,
1301 5480 1456 5552 ἀλλὰ.
1479 5480 1635 5534 Eutr.

220 5550 365 5621 (7⁵)
409 5550 620 5621 Ὀργῆς
644 5550 957 5619 πανδήμου
985 5552 1082 5603 καὶ
1134 5550 1319 5619 φορᾶς
1353 5551 1546 5618 ἔργον.
1586 5569 1604 5601 ι
1626 5550 1745 5621 Fu-

137 5620 298 5677 rore
334 5624 501 5674 totius
534 5622 708 5689 populi
746 5632 907 5691 atque
933 5620 1131 5691 impetu
1171 5623 1381 5691 occisus
1415 5632 1516 5691 est.
1549 5640 1567 5671 ι
1616 5620 1742 5675 Hmc

128 5706 235 5748 est
266 5691 429 5761 enim
462 5692 543 5761 vis
570 5691 726 5761 hujus
759 5690 1117 5761 fucisépyov.
1169 5690 1211 5761 ἸῘ
1217 5690 1375 5743 ritum
1411 5690 1553 5743 enim
1603 5700 1685 5743 est
1725 5706 1740 5740 :

129 5764 342 5835 ἔργον
376 5759 557 5830 λιμοῦ,
599 5758 805 5831 λοιμοῦ,
848 5758 1100 5831 πόλεμον.
1139 5777 1157 5811 ι
1193 5759 1349 5825 fame.
1382 5770 1550 5829 peste,
1606 5761 1742 5815 bellu

1910 4641 2018 4711 (74)
2055 4638 2363 4711 Ἀσμένοις
2393 4638 2769 4711 προσπίπτει.
2820 4635 2911 4711 Sic
2946 4633 3180 4711 quinque
3204 4626 3397 4693 Regg.,

1839 4700 2121 4767 Ρειῖ·..ἐιρ.
2158 4700 2214 4762 In
2243 4700 2355 4774 ed.,
2394 4700 2641 4778 ἁσμένως
2660 4706 3006 4777 προσπίπτει.
3031 4704 3124 4754 Οι·.
3162 4700 3213 4761 1,
3244 4712 3405 4766 προσ-

1840 4783 2047 4834 πίπτοι.

1913 4851 2023 4920 (75)
2055 4850 2163 4901 Καὶ
2184 4848 2294 4920 ,ἀπ’
2320 4847 2512 4920 ἄκρου
2557 4847 2803 4911 παντός.
2831 4843 3018 4897 Billius
3048 4858 3061 4893 :
3093 4858 3111 4889 ι
3143 4848 3299 4908 atque
3334 4835 3403 4889 ab

1843 4918 2001 4975 editis
2029 4918 2281 4973 omnibus
2318 4919 2467 4971 locis.
2502 4937 2521 4967 ι

1918 4990 2028 5055 (76)
2054 4985 2235 5051 Κενῷ.
2267 4988 2358 5040 Sic
2394 4988 2525 5053 Reg.
2554 5004 2603 5037 a.
2628 4983 2685 5038 In
2716 4984 2821 5047 ed.,
2846 4980 3033 5055 καινῷ,
3072 4997 3102 5055 _r_
3135 4991 3289 5055 nova.
3312 4995 3346 5055 ,ξ

1914 5044 2026 5129 (77)
2056 5044 2372 5125 Προτέραγ.
2403 5044 2523 5129 Duo
2545 5044 3042 5129 licgg.,_7:p6'cspo'v.
3070 5044 3405 5129 I’ritnusrill‘e

1844 5116 2119 5184 Athanasii
2158 5130 2206 5181 in
2234 5116 2432 5180 'urbcm
2463 5116 2842 5179 Alexandriam
2892 5116 3169 5193 adventus,
3202 5116 3400 5193 isnluit,

1843 5218 1963 5255 cum
1996 5199 2261 5252 exstincto
2289 5213 2481 5265 magno
2497 5195 2913 5257 Cunstautino,a
2935 5207 3040 5260 quo
3070 5188 3123 5240 iu
3151 5185 3400 5240 exsilium

1847 5272 2044 5323 missus
2080 5268 2278 5330 fuerat,
2318 5267 2491 5317 rediit.
3016 5327 3025 5330 Α
3098 5325 3112 5330 _
3372 5320 3399 5330 μ

1918 5320 2574 5409 (787)⁷Ϋ”Αγθοςέὶσόδιον.
2605 5334 2720 5388 Mos
2754 5339 2893 5395 erat,
2930 5338 2987 5382 ut
3016 5327 3066 5381 iu
3098 5320 3401 5391 hUjllSlDUtIi

1851 5408 2001 5463 festis
2020 5408 2179 5462 ﬂores
2208 5417 2569 5474 spargerent._
2700 5473 2704 5474 ν
2789 5470 2804 5474 Α
2963 5467 2973 5474 _
3213 5463 3223 5474 .

1919 5479 2029 5549 (79)
2073 5467 2486 5545 Δισυέιάρχων.
2539 5472 2630 5529 0r.
2689 5473 2741 5537 I,
2783 5467 3111 5535 δισυπάτων,
3149 5482 3167 5516 ι
3212 5467 3405 5518 iterum

1856 5550 2068 5604 consul.
2101 5566 2120 5599 ι

1920 5620 2029 5688 (80)
2056 5614 2150 5688 τῼ.
2182 5617 2238 5670 In
2273 5613 2561 5679 nonnullis,
2583 5606 2665 5688 οῦ.

1916 5678 2023 5761 (SI)
2068 5678 2284 5759 Δήμου.
2316 5689 2445 5755 Iieg.
2487 5678 2557 5755 ph
2582 5684 2750 5753 addit,
2785 5678 3053 5752 ἐπειδὴοὶ.
