3914 6404
180 301 294 356 ΗΠ

1059 297 1316 355 ORATIO
1351 298 1488 354 1m.
1530 309 1598 338 -—
1638 297 1704 352 'IN
1746 295 2028 352 unum
2065 266 2450 348 Ατιιιιιιειι.

3228 294 3366 348 1H8

175 417 253 472 καὶ
277 412 520 485 στρώσεις
549 413 777 485 ἱματίων
797 415 1111 469 πλυανοῶν
1136 418 1230 470 καὶ
1255 393 1703 488 ποικίλωνδπροῤ-

1817 413 2044 477 scendit;
2069 411 2181 464 sive
2197 409 2325 479 quid
2370 408 2517 463 aliud
2563 407 2838 477 Scriptura
2879 406 3181 478 significare
3212 408 3361 463 velit.

177 503 516 579 ῥιπτουμένων
543 521 602 556 τε
631 505 724 557 καὶ
751 505 1304 577 ύποῤῥιπτουμὲνωνο
1335 507 1568 561 ἐνταῦθα
1606 507 1704 577 μό-

176 617 248 652 νον
268 596 644 667 ἀτιμασθέντος
675 595 768 648 τοῦ
799 596 1003 666 ὑψηλοῦ
1035 599 1130 650 καὶ
1161 597 1502 661 πολυτελοῦς,
1532 600 1624 650 καὶ
1647 597 1709 650 τὸ

179 691 272 741 ίσον
295 686 363 756 μὴ
385 685 614 754 ἔχοντος.
640 685 816 740 Εἰκὼν
839 687 931 739 καὶ
960 685 1098 756 αὕτη
1126 687 1226 756 τῆς
1257 689 1546 759 ἐπιδημίας
1576 689 1708 758 Χρι-

178 779 302 842 στοῦ,
329 778 418 830 καὶ
447 779 494 830 oi
529 777 885 849 προϐοῶντες,
920 779 1015 832 καὶ
1042 781 1090 832 οἱ
1116 779 1224 850 (96)
1245 779 1665 851 προχορεύοντες
1688 793 1704 809 ⁸

176 870 293 939 πλὴν
321 869 436 921 ὅσον
466 869 528 920 οὐ
559 869 763 921 παίδων
806 869 991 939 ὅμιλος
1022 869 1180 940 μόνον
1211 869 1271 923 τὸ
1299 870 1578 941 εὐφημοῦν
1616 867 1705 941 ἦν,

176 961 289 1016 ἀλλὰ
328 961 418 1012 καὶ
465 962 615 1014 πᾶσα
662 961 884 1027 γλῶσσα
931 961 1218 1033 σύμφωνος
1269 963 1362 1016 καὶ
1412 962 1706 1025 ἀντίθεοι-ος,

176 1053 308 1122 νικᾷν
343 1048 598 1120 ἀλλήλους
647 1051 1035 1119 ἐπειγομένων.
1085 1053 1188 1105 Ἐὦ
1215 1053 1323 1123 γὰρ
1365 1053 1545 1122 λέγειν
1577 1053 1706 1124 κρό-

175 1159 280 1204 τους
306 1139 632 1209 πανδήμους,
663 1141 758 1192 καὶ
799 1139 984 1210 μύρων
1023 1139 1294 1210 ἐκχύσεις,
1328 1142 1422 1194 καὶ
1453 1140 1710 1210 παννυχί-

174 1235 270 1297 δας,
298 1231 385 1285 καὶ
417 1233 594 1283 πᾶσαν
633 1231 772 1300 φωτὶ
807 1231 1364 1302 καταστραπτομένην
1404 1231 1503 1302 τὴν
1533 1233 1706 1296 πόλιν,

176 1324 252 1377 καὶ
287 1319 543 1391 δημοσίας
581 1319 692 1391 (95)
723 1320 990 1383 ἑστιάσεις
1032 1319 1126 1374 καὶ
1165 1319 1407 1383 οίκιδίας,
1442 1319 1535 1373 καὶ
1566 1322 1710 1383 ὅσοις

176 1416 218 1468 αἱ
253 1413 426 1474 πόλεις
465 1410 529 1465 τὸ
570 1412 792 1483 φαιδρὸν
831 1412 1314 1482 ἐπισημαίνουσιν·
1339 1413 1374 1467 ἆ
1420 1414 1539 1466 τότε
1591 1415 1709 1484 μεθ’

177 1502 450 1575 ὑπερϐολῆς
469 1502 683 1572 ἐκείνῳ,
712 1503 806 1556 καὶ
828 1504 977 1574 παρὰ
1001 1505 1060 1556 τὸ
1088 1504 1233 1567 εἰκὸς
1255 1504 1706 1576 ἐχαρίζοντοιθῦ).

179 1594 309 1646 Οὕτω
352 1591 446 1662 τὴν
501 1592 695 1645 ἐαυτοῦ
741 1593 892 1647 πόλιν
939 1595 967 1646 ό
1017 1593 1315 1664 Θαυμάσιος
1349 1597 1574 1661 ἐκεῖνος,
1618 1597 1710 1650 καὶ

180 1682 295 1753 μετὰ
318 1682 566 1752 τοιαύτης
590 1681 995 1754 καταλαμϐάνει
1031 1683 1131 1752 τῆς
1163 1681 1537 1753 πανηγύρεως.

1807 503 1959 556 illum
1986 502 2147 556 etiam
2170 500 2328 564 rami,
2366 510 2420 554 et
2447 498 2592 552 varia
2621 499 2784 554 variis
2813 498 2954 568 picta
2979 497 3251 552 coloribus
3284 498 3366 552 in-

1807 598 2058 648 dumenta
2100 601 2225 645 ante
2253 605 2374 644 eum
2402 589 2636 658 projecta
2661 598 2714 644 et
2749 590 3022 644 substrata
3047 588 3363 657 excipiunt;

1810 688 1897 741 hic
1929 685 2100 740 solum
2129 693 2306 752 spreta
2334 684 2572 752 pretiosa
2598 682 2937 751 supellectili,
2975 697 3040 736 ac
3073 680 3227 749 cujus
3259 695 3369 734 ma-

1807 777 2126 848 gnificentia:
2157 776 2290 830 nihil
2322 790 2420 844 par
2454 784 2594 829 erat.
2615 774 2820 829 Christi
2851 789 3066 843 quoque
3101 773 3366 827 adventus

1809 870 1982 937 imago
2007 865 2178 928 fuere,
2216 875 2324 918 tum
2349 865 2440 934 qui
2469 864 2755 935 praeeundo
2773 863 3236 928 clamabant,tum
3275 862 3366 932 qui

1809 961 2037 1015 choreas
2065 958 2380 1027 agitabant;
2415 957 2517 1010 nisi
2543 956 2685 1025 quod
2721 971 2826 1010 non
2850 955 3069 1025 puerilis
3105 953 3370 1008 duntaxat

1811 1051 1964 1104 turba
1992 1049 2182 1104 l‘austis
2220 1048 2368 1102 illum
2397 1048 2880 1104 acclamationibus
2912 1047 3238 1117 excipiebat,
3270 1059 3367 1100 ve-

1810 1157 1929 1196 rum
1952 1141 2114 1195 etiam
2149 1141 2324 1195 omnis
2350 1139 2528 1209 lingua
2562 1155 2792 1195 concors
2832 1149 2887 1194 et
2927 1140 3234 1194 adversaria
3266 1141 3368 1194 ho-

1811 1233 2048 1296 Ininnm,
2101 1232 2190 1300 qni
2241 1245 2359 1286 sese
2411 1241 2594 1285 mutuo
2640 1246 2900 1299 superare
2953 1231 3365 1286 contendebant.

1809 1321 1942 1376 Nam
1970 1323 2210 1377 omittam
2235 1321 2476 1392 publicos
2502 1322 2737 1390 plausus,
2761 1326 2814 1375 e‘t
2837 1331 3222 1392 unguentorum
3245 1336 3370 1390 pro-

1812 1414 2074 1477 fusiones,
2115 1423 2167 1467 et
2195 1424 2486 1468 nocturnas
2517 1412 2866 1478 festivitates,
2898 1422 2953 1466 et
2990 1422 3154 1468 totam
3183 1413 3368 1466 urbem

1813 1505 2012 1559 lumine
2051 1515 2463 1568 coruscantem,
2498 1504 2706 1572 publica
2742 1505 2866 1558 item
2903 1513 2957 1558 et
3001 1504 3206 1572 privata
3239 1518 3372 1557 con-

1812 1598 1978 1658 vivia,
2011 1609 2312 1664 caeteraqne
2343 1610 2438 1664 per
2467 1611 2585 1664 quae
2612 1596 2770 1650 urbes
2803 1596 3002 1650 laetitia:
3029 1605 3191 1664 atque
3237 1595 3374 1648 hila‘

1817 1687 1999 1741 ritatis
2029 1695 2337 1757 argumenta
2363 1687 2558 1750 edunt,
2603 1701 2720 1755 qua:
2755 1697 2866 1740 tum
2910 1685 2984 1739 illi
3022 1685 3368 1754 amplissime,

183 1784 228 1828 et
249 1789 396 1836 supra
419 1788 582 1840 quam
621 1773 769 1827 credi
808 1783 992 1837 niteat,
1036 1773 1472 1829 conferebantur.
1501 1775 1592 1830 Sic
1622 1777 1701 1830 vir
1738 1777 1990 1845 eximius,
2055 1795 2118 1833 ac
2180 1794 2300 1832 cum
2329 1777 2418 1832 tali
2451 1793 2642 1848 pompa
2671 1788 2724 1833 et
2751 1777 3068 1834 celebritate
3094 1776 3366 1833 civitatem

178 1880 308 1920 suam
341 1865 650 1932 ingreditur.

236 1960 304 2012 A'.
329 1953 450 2029 Ἆρ’
481 1954 572 2012 οὖν
600 1958 729 2012 ἐϐίω
751 1959 858 2030 (97)
891 1960 1008 2029 μὲν,
1038 1958 1222 2031 ὥσπερ
1252 1961 1397 2025 είκὸς
1425 1963 1550 2026 τοὺς
1586 1962 1713 2016 λαοῦ

1890 1963 2055 2017 xxx.
2096 1962 2226 2018 Esto
2255 1963 2436 2034 igitur,
2485 1964 2606 2017 vita:
2649 1962 2884 2017 rationes
2921 1941 2993 2015 ita
3032 1959 3365 2023 instituerit,

176 2047 398 2100 τοσούτου
431 2050 1263 2120 προστησομὲνους(98);ἐδίδαξε
1289 2052 1366 2115 δέ,
1395 2053 1492 2123 οὐχ
1521 2055 1595 2117 ὡς
1620 2055 1707 2124 βε-

179 2139 372 2202 ϐίωκεν;
403 2138 700 2207 ἠγώνισται
730 2140 808 2202 δέ,
839 2141 936 2210 οὐχ
974 2141 1047 2203 ὡς
1076 2141 1339 2206 ἐδίδαξεν;
1373 2142 1708 2196 ἐκινδύνευσε

177 2236 224 2288 δὲ
249 2234 345 2288 τῶν
383 2235 521 2306 ὑπὲρ
550 2235 646 2288 τοῦ
689 2234 848 2303 λόγου
879 2236 1024 2299 τινὸς
1051 2237 1436 2306 ἠγωνισμένων
1469 2237 1706 2302 ἐλάττω;

179 2324 431 2394 τετίμηται
458 2323 515 2376 δέ
537 2317 613 2377 ὧν
646 2325 942 2394 ἠγώνισται
969 2328 1116 2396 μεῖον
1141 2326 1282 2395 (99);
1319 2326 1620 2396 κατῄσχυνε
1653 2326 1710 2378 δέ

179 2414 332 2470 τιτῶν
353 2415 449 2484 τῆς
471 2415 676 2468 είσόδου
705 2415 841 2485 μετὰ
861 2417 958 2485 τὴν
977 2416 1208 2480 εἴσοδον;
1238 2417 1516 2487 Οὐδαμῶς.
1533 2419 1713 2470 Πάντα

178 2505 223 2556 δὲ
252 2504 478 2575 ἀλλήλων
525 2505 782 2576 ἐχόμενα,
825 2506 1012 2577 ὥσπερ
1051 2509 1106 2560 ἐν
1145 2506 1284 2578 λύρᾳ
1329 2509 1445 2578 μιᾷ,
1479 2509 1574 2561 καὶ
1614 2509 1713 2578 τῆς

179 2597 320 2666 αὐτῆς
346 2597 632 2667 ἁρμονίας,
659 2599 686 2650 ὁ
715 2597 848 2667 βίος,
882 2599 910 2649 ὁ
957 2597 1134 2666 λόγος,
1181 2602 1228 2651 οἱ
1264 2599 1491 2666 ἀγῶνες,
1519 2601 1569 2652 οἱ
1596 2601 1712 2652 κίν-

179 2687 317 2750 δυνοι,
345 2687 408 2741 τὰ
434 2689 531 2758 τῆς
561 2689 840 2752 ἐπανόδου,
871 2689 938 2743 τὰ
969 2691 1106 2760 μετὰ
1134 2690 1231 2759 τὴν
1253 2690 1526 2744 ἐπάνοδον.
1545 2689 1711 2761 Ὁμοῦ

179 2796 225 2835 τε
247 2779 344 2851 γὰρ
370 2779 466 2850 τὴν
505 2781 833 2851 Ἐκκλησίαν
863 2781 1285 2850 καταλαμϐάνει,
1314 2783 1408 2836 καὶ
1436 2785 1495 2836 οὐ
1519 2783 1714 2854 πάσχει

180 2870 347 2922 ταυτὸν
377 2873 488 2934 τοῖς
519 2872 590 2924 δι’
630 2871 894 2942 ἀμετρίαν
941 2873 1110 2943 ὀργῆς
1139 2872 1528 2941 τυφλώττουσι,
1565 2875 1659 2926 καὶ
1687 2875 1716 2927 ὅ

179 2976 219 3016 τι
245 2959 302 3012 ἂν
350 2961 660 3032 παραπέσῃ,
705 2962 860 3015 τοῦτο
911 2961 1126 3032 πρῶτον
1163 2963 1235 3032 (ί)
1281 2963 1636 3032 περιωοοῦσιν
1681 2963 1713 3032 ἢ

180 3051 391 3114 παίουσι,
427 3055 526 3108 κᾶν
556 3071 608 3106 τι
638 3053 744 3106 τῶν
774 3053 987 3124 φειδοῦς
1031 3053 1194 3119 ἀξίων
1222 3053 1281 3107 ὃν
1310 3053 1461 3124 τύχοι
1489 3054 1584 3124 (‘2),
1620 3054 1714 3107 τοῦ

180 3139 326 3211 θυμοῦ
368 3143 799 3208 δυναστεύοντος.
835 3144 994 3198 Ἀλλὰ
1026 3145 1213 3198 τοῦτον
1247 3145 1480 3215 μάλιστα
1511 3145 1717 3198 εὐδοκι-

182 3233 370 3300 μήσεως
405 3235 554 3305 αὐτῷ
601 3237 788 3308 καιρὸν
832 3234 970 3290 εἶναι
1015 3237 1241 3308 νομίσας
1273 3236 1479 3306 (ἐπειδὴ
1523 3236 1581 3289 τὸ
1619 3236 1715 3306 μὲν

181 3322 361 3392 πάσχον
398 3326 605 3390 κακῶς,
650 3327 737 3380 ἀεὶ
773 3326 1163 3399 μετριώτερονο
1199 3327 1259 3380 τὸ
1304 3327 1361 3380 δὲ
1401 3329 1458 3380 ἐν
1502 3326 1718 3399 ἐξουσίᾳ

180 3412 258 3464 τοῦ
278 3416 542 3488 ἁντιδρᾷν,
575 3420 1018 3490 ἀκρατέστερον),
1042 3420 1182 3473 οὕτω
1210 3419 1399 3490 πράως
1430 3420 1522 3472 καὶ
1541 3420 1718 3489 ἠπίως

181 3505 236 3556 τὰ
253 3505 352 3564 τῶν
381 3508 762 3580 λελυπηκότων
793 3512 1246 3584 μεταχειρίζεται,
1276 3511 1350 3574 ὡς
1383 3511 1514 3583 μηδὲ
1539 3512 1719 3574 αὐτοῖς

182 3598 405 3664 ἐκείνοις,
439 3604 487 3656 εί
531 3601 643 3656 οἷόν
675 3622 734 3657 τε
767 3605 924 3658 τοῦτο
969 3607 1142 3658 εἰπεῖν
1166 3604 1264 3675 (ὅ),
1293 3603 1428 3675 ἀηδῆ
1469 3603 1721 3672 γενέσθαι

181 3689 259 3740 τοῦ
287 3693 469 3765 ἀνδρὸς
505 3697 605 3767 τὴν
645 3697 921 3752 ἐπάνοδον.

1808 2065 1865 2110 ιιι
1921 2071 2014 2110 eos
2057 2055 2235 2119 decet,
2316 2057 2405 2124 qui
2461 2065 2622 2108 tanta:
2701 2055 2977 2110 hominum
3039 2051 3370 2106 multitudini

1810 2161 2037 2216 praeesse
2083 2146 2298 2210 debent,
2359 2161 2544 2199 verum
2596 2160 2849 2216 paremne
2891 2144 3013 2197 vitae
3069 2142 3373 2196 doctrinam

1763 2244 1766 2246 ’
1810 2237 2028 2291 attulit?
2084 2237 2386 2291 Deccrtavit
2417 2237 2656 2306 quidem,
2692 2251 2818 2290 num
2866 2245 2923 2289 ιιι
2969 2233 3192 2288 docuit?
3234 2232 3372 2286 Num

1813 2331 1988 2383 minus
2034 2343 2194 2396 quam
2239 2328 2417 2398 quivis
2453 2343 2670 2392 eorum,
2712 2327 2803 2396 qui
2859 2341 2956 2395 pro
3011 2333 3154 2379 recta
3208 2322 3372 2394 406

1814 2419 2060 2473 doctrina
2094 2429 2370 2472 certamen
2403 2419 2674 2482 adierunt,
2712 2417 3048 2486 periclitatus
3074 2415 3194 2470 est?
3233 2412 3371 2466 Num

1814 2512 2067 2573 minores,
2125 2526 2284 2579 quam
2339 2525 2436 2579 pro
2481 2509 2834 2564 certaminum
2874 2509 3084 2571 merito,
3141 2507 3375 2559 honores

1814 2613 2139 2656 consecutus
2163 2602 2285 2656 est?
2322 2601 2459 2656 Num
2488 2601 2720 2669 denique
2748 2598 3042 2654 honoribus
3077 2597 3206 2661 illis,
3250 2596 3377 2665 qui-

1814 2695 1918 2749 bus
1951 2694 2003 2747 in
2039 2694 2276 2763 ingressu
2305 2703 2533 2748 ornatus
2559 2703 2663 2755 est.
2711 2699 2832 2762 post.
2876 2691 3174 2759 ingressum
3209 2688 3370 2742 dede-

1817 2788 1929 2842 cori
1957 2797 2118 2857 atqne
2149 2785 2454 2855 ignominia:
2480 2785 2614 2839 fuit?
2637 2784 2857 2839 Minime
2885 2783 3146 2852 gentium.
3177 2779 3376 2834 Verum

1816 2879 2017 2941 omnia,
2050 2893 2156 2931 non
2181 2892 2336 2931 secus
2359 2876 2597 2946 atquein
2625 2875 2858 2940 cithara,
2891 2875 3030 2927 inter
3065 2886 3123 2926 se
3162 2879 3282 2938 apta
3323 2879 3381 2922 et

1818 2984 2057 3024 connexa
2097 2977 2276 3032 erant,
2314 2968 2643 3038 pulchreque
2686 2967 3074 3036 congruebant,
3129 2972 3239 3016 tum
3269 2962 3378 3015 vita

1819 3070 1874 3114 et
1907 3060 2168 3125 doctrina,
2206 3069 2317 3112 tam
2349 3059 2646 3114 certamina
2676 3067 2730 3112 et
2763 3056 3028 3128 pericula,
3083 3065 3195 3108 tum
3231 3052 3378 3107 redi-

1822 3164 1928 3220 tus,
1987 3165 2044 3207 et
2091 3169 2210 3224 qua,
2240 3154 2471 3207 reditum
2513 3162 2640 3207 sunt
2673 3160 2984 3207 consecuta.
3037 3147 3172 3202 Nam
3222 3145 3381 3200 simul

1820 3255 1982 3316 atque
2042 3247 2108 3299 ad
2167 3245 2463 3300 Ecclesiam
2521 3245 2783 3313 pervenit,
2835 3257 2940 3296 non
2987 3239 3174 3294 eodem
3225 3235 3382 3290 modo

1821 3337 2044 3392 ali‘ectus
2067 3346 2172 3401 est,
2195 3352 2302 3406 quo
2330 3336 2365 3390 ii
2395 3337 2590 3400 solent,
2621 3337 2713 3404 qui
2746 3349 2842 3403 per
2873 3333 2966 3387 ira:
3013 3327 3381 3399 impotentiam

1823 3429 2132 3494 caecutiunt,
2190 3437 2265 3494 et,
2325 3438 2382 3482 ut
2428 3427 2664 3497 quidque
2714 3427 2944 3495 primum
3006 3421 3262 3484 occurrit,
3311 3420 3382 3472 ita

1827 3519 1976 3583 illud,
2006 3519 2306 3588 quamlibet
2331 3519 2495 3574 etiam
2528 3519 2766 3587 dignum,
2802 3532 2831 3569 a
2867 3530 2973 3585 quo
3000 3529 3188 3568 manus
3218 3509 3386 3565 absti-

1829 3620 2079 3673 neantur,
2108 3609 2426 3677 protrudunt
2473 3618 2566 3661 aut
2603 3607 2823 3668 feriunt,
2874 3619 3042 3671 usque
3097 3601 3232 3654 adeo
3261 3607 3386 3653 sunt

1830 3699 1882 3752 in
1915 3698 2049 3751 iram
2082 3699 2402 3766 przecipites.
2444 3697 2643 3754 Verum
2675 3697 2778 3751 hoc
2810 3695 3146 3765 potissimum
3177 3699 3387 3758 tempus

185 3783 239 3832 ad
283 3785 507 3840 nominis
542 3787 910 3840 celebritatem
954 3796 1010 3839 et
1055 3784 1279 3854 gloriam
1331 3785 1579 3838 idoneum
1608 3785 1712 3840 sibi
1749 3801 1874 3841 esse
1905 3786 2199 3840 arbitratus
2245 3785 2708 3856 (quandoquidem
2781 3785 2893 3838 fere
2957 3781 3043 3844 ﬁt,
3085 3789 3144 3834 ut
3207 3780 3297 3847 qui
3332 3777 3388 3831 in

185 3876 467 3933 calamitate
503 3888 773 3940 versatur,
802 3878 1216 3932 moderatiorem
1254 3893 1308 3932 se
1378 3880 1632 3946 pra-heat,
1694 3879 1785 3946 qui
1825 3886 2005 3932 autem
2063 3877 2355 3932 referendae
2408 3878 2618 3946 injuriae
2671 3883 2992 3946 potestatem
3044 3881 3234 3928 nactus
3284 3879 3387 3934 est,

187 3963 478 4021 insolentius
503 3984 564 4023 se
589 3968 796 4037 gerat),
848 3977 998 4022 tanta
1035 3967 1253 4022 lenitate
1282 3979 1442 4037 atque
1477 3969 1809 4022 humanitate
1876 3982 1964 4021 res
2035 3981 2244 4034 eorum,
2304 3983 2335 4021 a
2369 3968 2563 4037 quibus
2596 3967 2752 4023 laesus
2782 3967 2980 4031 fuerat,
3050 3964 3390 4018 administra-

185 4059 280 4124 vit,
312 4068 366 4112 ut
398 4076 462 4114 ne
492 4062 560 4115 iis
589 4061 800 4128 quidem
824 4061 976 4130 ipsis,
1008 4061 1051 4114 si
1075 4060 1174 4115 hoc
1205 4062 1306 4114 dici
1338 4071 1530 4130 potest,
1562 4062 1725 4129 ipsius
1759 4062 1961 4117 reditus
1994 4063 2252 4118 molestus
2280 4064 2459 4118 fuerit.

244 4154 358 4205 AA'.
393 4152 662 4222 Καθαίρει
703 4151 800 4222 μὲν
825 4169 888 4220 γε
909 4151 986 4220 (4)
1033 4151 1093 4204 τὸ
1144 4152 1285 4222 ἱερὸν
1315 4152 1422 4205 τῶν
1454 4152 1726 4223 Οεοκαπή-

187 4243 295 4306 λων.
320 4246 410 4298 καὶ
441 4244 858 4315 χριστεμπόρων
879 4283 893 4306 ,
925 4244 1010 4296 ἴνα
1049 4243 1142 4295 καὶ
1177 4243 1332 4296 τοῦτο
1362 4241 1470 4295 τῶν
1495 4244 1727 4314 Χριστοῦ

191 4337 470 4406 μιμήσηται
493 4352 508 4366 ο
547 4334 684 4406 πλὴν
713 4335 834 4387 ὅσον
879 4335 939 4386 ού
971 4334 1283 4404 φραγελλίῳ
1313 4333 1548 4404 πλεκτῷ,
1589 4335 1728 4405 λόγῳ

188 4422 235 4476 δὲ
262 4425 462 4496 πιθανῷ
493 4425 652 4479 τοῦτο
691 4424 980 4495 ἐργάζεται
1000 4442 1014 4455 ·
1051 4411 1404 4479 καταλλιῖττει
1431 4423 1486 4476 δὲ
1513 4424 1573 4476 τὸ
1601 4441 1724 4477 στα-

1905 4152 2098 4208 XXXI.
2138 4154 2215 4208 Ac
2253 4153 2506 4223 templum
2551 4151 2766 4221 quidem
2810 4148 3084 4218 sacrilegis
3119 4147 3390 4201 nundina-

1835 4244 2062 4306 torihus,
2109 4245 2280 4313 iisque
2320 4245 2410 4312 qui
2452 4242 2669 4298 Christo
2695 4241 2762 4296 ad
2796 4247 3056 4310 quaastum
3092 4237 3387 4292 abuteban-

1835 4345 1940 4398 tnr,
1998 4344 2284 4404 repurgat,
2342 4337 2392 4388 in
2441 4335 2543 4389 hoc
2591 4347 2806 4402 quoque
2861 4331 3065 4384 scilicet
3115 4327 3390 4382 Christum

1839 4425 2083 4481 referens
2122 4443 2136 4479 :
2167 4426 2269 4480 nisi
2303 4425 2446 4495 quod
2474 4441 2577 4480 non
2609 4434 2756 4480 texto
2785 4420 2992 4493 ﬂagello
3036 4420 3106 4485 ",
3145 4418 3236 4473 sed
3266 4428 3392 4487 pro-

251 4579 294 4611 "
320 4579 471 4636 Joan.
507 4596 567 4646 ιι,
595 4581 683 4635 15.

192 4735 311 4802 fert,
358 4739 495 4804 quod
555 4737 855 4806 Tlleologns
904 4739 967 4790 ad
1021 4737 1392 4791 Athanasium.
1440 4734 1503 4787 Et
1553 4743 1713 4788 certe,

1835 4733 1896 4804 δη
1907 4731 2141 4806 μοίσίους.

192 4789 320 4858 tanta
349 4789 968 4863 grutwAlexandriitorum
1005 4789 1726 4861 lietitiancircaAthanasium
1763 4789 1791 4792 —
1886 4789 2013 4870 .196)
2066 4789 2444 4867 ’ἐχαρίζοντα
2492 4793 2666 4850 Oxon.
2717 4794 2857 4863 apud
2905 4792 3160 4857 Montac.,
3203 4789 3398 4862 ἢρανίυ

191 4875 250 4929 ab
295 4879 480 4931 exsilio
521 4879 850 4938 redeuntem,
896 4889 952 4930 ut
988 4895 1089 4930 non
1127 4889 1331 4930 tantum
1375 4875 1504 4927 rami
1551 4884 1729 4943 gesta-
1833 4873 2005 4941 ζοντο,
2048 4892 2064 4921 ι
2096 4873 2500 4943 colligehzintnr.
2531 4886 2549 4918 ι

191 4957 376 5008 rentur,
405 4960 496 5000 aut
531 4949 686 5000 liores
716 4931 1113 5015 spargerentur,
1141 4952 1230 5000 sed
1259 4947 1417 4998 etiam
1449 4931 1725 5012 quidquid,
1843 4931 1860 4937 ⁷
1906 4931 2013 5015 (ιιῖ)
2066 4931 2248 5015 Ἐΰίωἶ
2284 4939 2394 4991 Duo
2426 4934 2865 5015 .Reggqrflhiys.
2893 4941 2946 5015 et
2977 4931 3124 4993 Bas..
3155 4932 3324 5015 ἐϐίου.

191 5015 236 5065 in
274 5001 420 5083 pictis
468 5001 1140 5085 tapetibus.etvstragulis,
1177 5001 1478 5085 pretiosius'
1511 5029 1572 5066 ac
1597 5001 1713 5065 'ma-

1905 5001 2012 5083 (98)
2049 5001 2607 5079 Προστησομένουξ.
2650 5004 2742 5059 Or.
2783 5001 2832 5069 1,
2881 5003 2973 5055 τὸν
3022 5001 3399 5073 προστησόμε-

191 5084 680 5150 gnilicentiuseral,
713 5097 1075 5151 sperneretur,
1105 5096 1157 5138 et
1187 5097 1311 5138 ante
1339 5084 1504 5150 ipsius
1543 5085 1725 5150 pedes,
1834 5101 1944 5135 vov.
2297 5149 2318 5151 ξ
2493 5146 2505 5151 _
2653 5143 2707 5151 Α
2984 5141 2994 5151 .
3236 5140 3270 5151 Α
3313 5139 3324 5150 _

193 5139 396 5210 honoris
425 5139 608 5218 causa,
657 5139 1024 5223 projiceretur.
1063 5139 1278 5209 'ldcirco
1312 5139 1452 5207 hanc
1479 5139 1730 5223 similitn;
1904 5153 2022 5223 (99);
2052 5151 2269 5223 Μεῖονη
2295 5149 2421 5223 [ξοδ.
2458 5146 2548 5214 ph,
2582 5143 2788 5215 μεῖζον,
2845 5162 2862 5193 ι
2896 5141 3145 5212 majores.
3173 5161 3191 5192 ι
3231 5139 3398 5194 Coisl.

193 5224 352 5294 {linem
403 5227 540 5278 inter
592 5220 878 5294 utrumque
942 5228 1104 5278 nectit
1157 5225 1476 5294 Gregorius;
1523 5221 1615 5275 sed
1657 5238 1713 5294 ιιι

1834 5226 1887 5289 1,
1914 5220 1974 5294 et
1995 5220 2098 5274 Or.
2129 5222 2178 5294 ρ,
2217 5220 2486 5294 πλεῖστον.

192 5289 294 5362 huc
339 5295 649 5357 similitudo,
694 5297 761 5348 oh
793 5283 1169 5349 .rercrentiam
1211 5283 1328 5362 ιιιῖιιι
1373 5283 1586 5347 Christo
1637 5292 1730 5344 de-
1873 5283 1884 5289 ’
1913 5292 1987 5362 (l)
2029 5288 2298 5362 Πρῶτον.
2321 5289 2475 5362 Deest
2509 5286 2577 5362 in_
2597 5283 2691 5338 Or.
2721 5284 2770 5337 Ι.

193 5360 356 5432 betur,
395 5352 745 5431 quorumdam
783 5381 944 5418 aures
978 5352 1246 5418 offendere
1296 5371 1493 5430 posset,
1530 5363 1596 5415 ab
1642 5376 1735 5412 au-
1917 5352 1992 5426 δὲ)
2039 5352 2232 5432 Τύχιζις
2267 5359 2513 5432 Ουίυιιιιε
2544 5352 2911 5432 Ιίθῧκοιτύκξὶο

192 5417 443 5504 ditorihus
488 5417 655 5502 petit.”
689 5417 938 5500 ne,talia
988 5417 1328 5504 proferendo,
1361 5417 1607 5486 amentiae
1645 5448 1710 5484 au

1859 5501 1880 5504 Δ
2025 5417 2350 5504 μί’ὃῖὀν
2386 5417 2564 5504 τοῦτο.
2591 5417 2795 5504 διετεῖς.
2823 5417 3131 5504 ἐἰσηβςεξμ
3162 5418 3276 5504 bm,
3307 5417 3402 5504 pii,

192 5503 412 5555 audacia:
440 5490 738 5558 adeusetur.
764 5490 776 5500 ⁷
989 5490 1003 5504 ’
1313 5490 1326 5500 ’
1847 5490 1999 5562 Οιίί,
2018 5499 2271 5563 Jes.,etc.
2301 5499 2458 5550 Deest
2479 5497 2525 5547 εί
2554 5496 2603 5548 ἱιι
2631 5497 2715 5548 ed.
2738 5491 2982 5547 Nonnulli
3013 5491 3206 5545 habent
3232 5490 3404 5540 ποιεῖν

261 5571 362 5641 194)
406 5576 490 5627 Ol.
535 5576 626 5629 hic
675 5586 907 5644 quatuor
966 5574 1130 5644 Regg.
1175 5583 1229 5627 et
1263 5573 1355 5626 0r.
1384 5572 1435 5625 l.
1477 5572 1638 5625 Deest
1683 5570 1713 5623 ii

1846 5589 1941 5641 pru
1969 5572 2160 5644 είπείν.
2191 5566 2590 5644 Αιιίιιιιιιὶιιιιιιι,
2617 5565 2792 5644 τοῦτο.

195 5628 272 5692 ειιζ
344 5628 357 5641 ’
553 5628 558 5629 ί
691 5628 707 5644 ¹
1045 5628 1108 5644 ⁹⁹

1846 5628 1860 5641 ’
1917 5644 1993 5712 (4)
2031 5639 2158 5695 Μέν
2188 5654 2268 5708 γε.
2305 5638 2394 5694 Sic
2431 5628 2592 5705 ἱερεῖς.
2623 5638 2732 5700 bin,
2764 5635 2853 5706 ph.
2904 5632 2955 5686 ln
2989 5628 3099 5698 ed.,
3135 5630 3230 5701 μὲν
3274 5629 3402 5699 γάρ.

259 5712 366 5782 (93)
405 5715 721 5782 Amce-Uini:-
767 5725 840 5770 ιω
889 5731 979 5770 ευΧ
1028 5713 1212 5783 Ῑῖυὲὂὲον
1254 5728 1303 5767 ﬂ
1344 5729 1422 5767 θτ·
1460 5712 1504 5765 ι’
1533 5709 1588 5764 ¹¹¹
1624 5709 1733 5771 ed"
