3914 6404
566 318 707 372 ’1119

1769 315 1828 373 S.
1868 316 2194 373 GREGORII
2233 315 2574 372 TllEOLOGl

3643 321 3765 376 H20

566 429 837 485 habilibus
914 426 1248 493 argumentis
1315 433 1478 495 atque
1549 426 1617 481 ad
1687 429 2121 497 persuadendum

2235 427 2408 492 σιάζον
2442 427 2578 499 πρός
2603 443 2661 478 τε
2689 426 2821 479 αὐτὸ
2843 427 2936 479 καὶ
2969 423 3130 480 ἑαυτὸ
3153 425 3263 496 (5),
3293 427 3503 490 οὐδενὸς
3529 432 3628 483 τῶν
3656 449 3763 484 συν-

563 517 984 575 accommodatis
1016 517 1068 571 id
1102 514 1284 570 elIicit.
1324 515 1462 570 Tum
1508 531 1625 582 eos,
1668 519 1758 588 qui
1793 529 1847 573 et
1877 521 2018 574 inter
2045 535 2123 586 se,

559 625 617 666 et
665 624 787 665 cum
837 609 953 676 ipso
997 606 1301 662 simultates
1348 607 1641 675 gerebant,
1682 607 1733 660 iu
1785 609 2124 663 concordiam

560 704 799 767 reducit;
834 710 892 755 et
919 701 1135 770 quidem
1170 699 1263 764 ita,
1284 708 1341 752 ut
1365 699 1558 753 nullius
1584 700 1944 768 paciﬁcatoris
1964 715 2125 768 opera

564 795 630 848 ad
658 809 776 848 eam
805 807 919 847 rem
952 806 1088 861 Opus
1124 792 1368 845 haberet.
1389 792 1656 846 Praeterea
1684 791 1875 860 injuria
1905 793 2126 847 allectos

564 885 846 957 tyrannide
886 884 1098 950 liberat,
1125 883 1330 936 nullum
1373 897 1584 949 eorum,
1631 883 1721 952 qui
1757 883 1924 952 ipsius
1953 899 2127 938 causae

561 977 866 1038 studebant,
896 985 950 1030 et
977 989 1183 1041 eorum,
1213 975 1303 1044 qui
1325 976 1581 1029 adversas
1611 984 1791 1043 partes
1827 976 2122 1044 sequeban-

565 1077 675 1130 tur,
723 1066 989 1121 delectum
1049 1066 1273 1120 habens.
1346 1063 1654 1134 Prolapsam
1716 1065 1934 1136 insuper
2001 1067 2123 1122 ﬁdei

561 1156 861 1211 doctrinam
885 1154 1064 1226 erigit,
1109 1169 1174 1209 ac
1204 1155 1370 1209 libere
1413 1169 1602 1208 rursus
1649 1155 1894 1209 Trinitas
1933 1156 2125 1224 praedi-

562 1254 737 1311 catur,
795 1260 958 1315 super
1009 1246 1393 1300 candelabrum
1446 1246 1662 1314 posita,
1745 1245 2128 1315 splendidoque

571 1337 731 1391 unius
754 1335 1051 1390 divinitatis
1081 1335 1283 1389 lumine
1309 1336 1520 1390 animas
1555 1349 1744 1389 omnes
1783 1334 2125 1389 collustrans.

561 1428 734 1497 Leges
760 1427 921 1482 etiam
955 1442 1142 1481 rursus
1169 1426 1285 1480 urbi
1321 1436 1589 1480 terrarum
1621 1426 1941 1495 prmscribit,
1969 1435 2127 1494 atque

559 1521 804 1574 omnium
829 1529 1036 1574 mentes
1058 1520 1124 1572 ad
1155 1533 1212 1572 se
1236 1519 1524 1582 convertit,
1556 1517 1680 1572 aliis
1711 1516 1968 1587 epistolas
1999 1519 2124 1570 mit-

562 1619 702 1677 tens,
752 1609 886 1664 alios
919 1622 1228 1672 accersens,
1261 1607 1546 1661 nonnullos
1589 1606 1751 1660 etiam
1801 1605 1946 1659 ultro
1974 1619 2128 1660 acce-

562 1701 1079 1766 dentes-erudiens,
1123 1699 1482 1766 omnibusque
1533 1697 1755 1751 liberam
1795 1697 2126 1750 voluntatem

2229 519 2470 587 αγόντων
2519 518 2599 588 (6)
2651 518 3003 590 προσδεηθείς
3023 534 3038 548 ·
3072 518 3187 572 λύει
3221 518 3278 571 δὲ
3310 521 3422 582 τοῖς
3451 520 3766 592 ἠδικημένοις

2227 609 2326 673 τὰς
2366 609 2705 681 τυραννίδας,
2750 610 2902 664 οὐδὲν
2945 609 3133 664 διελὼν
3186 611 3314 672 τοὺς
3360 610 3456 680 τῆς
3510 612 3765 683 tau-.050)

2235 701 2472 771 μερίδος,
2519 700 2612 754 καὶ
2643 701 2743 770 τῆς
2777 702 3054 764 ἐναντίαςο
3091 701 3340 773 ἀνίστησι
3383 701 3441 754 δὲ
3474 707 3768 760 πεπτωκότι

2227 792 2319 845 τὸν
2349 791 2507 859 λόγον
2533 791 2642 862 (8)·
2684 792 3120 862 παρρησιάζεται
3154 792 3210 844 δὲ
3250 793 3282 863 ή
3318 791 3486 863 Τριας
3518 793 3662 844 πάλιν
3684 798 3767 863 (9),

2228 884 2320 936 ἐπὶ
2352 883 2449 953 τὴν
2479 882 2698 953 λυχνίαν
2727 883 2963 946 τεθεῖσα,
3011 885 3106 936 καὶ
3150 883 3388 954 λαμπρῷ
3429 883 3506 954 τῷ
3533 886 3657 951 φωτὶ
3687 890 3770 956 τῆς

2233 974 2362 1042 μιᾶς
2392 971 2645 1042 θεότητος
2685 976 2805 1036 ταῖς
2851 973 3068 1026 πάντων
3099 972 3297 1042 ψυχαῖς
3329 974 3769 1044 ὲναστράπτουσα.

2230 1067 2527 1138 Νομοθετεϊ
2572 1068 2628 1121 δὲ
2675 1070 2739 1139 τῇ
2788 1069 3082 1141 οἰκουμένῃ
3133 1069 3335 1122 πάλιν⁶
3375 1070 3684 1139 ἐπιστρέφει
3722 1071 3771 1122 δὲ

2228 1159 2365 1230 πρὸς
2418 1157 2610 1212 ἑαυτὸν
2649 1161 2827 1213 πᾶσαν
2881 1159 3138 1225 διάνοιαν,
3175 1163 3288 1223 τοῖς
3321 1160 3420 1230 μὲν
3450 1161 3771 1226 ἐπιστέλλων,

2227 1249 2353 1312 τοὺς
2382 1249 2438 1302 δὲ
2471 1249 2651 1304 καλῶν
2672 1267 2686 1280 ’
2724 1251 2837 1303 ἐστι
2865 1251 2920 1304 δὲ
2953 1251 3045 1316 οὓς
3065 1252 3156 1304 καὶ
3179 1252 3448 1322 ἀκλήτους
3477 1254 3771 1322 προσιόντας

2232 1341 2485 1409 σοφίζων,
2520 1344 2654 1395 πᾶσι
2687 1343 2745 1395 δὲ
2787 1343 2950 1414 νόμον
2988 1344 3084 1396 ἕνα
3126 1343 3348 1413 προθεὶς
3383 1343 3445 1396 τὸ
3475 1343 3770 1413 βούλεσθαι·

2229 1434 2322 1485 καὶ
2344 1432 2452 1505 γάρ
2473 1433 2631 1487 τοῦτο
2661 1433 2819 1500 μόνον
2852 1434 3070 1506 ἐξήρκει
3095 1435 3230 1505 πρὸς
3256 1434 3480 1505 ὁδηγίαν
3506 1433 3597 1486 τοῦ
3622 1435 3777 1504 κρείτ-

2227 1543 2400 1588 τονος.
2443 1527 2532 1578 Ἐν
2565 1527 2846 1598 κεφαλαίῳ
2876 1527 2932 1580 δὲ
2973 1528 3168 1590 είπεῖν,
3211 1526 3304 1578 δύο
3343 1525 3510 1578 λίθων
3556 1529 3775 1597 μιμεῖται

2230 1615 2418 1683 φύσεις
2445 1616 2871 1686 ἐπαινουμένων.
2903 1617 3115 1669 Γίνεται
3143 1615 3252 1687 γὰρ
3277 1618 3388 1678 τοῖς
3423 1615 3523 1686 μὲν
3554 1616 3776 1667 παίουσιν

2229 1707 2458 1776 ἀδάμας,
2491 1710 2604 1771 τοῖς
2637 1707 2693 1761 δὲ
2743 1709 3088 1771 στασιάζουσι
3123 1706 3413 1778 μαγνῆτις,
3447 1709 3664 1779 ἀρρήτῳ
3688 1708 3776 1776 σὺ·

560 1808 658 1860 pro
685 1792 802 1864 lege
837 1807 1160 1863 proponens.
1203 1789 1314 1844 lloc
1343 1790 1487 1844 enim
1534 1787 1704 1842 solum
1749 1788 1815 1841 ad
1862 1803 2122 1856 praemon-

2235 1775 2367 1857 σεως
2400 1795 2492 1865 βία
2518 1797 2609 1850 τὸν
2641 1797 2858 1868 σίδηρον
2889 1775 3144 1862 ἕλκουσα,
3173 1796 3265 1851 καὶ
3371 1775 3777 1870 (mitigasse:—

565 1885 842 1938 strandum
871 1883 1086 1938 virtutis
1110 1883 1218 1936 iter
1245 1879 1490 1935 suﬂicere
1519 1879 1796 1932 censebat.
1847 1876 1914 1932 Ut
1941 1887 2120 1933 autem

2235 1901 2315 1936 τον
2349 1886 2406 1936 ὲν
2439 1883 2590 1948 ὕλαις
2626 1886 2989 1958 οἰκειουμένη.

560 1974 615 2026 in
644 1989 852 2028 summa
886 1959 1080 2035 dicam,
1115 1973 1340 2026 duorum
1381 1966 1727 2023 laudabilium
1757 1967 1987 2048 lapidum
2020 1977 2266 2024 naturam
2296 1974 2556 2029 imitatur.
2606 1974 2739 2029 Nam
2797 1986 2851 2030 et
2897 1978 3345 2047 'pcrcutientibus
3405 1978 3626 2032 adamas
3684 1978 3779 2032 eiii-

561 2069 725 2131 citur,
773 2075 828 2122 et
872 2067 1256 2122 dissidentibus
1305 2078 1547 2134 magnes,
1582 2061 1791 2118 occulta
1826 2049 2033 2117 naturae
2074 2064 2126 2118 vi
2164 2064 2365 2120 ferrum
2435 2069 2678 2147 trahens,
2745 2085 2809 2126 ac
2843 2071 3186 2125 durissimam
3223 2073 3468 2126 omnium
3524 2074 3776 2128 materiam

564 2160 666 2214 sibi
705 2159 999 2212 ascisceus.

630 2249 792 2322 407
837 2246 1047 2301 XXXII.
1089 2247 1287 2301 Verum
1325 2247 1467 2302 enim
1497 2245 1613 2300 ﬁeri
1648 2261 1754 2300 non
1800 2254 2032 2316 poterat,
2067 2254 2130 2301 ut

561 2340 766 2393 invidia
798 2338 912 2392 huic
941 2337 1128 2402 ferret,
1170 2347 1332 2405 atque
1376 2336 1672 2390 Ecclesiam
1713 2336 1954 2406 pristina:
2010 2336 2127 2406 glo-

547 2432 664 2486 ‘riae
693 2447 804 2486 sua:
832 2432 1105 2499 veterique
1138 2429 1358 2484 sanitati
1384 2429 1716 2496 restitutam,
1749 2429 1931 2482 videre
1956 2429 2120 2483 susti-

565 2533 759 2590 neret,
804 2523 1052 2576 dissectis
1090 2522 1342 2574 nimirum
1384 2523 1628 2590 partibus
1659 2520 1942 2574 celerrima
1978 2519 2148 2576 cica-.

566 2616 720 2680 trice,
785 2614 928 2669 velut
991 2614 1043 2667 in
1103 2627 1366 2682 corpore.
1423 2611 1694 2666 obductis.
1755 2611 2118 2678 Quamobrem

566 2708 950 2776 imperatorem
982 2703 1239 2759 adversus
1270 2720 1390 2758 eum
1419 2704 1642 2768 escitat,
1675 2703 1729 2757 in
1757 2703 1968 2768 eodem,
2017 2718 2127 2772 quo

569 2799 703 2866 ipse,
728 2796 1046 2852 defectionis
1073 2798 1302 2851 crimine
1327 2804 1652 2860 versantem,
1679 2805 1838 2865 atque
1869 2797 1940 2849 im
1951 2795 2129 2864 probi-

571 2897 680 2942 tate
702 2902 906 2958 paretn,
942 2899 1182 2957 tempore
1224 2888 1338 2943 solo
1363 2889 1751 2958 posteriorem;
1799 2889 1892 2957 qui
1921 2889 2127 2956 primus

571 2979 1002 3034 Christianorum
1080 2980 1470 3050 imperatorum
1527 2980 1787 3034 adversus
1851 2977 2124 3034 Christum

569 3072 753 3126 furore
779 3071 1050 3140 percitus,
1086 3082 1250 3140 atque
1279 3071 1570 3140 impietatis
1596 3071 1932 3136 basiliscum,
1966 3084 2126 3140 quem
2157 3097 2201 3156 ρ

573 3163 742 3218 multo
774 3173 900 3218 ante
929 3162 1298 3232 parturiebat,
1346 3162 1524 3217 oblata
1574 3163 1860 3218 occasione
1888 3201 1903 3225 ,
1954 3161 2132 3216 subito

582 3252 931 3323 perfundens,
979 3253 1140 3306 simul
1167 3262 1329 3321 atque
1360 3252 1656 3322 imperator
1691 3251 1994 3306 declaratus
2026 3260 2129 3316 est,

573 3347 781 3410 statim,
823 3355 878 3399 et
901 3361 1028 3414 erga
1055 3345 1458 3414 imperatorem,
1488 3344 1578 3412 qui
1614 3343 1780 3413 ipsius
1808 3342 1925 3397 ﬁdei
1956 3343 2132 3412 impe-

573 3436 712 3488 rium
776 3436 1141 3498 commiserat,
1204 3435 1466 3503 improbe,
1527 3442 1581 3488 et
1639 3449 1762 3503 erga
1816 3433 2005 3498 Deum,
2046 3433 2130 3487 cui

575 3527 803 3581 salutem
847 3527 1094 3591 debebat,
1136 3527 1437 3596 improbius
1483 3541 1541 3580 se
1585 3527 1756 3595 gerit,
1786 3541 1849 3580 ac
1879 3540 2133 3594 persecu-

577 3620 778 3672 tionem
806 3621 1068 3682 omnium,
1109 3633 1229 3687 qua:
1267 3634 1498 3687 unquam
1529 3619 1768 3682 fuerunt,
1799 3619 2130 3672 teterrimam

575 3713 882 3779 excogitat;
961 3721 1226 3780 quatenus
1282 3713 1690 3780 persuasioaem
1748 3720 1804 3766 et
1869 3711 2136 3766 sermonis

579 3800 864 3856 blanditias
919 3801 1189 3871 tyrannidi
1246 3800 1545 3870 adiungens
1615 3802 1777 3872 (nam
1823 3817 1916 3857 eos
1972 3802 2132 3856 etiam

580 3896 831 3958 honores,
866 3896 955 3964 qui
983 3896 1050 3948 ob
1077 3895 1376 3948 certamina
1405 3895 1566 3948 tribui
1590 3893 1785 3962 solent,
1810 3895 2138 3964 martyribus

580 3985 908 4053 invidebat),
955 3983 1290 4037 fortitudinis
1318 3984 1531 4038 laudem
1566 3985 1620 4037 in
1662 3984 1882 4038 dubium
1917 3998 2136 4038 revoca-

580 4076 696 4140 bat,
749 4077 1036 4131 verborum
1087 4091 1280 4143 nempe
1331 4077 1606 4146 captiones
1665 4086 1720 4130 et
1780 4078 2018 4146 argutias
2071 4077 2138 4130 ad

583 4179 762 4219 mores
795 4181 922 4220 suos
983 4164 1335 4230 transferens,
1369 4174 1482 4231 aut,
1530 4177 1589 4220 ut
1647 4167 1828 4221 verius
1861 4167 2068 4235 loquar,
2109 4183 2139 4221 a

585 4257 830 4312 moribus
859 4268 914 4312 et
941 4258 1138 4326 ingenii
1168 4258 1394 4312 valricie
1441 4259 1507 4312 ad
1555 4273 1617 4311 ea
1667 4257 1870 4312 scelera
1902 4259 2137 4312 studium

582 4350 889 4412 conferens,
925 4349 1314 4419 daamonisque,
1337 4351 1425 4420 qui
1459 4351 1509 4403 in
1539 4349 1708 4419 ipsius
1732 4359 1949 4418 pectore
1973 4349 2141 4403 domi-

2299 2246 2422 2299 AB’.
2461 2245 2603 2298 Ἀλλ’
2637 2245 2696 2297 οὐ
2726 2244 2837 2317 γὰρ
2881 2244 3073 2315 ἔμελλε
3113 2243 3284 2298 ταῦτα
3325 2245 3495 2297 οἴσειν
3526 2245 3555 2298 ό
3595 2243 3779 2312 φθόνος,

2229 2339 2348 2391 οὐδὲ
2373 2339 2472 2410 τὴν
2522 2337 2847 2408 Ἐκκλησίαν
2890 2336 3032 2408 ὀρῶν
3062 2336 3344 2402 ἀνέξεσθαι
3403 2337 3565 2391 πάλιν
3596 2338 3680 2389 ἐπὶ
3698 2338 3780 2405 τῆς

2231 2431 2400 2500 αὐτῆς
2417 2427 2596 2501 δόξης,
2630 2431 2849 2500 καὶτῆς
2895 2428 3132 2494 παλαιᾶς
3171 2430 3402 2498 ὑγιείας,
3446 2429 3674 2498 τάχιστα
3706 2429 3779 2481 τοῦ

2231 2520 2517 2584 διεστῶτος
2543 2519 2986 2585 συνουλωθέντος,
3017 2520 3204 2592 ῶσπερ
3226 2523 3282 2574 ὲν
3310 2519 3522 2589 σώματι
3551 2521 3676 2591 (11).
3703 2520 3783 2572 Διά

2226 2612 2385 2665 τοῦτο
2409 2612 2759 2684 ἐπανίστησιν
2790 2611 2937 2683 αὐτῷ
2965 2612 3057 2665 τὸν
3102 2611 3518 2681 συναποστὰτην
3547 2611 3654 2680 (ιε)
3679 2613 3782 2663 tau-

2229 2702 2308 2774 τῷ
2333 2703 2576 2774 βασιλέα,
2611 2704 2704 2756 καὶ
2729 2703 2829 2774 τὴν
2873 2703 3071 2755 κακίαν
3120 2703 3402 2773 ὁμότιμον,
3663 2703 3784 2773 μόνῳ

2231 2795 2587 2866 λειπόμενονο
2643 2795 2702 2859 ὃς
2733 2794 2844 2865 (15)
2875 2794 3092 2866 πρῶτος
3142 2794 3488 2867 Χριστιανῶν
3551 2795 3784 2865 βασιλέων

2234 2887 2375 2940 κατὰ
2400 2872 2634 2957 Χριστοῦ
2673 2886 2882 2956 μανεὶς,
2906 2886 2998 2938 καὶ
3025 2885 3082 2936 ὃν
3104 2882 3257 2937 ῶδινε
3283 2883 3573 2955 πόρρωθεν
3607 2886 3660 2935 ἐν
3683 2885 3784 2935 ἑαυ-

2230 2979 2306 3050 τῷ
2337 2977 2646 3046 βασιλίσκον
2668 2979 2767 3047 τῆς
2792 2976 3046 3041 ἀσεϐείας
3066 2974 3377 3048 ἀναρρήξας
3401 2975 3638 3047 ἀθρόως,
3659 2976 3785 3027 ἐπει-

2231 3071 2295 3142 δὴ
2341 3070 2532 3141 καιρὸν
2590 3069 2799 3134 ἐλαϐεν,
2833 3069 2968 3140 ὁμοῦ
3021 3087 3079 3122 τε
3106 3070 3465 3139 αὐτοκράτωρ
3501 3069 3787 3121 ἀναδείκνυ-

2232 3178 2344 3226 ται,
2373 3162 2467 3213 καὶ
2496 3160 2664 3223 κακὸς
2694 3161 2791 3230 μὲν
2820 3161 2948 3232 περ).
2977 3159 3068 3213 τὸν
3089 3160 3457 3213 πιστεύσαντα
3490 3156 3707 3227 βασιλέα
3731 3157 3787 3207 τὰ

2236 3255 2478 3324 βασίλεια
2509 3252 2617 3324 (14)
2644 3253 2876 3322 γίνεται,
2926 3252 3136 3305 κακίων
3175 3253 3231 3305 δὲ
3261 3252 3392 3324 περὶ
3412 3250 3506 3304 τὸν
3539 3250 3786 3303 σεσωκότι

2232 3346 2399 3398 Θεόνο
2446 3346 2540 3398 καὶ
2587 3345 2825 3414 διωγμὸν
2883 3345 3054 3397 ὲννοεῖ
3101 3343 3209 3395 τῶν
3242 3342 3462 3395 πώποτε
3507 3341 3786 3411 γενομένων

2234 3437 2754 3508 ἀπανθρωπότατον,
2789 3436 2898 3505 ὅσῳ
2945 3435 3005 3488 τὸ
3045 3435 3269 3488 πιθανὸν
3319 3437 3386 3506 τῇ
3416 3434 3687 3505 τυραννίδι
3714 3433 3784 3503 μί·

2234 3529 2328 3595 ξας
2365 3528 2598 3598 (ἐφθόνει
2647 3528 2756 3600 γὰρ
2808 3531 2918 3592 τοῖς
2965 3527 3230 3598 πάσχουσι
3282 3527 3378 3580 καὶ
3431 3526 3533 3595 τῆς
3580 3527 3668 3578 ἐπὶ
3696 3528 3787 3585 τοῖς

2233 3620 2415 3684 ἄθλοις
2447 3619 2656 3690 τιμῆς),
2690 3619 2986 3689 ἀμφίϐολον
3022 3619 3194 3672 ἐποίει
3224 3619 3318 3672 καὶ
3345 3617 3407 3671 τὸ
3434 3618 3538 3687 τῆς
3569 3616 3787 3685 ἀνδρείας

2235 3713 2546 3784 φιλότιμον·
2585 3711 2682 3776 τάς
2731 3714 2921 3776 ἐντοῖς
2968 3712 3145 3780 λόγοις
3193 3710 3433 3782 στροφὰς
3487 3710 3585 3762 καὶ
3613 3707 3785 3768 πλοκὰς

2235 3804 2324 3857 ἐπὶ
2345 3806 2435 3858 τὸν
2473 3806 2670 3875 τρόπον
2705 3803 2815 3875 (15)
2851 3803 3212 3875 μετενεγκὼν,
3254 3803 3310 3872 ἦ,
3338 3801 3398 3854 τό
3429 3818 3495 3869 γε
3528 3798 3786 3869 ἀληθέστε-

2239 3911 2330 3965 ρον
2368 3895 2561 3959 εἰπεῖν,
2596 3893 2702 3946 ἀπὸ
2734 3892 2826 3946 τοῦ
2859 3894 3089 3962 τρόπου,
3141 3892 3234 3944 κα).
3269 3890 3399 3960 περὶ
3429 3891 3619 3941 ὲκείνα
3651 3903 3785 3938 σῖτόν·

2236 3984 2420 4047 δάσας,
2453 3984 2545 4037 καὶ
2591 3983 2683 4036 τὸν
2734 3982 2937 4036 ἐνοικον
2979 3983 3126 4054 αὑτῴ
3167 3983 3402 4052 πονηρὸν
3436 3981 3543 4051 τῆς
3598 3979 3784 4031 πολυτε-

2238 4077 2388 4147 χνίας
2412 4075 2763 4146 μιμούμενος.
2802 4072 2969 4139 Οὗτος
2995 4075 3188 4146 μικρὸν
3226 4076 3323 4144 μὲν
3365 4073 3532 4143 ἔργον
3573 4072 3783 4141 ἐνόμισεν

2239 4163 2466 4220 εἶναιτὸ
2507 4169 2612 4221 πᾶν
2670 4168 2778 4220 τῶν
2814 4166 3151 4239 Χριστιανῶν
3203 4163 3656 4237 παραστήσασθαι
3696 4161 3784 4228 (16)

2238 4259 2429 4328 γένος’
2470 4259 2610 4329 μέγα
2665 4259 2723 4312 δὲ
2784 4259 2844 4311 τὸ
2889 4257 3200 4311 Ἀθανασίου
3248 4257 3550 4328 κρατῆσαι,
3597 4256 3684 4308 καὶ
3707 4253 3785 4319 τῆς

2241 4350 2448 4403 ἐκείνου
2493 4349 2620 4421 περὶ
2664 4349 2755 4402 τὸν
2801 4349 2954 4418 λόγον
2989 4349 3144 4420 ἡμῶν
3177 4348 3483 4418 δυνάμεως.
3539 4348 3647 4400 Καὶ
3700 4343 3784 4411 γὰρ

582 4440 763 4495 cilium
803 4439 1054 4505 habebat,
1111 4449 1305 4507 artem,
1363 4441 1821 4512 multiplicemque
1850 4442 2131 4494 versutiam

2246 4440 2392 4511 ἐώρα
2430 4442 2594 4512 μηδὲν
2623 4440 2681 4492 ὃν
2724 4440 2870 4511 αὐτῷ
2892 4440 3053 4493 πλέον
3085 4440 3194 4510 (Ἰῖ)
3223 4439 3322 4509 τῆς
3350 4439 3474 4492 καθ’
3506 4437 3660 4508 ἡμῶν
3687 4439 3784 4487 ἐπι·

585 4534 818 4587 imitans.
854 4531 943 4585 llle
973 4532 1187 4601 quidem
1217 4549 1405 4602 parum
1452 4532 1686 4602 amplum
1726 4542 1886 4601 atque
1915 4531 2140 4599 prmcla-

583 4640 701 4679 rum
729 4639 846 4678 esse
873 4624 1164 4678 arbitratus
1211 4634 1315 4691 est,
1366 4624 1672 4679 universam
1708 4624 2136 4677 Christianorum

588 4716 857 4769 nationem
891 4716 1120 4784 imperio
1150 4732 1246 4769 suo
1271 4715 1565 4783 subjicere;
1595 4729 1846 4784 maguum
1879 4723 2056 4766 autem
2087 4722 2140 4766 et

587 4806 878 4876 gloriosum
902 4805 1040 4874 lore,
1065 4808 1110 4861 si
1135 4807 1487 4862 Athanasium
1517 4806 1742 4878 ejusque
1761 4807 1810 4860 iu
1834 4804 2136 4858 Christiana

659 4971 736 5042 (5)
768 4969 997 5042 Ἑαυτό.
1023 4969 1128 5042 _Sic
1164 4969 1400 5042 melioris
1429 4981 1566 5023 notae
1595 4969 1806 5024 codices
1831 4979 1884 5023 et
1905 4970 2135 5026 Nicetas.

588 5041 642 5097 In
669 5039 780 5103 'etl.,
807 5040 994 5092 ἑαυτόν
1023 5039 1234 5109 [recte].

659 5113 736 5179 (6)
772 5113 1180 5179 Συνατόντων.
1226 5109 1469 5162 Nonnulli
1499 5109 1718 5170 addunt,
1741 5109 1942 5162 πολλῶν
1957 5110 2142 5163 ὄντων.

636 5177 747 5268 ⁹(7)
787 5179 1049 5232 Ἑαυτοῦ.
1110 5177 1198 5234 Sic
1248 5191 1357 5232 tres
1410 5179 1568 5249 liegg.
1616 5191 1669 5233 et
1707 5180 1871 5233 Savil.
1920 5179 1974 5232 in
2024 5182 2144 5241 ed.,

590 5269 772 5304 αυτου.

662 5323 736 5388 (8)
777 5322 1130 5373 Πεπτωκοτα
1156 5318 1266 5371 τὸν
1290 5320 1492 5387 λόγον.
1528 5318 1617 5371 Sic
1641 5319 1878 5384 quinque
1900 5318 2064 5387 Regg.
2090 5318 2146 5370 lu

593 5387 939 5458 quibusdam,
969 5391 1038 5442 τά
1064 5387 1388 5442 πεπτωκότα
1432 5388 1524 5441 τοῦ
1571 5388 1750 5456 λόγου.
1787 5390 1846 5447 In,
1894 5393 2002 5452 ed.,
2047 5405 2143 5440 1:3-

595 5461 846 5514 πτωκότα
878 5459 1049 5527 λόγον.

667 5531 741 5598 l9)
785 5530 954 5598 Τριὰς
985 5530 1189 5585 πάλιν.
1218 5529 1349 5583 Tres
1382 5529 1571 5600 883%.,
1597 5527 1754 5582 πάλιν
1785 5528 1969 5599 Τριάς.

665 5599 776 5670 (10)
820 5601 909 5670 Τό.
946 5601 998 5653 In
1034 5600 1316 5664 nonnullis,
1339 5599 1449 5653 τόν.

671 5667 783 5738 (ll)
822 5669 1065 5737 Σώματι.
1099 5670 1263 5738 Regg.
1288 5673 1340 5733 d,
1374 5673 1462 5736 pit.
1497 5669 1590 5724 0r.
1619 5669 1676 5738 l,
1698 5667 1930 5738 σώμασι.

670 5737 781 5811 (12)
822 5737 1308 5807 Σινναπςστάτην.
1359 5741 1536 5794 Schol.
1581 5759 1593 5794 :
1647 5737 1920 5792 Ἰουλιανόν
1965 5737 2143 5808 λέγει’

2215 5666 2464 5728 -εσεσθαι9
2503 5667 2685 5719 minus
2716 5674 2877 5719 recte.

2247 4531 2413 4594 νοίας,
2454 4530 2541 4584 διὰ
2564 4529 2660 4600 τὴν
2711 4529 2805 4583 τοῦ
2848 4530 3038 4600 ἀνδρὸς
3075 4527 3508 4600 ἀντιπαράταξιν
3544 4529 3635 4580 καὶ
3666 4523 3784 4577 ἀντί-

2246 4622 2394 4674 θεσιν
2419 4640 2432 4653 ·
2466 4624 2550 4675 ἀεὶ
2573 4622 2664 4675 τοῦ
2717 4623 3043 4694 κενουμένου
3083 4621 3425 4693 Χριστιανῶν
3474 4621 3786 4689 ἀναπλημυο

2247 4715 2427 4785 μένου,
2461 4714 2549 4767 διὰ
2580 4716 2674 4786 τῆς
2714 4714 3034 4784 Ἑλληνικῆς
3059 4713 3396 4783 προσθήκης,
3423 4714 3522 4765 καὶ
3553 4713 3648 4781 τῆς
3670 4710 3783 4762 €sz-

2243 4822 2332 4857 νου
2365 4805 2650 4871 συνέσεως,
2699 4805 2728 4858 ὃ
2769 4806 2864 4859 κα).
2891 4804 3212 4876 παράδοξον.
3263 4803 3427 4857 Ταῦτ’
3456 4801 3558 4857 οὖν
3603 4802 3782 4865 ἐννοῶν,

2256 4991 2274 5021 ‹
2303 4969 2568 5024 lulianum
2600 4969 2724 5021 dicit
2771 4988 2788 5020 ι

2321 5039 2429 5109 (15)
2472 5039 2590 5105 "Oc.
2648 5039 2737 5092 Sic
2791 5040 2894 5092 duo
2951 5038 3117 5107 Begg.

2250 5112 2312 5163 ed
2344 5150 2357 5168 ,
2385 5110 2432 5162 ὁ.

2325 5181 2432 5246 (14)
2477 5178 2552 5231 Τὰ
2582 5179 2889 5241 βασίλεια.
2934 5175 3152 5231 Nicetas
3191 5195 3206 5231 :
3241 5175 3349 5245 Τὴν
3401 5175 3501 5228 τοῦ
3543 5175 3782 5246 Καίσαρος

2255 5244 2454 5320 amr
2512 5266 2528 5298 ι
2563 5249 2800 5320 Caesaris
2841 5249 3176 5320 dignitatem.
3207 5265 3226 5297 ι
3261 5244 3378 5320 Vox
3428 5247 3522 5298 illa
3576 5249 3710 5320 deest
3744 5244 3779 5320 iu

2259 5313 2437 5372 multis
2481 5319 2635 5370 cmld.
2685 5313 2984 5370 Retineuda
3045 5328 3220 5369 tamen
3272 5318 3509 5380 videtur,
3564 5313 3778 5384 quidqu

2253 5393 2392 5442 dicat
2431 5389 2696 5439 variarum
2735 5387 3019 5438 lectionum
3047 5385 3318 5439 collector.

2323 5457 2434 5525 (15)
2485 5457 2606 5508 Ἐπὶ
2632 5456 2736 5509 τὸν
2760 5457 2998 5523 τρόπον.
3029 5475 3048 5507 ι
3076 5456 3154 5508 Ad
3182 5453 3451 5520 ingenium
3481 5453 3777 5515 indolcmque

2254 5531 2602 5579 transferens.
2623 5545 2640 5576 ι

2324 5598 2340 5663 ζ
2353 5596 2434 5662 16)
2474 5593 3253 5663 Παραστήσασθαι.8ἱοῐὶες.
3284 5593 3337 5648 d.
3372 5592 3510 5658 Alii,
3544 5587 3773 5662 mpura}-

2324 5666 2464 5716 σθαι.
2503 5667 2685 5716 minus
2716 5674 2877 5716 recte.
2909 5663 3066 5716 Enn.

2956 5681 3066 5718 DIT.

2329 5737 2438 5807 (17)
2479 5735 2573 5792 llic
2616 5738 2798 5792 deesse
2827 5735 3051 5802 videtur,
3084 5734 3163 5788 ἐκ,
3194 5732 3352 5790 Evn.

3170 5045 3224 5092 et
3286 5051 3481 5090 novem
3561 5035 3700 5091 Colb.
3743 5033 3782 5085 ln
