3914 6404
158 288 288 343 1121

1070 283 1325 339 ORATIO
1364 284 1503 338 XXI.
1554 318 1613 327 -—
1658 286 1724 341 IN
1765 286 2048 340 LAUDEM
2086 285 2479 342 ATHANASII.

3260 290 3400 349 “22

149 403 247 456 xui
268 399 412 475 ὁρῶν
438 402 467 453 ό
490 399 661 462 δεινὸς
692 398 897 461 ἐκεῖνος
926 396 1331 468 παραλογιστὴς
1352 399 1443 451 καὶ
1474 397 1720 470 διώκτης,

1833 400 2078 453 doctrina
2110 398 2217 451 vim
2242 409 2297 451 et
2324 398 2637 454 facultatem
2678 412 2987 472 superaret.
3027 398 3402 472 Perspiciebat

146 493 270 547 οὐδὲ
292 492 385 544 ἐπὶ
417 489 510 543 τοῦ
541 490 857 560 πλάσματος
877 488 958 541 ἔτι
986 489 1136 560 μένει
1167 488 1261 542 καὶ
1289 489 1386 559 τῆς
1414 492 1720 561 σοφιστικῆς

1833 490 1977 544 enim
2022 488 2155 542 nihil
2208 489 2308 542 sibi
2346 506 2411 542 ex
2449 490 2563 544 suis
2600 492 2651 545 iu
2698 509 2794 548 nos
2829 496 3074 551 consiliis
3114 498 3394 561 accedere,

144 586 563 657 ἀνελευθερίας·
592 584 724 637 ἀλλὰ
769 583 866 653 τὴν
902 582 1171 654 πονηρίαν
1208 582 1521 651 γυμνώσας,
1572 600 1733 650 φανε-

1834 582 1976 648 quod
2011 582 2270 635 adversus
2299 596 2421 635 eum
2457 583 2508 634 in
2547 585 2661 638 acie
2686 593 2856 640 staret
2878 587 3225 650 Athanasius,
3256 586 3403 655 ejus-

150 679 259 750 ρῶς
301 678 609 749 ὑπερορίζει
668 675 757 729 τὸν
810 675 979 747 ἄνδρα
1013 676 1111 745 τῆς
1149 675 1376 738 πόλεως.
1428 675 1577 729 Ἔδει
1622 674 1720 745 γὰρ

1834 685 1939 740 que
1968 673 2251 726 conatibus
2280 673 2592 727 obsisteret.
2646 676 2698 728 Id
2745 678 2908 741 enim,
2956 680 3098 746 quod
3129 693 3195 732 ex
3237 678 3398 733 Chri-

144 772 299 841 τρισ).
347 769 685 838 παλαίσμασι
742 767 850 836 (18)
884 767 977 819 τὸν
1010 767 1268 834 γεννάδαν
1307 767 1625 837 νικήσαντα,
1648 784 1731 818 τε·

144 860 299 925 λείας
331 864 513 931 τυχεῖν
540 860 634 913 καὶ
662 858 761 929 τῆς
781 858 1151 928 ἀναρρήσεως.

1834 762 2025 815 stianis
2061 764 2373 825 decedebat,
2421 765 2699 833 gentilium
2744 769 3054 823 accessione
3120 771 3397 839 ipsiusque
3445 786 3453 794 ·

1833 855 2120 922 prudentia
2164 857 2404 923 quotidie
2453 857 2818 926 supplebatttr,
2867 860 2917 913 id
2950 861 3091 928 quod
3131 877 3261 915 sane
3296 861 3399 914 mi-

150 956 387 1008 randum
466 961 603 1004 crat.
656 950 784 1015 Quae
849 964 971 1003 cum
1020 948 1244 1002 callidus
1289 946 1376 1001 ille
1433 947 1695 1015 imposmr
1742 954 1798 999 et
1834 955 2151 1013 persecutor
2185 947 2641 1001 animadverteret
2682 958 2734 1003 et
2773 960 3042 1014 cerneret,
3094 968 3161 1005 ne
3205 967 3396 1021 perso-

150 1061 279 1099 nam
310 1044 523 1113 quidem
556 1042 755 1095 diutius
781 1039 942 1102 ferre,
992 1055 1055 1093 ac
1091 1040 1385 1108 sophistica
1432 1049 1486 1093 et
1532 1038 1714 1092 servili
1752 1037 2185 1091 dissimulatione
2250 1038 2324 1089 ttti
2359 1040 2647 1105 sustinuit;
2701 1056 2885 1095 verum
2931 1042 3097 1095 animi
3165 1057 3391 1111 perver-

147 1141 315 1192 sitate
342 1134 577 1191 detecta.
610 1129 783 1198 palam
845 1140 1135 1196 aperteque
1202 1126 1474 1180 hominem
1506 1142 1536 1181 e
1586 1127 1805 1180 civitate
1841 1127 2112 1181 exturbat.
2146 1125 2429 1195 Egregium
2478 1129 2621 1182 enim
2658 1130 2832 1184 virum
2868 1131 3063 1200 triplici
3094 1133 3396 1189 certamine

147 1230 376 1282 vincere
407 1222 707 1290 oportebat,
738 1225 794 1271 ut
834 1215 1128 1285 perfectum
1175 1217 1337 1269 etiam
1385 1215 1714 1285 praconium
1756 1224 2200 1283 consequeretur.

219 1319 347 1373 AF'.
380 1315 590 1384 Μικρὸν
618 1312 678 1363 τὸ
700 1313 757 1363 ἐν
793 1310 960 1378 μέσῳ,
988 1308 1079 1361 καὶ
1102 1306 1339 1379 Πέρσαις
1390 1307 1486 1376 μὲν
1532 1307 1565 1376 ἡ
1602 1305 1724 1376 δίκη

1901 1305 2140 1360 XXXIII.
2181 1307 2297 1361 Non
2359 1306 2583 1361 multum
2648 1314 2907 1379 temporis
2965 1315 3390 1387 intercesserat,

145 1411 319 1467 δοῦσα
341 1410 433 1463 τὸν
460 1405 760 1475 ἀλιτήριον,
794 1405 909 1455 ἐκεῖ
937 1399 1147 1463 δικάζει
1167 1415 1181 1429 ⁶
1206 1400 1297 1451 καὶ
1331 1398 1551 1469 βασιλέα
1574 1398 1720 1467 φιλό-

1831 1412 1951 1453 eum
2001 1400 2224 1467 impittm
2270 1399 2419 1453 illum
2482 1409 2535 1453 et
2586 1404 2913 1474 sacrilegum
2969 1408 3034 1461 ad
3068 1408 3261 1466 Persas
3312 1413 3395 1467 vis

144 1521 308 1573 τιμον
361 1496 794 1569 παραπέμψασα,
843 1491 1032 1563 νεκρὸν
1066 1490 1349 1557 ἐπανάγει,
1382 1488 1516 1559 μηδὲ
1549 1488 1725 1541 ἐλεού-

150 1609 347 1663 μενον·
384 1590 459 1651 ὼς
503 1585 557 1638 δὲ
589 1583 698 1652 ἐγώ
746 1582 889 1644 τινός
925 1598 1005 1633 σοι
1036 1579 1147 1647 (19)
1201 1579 1429 1648 ἥκουσα,
1484 1577 1618 1648 μηδὲ
1646 1577 1723 1648 τῷ

145 1684 307 1752 τάφῳ
356 1673 927 1749 προσλαμϐανόμενον,
977 1670 1090 1724 ἀλλ’
1139 1669 1244 1723 ὑπὸ
1276 1670 1376 1740 τῆς
1423 1668 1720 1737 σεισοείσης

1832 1683 1937 1729 tem
2005 1664 2382 1729 transmiserat
2406 1715 2421 1739 ,

142 1777 210 1828 δι’
235 1773 402 1827 αὐτὸν
428 1770 529 1839 γῆς
547 1767 928 1835 ἁποσειόμενον
950 1763 1041 1816 καὶ
1061 1762 1533 1833 ἁναϐρασσόμενον
1550 1779 1561 1788 ο
1585 1776 1720 1832 προ-

142 1867 345 1937 οίμιον,
385 1859 561 1933 οἶμαι,
595 1861 691 1929 τῆς
724 1858 928 1911 ἐκεῖθεν
972 1855 1263 1916 κολάσεως.
1312 1853 1619 1906 Ἀνίσταται
1664 1852 1721 1903 δὲ

144 1957 402 2029 βασιλεὺς
435 1955 620 2022 ἕτερος
648 1951 781 2022 (20),
810 1949 908 2001 οὐκ
942 1946 1161 2016 ἀναιδὴς
1188 1945 1265 2014 τῷ
1288 1943 1560 2015 προσώπῳ
1582 1942 1721 1996 κατὰ

140 2051 232 2105 τὸν
263 2044 685 2120 προειρημένον,
717 2039 835 2094 οὐδὲ
853 2040 963 2101 τοῖς
994 2038 1251 2108 πονηροῖς
1279 2035 1461 2107 ἔργοις
1488 2037 1580 2087 καὶ
1603 2035 1723 2087 ἐπι-

144 2142 370 2202 στάταις
414 2134 674 2191 ὲκθλίϐων
708 2131 800 2184 τὸν
842 2128 1077 2200 Ἰσραὴλ,
1130 2126 1266 2180 ἀλλὰ
1296 2127 1387 2178 καὶ
1408 2125 1526 2179 λίαν
1568 2125 1723 2176 εὐσε-

142 2236 243 2304 ϐής
265 2249 327 2284 τε
351 2230 444 2283 καὶ
470 2228 674 2297 ἥμερος
694 2240 707 2252 ·
747 2222 827 2286 ὃς,
859 2222 945 2272 ἵνα
974 2218 1200 2289 ἀρίστην
1242 2216 1417 2287 ἐαυτῷ
1454 2216 1723 2285 καταστή-

144 2342 308 2393 σηται
336 2322 445 2391 (21)
474 2319 571 2389 τὴν
593 2317 692 2387 τῆς
742 2312 1014 2385 βασιλείας
1047 2310 1307 2381 κρηπῖδα,
1357 2311 1452 2363 καὶ
1490 2308 1610 2362 ὅθεν
1643 2308 1723 2360 δεῖ

141 2416 277 2483 (22),
301 2414 404 2482 τῆς
430 2408 683 2480 εὐνομίας
712 2405 962 2478 ἄρξηται,
1000 2400 1115 2455 λύει
1150 2401 1247 2472 μὲν
1270 2404 1381 2463 τοῖς
1408 2399 1721 2461 ἐπισκόποις

138 2508 237 2579 τὴν
277 2505 516 2575 ὲξορίαν,
556 2503 670 2564 τοῖς
703 2516 762 2552 τε
810 2497 988 2559 ἄλλοις
1022 2495 1215 2557 ἅπασι,
1244 2494 1339 2546 καὶ
1366 2493 1469 2565 πρὸ
1504 2493 1720 2546 πάντων

138 2601 216 2670 τῷ
246 2597 360 2671 πρὸ
389 2596 605 2649 πάντων
624 2594 720 2662 τὴν
744 2589 963 2663 ἀρετὴν,
994 2587 1089 2641 καὶ
1111 2588 1393 2659 προδήλως
1420 2585 1530 2659 (25)
1578 2585 1719 2657 ὑπὲρ

138 2692 237 2761 τῆς
274 2686 559 2748 εὐσεϐείας
604 2680 978 2752 πολεμηθέντι.
1005 2679 1168 2749 Ζητεῖ
1207 2680 1265 2732 δὲ
1286 2679 1385 2749 τῆς
1418 2677 1539 2731 καθ’
1574 2678 1720 2747 ἡμᾶς

139 2782 384 2841 πίστεως
429 2777 529 2847 τὴν
579 2773 853 2844 ἀλήθειαν,
903 2771 1008 2826 ὑπὸ
1060 2771 1267 2824 πολλῶν
1300 2769 1720 2823 διασπασθεῖσαν

138 2873 233 2927 καὶ
267 2868 651 2940 συγχυθεῖσαν,
710 2866 805 2918 καὶ
838 2866 919 2926 είς
963 2865 1163 2927 πολλὰς
1195 2862 1351 2928 δόξας
1397 2863 1491 2914 καὶ
1524 2859 1720 2931 μοίρας

136 2962 548 3034 νενεμημένην’
585 2958 725 3011 ὥστε
764 2956 997 3026 μάλιστα
1051 2954 1148 3025 μὲν
1194 2952 1286 3006 τὸν
1339 2951 1540 3021 κόσμον
1572 2949 1711 3013 ὅλον,

206 3014 435 3119 τε,
461 3014 817 3123 συμφωνῆσαι
839 3047 973 3117 (24),
1004 3014 1096 3100 κάὶ
1128 3047 1209 3108 εἰς
1234 3044 1290 3097 ἓν
1311 3043 1485 3096 ἐλθεῖν
1504 3043 1570 3112 τῇ
1590 3057 1708 3094 συν·
1745 3014 1789 3072 C

135 3148 305 3221 εργίᾳ
366 3146 459 3201 τοῦ
493 3143 808 3214 Πνεύματος
831 3157 843 3168 ·
873 3139 1001 3193 εἰδὲ
1046 3137 1129 3202 οὒ,
1180 3136 1295 3190 ἀλλ’
1321 3134 1483 3189 αὐτόν
1516 3134 1628 3205 (25)
1655 3149 1719 3201 γε

138 3241 287 3313 μετὰ
303 3240 405 3309 τῆς
430 3236 708 3308 βελτίστης
756 3230 1031 3301 γενέσθαι,
1067 3229 1294 3301 κάκείνῃ
1342 3227 1642 3301 παρασχεῖν
1661 3224 1723 3277 τὸ

134 3332 370 3403 κράτος,
405 3329 499 3382 καὶ
529 3326 657 3397 παρ’
684 3325 900 3394 ἐκείνης
930 3321 1256 3383 ἀντιλαϐεῖν,
1282 3318 1400 3372 λίαν
1420 3317 1637 3388 ὑψηλῶς
1662 3334 1721 3370 τε

135 3424 235 3478 καὶ
273 3416 709 3493 μεγαλοπρεπῶς
743 3415 873 3486 περὶ
905 3413 1012 3467 τῶν
1033 3412 1302 3484 μεγίστων
1322 3408 1718 3480 διανοούμενος.

139 3515 317 3569 Ἔνθα
348 3512 412 3584 δὴ
439 3512 532 3565 καὶ
560 3509 792 3581 μάλιστα
823 3504 1087 3575 διεδείχθη
1117 3502 1211 3555 τοῦ
1242 3500 1433 3572 ἀνδρὸς
1470 3502 1504 3571 ἡ
1552 3499 1722 3553 καθα-

140 3608 331 3679 ρότης,
366 3604 459 3656 καὶ
487 3602 544 3654 τὸ
596 3598 882 3670 στερέωμα
928 3596 1029 3665 τῆς
1057 3596 1137 3657 εἰς
1184 3592 1417 3664 Χριστὸν
1465 3590 1716 3653 πίστεως.

136 3698 266 3751 Τῶν
294 3696 402 3766 γὰρ
436 3693 609 3747 ἄλλων
636 3690 913 3751 ἁπάντων,
940 3687 1053 3739 ὅσοι
1090 3684 1183 3738 τοῦ
1219 3682 1340 3736 καθ’
1365 3683 1513 3752 ἡμᾶς
1538 3681 1716 3749 λόγου,

134 3788 307 3862 τριχῆ
333 3784 734 3855 νενεμημένων,
774 3779 867 3832 κοιλ⁹
906 3775 1113 3829 πολλῶν
1148 3774 1243 3845 μὲν
1265 3773 1431 3825 ὅντων
1453 3771 1559 3824 τῶν
1594 3771 1720 3862 περ).

136 3860 233 3936 τδν
268 3880 397 3933 Υίὸν
427 3872 873 3948 ἀρρωστούντων,
925 3868 1185 3922 πλειόνων
1240 3866 1297 3919 δὲ
1340 3865 1448 3917 τῶν
1500 3863 1627 3934 περὶ
1658 3860 1719 3914 τό

136 3972 376 4043 Πνεῦμα
423 3969 484 4023 τὸ
533 3969 708 4036 ἆγιον,
758 3963 887 4016 ἔνθα
945 3960 1040 4014 καὶ
1071 3958 1131 4013 τὸ
1169 3956 1279 4028 (26)
1317 3951 1478 4028 ἧττον
1504 3954 1718 4008 ἀσεϐεῖν

136 4065 399 4120 εὐσέϐεια
427 4058 703 4132 ἐνομίσθη,
738 4055 915 4123 ὀλίγον
946 4054 1058 4123 (27)
1082 4052 1138 4104 δὲ
1157 4050 1264 4103 τῶν
1289 4050 1407 4103 κατ’
1436 4048 1718 4119 ἀμφότερα

138 4156 482 4227 ὑγιαίνοντος
504 4168 518 4183 ⁸
552 4149 765 4221 πρῶτος
803 4145 894 4198 καὶ
916 4143 1093 4214 μόνος,
1132 4139 1375 4212 ἢκομιδῆ
1405 4140 1500 4192 σὺν
1521 4138 1719 4205 ὀλίγοις

136 4245 434 4315 ἀποτολμᾷ
464 4241 563 4312 τὴν
594 4238 850 4309 ἀλήθειαν
904 4232 1090 4302 σαφῶς
1121 4230 1319 4283 οὑτωσὶ¹
1363 4229 1458 4282 καὶ
1504 4228 1720 4300 διαρρή-

136 4342 267 4411 δην,
296 4336 405 4389 τῶν
447 4333 611 4405 τριῶν
646 4330 774 4401 μίαν
820 4326 1047 4397 θεότητα
1082 4323 1175 4376 καὶ
1208 4320 1394 4374 οὐσίαν
1429 4319 1718 4411 ἐγγράφως

138 4409 490 4502 ὁμολογήσας
514 4423 655 4494 (28)°
680 4421 774 4475 καὶ
807 4419 835 4471 ὃ
863 4416 941 4488 τῷ
971 4414 1148 4484 πολλῷ
1178 4412 1284 4466 τῶν
1318 4410 1573 4481 Πατέρων
1602 4409 1718 4502 ἀρι-

141 4500 274 4593 θμῷ
314 4518 426 4589 (29)
460 4515 587 4589 περ)¹
627 4513 718 4566 τὸν
758 4510 885 4564 Υἰὺν
940 4506 1201 4579 ἐχαρίσθη
1240 4504 1522 4575 πρότερον,
1564 4500 1721 4553 τοῦτο

223 4701 337 4772 (18)
389 4697 549 4772 Τρισὶ
595 4662 995 4772 παλαίσμασι,
1044 4709 1063 4741 ι
1091 4686 1311 4772 T'riplici
1355 4684 1709 4772 certamine.»

142 4756 281 4829 Tria
319 4756 487 4824 subiit
519 4766 705 4821 exsilia
731 4756 1079 4817 Athanasius.
1121 4756 1357 4812 Primum
1381 4796 1395 4821 ,
1444 4756 1542 4829 sub
1574 4756 1715 4829 Con:-

143 4824 425 4904 stantino;
458 4835 772 4898 secundum,
800 4833 900 4888 sub
941 4829 1291 4891 Constantio;
1338 4826 1574 4886 tertium,
1618 4824 1718 4878 sub

140 4914 389 4971 Juliano.
560 4974 580 4976 Α
757 4974 767 4976 _
853 4970 988 4976 ___
1043 4969 1057 4976 _
1124 4968 1155 4976 _
1246 4966 1260 4976 _

235 4962 513 5051 (ῙθγΣοι.
558 4974 717 5029 Deest
756 4974 809 5027 in
844 4970 1007 5027 Coisl.
1036 4969 1088 5035 1,
1118 4968 1211 5023 Or.
1240 4966 1290 5031 1,
1337 4964 1563 5033 aliisque
1605 4962 1722 5033 plu.

143 5055 677 5192 Πιῗὲῗωασιλεὺς
725 5113 946 5181 ἔτεροςο
988 5107 1213 5164 δοιιοισε
1256 5103 1529 5166 ἰοδιανάςν
1576 5120 1595 5152 ‘
1634 5100 1723 5155 ³⁰”

142 5206 877 5331 Ἠῖἓιίῗιξαταστήσητᾳιλ
907 5249 997 5304 Sic
1029 5247 1243 5331 Optimae
1297 5243 1716 5331 notzieucot‘lices.

143 5313 292 5400 Re‘g.
325 5313 378 5395 a,
415 5313 750 5397 καταστησῃζ
778 5322 881 5374 Alii
929 5313 1287 5377 cum-editis,
1338 5313 1720 5382 προκαταστή-

145 5417 346 5541 σηῗῆῗῖί)
387 5466 501 5541 dei.
534 5464 625 5520 Sic
661 5462 841 5532 plures
872 5460 1060 5530 Regg.,
1107 5459 1211 5511 duo
1239 5452 1430 5516 Coisl.,
1456 5459 1510 5505 et
1540 5450 1632 5505 Or.
1665 5450 1714 5505 1.

146 5542 209 5596 ιη
229 5542 361 5676 (2g),
383 5538 717 5676 ῗῖᾎρδήλως.
744 5600 889 5665 Par.,
915 5595 1085 5676 προθρ
1096 5612 1229 5666 μως.
1259 5663 1314 5676 Μ

250 5609 322 5661 23
383 5608 717 5673 Προδήλως.
745 5608 889 5665 Pan,
915 5608 1229 5676 npougttwg.
1301 5663 1314 5676 .

229 5608 346 5749 (24)
385 5679 454 5731 El
485 5671 615 5729 οἶόν
658 5689 741 5736 τε,
789 5680 1208 5738 συμφωγησαι.
1258 5663 1348 5720 Stc
1382 5662 1547 5733 Regg.
1578 5677 1627 5731 a,
1674 5676 1723 5720 c.

1833 1492 2067 1546 numinis
2101 1492 2265 1546 ultrix
2294 1493 2525 1563 ablegat,
2566 1493 2782 1561 illicque
2812 1512 3029 1553 causam
3079 1501 3343 1571 disceptat
3374 1523 3389 1559 :

1832 1590 1885 1634 et
1914 1597 2073 1651 quem
2102 1582 2448 1651 magnificum
2480 1593 2534 1637 et
2566 1585 2787 1639 honoris
2814 1588 3112 1656 cupiditate
3156 1590 3397 1661 ﬂagran-

2510 1679 2757 1732 eumdem
2810 1691 3085 1736 mortuum
3140 1686 3393 1752 reducit,

1822 1765 1989 1837 408
2040 1781 2108 1822 ne
2157 1768 2506 1822 miseratione
2543 1770 2758 1838 quidem
2808 1786 3130 1842 quemquam
3165 1792 3395 1845 permo-

1826 1868 2042 1911 ventem
2076 1874 2090 1910 :
2126 1857 2255 1924 imo,
2288 1868 2347 1912 ut
2381 1860 2511 1913 mihi
2546 1862 2812 1929 quispiam
2865 1866 3123 1931 narravit,
3179 1884 3277 1922 nec
3326 1872 3392 1922 ad

1822 1948 2152 2018 sepulturam
2206 1961 2562 2019 assumptum,
2599 1955 2691 2006 sed
2747 1969 2775 2005 a
2825 1964 3006 2023 terra,
3062 1973 3180 2026 quae
3225 1961 3393 2027 ipsius

1822 2055 1981 2094 causa
2008 2041 2219 2094 turbata
2245 2040 2449 2106 fuerat,
2482 2059 2793 2110 excussum,
2817 2056 3058 2115 aestuque
3088 2051 3391 2108 vehementi

1823 2131 2116 2200 projectum
2148 2146 2162 2185 :
2200 2133 2560 2202 insequentis,
2591 2142 2649 2188 ut
2683 2136 2893 2203 opinor,
2923 2139 3168 2205 supplicii
3197 2144 3393 2211 praelu-

1822 2220 1992 2273 dium.
2020 2222 2207 2290 Surgit
2245 2231 2426 2277 autem
2457 2224 2594 2277 alter
2634 2225 2950 2293 imperator,
2988 2226 3127 2283 facie
3170 2232 3391 2288 minime

1823 2312 2123 2380 impudens,
2170 2315 2625 2383 quemadmodum
2678 2316 2745 2380 is,
2796 2317 2862 2371 de
2912 2334 3018 2387 quo
3064 2331 3187 2374 ante
3227 2325 3389 2375 verba

1822 2401 2068 2468 fecimus,
2095 2418 2194 2457 nec
2227 2406 2407 2473 pravis
2449 2408 2700 2475 operibus
2757 2417 2811 2461 et
2852 2423 3076 2478 operum
3124 2414 3392 2481 praefectis

1822 2490 2068 2547 lsraelem
2099 2495 2432 2563 opprimens,
2452 2495 2545 2549 sed
2566 2496 2699 2549 mira
2728 2498 2925 2565 pietate
2943 2500 3221 2571 animique
3252 2503 3387 2557 leni-

1823 2593 1931 2638 tate
1978 2585 2267 2653 praeditus;
2314 2586 2426 2654 qui,
2483 2595 2541 2640 ut
2590 2587 3012 2656 pulcherrimum
3058 2592 3269 2661 imperii
3305 2596 3387 2649 sui

1824 2674 2479 2746 fundamentumjaceret,
2504 2688 2814 2749 rectamqne
2831 2679 3004 2748 legum
3032 2683 3389 2748 sanctionem,

1821 2766 1961 2820 unde
2012 2753 2387 2830 conveniebat,
2440 2768 2835 2835 auspicaretur,
2888 2785 3007 2824 cum
3040 2786 3229 2827 omnes
3256 2772 3392 2828 alios

1819 2856 2124 2926 episcopos,
2166 2865 2276 2909 tum
2308 2871 2430 2909 eum
2460 2867 2584 2910 ante
2608 2872 2819 2920 omnes,
2867 2860 2958 2929 qui
2993 2863 3241 2916 omnibus
3280 2862 3390 2916 vir—

1822 2955 1937 3002 tute
1963 2947 2272 3017 praestabat,
2301 2961 2364 3002 ac
2395 2950 2530 3002 citra
2564 2949 2953 3005 dubitationem
2984 2952 3145 3005 ullam
3170 2954 3390 3022 pietatis

1821 3055 1983 3095 causa
2024 3049 2367 3111 oppugnatus
2401 3040 2600 3105 fuerat,
2639 3040 2707 3095 ab
2728 3042 2918 3098 exsilio
2966 3053 3201 3099 revocat.
3249 3044 3387 3111 Quin

1822 3132 1984 3187 etiam
2023 3131 2144 3186 fidei
2174 3141 2377 3185 nostra:
2408 3133 2692 3186 veritatem
2740 3148 2769 3187 a
2805 3134 2990 3188 multis
3014 3134 3305 3190 laceratam
3334 3145 3389 3191 et

1822 3224 2213 3293 perturbatam.
2243 3232 2405 3291 atque
2435 3222 2487 3276 in
2519 3234 2805 3279 sexcentas
2848 3225 3131 3293 Opiniones
3178 3239 3389 3294 partes-

1822 3329 1927 3382 que
1990 3313 2328 3379 distractam,
2364 3316 2579 3381 quaerit,
2634 3323 2694 3367 ut
2743 3314 2977 3369 maxime
3011 3317 3226 3384 quidem
3261 3319 3385 3372 uni-

1821 3413 2011 3454 versus
2037 3399 2206 3464 orbis,
2253 3400 2296 3454 si
2332 3399 2449 3455 fieri
2486 3409 2686 3471 posset,
2732 3402 2785 3457 in
2834 3403 2958 3457 fidei
3003 3407 3219 3474 negotio
3254 3423 3387 3462 con-

1822 3492 2078 3559 sentiret,
2112 3490 2459 3563 Spiritusque
2504 3494 2703 3549 auxilio
2753 3496 2806 3549 in
2853 3510 3017 3548 unum
3058 3498 3265 3554 coiret:
3303 3500 3386 3553 sin

1823 3584 2025 3647 minus,
2081 3584 2193 3652 ipse
2241 3594 2389 3637 certe
2445 3586 2660 3652 optimae
2690 3586 2832 3655 parti
2883 3602 3002 3642 sese
3055 3588 3386 3659 adiungeret,

1822 3674 2091 3744 simulque
2123 3685 2177 3729 et
2199 3675 2244 3729 ei
2274 3676 2440 3729 robur
2463 3676 2700 3741 afferret,
2731 3688 2787 3733 et
2810 3678 2877 3733 ab
2898 3694 2958 3733 ea
2987 3679 3222 3734 vicissim
3253 3683 3389 3735 acci-

1819 3776 1991 3837 peret,
2030 3767 2243 3822 excelse
2275 3768 2435 3843 simul
2465 3779 2519 3822 et
2549 3770 2828 3835 magnifice
2857 3773 2922 3825 de
2949 3772 3107 3826 rebus
3140 3773 3387 3829 maximis

1821 3859 2086 3928 cogitans.
2127 3859 2303 3927 Atque
2353 3860 2439 3913 hic
2478 3860 2819 3928 potissimum
2869 3864 3200 3918 Athanasius
3239 3866 3387 3934 puri-

1822 3952 1948 4007 tatis
1975 3966 2084 4006 suae
2114 3952 2345 4021 fideique
2390 3952 2442 4005 in
2484 3952 2756 4007 Christum
2792 3954 2958 4008 firmae
2998 3964 3052 4009 et
3085 3959 3389 4009 constantis

1821 4042 2092 4112 specimen
2116 4043 2303 4097 edidit.
2330 4042 2461 4097 Nam
2487 4058 2607 4098 cum
2636 4047 2812 4100 caeteri
2837 4062 3045 4112 omnes,
3069 4048 3159 4118 qui
3187 4048 3388 4104 doctri-

1822 4150 1947 4189 nam
1977 4144 2219 4189 nostram
2249 4134 2662 4204 proﬁtebantur,
2696 4136 2957 4191 trifariam
2991 4137 3147 4192 divisi
3180 4148 3385 4203 essent,
3414 4169 3418 4173 ι

1825 4243 1888 4282 ac
1912 4228 2064 4287 multi
2095 4227 2240 4281 circa
2274 4226 2490 4292 Filium,
2524 4226 2704 4295 plures
2751 4228 2913 4281 etiam
2943 4228 3086 4284 circa
3122 4226 3382 4298 Spiritum

1824 4328 2068 4373 sanctum
2093 4333 2289 4387 εδει-δη)
2324 4318 2481 4372 fidem
2520 4319 2781 4373 haberent
2849 4320 2959 4379 (ibi
2998 4319 3167 4375 levior
3194 4320 3385 4390 impleo

1828 4420 1910 4464 tas
1985 4410 2199 4479 pietatis
2274 4409 2582 4478 opinionem
2649 4408 2911 4479 ferebat),
2987 4411 3143 4480 pauci
3203 4422 3383 4466 autem

1825 4501 2078 4570 utrinque
2123 4500 2238 4555 sani
2285 4509 2339 4553 et
2374 4499 2667 4554 incolumes
2710 4509 2911 4565 essent,
2960 4501 3164 4570 primus
3199 4502 3287 4557 ille
3329 4511 3385 4557 et

1814 4680 2070 4748 d,0r.I,
2116 4681 2252 4748 Jes.,
2289 4691 2420 4743 etc.,
2471 4698 2591 4737 cum
2642 4680 2731 4735 illo
2784 4688 2988 4734 tantum
3045 4676 3380 4748 discrimine,

1813 4746 1976 4820 quod,
2021 4767 2117 4822 pro
2162 4746 2823 4823 συμφωνῆσαι,1ιιι1)θοηῑ,
2873 4747 3275 4818 συμφρονῆσαι.
3322 4746 3382 4801 In

1823 4824 1909 4877 ed.
1942 4821 2091 4876 deest
2119 4823 2188 4885 εἰ,
2224 4821 2278 4875 et
2315 4837 2410 4887 pro
2436 4839 2516 4882 τε,
2548 4821 2755 4887 legitur,
2785 4837 2857 4873 τι.

1897 4891 2009 4961 (25)
2050 4893 2120 4944 El
2168 4890 2236 4945 δὲ
2283 4890 2389 4950 οὒ.
2430 4891 2566 4945 ἀλλ’
2606 4886 2813 4944 αὐτόν.
2848 4888 3035 4961 Βρες.
3083 4888 3221 4961 hm_,_
3272 4886 3380 4961 ph.

1826 4956 2009 5028 decem
2044 4961 2219 5021 Cnlb.,
2256 4961 2435 5023 αὐτός.
2471 4961 2526 5014 In
2560 4961 2646 5014 ed.
2685 4971 2738 5013 et
2770 4958 3085 5028 quibusdam
3134 4956 3287 5023 aliis,
3330 4958 3382 5010 sl

1825 5030 1870 5082 δ’
1892 5027 2002 5092 οὖν,
2028 5030 2141 5084 ἀλλ’
2174 5030 2354 5084 αὐτόν.

1899 5102 2010 5168 (26)
2056 5102 2145 5155 Τό.
2182 5100 2271 5154 Sic
2309 5108 2535 5167 quatuor
2569 5098 2735 5162 Regg.
2774 5096 2935 5168 Deest
2963 5094 3022 5168 τό
3050 5095 3102 5148 in
3133 5096 3222 5168 ed.

1896 5163 2006 5240 (27)
2056 5171 2307 5238 Ὀλίγον,
2328 5163 2451 5224 ὀιο.
2480 5169 2607 5240 Alii,
2644 5168 2836 5240 όλίγων
2864 5167 2919 5240 δὲ
2950 5165 3058 5217 τῶν
3078 5204 3091 5218 .
3120 5204 3144 5240 ._
3159 5203 3173 5217 .
3206 5163 3386 5233 ὑγιαι-

1825 5234 2041 5294 νόντων.
2077 5234 2213 5303 Αιίἴ,
2262 5240 2440 5308 ὀλίγου
2491 5239 2547 5291 δὲ
2593 5238 2687 5291 τοῦ
2739 5236 3090 5305 ὑγιαίνοντος.
3124 5234 3382 5288 Neutrum

1827 5310 2069 5379 diSplicet
2094 5310 2437 5379 Combetisio.

1895 5371 2006 5449 I228)
2060 5378 2387 5449 Ἐγγράφως
2453 5376 2866 5449 ὁμολογήσας.-
2917 5373 3212 5449 Scriptum.
3256 5371 3383 5424 illud

1825 5440 2037 5504 videtur
2059 5440 2451 5518 esse'syimd'ica
2483 5440 2717 5515 Epistula
2749 5440 2817 5499 ad
2840 5440 3142 5508 Jovianum,
3181 5440 3248 5496 de
3277 5457 3380 5511 qua

1831 5519 2214 5581 Theodoretus,
2257 5518 2422 5579 Ηὶδιη
2453 5519 2549 5571 lib.
2579 5532 2653 5580 IV,
2687 5533 2737 5571 c.
2763 5519 2813 5571 5.

1901 5590 2012 5658 (29)
2051 5587 2263 5653 Πολλῷ
2294 5586 2413 5640 τῶν
2453 5584 2992 5658 Πατέρωννάριθμῷ.
3023 5584 3147 5643 Haec
3185 5582 3249 5640 de
3277 5580 3382 5640 Pa-

1836 5656 2008 5715 tribus
2046 5660 2258 5714 concilii
2291 5658 2491 5713 Nicaeni
2528 5656 2772 5726 intelligit
2805 5656 3040 5712 Nicetes.
