3914 6404
594 284 732 339 1125

1785 277 1845 331 S.
1888 274 2215 330 GREGORH
2256 272 2602 329 TIIEOLOGI

3673 283 3793 335 11³21

595 403 768 463 solus,
801 409 890 454 aut
917 414 1039 454 cum
1081 396 1370 452 admodum
1417 393 1624 464 paucis,
1671 395 1950 448 veritatem
1982 394 2156 463 palam

2269 395 2388 464 περὶ
2415 393 2510 446 τοῦ
2550 393 2704 461 ἁγίου
2751 393 3064 464 Πνεύματος
3098 395 3258 459 αὐτὸς
3284 397 3630 465 ὲμπνευσθεὶς
3659 402 3794 458 ὕστε-

597 493 904 561 apertisque
927 489 1110 544 verbis
1145 488 1488 558 promulgare
1520 502 1624 540 non
1656 485 1957 549 dubitavit,
1988 500 2151 538 unam

2263 501 2376 555 ρον,
2410 485 2505 538 καὶ
2550 483 2719 554 δῶρον
2759 483 3034 553 βασιλικὸν
3080 485 3249 549 ὅντως
3289 487 3382 540 καὶ
3417 489 3796 562 μεγαλοπρεπὲς

603 586 764 638 trium
798 597 1148 653 personarum
1185 580 1524 635 divinitatem
1551 587 1605 633 et
1625 577 1914 632 essentiam
1957 575 2157 644 scripto

2269 575 2336 646 τῷ
2379 574 2594 645 βασιλεῖ
2645 575 3044 646 προσενεγκὼν,
3093 576 3368 646 ἔγγραφον
3405 578 3503 649 τὴν
3549 582 3796 638 εὐσέϐειαν

595 677 876 730 confessus
917 684 1007 730 :et
1043 673 1184 742 quod
1228 671 1413 726 multis
1453 671 1558 726 illis
1600 669 1852 724 Patribus
1898 670 2041 723 circa
2073 667 2162 721 Fi-

595 764 724 816 lium
757 763 905 830 prius
929 777 1245 818 concessum
1291 760 1502 821 fuerat,
1551 759 1690 812 idem
1727 758 1840 827 ipse
1884 767 2066 826 postea
2108 756 2160 809 in

595 857 886 911 asserenda
914 858 1144 924 Spiritus
1183 855 1353 909 sancti
1392 853 1670 908 divinitate
1714 866 1949 921 superno
1982 848 2163 904 alllatu

2259 667 2402 722 κατά
2430 667 2528 738 τῆς
2551 668 2796 738 ἀγράφου
2826 668 3171 739 καινοτομίας
3205 668 3349 739 (50)’
3381 669 3468 723 ἵνα
3501 672 3696 741 βασιλεῖ
3715 678 3799 746 μὲν

2263 759 2532 829 βασιλεὺς,
2557 760 2699 830 λόγῳ
2719 760 2776 813 δὲ
2797 759 2972 828 λόγος,
2995 761 3282 833 γράμματι
3312 762 3368 816 δὲ
3402 763 3630 835 γράμμα
3658 785 3803 821 κατα-

2262 849 2579 919 παλαίηται.

594 959 935 1005 consecutus.
958 950 1134 1016 Atque
1157 944 1466 1012 imperatori
1495 946 1691 998 donum
1713 957 1840 998 vere
1872 943 2078 1014 regium
2105 950 2156 996 et
2194 940 2533 1011 magniﬁcum
2566 940 2746 1006 oﬂ'ert,
2791 943 3050 1012 scriptam
3117 945 3371 1002 nimirum
3452 947 3576 1002 ﬁdei
3613 950 3804 1007 confes-

595 1041 825 1104 sionem,
855 1041 1114 1093 adversus
1145 1050 1338 1090 novum
1383 1035 1574 1104 dogma
1605 1048 1865 1102 nusquam
1909 1031 1962 1086 in
2000 1031 2280 1102 Scriptura
2307 1045 2622 1100 expressum
2664 1048 2678 1085 :
2712 1043 2772 1086 ut
2837 1033 2917 1088 sic
2967 1041 3020 1088 et
3076 1033 3456 1105 imperatorem
3522 1038 3803 1106 imperator,

596 1143 651 1185 et
674 1133 971 1184 doctrinam
1005 1129 1270 1191 doctrina,
1298 1135 1352 1181 et
1372 1125 1609 1180 libellum
1633 1126 1842 1180 libellus
1875 1124 2147 1191 frangeret
2183 1132 2344 1192 atque
2375 1121 2728 1192 opprimeret.
2783 1183 2786 1185 _

663 1221 827 1292 509
873 1217 1107 1272 XXXIV.
1157 1217 1283 1270 Mihi
1322 1215 1480 1282 hujus
1527 1213 1885 1269 confessionis
1913 1211 2153 1266 auctori-

599 1324 707 1368 tate
739 1309 962 1381 permoti
991 1307 1262 1369 videntur,
1295 1317 1402 1360 tum
1429 1304 1826 1368 Occidentales,
1865 1315 1979 1356 tum
2002 1302 2159 1370 quid-

595 1404 724 1474 quid
751 1404 805 1456 in
847 1400 1066 1454 Oriente
1105 1398 1268 1450 vitale
1305 1405 1421 1461 est;
1452 1395 1542 1448 alii
1595 1394 1810 1462 quidem
1860 1393 2040 1447 animo
2072 1401 2157 1446 te-

598 1513 700 1552 nus
751 1498 1004 1563 pietatem
1048 1490 1268 1551 colunt,
1302 1489 1346 1540 si
1377 1487 1506 1555 quid
1553 1487 1788 1555 ipsorum
1818 1485 1998 1538 verbis
2037 1482 2157 1538 ﬁdei

605 1589 908 1644 habendum
941 1593 1045 1648 est,
1087 1581 1310 1636 ulterius
1333 1589 1512 1634 autem
1554 1593 1672 1658 eam
1700 1591 1805 1632 non
1837 1574 2121 1658 proferunt
2144 1614 2160 1641 ,

2333 1213 2454 1267 AA'.
2485 1213 2700 1284 Ταύτην
2745 1230 2837 1284 μοι
2869 1213 3117 1270 δοκοῦσιν
3166 1215 3475 1288 αἰδούμενοι
3517 1237 3613 1290 την
3634 1223 3806 1291 ὁμολο-

2264 1305 2408 1372 γίαν,
2443 1306 2496 1358 οἵ
2521 1323 2580 1360 τε
2606 1307 2702 1378 τῆς
2729 1307 3008 1378 ἑσπερίας,
3044 1309 3256 1380 καὶτῆς
3299 1309 3462 1382 ἑῴας,
3499 1313 3618 1366 ὅσον
3647 1313 3810 1383 βιῶσι-

2269 1414 2366 1467 μον
2389 1414 2402 1427 ·
2434 1399 2482 1450 οἱ
2529 1398 2627 1467 μὲν
2662 1399 2820 1470 μέχρι
2862 1399 3101 1463 διανοίας
3152 1401 3304 1470 ἄγειν
3341 1403 3404 1455 τὸ
3435 1405 3670 1470 εὐσεϐὲς,
3701 1408 3808 1462 εἴτι

2267 1489 2520 1558 λέγουσιν
2543 1492 2726 1554 αὐτοῖς
2761 1492 3099 1553 πιστευτέον,
3125 1495 3436 1567 περαιτέρω
3465 1497 3525 1549 δὲ
3583 1500 3650 1569 μὴ
3690 1516 3808 1570 προ-

2268 1585 2420 1652 άγειν
2452 1584 2581 1654 (51),
2637 1584 2824 1655 ὥσπερ
2853 1603 2905 1637 τι
2941 1584 3130 1656 νεκρὸν
3176 1585 3362 1655 κύημα
3395 1590 3517 1650 ταῖς
3570 1593 3809 1660 μητράσιν

599 1681 746 1732 velut
781 1686 1050 1731 mortuum
1083 1672 1367 1742 quemdam
1400 1669 1566 1724 letum
1587 1657 1683 1732 ,fin
1725 1657 1967 1721 materno
2007 1675 2160 1720 utero

2269 1673 2698 1744 ἐναποθνῆσκον·
2743 1676 2792 1728 οἱ
2845 1675 3034 1744 δὲ(52)
3084 1676 3275 1746 μικρὸν
3328 1657 3810 1746 ἐξάπτειν,

605 1772 974 1831 exstinctum;
1005 1766 1092 1819 alii
1137 1777 1264 1817 vero
1305 1777 1457 1824 eam,
1505 1758 1722 1829 igniculi
1760 1759 2038 1825 cuiusdam
2077 1759 2161 1813 in-

2269 1743 2568 1834 σπινθῆρας
2591 1765 2726 1836 (55),
2762 1766 2884 1819 ὅσον
2913 1743 3266 1834 ἀφοσιοῦσθαι
3295 1767 3384 1820 τὸν
3422 1769 3632 1838 καιρὸν,
3660 1771 3693 1841 ἢ
3721 1743 3810 1823 τῶν

600 1871 740 1926 star,
773 1855 1016 1912 nonnihil
1044 1852 1372 1910 accendunt,
1409 1850 1670 1904 hactenus
1689 1848 1919 1912 scilicet,
1941 1856 1999 1901 ut
2026 1856 2162 1902 tem-

601 1953 757 2020 pori,
823 1942 1456 2016 atqueferventioribns
1511 1940 1859 2003 orthodoxis,
1910 1947 2003 1995 aut
2060 1939 2162 2007 piae

601 2043 739 2111 plebi
770 2051 1041 2106 utcunque
1090 2034 1461 2098 satisfaciant;
1505 2032 1595 2086 alii
1641 2032 1871 2100 denique
1901 2039 2008 2084 tota
2043 2046 2163 2084 ver-

601 2136 787 2188 borum
822 2131 1066 2185 lihertate
1111 2128 1392 2182 veritatem
1426 2125 1756 2193 praedicant,
1785 2136 1814 2174 a
1860 2137 1965 2190 qua
2010 2130 2164 2190 parte

600 2226 804 2277 utinam
833 2223 948 2292 ipse
976 2229 1144 2276 stem:
1176 2233 1274 2272 nec
1305 2216 1447 2270 enim
1481 2213 1651 2283 majus
1676 2213 1928 2283 quiddam
1956 2212 2164 2281 jactare

596 2318 808 2380 audeo;
841 2329 943 2368 non
979 2312 1086 2380 iam
1123 2308 1398 2365 timiditati
1426 2322 1557 2361 mete
1577 2345 1593 2372 ,
1623 2306 1764 2360 sicut
1798 2320 1900 2360 nec
1927 2304 2160 2358 aliorum

599 2407 828 2475 ignaviae
871 2420 937 2460 ac
993 2403 1190 2456 mentis
1258 2396 1623 2454 imbecillitati
1676 2395 1952 2450 consulam
1999 2393 2166 2466 (satis

599 2500 796 2554 etenim
821 2510 1092 2566 superque
1127 2491 1553 2562 dispensavimus
1576 2527 1592 2553 ,
1627 2501 1730 2542 non
1762 2487 1920 2542 modo
1958 2486 2165 2542 alienos

600 2589 758 2643 nobis
787 2603 892 2642 non
929 2584 1314 2653 adjungentcs,
1344 2581 1437 2635 sed
1469 2587 1685 2632 nostros
1712 2577 1873 2630 etiam
1912 2592 2164 2632 corrum-

602 2689 822 2749 pentes,
858 2677 998 2746 quod
1052 2688 1182 2729 sane
1222 2671 1480 2726 malorum
1519 2668 1945 2736 dispensatormn
1996 2667 2162 2737 est);

2266 1855 2559 1925 ὀρθοδὸξων
2607 1858 2733 1920 τοὺς
2785 1858 3167 1928 θερμοτέρους,
3203 1858 3236 1930 ἢ
3266 1858 3375 1911 τῶν
3423 1859 3569 1912 λαῶν
3594 1861 3652 1912 τὸ
3681 1861 3810 1928 privi-

2270 1947 2389 2001 θεον
2413 1962 2426 1977 ⁸
2456 1949 2505 2000 οἱ
2530 1948 2586 2000 δὲ
2615 1949 2709 2001 και)⁵
2737 1949 3208 2020 παρρησιάζεσθαι
3233 1949 3331 2021 τὴν
3363 1949 3640 2022 ἀλήθειαν,
3669 1947 3732 2024 ἦς
3759 1954 3811 2006 ἂν

2271 2037 2388 2107 εἴην
2412 2036 2522 2105 ἐγὼ
2546 2038 2764 2109 μερίδος
2787 2054 2800 2069 °
2850 2039 2910 2092 οὐ
2947 2040 3055 2111 γὰρ
3083 2041 3266 2112 τολμῶ
3290 2058 3343 2093 τι
3373 2042 3538 2095 πλέον
3561 2043 3669 2109 (51)
3696 2062 3811 2096 καυ-

2269 2128 2575 2198 χήσασθαι,
2625 2129 2817 2200 μηκέτι
2861 2131 2960 2201 τὴν
2993 2131 3130 2203 ἐμὴν
3171 2132 3373 2186 δειλίαν
3413 2134 3723 2204 οἱκονομῶν,
3751 2136 3813 2198 ὡς

2270 2219 2334 2290 δὴ
2365 2218 2462 2290 τὴν
2501 2220 2610 2273 τῶν
2650 2221 2990 2294 σαθροτέρων
3038 2223 3275 2278 διάνοιαν
3313 2225 3543 2294 (ἱκανῶς
3575 2224 3681 2296 γὰρ
3704 2225 3814 2295 ᾠκοι

2267 2313 2600 2382 νομήσαμεν,
2630 2315 2768 2383 μήτε
2798 2315 2858 2368 τὸ
2880 2314 3159 2386 ἀλλότριον
3191 2316 3718 2387 προσλαμϐάνοντες,
3737 2320 3815 2369 καὶ

2266 2399 2326 2452 τὸ
2355 2401 2618 2473 ἡμέτερον
2643 2402 2975 2473 φθείροντες,
3005 2405 3034 2457 ὃ
3067 2406 3249 2459 κακῶν
3269 2405 3442 2470 ὅντως
3474 2407 3620 2459 ἐστὶν
3645 2409 3812 2459 eitum

2270 2493 2408 2561 μων)
2429 2508 2443 2524 ο
2469 2492 2584 2545 ἀλλ’
2616 2495 2694 2556 εἰς
2723 2495 2837 2563 φῶς
2870 2496 3018 2564 ἄγων
3052 2496 3144 2549 τὸν
3169 2497 3346 2562 τόκον,
3377 2498 3474 2550 καὶ
3508 2498 3646 2569 μετά
3682 2516 3808 2552 σπου

2265 2581 2361 2652 δῆς
2409 2584 2709 2655 ὲκτρέφων,
2753 2587 2846 2639 καὶ
2899 2589 3022 2651 ταῖς
3069 2589 3321 2642 ἁπάντων
3358 2588 3516 2659 ὂψεσι
3565 2589 3814 2660 προτιθεὶς

2268 2673 2404 2743 (55),
2426 2675 2514 2727 ἀεὶ
2543 2677 2746 2729 τελειού
2755 2694 2934 2748 μενον.

602 2784 792 2826 verum
861 2778 1072 2836 partum
1116 2764 1169 2818 in
1219 2761 1390 2816 lucem
1443 2756 1663 2813 efferam
1763 2767 1818 2812 et
1879 2768 2131 2814 accurate
2164 2764 2393 2819 nutriatn
2499 2777 2661 2822 atoue
2719 2769 2961 2843 ruotidie
3024 2782 3404 2836 augescentem
3463 2772 3713 2828 omnibus
3757 2774 3813 2828 ob

605 2861 790 2917 oculos
811 2871 1124 2926 proponam.

672 2948 892 3006 XXXV.
921 2947 1025 3003 Sed
1055 2948 1152 3001 hoc
1201 2945 1253 2998 in
1304 2943 1394 2998 illo
1437 2942 1616 2997 minus
1644 2941 2018 2997 admirationis
2062 2958 2161 2998 me-

2338 2945 2460 2999 AE'.
2513 2943 2682 2998 Τοῦτο
2711 2944 2810 3014 μὲν
2863 2941 2955 3000 οὖν
2980 2944 3090 3014 (56)
3121 2941 3282 3019 ἦττον
3316 2947 3427 3000 τῶν
3480 2946 3685 3000 ἐκείνου
3711 2947 3804 3002 θαυ

603 3047 713 3098 reri
742 3043 970 3096 videtur.
1007 3038 1137 3093 Nam
1185 3037 1276 3106 qui
1308 3052 1366 3090 re
1415 3038 1531 3106 ipsa
1568 3049 1664 3101 pro
1695 3036 1940 3090 veritatis
1979 3035 2166 3090 defen-

602 3137 756 3191 sione
784 3133 1034 3202 periculis
1053 3147 1112 3186 se
1136 3129 1574 3200 objecerat,quid
1601 3129 1820 3190 mirum,
1847 3128 1891 3182 si
1913 3129 2166 3182 eamdem

604 3229 806 3295 scripto
837 3223 1118 3279 confessus
1163 3221 1267 3277 sit?
1290 3220 1441 3286 Quod
1471 3234 1598 3274 vero
1629 3218 1761 3273 mihi
1811 3219 1866 3273 in
1908 3219 2022 3288 ipso
2054 3235 2169 3273 ma-

602 3318 747 3369 xime
795 3313 977 3368 mirari
1036 3311 1223 3374 subit,
1260 3309 1512 3379 quodque
1553 3322 1658 3363 non
1713 3307 1851 3363 citra
1907 3308 2166 3362 damnum

603 3408 816 3463 silentio
843 3404 1103 3474 praeteriri
1125 3411 1320 3472 potest,
1353 3401 1454 3456 hac
1479 3400 1780 3470 praesertim
1819 3407 2164 3467 tempestate,

603 3515 709 3567 qua
746 3497 928 3552 multa:
961 3494 1338 3550 contentiones
1360 3493 1693 3563 dissidiaqne
1715 3491 2031 3560 gignuntur,
2063 3493 2168 3547 hoc

603 3592 778 3645 adhuc
803 3587 1176 3658 superioribus
1204 3586 1475 3654 adjiciam.
1514 3583 1651 3638 Nam
1681 3585 1766 3639 his
1788 3598 2003 3655 quoque
2027 3624 2042 3648 ,
2075 3585 2167 3654 qui

603 3696 747 3736 nunc
794 3680 1010 3743 vivunt,
1064 3680 1177 3733 htec
1231 3679 1372 3732 actio
1413 3677 1656 3732 doctrina
1701 3691 1822 3732 esse
1866 3684 2064 3745 queat,
2122 3677 2167 3730 si

607 3774 782 3842 ipsum
836 3771 994 3826 nobis
1035 3769 1356 3824 imitandum
1389 3782 1772 3838 proponamus.
1805 3767 2166 3835 Quemadmo-

603 3866 729 3916 dum
777 3862 919 3916 enim
946 3861 1013 3914 ab
1058 3875 1164 3914 una
1193 3868 1244 3914 et
1292 3860 1478 3913 eadem
1507 3873 1643 3928 aqua
1712 3873 1816 3912 non
1856 3866 2068 3912 tantum
2103 3873 2167 3912 ea

605 3967 730 4020 pars
780 3949 1121 4018 disjungitur,
1155 3964 1317 4018 quam
1376 3963 1566 4002 manus
1611 3949 1751 4002 inter
1807 3949 2167 4003 hauriendum

606 4043 862 4111 reliquit,
890 4055 1077 4095 verum
1117 4041 1168 4094 id
1219 4042 1381 4096 etiam
1422 4043 1564 4110 quod
1599 4056 1758 4094 manu
1803 4041 2166 4109 comprehen-

603 4149 753 4196 sum,
786 4147 882 4201 per
913 4131 1107 4200 digitos
1153 4129 1322 4186 eﬂluit
1355 4148 1368 4184 :
1411 4131 1597 4184 eodem
1623 4133 1781 4184 modo
1814 4145 1843 4183 a
1873 4130 2026 4184 nobis
2063 4144 2167 4182 non

605 4225 783 4293 impiae
820 4221 990 4276 solum
1026 4222 1283 4276 doctrinae
1327 4221 1558 4276 cultores
1581 4261 1597 4286 ,
1628 4236 1818 4275 verum
1861 4223 2023 4275 etiam
2076 4224 2164 4288 qui

2271 3035 2460 3106 μάζειν
2497 3033 2663 3099 ἄξιον.
2706 3036 2764 3088 '0
2807 3036 2913 3107 γὰρ
2951 3036 3095 3108 ἔργῳ
3127 3037 3224 3107 τῆς
3255 3037 3517 3106 ἀληθείας
3557 3040 3815 3110 προκινδυ-

2266 3125 2479 3192 νεύσας,
2517 3126 2570 3179 τί
2605 3126 2914 3198 θαυμαστὸν
2955 3130 3003 3180 εἰ
3028 3128 3312 3199 γράμματι
3356 3129 3561 3199 ταύτην
3587 3131 3807 3201 καθωμο

2265 3220 2520 3290 λόγησεν;
2559 3221 2625 3272 Ὃ
2674 3219 2732 3272 δέ
2789 3237 2878 3290 μοι
2916 3220 3150 3291 μάλιστα
3174 3221 3268 3274 τοῦ
3317 3221 3511 3292 ἀνδρὸς
3539 3222 3818 3294 θαυμάζειν

2267 3312 2443 3366 ἔπεισι
2472 3312 2588 3383 (κα)¹
2611 3310 2782 3384 ζημία
2802 3311 2864 3364 τὸ
2884 3313 3116 3383 σιωπᾷν,
3145 3312 3234 3365 διὰ
3257 3311 3346 3366 τὸν
3368 3315 3558 3385 καιρὸν
3586 3316 3818 3386 μάλιστα,

2267 3402 2468 3466 πολλάς
2517 3401 2720 3472 φύοντα
2744 3403 2856 3472 (57)
2888 3401 2986 3465 τὰς
3016 3403 3368 3474 διαστάσεις),
3394 3405 3552 3458 τοῦτο
3575 3407 3658 3460 ἔτι
3681 3425 3821 3478 προσ-

2267 3493 2418 3564 θήσω
2437 3495 2550 3556 τοίς
2581 3493 2918 3564 εἰρημένοις·
2970 3493 3180 3563 γένοιτο
3204 3494 3314 3567 γὰρ
3363 3495 3428 3548 ἄν
3482 3514 3535 3549 τι
3569 3499 3822 3568 παίδευμα

2267 3583 2361 3636 καὶ
2389 3585 2502 3646 τοῖς
2530 3582 2624 3636 νῦν
2675 3586 2709 3654 ή
2762 3585 2979 3655 πρᾶξις,
3013 3588 3061 3639 εἰ
3092 3586 3230 3658 πρὸς
3283 3589 3491 3641 ἐκεῖνον
3529 3588 3818 3659 βλέποιμεν.

2277 3675 2365 3739 Ὠς
2392 3673 2500 3746 γὰρ
2525 3674 2716 3739 ὓδατος
2774 3675 2892 3740 ἑνὸς
2930 3676 3188 3747 τέμνεται
3214 3679 3275 3730 ού
3313 3679 3421 3749 (58)
3455 3680 3618 3734 τοῦτο
3660 3684 3817 3752 μόνον.

2265 3763 2389 3818 ὅσον
2416 3765 2448 3835 ἠ
2473 3764 2592 3836 χεὶρ
2615 3765 2823 3836 ἀφῆκεν
2845 3766 3140 3838 ἀρυομένη,
3169 3767 3306 3820 ἀλλά
3329 3769 3425 3822 καὶ
3453 3770 3579 3822 ὅσον
3605 3774 3670 3842 τῇ
3701 3774 3820 3842 χειρὶ

2267 3855 2590 3933 περιεσχέθη
2624 3857 2732 3910 τῶν
2763 3857 3036 3912 δακτύλων
3086 3860 3308 3931 ἐκρέονο
3343 3861 3486 3915 οὕτω
3536 3865 3635 3916 καὶ
3684 3865 3817 3932 ἡμῶν

2265 3950 2363 4020 οὐχ
2405 3950 2526 4002 ὅσον
2558 3949 2750 4012 ἀσεϐὲς
2793 3950 3034 4020 σχίζεται
3072 3951 3252 4021 μόνον,
3291 3951 3427 4005 ἀλλά
3470 3954 3568 4006 καὶ
3604 3955 3721 4007 ὅσον
3742 3957 3815 4006 εύ-

2269 4040 2608 4112 σεϐἐστερον,
2630 4041 2690 4092 ού
2709 4042 2833 4111 περὶ
2854 4041 3137 4112 δογμάτων
3168 4041 3324 4112 μόνον
3351 4045 3570 4114 μικρῶν
3590 4046 3678 4099 καὶ
3700 4064 3816 4116 παρ-

2265 4131 2492 4203 ορᾶσθαι
2525 4130 2688 4198 ἀξίων
2719 4127 2898 4202 (ἦττον
2942 4132 3050 4203 γάρ
3091 4130 3156 4184 ἂν
3182 4127 3250 4201 ἦν
3282 4133 3442 4185 τοῦτο
3471 4133 3645 4188 δεινὸν
3678 4133 3814 4205 [59]}.

2266 4221 2379 4274 ἀλλ’
2409 4222 2508 4294 ἢδη
2551 4222 2644 4276 καὶ
2669 4223 2796 4293 περ).
2823 4222 3080 4293 ῥημάτων
3120 4224 3200 4286 εἰς
3228 4223 3325 4294 τὴν
3360 4225 3536 4296 αὐτὴν
3568 4227 3816 4296 φερόντων

601 4317 818 4386 pietatis
841 4315 993 4368 laude
1024 4315 1074 4368 in
1108 4315 1297 4382 primis
1323 4314 1624 4375 excellunt,
1654 4315 2042 4384 prteciduntur,
2083 4315 2161 4369 id-

2269 4311 2522 4365 διὰνοιαν.
2557 4313 2667 4384 Τῆς
2702 4314 2810 4384 γὰρ
2861 4314 2988 4383 μιᾶς
3018 4313 3224 4376 οὐσίας,
3259 4315 3486 4368 καὶτῶν
3513 4319 3678 4388 τριιῖιν
3704 4319 3814 4370 ὑπο-

604 4424 708 4476 qne
733 4423 835 4460 non
865 4408 916 4460 in
941 4409 1121 4476 parvis
1138 4407 1403 4460 duntaxat
1433 4415 1486 4460 et
1507 4407 1916 4461 contemnendis
1938 4407 2160 4474 dogma-

607 4498 746 4550 tibus
783 4495 992 4566 (minus
1020 4494 1164 4549 enitn
1195 4496 1296 4549 hoc
1333 4510 1495 4565 grave
1519 4494 1689 4569 esset)
1716 4537 1731 4563 ,
1768 4511 1955 4550 verum
1993 4497 2156 4550 etiam

604 4583 657 4638 in
695 4585 891 4648 verbis,
927 4599 1045 4653 Qua:
1077 4583 1142 4638 ad
1171 4586 1414 4640 eumdem
1469 4587 1692 4641 omnino
1725 4602 1944 4642 sensum
1977 4587 2164 4641 tende-

607 4677 752 4729 bant.
777 4674 909 4730 Nam
941 4690 1061 4730 cum
1097 4677 1333 4731 essentia
1369 4692 1473 4732 una
1497 4717 1512 4742 ,
1540 4687 1595 4733 et
1639 4689 1749 4732 tres
1779 4679 2095 4749 hypostases
2130 4693 2162 4731 a

677 4893 786 5014 (50)
827 4891 986 4946 Κατὰ
1017 4910 1126 4959 της
1157 4891 1422 4960 ἀγράφου
1474 4890 1870 4959 καινοτομίας.
1917 4889 1972 4944 1η
2017 4905 2154 4945 non-

677 4986 678 5013 ;
705 4965 767 5014 lis
797 4962 1212 5014 exemplaribus.
1245 4973 1302 5014 ut
1337 4971 1556 5014 annotat
1589 4962 1823 5014 Nicetas.
1877 4960 2150 5014 scribitur.

607 4960 775 5018 nullis
797 4962 1212 5031 exemplaribus.
1245 4973 1302 5015 ut
1337 4971 1556 5014 annotat
1589 4962 1823 5024 Nicetas,
1877 4960 2150 5025 scribitur,

606 5048 710 5086 non
760 5032 1026 5102 ἀγράφου,
1063 5031 1515 5103 νεοάνὲγγράφου-
1549 5031 1914 5103 καινοτομίας.
1959 5033 2158 5098 Quam-

605 5105 810 5167 obrent,
839 5101 884 5155 Si
935 5102 1181 5172 ἀγράφου
1214 5101 1437 5169 legatur,
1469 5101 1518 5153 id
1544 5103 1802 5172 intelligit
1840 5101 2152 5168 Gregorius,

603 5188 793 5225 vocem
851 5171 1190 5242 ὁμοιούσιον,
1246 5187 1404 5237 quam
1463 5171 1646 5242 Ariani
1706 5172 2151 5242 introducebunt,

611 5242 757 5295 nullo
781 5238 1073 5310 Scriptura:
1100 5243 1214 5295 loco
1232 5241 1517 5310 contineri.
1537 5238 1592 5292 Si
1620 5249 1794 5293 autem
1823 5241 2045 5310 legatur,
2071 5242 2156 5308 ὲγ-

604 5313 846 5382 γράφου,
888 5309 1129 5379 intelligit
1183 5313 1438 5378 scriptam
1491 5309 1631 5382 illam
1678 5311 1804 5382 lidei
1845 5309 2155 5374 formulam,

604 5379 688 5434 cui
723 5379 1092 5436 Subscribcndi
1129 5382 1498 5434 necessitatem
1531 5379 1877 5433 Constantius
1904 5382 2154 5434 omnibus

606 5453 930 5519 imponebat.

1698 5518 1802 5571 duo
1835 5518 2024 5585 Coisl.,
2059 5518 2156 5574 0r.

674 5520 786 5588 (51)
825 5519 1130 5590 Προάγειν.
1178 5519 1268 5590 Sic
1316 5533 1408 5572 sex
1458 5519 1652 5588 Regg.,

605 5588 657 5653 1,
679 5590 856 5660 guiltb.
882 5593 940 5660 in
977 5588 1087 5651 ed.,
1114 5589 1386 5660 προάγων.

673 5658 782 5727 (52)
820 5659 910 5711 Ad.
943 5660 1077 5714 Tres
1111 5657 1297 5728 Regg.,
1319 5671 1371 5713 et
1398 5657 1488 5714 0r.
1517 5660 1540 5712 1
1586 5658 1805 5724 addunt,
1833 5675 1911 5711 τε.

2263 4963 2402 5037 θῆρα

2271 4404 2511 4457 στάσεων
2556 4403 2861 4474 λεγομένων
2897 4404 2993 4473 μὲν
3023 4403 3112 4472 ὑφ’
3146 4405 3302 4475 ἡμῶν
3353 4406 3598 4471 εὐσεϐῶς
3626 4408 3705 4478 (τὸ
3737 4411 3814 4478 μὲι

2269 4496 2378 4566 γὰρ
2427 4495 2526 4566 τὴν
2569 4495 2728 4565 φύσιν
2783 4487 2931 4566 δηλοῖ
2953 4496 3054 4567 τῆς
3103 4496 3372 4568 θεότητος,
3405 4498 3469 4551 τὸ
3510 4499 3567 4552 δὲ
3611 4499 3705 4564 τὰς
3727 4500 3815 4552 τῶν

2269 4585 2434 4658 τριῶν
2463 4584 2767 4657 ἰδιότητας),
2817 4586 3121 4670 νοουμένωχ
3158 4585 3214 4638 δὲ
3240 4587 3333 4639 καὶ
3362 4587 3517 4657 παρά
3551 4592 3661 4652 rei;
3700 4590 3813 4640 Ἰτα-

2269 4677 2379 4742 λοίς
2404 4676 2514 4749 (40)
2566 4678 2786 4749 ὁμοίως,
2834 4677 2948 4732 ἀλλ’
2973 4679 3034 4732 οὐ
3062 4680 3381 4751 δυναμένοις
3417 4680 3512 4733 διὰ
3549 4683 3814 4750 στενότητι

2297 4894 2445 4978 ’(55)
2483 4897 2841 4965 Σπινθῆρας.
2901 4894 2990 4952 Sic
3041 4907 3148 4953 tres
3199 4896 3364 4968 Regg.
3410 4900 3468 4954 In
3521 4917 3636 4966 eu.,
3673 4920 3809 4955 Uﬁw-

2484 5036 2699 5092 Πλέον.
2742 5039 2874 5096 Tres
2911 5041 3100 5108 Regg.,
3136 5038 3334 5093 πλεῖον.

2336 5107 2446 5179 (55)
2484 5110 2805 5179 Προτιθείς.
2838 5111 2966 5179 Reg.
2992 5107 3044 5172 il,
3076 5111 3405 5179 προστιθείς.

2361 5178 2450 5245 56)
2492 5175 2634 5233 υῦν.
2673 5175 2825 5234 Deest
2864 5175 3042 5234 in'Or.
3073 5183 3122 5232 1.

2361 5184 2450 5245 56)
2492 5184 2634 5233 υύν.
2673 5184 2825 5234 Deest
2864 5184 2914 5234 in
2949 5184 3042 5233 Or.
3073 5184 3122 5232 1.

2337 5184 2447 5317 (57)
2485 5250 2740 5319 Φύοντα.
2789 5252 2879 5304 Sic
2929 5264 3020 5302 sex
3061 5249 3252 5319 ἤειδε..
3301 5251 3409 5305 duo
3453 5252 3652 5316 Coisl.,
3694 5251 3802 5308 Jes..

2265 5316 2531 5381 Cumhel‘.,
2556 5329 2660 5373 etc.
2695 5322 2749 5372 In
2783 5322 2894 5381 ed.,
2921 5316 3198 5373 ποιούντᾶζ

2343 5387 2452 5456 (58)
2489 5390 2592 5442 Οὐ.
2629 5389 2784 5444 Deest
2810 5392 2859 5442 in
2895 5391 3024 5457 Reg.
3052 5395 3158 5444 btn.

2345 5457 2450 5526 (59)
2491 5461 2712 5512 Δεινόν.
2747 5461 2879 5513 Tres
2912 5461 3098 5526 Ilcgg.,
3124 5461 3331 5514 δεινῶν.

2337 5530 2448 5596 (40)
2488 5529 2654 5598 Παρὰ
2706 5530 2828 5594 τοῖς
2884 5530 3139 5596 Ἰταλοῖς.
3194 5530 3412 5595 Billius,
3463 5551 3484 5583 ι
3528 5532 3668 5602 apud
3716 5531 3799 5584 Ro-

2266 5611 2469 5650 manus.
2499 5618 2514 5650 ι
