3914 6404
182 296 321 349 1125

1099 289 1359 345 ORATIO
1399 289 1539 343 XXI.
1584 320 1650 331 —-
1688 287 1751 340 IN
1794 286 2074 341 LAUDEM
2118 286 2509 344 ATIlANASll.

3276 290 3414 346 1126

181 409 282 478 τῆς
309 408 439 478 παρ’
463 407 643 469 αὐτοῖς
679 406 939 474 γλώττης,
974 405 1063 457 καὶ
1122 402 1398 473 ὀνομάτων
1433 403 1642 463 πενίαν,
1676 401 1749 454 δι-

1862 401 2013 455 nobis
2040 402 2125 469 pie
2155 402 2463 455 dicerentur
2500 401 2769 474 (alterum
2798 404 2940 457 enim
2992 403 3285 457 divinitatis
3316 422 3415 458 na-

174 498 317 551 s).er
349 498 570 569 ἀπδτῆς
619 497 805 557 οὐσίας
847 495 944 565 τὴν
979 494 1294 556 ὑπόστασιν,
1333 495 1425 546 καὶ
1462 492 1547 545 διὰ
1589 492 1746 545 τοῦτο

175 588 600 658 ἀντεισαγούσής
626 586 692 639 τὰ
719 585 1003 656 πρόσωπα,
1034 584 1121 637 ἵνα
1151 582 1224 654 μὴ
1249 586 1397 655 τρεῖς
1425 584 1601 635 οὐσίαι
1636 600 1743 656 πα-

174 680 475 753 ραδεχθῶσι
506 679 637 749 (ll),
664 677 715 729 τί
742 677 979 744 γίνεται;
1023 677 1110 739 Ὠς
1144 674 1261 728 λίαν
1289 676 1516 743 γελοῖον,
1550 677 1583 746 ἢ
1613 675 1746 728 ἐλει-

173 773 283 825 νόν.
320 772 560 831 Πίστεως
586 767 727 832 ἔδοξε
757 765 987 836 διαφορὰ
1012 767 1045 836 ἡ
1084 765 1211 835 περὶ
1242 765 1332 818 τὸν
1365 761 1495 835 ἦχον
1520 780 1747 835 σμικρο-

175 862 329 930 λογία
364 860 495 932 (42).
541 852 675 911 Εἶτα
699 854 1060 926 Σαϐελλισμδς
1086 855 1196 925 (45)
1221 854 1453 908 ἐνταῦθα
1480 854 1745 924 ἐπενοήθη

172 957 287 1016 τοῖς
314 952 461 1024 τρισὶ
504 948 834 1021 προσώποις,
869 948 963 1000 καὶ
1010 946 1386 1017 Ἀρειανισμὺς
1428 949 1548 1010 ταῖς
1570 947 1746 1017 τρισὶν

175 1044 529 1102 ὑποστάσεσι,
579 1040 646 1093 τὰ
679 1040 776 1110 τῆς
812 1038 1139 1107 φιλονεικίας
1171 1036 1588 1107 ἀναπλάσματα.
1617 1031 1748 1088 Εἶτα

174 1136 264 1200 τίς
300 1133 726 1206 Προστιοεμένου
782 1128 975 1200 μικροῦ
1020 1146 1161 1191 τινος
1203 1129 1289 1180 ἀεὶ
1334 1127 1428 1180 τοῦ
1458 1127 1747 1187 λυποῦντος

178 1227 227 1293 (ὃ
256 1224 500 1296 λυπηρὸν
542 1224 574 1293 ἡ
613 1220 909 1289 φιλονεικία
937 1221 1123 1285 ποιεῖ),
1161 1217 1455 1271 κινδυνεύει
1481 1218 1744 1296 συναπορ-

179 1316 413 1387 ραγῆναι
446 1314 563 1373 ταῖς
590 1310 875 1373 συλλαϐαῖς
924 1308 992 1361 τὰ
1031 1308 1258 1379 πέρατα.
1312 1306 1475 1360 Ταῦτ’
1498 1304 1589 1360 οὖν
1610 1308 1748 1377 ὀρῶν

179 1408 275 1461 καὶ
302 1404 511 1458 ἀκούων
539 1404 566 1456 ό
604 1402 869 1473 μακάριος
897 1402 1119 1462 ἐκεῖνος,
1171 1400 1262 1452 καὶ
1310 1399 1384 1462 ὡς
1413 1398 1625 1469 ἀληθῶς
1658 1397 1751 1451 ἄν-

180 1496 399 1566 Θρωπος
424 1494 515 1548 τοῦ
550 1494 705 1557 Θεοῦ,
758 1492 852 1545 καὶ
883 1491 1054 1563 μέγας
1077 1490 1185 1543 τῶν
1219 1490 1404 1560 ψυχῶν
1450 1489 1744 1559 οἰκονόμος,

178 1589 278 1640 οὐκ
304 1586 595 1658 ᾠήθη-δεῖν
624 1584 868 1657 παριδεῖν
901 1584 998 1654 τὴν
1036 1583 1233 1636 ἄτοπον
1269 1580 1410 1634 οῦτω
1438 1581 1530 1634 καὶ
1558 1580 1747 1648 ἄλογον

177 1679 272 1734 τοῦ
298 1680 472 1747 Λόγου
504 1677 820 1746 κατατομήν
850 1674 959 1744 (44)
989 1691 1002 1703 ·
1030 1674 1091 1726 τὸ
1126 1674 1182 1727 δὲ
1220 1673 1348 1743 παρ’
1380 1672 1571 1725 ἑαυτοῦ
1612 1674 1748 1743 φάρ-

1858 495 2028 540 turam
2048 526 2062 551 ,
2090 487 2316 541 alterum
2344 489 2504 541 trium
2536 504 2888 557 personarum
2916 494 3273 562 proprietates
3322 496 3415 548 de-

1854 577 2084 645 clarat),
2140 587 2302 647 atque
2342 581 2531 634 eodem
2561 583 2776 650 quidem
2812 587 2970 638 modo
3006 585 3147 653 apud
3192 585 3414 640 Latinus

1854 665 2305 735 intelligerentur,
2359 678 2612 722 caeterum
2676 672 2744 725 ob
2798 672 2990 743 lingua:
3051 675 3192 729 illius
3245 692 3415 741 augu-

1853 757 2011 810 stiam
2043 766 2096 810 et
2123 758 2411 812 verborum
2448 760 2680 829 in0piam
2704 804 2718 827 ,
2752 763 3081 833 hypostasim
3114 768 3180 818 ab
3232 783 3415 822 essen-

1853 847 1928 900 tia
1962 847 2296 916 distinguere
2342 866 2445 904 non
2481 864 2733 920 possent,
2792 871 2963 922 eoque
3002 858 3198 913 laetum
3236 870 3413 922 esset,

1853 945 1913 989 ut
1939 950 2035 1004 pro
2063 954 2148 1000 ea,
2173 954 2239 993 ne
2267 950 2377 994 tres
2411 943 2737 998 substantias
2764 947 3048 1000 admittere
3074 934 3413 1010 (viderentur,

1854 1043 2203 1097 personarum
2253 1030 2416 1102 410
2480 1034 2797 1087 vocabulum
2877 1037 3226 1100 induce'rent,
3288 1042 3413 1107 quid

1857 1118 2075 1173 tandem
2110 1122 2374 1191 contigit?
2408 1123 2517 1179 Res
2564 1124 2802 1193 profecto
2832 1127 3077 1187 ridicula,
3121 1128 3201 1181 vel
3241 1130 3416 1196 potius

1855 1211 2183 1266 miseranda.
2220 1212 2453 1269 Diversae
2479 1216 2599 1270 lidei
2631 1218 2860 1285 speciem
2887 1220 3115 1287 praebuit
3157 1221 3288 1275 levis
3328 1220 3414 1274 illa

1853 1310 1908 1355 et
1933 1301 2114 1370 jejuna
2143 1301 2211 1355 de
2236 1318 2426 1358 vocum
2468 1321 2603 1361 sono
2641 1309 2941 1363 altercatio.
2973 1310 3069 1364 llic
3114 1311 3307 1365 deinde
3361 1320 3417 1364 et

1856 1382 2210 1450 Sabellismus
2237 1398 2304 1449 ob
2352 1408 2463 1453 tres
2509 1415 2769 1468 personas
2819 1403 3155 1470 excogitatus
3190 1414 3315 1466 est,
3362 1414 3416 1458 et

1852 1483 2191 1540 Arianismus
2218 1490 2286 1541 ob
2319 1498 2429 1545 tres
2467 1491 2807 1560 hypostases,
2843 1508 3070 1561 quorum
3121 1504 3414 1562 utrumque

1854 1580 2099 1649 pertinax
2132 1581 2489 1635 contendendi
2524 1583 2758 1635 studium
2813 1583 3112 1637 ellinxerat.
3149 1585 3283 1649 Quid
3322 1600 3415 1652 po-

1855 1671 2000 1724 stea?
2032 1670 2165 1725 Cum
2201 1673 2391 1741 exigua
2449 1688 2536 1726 res
2583 1674 2757 1741 aliqua
2806 1676 3043 1743 quotidie
3091 1676 3409 1741 accederet,

184 1788 356 1841 μακον
381 1756 570 1839 ἐπάγει
600 1768 678 1839 τῷ
700 1767 953 1838 ἁρῤωστή
964 1782 1112 1835 ματι.
1138 1763 1263 1827 Πῶς
1289 1758 1380 1817 οῦν
1401 1762 1556 1816 τοῦτο
1580 1767 1749 1831 ποιεῖ;

1862 1775 1973 1827 quae
2013 1761 2312 1815 molestiam
2348 1761 2565 1817 aﬂ'erret
2601 1766 2942 1829 (molestiam
2965 1767 3107 1821 enim
3135 1771 3412 1822 contentio

178 1859 699 1931 Προσκαλεσάμενος
731 1856 1012 1926 ἀμφότερα
1037 1854 1107 1907 τὰ
1146 1852 1282 1925 μέρη
1331 1854 1527 1906 οὑτωσὶ
1566 1855 1753 1924 πράως

178 1950 272 2003 καὶ
305 1947 722 2019 φιλανθρώπως,
755 1945 849 1999 κα).
871 1944 961 1997 τὸν
988 1943 1112 1997 νοῦν
1137 1943 1246 1996 τῶν
1280 1943 1583 2014 λεγομένων
1608 1945 1756 2014 ἀκρι-

179 2040 290 2103 ϐῶς
314 2020 593 2107 ἐξετάσας,
638 2036 823 2104 ἐπειδὴ
853 2033 1293 2105 συμφρονοῦντας
1337 2028 1461 2105 εὗρε
1490 2034 1582 2087 καὶ
1603 2035 1754 2087 οὐδὲν

176 2127 470 2192 διεστῶτας
505 2125 647 2180 κατὰ
680 2126 773 2178 τὸν
803 2124 980 2192 λόγον,
1008 2124 1077 2177 τὰ
1109 2125 1345 2194 ὀνόματα
1366 2125 1744 2195 συγχωρήσας,

178 2220 357 2273 συνδεῖ
381 2219 493 2291 (45)
515 2221 627 2281 τοῖς
652 2218 987 2287 πράγμασιν.
1522 2225 1529 2231 ‘

1851 1851 2052 1921 parit),
2082 1866 2147 1906 eo
2183 1854 2394 1907 tandem
2456 1868 2543 1908 res
2592 1855 2819 1909 adducta
2854 1866 2969 1922 est,
3004 1866 3063 1911 ut
3111 1858 3405 1926 periculum

1854 1951 2030 2007 esset,
2083 1959 2149 1999 ne
2202 1945 2351 1999 orbis
2393 1956 2659 2000 terrarum
2722 1949 2855 2003 lines
2887 1966 2989 2002 una
3027 1965 3148 2004 cum
3194 1952 3415 2021 syllabis

1856 2033 2327 2101 abrumperentur.
2374 2035 2501 2101 Qua:
2548 2051 2670 2089 cum
2723 2037 2913 2092 beatus
2947 2038 3033 2092 ille
3068 2040 3169 2103 vir,
3207 2049 3261 2095 et
3288 2054 3418 2095 vere

1852 2122 2014 2177 homo
2082 2123 2218 2188 Dei,
2271 2140 2601 2194 magnusque
2658 2127 2959 2182 animarum
3024 2130 3413 2199 dispensator,

1855 2215 2027 2269 oculis
2061 2216 2394 2285 auribusque
2443 2226 2762 2285 usurparet,
2817 2219 2918 2273 sibi
2960 2231 3067 2274 tam
3118 2223 3411 2279 absurdam

174 2320 230 2366 et
267 2326 298 2364 a
362 2311 571 2365 ratione
628 2308 855 2362 alienam
894 2305 1053 2360 Verbi
1099 2304 1390 2359 sectionem
1460 2302 1901 2359 dissimulandam
1978 2319 2042 2360 ac
2100 2306 2466 2376 negligendatn
2518 2324 2622 2361 non
2670 2311 2904 2376 putavit;
2968 2328 3153 2366 verum
3187 2314 3415 2369 medici-

174 2417 301 2456 nam
344 2400 534 2457 morbo
574 2397 971 2469 quamprimum
1005 2395 1240 2450 adhibet.
1285 2395 1532 2461 Quonam
1562 2406 1740 2450 autem
1783 2396 1940 2449 modo
1992 2395 2047 2450 id
2096 2396 2265 2451 facit?
2308 2397 2541 2467 Utraque
2611 2410 2762 2468 parte
2812 2400 3008 2454 leniter
3067 2413 3121 2457 et
3175 2405 3406 2475 benigne

174 2498 387 2561 accita,
455 2494 853 2561 verborumque
926 2490 1194 2545 sententia
1260 2489 1547 2559 diligenter
1617 2498 1672 2543 et
1749 2498 2000 2544 accurate
2054 2504 2364 2560 perpensa,
2416 2500 2759 2561 posteaquam
2819 2496 3113 2549 concordes
3176 2501 3409 2566 reperit,

174 2607 313 2656 nec,
367 2598 625 2659 quantum
689 2586 755 2639 ad
791 2585 1126 2647 doctrinam,
1164 2582 1273 2636 ullo
1314 2582 1470 2637 modo
1498 2583 1637 2638 inter
1686 2599 1743 2639 se
1779 2585 2142 2653 dissidentes,
2199 2586 2272 2641 ita
2326 2584 2594 2655 negotium
2662 2588 2956 2656 transegit,
3028 2599 3087 2644 ut
3130 2592 3406 2648 nominum

181 2701 342 2742 usum
372 2682 696 2744 concedens,
728 2678 889 2733 rebus
912 2692 1005 2732 eos
1037 2676 1453 2746 consuingeret.

244 2778 392 2843 AG".
431 2771 601 2825 Τοῦτο
623 2770 731 2825 τῶν
761 2770 987 2841 μακρῶν
1025 2769 1201 2821 πόνων
1225 2768 1318 2820 καὶ
1350 2766 1521 2836 λόγων
1543 2767 1749 2823 λυσιτε-

1924 2767 2160 2824 XXXVI.
2202 2767 2314 2820 Hoc
2349 2766 2616 2820 diuturnis
2650 2766 2754 2821 illis
2782 2766 3056 2823 laboribus
3114 2779 3168 2824 et
3204 2784 3414 2826 sermo-

171 2871 452 2939 λέστερον,
485 2862 578 2925 οὓς
610 2861 808 2926 πάντες
836 2862 934 2934 ἢδη
970 2857 1398 2931 λογογραφοῦσιν
1417 2875 1431 2887 ⁸
1466 2853 1545 2921 οἷς
1576 2876 1629 2911 τι
1660 2861 1755 2913 καὶ

175 2957 489 3028 φιλοτιμίας
522 2955 630 3028 (46)
662 2952 1037 3017 συνέζευκται,
1096 2952 1192 3004 καὶ
1220 2951 1307 3003 διὰ
1363 2948 1519 3003 τοῦτο
1550 2951 1679 3014 ἴσως
1704 2969 1755 3005 τι

173 3051 274 3104 καὶ
303 3048 706 3118 καινοτομεῖται
754 3045 882 3115 περ).
930 3043 1021 3097 τὸν
1052 3043 1228 3112 λόγον.
1279 3039 1448 3093 Τοῦτο
1476 3039 1583 3092 τῶν
1629 3040 1757 3093 πολ-

171 3142 284 3197 λῶν
313 3138 633 3212 ἀγρυπνιῶν
658 3138 752 3191 καὶ
780 3134 1088 3207 χαμευνιῶν
1118 3132 1530 3204 προτιμότερον,
1552 3125 1624 3184 ὧν
1658 3131 1755 3201 μέ-

172 3253 267 3307 χρι
295 3232 404 3286 τῶν
438 3228 842 3300 κατορθούντων
872 3227 931 3280 τὸ
980 3226 1190 3295 κέρδος.
1238 3222 1405 3276 Τοῦτο
1438 3218 1563 3275 τῶν
1590 3222 1755 3276 ἀοιδί-

176 3341 295 3398 μων
326 3322 550 3394 ὲξοριῶν
584 3320 677 3374 καὶ
728 3318 914 3389 φυγῶν
939 3310 1255 3385 τοῦ”ὰνδρὸς
1309 3312 1559 3377 ὲπάξιον’
1618 3312 1755 3383 ὑπὲρ

172 3418 288 3488 γὰρ
313 3409 389 3469 ὧν
423 3414 592 3467 εἵλετο
634 3411 864 3481 πάσχειν
915 3410 1116 3467 ἐκεῖνα.
1148 3405 1322 3459 ταῦτα
1351 3405 1445 3458 καὶ
1476 3404 1589 3474 (47)
1621 3404 1758 3474 μετὰ

170 3508 236 3560 τὸ
286 3506 481 3558 παθεῖν
510 3502 888 3565 ἐσπουδάζετο.
934 3500 1007 3552 Τὸ
1051 3498 1095 3551 δ’
1126 3496 1260 3551 αὐτὸ
1298 3496 1399 3548 κάν
1435 3497 1546 3557 τοῖς
1580 3493 1756 3558 ἄλλοις

173 3595 344 3650 ποιῶν
378 3593 596 3647 διετέλει
622 3608 635 3621 °
674 3590 801 3653 τοὺς
833 3589 929 3660 μὲν
962 3586 1219 3648 ἐπαινῶν,
1262 3585 1391 3647 τοὺς
1418 3583 1474 3637 δὲ
1504 3583 1756 3654 πλήττων

176 3686 420 3758 μετρίως
446 3700 460 3715 ο
511 3682 605 3736 καὶ
651 3681 759 3734 τῶν
789 3681 885 3751 μὲν
911 3679 970 3732 τὸ
996 3678 1200 3748 νωθρὸν
1229 3675 1533 3747 διεγείρων,
1569 3674 1676 3727 τῶν
1700 3674 1757 3725 δὲ

171 3780 235 3832 τὸ
273 3775 476 3847 θερμὸν
508 3772 843 3843 κατείργων·
881 3769 975 3824 καὶ
1014 3768 1121 3821 τῶν
1163 3767 1284 3836 μὲν,
1316 3769 1462 3828 ὅπως
1494 3764 1567 3835 μὴ
1596 3764 1755 3816 πταί-

172 3887 334 3931 σωσι,
403 3865 879 3938 προμηθούμενοςο
943 3862 1067 3924 τοὺς
1097 3859 1175 3922 δὲ,
1230 3860 1377 3921 ὅπως
1417 3855 1756 3927 διορθωθεῖεν

173 3960 505 4021 πταίσαντες
538 3956 670 4027 (48),
728 3950 1117 4026 μηχανώμενος
1139 3964 1154 3977 ·
1185 3947 1389 4011 ἁπλοῦς
1421 3947 1512 3999 τὸν
1536 3945 1753 4017 τρόπον,

176 4038 467 4120 πολυειδῆς
491 4047 588 4118 τὴν
625 4045 947 4116 κυϐέρνησιν
972 4060 984 4073 ο
1012 4041 1172 4109 σοφὸς
1198 4039 1288 4091 τὸν
1310 4037 1484 4106 λόγον,
1518 4035 1756 4105 σοφώτε-

1860 2861 2037 2925 nibus,
2070 2859 2333 2929 quosjam
2369 2872 2557 2911 omnes
2586 2859 2781 2913 litteris
2808 2860 3099 2928 mandant,
3128 2861 3287 2932 longe
3311 2865 3409 2918 uti-

1855 2954 1955 3006 lius
2009 2963 2125 3019 est;
2173 2960 2357 3017 utpote
2408 2951 2498 3017 qui
2553 2950 2844 3004 ambitione
2896 2966 3002 3005 non
3053 2964 3286 3018 vacant,
3338 2958 3407 3010 ob

1859 3058 2085 3113 eamque
2150 3042 2377 3095 fortasse
2439 3056 2657 3096 causam
2724 3043 2868 3096 circa
2931 3044 3049 3098 tidei
3116 3046 3413 3101 doctrinam

1855 3136 2144 3204 quidquam
2182 3132 2488 3186 innovatur.
2545 3131 2656 3187 lloc
2706 3133 2892 3187 multis
2943 3135 3142 3204 vigiliis
3184 3147 3237 3190 et
3288 3139 3417 3192 cha-

1855 3222 2083 3277 meuniis
2114 3223 2495 3291 praestantius,
2540 3237 2766 3290 quarum
2802 3224 3006 3278 utilitas
3065 3227 3117 3280 in
3170 3227 3289 3291 his,
3321 3230 3412 3298 qui

1857 3312 1970 3367 hate
1999 3322 2284 3379 praestant,
2319 3311 2585 3376 deligitur,
2612 3326 2711 3366 nec
2740 3312 2901 3367 latius
2919 3324 3119 3368 manat.
3147 3316 3257 3373 lloc
3295 3333 3414 3388 per-

1854 3404 2087 3474 vulgatis
2124 3412 2289 3472 atque
2326 3404 2473 3457 omni
2507 3403 2648 3457 fama
2688 3405 2974 3460 celebratis
3006 3407 3174 3476 ipsius
3211 3411 3418 3467 exsiliis

1856 3504 1909 3551 et
1936 3495 2075 3565 lugis
2112 3494 2279 3551 nihilo
2333 3493 2559 3550 inferius
2590 3494 3008 3552 existimandum
3062 3507 3166 3557 est.
3226 3500 3279 3556 In
3326 3516 3418 3559 ea-

1857 3589 1974 3643 dem
2029 3589 2220 3658 quippe
2264 3587 2435 3641 stndia
2461 3627 2479 3654 ,
2530 3589 2598 3642 ob
2640 3603 2757 3656 qna:
2804 3590 3138 3647 calamitates
3168 3592 3285 3648 illas
3314 3595 3414 3648 sibi

1854 3677 2203 3748 perferendas
2243 3680 2505 3743 duxerat,
2536 3689 2656 3748 post
2677 3680 3014 3737 calamitates
3037 3684 3179 3753 ipsas
3204 3685 3417 3740 incum-

1856 3770 2034 3824 bebat.
2074 3769 2211 3836 Quin
2247 3770 2299 3824 id
2336 3771 2499 3823 etiam
2535 3773 2706 3839 ipsum
2734 3771 2786 3824 in
2813 3772 2932 3826 aliis
2972 3772 3149 3828 facere
3178 3790 3281 3828 non
3311 3776 3409 3829 de-

1857 3862 2097 3924 sinebat,
2128 3861 2260 3915 alios
2306 3862 2524 3931 quidem
2565 3863 2810 3917 laudibus
2854 3865 3078 3929 vehens,
3119 3866 3254 3920 alios
3289 3881 3420 3920 vero

1858 3967 2016 4021 parce
2060 3951 2355 4019 leviterque
2392 3952 2626 4017 feriens;
2660 3952 2889 4006 aliorum
2918 3956 3221 4010 socordiam
3273 3956 3414 4009 exci-

1810 4071 1814 4074 ‹
1859 4046 2011 4103 tans,
2041 4036 2267 4089 aliorum
2296 4037 2562 4090 fervorem
2611 4038 2941 4106 reprimens;
2977 4040 3129 4105 aliis,
3173 4056 3238 4096 ne
3267 4041 3414 4095 labe-

174 4160 273 4214 ρος
317 4140 416 4211 τὴν
453 4140 722 4193 διάνοιαν·
762 4133 921 4198 πεζὸς
958 4135 1069 4196 τοῖς
1098 4129 1524 4200 ταπεινοτέροις,
1556 4124 1749 4197 ὑψηλό-

1862 4135 2073 4189 rentur,
2091 4126 2401 4193 providens,
2423 4126 2510 4178 alii
2533 4135 2588 4179 ιιι
2613 4126 2746 4196 lapsi
2770 4128 3126 4199 erigerentur,
3151 4131 3415 4186 rationem

171 4250 335 4304 τερος
370 4233 480 4294 τοῖς
531 4226 985 4301 μετεωροτέροις·
1044 4222 1343 4292 φιλόξενος,
1389 4220 1590 4283 ἱκέσιός
1616 4216 1749 4289 (49),

247 4410 365 4481 (41)
400 4402 845 4481 Πιι,οιιό⁵ιιςχθιῖ›οἰἐ
904 4401 1002 4481 Sig
1054 4400 1221 4471 Regg.
1266 4414 1319 4465 a,
1366 4414 1419 4465 c,
1467 4398 1521 4463 d,
1567 4396 1660 4453 Or.
1692 4399 1742 4464 1,

172 4471 386 4560 Coit-Iba
394 4471 503 4560 Elii
533 4479 595 4531 ed
606 4517 617 4529 .
628 4471 1069 4560 ,L'ﬁa’paﬁitxlltgct
1078 4510 1091 4524 .

249 4537 817 4620 (52l2ylkp0101‘t’a.
854 4537 943 4596 ste
981 4542 1150 4611 Regg.
1182 4555 1234 4604 a,
1264 4554 1315 4604 c,
1342 4539 1394 4594 d.
1429 4538 1485 4592 In
1514 4537 1625 4601 ed.,
1660 4554 1748 4607 μι-

168 4618 457 4695 manus

248 4678 367 4759 (45)
405 4684 838 4759 Σαϐελλιονμός,
882 4690 985 4736 etc.
1032 4678 1193 4759 Quod
1237 4678 1411 4733 Latini
1462 4690 1558 4746 per
1595 4693 1613 4726 ι
1643 4687 1752 4754 tres

169 4746 461 4830 personas,
491 4775 508 4807 ι
561 4759 610 4809 itt
650 4746 829 4830 arma
862 4766 954 4820 per
985 4759 1140 4830 {tres
1182 4749 1538 4830 hypo'stases»
1574 4746 1753 4830 capri-

173 4817 420 4886 inebant.
452 4836 610 4893 atque
654 4825 734 4876 hac
778 4817 935 4893 voces
988 4821 1125 4872 idem
1172 4817 1565 4893 signiﬁcabant.
1613 4817 1745 4868 Cum

169 4910 361 4953 autem
412 4889 585 4950 Lati—ui
667 4912 685 4944 ι
718 4903 825 4946 tres
881 4889 1477 4959 bypostasesrdicere
1530 4900 1747 4939 recusa-

170 4978 322 5032 rent,
354 4965 713 5021 Orientalibus
764 4960 863 5015 visi
916 4958 1041 5012 Sunt
1099 4958 1316 5011 Sabellii
1365 4970 1602 5032 errorem
1655 4967 1742 5006 se-

168 5026 594 5107 qui.'Sabellitts
634 5033 778 5086 enim
815 5049 832 5081 ι
869 5039 979 5083 tres
1027 5042 1324 5107 personas»
1362 5026 1625 5107 rejiciens,
1657 5037 1742 5107 as-

166 5094 396 5162 s'erebat
430 5118 589 5156 unam
627 5110 829 5154 tantum
865 5094 1158 5165 essefqua:
1185 5097 1352 5149 tribus
1384 5094 1744 5162 appellaretur

168 5175 509 5231 nominibus.
541 5172 845 5226 Orientales
875 5182 1001 5222 vero
1032 5181 1151 5220 cunt
1188 5184 1205 5215 ι
1236 5176 1344 5218 tres
1379 5165 1694 5233 hyposmses
1719 5180 1737 5211 ι

167 5253 593 5315 perseveranter
643 5241 977 5315 retinerent,
1031 5251 1146 5315 nec.
1182 5250 1367 5313 earum
1414 5238 1534 5313 loco
1571 5249 1589 5281 ι
1636 5241 1746 5315 tres

170 5300 483 5384 personas»
524 5300 1085 5384 adtnittcre_vellent,
1136 5305 1186 5384 in
1227 5300 1745 5383 suspicionemia-

172 5372 311 5438 linis
351 5390 646 5445 venerunt,
685 5378 839 5447 quasi
887 5378 1087 5430 Ariano
1138 5374 1371 5444 dogmati
1422 5372 1747 5447 assentiren-

168 5466 285 5507 tur.
317 5453 481 5505 Arius
522 5441 663 5502 enim
703 5441 730 5499 ἰ
764 5460 871 5502 tres
900 5441 1252 5517 hypostases'»
1298 5451 1488 5494 natura
1525 5441 1664 5493 inter
1691 5455 1749 5492 se

167 5524 464 5577 distinctas
511 5520 888 5589 agnoscebat,
918 5535 938 5589 ι
966 5527 1119 5589 tres)
1156 5522 1350 5589 autem
1372 5528 1411 5589 ﬁt
1444 5524 1698 5589 personas
1724 5528 1742 5559 ι

169 5594 343 5647 unius
370 5580 573 5643 natura":
599 5604 703 5642 non
731 5580 1041 5655 recipiebat.
1069 5584 1167 5650 Qui
1204 5586 1341 5655 banc
1366 5580 1748 5655 Graecosin-ter

167 5674 232 5718 et
270 5661 497 5717 Latinos
531 5659 677 5714 litem
708 5648 1116 5739 pleniusnosse
1160 5653 1325 5716 cupit,
1369 5651 1512 5720 legat
1558 5648 1746 5704 lliero—

1856 4217 2062 4284 iniens;
2109 4216 2348 4271 moribus
2380 4217 2604 4287 simplex
2630 4260 2645 4283 ,
2684 4219 3015 4289 gubernandi
3068 4230 3185 4274 arte
3239 4222 3421 4275 multi-

1850 4395 1997 4466 nymi
2026 4394 2302 4466 epistolam
2315 4410 2437 4466 Ann
2466 4393 2532 4447 ad
2574 4392 2884 4466 Damasum.
2924 4391 3091 4461 Legat
3132 4402 3290 4447 etiam
3313 4393 3421 4466 ξος

1855 4463 2078 4587 ῑῗνὲιὶὲι,
2129 4474 2259 4518 tom.
2288 4464 2353 4528 ll,
2384 4465 2477 4519 lib.‘
2503 4479 2577 4529 tv,
2608 4479 2657 4518 c.
2680 4464 2735 4527 4,
2771 4480 2825 4516 n.
2848 4464 2880 4518 9
2904 4475 2957 4516 ct
2991 4478 3128 4531 seq.,
3163 4478 3284 4532 pag.
3310 4463 3416 4516 545

1855 4548 1880 4587 e
2047 4574 2060 4587 .

1851 4544 1906 4588 et
1937 4544 2060 4587 545.

1923 4603 2035 4673 (44)
2078 4606 2271 4673 Λόγου
2303 4602 2661 4671 κατατομήν.
2713 4621 2732 4653 ι
2761 4599 3280 4673 Verbi__se_ctionem,
3307 4620 3325 4653 ι
3367 4602 3418 4654 id

1855 4669 1978 4736 est,
2016 4669 2055 4724 ἰ
2100 4669 2360 4728 doctrinae
2414 4669 2643 4743 ﬁdeique
2711 4675 2855 4727 circa
2913 4669 3147 4725 Verbum
3219 4673 3416 4725 sectio—

1853 4758 1996 4797 nem.
2023 4761 2040 4793 ι

1924 4812 2032 4883 (45)
2073 4811 2315 4875 Συνδεῖ,
2359 4821 2462 4865 etc.
2509 4812 2563 4865 ld
2601 4823 2777 4866 actum
2823 4810 2873 4865 in
2914 4809 3145 4883 concilio
3187 4809 3419 4883 Alegan-

1853 4877 2043 4946 drino',
2091 4898 2232 4936 anno
2298 4883 2431 4946 562,
2479 4883 2563 4937 cui
2622 4892 2848 4952 prmerat
2886 4880 3235 4952 Athanasius.
3282 4877 3416 4952 Vide

1851 4953 2025 5021 Epist.
2054 4954 2117 5005 ad
2144 4953 2555 5013 Antiochenses,
2584 4949 2721 5020 apud
2746 4952 2946 5006 Athan.
2972 4960 3101 5004 tom.
3127 4949 3167 5014 1,
3208 4964 3261 5018 p.
3286 4950 3412 5014 770,

1852 5033 1905 5077 et
1938 5023 2130 5076 Socrat
2158 5062 2173 5086 ,
2208 5023 2300 5076 lib.
2332 5038 2413 5086 Ill,
2450 5038 2497 5074 ιι.
2526 5022 2578 5073 7.

1922 5092 2431 5161 (witha/torquere.
2489 5092 2579 5146 Sic
2631 5100 2738 5145 tres
2797 5090 2989 5161 Regg.,
3027 5089 3123 5145 0r.
3173 5088 3223 5153 1,
3275 5087 3414 5153 Jes.,

1853 5159 2381 5223 Par..'Cumb.,Vetc.
2416 5162 2467 5214 In
2503 5164 2611 5226 ed.,
2643 5159 2941 5231 φιλοτιμία.
3029 5229 3054 5231 _
3233 5184 3269 5231 ,ι

1924 5232 2035 5301 (47)
2075 5231 2205 5285 Καί.
2241 5233 2330 5286 Sic
2361 5244 2470 5285 tres
2512 5226 2706 5299 ReggL,
2729 5240 2783 5285 et
2821 5226 2912 5283 Or.
2944 5231 2997 5301 lg.
3029 5229 3187 5283 Deest
3233 5226 3414 5301 in_eu.

1925 5294 2036 5373 (48)
2075 5301 2449 5373 Διορθωθεῖεν
2522 5294 2903 5365 πτᾶίσαντες.
2948 5298 3041 5373 0r.
3090 5301 3112 5352 1
3176 5309 3230 5350 et
3281 5294 3415 5360 les,

1855 5371 2167 5441 διορθώσειε
2198 5372 2548 5434 πταίσαντας,
2591 5390 2609 5421 ι
2641 5381 2698 5425 ιιι
2740 5373 2916 5441 lapsus
2944 5371 3194 5441 erigeret.
3218 5386 3236 5417 ι

1927 5435 2034 5509 (49)
2076 5443 2416 5506 Φιλόξενος,
2454 5441 2695 5505 ἱκέσιος,
2725 5435 2828 5494 etc.
2865 5438 2920 5492 lu
2957 5435 3418 5509 quibusdam,“(si~

1854 5505 1988 5573 λιος,
2018 5505 2216 5573 ξένιος,
2260 5505 2480 5574 ἱκέσιός.
2518 5513 2573 5563 lu
2625 5512 2745 5563 aliis
2798 5505 3009 5562 inverso
3057 5508 3263 5561 ordine.
3306 5505 3415 5558 Ob-

1856 5592 2035 5633 servat.
2064 5579 2277 5634 Nicetas
2308 5580 2492 5634 Jovem
2525 5595 2553 5632 a
2584 5578 2886 5634 Gentilibus
2912 5578 3190 5646 appellari,
3220 5577 3415 5645 φίλιον,

1856 5650 2046 5711 ξένιον,
2098 5650 2318 5707 ἱκέσιον.
2371 5658 2426 5703 ut
2468 5649 2736 5705 amicitiae.
2775 5648 3155 5719 hospitalitatis
3198 5658 3251 5702 et
3289 5664 3419 5718 sup-
