3914 6404
525 260 663 315 H27

1715 240 1774 296 S.
1815 235 2139 293 GREGORII
2179 232 2524 290 THEOLOGI

3611 248 3734 302 I228

526 371 684 441 plex;
718 364 894 420 verbis
944 360 1198 430 sapiens.
1248 358 1430 411 animo
1481 355 1812 420 sapientior;
1859 351 1902 404 si
1964 366 2087 404 cum

2219 349 2574 420 ιποτρόπαιος,
2606 347 2782 399 πάντα
2816 343 2896 409 εἷς
2951 347 3186 418 ἀληθῶς,
3210 348 3308 403 ὅσα
3350 359 3738 423 μεμερισμέςλυς

526 457 902 517 humilioribus
948 454 1044 522 ipsi
1075 467 1163 504 res
1212 458 1388 510 esset,
1420 447 1486 499 ad
1538 460 1724 499 eorum
1763 453 1975 508 captum
2031 457 2089 493 se

528 553 845 612 dentittens;
883 546 926 600 si
961 560 1081 600 cum
1110 541 1406 596 sublimiori
1438 547 1618 592 mente
1646 534 2092 607 przeditis,altius

532 657 848 709 assurgens;
889 638 1156 707 hospitum
1195 647 1429 703 prteses,
1463 631 1621 702 411
1679 627 1901 694 supplex
1927 663 1942 686 ,
1977 639 2091 676 ma-

533 734 704 787 lorum
733 729 1012 800 depulsor,
1053 742 1191 779 unus
1219 724 1468 776 universa
1505 737 1568 776 ea
1602 734 1726 774 vere
1759 715 2090 784 complexus,

535 812 1001 892 quaa’singulatitn
1056 815 1156 868 diis
1204 815 1314 867 suis
1370 810 1597 880 gentiles
1661 805 1921 858 tribuunt.
1988 801 2098 856 Ad-

2193 442 2306 501 τοῖς
2339 436 2546 490 ἑαυτῶν
2601 436 2741 498 θεοῖς
2793 437 3060 507 Ἑλλήνων
3113 441 3300 503 παῖδες
3349 443 3738 512 ἐπιερημξζουσι,

2198 528 2495 598 Προσθήσω
2539 527 2594 581 δὲ
2624 528 2717 580 καὶ
2742 526 2946 595 ζύγιον,
2984 530 3076 580 καὶ
3130 529 3442 601 παρθένιον,
3497 537 3584 586 καὶ
3607 539 3744 608 εἰρη-

2201 622 2367 680 ναῖον,
2398 617 2491 669 καὶ
2533 616 2963 688 διαλλακτήριον,
3003 619 3092 670 καὶ
3127 625 3404 690 πομπαῖον
3455 626 3564 687 τοῖς
3589 627 3745 679 ὲντεῦ-

2203 707 2293 759 Θεν
2327 705 2725 775 ἐπειγομένοις.
2755 706 2818 756 Ὤ
2853 705 3026 768 πόσας
3062 723 3150 776 μοι
3179 711 3324 760 ποιεῖ
3359 708 3573 781 κλήσεις
3606 716 3635 782 ἡ
3664 715 3746 767 τοῦ

2205 797 2396 870 ἀνδρὸς
2415 797 2604 868 ἁρετὴ,
2637 796 2968 866 πανταχόθεν
2991 798 3176 851 καλεῖν
3209 799 3478 853 ὲθέλοντιῑ

537 889 656 968 (Iam
703 921 753 965 et
793 910 1201 977 conjugatorum
1228 944 1243 966 ,
1303 911 1358 956 et
1391 899 1658 969 virginum
1710 905 2033 966 patronum,
2078 901 2134 945 et
2172 889 2457 960 paciﬁcum
2482 929 2499 955 ,
2576 898 2631 942 et
2679 889 3142 944 reconciliatorem
3167 931 3181 953 ,
3218 901 3272 944 et
3330 907 3554 957 eorum,
3589 898 3669 962 qui
3695 912 3753 949 ει

541 1006 642 1057 hac
692 1003 800 1055 vita
847 1001 908 1053 ad
959 998 1184 1052 alteram
1243 1001 1570 1064 properant,
1617 991 1987 1044 deductoretn.
2047 983 2091 1039 O
2129 993 2384 1053 quantam
2457 982 2733 1036 nominum
2814 984 3023 1051 copiam
3060 983 3190 1036 milti
3226 985 3397 1038 virtus
3432 984 3598 1054 ipsius
3643 1003 3755 1055 sup-

540 1095 772 1166 peditat,
808 1093 933 1145 dum
980 1089 1332 1156 undecunque
1363 1079 1777 1154 cognatnentum
1832 1079 1935 1148 ipsi
1995 1088 2217 1147 captare
2242 1076 2402 1129 Volo!

609 1182 869 1240 XXXVII.
907 1182 1040 1236 Cum
1081 1189 1257 1253 autem
1301 1193 1422 1232 eum
1473 1176 1596 1228 vitae
1637 1186 1857 1226 cursum
1892 1168 2100 1224 tennis-

541 1285 654 1339 set,
681 1284 841 1343 atque
877 1272 950 1326 ita
984 1271 1264 1324 institutus
1295 1267 1524 1331 fuisset,
1559 1265 1804 1332 aliosque
1834 1260 2104 1316 instituis-

543 1379 654 1429 set,
683 1376 740 1419 ut
781 1374 834 1419 et
882 1363 992 1416 vita
1024 1362 1195 1431 ipsius
1226 1374 1550 1428 morumque
1586 1357 1724 1410 ratio
1755 1355 2104 1425 episcopatus

542 1472 727 1513 norma
783 1465 967 1517 esset,
1016 1463 1071 1507 et
1097 1453 1268 1523 ipsius
1319 1453 1570 1522 dogmata
1623 1462 1721 1517 pro
1756 1447 1880 1501 ﬁdei
1920 1446 2104 1500 ortho-

2276 1168 2398 1220 AZ'.
2430 1165 2608 1236 Ζήσας
2635 1164 2690 1217 δὲ
2747 1163 2913 1232 οὕτω,
2966 1163 3060 1217 κα)⁵
3089 1164 3399 1229 παιδευθεὶς
3444 1169 3540 1220 καὶ
3564 1171 3759 1224 παιδεὺο

2211 1275 2328 1321 σας,
2363 1257 2503 1310 ὥστε
2539 1256 2662 1327 ὅρον
2688 1256 2786 1326 μὲν
2815 1255 3119 1324 ἐπισκοπῆς
3149 1251 3290 1309 εἶναι
3316 1257 3406 1310 τὸν
3429 1260 3633 1314 ἐκείνου
3659 1263 3760 1333 βίον

2210 1349 2305 1402 καὶ
2329 1348 2547 1419 τρόπον,
2582 1348 2743 1417 νόμον
2771 1346 2826 1399 δὲ
2859 1345 3167 1417 ὀρθοδοξίας
3193 1347 3261 1399 τὰ
3296 1347 3510 1401 ἐκείνου
3541 1351 3760 1422 δόγματα

2213 1437 2348 1506 (50),
2377 1436 2497 1491 τίνα
2534 1435 2722 1507 μισθὸν
2747 1436 2844 1506 τῆς
2872 1435 3151 1499 εὐσεϐείας
3185 1436 3502 1506 κομίζεται;
3530 1440 3640 1494 οὐδὲ
3667 1444 3760 1515 γὰρ

540 1549 696 1602 doxa:
747 1545 860 1614 lege
891 1544 1241 1606 haberentur,
1267 1542 1410 1610 quod
1459 1540 1674 1593 tandem
1719 1537 1939 1606 pietatis
1969 1550 2102 1604 pra:-

2219 1529 2364 1582 τοῦτο
2397 1527 2642 1599 παριδεῖν
2685 1527 2852 1590 ἄξιον.
2909 1527 2997 1579 Ἐν
3030 1528 3176 1598 γήρᾳ
3219 1528 3368 1599 καλῷ
3411 1531 3659 1586 καταλύει
3682 1537 3758 1587 τὸν

543 1639 710 1692 mium
743 1635 926 1704 capit?
967 1634 1152 1703 Neque
1183 1633 1326 1687 enim
1358 1633 1460 1686 hoc
1493 1630 1777 1700 neglectitn
1825 1627 2108 1682 transmito

549 1728 770 1782 tendum
811 1736 915 1781 est.
960 1726 1014 1778 In
1055 1725 1195 1779 bona
1226 1731 1506 1778 senectute
1533 1721 1696 1773 vitam
1740 1718 1977 1782 claudit,
2011 1732 2105 1785 pa-

549 1819 828 1887 tribusque
874 1817 1006 1879 suis,
1066 1814 1408 1884 patriarchis,
1450 1823 1504 1866 et
1547 1811 1845 1882 prophetis,
1888 1818 1942 1863 et
1989 1823 2110 1876 apo-

546 1907 720 1972 s‘o‘lis,
749 1921 810 1960 ac
839 1904 1188 1975 martyribus,
1211 1903 1298 1972 qui
1324 1919 1420 1971 pro
1451 1903 1676 1955 veritate
1701 1899 2109 1962 dimicaverant,

551 1997 881 2068 adjungitur.
915 1997 1090 2064 Atque
1119 2034 1133 2059 ,
1163 2005 1220 2048 ut
1245 1994 1578 2064 epitaphium
1612 1991 1881 2062 quoddam
1919 1990 2106 2060 paucis

547 2088 893 2158 complectar,
922 2086 1286 2140 cxcellentiori
1321 2086 1528 2139 honore
1577 2083 1629 2136 in
1660 2083 1903 2138 discessu
1945 2081 2114 2136 allici-

547 2187 656 2242 tur,
687 2192 845 2246 quam
882 2192 989 2245 quo
1022 2177 1072 2228 in
1107 2175 1346 2230 civitatis
1382 2173 1716 2243 ingressibus
1739 2181 1968 2225 ornatus
1995 2170 2112 2225 fue-

551 2274 664 2333 rat;
704 2266 901 2320 multas
936 2267 1151 2335 quidem
1205 2264 1480 2335 lacrytnas
1514 2261 1806 2325 excitavit,
1851 2260 2113 2330 majorem

551 2367 729 2411 autem
755 2358 820 2411 iis
848 2357 1028 2422 rebus,
1053 2371 1171 2426 quae
1197 2356 1248 2409 in
1280 2364 1560 2423 aspectum
1592 2352 1791 2407 cadunt
1819 2390 1835 2416 ,
1877 2351 2114 2406 nominis

551 2447 631 2502 sui
685 2447 908 2517 gloriam
943 2448 994 2500 in
1045 2447 1282 2500 omnium
1329 2445 1527 2498 animis
1581 2442 1906 2496 recondidit.
1938 2443 2051 2505 At,
2085 2455 2118 2494 ο

552 2541 776 2595 charum
799 2547 857 2592 et
885 2553 1094 2593 sacrum
1137 2545 1332 2606 caput,
1371 2544 1456 2599 ttt,
1483 2535 1703 2602 inquam
1739 2572 1755 2597 ,
1795 2532 1884 2600 qui
1917 2539 2117 2600 praeter

553 2642 779 2688 etcteras
816 2641 936 2685 tuas
983 2630 1169 2682 laudes
1201 2627 1471 2682 sermonis
1518 2634 1574 2679 et
1627 2625 1826 2680 silentii
1888 2624 2107 2677 modum

558 2725 759 2779 eximie
790 2721 1002 2778 coluisti
1025 2761 1040 2782 ,
1075 2721 1318 2777 Orationi
1349 2721 1567 2789 quidem
1608 2725 1808 2773 nostra:
1835 2717 1993 2771 linem
2024 2716 2114 2771 hic

555 2814 864 2878 constitue,
899 2827 1054 2881 quae,
1105 2811 1147 2864 si
1209 2810 1469 2863 virtutum
1508 2818 1719 2862 tuarum
1751 2807 2116 2877 praestantiam

2212 1621 2344 1692 βίον,
2411 1621 2505 1673 καὶ
2563 1619 2908 1690 προστίθεται
2958 1622 3071 1682 τοῖς
3119 1621 3388 1692 πατράσιν
3434 1623 3620 1686 αὐτοῦ.
3671 1643 3760 1679 1:1-

2209 1713 2516 1784 τριάρχαις,
2545 1711 2638 1764 καὶ
2665 1712 2991 1782 προφήταις.
3023 1712 3118 1764 καὶ
3153 1712 3494 1778 ἀποστόλοις,
3532 1717 3620 1768 καὶ
3649 1719 3766 1790 μάρ-

2211 1823 2353 1869 τυσι,
2378 1809 2489 1868 τοῖς
2521 1804 2658 1874 ὑπὲρ
2685 1804 2787 1873 τῆς
2807 1803 3064 1875 ἀληθείας
3091 1806 3512 1876 ἠγωνισμένοις.
3544 1808 3667 1870 Καὶ,
3695 1812 3768 1863 ἵνα

2214 1897 2352 1950 εἴπω
2378 1896 2500 1950 τινὰ
2533 1897 2738 1967 βραχὺν
2770 1895 2879 1966 (5|)
2911 1896 3217 1965 ἐπιτάφιον,
3255 1900 3484 1968 τιμᾶται
3509 1899 3614 1950 τῶν
3646 1901 3766 1954 εἰσο-

2213 1988 2340 2041 δίων
2366 1987 2541 2058 τιμῶν
2577 1987 2676 2058 τὴν
2708 1987 2905 2052 ἐξόδιον
2952 1987 3413 2060 πολυτελεστέραν
3435 2006 3451 2022 ο
3493 1990 3657 2043 πολλὰ
3689 1995 3770 2062 μὲν

2216 2079 2443 2149 κινήσας
2487 2078 2718 2148 δάκρυα,
2757 2079 2977 2148 μείζονα
3014 2079 3072 2132 δὲ
3095 2078 3205 2130 τῶν
3227 2081 3521 2150 ὁρωμένων
3541 2082 3634 2154 τὴν
3664 2086 3769 2154 περὶ

2215 2170 2382 2224 αὑτοῦ
2415 2170 2572 2234 δόξαν
2597 2174 2719 2232 ταῖς
2762 2171 3017 2224 ἁπάντων
3066 2171 3327 2235 διανοίαις
3377 2174 3767 2245 ἐναποθέμενος.

2217 2263 2380 2324 Ἀλλ’,
2415 2256 2460 2314 ὧ
2489 2262 2616 2334 φίλη
2648 2265 2743 2316 καὶ
2762 2261 2884 2334 ἱερὰ
2907 2263 3138 2334 κεφαλὴ,
3167 2265 3195 2315 ὁ
3220 2265 3312 2316 κα).
3343 2264 3507 2332 λόγου
3539 2267 3631 2318 καὶ
3663 2284 3770 2320 azm-

2218 2354 2327 2423 πῆς
2365 2355 2537 2425 μέτρα
2575 2355 2708 2423 (52),
2740 2355 2878 2425 μετὰ
2925 2355 3033 2407 τῶν
3054 2354 3229 2409 ἄλλων
3266 2372 3358 2408 σου
3389 2356 3772 2427 καλῶνβιαςεο

2223 2446 2418 2514 ρόντως
2451 2448 2710 2519 τιμήσας,
2738 2451 2873 2519 ἡμῖν
2914 2450 3010 2518 μὲν
3061 2450 3295 2503 ἐνταῦθα
3329 2453 3562 2522 στήσαις
3598 2453 3680 2504 τὸν
3704 2454 3774 2505 λό-

2219 2553 2335 2605 γον,
2369 2539 2417 2590 εί
2474 2539 2568 2590 καὶ
2597 2538 2694 2608 τῆς
2729 2537 2986 2610 ἀληθείας
3031 2538 3393 2610 ἐνδεέστερον,
3613 2539 3699 2592 τοῦ
3723 2558 3773 2608 γε

2219 2626 2356 2697 πρὸς
2379 2626 2606 2698 δύναμιν
2650 2628 2710 2679 οὐ
2740 2626 3056 2698 λειπόμενον
3075 2644 3088 2657 ⁸
3131 2628 3293 2691 αὐτὸς
3318 2628 3378 2681 δὲ
3417 2628 3625 2682 ἄνωθεν
3653 2631 3773 2700 ἡμᾶς

2221 2718 2545 2781 ὲποπτεύοις
2568 2720 2744 2783 ἵλεως,
2775 2719 2867 2772 καὶ
2884 2721 2973 2773 τὸν
2991 2720 3118 2773 λαὸν
3141 2720 3290 2773 τόνδε
3311 2720 3583 2789 διεξάγοις
3603 2722 3775 2774 τέλειον

2221 2810 2429 2874 τελείας
2453 2810 2552 2880 τῆς
2585 2810 2695 2879 (55)
2719 2810 2948 2881 Τριάδος
2967 2812 3371 2882 προσκυνητὴν,
3395 2813 3498 2883 τῆς
3525 2813 3582 2864 ὲν
3607 2815 3774 2884 Πατρὶ,

556 2905 970 2974 haudquaquam
1003 2913 1250 2957 assecuta
1277 2902 1387 2966 sit,
1420 2909 1476 2954 at
1502 2901 1707 2954 viribus
1741 2909 1890 2954 certe
1913 2898 2112 2954 nostris

2221 2904 2314 2954 καὶ
2343 2901 2477 2972 Υίῴ,
2518 2903 2610 2955 καὶ
2642 2903 2779 2974 ἁγίῳ
2813 2901 3091 2972 Πνεύματι
3119 2903 3504 2975 θεωρουμένης
3532 2905 3625 2957 καὶ
3647 2905 3776 2958 σεϐο-

555 2994 777 3050 ntinitne
810 2992 1035 3048 inferior
1061 3003 1163 3048 est.
1207 2993 1314 3048 Nos
1351 3002 1531 3046 autem
1587 2991 1790 3046 utinam
1823 2995 1939 3060 ipse
1971 2990 2124 3046 beni-

555 3101 693 3157 gnus
723 3086 952 3154 desuper
979 3096 1032 3140 et
1059 3085 1305 3154 placidus
1331 3085 1566 3155 aspicias
1589 3124 1605 3148 ,
1640 3094 1803 3153 atque
1844 3084 1990 3137 hunc
2027 3097 2122 3152 po-

555 3178 740 3249 pulum
793 3179 1099 3248 gubernes,
1155 3178 1453 3247 perlectutn
1507 3177 1761 3246 perfectae
1802 3176 2122 3238 Trinitatis,

556 3275 745 3344 quain
773 3273 961 3337 Patre,
995 3284 1049 3327 et
1076 3273 1248 3337 Filio,
1282 3281 1336 3326 et
1360 3272 1565 3342 Spiritu
1593 3281 1785 3326 sancto
1809 3269 2126 3340 intelligitur

554 3374 614 3420 et
638 3365 850 3430 colitur,
879 3365 1218 3419 adoratoretn
1250 3382 1264 3417 :
1311 3378 1536 3432 tneque,
1565 3363 1608 3417 si
1645 3363 1861 3432 quidem
1904 3377 1990 3415 res
2027 3376 2118 3429 pa-

557 3463 691 3508 cata:
733 3454 924 3508 futurae
974 3455 1084 3509 sint
1106 3493 1120 3515 .
1164 3453 1218 3507 in
1249 3454 1360 3508 vita
1393 3463 1578 3508 teneas
1602 3493 1616 3515 ,
1645 3465 1972 3522 gregemque
2005 3466 2116 3503 nte-

2225 2993 2396 3065 μένης
2422 3012 2434 3024 ·
2487 2995 2580 3048 καὶ
2611 2995 2778 3065 ἡμᾶς,
2826 2996 2874 3047 εί
2913 2995 3010 3065 μὲν
3055 2994 3368 3066 εἰρηνικῶς,
3412 2995 3665 3065 κατέχοις
3704 2997 3780 3049 καὶ

2224 3086 2641 3157 συμποιμαίνοις
2661 3101 2678 3116 '
2717 3088 2765 3139 ei.
2788 3085 2846 3139 δὲ
2873 3086 3206 3157 πολεμικῶς,
3238 3086 3534 3154 ὲπανάγοις
3571 3089 3605 3156 ἦ
3639 3104 3781 3158 προσ-

2223 3173 2541 3246 λαμϐάνοις,
2596 3177 2689 3230 καὶ
2741 3177 2968 3246 στήσαις
3006 3178 3143 3248 μετὰ
3178 3178 3403 3232 σεαυτοῦ
3440 3179 3540 3232 καὶ
3564 3179 3665 3232 τῶν
3692 3174 3782 3242 οἷος

2227 3268 2312 3330 σὺ,
2345 3267 2447 3322 κᾶν
2479 3269 2620 3339 μέγα
2731 3269 2794 3322 τὸ
2820 3270 3158 3342 αἰτούμενον,
3188 3275 3243 3326 ὲν
3269 3271 3419 3342 αὐτῷ
3444 3272 3560 3343 (54)
3594 3274 3783 3345 Χριστῷ

2225 3359 2337 3428 (55)
2391 3359 2470 3430 τῷ
2492 3361 2680 3432 Κυρίῳ
2713 3361 2872 3432 ἡμῶν
2892 3377 2906 3392 ο
2935 3354 2979 3429 ᾧ
3009 3365 3157 3417 πᾶσα
3193 3364 3338 3430 δόξα,
3374 3364 3538 3435 τιμὴ,
3575 3367 3666 3419 καὶ
3691 3364 3782 3437 (56)

2224 3449 2422 3521 κράτος
2453 3453 2533 3515 εἰς
2556 3453 2683 3514 τοὺς
2705 3454 2906 3519 αἰῶνας
2938 3455 3070 3527 (57).
3127 3456 3316 3526 Ἀμήν.

558 3560 678 3598 cum
717 3560 937 3614 pascas;
992 3546 1073 3600 sin
1130 3555 1309 3600 autem
1344 3545 1582 3600 Ecclesia
1635 3544 1787 3598 bellis
1854 3542 2142 3614 llagratura
2181 3552 2302 3609 est,
2371 3545 2619 3611 reducas,
2690 3557 2786 3602 aut
2824 3564 3072 3604 assumas
3099 3590 3115 3614 ,
3145 3557 3430 3620 tecumque
3455 3591 3473 3614 ,
3499 3561 3556 3606 et
3582 3566 3694 3606 cum
3722 3548 3783 3602 tui

560 3638 830 3692 similibus
905 3638 1183 3702 colloces,
1257 3639 1470 3692 tametsi
1527 3654 1780 3707 magnum
1847 3637 1918 3690 sit
1983 3636 2123 3705 quod
2169 3636 2498 3706 postulo,in
2537 3640 2652 3710 ipso
2679 3639 2898 3696 Christo
2953 3643 3179 3698 Domino
3231 3656 3452 3706 nostro,
3523 3645 3607 3698 cui
3634 3644 3784 3698 omnis

561 3732 726 3803 gloria
752 3774 767 3800 ,
805 3733 991 3796 honor,
1021 3741 1070 3787 et
1095 3733 1380 3802 imperium
1421 3731 1471 3784 in
1501 3731 1719 3785 srecnla.
1748 3734 1938 3784 Amen.

561 3846 787 3919 plicu_m__
821 3843 1124 3919 praesidem.
1151 3843 1252 3919 _Sic
1278 3844 1345 3919 de
1366 3842 1510 3919 aliis.
1530 3842 1625 3896 llis
1655 3850 1834 3919 autem
1859 3841 2127 3919 omnibus

563 3911 875 3970 hominibus
905 3914 1234 3967 Athanasius
1269 3913 1338 3966 ob
1384 3914 1640 3965 virtutem
1670 3928 1697 3964 a
1725 3911 1984 3980 Gregorio
2027 3926 2128 3978 ap-

568 3985 813 4052 pellatur.
847 4000 866 4029 o
894 3983 1099 4036 Pitilius
1121 4002 1139 4033 ι
1171 3985 1312 4035 enim
1335 3982 1569 4052 idieitur,
1602 3982 1764 4052 quod
1790 3996 1883 4035 eos
1913 3981 2126 4052 diligat,

566 4050 656 4120 Qui
684 4066 866 4106 amore
903 4053 1048 4121 digni
1081 4061 1223 4121 sunt.
1259 4069 1278 4102 σ
1307 4051 1532 4112 Xenius,
1559 4069 1577 4101 ι
1628 4050 1767 4118 quod
1813 4051 2123 4117 peregrinos

570 4122 800 4188 hospitio
837 4123 1088 4188 excipiat.
1123 4140 1142 4172 ‹
1168 4120 1427 4188 Supplex,
1455 4138 1473 4170 ι
1509 4123 1648 4187 quod
1682 4134 1868 4186 preces
1894 4133 1990 4182 pro
2039 4135 2130 4184 pu-

570 4192 676 4260 puli
732 4190 903 4244 salute
957 4192 1162 4244 fundat.
1205 4209 1222 4240 ι
1255 4189 1453 4260 Zygins
1481 4209 1499 4240 ι
1541 4189 1715 4260 etiam
1751 4199 1805 4260 et
1852 4208 1869 4239 ι
1897 4188 2128 4260 Parthe-

570 4259 712 4324 nius,
737 4278 755 4311 ι
793 4261 932 4328 quod
969 4259 1310 4314 matrimonio
1332 4268 1386 4313 et
1419 4259 1710 4328 virginitati
1754 4259 1898 4328 leges
1927 4259 2125 4312 condat

567 4345 632 4384 ac
662 4331 977 4396 perscribat.

639 4400 750 4470 (50)
789 4401 1072 4470 Δόγματιι.
1109 4398 1259 4467 Par.,
1305 4397 1628 4470 διδάγματα,
1688 4416 1706 4450 ι
1736 4399 2073 4455 documenta.
2101 4415 2119 4446 ι

2243 3841 2418 3981 gf)(ofixl')
2462 3841 2597 3896 Τινὰ
2665 3843 2926 3913 βραχύν.
2991 3842 3048 3898 1η
3123 3843 3394 3899 nonnullis
3481 3845 3676 3908 codd.,
3738 3863 3784 3898 τι

2385 3930 2435 3964 υ.

2311 3929 2435 3980 αχυ.

2279 3928 2675 4052 ρῖῧέῒΜέτρα.
2709 3981 2766 4034 1η
2808 3982 2895 4038 ed.
2936 3983 3202 4052 sequitur,
3230 3983 3344 4048 καί,
3375 3984 3524 4053 quod
3566 3984 3777 4037 codicum

2235 4052 2555 4104 auctoritate
2587 4053 2900 4107 delevimus.

2305 4122 2414 4188 (55)
2461 4120 2594 4188 Τῆς.
2634 4122 2791 4174 Deest
2829 4124 2879 4175 in
2916 4123 3124 4178 duobus
3160 4123 3325 4191 licgg.

2305 4191 2416 4261 (54)
2455 4191 2778 4261 Αὑτῷηδὶιι
2811 4193 2965 4246 codd.
2995 4194 3051 4246 In
3087 4195 3197 4256 ed.,
3230 4191 3418 4246 αὑτοῦ.

2305 4259 2416 4334 (55)
2455 4259 2708 4334 Χριστῷ.
2739 4260 2985 4334 Nonnulli
3017 4264 3172 4334 codd.
3197 4265 3439 4334 addunt,
3470 4263 3663 4334 Ἰησοῦ.

2325 4331 2416 4402 56)
2455 4332 2586 4402 Καί.
2620 4332 2710 4384 Sic
2739 4333 2840 4402 duo
2867 4331 3060 4402 Regg.,
3084 4332 3260 4402 Or.7l.
3287 4332 3345 4385 Itt
3376 4333 3467 4387 ed.
3500 4331 3665 4388 deest.

2326 4399 2414 4471 57)
2449 4401 2697 4467 Αἱῶνας.
2730 4399 2825 4456 0r.
2855 4402 2876 4454 I
2913 4399 3083 4467 addit,
3116 4401 3348 4456 αἰώνων.

789 4728 952 4802 412
1006 4712 1584 4806 MONITUM
1664 4717 1787 4805 IN
1861 4716 2549 4807 ORATIONES
2621 4719 2898 4806 XXII
2975 4718 3127 4806 ET
3191 4719 3586 4809 XXIII.

650 5066 717 5158 Ι.⁹
744 5067 1085 5158 Orationes
1128 5068 1266 5160 istae
1298 5069 1439 5160 «De
1491 5086 1638 5160 pace
1668 5093 1696 5126 ι)
1745 5071 2221 5160 inscribuntur.
2279 5069 2482 5132 Aliam
2515 5070 2750 5160 itidem
2816 5096 2846 5160 at
2881 5076 2994 5160 De_
3018 5094 3166 5154 pace
3196 5100 3224 5134 κ
3274 5079 3647 5157 inscriptam
3675 5082 3772 5160 jam

571 5146 866 5236 Nazianzi
915 5146 1432 5236 pronuntiaverat
1472 5147 1842 5236 “Gregorius
1885 5147 2035 5236 (ὅθ),
2089 5164 2232 5236 cum
2285 5146 2604 5236 monachi,
2637 5152 2718 5212 ob
2749 5146 3168 5236 subscriptam
3201 5174 3233 5218 a
3286 5146 3604 5234 Gregorio
3640 5146 3773 5229 patre

571 5224 930 5296 formulam,
965 5227 1433 5304 qumrArianam
1466 5227 1751 5288 fraudem
1794 5224 2141 5300 redolebat,
2175 5227 2253 5304 ab
2285 5244 2361 5287 eo
2392 5227 2701 5301 distracti,
2738 5232 2812 5292 ad
2848 5224 3152 5296 unitatem
3194 5224 3571 5299 rediissént.
3632 5224 3775 5298 Nunt:

571 5309 784 5392 autem
850 5303 1239 5392 non’eadem
1295 5321 1481 5392 causa
1533 5305 1874 5392 Theologi
1911 5307 2116 5392 gelum
2184 5303 2572 5392 inﬂammat._
2611 5309 2866 5392 Etenim
2933 5323 3160 5387 praeter
3218 5315 3457 5375 bellum
3508 5318 3774 5376 adversus

576 5378 923 5473 haereticos,
962 5381 1570 5473 luctuosumhet‘iam
1593 5378 1888 5473 “vigebat
1917 5384 2762 5473 histemporibusnsehisma
2793 5378 2960 5449 inter
2991 5390 3165 5473 ipsos
3199 5394 3604 5469 Catholieos,
3639 5414 3768 5473 qun-

572 5474 718 5550 rum_
740 5458 908 5550 alii_«
930 5461 1004 5521 ad
1031 5461 1288 5550 Paulum
1323 5459 1471 5550 (59),
1496 5485 1524 5516 »
1557 5462 1664 5550 alii
1699 5442 2138 5550 :a’ét'apong'g
2184 5442 3768 5550 {reuerso(agonali;eﬁnhb'a'n'ttfr:"QVIR:tith

574 5543 636 5596 et
689 5537 919 5614 Apollo
954 5561 982 5594 ι)
1035 5538 1136 5602 hic
1183 5537 1439 5601 meri'to’
1470 5541 1730 5619 quidem
1777 5542 1857 5602 ab
1909 5537 2175 5603 eruditis
2219 5537 2663 5618 intelliguntur
2695 5545 2978 5608 Melitius
3044 5554 3105 5609 et
3162 5549 3502 5629 Paulinus,
3567 5555 3669 5634 qui
3715 5555 3770 5608 de

645 5655 756 5728 (58)
792 5657 887 5712 Or.
913 5675 984 5716 vt.

2324 5663 2435 5734 (59)
2471 5663 2654 5720 Carm.
2685 5665 2760 5720 De
2788 5668 2891 5721 rita
2923 5686 3040 5736 sua,
3067 5687 3205 5728 vers.
3236 5675 3360 5729 680.
