3914 6404
577 365 710 421 ⁷1131

1707 373 1712 378 ‘
1788 366 1843 418 S.
1886 362 2214 420 CREGORll
2256 363 2601 423 THEOLOGI

3690 373 3792 432 1132

1645 523 3767 551 ____________________________________

1019 683 1402 760 ORATIO
1452 684 1670 760 XXII
1717 667 1825 758 (δ).

2718 681 3084 767 ΛΟΓΟΣ
3157 683 3304 767 ΚΒ
3321 701 3356 764 ’.

569 866 734 940 ﬁla
782 867 1021 940 Secunda
1058 869 1121 920 de
1148 883 1308 940 pare,
1347 865 1399 916 in
1434 862 1767 940 Constantini
1793 861 2141 940 urbe/inbita,

2260 862 2562 940 Εἱρηνικὸς
2596 862 2821 940 ﬁ'_(69),
2855 861 3106 940 λεχθεὶς
3235 866 3696 940 ζίωνᾳταντίη-ου
3723 871 3800 923 πόα

645 931 906 992 διῖονιαηι
940 939 990 990 in
1021 931 1214 1005 populo
1257 937 1674 998 contentionem,
1729 933 1790 987 de
1829 931 2146 1002 quibusdam

638 1009 892 1077 episc0pis
916 1007 1051 1061 inter
1077 1024 1129 1060 se
1155 1005 1555 1060 dissidentibus.

642 1162 683 1219 l.
710 1163 824 1217 Pax
852 1163 1046 1224 amica,
1081 1175 1186 1215 non
1234 1176 1292 1216 re
1324 1160 1609 1224 duntaxat,
1633 1158 1728 1212 sed
1756 1157 1974 1212 nomine
2006 1170 2143 1226 quo-

568 1271 678 1326 que
703 1256 819 1326 ipso
844 1253 1103 1322 jucunda,
1151 1268 1313 1322 quam
1353 1266 1495 1305 nunc
1543 1250 1737 1321 p0pulo
1779 1249 1923 1313 dedi,
1960 1264 2024 1303 ac
2063 1263 2150 1304 re-

569 1351 723 1421 cepi;
779 1352 920 1404 haud
962 1350 1074 1403 scio
1111 1364 1176 1401 an
1229 1347 1497 1401 sinceram
1542 1343 1614 1398 ab
1657 1342 1909 1397 omnibus
1939 1355 2146 1406 vocem,

573 1442 886 1512 Spir’ituque
932 1439 1180 1508 dignam,
1219 1451 1283 1490 ac
1329 1450 1436 1488 non
1481 1433 1658 1501 pOtius
1703 1431 1916 1503 publica
1963 1440 2145 1501 pacta,

571 1537 682 1590 Deo
705 1543 861 1598 tes-te,
881 1531 1100 1595 violata,
1129 1540 1186 1584 ut
1207 1529 1423 1598 gravior
1443 1526 1515 1582 sit
1545 1536 1728 1581 nostra
1753 1525 2146 1580 condemnatio.

578 1626 690 1682 Pax
720 1627 919 1686 antica,
955 1622 1238 1679 meditatio
1273 1634 1410 1683 mea,
1457 1631 1510 1674 et
1551 1619 1716 1674 decus
1751 1632 1954 1684 meum,
1985 1632 2145 1686 quam

573 1721 686 1781 Dei,
720 1728 773 1774 et
813 1718 968 1786 cujus
1016 1715 1203 1780 Deum,
1233 1723 1286 1769 οἱ
1318 1727 1479 1783 quam
1526 1711 1692 1765 Deum
1719 1724 1840 1764 esse
1882 1710 2146 1773 audimus,

575 1811 723 1865 velut
750 1810 804 1864 in
833 1809 939 1863 illis
970 1806 1212 1878 Apostoli
1251 1804 1432 1860 verbis
1461 1822 1474 1857 :
1504 1801 1627 1856 Paa:
1654 1801 1755 1856 Dei
1791 1802 1874 1869 7‘;
1908 1811 1984 1865 et,
2009 1800 2148 1854 Deus

577 1905 722 1972 pacis
747 1902 812 1969 1‘;
836 1909 910 1967 et,
938 1899 1062 1970 Ipse
1082 1908 1158 1954 est
1185 1913 1289 1968 pax
1320 1906 1499 1950 nostra
1522 1895 1590 1962 7";
1621 1909 1686 1950 ac
1722 1908 1791 1949 ne
1816 1893 1896 1948 sic
1921 1894 2140 1962 quidem

573 2011 694 2051 eam
743 2007 1080 2048 reveremur.
1131 1989 1241 2045 Pax
1292 1989 1492 2054 amica,
1541 1987 1742 2042 bonum
1789 1985 1858 2040 ab
1892 1985 2149 2040 omnibus

572 2087 794 2156 quidem
838 2085 1143 2149 laudatum,
1207 2097 1235 2135 a
1275 2080 1466 2151 paucis
1514 2088 1695 2133 autem
1743 2085 2145 2138 conservatum,

569 2179 793 2233 ubinam
840 2193 936 2232 nos
980 2182 1130 2230 tanto
1179 2174 1292 2243 jam
1347 2173 1607 2239 temporis
1633 2171 1809 2240 spatio
1841 2167 2150 2239 reliquisti?

2319 937 2434 1005 λεί,
2467 935 2565 988 ἐπὶ
2602 933 2677 1002 τῇ
2697 931 3005 1005 ’γενομέὸῃ
3034 931 3114 998 τῷ
3141 933 3268 1005 λαῷ
3308 937 3669 1003 φιλονεικίᾳ.
3699 943 3798 1005 περὶ

2319 1003 2670 1128 imam}:sz
2723 1002 2905 1058 τινῶν
2958 1002 3388 1072 διενεχθέντων
3435 1004 3588 1074 πρὸς
3619 1002 3798 1078 auii-

2365 1092 2490 1140 ους.

2320 1166 2398 1218 A'.
2441 1167 2647 1240 Εἰρήνη
2679 1165 2827 1238 φίλη,
2852 1167 2912 1221 τὸ
2942 1167 3116 1237 γλυκὺ
3143 1166 3236 1220 καὶ
3266 1168 3506 1239 πρᾶγμα
3528 1169 3626 1221 καὶ
3647 1169 3797 1239 ὄνομα,

2249 1255 2278 1308 ὃ
2302 1256 2396 1311 νῦν
2428 1257 2603 1312 ἔδωκα
2625 1259 2736 1329 (70)
2767 1258 2845 1330 τῷ
2878 1257 2994 1328 λαῷ
3025 1258 3120 1311 καί
3147 1257 3442 1312 ἀντέλαϐον
3462 1278 3476 1290 ·
3506 1261 3613 1313 οὐκ
3644 1256 3745 1314 οἶδα
3767 1265 3802 1316 εί

2251 1348 2402 1420 παρὰ
2431 1349 2648 1403 πάντων
2681 1349 2914 1420 γνησίαν
2945 1347 3128 1420 φωνὴν
3157 1348 3252 1401 καὶ
3281 1349 3438 1416 ἀξίαν
3460 1349 3557 1402 τοῦ
3586 1350 3800 1422 Πνεύμαο

2248 1458 2361 1504 τος,
2399 1441 2534 1495 ἀλλὰ
2567 1443 2642 1513 μὴ
2683 1442 2949 1514 δημοσίας
3000 1441 3114 1513 (71)
3157 1441 3434 1514 συνθήκας
3461 1441 3803 1512 ἀθετουμένας

2251 1531 2358 1585 ὑπὸ
2386 1532 2504 1603 Θεῷ
2531 1533 2792 1606 μάρτυρι,
2825 1533 2965 1586 ὥστε
2995 1535 3090 1588 καὶ
3119 1533 3302 1605 μεῖζον
3322 1529 3462 1586 εἶναι
3488 1535 3626 1605 ἡμῖν
3653 1535 3708 1586 τὸ
3731 1553 3804 1589 κα-

2247 1622 2515 1694 τάκριμα.
2551 1624 2755 1695 Εἰρήνη
2795 1623 2943 1694 φίλη,
2973 1624 3036 1677 τὸ
3071 1624 3202 1696 ὲμὸν
3238 1624 3522 1696 μελέτημα
3553 1625 3650 1678 καὶ
3673 1626 3804 1680 καλλ-

2249 1713 2497 1785 ώπισμα,
2530 1716 2599 1785 ἣν
2641 1714 2777 1768 Θεοῦ
2824 1732 2884 1768 τε
2931 1711 3071 1769 εῖναι
3110 1714 3417 1788 ἀκούομεν,
3450 1718 3547 1770 καὶ
3575 1712 3644 1789 ἧς
3681 1717 3802 1782 Θεὸν,

2249 1807 2340 1861 τὸν
2379 1807 2514 1860 Θεὸν
2547 1808 2638 1861 κα)¹
2679 1806 2935 1860 αὑτόθεον
2979 1808 3116 1879 (72),
3157 1809 3233 1872 ὡς
3279 1809 3339 1862 ὲν
3377 1808 3486 1880 τῷ·
3534 1809 3601 1863 Ἡ
3632 1810 3805 1879 εἰρήνη

2248 1899 2356 1954 τοῦ
2385 1900 2536 1954 Θεοῦ
2555 1917 2568 1926 ·
2599 1901 2715 1964 καὶ,
2762 1901 2824 1954 '0
2855 1901 3001 1968 Θεὸς
3032 1901 3144 1970 τῆς
3169 1901 3416 1970 είρήνης
3443 1919 3457 1933 ·
3493 1902 3614 1965 καὶ,
3648 1904 3806 1969 Αὐτός

2249 1991 2421 2046 ἐστιν
2451 1992 2490 2060 ἠ
2533 1992 2742 2062 εἰρήνη
2785 1992 2984 2063 ἡμῶν·
3019 1994 3114 2047 καὶ
3156 1994 3266 2047 οὐδ’
3311 1993 3486 2058 οὕτως
3519 1994 3804 2064 αἰδούμεθα.

2250 2085 2456 2156 Εἰρήνη
2488 2084 2639 2156 φίλη,
2663 2085 2722 2138 τὸ
2749 2085 2899 2157 παρὰ
2923 2085 3142 2140 πάντων
3165 2086 3265 2157 μὲν
3292 2085 3687 2155 ἐπαινούμενον
3701 2087 3807 2154 ἁγα-

2251 2177 2366 2245 θὸν,
2403 2178 2496 2231 ὑπ’
2526 2178 2720 2247 ὀλίγων
2754 2179 2810 2232 δὲ
2848 2179 3296 2250 φυλασσόμενον,
3328 2176 3432 2232 ποῦ
3474 2195 3611 2230 ποτε
3651 2178 3807 2232 ἀπέλι-

571 2271 799 2337 Quando
849 2270 918 2324 ad
969 2267 1364 2322 nos'reditura
1414 2263 1511 2318 es?
1564 2262 1828 2333 Equidem
1880 2270 1932 2315 te
1980 2276 2146 2330 supra

2260 2289 2350 2335 πες
2392 2272 2563 2343 ἡμᾶς,
2613 2245 2870 2334 τοσοῦτος
2917 2270 2976 2335 ἐξ
3024 2245 3112 2324 οὗ⁷
3141 2272 3332 2342 χρόνος
3372 2270 3514 2342 ἦδης
3562 2270 3657 2323 καὶ
3703 2271 3808 2324 πότε

571 2359 830 2416 mor‘tales
869 2373 1060 2413 omnes
1104 2355 1264 2426 cupio
1293 2363 1348 2409 et
1374 2352 1661 2409 exosculor
1684 2391 1698 2416 ,
1725 2368 1789 2406 ac
1826 2361 2146 2420 prazsentem

571 2451 933 2522 complector,
973 2458 1030 2503 et
1079 2448 1356 2501 absentem
1395 2445 1578 2499 multis
1609 2443 1841 2499 luctibus
1878 2454 1933 2498 et
1977 2442 2150 2512 laery-

575 2547 681 2599 mis
719 2557 938 2604 revoco,
979 2538 1232 2609 qualibus
1276 2551 1375 2592 nec
1408 2536 1712 2608 patriarcha
1749 2534 1839 2589 ille
1859 2533 2028 2589 Jacob
2055 2531 2148 2588 Jo—

575 2637 827 2708 sephum,
865 2649 892 2688 a
919 2631 1180 2687 fratribus
1203 2630 1424 2700 quidem
1454 2627 1756 2692 venditum,
1787 2626 1835 2659 τ⁸
1859 2641 1890 2680 a
1916 2626 2030 2681 fera
2060 2641 2151 2680 an-

571 2741 684 2783 tem
743 2735 980 2796 raptum,
1022 2731 1088 2795 _ut
1127 2723 1243 2792 ipse
1266 2719 1649 2786 existimabat;
1683 2733 1782 2773 nec
1810 2716 1976 2771 David
2009 2717 2148 2770 ami-

575 2835 698 2874 cum
748 2833 905 2873 suum
953 2813 1227 2871 Jonathan
1284 2812 1340 2867 in
1386 2811 1529 2868 bello
1585 2811 1995 2878 interemptum,
2057 2816 2150 2861 aut

576 2920 761 2982 postea
796 2908 967 2964 tilium
997 2905 1323 2962 Ahsalonem
1353 2904 1418 2958 ⁷⁸.
1455 2903 1693 2970 Quorum
1728 2901 1867 2956 alter
1901 2900 2144 2971 paternis
2192 2938 2200 2946 υ

577 3001 877 3058 visceribus
917 2998 1187 3052 laceratus
1220 2995 1529 3051 clamabat:
1562 2991 1707 3048 Fara
1746 2992 2032 3063 .Iosephum
2066 3007 2151 3045 ra-

570 3091 772 3162 puit”,
826 3090 941 3147 fera
985 3088 1126 3144 mala
1166 3096 1222 3143 et
1269 3085 1531 3153 immitis;
1569 3091 1960 3153 cruentamque
1997 3081 2148 3152 pueri

571 3194 778 3239 vestem
831 3180 1132 3252 proferens,
1181 3179 1337 3250 quasi
1369 3176 1463 3232 ﬁlii
1493 3191 1712 3242 carnes,
1767 3176 2142 3240 osculabatur,

572 3280 761 3334 eadem
809 3290 866 3329 re
917 3273 1125 3329 scilicet
1155 3282 1209 3326 et
1251 3270 1493 3327 dolorem
1538 3284 1694 3324 suum
1735 3269 2051 3332 incendens,
2096 3279 2151 3323 et

571 3369 877 3440 mitigans:
921 3367 1060 3421 alter
1120 3380 1262 3420 nunc
1317 3362 1594 3418 montibus
1649 3361 1780 3427 illis,
1845 3361 1898 3416 in
1955 3361 2150 3430 quibus

570 3461 816 3534 praelium
867 3459 1216 3514 miumissum
1266 3457 1465 3520 fuerat,
1513 3455 1630 3510 dira
1661 3453 1845 3509 omnia
1887 3453 2148 3522 impreca-

572 3569 658 3608 tur
689 3572 702 3609 :
739 3552 942 3608 Montes
973 3550 1190 3618 Gelboe,
1241 3549 1448 3612 dicens,
1483 3563 1641 3616 super
1677 3562 1765 3600 vos
1817 3561 1908 3599 nec
1947 3545 2145 3614 pluuia,

2252 2361 2544 2433 ἐπανήξεις
2588 2363 2755 2432 ἡμῖν,
2803 2361 2888 2425 Ὠς
2918 2361 3038 2415 λίαν
3072 2361 3182 2432 (75)
3233 2378 3294 2415 σε
3328 2359 3481 2414 ποθῶ
3529 2362 3628 2413 καὶ
3659 2361 3807 2414 ἀσπά-

2251 2444 2414 2518 ζομαι
2447 2448 2808 2519 διαφερόντως
2839 2449 2946 2503 τῶν
2973 2449 3150 2504 ἄλλων
3187 2449 3491 2521 ἀνθρώπων
3511 2467 3525 2479 ·
3562 2451 3658 2503 καὶ
3694 2469 3809 2522 παρ-

2247 2538 2415 2592 οῦσαν
2463 2539 2745 2610 περιέπω,
2780 2541 2875 2593 καὶ
2907 2539 3154 2596 ἀποῦσαν
3203 2539 3593 2610 ἀνακαλῶμαι
3629 2541 3810 2605 πολλοῖς

2252 2631 2470 2704 θρήνοις
2519 2633 2614 2685 κα).
2652 2632 2948 2705 δάκρυσιν,
3007 2632 3140 2696 οίοις
3183 2631 3307 2686 οὔτε
3369 2633 3571 2686 Ἰακὼϐ
3621 2635 3813 2688 καὶτὸν

2264 2723 2461 2796 Ἰωσὴφ
2492 2727 2697 2778 ἐκεῖνον
2728 2727 2756 2778 ὁ
2789 2725 3155 2797 πατριάρχης,
3192 2725 3298 2778 ὑπὸ
3328 2726 3428 2796 μὲν
3455 2726 3572 2780 τῶν
3598 2727 3812 2794 ἀδελφῶν

2251 2816 2624 2888 πεπραμένον,
2680 2816 2784 2869 ὑπὸ
2819 2816 2874 2868 δὲ
2912 2816 3102 2887 θηρίου
3137 2816 3495 2887 ήρπασμὲνον
3517 2856 3533 2880 ,
3562 2816 3639 2877 ὼς
3667 2817 3811 2886 ᾤετο·

2251 2907 2374 2962 οὔτε
2407 2908 2570 2964 Δαϐὶδ
2627 2908 2882 2962 Ἰωνὰθαν
2915 2908 3004 2962 τὸν
3040 2909 3234 2962 ἑαυτοῦ
3277 2908 3453 2977 φίλον,
3491 2909 3653 2980 ἔργον
3683 2910 3815 2962 πολέ-

2254 3018 2357 3073 μου
2379 3001 2692 3072 γενόμενον,
2725 3001 2759 3073 ἢ
2787 3001 2876 3055 τὸν
2907 3002 3021 3054 υἱὸν
3060 3001 3417 3073 Ἀϐεσσαλὼμ
3451 3001 3698 3075 ὕστερον.
3733 2996 3819 3056 Ἦν

2250 3095 2280 3147 δ
2309 3093 2407 3164 μὲν
2441 3092 2771 3163 σπλάγχνοις
2801 3096 3089 3166 πατρικοῖς
3119 3095 3598 3166 σπαρασσόμενος,
3627 3097 3819 3165 Θηρίω-

2253 3185 2552 3254 ἤρπασεν,
2586 3185 2736 3251 ἐϐόα,
2776 3185 2882 3239 τὸν
2941 3186 3190 3256 Ἰωσὴφ,
3243 3187 3435 3259 θηρίον
3474 3188 3708 3258 πονηρὸν
3741 3189 3824 3241 καὶ

2252 3277 2553 3348 ἀνήμερον,
2603 3278 2698 3330 καὶ
2743 3276 2843 3348 τὴν
2891 3277 2985 3354 τοῦ
3034 3279 3224 3343 παιδὸς
3262 3279 3471 3350 ἐσθῆτα
3513 3280 3821 3351 ᾑμαγμένην

2253 3367 2496 3438 προθεὶς,
2532 3367 2608 3430 ὡς
2640 3366 2740 3432 τὰς
2777 3366 2872 3420 τοῦ
2904 3367 3096 3430 παιδὸς
3129 3368 3337 3441 σάρκας
3382 3369 3824 3440 περιεπτύσσετο,

2251 3459 2328 3529 τῷ
2367 3459 2514 3531 αύτῷ
2560 3459 2656 3513 καὶ
2695 3459 3029 3531 φλεγόμενος
3070 3461 3166 3514 καὶ
3215 3461 3727 3534 παραμυθούμενος.
3773 3463 3825 3514 '0

2249 3553 2329 3614 δὲ,
2360 3553 2453 3606 νῦν
2482 3553 2580 3624 μὲν
2604 3555 2715 3618 τοῖς
2739 3554 2891 3624 ὄρεσι
2917 3556 3240 3625 καταρᾶται,
3270 3555 3392 3608 καθ’
3419 3548 3496 3608 ὧν
3528 3558 3556 3608 ὸ
3583 3557 3827 3626 πόλεμος.

571 3665 664 3702 τεο
695 3663 779 3701 ros
818 3646 972 3700 cadat
997 3644 1067 3696 δι.
1098 3643 1178 3697 Ac
1216 3657 1442 3707 rursus;
1475 3638 1748 3705 Quomodo
1781 3636 2030 3692 Jonatlue
2058 3653 2146 3690 ar—

2260 3645 2399 3712 Ὀρη
2449 3643 2521 3698 τὰ
2567 3643 2863 3708 Γελϐουὲ,
2912 3644 3118 3714 λέγων,
3171 3645 3258 3716 μὴ
3321 3647 3508 3702 πέσοι
3554 3649 3644 3718 ἐφ’
3684 3648 3828 3719 ὑμᾶς

570 3758 661 3795 cus
695 3751 738 3794 et
761 3739 892 3794 vires
931 3737 1231 3791 ceciderunt
1261 3733 1344 3787 ³³⁸1
1388 3731 1544 3787 Nunc
1596 3729 1946 3797 parricidam,
1989 3729 2145 3799 quasi

2260 3735 2382 3802 μήθ’
2435 3735 2630 3802 ὑετὸς,
2677 3735 2830 3805 μήτε
2872 3735 3124 3804 δρόσος*
3178 3738 3307 3803 καὶ,
3334 3739 3472 3805 Πῶς
3508 3742 3694 3795 ἔπεσε
3739 3743 3829 3795 τό-

570 3847 693 3887 eum
733 3846 836 3885 non
883 3829 1133 3895 laesisset,
1162 3833 1408 3889 excusat,
1439 3839 1503 3879 ac
1533 3838 1656 3879 cum
1687 3829 1904 3877 mortuo
1937 3822 1988 3875 in
2020 3820 2145 3892 graé

571 3927 701 3979 tiam
737 3923 880 3978 redit
911 3941 926 3976 :
959 3921 1064 3976 hoc
1112 3933 1326 3990 quoque
1377 3917 1611 3973 fortasse
1657 3915 1876 3970 nomine
1907 3929 2005 3984 pro
2036 3913 2146 3967 lilio

571 4020 782 4083 dolens,
834 4017 980 4088 quod
1035 4031 1231 4070 manus
1281 4015 1543 4069 adversus
1591 4021 1800 4082 patrem
1853 4011 2148 4064 intentarat

572 4111 907 4183 (lmjusmodi
929 4112 1133 4180 quippe
1167 4118 1428 4176 paternus
1457 4103 1682 4159 allectus
1713 4102 1839 4173 est),
1879 4115 2146 4172 quemque

570 4207 771 4262 bellum
811 4204 938 4269 sibi,
988 4213 1047 4257 ut
1084 4203 1320 4265 hostem,
1379 4197 1707 4252 inferentem
1744 4195 2055 4265 propulerat
2083 4209 2148 4248 ac

569 4298 907 4370 proﬂigarat,
944 4295 1198 4352 eumdem
1221 4292 1530 4347 exanimem
1563 4288 1708 4345 velut
1741 4289 1972 4343 amicum
2003 4286 2149 4341 desi-

571 4391 758 4445 derat:
796 4390 877 4444 sic
897 4397 1114 4452 natura,
1144 4398 1248 4456 qna
1282 4381 1419 4437 nihil
1446 4389 1527 4435 est
1561 4380 1870 4456 violentius,
1901 4377 2144 4432 inimici-

570 4483 700 4538 tiam
731 4491 976 4550 superat.

639 4575 802 4648 415
844 4572 905 4628 ll.
969 4571 1273 4628 Miseranda
1315 4583 1534 4639 quoque
1585 4581 1674 4623 res
1708 4574 1853 4630 erat,
1903 4579 2034 4620 arca
2079 4564 2146 4618 ab

567 4671 772 4725 exteris
789 4676 1049 4737 occupata
1079 4662 1350 4730 “,etsolo
1373 4670 1606 4731 aequata,
1638 4669 1800 4730 atque
1831 4673 1861 4712 a
1895 4657 2148 4728 gentibus

569 4761 883 4817 conculcata
931 4756 1270 4822 Jerusalem;
1334 4753 1538 4823 ﬁliique
1583 4751 1753 4817 Sion,
1804 4750 2013 4821 inclyti,
2057 4749 2145 4804 in-

569 4869 753 4924 quam,
797 4852 898 4916 illi,
930 4859 984 4906 et
1027 4864 1159 4903 auro
1191 4841 1534 4916 adsequandi,
1566 4844 1621 4898 in
1653 4843 2025 4912 captivitatem
2052 4842 2146 4896 ab-

565 4958 792 5010 euntes,
826 4959 890 4998 ac
951 4957 1092 4996 nunc
1132 4939 1291 4994 etiam
1329 4935 1578 5008 dispersi,
1607 4948 1781 5003 eoque
1807 4931 2037 4998 redacti,
2077 4943 2138 4989 ut

635 5059 685 5090 ⁷⁵
717 5056 950 5126 Philipp.
990 5069 1064 5116 ιν,
1091 5051 1143 5106 7.
1230 5049 1348 5126 "_°_ll
1376 5048 1652 5126 (ξοπλξμι,
1691 5047 1778 5102 11.

563 5144 686 5199 sqq.

639 5226 713 5296 (τι)
753 5222 901 5277 Alias
923 5219 1066 5296 xiv,
1089 5233 1207 5288 quae
1255 5214 1535 5296 autegﬁﬂ
1578 5224 1715 5279 erat,
1748 5227 1889 5268 nunc
1923 5212 2011 5279 l5,
2043 5211 2138 5266 ha-

566 5287 851 5351 bita'circa
889 5287 1122 5344 medium
1152 5304 1347 5341 annum
1381 5287 1504 5340 579.

640 5366 749 5438 (69)
789 5360 1216 5438 Εἰρηνικὸς-τϐκ
1251 5359 1461 5438 Codex,
1487 5370 1645 5438 quem
1667 5370 1720 5438 Ia
1752 5353 1928 5438 Eypro
1958 5352 2139 5438 a‘tlltlll

565 5423 1055 5498 Velisl'el).,'habet.
1084 5423 1380 5502 Elpqvmb;
1409 5423 1582 5502 alii}:
1615 5427 1723 5502 eth,
1752 5423 2038 5502 Ιςξίρηνικὸς
2064 5429 2134 5492 γ’.

639 5508 753 5577 (70)
795 5496 854 5558 Ὃ
891 5504 1009 5558 νῦν
1040 5496 1251 5577 ἔδωκα,
1279 5510 1383 5554 etc.
1409 5498 1466 5577 In
1497 5497 1734 5563 Lilttlgia
1760 5497 1968 5577 Graeca,
1995 5496 2136 5548 sicut

568 5567 966 5637 et‘in'Latina,
1015 5575 1270 5626 sacerdos
1306 5569 1521 5641 populo,
1575 5580 1628 5623 et
1676 5567 1903 5635 populus
1953 5580 2136 5620 sacer-

565 5650 674 5702 doti
711 5663 896 5711 pacem
933 5659 1203 5711 precatur.

637 5707 750 5786 (71)
789 5715 885 5784 Μὴ
921 5707 1237 5786 δημοσίαςΣ
1270 5711 1433 5786 Deest
1477 5710 1552 5782 μή
1600 5708 1652 5762 in
1671 5707 2007 5786 quibusdam
2040 5720 2132 5761 co-

563 5778 792 5846 dicibus.
831 5778 963 5854 Reg.
985 5778 1096 5847 “hu.
1124 5794 1178 5836 et
1204 5783 1297 5854 0r.
1328 5782 1379 5846 l,
1412 5778 1632 5854 habent,
1667 5778 1924 5854 δημοσίᾳ.

626 5845 747 5933 (72)
784 5845 1099 5918 Λύτὸθεογζ
1139 5856 1229 5910 Sic
1258 5845 1389 5919 Reg.
1438 5853 1530 5920 hu,
1579 5861 1632 5906 et
1678 5845 1909 5904 statuae.
1954 5847 2009 5902 ιιι
2045 5845 2130 5904 ed.

762 5056 950 5126 hilipp.
990 5069 1064 5116 ιν,
1091 5051 1143 5106 7.
1230 5050 1277 5082 ⁷⁸
1307 5049 1348 5102 11
1376 5048 1501 5103 Cor.
1533 5061 1652 5110 xm,
1691 5047 1778 5102 ll.
1889 5047 1932 5077 ⁷⁷
1979 5045 2146 5114 Eph.l

761 5127 806 5157 ⁸ο
830 5128 967 5182 Gen.
1000 5136 1207 5179 xxxvn.
1235 5121 1352 5181 '55..
1401 5121 1446 5150 ⁸¹
1471 5117 1516 5171 ll
1549 5119 1680 5189 Reg.
1705 5134 1743 5182 ι,
1770 5116 1862 5171 21.
1941 5117 1986 5147 δ’
2015 5117 2144 5171 ibid.

2261 5049 2313 5103 4.
2421 5049 2464 5081 ⁷⁸
2493 5049 2629 5104 Gen.
2667 5065 2805 5104 xxxv

2333 5120 2377 5150 ⁸³
2409 5120 2580 5187 lReg.
2617 5137 2690 5182 tv,
2719 5121 2805 5173 ll.

2249 3829 2364 3894 ξον”
2396 3829 2504 3899 (74)
2566 3829 2842 3884 ἰωνάθαν
2885 3831 2983 3884 καὶ
3034 3829 3321 3900 δύναμις;
3371 3833 3490 3885 Νῦν
3541 3833 3588 3886 δ’
3646 3835 3830 3888 ἀπολο-

2247 3925 2421 3992 γεῖται
2452 3923 2528 3986 ὡς
2547 3922 2701 3976 οὐδὲν
2730 3922 3014 3994 ἠδικηκότι
3043 3922 3120 3994 τῷ
3150 3925 3502 3996 πατροφόνῳ,
3534 3928 3628 3979 καὶ
3751 3943 3831 3979 νε-

2248 4015 2366 4088 κρῷ
2404 4016 2721 4069 σπένδεται·
2755 4015 2884 4079 ἴσως
2914 4017 3006 4069 καὶ
3033 4017 3174 4070 κατὰ
3199 4017 3357 4071 τοῦτο
3387 4019 3717 4091 ὑπεραλγῶν
3743 4019 3829 4072 τοῦ

2248 4108 2436 4172 παιδὸς
2455 4147 2469 4172 ,
2500 4109 2582 4162 ὅτι
2615 4108 2758 4162 κατὰ
2788 4107 2882 4162 τοῦ
2917 4109 3124 4180 πατρὸς
3161 4110 3477 4165 ἀνετείνατο
3509 4115 3671 4183 χεῖρα
3703 4111 3830 4180 (75).

2249 4200 2469 4255 Τοιοῦτο
2496 4201 2604 4272 (76)
2632 4201 2742 4270 γὰρ
2767 4200 2860 4255 καὶ
2881 4203 2908 4254 ὁ
2938 4203 3121 4273 πατὴρ
3145 4220 3159 4232 ο
3188 4203 3246 4256 ὂν
3273 4202 3350 4266 ὡς
3371 4203 3570 4276 ἐχθρὸν
3594 4206 3834 4275 ἠμύνατο

2248 4293 2616 4365 πολεμοῦντα,
2668 4294 2744 4358 ὡς
2777 4293 2930 4363 φίλον
2990 4293 3146 4360 ποθεῖ
3195 4294 3309 4364 (77)
3352 4295 3698 4367 τεθνηκότα³
3748 4296 3835 4348 καὶ

2247 4387 2371 4457 νικᾷ
2399 4386 2496 4456 τὴν
2527 4385 2726 4458 ἔχθραν
2757 4389 2790 4458 ἡ
2832 4385 3012 4455 φύσις,
3042 4381 3112 4459 ἧς
3142 4385 3295 4438 οὐδὲν
3328 4385 3664 4459 βιαιότερον.

2319 4566 2400 4622 B’.
2443 4565 2702 4619 Ἐλεεινὸν
2749 4566 2806 4619 δὲ
2849 4567 2943 4620 καὶ
2973 4568 3008 4638 ἡ
3041 4565 3272 4631 κιϐωτὸς
3300 4567 3406 4621 ὑπὸ
3449 4568 3564 4621 τῶν
3608 4563 3835 4638 mi-

2248 4659 2355 4712 λων
2384 4659 2726 4731 κατεχομένη
2752 4677 2764 4689 °
2800 4661 2896 4714 καὶ
2936 4659 3292 4731 Ἰερουσαλὴμ
3340 4660 3701 4732 ἠδαφισμένη
3747 4662 3832 4712 καὶ

2249 4752 2354 4806 ὑπὸ
2393 4752 2562 4807 ἐθνῶν
2613 4753 2929 4825 πατουμένη
2971 4754 3120 4824 (78)*
3175 4753 3271 4806 καὶ
3299 4754 3409 4806 υἱοὶ
3455 4752 3626 4820 Σιὼν,
3680 4756 3730 4806 οί
3763 4754 3836 4805 τί-

2252 4861 2363 4916 μιοι
2399 4846 2494 4899 καὶ
2543 4845 2835 4899 ἱσοστάσιοι
2863 4846 3095 4917 χρυσίῳ,
3130 4845 3491 4917 πορευόμενοι
3521 4847 3585 4899 ὲν
3628 4848 3838 4916 αἰχμα-

2249 4937 2440 5009 λωσίᾳ,
2472 4937 2566 4991 καὶ
2600 4936 2694 4990 νῦν
2725 4937 2805 4990 ἔτι
2829 4937 3241 5009 διεσπαρμένοι,
3267 4937 3364 4990 καὶ
3387 4937 3517 5001 λαὸς
3544 4937 3717 5024 ὄντες
3751 4938 3842 5004 τῆς

2421 5049 2464 5121 ⁷⁸1
2493 5049 2629 5104 Gen.
2667 5065 2876 5115 xxxvii,
2908 5049 2980 5104 28
3006 5066 3128 5120 sqq.
3241 5049 3287 5081 τ’
3320 5046 3362 5102 ll
3390 5048 3525 5121 Reg.
3563 5065 3732 5110 xvm.
3757 5047 3836 5108 53.

2247 5215 2482 5278 divisim.
2517 5214 2648 5268 αὐτὸ
2677 5213 2828 5268 Θεόν.

2315 5286 2426 5356 (75)
2467 5286 2635 5340 Λίαν.
2675 5288 2832 5356 Deest
2864 5284 2914 5338 in
2949 5283 3218 5356 nonnullis
3245 5284 3545 5356 codicibus.

2317 5354 2431 5426 (74)
2475 5358 2694 5410 Ἕπεσε
2737 5355 2938 5420 τόξον.
2975 5355 3067 5410 Sic
3104 5357 3235 5426 Reg.
3280 5357 3376 5410 bu.
3418 5354 3476 5409 In
3510 5356 3645 5420 ed.,
3691 5354 3838 5417 4:6an

2243 5424 2459 5481 ἔπεσεν.

2316 5498 2426 5568 (75)
2465 5496 2660 5568 Χεῖρα.
2691 5495 2827 5568 Reg.
2857 5495 3088 5568 ωπον.
3117 5496 3169 5559 1,
3196 5506 3327 5568 et_c.,
3363 5497 3582 5567 χεῖρας.

2315 5566 2426 5635 (76)
2469 5566 2722 5621 Τοιοῦτο.
2756 5566 2870 5620 Duo
2904 5566 3097 5635 Regg.,
3127 5566 3388 5620 τοιοῦτον.

2315 5573 2404 5634 (76
2469 5573 2722 5621 Τοιοῦτο.
2758 5573 2870 5620 Duo
2904 5573 3097 5635 Regg.,
3127 5573 3388 5620 τοιοῦτον.

2340 5573 2427 5709 77)
2467 5638 2660 5693 Ποθεῑ.
2699 5636 2957 5699 Montae.,
2989 5637 3191 5699 πενθεῖ,
3230 5656 3249 5688 ι
3274 5639 3442 5704 luget.
3470 5657 3488 5686 ι

2315 5641 2820 5780 (78)Πατουμέττη.
2867 5708 2920 5780 In
2962 5709 3306 5776 quibusdam,
3344 5724 3488 5761 κατα

2341 5706 2820 5791 78).Παζουμέτ;η.
2867 5708 2920 5791 In
2962 5709 3306 5776 quibusdam,
3344 5707 3835 5778 καταπατοτμένη.

2244 5777 2418 5836 Prave
2443 5781 2494 5835 in
2517 5779 2628 5846 ed.,
2652 5777 2999 5850 παθουμένη.
