3914 6404
172 404 305 459 “5'5

1266 400 1525 456 ORATIO
1564 399 1731 456 XXII.
1774 429 1843 439 —
1880 400 1968 454 DE
2008 402 2184 457 PACE
2224 402 2286 457 ll.

3276 407 3413 465 1154

166 518 487 589 οἰκουμένης
514 516 660 582 ξένος
690 517 782 568 καὶ
820 516 1096 586 πάροικος.
1128 518 1310 571 Δεινὸν
1338 518 1392 569 δὲ
1423 520 1517 571 καὶ
1548 518 1615 571 τιὰ
1648 517 1739 571 νῦν

1849 533 1945 587 per
1970 530 2141 575 totum
2174 522 2358 576 orbem
2390 521 2627 590 hospites
2651 521 2782 588 sint,
2808 531 2860 575 et
2897 524 3183 593 peregrini.
3211 523 3413 582 Gravia

168 610 419 682 δρώμενά
473 626 532 661 τε
594 609 687 662 καὶ
738 607 1074 678 ἀκουόμενα·
1131 609 1389 678 πατρίδες
1450 610 1742 680 ἀνιστάμε-

167 722 251 757 ναι
284 702 417 774 (79),
451 703 545 754 καὶ
577 701 833 773 μυριάδες
861 701 1148 756 πίπτουσα·
1174 742 1191 769 ,
1227 704 1321 756 καὶ
1358 703 1639 773 κάμνουσα
1667 702 1739 773 γῆ

166 797 277 856 τοῖς
315 793 510 862 αἵμασι
541 792 637 845 καὶ
675 794 788 855 τοῖς
833 791 1111 863 πτώμασι,
1148 794 1241 846 καὶ
1277 793 1403 857 λαὸς
1438 794 1743 862 ἀλλόγλωσ-

167 903 257 951 σος
277 885 352 950 ὡς
378 885 581 938 οἰκείαν
600 884 898 955 διατρέχων
920 886 1020 956 τὴν
1048 886 1364 958 ἀλλοτρίαν·
1392 886 1453 939 ού
1482 886 1546 939 δι’
1578 888 1735 940 ἀναν-

161 980 316 1051 δρίαν
358 978 466 1033 τῶν
513 978 949 1050 προμαχομένων
995 979 1368 1051 κατηγορείτω
1401 979 1586 1049 μηδείς
1609 994 1622 1007 ⁸
1652 971 1741 1031 οὗ-

162 1090 243 1125 τοι
272 1072 381 1142 γάρ
416 1072 555 1124 εἰσιν
608 1071 657 1123 oi
696 1069 892 1141 μικροῦ
940 1072 1119 1124 πᾶσαν
1152 1071 1250 1142 τὴν
1284 1072 1605 1142 οἰκουμένην
1638 1089 1742 1125 πα-

166 1160 596 1233 ραστησάμενοι·
642 1158 776 1213 ἀλλὰ
815 1158 904 1212 διὰ
934 1159 1033 1230 τήν
1078 1159 1351 1230 ἡμετέραν
1390 1160 1604 1224 κακίαν,
1648 1162 1741 1213 καὶ

161 1253 259 1323 τὴν
296 1250 698 1322 ἐπικρατοῦσαν
724 1250 862 1303 κατὰ
890 1250 988 1319 τῆς
1012 1250 1239 1320 Τριάδος
1281 1251 1552 1304 ἀσέϐειαν.
1581 1251 1741 1304 Δεινά

161 1345 355 1406 ταῦτα,
385 1344 479 1397 καὶ
516 1342 660 1413 πέρα
692 1342 903 1395 δεινῶν.
939 1341 1036 1405 Τίς
1067 1342 1282 1411 ἀντερεῖ
1314 1341 1423 1395 τῶν
1454 1345 1741 1415 συμφορὰς

159 1437 474 1508 δοκιμάζειν
508 1437 724 1489 εἰδότων
758 1436 817 1500 ἐξ
850 1428 925 1488 ὧν
955 1433 1290 1488 πεπόνθασιν
1310 1475 1324 1498 ,
1356 1436 1387 1506 ἢ
1427 1438 1741 1506 συμπεπόν-

163 1530 357 1593 θασιν;
405 1528 541 1581 Ἀλλ’
571 1526 723 1581 ούπω
762 1525 1015 1579 τοσοῦτον
1058 1525 1243 1589 οὐδὲν,
1272 1526 1396 1578 ὅσον
1435 1527 1623 1598 εἰρήνη
1657 1526 1742 1579 δε-

160 1619 455 1691 διωγμένη,
483 1619 576 1672 καὶ
604 1621 636 1688 ή
665 1619 763 1688 τῆς
799 1617 1122 1687 Ἐκκλησίας
1141 1617 1447 1689 εὐπρέπεια
1470 1636 1740 1691 περιῃρη-

164 1711 322 1781 μένη,
363 1710 455 1763 καὶ
489 1708 547 1761 τὸ
588 1708 816 1762 παλαιὸν
863 1707 1081 1778 ἀξίωμα
1128 1707 1560 1778 καταλελυμένον
1585 1724 1600 1739 ·
1647 1709 1742 1762 καὶ

159 1803 312 1873 παρά
344 1798 594 1854 τοσοῦτον
620 1802 653 1870 ή
681 1799 834 1864 τάξις
867 1800 1345 1871 άντεστραμμένη,
1372 1799 1514 1854 ὥστε
1548 1799 1741 1872 πρότε-

1849 622 1973 667 sunt
2003 614 2242 683 insuper,
2275 630 2396 683 qua:
2442 631 2587 670 nunc
2623 622 2679 669 et
2724 616 3016 681 cernimus,
3046 627 3101 672 et
3127 619 3413 675 audimus:

1844 706 2035 774 patriae
2071 704 2312 762 funditus
2357 722 2584 773 eversae,
2630 709 3053 765 innumerabiles
3104 713 3271 781 copia:
3320 729 3416 767 ca-

1848 799 2060 864 dentes,
2116 809 2258 853 terra
2319 802 2584 869 sanguine
2640 811 2695 855 et
2750 801 3104 858 cadaveribus
3157 815 3413 873 gravata,

1842 896 2030 940 extera
2075 889 2224 942 natio
2259 889 2489 943 alteram
2521 891 2793 960 regionem
2824 891 2971 945 velut
3002 906 3155 946 suam
3192 908 3417 961 percur—

1842 993 1970 1033 sans
2018 995 2081 1033 ac
2126 981 2419 1050 pepulans;
2457 998 2560 1035 non
2595 998 2715 1037 eam
2750 983 3036 1052 quisquam
3070 985 3139 1037 oh
3168 984 3418 1039 defenso-

1844 1086 1965 1124 rum
1999 1072 2271 1139 ignaviam
2300 1074 2625 1129 criminetur
2660 1093 2673 1129 :
2707 1090 2829 1128 nam
2873 1076 2948 1129 illi
2993 1076 3092 1144 ipsi
3139 1086 3286 1142 sunt,
3321 1078 3425 1146 qui

1846 1164 2159 1219 universum
2201 1181 2341 1235 pene
2373 1177 2642 1222 terrarum
2681 1169 2865 1223 orbem
2891 1170 3031 1223 bello
3060 1180 3221 1239 atque
3246 1172 3416 1228 armis

1843 1255 2175 1325 subegerunt
2216 1278 2228 1311 :
2264 1258 2359 1312 sed
2395 1259 2464 1313 ob
2508 1260 3196 1329 improbitatemnostram,
3232 1263 3417 1331 vigen-

1845 1354 2061 1416 temque
2084 1351 2346 1405 adversus
2384 1352 2704 1407 Trinitatem
2743 1355 3095 1423 impietatem.
3130 1356 3268 1410 Sunt
3303 1358 3416 1411 hac

1843 1454 1974 1494 sane
1997 1442 2204 1508 gravia,
2230 1452 2285 1496 et
2316 1443 2438 1511 plus
2474 1458 2636 1513 quam
2668 1446 2877 1515 gravia.
2904 1444 3035 1512 Quis
3065 1462 3250 1501 eorum
3287 1448 3409 1500 inli-

1845 1532 1959 1587 cias
1983 1533 2163 1601 iverit,
2210 1536 2304 1606 qui
2336 1551 2403 1591 ex
2448 1537 2554 1601 his,
2589 1553 2709 1607 qua:
2746 1539 2827 1593 vel
2853 1540 2948 1608 ipsi
2980 1541 3144 1609 passi,
3183 1541 3265 1595 vel
3292 1541 3414 1595 aliis

1846 1626 2115 1694 compassi
2144 1635 2291 1691 sunt,
2332 1628 2675 1682 calamitates
2714 1629 2985 1683 aestimare
3030 1630 3264 1683 norunt?
3308 1630 3412 1683 Sed

1841 1715 1977 1770 nihil
1999 1717 2224 1786 perinde
2248 1733 2415 1787 grave
2444 1729 2608 1789 atque
2633 1721 2889 1776 acerbum
2921 1731 3023 1781 est.
3044 1732 3102 1775 ut
3124 1737 3223 1791 pax
3254 1722 3403 1791 pulsa

1842 1816 1894 1861 et
1927 1806 2128 1877 fugata,
2155 1818 2208 1862 et
2233 1808 2478 1865 Ecclesia
2502 1812 2696 1866 decore
2722 1827 2820 1867 suo
2844 1812 3100 1879 spoliata,
3130 1812 3415 1881 priscaque

160 1911 254 1964 ρον
289 1894 387 1963 μὲν
412 1890 469 1957 ἐξ
501 1892 562 1945 ού
590 1890 720 1945 λαοῦ
750 1891 896 1957 λαὸς,
930 1892 1021 1943 καὶ
1050 1890 1108 1956 ἐξ
1132 1891 1231 1944 ούκ
1259 1890 1445 1955 ἔθνους
1474 1891 1625 1955 ἔθνος
1657 1909 1739 1961 γε-

1849 1899 2080 1970 dignitas
2115 1909 2169 1955 et
2209 1903 2508 1973 amplitudo
2550 1904 2761 1959 sublata
2807 1914 2862 1959 et
2903 1907 3202 1971 exstincta;
3248 1916 3411 1974 atque

158 1984 426 2056 γόναμενο
460 1982 554 2036 νῦν
584 1983 640 2036 δὲ
688 1982 1071 2052 κινδυνεύομεν
1104 1985 1168 2036 ἐκ
1201 1983 1329 2036 λαοῦ
1362 1984 1617 2054 μεγίστου
1644 1986 1739 2037 καὶ

158 2078 368 2141 ἔθνους,
395 2078 473 2141 είς
510 2076 570 2129 ού
603 2075 730 2129 λαὸν
764 2076 924 2129 πάλιν
954 2078 1048 2130 καὶ
1077 2077 1175 2129 οὐκ
1202 2076 1354 2140 ἔθνος
1383 2077 1741 2142 ἀναλυθέντες

157 2171 446 2240 γενέσθαι,
475 2169 552 2233 ώς
583 2168 644 2222 τὸ
681 2169 775 2222 ἀπ’
810 2169 1016 2239 ἀρχῆς,
1069 2169 1157 2221 ὅτε
1206 2169 1305 2221 οὐκ
1338 2164 1511 2239 ἦρξας
1559 2167 1739 2239 ήμῶν,

156 2264 271 2317 οὐδ’
300 2266 380 2328 εἰς
405 2262 462 2318 ἒν
487 2263 658 2334 ὄνομα
698 2262 793 2315 καὶ
823 2261 1010 2333 τάγμα
1046 2260 1501 2332 συνεληλύθειμεν
1535 2262 1668 2333 (80).

1845 1993 1980 2047 adeo
2024 1998 2237 2050 inversa
2302 1996 2511 2051 ordinis
2557 1997 2717 2061 ratio,
2770 2008 2830 2051 ut
2862 1998 2950 2067 qui
2987 1999 3138 2067 prius
3184 2014 3247 2052 et
3302 2015 3409 2053 non

1849 2086 2046 2155 populo
2080 2088 2330 2159 populus,
2375 2098 2430 2143 et
2477 2103 2542 2145 ex
2566 2104 2671 2143 non
2718 2100 2878 2158 gente
2910 2106 3040 2159 gens
3067 2089 3194 2145 facti
3234 2092 3415 2147 fuera-

1849 2190 1989 2240 mus,
2047 2188 2190 2229 nune
2235 2177 2288 2230 in
2341 2192 2406 2233 eo
2438 2178 2674 2247 periculo
2701 2194 2999 2243 versemur,
3026 2189 3082 2232 ut
3120 2182 3414 2235 verendum

1849 2264 1943 2329 sit,
1975 2279 2041 2319 ne
2076 2281 2141 2319 ex
2172 2266 2368 2335 populo
2396 2268 2634 2321 maximo
2659 2276 2712 2320 et
2733 2278 2912 2337 gente,
2945 2268 2997 2322 in
3026 2284 3130 2323 non
3161 2269 3416 2340 populum

161 2370 216 2415 et
252 2376 357 2415 non
390 2370 605 2430 gentem
655 2358 987 2428 mdigamur,
1024 2369 1186 2429 atque
1216 2359 1270 2412 in
1302 2366 1542 2413 veterem
1581 2358 1729 2414 illum
1771 2369 1969 2416 statum
2023 2360 2325 2427 redeamus,
2373 2363 2427 2417 in
2463 2377 2570 2434 quo
2604 2377 2842 2430 eramus,
2892 2377 3016 2419 cum
3085 2364 3242 2422 nobis
3309 2380 3416 2419 non

162 2457 484 2523 imperares,
526 2462 688 2523 atque
719 2452 772 2506 in
810 2468 974 2506 unum
1014 2466 1209 2507 nomen
1233 2460 1285 2505 et
1314 2451 1547 2506 classem
1574 2466 1736 2504 unam
1776 2452 2240 2508 convenissemus.

230 2549 304 2600 1".
342 2546 452 2600 Καὶ
482 2546 650 2608 ὅντως
697 2544 994 2598 κινδυνεύει
1041 2546 1169 2616 ῥᾷον
1212 2539 1353 2597 εἶναι
1400 2545 1742 2616 δυσπραγίαν

157 2642 425 2707 ἐνεγκεῖν,
460 2638 494 2710 ἢ
527 2639 835 2709 εὐπραγίαν
867 2639 977 2709 (81)
1009 2637 1378 2691 διασώσασθαι
1399 2655 1413 2667 ο
1446 2638 1607 2692 ὁπότε
1649 2640 1751 2693 καὶ

156 2737 342 2806 ἡμεῖς,
367 2733 531 2805 ἡνίκα
557 2731 991 2803 ἐπολεμούμεθα,
1015 2733 1127 2795 τοῖς
1151 2732 1413 2802 διωγμοῖς
1443 2730 1744 2803 ρωσθέντες

156 2828 254 2881 καὶ
285 2826 660 2895 συναχθέντες,
691 2825 855 2895 ήνίκα
885 2823 1250 2896 συνήχθημεν,
1276 2823 1619 2895 διελύθημεν.
1647 2826 1745 2889 Τίς

154 2920 268 2989 γάρ
299 2917 399 2971 οὐκ
423 2918 489 2971 ἂν
517 2916 766 2988 ὀδύραιτο
799 2912 858 2971 εὖ
899 2915 1111 2988 φρονῶν
1140 2915 1209 2969 τά
1249 2915 1528 2988 παρόντα;
1564 2916 1660 2978 Τίς
1684 2916 1741 2970 δὲ

153 3011 314 3079 λόγον
356 3010 577 3082 εὑρήσει
624 3012 691 3081 τῇ
747 3011 1001 3083 συμφορᾷ
1034 3008 1475 3081 παρισούμενον;
1526 3007 1743 3080 Λῃστάς

156 3104 261 3174 μὲν
298 3102 632 3173 εἰρηνεύειν,
682 3101 776 3165 οὒς
809 3102 977 3156 κακία
1022 3102 1301 3173 συνέδησε,
1347 3103 1442 3155 καὶ
1490 3104 1616 3165 τοὺς
1648 3120 1741 3154 τυ-

1928 2545 2014 2600 Ill.
2056 2547 2135 2600 Ac
2176 2545 2420 2615 profecto
2458 2546 2668 2602 facilius
2704 2563 2824 2603 esse
2873 2547 3086 2602 videtur
3134 2549 3418 2605 adversam

1851 2636 2124 2692 fortunam
2152 2636 2318 2703 ferre,
2340 2654 2501 2708 quam
2527 2640 2818 2694 secundum
2843 2654 3195 2696 conservare:
3219 2641 3419 2711 quippe

1851 2745 1972 2783 cum
2005 2744 2105 2785 nos
2153 2730 2341 2795 etiam,
2380 2732 2495 2799 qui,
2548 2746 2670 2785 cum
2721 2731 2861 2785 bello
2908 2745 3301 2799 premeremur,
3351 2748 3423 2788 ex

1849 2821 2322 2889 persecutionibus
2378 2822 2543 2875 robur
2607 2821 3082 2890 comparavi'mus,
3146 2832 3308 2891 atque
3365 2823 3421 2877 in

1849 2928 2014 2967 unum
2065 2912 2279 2967 collecti
2331 2927 2542 2977 sumus,
2588 2913 2773 2978 iidem,
2825 2924 3175 2983 posteaquam
3208 2914 3424 2970 collecti

1850 3018 2056 3069 sumus,
2091 3002 2419 3059 dilﬂuximus
2465 3021 2529 3059 ac
2576 3005 2766 3075 diiapsi
2827 3022 3037 3061 sumus.
3096 3006 3228 3074 Quis
3275 3008 3421 3062 enim

1851 3100 2012 3153 modo
2052 3113 2199 3159 sanae
2231 3100 2450 3163 mentis,
2490 3110 2810 3167 prmsentem
2850 3114 3028 3152 rerum
3069 3108 3271 3153 statum
3311 3116 3418 3155 non

158 3195 368 3265 ραννίδι
400 3194 885 3265 συντεταγμένους,
916 3194 949 3265 ἢ
975 3193 1182 3263 κλοπῆς
1210 3194 1521 3258 κοινωνοὺς,
1552 3192 1585 3262 ἢ
1618 3193 1739 3247 στά-

1851 3186 2138 3256 deploret?
2190 3186 2323 3253 Quis
2372 3201 2676 3241 sermonem
2729 3186 2852 3240 huic
2893 3185 3189 3241 calamitati
3233 3202 3419 3256 parem

154 3306 299 3350 σεως
354 3287 692 3357 συνωμότας,
738 3286 771 3357 ἢ
826 3287 1068 3357 μοιχείας
1112 3287 1519 3359 συλλήπτορας,
1557 3285 1637 3357 έτι
1683 3286 1739 3338 δὲ

152 3381 340 3453 χορῶν
365 3381 702 3451 συστήματα,
738 3380 833 3432 καί⁵
870 3379 1114 3450 στρατῶν
1141 3379 1417 3449 τάγματα,
1464 3381 1560 3433 καὶ
1598 3378 1741 3449 νηῶν

150 3474 506 3546 πληρώματα
546 3473 693 3544 (82)·
740 3471 814 3525 ὲῶ
860 3472 969 3543 γάρ
1009 3473 1187 3541 λέγειν
1235 3474 1470 3546 κλήρους
1514 3474 1575 3539 ἐξ
1626 3475 1740 3527 ῐσου

151 3565 566 3637 διαιρουμένους
586 3605 600 3629 ,
635 3563 729 3617 καὶ
758 3562 1031 3627 πολιτείας
1062 3548 1397 3628 ἀντιθέτους,
1433 3566 1527 3617 καὶ
1570 3565 1745 3618 διαδο-

152 3659 259 3729 χάς
290 3656 643 3728 λειτουργιῶν
670 3655 764 3708 καὶ
791 3655 973 3727 ἀρχῶν
997 3655 1129 3727 (85),
1152 3655 1301 3719 τάξει
1323 3656 1622 3727 προῖούσας
1649 3657 1745 3708 καὶ

152 3751 341 3821 νόμῳ,
370 3751 464 3804 καὶ
502 3749 598 3821 τὴν
637 3747 1013 3820 πολυύμνητον
1056 3748 1119 3819 δὴ
1165 3748 1369 3818 ταύτην
1405 3749 1744 3821 σοφιστικὴν,

152 3844 188 3914 ἢ
228 3840 645 3913 γραμματικὴν,
689 3840 776 3894 ἵνα
811 3839 887 3910 μὴ
924 3839 1066 3908 λέγω
1103 3839 1451 3909 φιλοσοφίαν,
1504 3842 1631 3912 περὶ
1677 3842 1744 3913 ἢν

151 3935 295 3989 νέων
344 3933 624 4004 φιλοτιμία
655 3934 831 4003 λυσσᾷ
870 3949 931 3985 τε
964 3932 1062 3985 καὶ
1106 3931 1349 4004 μέμηνε·
1400 3931 1601 4003 ταύτην
1634 3933 1740 4004 μὲν

150 4028 292 4099 ὁρᾷν
334 4026 492 4096 ὀλίγα
534 4027 632 4096 μὲν
681 4025 1098 4088 στασιάζουσαν,
1142 4025 1211 4078 τά
1262 4025 1433 4079 πλείω
1484 4026 1541 4078 δὲ
1592 4027 1743 4097 εἰρηο

151 4117 455 4172 νεύουσαν*
486 4118 631 4187 ἡμᾶς
661 4117 718 4171 δὲ
747 4116 1074 4179 ἀσυνθέτους
1105 4109 1246 4170 εἶναι
1277 4117 1371 4169 καὶ
1397 4116 1742 4181 ἀσυνδέτους,

151 4210 257 4264 καὶ
309 4210 518 4280 μήποτε
552 4208 811 4263 δύνασθαι
841 4212 921 4273 εἰς
952 4209 1150 4263 ταυτὸν
1192 4208 1398 4275 ἐλθεῖν,
1458 4210 1592 4281 μηδέ
1623 4228 1744 4263 τινα

150 4304 321 4373 λόγον
360 4304 596 4373 φανῆναι
627 4305 725 4375 τῆς
764 4302 920 4357 νόσου
959 4301 1169 4374 ταύτης
1210 4300 1588 4373 θεραπευτὴν,
1629 4300 1744 4357 ἀλλ’

149 4395 352 4466 ὥσπερ
385 4396 583 4457 κακίας
620 4396 1015 4466 μυσταγωγοὺς
1048 4395 1142 4449 κα)⁸
1190 4393 1397 4466 μύστας
1424 4395 1580 4459 ὄντας
1600 4436 1615 4459 ,
1646 4397 1746 4449 οὐκ

149 4486 388 4557 ἀρετῆς,
443 4485 614 4540 πολλὰ
673 4486 769 4557 μὲν
829 4485 1097 4539 ποιεῖσθαι
1150 4485 1220 4537 τὰ
1263 4483 1364 4554 τῆς
1412 4485 1748 4549 διαστάσεως

1846 3279 2094 3334 invenire
2119 3281 2329 3347 queat?
2356 3279 2550 3333 Pacem
2580 3279 2763 3333 colunt
2788 3279 3050 3344 latrones,
3077 3293 3218 3349 quos
3240 3280 3419 3334 scelus

1842 3372 1985 3427 inter
2034 3387 2094 3427 se
2141 3372 2418 3436 devinxit,
2472 3382 2526 3427 et
2573 3370 2872 3442 tyrannidis
2917 3370 3087 3435 socii,
3144 3358 3239 3425 aut
3287 3371 3417 3426 furti

1854 3475 2156 3529 consortes,
2185 3474 2277 3519 aut
2299 3465 2365 3519 ad
2394 3464 2715 3520 seditionem
2746 3464 3037 3534 conjurati,
3061 3465 3420 3520 autadulterii

1845 3560 2163 3630 participes,
2217 3571 2379 3629 atque
2426 3558 2648 3627 insuper
2697 3558 2983 3612 chororum
3042 3559 3314 3623 sodalitia,
3363 3566 3418 3613 ei.

1848 3652 2184 3706 exercituum
2209 3651 2447 3718 ordines,
2479 3660 2534 3704 et
2556 3651 2644 3719 qui
2673 3651 2899 3705 navibus
2922 3649 3228 3717 vehuntur;
3260 3651 3417 3705 mitto

1848 3743 1993 3797 enim
2050 3743 2232 3797 dicere
2277 3727 2619 3798 limreditates
2655 3757 2719 3797 ex
2766 3757 2920 3812 aequo
2951 3742 3172 3808 divisas,
3205 3752 3260 3797 et
3284 3759 3417 3798 con-

1848 3834 2047 3888 trarias
2073 3834 2126 3888 in
2157 3833 2319 3889 rebus
2347 3833 2576 3903 publicis
2611 3835 2865 3904 gerendis
2892 3834 3146 3900 rationes,
3189 3846 3243 3889 et
3270 3835 3412 3890 civi—

1842 3924 1973 3980 lium
2024 3941 2307 3980 munerum
2356 3926 2749 3990 successiones,
2801 3935 2855 3979 et
2900 3926 3249 3996 magistratus
3302 3927 3419 3997 lege

1841 4008 2217 4089 atqu€ordine
2245 4018 2692 4090 progredientes;
2729 4027 2889 4088 atque
2936 4021 3069 4075 adeo
3102 4021 3421 4078 celebratis-

1849 4113 2045 4166 simam
2072 4112 2212 4166 hanc
2235 4111 2565 4181 sophisticen
2600 4119 2692 4164 aut
2721 4112 3133 4180 grammaticen,
3160 4127 3225 4166 ne
3242 4113 3417 4175 dicam

1854 4206 2289 4276 philosophiam,
2357 4205 2409 4259 in
2474 4219 2635 4273 quam
2692 4204 2882 4259 insano
2931 4204 3162 4272 quodam
3216 4203 3417 4273 impetu

1847 4296 2294 4368 Alejuvenum
2342 4297 2567 4351 ambitio
2608 4296 2758 4363 lurit,
2793 4310 2957 4366 quam
3003 4304 3178 4349 tamen
3227 4312 3417 4364 parum

1849 4390 2138 4445 admodum
2200 4390 2439 4444 dissidiis
2502 4390 2799 4459 agitatam,
2857 4389 2966 4442 imo
3020 4398 3078 4442 ut
3126 4388 3417 4457 plurimum

1850 4480 2087 4550 quietam
2141 4490 2195 4536 et
2246 4491 2490 4551 pacatam
2541 4480 2820 4545 videmus;
2878 4496 2979 4535 nos
3032 4490 3210 4534 autem
3267 4479 3417 4534 nullo

150 4548 604 4648 ὑπεκκαύματα,
643 4548 814 4648 μικρὰ
859 4576 935 4641 δὲ,
976 4576 1009 4647 ἦ
1063 4548 1447 4647 μηδόλωςντῆς
1492 4576 1739 4646 ὁμονοίας

1849 4574 2152 4629 concordiae
2202 4573 2407 4628 foedere
2447 4588 2512 4627 ac
2564 4571 2779 4625 vinculo
2822 4571 3142 4641 constringi,
3192 4586 3290 4626 nec
3322 4587 3420 4625 un-

150 4668 473 4739 φροντίζειν
508 4669 640 4739 (84).
699 4669 893 4723 Καίτοι
939 4667 1142 4721 τούτων
1178 4668 1276 4738 μὲν
1322 4666 1737 4733 στασιαζόντων,

148 4762 261 4816 οὐκ
286 4763 368 4826 εἰς
398 4761 540 4831 μέγα
563 4764 596 4833 ἡ
619 4762 805 4824 στάσις
834 4761 1020 4831 φέρει·
1052 4759 1205 4823 τινάς
1225 4776 1285 4812 τε
1312 4761 1406 4814 καὶ
1433 4760 1739 4824 στασιάζειν

148 4852 186 4921 ἢ
222 4854 557 4923 συμφρονεῖν
593 4852 843 4922 ἄμεινον·
874 4850 972 4914 τὰς
998 4849 1107 4921 γὰρ
1135 4850 1228 4901 ἐπὶ
1258 4848 1412 4919 κακῷ
1457 4850 1742 4912 συστάσεις

147 4944 243 5007 τίς
269 4945 336 4997 ἂν
368 4944 706 4999 ἐπαινέσειεν
739 4940 798 4998 εὖ
827 4942 1039 5016 φρονῶν
1060 4959 1086 5009 ;.

1848 4680 2012 4734 quam
2056 4665 2109 4719 in
2153 4681 2317 4719 unum
2356 4664 2504 4718 coire
2536 4677 2848 4732 possumus,
2880 4679 2979 4718 nec
3017 4666 3154 4719 ratio
3185 4665 3290 4719 ulla
3322 4680 3416 4727 ex-

1848 4767 1976 4821 stat,
2010 4772 2131 4827 qua:
2155 4757 2283 4811 huic
2310 4757 2499 4810 morbo
2525 4756 2837 4820 medeatur;
2865 4756 2993 4826 quin
3024 4756 3224 4825 potius,
3248 4757 3412 4826 quasi

1847 4848 1989 4913 vitii,
2039 4862 2144 4902 non
2186 4847 2424 4911 virtutis,
2478 4848 2728 4901 doctores
2776 4862 2840 4901 ac
2887 4846 3155 4916 discipuli,
3212 4846 3411 4902 multos

1851 4941 2065 5010 quidem
2120 4939 2407 4994 discordia:
2456 4938 2721 5007 igniculos
2780 4938 3127 5007 subjicimus,
3185 4954 3411 5008 parvam

147 5045 368 5102 autem,
401 5037 508 5091 imo
535 5036 735 5089 nullam
790 5036 1015 5092 omnino
1078 5034 1384 5090 concordia:
1438 5050 1622 5090 curam
1659 5033 1920 5105 gerimus.
1970 5033 2035 5087 Et
2075 5044 2224 5087 certe
2266 5032 2480 5085 illorum
2520 5030 2897 5086 contentiones
2942 5042 2996 5084 et
3036 5030 3258 5084 dissidia
3306 5045 3417 5086 non

147 5126 393 5182 multum
455 5126 783 5181 incommodi
846 5139 1030 5180 secum
1093 5123 1353 5178 vehunt:

1399 5125 1507 5178 imo
1566 5123 1727 5178 etiam
1768 5124 2027 5193 quosdam
2059 5124 2344 5187 dissidere,
2384 5137 2543 5191 quam
2594 5122 2733 5175 inter
2792 5136 2851 5177 se
2918 5123 3224 5178 consentire
3266 5138 3410 5193 pra:—

146 5228 305 5285 stat;
338 5220 460 5288 quis
487 5219 651 5283 enim,
682 5217 787 5272 nisi
816 5217 1016 5273 mentis
1044 5230 1260 5285 expers,
1300 5220 1353 5270 in
1385 5217 1584 5271 malum
1617 5218 1780 5272 initas
1812 5218 2245 5287 conSpiratioues
2269 5198 2681 5286 comproba‘rit?

231 5419 350 5489 (79)
395 5420 823 5491 Ἀνιστὰμεναι.
866 5418 1048 5475 Schol.
1089 5438 1101 5473 :
1148 5414 1463 5471 Ἀνὰστατοι
1505 5416 1735 5488 γενόμε-

145 5508 270 5551 ναι,
298 5491 393 5543 xui.
413 5489 801 5561 πορθούμεναι.

231 5562 346 5627 (80)
374 5558 907 5634 Σρήετῖῃλύθειμεν.
935 5559 1027 5615 Sic
1058 5558 1191 5634 Reg.
1229 5562 1320 5626 bu,
1346 5560 1439 5617 Or.
1460 5560 1512 5626 1,
1545 5569 1650 5615 etc.
1678 5558 1735 5613 lu

146 5631 271 5693 ed.,
292 5629 748 5702 συνεληλύθαμεν.

232 5698 351 5770 (81)
400 5698 777 5775 ρ’ὺπρᾳγίαν.
818 5702 949 5775 Reg.
995 5702 1066 5775 Δί),
1119 5702 1437 5775 εὐπραξίαν.
1472 5700 1605 5770 Reg.
1637 5701 1732 5766 ltu,

151 5768 533 5842 συμπραξίαν.
566 5768 818 5842 Monum"
856 5768 1105 5827 ἐκκαλεῖν
1135 5768 1452 5842 εὐπραξίαν.

236 5840 352 5913 (82')
384 5841 493 5897 Καὶ
518 5840 681 5912 νηῶν
723 5841 1129 5921 πληρώματαη
1159 5865 1177 5899 ι
1221 5840 1522 5900 Classiariis
1566 5842 1743 5899 militi-

1839 5422 1964 5486 bus,
2007 5440 2023 5472 ι
2058 5419 2163 5487 vel,
2202 5439 2221 5472 ί
2254 5414 2561 5474 vectoribus
2593 5418 2797 5488 plenas.
2851 5440 2868 5470 ι
2914 5418 3192 5489 Significat
3252 5423 3414 5475 etiam

1845 5510 1864 5544 ι
1911 5490 2156 5560 publicas
2193 5506 2358 5560 naves
2396 5493 2540 5545 omni
2573 5492 2847 5544 hominum
2888 5506 3085 5559 genere
3107 5503 3349 5547 onustas.
3391 5509 3411 5542 ι

1911 5559 2022 5645 (8Ζξ)
2071 5559 2316 5645 ’ᾼρχῶνκ
2353 5562 2443 5616 Sic
2478 5560 2611 5630 Reg.
2642 5563 2737 5627 hu,
2768 5561 2861 5617 0r.
2890 5563 2942 5627 1,
2973 5571 3028 5614 et
3058 5560 3302 5620 Cornbel’.
3357 5561 3417 5617 in

1839 5632 2441 5773 ω’(ἒςιῗῖχῗροντὶζειν.
2495 5702 2660 5759 Coisl.
2704 5703 2730 5758 1
2785 5702 2951 5774 addit,
2985 5702 3287 5773 βούλεσθαι.
3327 5706 3419 5763 Sic

1847 5774 2005 5830 etiam
2041 5773 2271 5846 llervag.
