3932 6510
575 410 714 467 “53
1776 405 1834 459 S.
1878 401 2208 461 CREGOBII
2249 405 2597 464 THEOLOGI
3668 416 3773 469 “56

646 524 736 578 IV.
772 524 878 581 Nos
905 530 1082 578 autem
1137 522 1181 577 si
1217 522 1338 591 quis
1376 528 1561 591 roget:
1597 519 1861 587 Quidnam
1892 530 1980 576 est
2009 521 2149 590 quod
2179 541 2199 598 έ

2221 589 2225 597 7
2323 526 2395 578 A'.
2449 525 2624 598 Ἥμᾶς
2659 525 2716 579 δὲ
2759 524 2812 577 si
2850 542 2935 589 τις
2971 524 3288 597 ἐρωτήσειε,
3341 524 3405 582 τί
3436 524 3495 578 τδ
3520 527 3774 599 τιμώμενον

579 618 753 674 colitis
792 628 953 686 atque
992 615 1269 670 adoratis?
1326 625 1634 685 promptum
1669 621 1755 669 est
1798 615 2127 683 respondere

2257 613 2383 684 ὑμῖν
2436 615 2531 669 καὶ
2582 616 3091 689 προσκυνούμενον;
3150 616 3443 687 πρόχειρον
3492 618 3673 671 εἰπεῖν·
3725 621 3774 675 Ἦ

576 712 719 782 quod
748 712 819 766 sit
861 710 1124 765 Charitas.
1179 708 1390 762 Etenim
1420 718 1479 762 ut
1516 722 1545 761 a
1574 707 1780 776 Spiritu
1807 716 1999 761 sancto
2025 721 2129 775 pro

2254 706 2466 778 ἀγάπη.
2503 709 2555 762 '0
2597 709 2706 781 γὰρ
2742 710 2885 774 Θεὸς
2920 710 3091 780 ἡμῶν
3122 711 3159 779 ἠ
3206 710 3410 781 ἀγάπη
3443 711 3585 767 ἐστι,
3631 712 3773 783 Ῥῆσις

577 808 883 863 nuntiatum
926 812 1008 859 est
1038 821 1052 859 :
1087 803 1228 856 Deus
1274 811 1452 855 noster
1497 801 1734 853 rharilas
1761 808 1838 853 est
1864 798 1930 862 “,
1979 814 2130 867 eoqm

2252 801 2348 854 τοῦ
2402 802 2557 872 ἁγίου
2609 804 2955 875 Πνεῦματος·
3021 806 3115 858 καὶ
3176 805 3342 859 τοῦτο
3396 806 3565 876 χαίρει
3621 807 3776 876 μᾶλλον

575 898 794 954 nomine
824 896 1019 966 magis,
1055 909 1215 963 quam
1249 896 1442 963 quovis
1476 893 1604 955 alio,
1648 891 1972 948 delectatur.
2002 891 2128 957 Qum

2255 892 2488 958 ἀκούων,
2533 894 2567 964 ἡ
2596 911 2649 948 τι
2683 894 2829 959 ἄλλο,
2871 896 2900 947 ὀ
2942 894 3074 958 Θεός
3120 895 3254 966 (85).
3308 896 3374 948 Τί
3413 895 3497 948 δαὶ
3526 894 3669 965 νόμον
3708 899 3774 949 καὶ

578 994 623 1047 si
657 1000 918 1061 praeterea
951 1004 1015 1043 ex
1063 987 1219 1041 nobis
1253 986 1581 1050 sciscitetur,
1618 999 1737 1054 qum
1772 983 1903 1053 legis
1942 999 2003 1038 ac
2031 999 2131 1051 pro

2257 984 2551 1057 προφητῶν
2590 986 2915 1054 κεφάλαιον;
2968 986 3068 1039 οὐκ
3109 986 3235 1041 ἄλλο
3271 986 3304 1057 ἢ
3352 985 3506 1039 τοῦτο
3541 988 3775 1056 συγχωρή-

576 1086 865 1155 phetarum
917 1095 1127 1137 summa
1186 1080 1257 1134 sit
1296 1079 1385 1133 ⁸⁵2
1430 1078 1571 1132 haud
1624 1078 1920 1149 quidquam
1985 1078 2128 1131 aliud

2258 1096 2400 1132 σειεν
2430 1078 2542 1151 (86)
2566 1082 2595 1133 6
2628 1080 3023 1152 εὐαγγελιστὴς
3069 1079 3488 1150 ἀποκρίνασθαι.
3530 1078 3591 1131 Τί
3619 1080 3775 1150 δήποτε

577 1193 738 1247 quam
766 1175 1111 1234 eharitatem.
1139 1171 1470 1242 evangelista
1506 1185 1606 1225 nos
1634 1169 1961 1239 respondere
1987 1170 2127 1224 sinet

2260 1170 2351 1229 οὖν
2373 1174 2422 1226 οἱ
2450 1175 2551 1245 τῆς
2582 1175 2821 1245 ἀγάπης,
2842 1174 2984 1226 οὕτω
3004 1174 3114 1245 (87)
3143 1172 3413 1244 μισοῦμέν
3435 1190 3492 1225 τε
3517 1172 3603 1225 καὶ
3633 1173 3778 1243 μισού-

576 1269 716 1336 Quid
758 1267 920 1337 igitur
950 1266 1167 1319 tandem
1203 1278 1379 1318 causai
1407 1269 1512 1325 est,
1557 1277 1676 1325 cur,
1709 1261 1798 1330 qui
1832 1261 2129 1315 charitateu

2259 1267 2398 1339 μεθα
2423 1284 2436 1334 ;
2464 1266 2561 1319 καὶ
2582 1267 2631 1319 οἱ
2656 1267 2755 1336 τῆς
2776 1267 3018 1338 εἰρήνης,
3048 1264 3395 1336 πολεμοῦμεν
3414 1265 3673 1336 ἀκήρυκτά
3691 1266 3775 1335 (88)

578 1361 821 1421 colimus,
851 1356 1051 1411 mutuis
1070 1356 1208 1410 odiis
1231 1352 1557 1422 ﬂagramus?
1593 1352 1693 1420 Qui
1726 1367 1938 1423 pacem,
1964 1350 2131 1421 impla

2254 1375 2315 1411 τε
2358 1358 2452 1411 καὶ
2482 1356 2896 1421 ἀκατάλλακτα;
2942 1357 3036 1411 καὶ
3075 1357 3123 1409 οἱ
3165 1355 3260 1409 τοῦ
3312 1356 3696 1426 ἀκρογωνιαίου,
3722 1356 3778 1408 δι-

577 1454 749 1510 cahile
774 1462 827 1505 et
853 1450 1179 1520 inexpiabile
1206 1448 1403 1501 bellum
1437 1446 1725 1517 gerimus?
1781 1445 1881 1513 Qui
1929 1445 2130 1516 angnia

2257 1450 2559 1521 ιστάμεθα;
2590 1451 2683 1503 καὶ
2715 1451 2763 1503 οἱ
2794 1449 2893 1518 τῆς
2936 1449 3163 1520 πέτρας,
3193 1449 3483 1520 σειόμεθα;
3519 1448 3604 1501 καὶ
3626 1450 3667 1500 oi
3704 1445 3774 1499 τοῦ

578 1563 693 1599 rem
746 1544 998 1612 lapidem,
1040 1540 1347 1595 dirimimur
1378 1554 1444 1592 ac
1478 1537 1880 1593 distrahitnur?
1918 1536 2020 1605 Qui
2059 1552 2125 1604 pe

2256 1542 2452 1610 φωτὸς,
2494 1539 2889 1610 ὲσκοτίσμεθα;
2942 1540 3039 1593 καὶ
3088 1541 3138 1592 οἱ
3180 1539 3278 1592 τοῦ
3334 1538 3534 1606 Λόγου,
3563 1538 3775 1606 τοσαύτης

578 1648 739 1701 tram,
793 1632 1181 1690 concutitnur?
1232 1630 1332 1697 Qui
1390 1630 1588 1693 lucem,
1652 1631 1990 1701 ealigamus?
2044 1630 2123 1698 Qu

2254 1634 2421 1704 ὲσμὲν
2472 1633 2649 1704 σιγῆς,
2705 1632 2739 1703 ἢ
2796 1630 3040 1700 ἀλογίας,
3084 1632 3117 1704 ἢ
3164 1628 3563 1702 παραπληξίας,
3615 1628 3661 1699 ἢ,
3701 1630 3774 1681 οὐκ

580 1729 835 1791 Verbum,
879 1736 1026 1780 tanto
1062 1738 1247 1780 sumus
1280 1723 1518 1786 silentio,
1561 1732 1655 1777 aut
1690 1724 2010 1790 stoliditate,
2062 1740 2128 1779 au

2254 1722 2351 1780 οἷδ’
2380 1727 2408 1779 6
2436 1743 2488 1779 τι
2517 1725 2609 1779 κα)⁵
2630 1724 2905 1796 ὀνομάσω,
2936 1725 3152 1796 μεστοί·
3184 1724 3328 1777 ὥστε
3354 1725 3549 1795 τροφῆς
3579 1722 3679 1791 μὲν,
3705 1722 3774 1773 καὶ

578 1828 795 1886 stupore
861 1825 1024 1883 atque
1075 1812 1366 1872 vecordia.
1424 1823 1554 1879 aut,
1607 1829 1719 1883 quo
1776 1815 1944 1869 verbo
2002 1826 2131 1879 utar1

2258 1820 2449 1881 ὕπνου,
2484 1819 2576 1872 καὶ
2605 1818 2746 1890 ᾠδῆς
2789 1819 2949 1889 κόρος
2984 1819 3119 1883 ἐστὶ,
3157 1818 3249 1871 καὶ
3277 1816 3387 1869 τῶν
3416 1815 3693 1885 αἰσχίστων,
3717 1813 3775 1877 ὡς

577 1910 781 1974 nescio,
836 1907 1009 1978 pleni,
1056 1914 1115 1961 ut
1164 1920 1287 1958 cum
1331 1906 1461 1970 eihi,
1509 1915 1563 1959 et
1595 1906 1795 1971 somni,
1843 1918 1897 1962 et
1925 1917 2123 1961 cantus

2219 1906 2231 1956 ι
2259 1912 2494 1981 λέγουσι’
2524 1912 2617 1964 καὶ
2640 1911 2923 1983 πλησμονὴ
2953 1912 3189 1975 πάντων,
3220 1912 3283 1964 οὐ
3308 1910 3415 1963 τῶν
3443 1907 3676 1976 ἀλγεινῶν
3701 1905 3772 1975 μόσ

577 2016 865 2070 rerumque
899 1999 1433 2054 obscmnissimarutn
1455 2039 1469 2063 ,
1504 2006 1561 2052 ut
1593 1999 1776 2065 aiunt,
1805 1999 2025 2054 satietas
2066 1999 2130 2053 sil

2257 2022 2366 2067 νον,
2413 2003 2526 2057 ἀλλ’
2566 2004 2667 2075 ἠδη
2711 2004 2807 2057 καὶ
2843 2003 2951 2057 τῶν
2990 2003 3244 2075 ἡδίστων,
3290 2002 3384 2055 καὶ
3422 2000 3587 2053 πάντα
3612 2001 3677 2061 εἰς
3705 1997 3774 2049 ἄλ-

576 2094 945 2160 omniumque,
1007 2108 1111 2147 non
1164 2093 1326 2147 modo
1380 2092 1771 2157 molestarum,
1839 2092 1933 2145 sed
1990 2092 2129 2145 etian

2259 2094 2396 2165 λη).α
2450 2098 2751 2167 περιχωρεῖ
2796 2112 2856 2147 τε
2891 2096 2986 2148 καὶ
3031 2094 3457 2165 περιτρέπεται’
3488 2094 3606 2162 ἡμῖν
3641 2089 3675 2142 δ’
3702 2089 3769 2141 οὐ·

572 2186 1087 2257 jneundissimarum
1127 2200 1307 2239 rerum
1343 2185 1606 2239 saturitas
1636 2194 1692 2239 et
1724 2184 1999 2239 fastidium
2037 2191 2125 2238 tan

2258 2188 2368 2251 δεὶς
2393 2188 2515 2259 ὅρος
2542 2187 2638 2240 τυῦ
2675 2186 2886 2256 βάλλειν
2914 2189 3009 2241 καὶ
3049 2186 3360 2257 βάλλεσθαι,
3384 2186 3442 2238 οὐ
3467 2188 3570 2247 τοῖς
3586 2182 3773 2253 ὲτεροδο-

577 2278 697 2332 dem
744 2277 1059 2342 oboriatur,
1114 2286 1420 2346 cunctaque
1466 2276 1609 2329 inter
1656 2290 1715 2329 se
1764 2275 2003 2329 vicissim
2054 2276 2124 2329 im

2261 2279 2409 2343 ξοῠσι
2438 2279 2617 2351 μόνον,
2652 2280 2746 2333 καὶ⁵
2776 2280 2915 2334 κατὰ
2942 2280 3032 2333 τὸν
3061 2278 3160 2349 τῆς
3185 2280 3422 2342 πίστεως
3443 2277 3584 2345 λόγον
3607 2276 3770 2344 διεστη-

578 2379 779 2433 meent,
806 2379 859 2422 et
888 2376 1304 2433 convertantur;
1355 2367 1511 2423 nobis
1539 2376 1714 2421 tamen
1750 2380 1849 2421 nee
1878 2366 2017 2429 ﬁnis,
2054 2380 2131 2419 net

2259 2369 2411 2423 κόσιν
2447 2369 2464 2439 (
2492 2365 2654 2441 ἦττον
2685 2368 2795 2441 γὰρ
2828 2368 2895 2423 ἂν
2928 2364 2996 2439 ἦν
3024 2369 3135 2439 (89)
3169 2368 3435 2437 ἀλγεινὸν,
3471 2368 3557 2420 καὶ
3585 2366 3611 2418 6
3632 2365 3769 2435 ζῆλος.

580 2462 770 2516 modus
798 2462 869 2515 sit
913 2460 1074 2525 ullus,
1123 2468 1234 2515 tum
1273 2460 1700 2522 inferendorum,
1730 2468 1842 2513 tum
1877 2460 2133 2528 accipient

2254 2459 2521 2527 ἀπολογία
2580 2461 2921 2531 πραγμάτων
2970 2459 3081 2530 (90)
3134 2460 3562 2531 ἐπαινουμένων,
3612 2458 3687 2510 ἐὰν
3728 2458 3771 2508 ὲν

576 2557 770 2608 dorum
822 2552 1141 2617 vulnerum,
1196 2565 1301 2604 non
1356 2551 1422 2605 iis
1458 2552 1752 2612 duntaxat,
1801 2550 1894 2620 qui
1941 2551 2129 2604 divers:

2255 2549 2401 2621 ὅροις
2444 2549 2657 2620 ἱστῆται
2686 2548 2856 2621 [91])’
2886 2550 2989 2620 ἤδη
3036 2550 3094 2602 δὲ
3126 2549 3223 2602 καὶ
3260 2552 3371 2613 τοῖς
3392 2547 3639 2621 ὁμοδόξοις
3669 2545 3768 2615 (92),

578 2645 841 2709 sentiunt,
889 2655 1052 2715 atque
1097 2645 1148 2697 in
1188 2643 1309 2696 tidei
1356 2643 1600 2698 doctrina
1625 2643 1910 2707 dissident,
1953 2642 2131 2713 (minu

2256 2642 2351 2695 καὶ
2394 2641 2533 2713 πρὸς
2562 2642 2688 2705 τοὺς
2719 2642 2937 2705 αὐτοὺς,
2964 2642 3059 2694 καὶ
3085 2641 3228 2713 ὑπὲρ
3260 2640 3369 2695 τῶν
3396 2640 3563 2695 αὐτῶν
3592 2637 3767 2692 στασιά-

576 2740 722 2791 enim
772 2737 1028 2791 acerbum
1072 2735 1121 2789 id
1168 2744 1335 2799 esset,
1389 2750 1453 2789 ac
1499 2734 1669 2801 zelus,
1709 2750 1798 2790 res
1844 2734 2129 2791 laudabilis

2252 2733 2402 2799 ζουσι
2436 2736 2618 2807 (τοῦτο
2656 2734 2770 2808 γὰρ
2812 2736 2873 2789 τὸ
2900 2734 3329 2806 μοχθηρότατον,
3356 2729 3766 2807 ἢὲλεεινότατον).

578 2830 738 2883 modo
789 2830 929 2883 intra
981 2828 1113 2882 lines
1167 2841 1295 2882 suos
1351 2827 1638 2891 consistat,
1695 2828 1747 2882 id
1788 2828 2135 2894 exeusaret;)
2178 2842 2362 2883 verum
2434 2829 2500 2883 iis
2562 2843 2777 2899 quoque
2851 2830 2941 2898 qui
2991 2830 3239 2884 eamdem
3280 2828 3436 2883 (idem
3488 2824 3768 2897 proﬁtentur,

579 2933 739 2993 atque
786 2926 1045 2976 adversus
1102 2921 1318 2976 eosdem
1386 2931 1441 2976 et
1496 2935 1591 2991 pro
1636 2919 1824 2976 iisdem
1891 2920 2294 2977 conﬂiCtantur.
2376 2918 2492 2978 Hoc
2560 2923 2706 2977 enim
2755 2920 2885 2976 illud
2931 2931 3017 2977 est
3058 2922 3305 2978 omnium
3360 2920 3769 2993 improbissimum,

576 3027 671 3071 aut
701 3016 934 3071 maxime
960 3014 1350 3070 miserandum.

651 3110 717 3165 ν.
760 3108 826 3163 Et
848 3123 967 3178 quae
994 3109 1153 3179 hujus
1182 3109 1259 3163 rei
1294 3122 1456 3163 causa
1489 3108 1612 3163 est?
1654 3108 1969 3163 Dominandi
2008 3121 2204 3176 amo”

2216 3122 2231 3175 ζ
2333 3105 2411 3159 Ε’.
2446 3102 2555 3155 Καὶ
2581 3102 2641 3155 τὸ
2673 3102 2847 3158 αἴτιον
2876 3104 2962 3169 τίς
2990 3103 3259 3175 Φιλαρχία
3290 3103 3467 3173 τυχὸν,
3500 3099 3529 3171 ἧ
3566 3098 3769 3168 φιλοχρη-

580 3204 841 3267 fortasse,
886 3203 972 3258 vel
1015 3218 1176 3273 apum
1208 3202 1500 3273 cupiditas,
1534 3201 1616 3257 vel
1650 3202 1805 3265 livor,
1833 3201 1915 3255 vel
1950 3201 2130 3256 odium

2261 3196 2446 3269 ματία,
2474 3196 2506 3266 ἢ
2535 3195 2747 3264 φθόνος,
2782 3196 2818 3267 ἢ
2853 3200 3031 3268 μῖσος,
3066 3197 3099 3268 ἢ
3125 3198 3397 3270 ὑπεροψία
3427 3197 3547 3265 (95),
3573 3196 3664 3267 ﬁn
3687 3191 3767 3243 τῶν

577 3298 663 3354 vel
725 3297 1001 3367 superbia,
1064 3296 1148 3351 vel
1193 3296 1403 3366 aliquid
1429 3311 1649 3361 eorum,
1703 3296 1901 3365 quibus
1949 3310 2016 3349 ne
2063 3309 2128 3348 eo

2256 3291 2356 3345 ὅσα
2391 3290 2525 3362 μηδὲ
2546 3292 2673 3353 τοὺς
2700 3290 2892 3354 ἀθέους
2924 3292 3140 3364 ὁρῶμεν
3168 3292 3468 3363 πάσχοντας
3486 3307 3500 3321 ο
3529 3286 3677 3343 καὶτὸ
3698 3284 3769 3355 χό-

581 3392 819 3463 ;uidem,
849 3390 938 3459 qui
970 3390 1139 3445 Deum
1173 3389 1377 3444 nullum
1406 3397 1623 3458 putant,
1665 3388 1915 3443 laborare
1942 3387 2134 3457 conspi

2260 3398 2398 3453 ριεν,
2444 3382 2477 3452 ἡ
2515 3381 2623 3433 τῶν
2663 3380 2860 3450 ψήφων
2892 3382 3181 3452 μετάθεσις
3212 3382 3351 3453 (96).
3392 3381 3543 3434 Ὅταν
3581 3377 3765 3446 ἁλῶμεν,

578 3485 772 3540 cimus.
801 3482 964 3556 417
992 3482 1256 3551 Quodque
1302 3482 1499 3536 scitum
1541 3490 1596 3535 et
1638 3480 1871 3548 lepidum
1903 3486 2009 3545 est,
2042 3480 2131 3548 ips:

2258 3474 2504 3537 εὐσεόεἶς
2562 3476 2731 3544 ἐσμεν
2779 3474 2873 3526 καὶ
2929 3473 3195 3545 ὀρθόδοξοι
3222 3516 3238 3539 ,
3290 3474 3381 3527 καὶ
3419 3469 3766 3539 καταᾳεύγομεν

579 3577 909 3633 calculorum
954 3576 1194 3631 inversio
1224 3585 1328 3629 est.
1358 3573 1493 3628 Nam
1526 3589 1649 3628 cum
1680 3572 2132 3644 deprehendimur

2256 3565 2466 3636 ψευδῶς
2494 3565 2588 3618 ἐπὶ
2628 3565 2725 3637 τὴν
2759 3564 3035 3637 ἀλήθειαν,
3070 3565 3145 3629 ὡς
3182 3565 3327 3638 ὑπὲρ
3354 3564 3569 3625 πίστεως
3595 3556 3767 3613 στασιά-

578 3670 652 3740 pii
685 3680 850 3740 atque
875 3668 1162 3724 orthodoxi
1207 3681 1418 3731 sumus,
1475 3665 1727 3736 falsoque
1765 3666 1829 3718 ad
1868 3665 2131 3720 veritaten

2258 3660 2475 3725 ζοντεςο
2510 3660 2606 3712 καὶ
2644 3658 2801 3712 τοῦτο
2844 3659 3005 3729 μόνον
3051 3658 3338 3713 ἐπαινετὸν
3369 3656 3619 3727 ποιοῦμεν,
3646 3652 3703 3714 ὡς
3721 3650 3766 3701 ἐν

579 3763 942 3833 confugimus,
974 3773 1227 3831 tanquam
1262 3777 1359 3832 pro
1386 3762 1489 3816 [ide
1520 3759 1916 3816 contendentes
1946 3776 1961 3813 :
1990 3758 2132 3827 idqm

2257 3756 2467 3816 κακοῖς,
2504 3754 2553 3805 ει
2583 3753 2656 3825 μὴ
2688 3753 2783 3805 καὶ
2812 3753 2931 3806 λίαν
2971 3752 3214 3824 αἰσχρὸν,
3256 3753 3339 3807 ὅτι
3366 3752 3460 3824 τὴν
3492 3748 3658 3801 κακίαν
3677 3745 3764 3815 ὲρν-

581 3873 770 3921 ιιηιιιῐι,
796 3866 854 3911 ιιι
882 3858 934 3910 in
966 3856 1145 3921 malis,
1183 3856 1339 3911 laude
1370 3857 1615 3925 dignum,
1639 3854 1750 3909 imo
1783 3862 1938 3922 turpe
1969 3853 2134 3906 admo

2258 3844 2539 3915 θριῶντες,
2576 3845 2667 3898 ἐπὶ
2698 3845 3022 3916 σεμνότερον
3076 3844 3252 3915 ὄνομα
3286 3842 3661 3917 μεταϐαίνομεν,
3690 3837 3763 3905 τὴν

582 3950 708 4003 dum
753 3949 1003 4013 facimus,
1034 3950 1175 4019 quod
1204 3949 1395 4002 vitium
1426 3948 1832 4009 erubescentes,
1861 3945 1926 3998 ad
1954 3944 2135 4014 speeio

2258 3938 2538 3991 εὐσέϐειαν
2561 3938 2694 4008 (95).
2732 3937 3094 4010 Ἐμὸρόντητε
3120 3940 3211 3991 καὶ
3237 3938 3547 4009 πολύτροπε,
3567 3934 3683 3986 sim:
3701 3944 3766 3989 τις

585 4044 701 4096 sius
750 4040 1140 4111 honestiusque
1184 4053 1403 4106 nomen,
1456 4039 1561 4093 hoc
1610 4047 1713 4103 est,
1762 4038 1829 4090 ad
1875 4036 2131 4105 pietatem

2256 4028 2345 4094 ἂν,
2379 4030 2472 4083 καὶ
2500 4030 2725 4101 πλάσμα
2761 4030 2857 4084 τοῦ
2906 4030 3151 4100 Πονηροῦ
3186 4032 3283 4085 καὶ
3318 4029 3409 4083 τοῦ
3443 4022 3661 4097 σοφιστοῦ
3690 4021 3759 4089 τῆς

584 4130 895 4184 transimus.
918 4131 1158 4184 Attonite
1182 4140 1236 4183 et
1268 4128 1587 4197 versipellis,
1615 4126 1815 4181 dixerit
1863 4126 2130 4194 quispiam

2258 4125 2477 4190 κακίας,
2503 4127 2652 4191 ὅστις
2684 4126 2813 4179 ποτὲ
2847 4121 2898 4178 εἴ
2924 4128 2952 4179 6
2979 4125 3136 4179 τοῦτο
3167 4128 3411 4199 πάσχων,
3435 4127 3487 4197 ἤ,
3514 4124 3567 4178 τό
3590 4138 3641 4191 γε
3666 4117 3763 4186 ἀλη-

584 4231 640 4277 et
670 4222 826 4292 pravi
866 4221 1033 4285 illius,
1066 4236 1128 4275 ac
1155 4220 1269 4274 vitii
1310 4220 1591 4275 architecti
1629 4219 1971 4289 ﬁgmentum,
2003 4218 2137 4287 quisi

2260 4217 2413 4272 θέστε
2423 4235 2512 4289 ρον
2534 4221 2726 4283 εἰπεῖν,
2754 4218 3078 4289 ἀνοητότατε
3100 4235 3112 4248 ·
3140 4214 3297 4285 οὗτός
3326 4237 3404 4273 σοι
3436 4218 3550 4290 χθὲς
3570 4212 3627 4285 ἦν
3650 4214 3762 4265 εὐσε-

582 4314 708 4383 quis
758 4328 839 4378 es,
882 4313 976 4384 qui
1026 4314 1098 4368 ita
1160 4313 1417 4378 afﬁceris,
1463 4321 1576 4378 aut,
1626 4323 1688 4366 ut
1738 4311 1918 4366 verius
1942 4311 2135 4381 loquar

2259 4312 2380 4385 6ης,
2406 4312 2498 4365 καὶ
2526 4313 2642 4377 πῶς
2666 4314 2869 4385 ἀσεϐὴς
2902 4316 3158 4387 σήμερον,
3187 4315 3353 4387 μηδὲν
3385 4310 3628 4385 προσθεὶς.
3658 4301 3762 4375 μηδὲ

569 4401 951 4458 amentissime
981 4424 993 4458 :
1025 4403 1116 4458 hic
1149 4401 1245 4457 tibi
1288 4402 1547 4457 hesterno
1576 4401 1665 4457 die
1698 4402 1818 4472 pius
1843 4411 1989 4465 erat;
2024 4415 2122 4470 quo

2258 4402 2495 4473 ἀφελῶν,
2527 4405 2663 4475 μήτε
2700 4406 2928 4477 ῥήματι,
2961 4407 3099 4477 μήτε
3132 4406 3415 4477 πράγματι
3441 4402 3559 4474 (96),
3582 4397 3674 4452 ἀλλ’
3694 4392 3762 4446 ἐπὶ

582 4510 707 4550 nam
734 4494 896 4566 igitur
921 4506 1080 4564 pacto
1122 4494 1285 4549 hodie
1327 4493 1524 4563 impius
1552 4504 1659 4557 est,
1698 4509 1819 4548 cum
1850 4508 1949 4549 nee
1974 4491 2135 4547 verbo

2208 4485 2237 4540 ἶ)
2264 4494 2371 4547 τῶν
2411 4495 2589 4548 αὐτῶν
2642 4496 2961 4567 ἱστάμενος·
3001 4497 3059 4560 ὃς
3092 4497 3322 4551 ἀναπνεῖ
3346 4497 3431 4550 τὸν
3474 4493 3614 4547 αὑτὸν
3639 4486 3761 4555 ἀέρα.

582 4603 685 4644 nec
733 4602 811 4653 re,
869 4587 1160 4657 quidquam
1214 4585 1299 4640 vel
1357 4586 1649 4654 addiderit,
1699 4586 1785 4640 vel
1838 4586 2135 4641 detraxerit

2267 4586 2361 4641 καὶ
2392 4588 2505 4650 τοῖς
2541 4586 2723 4651 αὐτοῖς
2766 4587 2977 4659 ὄμμασι
3023 4588 3353 4659 προσὸλέπει
3393 4588 3495 4660 (97)
3537 4583 3612 4636 τὸν
3637 4576 3761 4632 αὑτὸν

584 4682 679 4737 sed
739 4680 791 4734 in
847 4681 1036 4735 eadem
1096 4679 1218 4734 lidei
1278 4679 1546 4734 sententia
1601 4680 1847 4743 hatreat,
1909 4679 2137 4734 eumden

2266 4678 2446 4750 ἥλιονο
2472 4680 2520 4731 εί
2552 4678 2730 4749 βούλει
2758 4680 2837 4744 δὲ,
2864 4680 2940 4743 ὡς
2975 4682 3104 4754 περὶ
3133 4682 3378 4753 ἀριθμῶν
3401 4679 3431 4751 ἢ
3463 4678 3645 4751 μέτρων
3664 4673 3761 4739 ἐρω-

584 4783 765 4827 aerem
801 4770 1035 4834 exhalet,
1075 4771 1265 4826 iisdem
1289 4770 1465 4825 oculis
1503 4769 1753 4823 eumdem
1789 4768 1955 4825 solem
1982 4770 2137 4839 inspi-

2257 4771 2477 4842 τηθεὶς,
2522 4774 2623 4826 οὐκ
2662 4771 2789 4827 ἄλλο
2841 4791 2893 4826 τι
2941 4773 2973 4846 ἢ
3017 4775 3215 4827 ταυτὸν
3250 4772 3603 4845 άποκρίνεται;
3640 4758 3758 4816 Ἀλλὰ

584 4865 733 4921 ciat?
766 4866 894 4936 Aut,
922 4866 967 4920 si
998 4866 1193 4929 mavis,
1237 4876 1492 4927 tanquam
1522 4863 1588 4919 de
1615 4862 1858 4918 numeris
1888 4871 1981 4918 aut
2009 4878 2137 4919 ment

2261 4863 2353 4916 καὶ
2384 4863 2579 4934 πόρνος
2610 4881 2691 4918 σοι
2734 4866 3003 4937 σήμερον,
3043 4868 3071 4920 6
3103 4866 3229 4937 χθὲς
3274 4865 3461 4934 Ἰωσὴφ
3500 4864 3517 4931 (
3539 4852 3758 4930 προϐαίνει

656 5028 703 5061 ³⁸
734 5024 931 5080 lJoan.
966 5039 1040 5087 tv,
1070 5022 1154 5077 16.
1222 5022 1268 5054 ⁸³
1299 5022 1487 5076 Matth.
1516 5037 1651 5085 xxtt,
1682 5021 1750 5075 ’56
1783 5036 1882 5091 sqq

660 5145 768 5215 (83)
840 5140 1151 5215 Ἀκούῳνη
1178 5137 1217 5207 ἦ
1266 5157 1318 5215 τι
1370 5138 1567 5215 ᾱλᾴο.⁸
1600 5142 1631 5191 ό
1679 5138 1842 5215 Θεόρ
1876 5135 1987 5215 ⁸εἰς
2024 5137 2159 5215 iieg.

1784 5138 1842 5215 ’2-
1876 5135 1987 5215 ,δίο
2024 5137 2159 5215 ἔδεε·
2340 5136 2451 5215 (9!)
2486 5135 2765 5215 ἶζστῆῑςιέ-
2795 5136 2929 5215 κεᾶ
2964 5137 3076 5199 ιηηο
3104 5139 3337 5215 3671?“!-

586 5206 696 5277 hn‘,
752 5206 813 5267 ὀι
863 5214 956 5268 Οι·.
1018 5213 1069 5264 1.
1134 5206 1213 5264 In
1259 5213 1379 5277 ed.,
1437 5208 1650 5263 ἀκούων
1708 5208 1737 5258 ὁ
1800 5206 1953 5270 Θεὸς,
2020 5210 2058 5280 ἦ
2110 5206 2139 5260 τ

1918 5224 1953 5270 ἰ.
2020 5210 2058 5280 ἦ
2110 5206 2165 5261 τι
2335 5206 2448 5280 (92)
2490 5209 2850 5277 Ὅμοδόξοις.
2881 5208 3137 5280 Melitae,
3167 5208 3471 5280 ὀρθοδὸξοις.

587 5287 732 5341 ἄλλο.
2042 5278 2051 5280 τ
2090 5348 2093 5349 7
2338 5278 2448 5349 ('93)
2489 5279 2836 5349 Ὑπεροψία,
2870 5278 3034 5349 Coisl.
3061 5281 3114 5343 1,
3154 5278 3371 5349 ὑποψία.
3463 5347 3471 5349 _
3531 5342 3556 5349 _
3696 5334 3704 5345 ,

661 5355 773 5426 (86)
803 5351 1280 5423 Συγχωρήσειεν.
1319 5349 1431 5426 S7ic77
1468 5366 1569 5405 nos
1622 5366 1744 5426 cum
1798 5351 2030 5426 Montac.
2067 5348 2162 5406 Or.

2265 5419 2278 5426 -
2483 5342 3071 5426 Wﬁya’fﬂetéaw’lc.
3092 5342 3243 5426 _’_llic_-
3264 5342 3496 5426 intelligit
3522 5342 3752 5408 Gregorius

587 5429 640 5496 1,
665 5419 1069 5511 aggessere,
1117 5436 1299 5511 prave.
1485 5423 1862 5511 ¹συγχωρήσει.
1898 5422 2054 5476 Eutr.

1982 5438 2054 5476 IT.
2259 5419 2639 5511 judkli'agqnze
2666 5420 3027 5511 periculi-nios
3044 5421 3182 5511 [olim
3201 5421 3528 5511 ferebantur.

658 5476 976 5570 (θῆᾚῦἓῳ
1011 5476 1774 5570 άὸοέιιιιιιιιίιιιιέιιειιιῖῖιοῖιιξ.
1854 5476 1859 5477 7
1925 5563 1935 5570 _

2259 5476 2278 5490 ’
2337 5476 2597 5570 (9?)???
2643 5476 2977 5570 ε’ῠσέθειαΐ·
3044 5490 3137 5544 οτ-
3180 5494 3248 5570 ἒν
3288 5476 3752 5570 είςὶῆἳεθσέθῗῗξ·

657 5544 772 5635 asas
817 5544 1804 5635 τιέέιριςρξξξ.λιες.“ι.ῑ.”έ,η.έ.ιίιίῖι,
1840 5563 1957 5635 ἓ..ιι
2102 5632 2113 5635 _

2334 5544 2446 5635 (96)
2493 5544 2792 5635 ὲζίήμαιί...
2828 5562 3140 5631 πράγματι.
3173 5544 3265 5621 Ott.
3302 5544 3505 5632 ιίρῆμά
3531 5571 3628 5607 τι...
3652 5544 3750 5616 upi-

661 5632 920 5711 (89)7I‘dp_
950 5632 1027 5691 ἂν
1054 5633 1152 5707 ἦν.
1180 5637 1271 5690 Sic
1300 5632 1413 5690 nos
1451 5632 1576 5691 cum
1606 5632 1699 5689 Or.
1749 5634 1799 5687 1.
1836 5634 1978 5690 Editi
2007 5632 2167 5688 omit-

1451 5632 1576 5691 cum
1606 5632 1699 5689 Or.
1749 5634 1799 5687 1.
1836 5634 1978 5690 Editi
2007 5632 2167 5688 omit-
2264 5632 2892 5711 γμάτι.ἑυε.,γράμμα
2914 5650 2993 5711 ει.

662 5683 817 5711 \"VI-
847 5683 915 5707 *τ’
952 5683 1005 5691 ’⁷⁷
1059 5683 1110 5707 ἰ’
1139 5683 1152 5690 '
1180 5683 1270 5690 τ’*
1313 5683 1411 5690 ’⁷⁷⁷
1456 5683 1576 5691 "'"'
1615 5683 1698 5689 "'
1751 5683 1798 5687 "
1836 5683 1978 5690 '_"'"
2013 5683 2139 5688 """

589 5720 727 5770 tunt,
755 5710 838 5763 ἄν.
886 5709 1039 5761 lim'r.
1546 5774 1549 5775 7
1578 5774 1585 5775 7
2124 5774 2127 5775 7

2276 5683 3159 5775 '1'97'57'1‘155563925‘4sanes.
3190 5704 3279 5770 hu,
3313 5713 3365 5760 et
3404 5700 3489 5758 0r.
3521 5697 3564 5750 ι.
3601 5692 3644 5746 lu
3668 5683 3748 5745 εδ..

664 5781 775 5859 (:30)
802 5777 1117 5859 Ἀεξολογία
1140 5775 1514 5845 πραγμάτων.
1540 5774 1796 5846 Montac.,
1824 5776 1882 5831 ἐν
1903 5774 2169 5846 ἀπολογίᾳ

1026 5777 1117 5848 ria
1140 5775 1514 5845 πραγμάτων.
1540 5774 1796 5846 Montac.,
1824 5776 1882 5831 ἐν
1903 5774 2169 5846 ἀπολογίᾳ
2268 5774 2579 5846 προὸλέπει.

591 5866 824 5923 πραγμα
843 5865 970 5902 των.
