3914 6404
134 390 260 448 “57

1219 387 1476 448 ORATIO
1517 390 1680 446 XXII.
1724 423 1793 434 —
1831 392 1921 447 DE
1958 394 2135 452 PACE
2172 396 2235 456 ll.

3235 407 3382 464 Ηδε

133 511 232 582 γὰρ
253 510 340 564 καὶ
370 508 534 584 μέχρι
560 509 764 564 τούτων
786 512 818 583 ἡ
850 511 988 582 ἔρις,
1018 509 1208 583 ὥσπερ
1233 530 1317 578 τις
1341 513 1472 583 φλὸξ
1494 513 1582 567 διὰ
1611 530 1708 566 κα-

1825 515 1958 569 suris
1985 515 2369 586 interrogatus,
2404 515 2541 572 idem
2568 517 2725 588 plane
2748 520 3106 590 respondeat?
3127 524 3194 577 At
3217 525 3380 582 etiam

136 603 298 674 λάμης
329 602 541 664 θέουσα,
575 604 670 656 καὶ
695 603 764 656 τά
789 602 974 674 κύκλῳ
1000 604 1486 676 περιλαμϐάνουσα
1517 605 1534 674 )
1559 622 1572 636 °
1603 605 1699 660 καὶ

147 694 328 756 Ἰούδας
391 693 735 766 σήμερον,ἢ
791 694 1069 763 Καϊάφας,
1125 693 1155 746 ὁ
1211 695 1338 766 χθὲς
1401 695 1609 760 Ἦλίας,
1665 695 1696 765 ἢ

144 788 401 859 Ἰωάννης,
441 789 588 859 ἥτις
638 787 796 850 ἄλλος
823 788 932 841 τῶν
981 787 1120 859 μετά
1148 788 1388 860 Χριστοῦ
1432 787 1703 858 τεταγμέ-

134 895 249 942 νων,
271 879 364 932 καὶ
390 877 488 950 τὴν
513 879 682 950 αὐτὴν
714 878 892 950 ζώνην
917 879 1339 950 περικειμένων,
1366 879 1458 931 καὶ
1483 877 1545 930 τὸ
1571 877 1703 931 αὐτὸ

133 971 515 1040 ἀμπεχομένων
548 971 706 1039 φαιὸν
738 970 771 1041 ἢ
809 971 976 1042 μέλαν
1011 970 1325 1042 τριϐώνιον,
1365 970 1393 1024 ὃ
1437 970 1706 1042 σεμνότης

135 1063 242 1134 βίου
277 1063 638 1135 προϐάλλεται
689 1063 826 1135 (98),
856 1065 997 1119 κατά
1028 1081 1092 1132 γε
1129 1064 1221 1117 τὸν
1251 1063 1384 1136 ὲμδν
1413 1063 1578 1133 νόμον
1608 1063 1702 1116 καὶ

133 1153 277 1222 λόγον
315 1153 452 1225 (99).
497 1154 608 1207 Καὶ
646 1153 708 1207 τὺ
741 1154 906 1208 καλὸν
951 1152 1114 1218 ἄνθος
1161 1153 1270 1206 τῶν
1317 1153 1559 1224 ὑψηλῶν,
1600 1153 1701 1225 τὴν

132 1245 422 1318 ὠχρότητα,
459 1246 491 1318 ἢ
525 1246 587 1300 τὸ
615 1247 713 1318 τῆς
748 1247 934 1318 φωνῆς
975 1244 1238 1300 εὔτακτον
1273 1246 1364 1299 καὶ
1394 1245 1634 1318 ἡσύχιον,
1667 1244 1700 1316 ἢ
1740 1307 1742 1310 _

131 1334 188 1387 τὸ
213 1333 302 1387 τοῦ
332 1335 660 1406 βαδίσματος
693 1335 952 1407 ἐμϐριθές
981 1353 1041 1390 τε
1071 1338 1166 1390 καὶ
1186 1337 1414 1408 ἥμερον,
1445 1335 1573 1407 χθὲς
1606 1335 1706 1407 μὲν

134 1427 462 1496 φιλοσοφίαν,
493 1429 730 1499 σήμερον
749 1429 806 1482 δὲ
829 1428 1132 1496 κενοδοξίαν
1159 1428 1704 1502 προσηγορεύσαμεν·

133 1520 224 1572 καὶ
267 1521 362 1592 τὴν
409 1521 579 1593 αὐτὴν
633 1521 772 1575 κατὰ
808 1522 1199 1595 πνευμάτωνῆ
1233 1522 1406 1576 νόσων
1453 1522 1706 1593 δύναμιν,

133 1612 258 1666 ποτὲ
291 1614 386 1684 μὲν
430 1613 508 1684 τῷ
552 1612 748 1685 Ἰησοῦ,
787 1615 919 1668 ποτὲ
964 1614 1021 1668 δὲ
1070 1614 1147 1685 τῷ
1183 1613 1512 1678 Βεελζεϐοὺλ
1546 1631 1716 1685 προσ-

134 1705 427 1777 ἐθήκαμεν,
451 1708 545 1761 καὶ
575 1707 835 1779 χρώμεθα
862 1707 1157 1780 (1)τούτων
1181 1707 1242 1761 ού
1255 1707 1454 1789 δικαίᾳ.
1469 1707 1708 1778 στάθμῃ,

131 1801 194 1871 τῇ
228 1799 524 1872 φιλονεικίᾳ
557 1802 651 1855 καὶ
683 1799 760 1872 τῷ
790 1800 948 1873 θυμῷ

1809 606 1972 662 hodie
2018 607 2348 662 libidinosus
2380 619 2434 664 et
2457 620 2729 666 scortator
2756 611 2848 667 tibi
2876 622 2977 679 est,
3005 615 3095 683 qui
3124 615 3384 674 hesterno

1809 697 1896 752 die
1930 696 2128 767 Joseph
2153 707 2271 753 erat
2311 699 2440 770 (huc
2481 702 2623 756 enim
2655 717 2826 772 usque
2855 707 3132 761 contentio
3162 722 3380 777 progre-

1809 786 1980 851 ditur,
2015 788 2173 856 qnasi
2211 786 2424 844 ﬂamma
2453 791 2696 859 quaedam
2727 807 2822 861 per
2843 793 3096 864 stipulam
3121 812 3368 862 currens,

1811 894 1875 934 ac
1920 880 2146 934 ﬁnitima
2199 882 2728 950 comprehenderis);
2773 893 2826 938 et
2857 883 3025 942 Jndas
3077 887 3254 954 hodie,
3299 889 3385 944 vel

1811 969 2071 1038 Caiphas,
2126 969 2216 1038 qui
2266 969 2382 1024 heri
2432 969 2595 1034 Elias,
2647 981 2740 1024 aut
2785 971 3042 1038 Joannes,
3095 982 3190 1028 aut
3246 973 3388 1031 alius

1816 1063 2090 1133 quispiam
2127 1077 2192 1118 ex
2230 1064 2336 1130 his,
2359 1063 2453 1133 qui
2496 1065 2562 1118 ad
2605 1064 2806 1120 Christi
2841 1075 3023 1136 partes
3054 1082 3113 1122 se
3136 1067 3389 1136 adjunxeo

1821 1165 1970 1218 runt,
2015 1163 2070 1209 et
2121 1155 2309 1208 eadem
2357 1171 2490 1209 zona
2539 1155 2772 1211 accincti
2809 1167 2952 1222 sunt,
2983 1167 3143 1229 atque
3172 1161 3382 1226 eodem,

1812 1246 1895 1300 vel
1928 1245 2099 1311 lusco,
2137 1244 2220 1300 vel
2253 1256 2368 1300 atro
2397 1246 2558 1316 pallio
2587 1249 2841 1314 contecti,
2868 1250 3030 1319 quale
3055 1251 3160 1306 vita
3199 1262 3385 1308 sancta

1811 1344 1866 1391 et
1896 1335 2104 1406 gravis,
2140 1350 2257 1390 mea
2299 1338 2519 1406 quidem
2571 1338 2690 1409 lege
2720 1353 2784 1394 ac
2817 1342 3110 1409 sententia,
3159 1355 3391 1411 praeten-

1812 1427 1911 1483 dit.
1967 1426 2107 1494 Quin
2151 1429 2316 1483 etiam
2370 1428 2655 1499 pulchrum
2707 1431 2855 1485 illum
2889 1432 3204 1488 sublimium
3239 1435 3388 1490 viro-

1815 1533 1936 1574 rum
1970 1519 2179 1586 ﬂorem,
2213 1521 2316 1575 hoc
2354 1529 2459 1584 est,
2502 1521 2790 1591 pallorem,
2827 1533 2918 1577 aut
2949 1525 3307 1594 compositam
3338 1533 3393 1580 et

1816 1615 2055 1684 quietam
2107 1613 2360 1684 loquendi
2409 1614 2699 1678 rationem,
2751 1625 2843 1668 aut
2867 1615 3112 1671 incessus
3148 1616 3384 1688 gravitao

1817 1714 1923 1761 tem
1955 1722 2075 1762 cum
2124 1707 2538 1762 mansuetudine
2581 1707 2949 1777 conjunctam,
2996 1707 3111 1762 heri
3147 1709 3390 1778 philoso-

1818 1798 2024 1869 phiam,
2071 1799 2232 1854 hodie
2280 1799 2460 1854 inanis
2509 1798 2692 1869 gloria:
2730 1797 2969 1853 studium
3020 1799 3390 1871 appellamus;

131 1903 287 1960 atque
329 1893 572 1947 eamdem
601 1893 858 1949 adversus
898 1891 1069 1948 malos
1129 1894 1352 1964 spiritus
1391 1905 1485 1950 aut
1517 1895 1736 1950 morbos
1773 1894 2092 1964 potentiam,
2152 1911 2294 1949 nunc
2331 1893 2482 1960 Jcsu,
2539 1911 2684 1950 nunc
2716 1895 2999 1952 Beelzehul
3049 1896 3394 1966 ascribimus,

131 1995 186 2040 et
213 1985 392 2056 iniqua
427 2001 605 2042 rerum
636 1987 827 2042 harum
873 1988 1075 2060 regula,
1121 1989 1224 2045 hoc
1258 1999 1361 2056 est,
1410 1991 1758 2046 contentione
1819 2001 1981 2061 atque
2020 1991 2323 2056 iracundia,
2353 1991 2581 2045 utimur.

205 2125 294 2192 ς’.
329 2123 444 2178 Καὶ
475 2121 666 2197 ὥσπερ
697 2125 730 2194 ἡ
764 2123 904 2197 αὑτὴ
941 2126 1012 2196 γῆ
1038 2126 1237 2198 ἕστηκε
1276 2126 1376 2198 μὲν
1406 2128 1518 2191 τοῖς
1537 2128 1712 2199 ἐρρω-

1887 2127 1974 2182 Vl.
2016 2127 2085 2182 Et
2127 2129 2582 2198 quemadmodum
2633 2141 2822 2182 eauem
2871 2137 3014 2183 terra
3065 2127 3214 2182 sanis
3261 2126 3386 2197 qui-

137 2214 318 2287 μένοις
353 2215 447 2270 καὶ
478 2219 538 2270 οὺ
575 2216 887 2282 πεπονθόσι,
919 2219 1152 2272 κινεῖται
1178 2218 1236 2271 δὲ
1280 2220 1394 2282 τοῖς
1438 2217 1712 2288 ίλιγγιῶσι

133 2307 231 2361 καὶ
261 2308 762 2380 περιτρεπομένοις,
810 2309 902 2363 τοῦ
943 2310 1052 2365 τῶν
1105 2310 1341 2383 ὁρόντων
1389 2311 1594 2376 πάθους
1620 2312 1715 2365 ἐπὶ

133 2398 194 2452 τὸ
217 2398 491 2470 ὁρώμενον
529 2398 944 2471 μεταϐαίνοντος
963 2417 976 2432 ·
1022 2403 1071 2456 εί
1103 2401 1284 2471 βούλει
1312 2401 1389 2466 δὲ,
1436 2401 1625 2473 ὥσπερ
1655 2402 1718 2457 τὸ

135 2491 266 2546 αύτὸ
289 2492 396 2546 τῶν
421 2492 613 2546 κιόνων
643 2494 938 2566 διάστημα,
961 2493 1142 2548 πλεῖον
1173 2495 1270 2565 μὲν
1296 2496 1410 2557 τοῖς
1432 2494 1717 2566 ἐγγυτέρω

134 2587 232 2640 καὶ
263 2587 606 2659 προσεχέσιν,
635 2588 856 2642 ἔλαττον
886 2589 943 2643 δὲ
985 2591 1098 2652 τοῖς
1126 2587 1460 2662 πορρωτέρω
1486 2587 1562 2660 (2)
1593 2587 1718 2658 φαί-

135 2697 308 2745 νεται,
349 2681 716 2752 κλεπτομένου
763 2680 859 2734 τοῦ
907 2682 1069 2754 ἀέρος
1115 2681 1194 2752 τῷ
1232 2681 1581 2752 διαστήματι,
1623 2681 1720 2735 καὶ

137 2773 519 2846 συναπτούσης
551 2775 654 2845 τῆς
708 2774 885 2846 ὅψεως
939 2775 1008 2830 τὰ
1053 2775 1374 2847 παχύτερα·
1429 2774 1571 2828 οὕτω
1624 2775 1721 2829 καὶ

136 2867 298 2937 ἡμεῖς
329 2865 529 2938 ῥᾳδίως
568 2866 968 2938 ἐξαπατώμεθα
997 2867 1072 2937 (3)
1102 2866 1191 2920 διά
1221 2867 1320 2938 τὴν
1361 2864 1585 2937 ἔχθραν,
1625 2865 1722 2920 καὶ

137 2956 268 3030 περὶ
302 2959 410 3013 τῶν
438 2958 620 3014 αὐτῶν
647 2959 708 3012 ού
741 2959 810 3013 τά
841 2959 980 3012 αύτά
1017 2959 1115 3027 (4),
1148 2959 1289 3028 φίλοι
1329 2976 1388 3012 τε
1434 2959 1588 3022 ὄντες
1625 2959 1722 3013 καὶ

137 3052 239 3123 μὴ,
274 3050 615 3123 γινώσκομεν
640 3068 654 3084 ο
691 3053 786 3106 καὶ
830 3055 1130 3124 χειροτονεί
1173 3053 1374 3124 ῥᾳδίως
1424 3054 1556 3123 ἡμῖν
1589 3051 1721 3104 πολ-

133 3145 264 3209 λοὺς
294 3145 394 3216 μὲν
425 3145 632 3215 ἁγίους,
667 3144 892 3209 πολλοὺς
934 3144 978 3198 δ’
1011 3144 1204 3208 ἀθέους
1245 3143 1397 3216 παρὰ
1429 3143 1490 3198 τὸ
1520 3142 1665 3207 εἰκὸς
1693 3143 1722 3195 6

133 3239 330 3309 καιρὸς
359 3237 457 3308 (5),
490 3237 691 3308 μᾶλλον
732 3238 789 3291 δὲ
819 3238 1027 3303 πάντας
1065 3237 1316 3302 ἀθλίους·
1359 3237 1420 3291 ού
1456 3236 1613 3308 μόνον
1645 3234 1724 3306 τῷ

131 3329 276 3399 πρὸς
321 3329 558 3400 πονηρὸν
599 3329 949 3400 παράδειγμα
974 3328 1049 3398 (6)
1088 3328 1308 3400 βλέπειν
1341 3332 1487 3402 ἡμᾶς
1516 3327 1724 3398 (ἐπειδὴ

131 3421 433 3494 πρόχειρον
462 3421 537 3492 (7)
574 3423 605 3492 ἡ
642 3422 811 3475 κακία
857 3422 952 3474 καὶ
985 3420 1107 3491 δίχα
1139 3421 1234 3474 τοῦ
1278 3421 1570 3496 ἕλκοντος),
1608 3427 1722 3482 ἀλλ’

131 3514 218 3566 ὅτι
245 3515 340 3566 καὶ
367 3515 498 3567 πᾶσι
526 3513 704 3566 πάντα
732 3510 1122 3584 συγχωρούμεν
1163 3514 1397 3586 ἑτοίμως
1435 3517 1575 3589 ὑπὲρ
1609 3517 1727 3584 ἐνὸς

131 3607 229 3660 τοῦ
272 3606 675 3678 συμμαίνεσθαι
705 3605 804 3676 (8).
850 3606 962 3658 Καὶ
993 3611 1258 3679 πρότερον
1295 3608 1393 3678 μὲν
1419 3609 1541 3662 οὐδὲ
1575 3611 1726 3680 ῥῆμα

129 3699 244 3751 τῶν
271 3697 542 3768 περιττῶν
580 3714 633 3749 τι
670 3695 1005 3767 φθέγγεσθαι
1033 3694 1143 3748 τῶν
1182 3694 1481 3748 ἀκινδύνων
1510 3691 1598 3765 ἦν,
1631 3696 1727 3750 νῦν

129 3791 186 3844 δὲ
220 3789 607 3860 λοιδορούμεθα
628 3790 854 3852 καὶτοῖς
882 3786 1292 3851 εύσεϐεστάτοις
1315 3802 1328 3816 ·
1358 3787 1451 3840 καὶ
1470 3788 1598 3840 ποτὲ
1628 3787 1727 3858 μὲν

129 3882 244 3936 οὐδ’
272 3880 668 3949 ἀναγινώσκειν
691 3880 798 3944 ἔξω
821 3880 986 3950 νόμον
1011 3878 1085 3950 (9)
1117 3878 1265 3950 ἐξῆν,
1297 3880 1407 3934 οὐδ’
1437 3879 1727 3952 ὁμολογίας

130 3974 520 4030 ἐπικαλεῖσθαι
575 3974 655 4041 (τὸ
687 3974 744 4028 δέ
786 3976 954 4038 ἐστιν,
1001 3973 1076 4037 ὡς
1119 3974 1244 4044 ἐμοὶ
1283 3975 1449 4039 δοκεῖ,
1493 3974 1592 4046 τὴν
1629 3975 1725 4030 τοῦ

128 4069 269 4122 λαοῦ
304 4066 724 4135 συγκατάθεσιν)
743 4084 754 4096 ·
791 4066 885 4118 νῦν
913 4064 972 4117 δὲ
1003 4064 1095 4118 καὶ
1126 4065 1234 4117 τῶν
1261 4066 1587 4138 ἀπορρήτων
1614 4070 1727 4132 τοῖς

133 4162 396 4234 βεϐήλοις
437 4159 695 4232 χρώμεθα
749 4160 1070 4229 διαιτηταῖς,
1094 4158 1452 4226 ῥιπτοῦντες
1489 4160 1562 4214 τὰ
1591 4160 1728 4232 ἅγια

127 4252 264 4318 τοῖς
299 4251 467 4316 κυσὶ,
516 4249 613 4302 καὶ
646 4247 990 4314 ,βάλλοντες
1037 4247 1178 4314 τοὺς
1215 4250 1580 4317 μαργαρίτας
1625 4251 1726 4320 ἐμ-

126 4349 411 4414 προσθεν
438 4341 555 4397 τῶν
593 4342 828 4412 χοίρων.
866 4337 944 4394 Οὐ
982 4339 1140 4410 μόνον
1185 4339 1266 4403 δὲ,
1298 4340 1435 4393 ἀλλά
1489 4343 1582 4394 καὶ
1626 4342 1727 4407 τὰς

127 4438 314 4501 ἀκοὰς
349 4435 527 4490 αὐτῶν
557 4434 825 4506 ἐστιῶμεν
859 4435 981 4497 ταῖς
1021 4433 1143 4486 κατ’
1195 4433 1441 4505 ἀλλήλων
1494 4433 1685 4506 ὕϐρεσι
1709 4451 1722 4467 ο

126 4533 234 4588 καὶ
265 4531 379 4585 οὐδ’
414 4531 588 4583 ἐκεῖνο
610 4527 888 4598 δυνάμεθα
921 4529 1174 4599 συνορᾷν,
1223 4527 1306 4580 ὅτι
1346 4527 1446 4580 οὐκ
1485 4526 1728 4596 ἀσφαλὲς

123 4625 306 4680 ὅπλον
356 4621 536 4694 ἐχθρῷ
575 4621 871 4686 πιστεύειν,
911 4621 1031 4674 οὐδὲ
1079 4621 1322 4692 μισοῦντι
1369 4622 1729 4694 Χριστιανοὺς

123 4718 284 4774 κατά
321 4713 649 4788 Χριστιανοῦ
699 4713 875 4782 λόγον.
912 4716 978 4766 ὐ
1013 4713 1122 4784 γὰρ
1161 4713 1399 4784 σήμερον
1445 4711 1726 4765 ώνειδίσα·

128 4831 266 4886 μεν,
301 4809 492 4882 αὔριον
523 4806 914 4878 ώνειδίσθημεν
935 4821 949 4836 ο
993 4805 1087 4858 καὶ
1127 4805 1300 4859 σαίνει
1335 4802 1396 4856 τὺ
1434 4801 1726 4874 λεγόμενον
1759 4833 1803 4889 D

120 4910 155 4962 ὁ
194 4904 423 4976 ἐχθρὸς,
467 4902 566 4971 ούχ
614 4900 696 4952 ὅτι
741 4899 970 4964 ἐπαινεῖ,
1009 4896 1123 4949 ἀλλ’
1158 4897 1238 4949 ὃτι
1281 4893 1596 4967 θησαυρίζει
1633 4911 1725 4946 πι-

121 4999 315 5072 κρῶς,
354 4996 420 5050 ἵν’
451 4995 508 5047 ὲν
541 4989 718 5064 καιρῷ
745 4990 835 5044 τὸν
885 4991 960 5043 ίδν
995 4989 1164 5060 ἐμέσῃ
1207 4988 1348 5044 κατὰ
1383 4987 1476 5040 τοῦ
1511 4986 1728 5040 πιστεύ-

119 5109 341 5156 σαντος

200 5212 257 5243 ⁸⁸
292 5208 488 5263 Matth.
525 5220 624 5268 xu,
649 5201 740 5257 36.
817 5199 858 5231 "
883 5196 1074 5252 Matth.
1101 5210 1196 5256 vn,
1221 5193 1274 5248 6.

209 5324 336 5394 (98)
377 5319 805 5394 Hpoﬁ’djsletat.
831 5316 1084 5394 hl_ontac_.,
1111 5308 1511 5394 περιϐάλλεται.

206 5379 333 5466 (99)
402 5379 512 5447 Kal
570 5392 781 5458 λόγον.
848 5385 979 5454 Reg.
1042 5385 1152 5446 hin,
1190 5379 1476 5445 'lllontac.,
1548 5381 1580 5451 ἢ
1644 5379 1731 5436 λό-

107 5483 260 5540 γον.
1158 5524 1169 5535 ,

221 5537 296 5553 ..ι
341 5538 386 5553 ιι
440 5533 453 5553 1
548 5538 615 5553 Λ..
674 5530 790 5553 ﬂ..-
840 5529 924 5553 Lm
980 5542 1169 5553 “At”...

210 5537 301 5610 (l)
336 5533 636 5605 Χρώμεθα.
674 5530 807 5600 Reg.
840 5529 950 5592 hm,
980 5529 1307 5599 χρωμάτων.

208 5610 300 5673 (9.)
329 5603 704 5674 Πρῤῥωτέρω.
759 5601 893 5674 Reg.
923 5600 1015 5661 hu,
1037 5607 1096 5674 _et
1128 5596 1241 5674 0r._
1267 5595 1316 5657 1,
1343 5592 1532 5674 πόρρω

211 5663 302 5748 (3)
351 5663 827 5748 ’ἐξα,ττιιξιιῖιμεθαἸ
840 5663 993 5748 Ἱὶρς.
1013 5669 1144 5748 hin,
1169 5663 1530 5748 κὲξαπτρμειθα

210 5733 302 5824 (Δ)
344 5733 850 5824 Τὰάῠτάίμυὶει.
892 5733 1732 5824 1ῖτιάᾱί),Ὗδιανοούμεθαᾷιιιιριη

109 5806 322 5877 (ζοῖεί.
355 5821 401 5878 l.
433 5836 530 5886 pro
561 5815 922 5885 γινώσκομεν,
956 5808 1106 5886 quod
1139 5820 1305 5886 prope
1348 5807 1606 5886 sequitur,
1639 5806 1734 5886 ha:

108 5875 262 5957 Le},
317 5875 733 5962 γινωσκόμενοι.
778 5875 868 5940 Sic
904 5875 1063 5937 etiam
1096 5875 1221 5948 legit
1260 5875 1636 5937 Cumbellsius.
1680 5882 1734 5930 et

1816 2220 1940 2274 dem
1973 2235 2037 2274 ac
2065 2220 2290 2275 minime
2318 2219 2461 2274 laesis
2491 2220 2596 2273 ﬁxa
2624 2231 2678 2274 et
2709 2220 2920 2275 stabilis
2958 2228 3063 2284 est,
3095 2221 3164 2273 iis
3201 2231 3386 2274 autem

1815 2315 1907 2384 qui
1939 2312 2387 2384 circumaguntur
2417 2329 2481 2368 ac
2511 2314 2780 2385 vertigine
2809 2313 3088 2381 laborant,
3121 2325 3394 2379 movetur,

1815 2407 2070 2462 nimirum
2103 2406 2484 2477 aspicientium
2523 2407 2654 2460 vitio
2677 2407 2743 2460 ad
2774 2421 2885 2461 rem
2912 2417 3184 2476 aspectam
3221 2415 3397 2462 trans-

1817 2507 1984 2556 eunte
2015 2515 2031 2554 :
2065 2508 2159 2552 ant
2202 2497 2247 2554 si
2297 2497 2491 2562 mavis,
2529 2497 2983 2564 quemadmodum
3020 2497 3159 2552 idem
3189 2496 3398 2551 colum-

1818 2605 2012 2645 narum
2066 2588 2408 2644 intervallum
2457 2589 2573 2654 his,
2617 2589 2708 2658 qui
2759 2589 3016 2659 prepius,
3079 2587 3276 2655 majus,
3333 2588 3399 2642 iis

1823 2693 2008 2738 autem
2049 2681 2142 2752 qui
2190 2682 2405 2752 longius
2459 2681 2652 2736 remoti
2715 2690 2882 2747 sunt,
2938 2681 3118 2734 minus
3164 2681 3398 2746 videtur,

1819 2790 1948 2831 aere
1974 2789 2168 2844 nempe
2194 2773 2264 2828 ob
2292 2775 2644 2830 interstitium
2689 2772 2835 2827 velut
2867 2781 3135 2842 surrepto,
3167 2787 3231 2828 ac
3258 2773 3397 2838 visu,

1821 2883 1910 2935 ea,
1935 2883 2056 2938 quae
2084 2867 2355 2938 crassiora
2412 2876 2558 2932 sunt,
2614 2875 3005 2930 connectente;
3053 2866 3118 2920 ad
3151 2865 3399 2921 eumdem

1827 2979 1928 3019 nos
1983 2977 2200 3033 quoque
2241 2963 2458 3017 modum
2493 2963 2562 3017 ob
2595 2961 2935 3016 inimicitiam
2993 2959 3150 3014 facile
3191 2961 3395 3030 decipi-

1823 3070 1967 3121 mur,
1999 3069 2099 3109 nec
2131 3054 2198 3109 de
2230 3053 2420 3108 iisdem
2450 3054 2614 3107 rebus
2639 3051 2852 3115 eadem,
2881 3050 3048 3122 (.18
3076 3061 3321 3106 amantes
3350 3059 3404 3107 et

1824 3164 1931 3204 non
1967 3155 2235 3212 amantes,
2273 3147 2583 3215 iudicamus
2615 3168 2629 3207 ;
2664 3159 2727 3200 ac
2760 3154 2991 3212 tempus,
3029 3155 3226 3213 praeter
3255 3145 3400 3216 quod

1825 3258 1926 3312 par
1955 3251 2062 3307 est,
2099 3240 2304 3297 multos
2355 3249 2595 3304 sanctos,
2649 3248 2704 3293 et
2751 3237 2951 3292 multos
2998 3237 3187 3292 atheos
3235 3235 3392 3292 nobis

1829 3333 1984 3389 facile
2010 3334 2278 3404 designat,
2309 3333 2388 3386 vel
2425 3331 2606 3402 potius
2627 3345 2816 3386 omnes
2845 3331 3106 3395 miseros;
3153 3344 3259 3382 non
3291 3328 3394 3382 hoc

1831 3435 2040 3481 tantum
2072 3426 2312 3492 nomine,
2361 3425 2504 3494 quod
2545 3439 2645 3479 nos
2681 3423 2957 3489 intuendo,
2995 3421 3191 3475 malum
3221 3435 3405 3476 exem-

1836 3521 1956 3590 plar
1993 3521 2277 3575 intuentur
2321 3515 2778 3589 (quandoquidem
2817 3515 2868 3569 in
2917 3513 3142 3583 proclivi
3193 3521 3274 3567 est
3317 3511 3402 3566 vi-

1834 3615 1989 3679 tium,
2039 3613 2203 3669 etiam
2246 3611 2395 3667 nullo
2431 3608 2720 3679 trahente),
2751 3607 2844 3664 sed
2871 3607 3034 3662 etiam
3063 3604 3187 3676 quia
3224 3605 3398 3658 liben-

1832 3716 1918 3761 ter
1944 3705 2198 3761 omnibus
2230 3703 2411 3758 omnia
2439 3701 2811 3767 concedimus,
2851 3700 2949 3754 hac
2983 3699 3101 3767 lege
3130 3709 3186 3752 et
3212 3696 3405 3752 condi-

1831 3796 1999 3861 tione,
2037 3804 2094 3850 ut
2121 3795 2400 3849 nobiscum
2441 3793 2732 3848 insaniant.
2765 3792 2843 3844 Ac
2871 3788 3022 3859 prius
3053 3786 3273 3856 quidem
3299 3799 3400 3839 nec

1831 3902 2290 3958 supervacaneum
2316 3885 2533 3955 aliquod
2557 3883 2783 3938 verbum
2813 3879 3057 3952 proloqui
3084 3879 3131 3911 “
3159 3876 3404 3948 Pericnlo

1831 3979 2070 4044 carebat,
2111 3993 2257 4034 nunc
2291 3984 2473 4032 autem
2499 3977 2662 4031 etiam
2689 3987 2902 4030 summa
2929 3972 3128 4042 pietate
3152 3969 3406 4040 praeditos

1831 4071 2098 4126 conviciis
2127 4070 2560 4141 proscindimus;
2595 4069 2724 4130 imo,
2756 4079 2876 4119 cmn
2908 4079 2974 4118 ne
2998 4061 3170 4132 legem
3189 4061 3406 4132 quidem

1831 4163 1964 4220 foris
1999 4163 2179 4233 legere
2217 4161 2471 4230 cuiquam
2521 4159 2605 4213 fas
2647 4165 2814 4223 esset,
2859 4169 2959 4210 nec
3002 4152 3402 4218 confessiones,

1833 4257 1934 4312 hoc
1992 4264 2097 4320 est,
2143 4264 2201 4308 ut
2245 4255 2376 4308 mihi
2428 4251 2661 4314 videtur,
2698 4247 2876 4319 populi
2921 4260 3202 4302 assensum
3245 4257 3412 4312 expo-

1833 4363 2008 4413 scere,
2032 4361 2175 4402 nunc
2211 4357 2398 4401 contra
2429 4358 2628 4399 arcana
2657 4356 2874 4412 quoque
2901 4341 3017 4409 ipsa
3050 4338 3405 4407 profanorum

1833 4441 2110 4495 hominum
2157 4437 2384 4493 arbitrio
2433 4435 2833 4508 permittimus,
2885 4430 3104 4484 canibus
3157 4426 3408 4481 videlicet

1831 4541 2014 4586 uncta
2063 4530 2416 4600 proﬁcientes,
2467 4544 2530 4580 ac
2567 4525 2883 4593 margaritas
2912 4533 3030 4575 ante
3063 4536 3250 4590 porros
3280 4519 3406 4573 mit-

1831 4633 1993 4678 tentes
2020 4623 2088 4679 ⁸⁷.
2104 4622 2287 4692 Neque
2310 4623 2362 4676 id
2380 4619 2573 4684 solum,
2596 4632 2784 4674 verum
2800 4615 2964 4670 etiam
2982 4614 3223 4682 ipsorum
3246 4625 3408 4666 aures

1831 4716 2030 4770 mutuis
2073 4714 2126 4769 in
2169 4729 2268 4769 nos
2313 4714 2460 4784 ipsos
2507 4710 2722 4780 probris
2763 4715 2820 4762 et
2851 4704 3198 4761 contumeliis
3233 4704 3408 4775 pasci-

1833 4819 1953 4860 mus
1983 4822 1997 4860 :
2027 4819 2092 4860 ac
2124 4819 2191 4860 ne
2224 4795 2591 4873 illud'quirlem
2621 4799 2928 4871 perspicere
2958 4810 3268 4865 possumus,
3303 4796 3404 4849 mi-

1834 4900 1978 4953 nime
2012 4907 2182 4952 tutum
2213 4913 2334 4953 e:se
2381 4911 2533 4951 arma
2585 4893 2725 4948 hosti
2780 4891 3146 4955 committere,
3191 4903 3289 4944 nec
3318 4887 3403 4952 ei,

1834 4991 1924 5062 qui
1967 4990 2307 5046 Christianos
2330 4991 2464 5054 odit,
2501 5001 2804 5042 sermonem
2829 4983 3089 5038 adversus
3135 4979 3405 5036 Christia-

1837 5099 1988 5139 nutn.
2023 5083 2156 5139 Nam
2187 5084 2328 5155 quod
2368 5082 2526 5138 hodie
2558 5082 2756 5152 probro
2790 5078 3108 5148 obiecimus,
3145 5074 3286 5130 idem
3312 5088 3405 5128 no~

1837 5311 1999 5367 vertit
2029 5331 2043 5366 :
2073 5331 2092 5364 ι
2131 5326 2194 5365 ac
2234 5310 2300 5364 de
2352 5307 2540 5364 iisdem
2598 5320 2702 5359 non
2753 5303 2940 5358 eadem
2983 5300 3267 5364 sentimus,
3313 5298 3403 5366 qni

1838 5382 2068 5437 amicine
2095 5383 2281 5443 simus,
2308 5396 2375 5434 an
2407 5378 2609 5433 inimici
2632 5377 2972 5444 prodamus.»

1917 5451 1988 5524 (5)
2031 5454 2083 5506 Ὁ
2115 5440 2338 5524 καιρός.
2375 5469 2394 5502 ι
2437 5440 2692 5524 Emptis,
2729 5464 2758 5524 r_
2787 5445 2967 5524 id‘est.
3003 5461 3022 5493 ‹
3063 5440 3276 5497 occasio
3331 5456 3349 5492 ι

1920 5515 1996 5593 (θ’)
2029 5515 2422 5593 Παράδειγμα.
2455 5518 2617 5574 Coisl.
2644 5519 2696 5582 l,
2725 5515 3060 5593 ύπόδειγμα.

1913 5586 2365 5675 (Ῐῖῌῖρδκεξροδλε
2396 5591 2605 5675 [ιεελρν
2634 5586 2921 5675 σξρέκξιεος

1906 5649 2449 5737 (εἱΣόμμᾟιςὶοεσοᾳι.
2477 5649 2603 5716 "sui
2647 5649 2810 5737 cogi.
2832 5649 2896 5709 't.
2938 5655 3010 5710 Ita
3039 5653 3166 5722 legit
3193 5649 3401 5737 siluas.

1834 5737 1889 5792 lu
1913 5729 2027 5802 ed,
2068 5729 2488 5805 ’συμϐαίνεσθαι,
2521 5749 2540 5782 ι
2574 5738 2633 5805 ut
2673 5729 2953 5784 nobiscum
2990 5729 3344 5782 consentiant.
3379 5737 3403 5772 ο

1909 5808 1986 5880 (9)
2015 5801 2240 5877 Νόμοις.
2276 5805 2441 5862 Coisl.
2468 5803 2522 5868 l,
2558 5801 2758 5872 νόμων.
