3914 6404
522 331 657 392 1133

1714 350 1771 406 S.
1812 351 2142 408 GREGOIIII
2182 354 2270 408 ΤΗ
2281 354 2522 410 EOLOGI

3621 364 3736 418 ll-Ill

527 457 609 509 his
640 463 855 524 postero
882 448 966 509 die
998 455 1317 527 objicietur;
1363 469 1522 530 atque
1565 465 1630 518 ad
1675 465 1728 520 id
1767 508 1781 534 ,
1825 471 1967 538 quod
2035 470 2256 538 dicitur,
2334 472 2506 526 hostis
2547 472 2772 538 arridet,
2840 488 2946 528 non
3025 445 3166 543 qu‘od
3210 475 3424 543 probet,
3477 478 3571 533 sed
3616 485 3739 552 quod

518 556 704 598 amaro
752 547 930 599 animo
994 547 1268 612 recondat,
1319 558 1370 603 ut
1427 555 1744 622 tempestive
1787 559 2046 613 adversus
2075 576 2195 616 eum
2240 561 2436 629 ipsum,
2485 561 2576 630 qui
2599 563 2953 629 concredidit,
2983 565 3130 618 virus
3161 579 3368 620 evoma‘

592 637 702 692 VII.
745 637 881 704 Quid
915 638 1028 693 haec
1058 642 1466 709 committimus,
1501 645 1720 712 fratres,
1761 657 1816 703 et.
1844 654 2070 718 quandit

2257 657 2329 707 Z'.
2361 654 2426 707 Τί
2452 653 2628 708 ταῦτα
2653 655 2956 726 πάσχομεν,
2985 649 3030 709 ὧ
3065 653 3231 724 οὗτοι,
3254 661 3348 712 καὶ
3395 678 3558 734 μεχρι
3582 664 3747 733 tiam;

517 729 958 784 committemus?
989 730 1216 797 Quando
1248 734 1315 787 ab
1345 735 1448 790 hac
1472 740 1689 806 crapula
1721 753 2081 813 emergemus,

514 833 607 874 aut
653 822 795 876 hanc
829 822 1109 878 oculorum
1158 825 1353 880 lemam
1396 829 1764 899 detrahemus,
1814 845 1978 906 atque
2015 840 2082 893 ad

2182 747 2319 800 Πότε
2356 747 2412 800 δὲ
2437 749 2536 819 τῆς
2561 746 2732 819 μέθης
2762 747 3070 820 ἐκνήψομεν
3096 750 3229 822 (10),
3263 752 3294 822 ῆ
3330 753 3440 806 τῶν
3465 755 3749 826 ὀφθαλμῶν

2179 839 2278 910 τὴν
2305 839 2487 911 λήμην
2516 842 2966 913 περιαιρήσομεν,
2998 843 3091 895 καὶ
3120 843 3256 914 πρὸς
3285 848 3347 898 τὸ
3373 850 3476 918 τῆς
3501 849 3754 918 ἀληθείας

514 914 756 968 veritatis
788 913 960 968 lucem
987 917 1381 986 suspiciemus?
1430 920 1559 987 Quae
1605 924 1717 978 haec
1753 928 1928 997 caligo
1965 931 2070 984 est‘:

2182 929 2296 999 φῶς
2333 931 2741 1004 ἀναόλέψομεν;
2774 933 2908 986 Ποία
2945 935 3274 1005 σκοτόμαινα
3307 937 3517 1005 ταῦτας
3548 941 3636 1004 τίς
3667 960 3751 996 νυ-

513 1006 644 1071 Quis
681 1007 769 1061 hic
799 1019 1096 1064 nocturnus
1126 1010 1442 1067 conﬂictus?
1469 1014 1596 1080 Quae
1628 1017 1744 1072 haec
1770 1027 2079 1089 tempestas,

512 1098 716 1152 amiros
758 1099 824 1152 ab
861 1100 1104 1155 hostibus
1136 1117 1240 1155 non
1291 1103 1706 1161 iuternoscens?
1750 1107 1862 1162 Cur
1896 1113 2080 1168 vicinis

510 1190 706 1242 nostris
739 1191 1072 1258 opprobrium
1101 1194 1229 1262 [acti
1265 1212 1468 1260 sumus,
1498 1199 1843 1254 subsauuatio
1863 1215 1910 1256 et
1939 1205 2080 1257 deri-

508 1282 584 1334 sia
600 1281 699 1344 Itis,
715 1283 804 1352 qui
821 1285 872 1335 iu
890 1285 1112 1338 circuitu
1133 1297 1310 1340 nostra
1327 1298 1444 1341 sunt
1463 1289 1532 1342 “8?
1552 1289 1831 1355 Quodnam
1853 1296 1953 1348 hoc
1973 1307 2080 1348 tam

509 1373 767 1426 obnixum
804 1375 927 1428 mali
958 1377 1235 1430 studium?
1264 1378 1401 1444 Quid
1436 1389 1542 1433 tam
1567 1381 1858 1436 immortali
1892 1384 2079 1442 labore

508 1459 831 1528 fatigamur?
869 1465 995 1533 quid
1024 1475 1204 1518 autem
1246 1468 1365 1521 dico
1386 1467 1695 1538 fatigamur?
1728 1471 1834 1526 imo
1864 1489 1926 1526 ex
1963 1475 2080 1542 ipso

510 1551 670 1616 malo,
692 1563 749 1606 ut
773 1553 960 1608 furiosi
994 1555 1190 1620 solent,
1224 1557 1388 1612 robur
1421 1574 1820 1630 comparamus,
1856 1572 1930 1631 et,
1954 1580 2077 1620 cum

508 1642 868 1708 absumimur,
889 1649 1181 1717 gaudemus
1215 1667 1227 1702 :
1268 1665 1366 1704 nec
1401 1667 1624 1721 usquam
1651 1663 1734 1708 est
1767 1655 1928 1720 ratio,
1978 1675 2078 1714 nec

510 1734 738 1799 amicus,
757 1751 856 1790 nec
878 1737 1088 1805 socius;
1115 1753 1210 1793 nec
1232 1742 1469 1796 medicus
1486 1744 1572 1811 qui
1596 1743 1840 1806 morbum
1861 1747 1944 1801 vel
1966 1764 2077 1802 tne-

510 1823 827 1881 dicamentis
838 1828 1021 1897 pellat,
1039 1831 1119 1885 vel
1137 1842 1394 1900 amputet;
1409 1849 1507 1888 nec
1520 1836 1812 1904 Opitulator
1832 1841 2072 1908 angelus,

505 1933 609 1972 nec
626 1919 795 1987 Deus;
823 1935 1005 1975 verum
1026 1932 1218 1992 prmter
1249 1925 1374 1989 alia,
1405 1927 1495 1980 Dei
1525 1943 1740 1998 quoque
1766 1931 2070 2002 benignita-

2180 1021 2489 1092 κτομαχία;
2526 1025 2610 1086 τίς
2649 1023 2819 1095 ζάλη,
2873 1024 3040 1094 φίλων
3079 1027 3174 1080 καὶ
3219 1028 3496 1100 πολεμίων
3539 1031 3664 1100 ὖψιν
3696 1035 3752 1087 οὐ

2179 1111 2567 1184 διακρίνουσα;
2607 1114 2759 1168 Διατί
2790 1117 3119 1185 γεγόναμεν
3149 1116 3378 1186 ὄνειδος
3410 1121 3534 1188 τοῖς
3573 1124 3752 1192 γείτο-

2179 1220 2283 1256 σιν
2314 1203 2498 1273 ἡμῶν,
2529 1207 2942 1276 μυκτηρισμὸς
2979 1207 3080 1261 καὶ
3105 1210 3452 1280 χλευασμὸς
3487 1213 3615 1280 τοῖς
3653 1218 3749 1269 κύ-

2179 1299 2303 1360 κλῳ
2329 1297 2496 1365 ἡμῶν
2512 1313 2530 1361 ;
2555 1298 2704 1369 Τίςή
2731 1299 3011 1370 φιλοτιμία
3034 1300 3126 1352 τοῦ
3150 1303 3319 1355 κακοῦ
3345 1320 3358 1367 ;
3388 1303 3562 1356 Πόθεν
3589 1305 3752 1370 οὕτως

2179 1387 2420 1440 ἀθάνατα
2461 1388 2779 1459 κάμνομενς
2814 1390 3015 1460 μᾶλλον
3059 1392 3117 1444 δὲ
3152 1394 3273 1446 οὐδὲ
3308 1395 3618 1465 κάμνομεν,
3642 1397 3749 1450 ἀλλ’

2178 1478 2469 1550 ἐρρώμεθα
2499 1479 2577 1550 τῷ
2604 1479 2781 1551 κακῷ,
2821 1482 3160 1552 μαινομένων
3187 1483 3246 1536 τὸ
3279 1483 3471 1548 πάθος,
3505 1486 3604 1537 καὶ
3631 1487 3745 1556 ἠδό-

2180 1569 2320 1640 μεθα
2345 1570 2744 1641 δαπανώμενοι.
2778 1573 2887 1626 Καὶ
2920 1574 3156 1645 οὐδαμοῦ
3182 1575 3356 1643 λόγος,
3387 1577 3450 1630 οὐ
3487 1577 3664 1645 φίλος,
3690 1581 3745 1631 οὐ

2179 1661 2485 1733 σύμμαχος,
2520 1664 2621 1716 οὐκ
2654 1663 2858 1734 ἰατρὸς,
2892 1664 2924 1736 ἧ
2971 1667 3362 1737 φαρμακεύων,
3394 1667 3429 1738 ἦ
3475 1669 3748 1738 ἐκτέμνων

2174 1753 2236 1805 τὸ
2261 1754 2461 1817 πάθος·
2491 1756 2552 1808 οὐ
2593 1756 2946 1827 παραστάτης
3005 1757 3253 1827 ἄγγελος,
3290 1760 3353 1812 οὐ
3404 1760 3574 1824 Θεός·
3621 1762 3747 1814 ἀλλὰ

2176 1844 2310 1916 πρὸς
2356 1849 2467 1910 tot;
2509 1846 2706 1911 ἄλλοις,
2747 1849 2840 1902 καὶ
2875 1849 2973 1918 τὴν
3021 1849 3116 1902 τοῦ
3165 1850 3296 1903 Θεοῦ
3343 1851 3746 1923 φιλανθρωπίαν

2177 1939 2306 2007 ἡμῖν
2331 1937 2513 2000 αὐτοῖς
2538 1939 2954 2009 ἀπεκλείσαμεν.
2993 1942 3126 1995 Ἵνα
3159 1942 3234 2006 τί,
3263 1944 3458 2011 Κύριε,
3490 1943 3748 2012 ἀφέστη-

507 2019 616 2062 tem
643 2011 796 2068 nobis
828 2012 1219 2080 praeclusimus.
1252 2013 1316 2067 Ut
1345 2015 1488 2085 quid,
1533 2017 1778 2084 Domine,
1817 2025 2070 2077 recessisti

2178 2044 2289 2094 κας
2321 2030 2664 2097 μακρόθεν;
2702 2031 2800 2083 καὶ
2847 2030 2972 2095 πῶς
3022 2009 3371 2103 ἀποστρέρῄ
3417 2037 3507 2100 εἰς
3535 2009 3745 2101 ⁷τέλοςῇ

490 2099 699 2169 νιοηῃεὲ³
748 2103 1020 2167 Quomodo
1050 2107 1292 2160 averteris
1330 2109 1384 2160 in
1425 2110 1583 2174 ﬁnem
1599 2111 1682 2164 ⁸⁹ῖ
1721 2112 1949 2178 Quando
1974 2131 2072 2171 nos

503 2191 784 2246 visitabis?
811 2195 1052 2260 Quonam
1099 2198 1214 2252 haec
1255 2201 1688 2269 progredientur,
1730 2218 1785 2259 et
1820 2206 1908 2260 ubi
1945 2222 2074 2262 cou-

504 2284 738 2338 sistent?
767 2285 1031 2354 Equidem
1064 2303 1276 2352 vereor,
1319 2307 1384 2345 ne
1419 2308 1655 2362 prmsens
1683 2311 1864 2351 rerum
1901 2307 2075 2356 status

504 2375 647 2444 ignis
673 2376 815 2447 illius
862 2379 912 2431 in
957 2383 1359 2448 exspectatione
1427 2386 1583 2454 positi
1636 2386 1814 2444 fumus
1855 2391 2071 2458 quidam

507 2469 598 2532 sit,
641 2484 708 2523 ne
748 2471 832 2523 his
865 2472 1233 2528 Autichristus
1278 2481 1647 2547 superveniat,
1686 2480 1853 2552 419
1881 2499 1946 2538 ac
1980 2501 2076 2540 ηο-

503 2567 648 2614 stros
691 2561 869 2630 lapsus
908 2573 963 2616 et
1014 2566 1231 2621 morbos
1256 2567 1308 2620 in
1352 2570 1686 2638 principatus
1717 2575 1798 2626 sui
1831 2577 2073 2632 occasio—

509 2664 631 2704 nem
663 2654 908 2722 arripiat.
948 2653 1064 2710 Non
1101 2656 1244 2709 enim
1273 2673 1455 2726 sanos,
1490 2670 1547 2713 ut
1574 2662 1786 2730 opinor,
1820 2680 1921 2718 nec
1946 2667 2074 2720 cha-

503 2743 666 2796 ritate
691 2753 874 2812 septas
900 2746 1179 2802 adorietur
1209 2765 1224 2814 ;
1260 2765 1444 2804 verum
1493 2767 1715 2822 regnum
1747 2756 1799 2809 in
1838 2759 2072 2828 seipsum

502 2835 657 2903 prius
674 2834 836 2890 dividi
861 2848 1098 2906 oportet,
1130 2854 1294 2909 atque
1319 2841 1390 2896 ita
1417 2842 1636 2908 fortem,
1662 2861 1801 2914 eam,
1831 2850 2069 2918 inquam,

502 2926 788 2992 rationem,
820 2944 938 2996 quae
959 2931 1010 2983 in
1039 2932 1194 2986 nobis
1221 2941 1324 2996 est,
1350 2935 1544 2990 tentari
1575 2945 1630 2991 et
1644 2938 1840 3009 ‘ligari,
1869 2955 1934 2996 ac
1959 2951 2070 2996 tum

500 3031 628 3071 vasa
659 3018 811 3086 diripi
841 3018 907 3086 ⁸⁸,
954 3022 1217 3090 nobisque
1254 3025 1442 3078 eadem
1469 3028 1736 3094 accidere,
1769 3047 1889 3099 qua:
1921 3049 2063 3088 nunc

503 3109 646 3163 hosti
672 3122 857 3164 nostro
883 3130 908 3163 ιι
943 3113 1160 3168 Christo
1193 3117 1441 3174 accidere
1477 3121 1856 3190 perspicimus.

573 3195 704 3253 VIII.
747 3203 952 3257 Idcirco
994 3221 1094 3274 ego
1128 3207 1298 3276 ploro,
1335 3211 1407 3264 ait
1435 3208 1698 3268 Jeremias
1743 3216 1795 3268 in
1841 3215 2071 3272 Lamen-

501 3290 799 3346 tationiltus
822 3293 888 3356 ’⁸,
921 3305 1080 3364 atque
1111 3300 1281 3354 oculis
1314 3302 1447 3356 meis
1483 3303 1847 3374 lacrymarum
1882 3308 2064 3364 fontes

2174 2122 2286 2174 Καὶ
2321 2122 2451 2175 πότε
2480 2123 2784 2193 ἐπισκοπὴν
2821 2122 2976 2193 ἡμῶν
3005 2125 3206 2197 ποιήσῃ
3236 2141 3250 2189 ;
3284 2127 3376 2178 καὶ
3407 2125 3511 2178 ποῦ
3549 2129 3746 2198 προδή-

2177 2232 2327 2269 σεται
2355 2215 2524 2269 ταῦτα
2547 2217 2642 2269 καὶ
2677 2217 2960 2286 στήσεται;
2993 2217 3215 2270 Δέδοικα
3259 2218 3333 2289 μὴ
3362 2220 3570 2283 καπνὸς
3658 2221 3745 2273 τοῦ

2175 2308 2621 2379 προσδοκωμένου
2652 2309 2820 2380 πυρὸς
2843 2307 2912 2361 τὰ
2935 2310 3198 2378 παρόντα,
3231 2310 3304 2382 μὴ
3335 2309 3547 2375 τούτοις
3574 2312 3602 2364 ὁ
3637 2315 3745 2366 Ἀν-

2174 2399 2449 2468 τίχριστος
2480 2398 2834 2470 (11)ὲπιστῇ,
2879 2398 2973 2451 καὶ
3014 2400 3205 2471 καιρὸν
3245 2400 3384 2472 λάϐῃ
3418 2403 3520 2472 τῆς
3561 2404 3742 2456 ἑαυτοῦ

2175 2493 2488 2557 δυναστείας
2515 2494 2582 2548 τὰ
2614 2495 2858 2566 ἡμέτερα
2890 2496 3205 2566 πταίσματά
3243 2515 3302 2550 τε
3342 2498 3438 2550 καὶ
3460 2499 3742 2570 ἀρρωστή-

2179 2596 2342 2655 ματα.
2374 2587 2446 2640 Οὐ
2472 2588 2585 2659 γὰρ
2625 2587 2923 2655 ὑγιαίνουσι
2953 2588 3250 2659 προσδαλεῖ
3275 2589 3384 2659 (12)
3411 2591 3593 2659 τυχὸν,
3631 2592 3743 2644 οὐδὲ

2174 2682 2240 2750 τῇ
2273 2679 2460 2752 ἀγάπῃ
2487 2681 2931 2747 πεπυκνωμένοις
2955 2696 2968 2709 ·
3015 2680 3152 2734 ἀλλὰ
3179 2681 3260 2734 δεῖ
3298 2683 3628 2753 μερισθῆναι
3652 2685 3744 2753 τὴν

2178 2771 2456 2840 βασιλείαν
2483 2773 2565 2840 ἐφ’
2601 2772 2818 2842 ἑαυτήν,
2850 2767 2966 2825 εἷτα
3004 2773 3363 2846 πειρασθῆναι
3402 2776 3499 2828 καὶ
3536 2775 3745 2845 δεθῆναι

2175 2865 2267 2916 τὸν
2296 2862 2510 2934 ἰσχυρὸν
2539 2865 2596 2918 ἐν
2630 2865 2758 2934 ἡμῖν
2783 2863 3062 2934 λογισμὸν,
3093 2861 3208 2917 εἶτα
3229 2865 3296 2918 τὰ
3322 2865 3490 2933 σκεύη
3523 2866 3746 2935 διαρπα-

2175 2955 2358 3025 γῆναι,
2392 2953 2487 3006 καὶ
2531 2952 2702 3005 ταῦτα
2753 2951 2943 3005 παθεῖν
2989 2953 3166 3023 ἡμᾶς,
3195 2952 3230 3006 ἃ
3273 2951 3369 3004 νῦν
3411 2954 3629 3023 ὁρῶμεν
3661 2953 3746 3006 τὸν

2176 3043 2367 3114 ἐχθρὸν
2403 3042 2549 3113 παρὰ
2569 3041 2806 3113 Χριστοῦ
2832 3042 3126 3111 πάσχοντα.

2247 3213 2326 3268 H'.
2360 3213 2458 3267 Διὰ
2484 3213 2652 3267 ταῦτα
2679 3213 2788 3282 ἐγὼ
2809 3215 2998 3281 κλαίω,
3028 3217 3189 3288 φησὶν
3219 3217 3491 3288 Ἱερεμίας
3518 3219 3576 3272 ἐν
3603 3218 3746 3290 Θρή-

2177 3322 2309 3374 νοις,
2343 3306 2436 3358 καὶ
2482 3305 2628 3376 ζητῶ
2660 3309 2767 3369 τοῖς
2793 3306 3087 3377 ὀφθαλμοῖς
3127 3325 3230 3378 μου
3262 3309 3445 3378 πηγὰς
3499 3309 3743 3381 δακρύων

500 3383 628 3442 huic
652 3383 948 3440 calamitati
981 3403 1139 3455 pares
1167 3404 1372 3458 quaero,
1407 3410 1469 3448 ac
1505 3397 1782 3465 sapientes
1819 3401 2070 3457 mulieres

2178 3395 2449 3467 ἀρκούσας
2475 3397 2553 3467 τῷ
2584 3397 2768 3462 πάθει,
2814 3400 2908 3452 καὶ
2955 3400 3103 3452 καλῶ
3147 3401 3247 3463 τὰς
3291 3401 3484 3470 σοφὰς,
3537 3402 3622 3454 ῖνα
3659 3403 3745 3455 τὸν

498 3485 658 3536 voco,
693 3481 750 3526 ut
781 3473 983 3528 luctum
1020 3478 1282 3541 excitent,
1323 3494 1416 3536 aut
1446 3497 1595 3540 certe
1625 3486 1914 3555 adjuvent;
1945 3507 2073 3545 ven-

498 3562 602 3615 tris
629 3563 792 3617 etiam
823 3565 1011 3622 dolore
1046 3569 1276 3636 alliciar,
1323 3584 1377 3627 et
1411 3589 1664 3632 sensuum
1709 3582 1929 3651 organis
1965 3584 2073 3638 vel-

497 3656 660 3720 licor,
709 3671 830 3722 nec,
881 3675 989 3730 quo
1046 3667 1206 3720 modo
1249 3668 1554 3740 quibusque
1600 3673 1784 3728 verbis
1827 3675 2070 3731 dolorem

499 3745 720 3812 leniam,
759 3750 953 3807 habeo.
985 3754 1191 3810 Idcirco
1225 3768 1408 3813 vetera
1432 3761 1682 3829 silentur,
1709 3779 1845 3820 nova
1864 3768 2072 3823 comico

505 3853 657 3892 more
695 3843 1035 3909 sugillantur.
1071 3847 1346 3903 Commdia
1373 3852 1517 3905 enim
1551 3861 1634 3909 est
1662 3855 1911 3913 hostibus
1949 3875 2068 3913 mea

505 3933 792 4000 tragoedia.
825 3934 1033 3991 Idcirco
1077 3954 1182 3992 non
1213 3957 1402 4009 parum
1433 3943 1688 4000 Ecclesiis
1712 3945 2070 4016 detraximus,

501 4038 569 4076 ac
603 4038 783 4079 scenae
803 4027 1175 4096 adjunximus,
1207 4032 1370 4101 idque
1406 4035 1459 4087 in
1493 4034 1800 4104 huiusmodi
1828 4041 2068 4106 civitate,

499 4128 623 4182 quae
651 4115 778 4171 data
808 4133 996 4186 opera,
1046 4131 1102 4176 ut
1142 4123 1289 4188 aliis,
1337 4126 1409 4178 ita
1445 4126 1646 4182 divinis
1683 4129 1846 4185 rebus
1877 4132 2071 4199 illudit,

498 4221 729 4277 qumque
770 4210 951 4278 potius
994 4215 1312 4282 praeclarum
1357 4216 1558 4286 aliquid
1588 4230 1642 4274 et
1673 4220 1828 4276 laude
1852 4225 2068 4293 dignum

499 4297 715 4364 riserit,
767 4316 926 4368 quam
981 4312 1038 4358 ut
1091 4306 1375 4361 ridiculum
1427 4309 1632 4379 aliquid
1675 4328 1781 4367 non
1829 4315 2068 4372 derisum

500 4398 793 4457 praetereat
826 4412 842 4446 :
877 4403 934 4446 ut
965 4395 1100 4448 tuihi
1139 4399 1334 4453 mirum
1359 4399 1598 4455 futurum
1627 4403 1720 4468 sit,
1754 4406 1798 4460 si
1835 4423 1921 4460 me
1944 4422 2071 4474 quo—

499 4495 628 4546 que,
687 4480 792 4536 hoc
847 4491 932 4535 est
992 4484 1258 4538 advenam
1305 4487 1520 4555 pietatis
1561 4505 1897 4559 praeconem,
1957 4495 2071 4549 lucc

482 4571 798 4639 dicentem,
833 4588 894 4628 ac
921 4589 1027 4630 non
1064 4577 1287 4632 ridenda
1314 4583 1516 4647 omnia,
1547 4584 1642 4638 sed
1677 4586 1921 4654 quaedam
1955 4597 2071 4641 stu-

500 4663 653 4717 diose
704 4667 982 4719 tractanda
1028 4683 1149 4722 esse
1196 4670 1502 4739 docentem,
1538 4689 1644 4728 non
1684 4675 1882 4730 riserit.
1926 4675 2066 4742 Quid

496 4755 620 4808 dico
658 4755 882 4812 riserit?
907 4757 1166 4826 Mirabar,
1201 4761 1308 4816 nisi
1336 4777 1508 4831 preme
1538 4765 1700 4819 etiam
1727 4781 1755 4818 a
1789 4781 1873 4821 nne
1904 4782 2066 4837 expe-
2098 4737 2142 4794 Β

497 4849 705 4908 tantur,
744 4844 869 4897 dum
900 4847 1158 4914 prodesse
1203 4852 1382 4914 cupio.
1422 4851 1567 4906 Talis
1590 4855 1732 4908 enim
1761 4864 1844 4910 est
1882 4872 2060 4912 rerum

494 4941 805 4987 nostrarum
842 4945 1045 4999 status,
1081 4948 1138 4991 ut
1176 4955 1277 4994 nec
1308 4942 1439 4996 mihi
1485 4959 1778 5001 mcerorem
1809 4945 2061 5014 afferant,

495 5040 589 5084 aut
618 5027 871 5084 Ecclesia:
913 5043 1189 5101 occupata:
1236 5035 1314 5104 (id
1363 5035 1508 5104 quod
1548 5036 1779 5092 fortasse
1829 5039 2059 5106 cuipiam

2177 3489 2370 3562 θρῆνον
2407 3491 2769 3562 ἐργάσωνται,
2799 3493 2831 3562 ἦ
2865 3495 3304 3565 συνεργὰσωνται
3330 3511 3342 3524 °
3387 3497 3485 3547 καὶ
3513 3497 3614 3566 τήν
3642 3513 3746 3548 κοι-

2173 3580 2292 3634 λίαν
2327 3580 2498 3646 ἀλγῶ,
2537 3583 2633 3633 καὶ
2674 3580 2971 3652 μαιμάσσω
3008 3581 3077 3634 τὰ
3121 3583 3475 3654 αἰσθητήρια.
3514 3586 3608 3636 καὶ
3649 3585 3747 3636 οὐκ

2173 3669 2301 3740 ἔχω,
2330 3669 2445 3734 πῶς
2479 3670 2724 3738 κουφίσω
2754 3670 2814 3723 τὸ
2839 3670 3059 3740 ἀλγοῦν,
3091 3673 3186 3726 καὶ
3217 3673 3326 3726 τίσι
3365 3676 3482 3738 τοῖς
3523 3677 3745 3745 ῥήμασι.

2171 3760 2270 3813 Διὰ
2297 3760 2467 3814 ταῦτα
2497 3763 2763 3815 σιωπᾶται
2797 3763 2864 3815 τὰ
2899 3761 3124 3825 παλαιὰ,
3166 3763 3260 3816 καὶ
3299 3765 3646 3835 κωμῳδεῖται
3680 3767 3747 3817 τὰ

2171 3851 2268 3905 νέα
2298 3851 2578 3922 (κωμῳδία
2605 3851 2712 3923 γὰρ
2739 3855 2850 3916 τοῖς
2879 3852 3091 3924 ἐχθροῖς
3118 3856 3148 3924 ή
3184 3854 3288 3926 ἐμή
3316 3856 3641 3926 τραγῳδίαν
3662 3856 3745 3909 διὰ

2171 3940 2330 3994 τοῦτο
2348 3939 2455 3994 τῶν
2495 3941 2828 4011 Ἐκκλησιῶν
2857 3942 3143 4013 ὐφείλομεν
3167 3945 3280 4014 (15)
3305 3946 3407 3997 οὐκ
3430 3945 3634 4012 ὀλίγον,
3657 3948 3744 3998 καὶ

2170 4037 2238 4104 τῇ
2263 4035 2434 4103 σκηνῇ
2457 4031 2875 4104 προσεθήκαμεν
2893 4047 2908 4065 ·
2934 4032 3219 4088 καὶταῦτα
3240 4037 3298 4087 ἐν
3316 4038 3548 4108 τοιαύτῃ
3575 4038 3744 4100 πόλει,

2171 4128 2206 4198 ἢ
2247 4126 2532 4190 σπουδάζει
2562 4125 2623 4178 τὸ
2656 4125 2725 4179 τὰ
2757 4125 2875 4180 θεῖα
2908 4128 3144 4194 παίζειν,
3191 4127 3380 4199 ὥσπερ
3426 4147 3485 4182 τι
3540 4130 3744 4201 ἕτερον,

2172 4221 2265 4273 καὶ
2283 4219 2472 4272 θᾶττον
2492 4219 2557 4274 ἄν
2582 4236 2634 4271 τι
2656 4218 2763 4272 τῶν
2793 4221 3192 4291 ἐπαινουμένων
3227 4221 3584 4292 γελάσειεν,ῆ
3611 4239 3719 4293 παρ

2173 4308 2270 4361 ίδοι
2308 4327 2363 4361 τι
2415 4307 2526 4362 τῶν
2559 4307 2785 4378 γελοίων
2832 4309 3147 4377 ἀγέλαστον.
3179 4310 3342 4362 ’Ὥστε
3397 4310 3746 4381 θαυμάσαιμι

2173 4400 2238 4453 ἂν
2267 4398 2398 4472 (14),
2435 4402 2482 4453 εἰ
2515 4400 2590 4470 μὴ
2619 4400 2762 4466 κάμὲ
2789 4399 3014 4468 γελάσαι
3057 4402 3296 4472 σήμερον
3327 4402 3419 4454 τὸν
3456 4402 3626 4454 ταῦτα
3654 4403 3747 4454 15'-

2171 4510 2355 4561 γοντα,
2389 4493 2478 4546 τὸν
2510 4492 2788 4555 εὐσεϐείας
2832 4492 3034 4563 ἔπηλυν
3079 4495 3294 4564 κήρυκα
3344 4493 3484 4565 (l5),
3532 4494 3623 4546 καὶ
3669 4494 3745 4564 μὴ

2171 4581 2350 4634 πάντα
2368 4581 2551 4652 γελᾷν,
2581 4580 2694 4634 ἀλλ’
2714 4579 2858 4633 ἔστιν
2882 4580 2917 4634 ἃ
2943 4583 3038 4635 καὶ
3060 4583 3381 4647 σπουδάζειν
3402 4583 3744 4637 διδάσκοντα.

2169 4673 2280 4726 Καὶ
2315 4673 2368 4726 τί
2422 4674 2585 4744 γελᾷν
2637 4674 2810 4742 λέγω;
2846 4673 3198 4744 Θαυμαστὸν,
3234 4677 3282 4727 εί
3328 4676 3402 4746 μὴ
3452 4678 3549 4728 καὶ
3592 4676 3746 4736 δίκας

2169 4765 2548 4838 ἁπαιτηθείην,
2589 4767 2893 4837 εὐεργετεῖν
2920 4766 3256 4838 βουλόμενος.
3282 4767 3524 4820 Τοιαῦτα
3548 4768 3655 4838 γὰρ
3679 4769 3748 4820 τὰ

2170 4855 2435 4926 ἡμέτερα.
2466 4856 2539 4919 ὡς
2575 4855 2674 4926 ἐμέ
2706 4872 2769 4924 γε
2803 4857 2863 4908 οὐ
2902 4856 3162 4909 λυποῦσιν
3187 4857 3316 4927 (I6),
3353 4856 3469 4910 οὐτ’
3513 4859 3741 4927 Ἑκκλη-

2171 4949 2280 5002 σίαι
2311 4949 2690 5019 κατεχόμεναι,
2721 4949 2750 5001 ὃ
2787 4949 2927 5019 τάχα
2973 4949 3037 5004 ἄν
3069 4966 3152 5012 τις
3203 4949 3364 5002 πάθοι
3407 4949 3518 5002 τῶν
3555 4967 3748 5022 μικροη

2168 5039 2390 5110 πρεπῶν
2420 5039 2519 5110 τὴν
2550 5039 2808 5104 διάνοιαν,
2843 5038 2967 5092 οὐτε
2995 5040 3191 5112 χρυσὸς
3219 5040 3398 5103 ἄλλοις
3426 5041 3587 5111 ῥέων,
3620 5038 3748 5093 οὔτε

565 5181 614 5215 ⁸⁸
644 5181 732 5236 Ps.
777 5200 1002 5247 Lxxvm,
1029 5185 1087 5240 4.·
1156 5188 1200 5220 ⁸³
1233 5189 1318 5243 Ρε.
1351 5205 1424 5248 lx.
1473 5191 1544 5251 22
1577 5211 1591 5260 ;
1630 5209 1893 5260 Lxxxvn-t,
1940 5195 2032 5248 l7.
2102 5196 2148 5235 ὀ
2175 5195 2306 5252 Luc.
2340 5213 2416 5263 χι,
2451 5196 2512 5250 2l
2541 5211 2660 5266 sqq.
2741 5197 2784 5228 "
2808 5195 3009 5252 Thren.
3039 5198 3169 5262 1,16
3202 5213 3322 5267 sqq.

565 5297 678 5379 ll'O)
739 5299 1140 5379 ’Exwwjopsr.
1208 5303 1338 5373 Reg.
1369 5307 1511 5379 lim,
1576 5308 1936 5379 ἐκνήψωμεν,
2003 5320 2057 5364 et

494 5370 668 5450 sicnin
713 5373 1084 5450 sequentibus,
1131 5370 1595 5450 napi-aipﬁompsv,
1649 5370 2055 5450 ἀναῧλέψωμεν.

627 5442 673 5512 I)
717 5441 1142 5512 Ἀντίχριστος.
1170 5439 1334 5498 συίειξ
1367 5439 1413 5508 l,
1445 5439 1729 5512 ἀντίδικος.

565 5509 1171 5630 (ιέἐβξξοσϐιιλεῖεδὶς
1197 5514 1326 5585 Reg.
1370 5531 1421 5576 a,
1459 5527 1513 5569 et
1561 5509 1793 5587 llervag.
1830 5517 1885 5572 In
1949 5521 2060 5584 ed.,

565 5595 636 5629 ιοσ
677 5597 740 5630 α.
775 5597 842 5630 ει.

495 5595 842 5632 προσοαλλει.

541 5596 1088 5728 ρῖισῗῧαςῗςέείλομεν.
1127 5652 1216 5728 Sic
1253 5653 1382 5728 ﬂag.
1435 5657 1532 5723 hu,
1567 5657 1729 5713 Coisl.
1777 5659 1828 5728 I,
1875 5658 1968 5714 Or.
1998 5662 2050 5712 2.

493 5717 745 5794 Mendese
776 5721 825 5771 in
849 5724 933 5794 ecl.
957 5717 1126 5788 'l’ar.,
1147 5717 1454 5794 ὀφείλομεν.

502 5848 510 5859 ι
566 5788 676 5859 μί)
710 5790 1077 5861 Θίιινμάσαιμι
1119 5788 1210 5849 ἄν’.
1245 5788 1347 5850 5ἰεί
1369 5796 1499 5867 Reg.
1534 5799 1620 5863 hu,
1653 5798 1742 5854 Or.
1785 5801 1836 5867 i,
1866 5810 1913 5858 et
1945 5799 2057 5857 .les.

2164 5311 2220 5365 In
2242 5311 2364 5396 leti"
2396 5311 2671 5396 θαυμάσαι
2701 5313 2872 5396 μἰἄν.
3048 5383 3066 5396 Α
3101 5385 3116 5396 .
3392 5384 3405 5396 ο
3451 5392 3461 5396 Δ
3510 5383 3543 5396 Α

2237 5381 2348 5452 (IS)
2396 5381 2960 5464 "Efnhrjeﬁpvza.
2985 5401 3003 5433 ι
3036 5383 3335 5464 ᾼςίνοηδιηη
3353 5383 3576 5464 pietatis
3606 5398 3748 5452 prse—

2166 5467 2378 5523 canem:
2416 5473 2434 5503 ι
2465 5451 2559 5506 His
2585 5453 2766 5523 verbis
2787 5464 2931 5507 recte
2954 5455 3261 5522 conjicitur,
3295 5451 3625 5523 Gregorium
3664 5471 3747 5507 re-

2163 5537 2292 5575 cens
2337 5520 2850 5590 Constantinopolim
2903 5520 3202 5578 adveuisse.
3237 5524 3290 5576 Id
3348 5520 3514 5577 etiam
3545 5527 3748 5578 contir-

2164 5602 2343 5663 matur
2377 5591 2441 5645 iis
2472 5607 2591 5661 qum
2619 5602 2916 5661 sequuntur
2953 5611 2968 5647 :
3015 5610 3034 5642 ι
3078 5594 3336 5648 Ecclesiae
3367 5605 3674 5663 occupata,
3718 5612 3739 5642 ι

2164 5661 2370 5714 scilicet
2404 5663 2470 5715 ab
2510 5663 2793 5717 haereticis.

2235 5729 2802 5804 (l6)0u.1v:zo{mr.
2843 5732 2932 5790 Sic
2964 5731 3098 5802 Reg.
3134 5735 3228 5802 hu,
3252 5733 3349 5790 Or.
3385 5736 3445 5804 Ξ,
3471 5735 3606 5802 .les.,
3632 5747 3743 5791 etc.

2166 5803 2338 5859 Deest-
2359 5803 2418 5856 οὐ
2449 5802 2499 5858 in
2528 5805 2610 5856 ed.
