3914 6404
174 310 309 366 H-ll

1254 308 1510 367 ORATIO
1554 307 1692 363 XXII
1755 339 1825 348 -—
1865 307 1952 363 DE
1989 307 2167 366 PACE
2208 309 2269 364 ll.

3267 302 3403 362 1149.

169 425 412 492 γλῶσσαι
446 426 697 497 πονηραὶ,
736 426 796 479 το
822 426 1030 479 ἑαυτῶν
1062 423 1330 492 ποιοῦσαι,
1362 425 1613 494 λέγουσαι
1644 441 1745 478 κα-

1866 438 1913 478 rx
1940 424 2025 490 iis,
2054 426 2142 494 qui
2172 423 2519 480 imbecilliore
2554 425 2733 480 animo
2755 431 2901 489 sunt,
2929 423 3171 477 accidere
3197 424 3409 490 queat),

172 516 303 585 κῶς,
336 518 520 590 ἐπειδὴ
546 519 725 583 καλῶς
760 521 859 573 οὐκ
887 519 1106 590 ἔμαθον.

1846 525 1939 571 aut
1991 530 2181 569 aurum
2230 516 2352 572 aliis
2402 515 2594 582 ﬂuens,
2636 526 2730 570 aut
2776 531 2956 587 prava:
3007 515 3223 584 linguae,
3262 516 3411 583 quod-

170 624 329 664 suum
350 620 436 665 est
459 610 740 678 facientes,
778 613 915 667 male
943 614 1193 669 videlicet
1221 615 1518 684 loquentes,
1548 627 1801 681 quoniam
1832 614 1968 666 bene
1995 610 2139 680 loqui
2170 626 2273 665 non
2300 612 2628 667 didicerunt.

242 701 321 756 θ’.
354 702 427 754 Οὐ
456 703 563 773 γὰρ
609 702 746 770 δέος,
792 706 1000 775 μήποτε
1046 706 1194 775 τόπῳ
1231 707 1637 777 περιγράφηται
1682 704 1742 757 τὸ

172 790 348 855 Θεῖον,
377 791 590 861 ἢῶνιον
620 794 861 865 γένηται,
897 796 961 849 ἵν’
991 797 1111 851 ὅλον
1203 796 1310 849 τῶν
1333 796 1740 866 εὐπορωτέρων.

188 882 321 952 Ἐμέ
353 900 412 935 τε
443 885 542 937 οὐκ
587 885 908 956 άμείψουσιν
961 890 1010 941 oi
1054 888 1445 959 εὐφημοῦντες,
1480 889 1512 959 ἢ
1546 889 1747 958 δυσφη-

176 972 407 1042 μοῦντες
440 975 647 1048 (ὥσπερ
675 978 724 1029 οἱ
773 977 1017 1049 βορϐόρῳ
1059 979 1228 1051 μύρον
1260 979 1676 1050 ἀναμιγνύντες,
1712 979 1745 1049 ἢ

178 1062 338 1134 μύρῳ
394 1065 686 1138 βόρϐορον,
740 1070 834 1121 xui
887 1069 987 1132 τὰς
1035 1070 1321 1140 ποιότητας
1368 1074 1432 1141 τῇ
1494 1069 1741 1141 ἐπιμιξίᾳ

175 1157 541 1226 συγχέοντες),
570 1160 654 1213 ἴνα
673 1159 982 1231 δυσχεράνω
1011 1160 1107 1224 τὰς
1140 1161 1485 1232 βλασφημίας
1514 1161 1588 1223 ὡς
1618 1161 1745 1232 μεθ-

178 1248 487 1317 ιστάμενος.
536 1244 606 1302 Ἦ
670 1250 842 1304 πολλὰ
887 1251 951 1305 ἂν
1002 1251 1295 1305 κατέϐαλον
1345 1253 1598 1322 χρήματα
1633 1254 1743 1314 τοῖς

179 1339 515 1404 ἐπαινέταις,
552 1342 606 1394 εἴ
635 1359 701 1411 με
745 1342 933 1412 βελτίω
974 1347 1086 1405 τοῖς
1128 1344 1367 1407 ἐπαίνοις
1412 1342 1741 1414 εἰργάζοντο.

179 1426 295 1481 Νῦν
322 1429 378 1482 δὲ
410 1431 506 1500 οὐχ
541 1431 682 1483 οὕτω
717 1432 874 1485 τοῦτο
911 1432 1043 1503 ἔχει,
1077 1434 1235 1486 πόθεν
1258 1450 1272 1498 ;
1299 1432 1412 1486 ἀλλ’
1442 1434 1579 1503 ὅπερ
1607 1432 1743 1503 εἰμὶ,

177 1519 340 1573 τοῦτο
374 1522 539 1591 μένω,
574 1525 663 1576 xui
694 1523 1161 1595 δυσφημούμενος,
1190 1526 1284 1578 xui
1316 1524 1743 1595 θαυμαζόμενος.

1915 702 2004 756 IX.
2059 702 2240 772 Neque
2284 705 2426 759 enim
2469 704 2811 758 metuendum
2858 714 2963 770 est,
2996 716 3061 757 ne
3103 702 3243 755 Deus
3289 700 3405 757 loco

1846 795 2346 861 circumscribatur,
2401 806 2494 851 aut
2538 796 2744 851 venalis
2774 796 3018 858 exsistat,
3056 803 3114 847 ut
3146 792 3403 851 totusdi-

1847 887 2046 940 tiorum
2085 885 2175 940 sit.
2228 886 2336 941 Nec
2369 887 2495 942 item
2542 903 2626 943 me
2661 888 2743 942 vel
2784 885 3105 949 laudatores,
3147 884 3231 939 vel
3263 882 3406 936 vitu-

1848 988 2123 1047 peratores
2161 978 2518 1033 immutahunt
2573 978 3046 1050 (quemadmodum
3104 975 3195 1045 qui
3252 988 3407 1029 emno

1850 1080 2207 1139 unguentum,
2253 1082 2346 1123 aut
2389 1083 2664 1141 unguento
2708 1082 2921 1126 cmnum
2972 1067 3291 1129 admiscent,
3346 1080 3409 1118 ac

1848 1173 1945 1227 per
1975 1160 2279 1215 mistionem
2306 1163 2593 1230 qualitates
2614 1160 2997 1229 confundunt),
3032 1169 3089 1212 ut
3118 1157 3417 1211 maledicos»

1849 1265 2153 1313 sermones,
2180 1262 2433 1320 tanquam
2485 1270 2512 1306 a
2564 1255 2770 1324 meipso
2806 1261 3062 1316 mutatus,
3097 1249 3332 1319 graviter
3355 1254 3410 1301 et

1852 1340 2035 1409 iniquo
2066 1343 2245 1396 animo
2278 1344 2465 1396 feram.
2498 1344 2630 1397 Nam
2658 1344 2852 1398 multas
2879 1341 3120 1411 profecto
3150 1338 3407 1408 pecunias

1852 1431 2217 1487 laudatoribus
2291 1449 2653 1497 numerarem,
2707 1435 2748 1488 si
2781 1449 2866 1487 me
2912 1432 3177 1486 laudando
3218 1429 3407 1483 melio-

1851 1537 1963 1576 rem
2007 1522 2303 1579 eliicerent.
2342 1525 2492 1579 Nunc
2535 1534 2715 1579 autem
2758 1526 2917 1577 aliter
2938 1538 2997 1578 se
3020 1538 3104 1577 res
3129 1520 3409 1593 42011³-

179 1610 404 1676 Βροτὸς
430 1612 483 1664 δ’
509 1612 709 1679 ἄλλως
739 1613 983 1684 νήχεται
1010 1615 1122 1685 (l7)
1151 1617 1376 1685 λόγοις,
1404 1615 1567 1687 φησὶν
1605 1613 1755 1667 Ἰώϐν

1866 1621 1966 1665 aet.
2009 1612 2161 1678 Quod
2192 1614 2333 1666 enim
2373 1629 2513 1679 sum,
2569 1615 2669 1668 hoc
2711 1627 2921 1675 maneo,
2958 1612 3071 1665 sive
3111 1608 3409 1664 maledictis

180 1701 277 1753 xui
305 1701 405 1754 ὅσα
435 1703 637 1774 πέτραν
672 1706 975 1777 περιρρέων
1024 1706 1217 1778 ἀφρὸς,
1256 1707 1289 1777 ἦ
1322 1707 1479 1761 πίτυν
1506 1703 1690 1778 αὖραι,
1716 1708 1748 1777 ἦ

177 1806 303 1844 τινα
340 1792 446 1844 τῶν
475 1792 677 1847 δασέων
720 1796 811 1846 καὶ
852 1795 1067 1873 ὐιίίηλῶν
1090 1813 1104 1827 ’
1137 1796 1372 1849 τοσαῦτα
1419 1797 1475 1849 αἱ
1509 1795 1751 1865 γλῶσσαι

183 1899 253 1951 με
284 1884 654 1955 περιρῤέουσι,
696 1886 791 1938 xui
826 1887 942 1958 ἅμα
982 1886 1253 1956 φιλοσοφῶ
1292 1906 1344 1940 τι
1379 1888 1586 1941 τοιοῦτο
1618 1889 1753 1959 πρὸς

180 1973 419 2041 ἐμαυτόν
442 1991 454 2003 ο
505 1974 580 2038 ὼς
606 1974 668 2028 Ei
706 1976 803 2046 μὲν
833 1977 1034 2048 ψευδὴς
1060 1979 1087 2030 ὁ
1128 1976 1445 2049 κατηγορῶν
1485 1977 1617 2049 (18),
1654 1978 1753 2029 οὐκ

179 2064 318 2134 ἐμοῦ
345 2066 542 2136 μᾶλλον
566 2068 594 2119 ό
619 2068 790 2136 λόγος,
817 2068 850 2140 ἦ
876 2072 1082 2123 ἐκείνου
1103 2071 1165 2123 τὸ
1190 2070 1477 2140 λεγόμενον
1504 2070 1754 2133 ἅπτεται,

180 2155 275 2208 κᾶ·
321 2156 421 2226 ἐμὲ
446 2159 669 2227 ὀνόματι
691 2159 978 2231 βλασφημῇ
1001 2178 1015 2193 ·
1047 2163 1096 2213 εί
1117 2162 1162 2213 δ’
1193 2161 1397 2233 ἀληθὴς
1427 2162 1557 2231 (19),
1582 2164 1755 2231 ἐμαυ-

177 2244 273 2303 τῖν
306 2247 556 2320 μᾶλλονῆ
589 2251 679 2303 τὸν
706 2250 935 2319 λέγοντα
962 2253 1276 2324 αἰτιάσομαι
1306 2253 1457 2324 (παρ’
1482 2252 1616 2323 ἐμοῦ
1644 2253 1753 2323 γάρ

178 2338 378 2409 ἐκείνῳ
405 2340 466 2393 τὸ
485 2341 683 2410 λέγειν,
710 2344 809 2396 οὐκ
829 2344 951 2413 ἐμοὶ
970 2347 1029 2396 τὸ
1051 2340 1187 2398 εἶναι
1221 2344 1443 2414 τοιούτῳ
1466 2342 1577 2416 (20)
1606 2344 1755 2414 παρὰ

178 2431 276 2484 τοῦ
311 2432 603 2504 λέγοντος)·
626 2436 719 2488 xui
743 2433 1117 2507 παραδραμὼν
1143 2436 1240 2498 τὰς
1266 2435 1467 2503 φωνάς,
1499 2434 1570 2497 ὼς
1602 2434 1754 2486 οὐδὲν

178 2522 369 2588 οῦσας,
406 2525 643 2595 ἐμαυτοῦ
683 2528 1002 2598 γενήσομαι,
1036 2526 1193 2579 τοῦτο
1237 2527 1401 2596 μόνον
1422 2524 1598 2577 αὐτῶν
1631 2540 1757 2594 κερ-

179 2615 381 2669 δαίνων
414 2617 513 2687 τῆς
547 2619 866 2690 μοχθηρίας,
908 2618 969 2671 τὸ
1005 2617 1151 2688 βιοῦν
1184 2617 1604 2687 ἀσφαλέστερον.
1628 2615 1756 2686 Τρί-

180 2709 361 2772 τόνδ’,
397 2708 425 2761 ὃ
460 2710 553 2762 xui
592 2711 844 2781 μέγιστον
884 2709 996 2780 ἔχει
1042 2727 1095 2762 τι
1135 2710 1235 2762 καὶ
1263 2708 1693 2779 μεγαλοπρεπὲς,
1721 2710 1754 2777 ὴ

180 2800 441 2872 λοιδορία,
466 2802 545 2854 ὃτι
579 2800 715 2872 μετὰ
739 2801 872 2854 Θεοῦ
904 2799 1368 2872 βλασφημούμεθα
1390 2816 1402 2830 ο
1438 2801 1488 2851 οἱ
1520 2798 1628 2870 γὰρ
1657 2799 1755 2851 αὐ-

180 2893 267 2945 τοὶ
289 2891 520 2963 θεότητά
545 2910 602 2945 τε
631 2891 902 2959 ὰθετοῦσι,
927 2892 1133 2945 καὶτὸν
1151 2892 1394 2960 θεολόγον
1422 2890 1755 2961 ὑϐρίζουσιν.

1854 1702 2072 1768 alliciar,
2102 1705 2214 1759 sive
2253 1707 2495 1760 laudibus
2539 1708 2591 1759 in
2627 1705 2817 1760 coelum
2871 1704 3037 1757 l'erar.
3095 1701 3264 1755 "omo
3308 1716 3405 1752 au-

1853 1803 1954 1847 tem
1982 1804 2170 1849 temere
2217 1797 2380 1850 verbis
2420 1806 2589 1862 natat,
2627 1798 2801 1864 inquit
2829 1797 2927 1850 Joh
2954 1796 3028 1861 ⁹¹;
3059 1808 3121 1847 ac
3153 1799 3409 1861 quantum

1852 1894 2059 1954 petram
2090 1901 2299 1955 spuma,
2332 1895 2424 1941 aut
2460 1888 2666 1956 pinum,
2693 1887 2775 1941 vel
2811 1886 3045 1955 aliquam
3086 1883 3244 1937 aliam
3285 1881 3415 1933 den-

1854 1993 1969 2032 sam
2001 1986 2054 2033 et
2079 1993 2357 2047 proceram
2387 1979 2635 2033 arborem
2664 1994 2830 2043 aurae,
2864 1987 3071 2031 tantum
3108 1988 3193 2029 me
3221 1972 3412 2041 lingure

1862 2066 2264 2132 circumﬂuunt,
2294 2068 2558 2137 simulque
2583 2068 2886 2137 bujusmodi
2922 2067 3173 2135 quiddam
3202 2077 3409 2117 mecum

1859 2168 2237 2214 commentor:
2294 2159 2349 2213 Si
2393 2159 2525 2213 falsa
2574 2160 2758 2227 objicit
2805 2166 3114 2236 accusator,
3171 2171 3275 2209 non
3324 2169 3409 2206 me

1863 2250 2058 2319 magis,
2090 2266 2250 2319 quam
2302 2266 2446 2315 eum,
2487 2252 2577 2321 qui
2626 2251 2885 2321 loquitur,
2923 2249 3012 2303 hic
3045 2262 3223 2303 sermo
3249 2245 3413 2301 attin-

1861 2341 1957 2411 git,
1988 2342 2198 2396 etiamsi
2246 2358 2331 2397 me
2375 2345 2689 2397 nominatim
2731 2342 2992 2397 conviciis
3032 2349 3209 2409 petat;
3244 2340 3287 2393 si
3318 2354 3415 2391 an»

1862 2440 1968 2486 tem
2001 2448 2153 2498 vera,
2191 2434 2455 2504 meipsum
2500 2437 2703 2505 potius,
2753 2450 2914 2504 quam
2940 2449 3082 2500 eum,
3116 2433 3205 2502 qui
3236 2432 3414 2500 loqui;

1857 2532 1970 2591 tur,
2024 2527 2296 2582 accusabo
2344 2527 2395 2599 (a
2446 2544 2531 2583 me
2575 2529 2720 2582 enim
2765 2529 2837 2582 illi
2880 2527 3143 2582 sermonis
3191 2525 3414 2579 materia

1856 2618 2322 2683 subministratur,
2358 2633 2462 2673 non
2506 2630 2686 2673 autem
2724 2619 2869 2673 illius
2913 2632 3092 2673 sermo
3127 2631 3287 2671 causa
3337 2624 3417 2669 est

1857 2702 1953 2762 cur
1987 2708 2106 2763 talis
2136 2710 2259 2778 sim)
2303 2750 2317 2774 ,
2360 2725 2426 2765 ac
2456 2711 2679 2765 vocibus
2709 2709 3014 2779 praeteritis,
3050 2718 3105 2762 ut
3142 2722 3260 2776 qua:
3288 2706 3419 2761 nihil

1855 2799 1986 2864 sint,
2013 2801 2114 2854 mei
2148 2801 2315 2870 ipsius
2354 2817 2469 2865 ero,
2516 2803 2617 2857 hoc
2656 2818 2818 2856 unum
2850 2817 2917 2857 ex
2955 2816 3139 2855 eorum
3164 2798 3417 2869 improbi-

1866 2899 1976 2944 tate
2016 2894 2287 2947 commodi
2329 2896 2570 2963 capiens,
2604 2903 2661 2948 nt
2691 2894 2899 2948 cautius
2928 2894 3087 2946 vitam
3121 2892 3418 2946 instituam.

182 2982 396 3036 Οὐκοῦν
423 2982 626 3037 τούτων
666 2983 819 3036 οὐδὲν
853 2983 1043 3047 δεινὸν,
1083 2982 1187 3035 κᾶν
1226 2983 1274 3036 οἱ
1312 2980 1495 3034 πολλοὶ
1529 2980 1755 3050 νομίζω-

1866 2982 2101 3036 Tertium
2156 2994 2358 3051 autem,
2397 2986 2448 3039 in
2501 3002 2609 3056 quo
2666 2987 2828 3041 etiam
2880 2985 3172 3038 maximum
3221 2981 3424 3050 aliquid

184 3090 310 3128 σιν’
365 3074 478 3127 ἀλλ’
519 3076 600 3128 ὅτι
649 3074 835 3145 μηδεὶς
889 3074 969 3127 ἔτι
1014 3072 1323 3126 πιστεύεται
1368 3072 1555 3134 πιστὸς
1595 3067 1754 3137 εἶναι,

186 3167 324 3238 μηδὲ
353 3169 449 3238 τὴν
476 3168 674 3239 ἀρετὴν
699 3168 918 3236 ἄτεχνος
953 3164 1063 3234 (21)
1099 3165 1192 3219 xui
1222 3164 1424 3234 σκηνῆς
1453 3162 1753 3233 ὲλεύθερος,

186 3260 313 3331 μηδ’
346 3259 412 3313 ἂν
446 3256 702 3332 σφόδραῇ
731 3258 1026 3331 τὴνψυχὴν
1053 3256 1384 3328 ἐρρωμένος,
1416 3254 1508 3307 καὶ
1534 3255 1753 3325 γνήσιος

181 3353 268 3413 εἰς
299 3350 580 3403 εὐσέϐειαν
600 3368 613 3380 ·
652 3350 766 3403 ἀλλ’
796 3352 825 3403 ό
873 3350 970 3421 μὲν
1003 3348 1097 3402 xui
1140 3345 1385 3417 φανερῶς
1420 3344 1607 3409 κακὸς,
1637 3346 1665 3397 ὁ
1699 3345 1755 3397 δὲ

184 3442 415 3511 πλάσμα
446 3444 539 3496 xui
562 3443 758 3513 χρῶμα
794 3442 905 3513 ἔχει
944 3440 1042 3512 τὴν
1078 3440 1394 3503 ἐπιείκειαν,
1427 3439 1515 3493 ἵνα
1550 3438 1754 3509 κλέπτῃ

182 3533 266 3605 τῷ
300 3536 627 3605 φαινομένῳ.

1858 3082 2021 3142 atque
2065 3075 2116 3128 in
2149 3076 2336 3145 primis
2382 3065 2727 3147 magniﬁcum
2754 3078 2916 3131 habet
2949 3076 3063 3130 hcce
3094 3073 3418 3127 maledicen-

1857 3164 1950 3228 tia,
1987 3165 2129 3220 istud
2172 3176 2278 3235 est,
2328 3171 2469 3238 quod
2510 3185 2611 3223 una
2660 3185 2780 3223 cum
2826 3168 2934 3223 Deo
2977 3166 3277 3222 maledictis
3321 3164 3417 3218 im-

1861 3257 2119 3324 petimur.
2156 3259 2321 3314 Iidem
2354 3262 2495 3316 enim
2530 3272 2585 3316 et
2612 3263 2865 3317 deitatem
2903 3260 3174 3331 rejiciunt,
3223 3266 3278 3312 et
3303 3256 3420 3311 dei-

1862 3350 1994 3404 tatis
2040 3367 2341 3421 praeconem
2399 3355 2741 3409 contumeliis
2772 3354 3027 3408 alliciunt.
3063 3349 3418 3417 Quamobrem

1863 3441 1997 3497 nihil
2039 3446 2230 3499 horum
2276 3462 2438 3517 grave
2470 3457 2570 3512 est,
2608 3447 2818 3501 tametsi
2865 3447 2915 3499 id
2951 3445 3191 3514 plerique
3232 3440 3423 3496 existi-

1865 3541 2008 3586 ment
2035 3550 2048 3599 ;
2079 3550 2265 3589 verum
2291 3536 2420 3591 illud
2451 3538 2759 3602 molestum,
2786 3537 2926 3606 quod
2953 3534 3058 3601 jam
3089 3548 3246 3587 nemo
3293 3531 3421 3585 lide-

186 3624 257 3679 lis
292 3635 349 3680 et
374 3626 571 3681 virtute
612 3642 749 3696 srmp
770 3640 860 3690 ex,
906 3634 1068 3695 atque
1121 3641 1148 3677 a
1208 3624 1332 3679 l'uco
1396 3632 1451 3677 et
1490 3620 1830 3677 simulatione
1874 3624 2127 3679 immunis
2170 3610 2293 3681 esse
2338 3628 2612 3691 credatur,
2656 3626 3003 3695 quantumvis
3041 3624 3202 3678 etiam
3250 3622 3423 3675 animi

188 3716 444 3772 ﬁrmitate
474 3732 538 3771 ac
569 3717 776 3771 sincera
805 3717 1004 3785 pietate
1031 3714 1287 3783 praeditus
1350 3716 1453 3781 sit;

1530 3712 1625 3766 sed
1693 3714 1829 3769 alius
1870 3716 2085 3783 quidem
2124 3728 2309 3785 aperte
2348 3734 2560 3788 quoque
2604 3719 2777 3773 malus
2824 3728 2925 3783 est,
2968 3716 3105 3770 alius
3148 3729 3274 3768 vero
3320 3729 3419 3782 pro

185 3809 339 3863 larva
384 3818 590 3862 tantum
626 3819 681 3863 et.
728 3808 907 3865 colore
936 3808 1166 3875 quodam
1197 3822 1405 3861 morum
1438 3804 1751 3860 facilitatem
1798 3808 1977 3871 habet,
2015 3811 2310 3866 utvirtutis
2337 3813 2514 3881 specie
2547 3812 2716 3866 fallat.

262 3901 319 3957 l'.
351 3901 460 3954 Καὶ
485 3901 535 3952 oi
573 3900 669 3969 μὲν
711 3900 772 3952 οὐ
802 3898 1015 3952 δοκοῦσι
1056 3898 1281 3968 μέλανες
1306 3897 1396 3973 διά
1417 3914 1570 3960 τινας
1594 3898 1769 3950 τοιού-

184 4009 352 4057 ’τους⁹
411 3990 530 4044 οὐδέ
577 3991 870 4058 δυσγενεῖς,
922 3990 955 4060 ἢ
1004 3987 1283 4053 δυσειδείς,
1330 3988 1363 4058 ἢ
1408 3986 1685 4059 ἄνανδροι,
1728 3989 1762 4059 ἦ

186 4084 499 4145 ἀκόλαστοι,
532 4082 789 4136 πλειόνων
818 4080 987 4145 οὕτως
1020 4081 1251 4151 ἐχόντων
1277 4097 1293 4112 ·
1326 4079 1460 4134 ἀλλὰ
1495 4081 1614 4134 καθ’
1640 4083 1767 4134 ἐαυ-

185 4180 281 4233 τὸν
315 4177 540 4239 ἕκαστος
586 4176 858 4246 κρίνεται,
913 4174 1007 4227 καὶ
1049 4173 1109 4226 οὐ
1149 4173 1453 4236 κοινοῦται,
1489 4172 1614 4225 οὗτε
1653 4172 1763 4226 τῶν

184 4270 508 4341 ψεγομένων
534 4268 700 4329 οὐδὲν,
737 4266 860 4320 οὐτε
886 4266 991 4319 τῶν
1020 4264 1441 4334 ἐπαινουμένων.
1471 4264 1547 4316 Τὸ
1579 4264 1635 4317 δὲ
1665 4265 1763 4335 τῆς

1938 3901 2005 3955 Χ.
2048 3901 2115 3956 Ει
2160 3913 2310 3958 certe
2338 3918 2443 3957 non
2486 3904 2605 3958 ideo
2649 3903 2830 3957 statim
2874 3916 3060 3957 omnes
3102 3901 3235 3972 nigri
3273 3899 3421 3969 judi-

1867 4004 2082 4061 cantur,
2125 3995 2250 4064 quia
2298 3994 2540 4050 nonnulli
2581 3995 2717 4050 tales
2756 3996 2884 4058 sint,
2915 4009 3013 4057 nec
3040 3992 3302 4064 ignobiles
3331 4001 3425 4046 aut

1873 4085 2166 4150 deformes,
2202 4096 2297 4140 aut
2331 4088 2530 4155 ignavi,
2580 4087 2664 4141 vel
2707 4087 3127 4155 intemperantes
3155 4092 3210 4139 et
3242 4083 3425 4137 libidi-

1866 4181 2009 4242 nosi,
2042 4180 2183 4249 quod
2224 4180 2405 4247 plures
2455 4181 2525 4234 ita
2576 4194 2634 4234 se
2686 4178 2962 4233 habeant:
2994 4192 3177 4232 verum
3220 4190 3317 4245 per
3365 4189 3427 4230 se

1869 4270 2100 4339 quisque
2136 4285 2199 4325 ac
2229 4271 2482 4340 privatim
2520 4271 2860 4339 expenditnr,
2906 4282 3007 4323 nec
3042 4282 3227 4322 eorum
3270 4266 3426 4335 quid-

186 4362 393 4426 κακίας
420 4364 498 4425 εἰς
524 4359 729 4423 πάντας
764 4358 875 4431 (22)
907 4361 1081 4429 χεῖται
1109 4357 1322 4429 ῥᾳδίως,
1347 4356 1441 4410 xui
1468 4357 1618 4427 κοινὴ
1637 4374 1755 4410 κατ-

1875 4377 2056 4430 quam,
2085 4377 2204 4431 qua:
2232 4363 2313 4416 vel
2347 4363 2497 4426 vitio,
2532 4364 2614 4416 vel
2637 4363 2780 4416 laudi
2809 4362 3026 4424 dantur,
3070 4358 3427 4414 communiter

186 4453 396 4524 ηγορία
442 4450 535 4504 τοῦ
565 4449 765 4512 παντὸς
784 4490 799 4511 ,
832 4449 905 4521 μὴ
938 4449 1019 4501 ὅτι
1042 4446 1102 4500 τὸ
1128 4446 1236 4498 τῶν
1264 4444 1491 4508 πολλῶν,
1515 4444 1648 4498 ἀλλὰ
1671 4446 1764 4498 καὶ

189 4543 255 4597 τὸ
291 4541 454 4595 τινῶν
486 4540 714 4609 γίνεται.
750 4538 860 4592 Καὶ
904 4538 964 4590 τὸ
1001 4536 1322 4600 δεινότατον,
1359 4536 1438 4588 ὅτι
1468 4535 1541 4605 μὴ
1574 4534 1765 4606 μέχρις

190 4631 355 4705 ἡμῶν
383 4631 593 4684 ἵσταται
620 4631 799 4701 μόνον,
817 4629 929 4682 ἀλλ’
949 4630 1040 4681 ἐπὶ
1061 4629 1121 4682 τὸ
1153 4628 1293 4699 μέγα
1318 4627 1414 4680 xui
1437 4627 1628 4697 σεμνὸν
1652 4627 1762 4696 (25)

188 4724 353 4796 ἡμῶν
374 4723 633 4777 διαϐαίνει
675 4723 989 4795 μυστήριον.
1016 4721 1135 4773 Τῶν
1161 4719 1269 4791 γὰρ
1292 4718 1361 4772 τὰ
1384 4718 1625 4790 ἡμέτερα
1647 4735 1765 4789 κρι-

189 4819 415 4881 νόντων,
446 4816 475 4869 ὃ
502 4818 633 4869 πᾶσι
669 4814 861 4887 μικροῦ
885 4813 1187 4885 συμϐαίνει,
1208 4815 1319 4875 τοῖς
1342 4811 1452 4865 τῶν
1472 4811 1765 4881 ἀλλοτρίων

190 4912 433 4982 κριταῖς,
461 4909 509 4961 oi
545 4909 641 4979 μὲν
672 4905 929 4969 ἐπιεικῶς
954 4906 1089 4957 εἰσιν
1118 4905 1313 4975 ἥμεροι
1338 4904 1433 4956 xui
1452 4902 1764 4985 φιλάνθρω-

191 5001 389 5069 τεοιμρί
429 4999 489 5052 δέ
532 5000 625 5053 καὶ
666 4998 785 5054 λίαν
812 4998 999 5069 πικροὶ
1029 4998 1123 5052 xui
1174 4982 1511 5066 άγνώμονεξῖ
1548 4982 1629 5047 υἱέ
1670 4982 1766 5065 μὲν

208 5064 245 5073 ,απ
297 5060 371 5067 -ρν

266 5094 313 5126 ⁸³
352 5091 454 5147 Job
493 5109 603 5159 xvr,
629 5095 682 5148 3.

268 5253 381 5325 (Π)
410 5253 629 5325 Βροτρς
668 5255 720 5308 δ’
776 5255 976 5321 ἄλλως
1031 5254 1293 5323 νήχεται.
1330 5253 1452 5308 Haec
1498 5253 1573 5307 sic
1624 5253 1763 5308 Elias

194 5324 472 5391 exponit:
518 5344 536 5376 ι
569 5324 740 5379 Homo
781 5336 981 5379 temere
1035 5325 1348 5378 laudatoriis
1413 5326 1590 5377 verbis
1621 5325 1763 5377 intu-

197 5396 413 5479 mescit,
461 5396 740 5449 attollitur.
781 5414 799 5446 ι
835 5393 972 5449 Hinc
1003 5397 1165 5449 etiam
1213 5394 1391 5449 Schol.
1422 5395 1603 5460 habet,
1635 5394 1765 5464 θρα-

194 5481 442 5517 συνεται.

266 5535 381 5602 (18)
409 5535 774 5602 Κατηγορῶν.
806 5534 863 5587 In
880 5536 1217 5603 quibusdam,
1250 5533 1592 5605 κακηγορῶν,
1624 5551 1642 5584 ‹
1672 5534 1765 5587 de-

198 5612 487 5665 trectator,
526 5606 837 5658 maledicus.
880 5627 898 5655 ι
938 5606 1066 5670 Qua:
1098 5604 1256 5661 lectio
1297 5620 1421 5657 vera
1445 5605 1766 5659 Cotiibelisio

195 5676 438 5747 videtur,
472 5674 601 5747 Reg.
633 5674 821 5747 Cypra,
854 5676 1178 5747 κακήγορος.

267 5742 385 5813 (l9)
428 5742 842 5813 ’Δληθήςζίδίε
876 5742 1018 5817 Reg.
1057 5742 1146 5811 litt,
1192 5755 1245 5802 ct
1293 5746 1383 5802 Or.
1450 5745 1499 5799 1.
1552 5744 1604 5798 In
1652 5744 1764 5810 ed.,

1869 4456 2120 4509 omnibus
2152 4456 2463 4509 attribuitur
2493 4472 2507 4509 :
2551 4454 2637 4507 hic
2681 4462 2871 4507 contra
2918 4451 3104 4504 vitium
3140 4449 3207 4503 ad
3239 4461 3427 4502 onmes

1871 4543 2029 4598 facile
2085 4543 2422 4607 diﬂ‘unditur,
2478 4553 2641 4612 atque
2684 4543 2755 4597 ob
2801 4541 3108 4607 multorum,
3147 4539 3230 4592 vel
3265 4539 3428 4593 etiam

1872 4635 2243 4701 quorumdam
2280 4634 2512 4702 culpam,
2546 4634 2827 4689 universus
2856 4634 2986 4688 ordo
3017 4633 3067 4687 in
3098 4630 3347 4695 invidiam
3374 4635 3431 4683 et

1872 4722 2077 4775 crimen
2108 4731 2350 4779 vocatur.
2382 4724 2641 4793 Quodque
2662 4724 2901 4778 omnium
2932 4721 3303 4791 gravissimum
3325 4728 3428 4783 est,

1873 4812 1985 4867 haec
2014 4814 2326 4869 criminatio
2371 4832 2473 4871 non
2520 4818 2571 4869 in
2621 4816 2774 4871 nobis
2818 4824 3021 4869 tantum
3049 4813 3209 4878 sistit,
3240 4827 3429 4866 verum

1875 4903 1939 4957 ad
1988 4921 2241 4976 magnum
2282 4917 2336 4962 et
2391 4907 2756 4962 venerandum
2812 4915 3056 4961 nostrum
3115 4904 3428 4975 mysterium

1877 4997 2095 5052 transit.
2151 4999 2357 5054 Etenim
2406 5000 2594 5065 exiis,
2645 5002 2733 5071 qui
2767 5013 2851 5054 res
2874 5009 3085 5055 nostras
3123 4995 3431 5065 eXpendunt

1869 5254 2082 5325 ἀληθές.

1940 5326 2048 5393 (20)
2086 5322 2350 5387 Τοιούτῳ.
2379 5319 2544 5393 Coisl.
2587 5319 2639 5393 1,
2666 5317 2890 5393 τοιοῦτο.

1942 5326 2029 5393 (20
2086 5326 2350 5387 Τοιούτῳ.
2379 5326 2544 5374 Cois].
2587 5326 2639 5381 1,
2666 5326 2890 5371 τοιοῦτο.

1942 5326 2052 5517 (2ιέ
2096 5394 2391 5460 Ἂτεχνος.
2451 5389 2585 5457 Reg.
2624 5390 2734 5468 bnl,
2778 5387 3037 5457 ἔντεχνος.
3089 5385 3167 5438 Ad
3206 5399 3371 5452 marg.
3413 5397 3435 5434 τ

1948 5508 1959 5517 .
1987 5484 2010 5517 ε
2050 5480 2233 5517 τεγνος
2264 5464 2357 5514 xui
2390 5460 2522 5517 μηδέ
2556 5475 2776 5517 σκηνης.
2816 5516 2819 5517 ν

1871 5460 1959 5538 γρ.
1987 5460 2233 5538 εᾼῦτεχνος
2264 5464 2357 5538 xui
2390 5460 2522 5531 μηδέ
2556 5460 2776 5538 σκηνῆς.
2801 5516 2825 5538 ι,

1943 5536 2054 5602 (τε)
2112 5522 2229 5599 Ὲιέ
2279 5522 2525 5596 πάφὶτάς.
2600 5522 2731 5598 Reg;
2799 5530 2890 5590 hu,
2961 5534 3015 5581 et
3085 5522 3179 5579 0r.
3240 5523 3292 5588 ι,
3354 5522 3435 5587 είς

1872 5608 2330 5748 πάῖέῧΣεμνόγ.
2375 5672 2506 5740 Reg.
2539 5672 2633 5735 ltu,
2661 5676 2714 5726 et
2753 5667 2846 5726 0r.
2890 5668 2917 5723 1
2982 5664 3297 5737 σεϐάσμιον.
