3914 6404
509 318 650 376 1143

1678 319 1736 376 S.
1777 319 2104 378 GREGORll
2145 318 2492 377 THEOLOGI

3621 329 3736 387 Il“

513 435 682 506 (quod
728 435 795 491 iis
845 436 1098 492 omnibus
1149 450 1286 506 pene
1333 435 1629 504 contingit,
1684 439 1776 507 qui
1815 438 1883 494 de
1921 437 2063 494 rebus

2182 439 2290 512 γὰρ
2319 441 2465 512 ἡμᾶς
2493 439 2690 504 αὐτοὺς
2721 439 3003 506 κακίζουσι
3027 442 3126 513 τῆς
3161 441 3482 514 μοχθηρίας,
3511 443 3744 513 ἀφιέντες

517 528 710 583 alienis
732 528 993 597 judicium
1030 527 1132 581 sibi
1161 528 1461 599 arrogant),
1493 529 1582 584 alii
1615 531 1903 585 admodum
1926 529 2063 584 lenes

2179 532 2241 585 τὸ
2271 532 2445 603 δόγμα
2479 535 2579 604 τῆς
2615 531 2904 603 μέμψεωςο
2947 534 2997 586 οἱ
3038 532 3094 586 δὲ
3133 534 3522 589 καταιτιῶνται
3548 535 3640 589 τὸν
3673 538 3748 591 νό-

507 629 564 672 et
614 620 830 674 humani
872 629 1019 684 sunt,
1060 620 1148 674 alii
1190 636 1448 690 perquam
1502 622 1681 677 acerbi
1726 629 1780 677 et
1829 622 2070 692 maligni.

2183 641 2284 694 μον
2338 624 2524 688 αὑτὸν,
2579 624 2654 687 ὡς
2709 624 2907 688 κακίας
2969 624 3307 692 διδάσκαλον,
3367 629 3463 682 καὶ
3528 627 3752 698 μάλιστα

506 707 586 764 llli
615 711 756 766 enim
805 711 1206 780 improbitatem
1255 723 1496 766 nostram
1533 713 1605 768 ita
1650 715 1978 783 vituperant,
2018 723 2063 767 ul

2178 716 2308 768 ὅταν
2363 715 2473 788 (24)
2511 715 2722 780 πολλοῖς
2744 715 3005 787 ἐντύχωσι
3027 721 3280 790 πονηροῖς
3295 718 3402 772 τῶν
3425 721 3770 794 προστασίας,

506 801 721 855 interim
767 802 887 856 ﬁdei
935 803 1235 857 doctrinam
1281 804 1426 858 omni
1475 803 1897 874 reprehensione
1943 805 2075 860 libo-
2177 806 2494 878 ἠξιωμένων

501 901 659 959 rent;
715 891 768 948 hi
817 903 994 948 autem
1050 893 1104 948 in
1161 894 1331 963 legem
1376 911 1590 965 quoque
1646 898 1852 964 ipsam,
1896 896 2046 966 quasi
2072 897 2185 953 vitii
2229 901 2578 970 magistram,
2614 916 2827 973 culpam
2871 901 3179 969 conferunt,
3223 901 3386 973 idque
3415 903 3750 972 praesertim,

499 997 620 1037 cum
665 983 716 1036 in
765 983 959 1036 multos
1000 983 1270 1052 improbos
1314 985 1585 1040 antistites
1645 986 1957 1042 inciderint.

568 1073 728 1146 42],
763 1073 852 1128 XI.
886 1073 1024 1140 Quid
1059 1076 1195 1137 hare.
1226 1094 1258 1132 0
1292 1079 1414 1144 viri,
1447 1091 1501 1134 et
1529 1081 1768 1149 quandiu
1814 1081 2057 1134 insanie-

498 1183 620 1222 mus
648 1167 671 1220 ?
701 1166 815 1221 Non
841 1168 1031 1222 saltem
1061 1185 1182 1224 sero
1222 1171 1542 1239 sapiemus?
1576 1171 1691 1226 Non
1725 1175 2070 1244 expergisce-

498 1257 662 1311 mur?
709 1257 822 1314 Non
878 1262 1306 1316 erubescemus?
1354 1261 1491 1327 Non,
1528 1265 1571 1318 si
1605 1264 1735 1319 nihil
1764 1265 1930 1331 aliud,
1972 1265 2070 1320 ho-

499 1353 661 1406 stium
694 1363 842 1409 certe
869 1354 1102 1426 linguas,
1126 1370 1245 1424 qua:
1272 1355 1402 1410 falsa
1433 1357 1597 1410 etiam
1638 1356 1867 1411 crimina
1911 1355 2070 1412 facile

497 1441 777 1513 aﬂingunt,
808 1444 1144 1500 vitabimus?
1187 1445 1300 1499 Non
1354 1445 1643 1500 immodico
1680 1445 1805 1499 huic
1838 1453 2062 1498 conten-

503 1535 667 1590 tionis
699 1536 877 1591 studio
914 1537 1074 1592 linem
1101 1537 1481 1604 imponemus?
1508 1534 1623 1589 Non
1648 1549 2061 1603 cognoscemus,

2245 1081 2348 1138 IA'.
2391 1083 2458 1136 Τί
2489 1083 2679 1148 ταῦτα,
2711 1076 2756 1136 ὦ
2788 1079 2958 1148 οὗτοι,
3002 1085 3096 1138 καὶ
3123 1084 3284 1156 μέχρι
3311 1084 3461 1149 τίνος
3487 1103 3502 1150 ;
3540 1086 3618 1139 Οὐ
3654 1103 3752 1140 σω-

2175 1175 2516 1245 φρονήσομεν
2561 1175 2673 1244 (25)
2724 1175 2822 1246 ὀψὲ
2875 1177 3043 1245 γοῦν;
3096 1179 3210 1230 Ούκ
3251 1178 3615 1249 ἐκνήψομενς
3648 1180 3755 1233 Οὐκ

2172 1262 2581 1333 αίσχυνούμεθα
2605 1281 2618 1329 ;
2645 1265 2780 1327 Οὐκ,
2811 1266 2860 1316 εἰ
2897 1265 2971 1335 μή
3007 1283 3058 1318 τι
3088 1264 3236 1329 ἄλλο,
3271 1267 3372 1329 τὰς
3395 1265 3509 1320 τῶν
3546 1267 3753 1338 ἐχθρῶν

2172 1354 2525 1426 φυλαξάμεθα
2575 1355 2847 1424 γλώσσας,
2888 1357 2945 1410 αἳ
2981 1356 3078 1410 καὶ
3114 1356 3182 1410 τὰ
3211 1356 3378 1428 ψευδῆ
3413 1359 3620 1429 ῥᾳδίως
3664 1360 3754 1412 ἑπ-

2172 1445 2529 1517 ηρεάζουσιν;
2564 1447 2638 1499 Ού
2674 1446 2997 1517 παυσόμεθα
3047 1447 3147 1517 τῆς
3194 1448 3336 1517 ἄγαν
3374 1448 3751 1519 φιλονεικίας;

2172 1537 2245 1590 υύ
2282 1536 2622 1608 γνωσόμεθα,
2658 1537 2779 1590 τίνα
2813 1538 2911 1608 μὲν
2944 1538 3077 1608 ἡμῖν
3117 1538 3314 1608 ἐφικτά
3341 1538 3452 1593 τῶν
3485 1536 3750 1610 ζητουμέο

504 1640 752 1694 quaenam
781 1629 1131 1698 quaestiones,
1161 1639 1217 1684 et
1248 1637 1513 1699 quatenus
1567 1643 1595 1680 a
1651 1627 1806 1681 nobis
1860 1625 2062 1695 percipi

2177 1644 2298 1692 νων,
2331 1629 2424 1682 καὶ
2456 1628 2618 1699 μέχρι
2640 1627 2812 1691 τίνος·
2838 1628 2960 1682 τίνα
2987 1629 3044 1682 δὲ
3070 1629 3208 1700 ὑπὲρ
3233 1629 3331 1700 τὴν
3359 1628 3644 1701 ἡμετέραν
3666 1627 3749 1682 δύ-

504 1719 752 1786 possint—,
807 1734 1051 1787 quaenam
1107 1735 1235 1775 vero
1282 1720 1423 1774 vires
1488 1729 1704 1772 nostras
1769 1717 2063 1786 superent?

2177 1734 2368 1792 ναμιν;
2400 1695 2665 1772 Καὶ-τίνα
2701 1720 2800 1790 μὲν
2832 1718 2925 1772 τοῦ
2962 1695 3229 1789 παρόντος
3260 1695 3480 1788 έαιρὸῡ,
3523 1695 3622 1771 παὶ
3654 1717 3746 1788 τῆς

501 1809 754 1876 Quaenam
788 1811 896 1865 sint
921 1810 1079 1879 hujus
1113 1811 1372 1880 temporis
1419 1823 1484 1864 ac
1535 1818 1765 1864 terrente
1794 1808 2070 1865 confusio-

493 1902 601 1969 nis,
629 1917 745 1969 qua:
777 1902 940 1955 menti
987 1911 1183 1957 nostrae
1225 1902 1475 1956 tenebras
1517 1900 1746 1956 offundit
1775 1919 1788 1955 :
1822 1917 2068 1970 quamam

495 2005 674 2048 autem
697 1991 861 2046 futuri
890 1992 1070 2046 saeculi
1129 2001 1185 2048 et
1208 1991 1450 2046 cmlestis
1474 1991 1764 2057 libertatis,
1795 2002 1853 2047 ut
1882 1993 2067 2048 tandiu

493 2084 617 2139 aliis
651 2083 889 2139 contenti
933 2084 1146 2150 simus,
1191 2084 1312 2140 aliis
1358 2099 1488 2139 vero
1536 2100 1853 2155 purgemnr,
1892 2085 2069 2142 donec

491 2177 715 2230 tandem
744 2187 934 2246 postea
961 2176 1344 2244 perfectionem
1375 2177 1761 2246 adipiscamur,
1808 2192 1872 2232 ac
1916 2179 2068 2233 desi-

492 2267 624 2322 derii
655 2266 814 2321 finem
847 2267 1285 2337 consequamur?
1314 2267 1428 2322 Non
1466 2267 1604 2338 apud
1653 2282 1751 2321 nos
1773 2268 1917 2336 ipsos
1952 2269 2067 2324 dis-

488 2371 812 2424 cernemus,
859 2372 1109 2426 quaenam
1163 2371 1232 2411 ne
1272 2357 1564 2426 quarenda
1592 2356 1809 2426 quidem
1847 2358 2066 2413 omnino

489 2449 620 2517 sint,
679 2464 927 2519 quaenam
975 2449 1348 2515 mediocriter,
1404 2463 1651 2518 quamam
1704 2449 2064 2505 contentiosis

489 2541 798 2598 hominibus
824 2541 1168 2597 concedenda
1194 2550 1249 2595 et
1282 2541 1638 2610 relinquenda
1663 2582 1678 2604 ,
1713 2555 1926 2610 quoquo
1949 2557 2065 2596 mo-

496 2633 566 2686 do
589 2647 647 2687 se
668 2633 930 2700 habeant,
964 2641 1152 2703 utpote
1179 2647 1299 2703 quae
1345 2633 1549 2686 nullum
1583 2632 1841 2688 doctrina:
1866 2645 2064 2688 nostra:

489 2724 873 2781 detrimentum
897 2725 1168 2784 aferant?
1208 2723 1468 2790 Quantam
1502 2725 1625 2780 fidei
1657 2725 1781 2790 soli,
1813 2728 2062 2795 quamam

485 2816 647 2872 etiam
681 2817 1188 2873 ratiocinationibus
1232 2817 1484 2872 donanda
1509 2817 1532 2871 ?
1563 2817 1668 2872 Pro
1697 2819 1894 2887 quibus
1914 2819 2065 2873 deni-

2173 1811 2322 1865 κάτω
2351 1810 2666 1880 συγχύσεως
2696 1810 3092 1881 ἐπισκοτούσης
3118 1809 3232 1881 (26)
3261 1812 3326 1880 τῇ
3357 1809 3573 1879 διανοίᾳ
3591 1826 3605 1840 ·
3632 1809 3746 1863 τίνα

2171 1902 2226 1956 δὲ
2251 1902 2344 1956 τοῦ
2378 1901 2664 1974 μέλλοντος
2691 1900 2906 1966 αἰῶνος.
2934 1901 3028 1956 καὶ
3051 1902 3152 1973 τῆς
3176 1900 3386 1955 ἐκεῖθεν
3410 1899 3746 1972 ἐλευθερίας·

2173 1991 2260 2046 ἵνα
2298 1991 2368 2045 τὰ
2403 1992 2500 2063 μὲν
2534 1989 2853 2062 στέργωμεν
2896 1990 3067 2055 τέως,
3098 1992 3211 2054 τοῖς
3243 1990 3300 2043 δὲ
3335 1989 3727 2061 καθαιρῶμεθα

2168 2085 2243 2149 ὡς
2275 2084 2502 2157 ὕστερον
2529 2083 2978 2155 τελεσθησόμενοι
3017 2082 3130 2153 (27)
3159 2083 3254 2136 καὶ
3293 2083 3623 2154 στησάμενοι
3654 2085 3747 2154 τῆς

2171 2177 2444 2245 ὲφέσεως;
2479 2178 2553 2231 Ού
2597 2178 2953 2250 διαιρήσομεν
2986 2177 3044 2229 ὲν
3074 2177 3203 2246 ἡμῖν
3244 2176 3451 2239 αὐτοῖς,
3493 2175 3622 2228 τίνα
3655 2178 3747 2246 μὲν

2167 2267 2289 2321 οὐδὲ
2319 2267 2577 2339 ζητητέον
2606 2267 2942 2330 παντάπασι,
2970 2267 3091 2320 τίνα
3127 2267 3172 2321 δ’
3208 2267 3347 2339 ὑπὲρ
3373 2259 3459 2319 ὧν
3484 2265 3742 2340 μετρίως,

2171 2354 2288 2409 τίνα
2345 2356 2402 2409 δὲ
2457 2357 2837 2428 συγχωρητέον
2901 2357 2996 2411 καὶ
3051 2356 3316 2428 παρετέον
3367 2359 3484 2419 τοῖς
3537 2345 3744 2426 (ptis-Epp

2171 2466 2253 2502 σιν
2278 2448 2413 2519 (28),
2439 2449 2585 2512 ὅπως
2617 2449 2683 2502 ἂν
2713 2449 2809 2520 ἔχῃ
2832 2489 2846 2512 ,
2874 2449 2949 2512 ὼς
2973 2448 3123 2504 οὐδὲν
3151 2450 3242 2506 τὸν
3267 2449 3428 2519 λόγον
3458 2449 3620 2520 ἡμῶν
3649 2467 3748 2502 πα-

2170 2541 2582 2613 ραῆλάπτοντα;
2617 2542 2728 2594 Καὶ
2757 2542 2879 2594 τίνα
2914 2542 3012 2612 μὲν
3045 2543 3110 2612 τῇ
3153 2541 3334 2594 πίστει
3367 2541 3556 2594 δοτέον
3590 2540 3743 2612 μόνῃ,

2165 2635 2288 2688 τίνα
2313 2635 2369 2688 δὲ
2397 2635 2490 2689 καὶ
2521 2638 2634 2698 τοῖς
2669 2634 2982 2704 λογισμοῖςς
3028 2633 3201 2701 Ὑπὲρ
3236 2633 3291 2685 δὲ
3321 2634 3486 2687 τίνων
3526 2634 3621 2686 καὶ
3653 2651 3744 2686 πο-

2165 2729 2430 2800 λεμητέον
2465 2727 2754 2798 ἐκθύμως.
2807 2725 3074 2795 λογικῶς,
3119 2725 3234 2779 ἀλλ’
3267 2726 3367 2796 οὐχ
3415 2724 3742 2788 ὀπλιτικὰς

2165 2821 2240 2874 Τὸ
2261 2820 2367 2890 γὰρ
2395 2821 2489 2874 καὶ
2521 2821 2709 2890 χεῖρας
2737 2818 3035 2890 ἀνταίρειν,
3064 2817 3341 2882 παντελῶς
3375 2817 3483 2882 ἔξω
3501 2817 3600 2888 τῆς
3614 2819 3743 2887 i351:-

486 2925 593 2982 que
640 2912 930 2978 alacriter,
977 2927 1082 2965 non
1137 2909 1282 2965 ferro
1333 2920 1388 2966 et
1435 2910 1644 2976 armis,
1694 2911 1786 2965 sed
1834 2911 2063 2966 rationi-

2177 2913 2330 2984 τέρας
2362 2911 2559 2982 αὐλῆς,
2601 2911 2696 2963 καὶ
2729 2913 2842 2973 τοῖς
2884 2907 3133 2980 μισοῦσιν
3168 2911 3316 2980 ἡμᾶς
3348 2911 3739 2982 ἀπορριπτέον.

483 3004 589 3058 bus
652 3004 1058 3074 pugnandum?
1107 3003 1242 3059 Nam
1321 3004 1578 3059 adversas
1652 3019 1868 3074 quoque
1926 3021 2117 3064 manus
2171 3006 2441 3072 auellere,
2494 3017 2717 3073 prorsus
2775 3017 2805 3055 a
2861 3001 3018 3054 caula
3087 3013 3273 3056 nostra
3327 3001 3572 3057 aliettum
3627 3011 3742 3069 est,

482 3104 644 3165 atque
690 3094 791 3158 iis,
827 3095 917 3164 qui
963 3094 1122 3150 nobis
1164 3089 1356 3148 infensi
1418 3101 1580 3158 sunt,
1640 3094 2025 3164 ahjiciendum.

553 3186 669 3242 λιι.
699 3186 816 3242 Νοη
849 3203 1008 3241 unam
1050 3187 1194 3242 hanc
1222 3185 1441 3251 pietatis
1475 3186 1716 3257 regulam
1746 3189 1902 3243 nobis
1927 3203 2053 3258 pro-

2231 3189 2330 3242 IB'.
2391 3187 2502 3258 Οὐχ
2557 3185 2656 3240 ἕνα
2715 3187 2814 3256 μὲν
2875 3189 3002 3260 ὅρον
3062 3186 3347 3252 εὐσεϐείας
3401 3187 3743 3259 ἡγησόμεθα.

478 3283 712 3352 positam
741 3297 862 3337 esse
899 3281 1184 3344 ducemus,
1209 3289 1269 3333 ut
1299 3278 1543 3346 Patrem,
1574 3279 1770 3336 Filium
1803 3293 1857 3337 et
1882 3281 2056 3352 Spiri-

2177 3281 2490 3353 ιτροσκυνεῖν
2538 3277 2796 3349 Πατέρα,
2847 3278 2943 3331 καὶ
2989 3278 3140 3341 Υίὸν,
3188 3277 3375 3330 καὶτὸ
3420 3277 3650 3349 Πνεῦμα
3688 3280 3746 3331 τὸ

480 3385 596 3429 tum
639 3384 909 3440 sanctum,
944 3389 1106 3428 unam
1139 3372 1190 3428 in
1221 3371 1391 3428 tribus
1423 3375 1669 3443 personis
1700 3375 1962 3430 deitatem
2005 3383 2063 3430 et

2177 3370 2318 3438 ἱγιον
2363 3368 2497 3440 (29),
2530 3367 2628 3438 τὴν
2669 3367 2798 3438 μίαν
2841 3369 2898 3422 ὲν
2931 3370 3045 3432 τοῖς
3085 3369 3234 3440 τρισὶ
3277 3367 3516 3439 θεότητά
3553 3385 3614 3421 τε
3657 3370 3746 3422 καὶ

479 3467 783 3536 potentiam
821 3467 1130 3528 adoremus,
1164 3464 1297 3519 nihil
1326 3465 1758 3533 supercolentes,
1800 3481 1898 3522 nee
1929 3467 2060 3521 sub-

2177 3459 2411 3530 ἰύναμιν,
2443 3457 2609 3530 μηδὲν
2634 3458 3052 3530 ύπερσέὸοντες,
3087 3459 3220 3531 μηδὲ
3245 3459 3614 3525 ὐποσέὸοντες
3639 3460 3744 3529 (50)

483 3561 764 3625 colentes;
792 3560 947 3631 (libet
997 3560 1142 3617 enim
1186 3560 1432 3617 nonnihil
1471 3575 1566 3615 eos
1602 3559 1828 3622 imitari.
1853 3558 1946 3630 qui
2004 3560 2058 3615 in

2177 3552 2305 3604 ’ἶνα
2355 3550 2551 3624 μικρόν
2599 3568 2652 3604 τι
2701 3552 2796 3605 καὶ
2845 3551 3008 3616 αὐτὸς
3058 3552 3394 3623 μιμήσωμαι
3445 3554 3580 3623 τοὺς
3623 3553 3747 3626 περὶ

484 3654 576 3709 his
610 3654 773 3708 rebus
811 3654 1089 3723 sapienter
1115 3669 1173 3709 se
1202 3664 1425 3724 gerunt;
1474 3653 1706 3709 alterum
1757 3653 1906 3708 enim
1956 3654 2059 3709 im-

2177 3641 2334 3696 ιαῦτα
2367 3639 2565 3710 σοφούς
2585 3657 2598 3671 ·
2629 3641 2691 3694 τὸ
2727 3641 2826 3712 μὲν
2856 3649 2966 3713 γαρ
3003 3640 3286 3705 ἀδύνατον,
3319 3642 3384 3696 τὸ
3413 3641 3473 3695 δὲ
3508 3643 3744 3712 ἀσεϐὲς),

479 3744 759 3816 possibile,
790 3745 1018 3802 alterum
1064 3746 1331 3802 nefarium
1387 3757 1442 3803 et
1496 3746 1720 3816 impium
1752 3745 1911 3818 est;)
1962 3759 2062 3800 nec

2177 3733 2299 3806 μηδὲ
2336 3731 2565 3805 μέγεθος
2596 3732 2654 3786 ἓν
2683 3732 2962 3803 ὀνομάτων
2997 3732 3279 3803 καινότησι
3315 3733 3744 3799 διακόπτοντες;

481 3836 912 3907 magnitudinem
969 3854 1130 3892 unam
1181 3853 1278 3907 per
1325 3839 1608 3894 nominum
1643 3839 1934 3893 novitatem
1975 3837 2058 3892 di-

2177 3826 2326 3880 aestv
2358 3826 2467 3898 γὰρ
2517 3824 2709 3879 ἑαυτοῦ
2744 3825 2949 3895 μεῖξον,
2989 3826 3022 3897 ἦ
3069 3825 3311 3880 ἔλαττον.
3357 3826 3573 3879 Τούτου
3616 3826 3744 3894 γοῦν

484 3930 846 3984 scihdentes?
899 3929 1014 3985 Non
1048 3931 1193 3986 enim
1217 3932 1513 4002 quidquam
1543 3931 1723 4001 seipso
1753 3929 1929 4001 majus
1967 3939 2063 3985 aut

2177 3919 2488 3992 ὒρισμένου,
2522 3919 2618 3973 καὶ
2643 3917 2810 3972 τᾶλλα
2841 3919 3230 3990 ὁμονοήσομεν,
3263 3921 3313 3972 οἱ
3340 3919 3479 3987 γοῦν
3511 3920 3614 3990 τῆς
3644 3919 3741 3973 αὐ-

489 4023 669 4076 minus
693 4032 796 4077 est.
832 4023 944 4078 lloc
975 4024 1172 4094 quippe
1201 4026 1378 4094 posito
1419 4034 1474 4080 et
1503 4025 1820 4089 constituto,
1850 4023 2061 4078 caeteris

2177 4013 2259 4084 πῆς
2285 4012 2550 4084 Τριάδος,
2582 4014 2675 4066 καὶ
2705 4011 2798 4066 τοῦ
2829 4010 2994 4066 αὐτοῦ
3028 4011 3215 4083 σχεδὸν
3242 4013 3526 4083 δόγματός
3564 4029 3624 4065 τε
3655 4013 3746 4066 καὶ

483 4113 729 4166 etiamin
757 4112 918 4168 rebus
945 4115 1374 4179 consentiemus,
1423 4114 1613 4168 saltem
1670 4113 1760 4182 qui
1809 4113 2057 4168 eamdem

2177 4105 2438 4176 πώματοςο
2477 4105 2575 4168 τάς
2605 4121 2664 4156 τε
2692 4102 2950 4176 περιττὰς
2995 4104 3087 4156 καὶ
3115 4104 3423 4174 ἀχρήστους
3450 4105 3744 4176 παραφυά-

488 4204 818 4259 Trinitatem
867 4206 1124 4273 colimus,
1154 4215 1321 4278 atque
1354 4206 1595 4277 ejusdem
1627 4221 1764 4277 pene
1796 4207 2062 4276 dogmatis

2177 4201 2256 4264 ῑας
2295 4200 2390 4253 καὶ
2426 4197 2758 4270 παρεξόδους
2811 4197 2920 4251 τῶν
2953 4195 3049 4250 νῦν
3083 4195 3438 4267 ζητημάτων.
3475 4195 3670 4268 ὥσπερ
3695 4213 3748 4249 τι

483 4308 540 4352 et
567 4300 811 4369 corporis
839 4314 1062 4366 sumus,
1095 4314 1159 4355 ac
1191 4299 1500 4369 superﬂuos
1550 4309 1606 4355 et
1655 4299 1876 4354 inutiles
1911 4314 2060 4368 qua:-

2177 4293 2376 4363 θόσημα
2404 4291 2583 4345 κοινὸν
2614 4290 2746 4361 (51),
2789 4288 3095 4360 ὲκκόψομέν
3121 4306 3181 4341 τε
3220 4289 3316 4343 καὶ
3347 4290 3746 4360 ἀναιρήσομεν.

483 4392 720 4447 stionum
771 4391 995 4460 hujusce
1048 4393 1385 4463 tempestatis
1437 4392 1680 4448 stolones
1707 4408 1771 4447 ac
1797 4390 2057 4457 deflexus,

2177 4387 2235 4438 Ἦ
2261 4385 2360 4439 ούκ
2383 4385 2542 4456 ἢρκει
2579 4401 2668 4454 μοι
2699 4382 2788 4451 (τὰ
2818 4382 2927 4452 γὰρ
2955 4381 3036 4435 ἔτι
3068 4381 3181 4454 (ὖὶ)
3214 4381 3509 4455 πόρρωθεν
3557 4382 3632 4436 ἐῶ
3662 4381 3749 4434 λέ-

484 4494 742 4554 tanquam
775 4500 1114 4539 communem
1155 4483 1444 4554 quemdam
1471 4484 1744 4550 morbum,
1772 4483 2058 4539 exscinde-

2177 4478 2314 4550 raw)
2370 4477 2432 4530 τὸ
2458 4473 2739 4531 Μοντανοῦ
2771 4473 3010 4544 πονηρὸν
3040 4473 3262 4546 πνεῦμα
3289 4472 3434 4527 κατὰ
3460 4473 3560 4527 τοῦ
3588 4473 3746 4543 ἁγίου

483 4587 630 4640 mus,
661 4589 726 4629 ac
769 4576 838 4630 de
879 4574 1056 4630 medio
1105 4574 1371 4630 tollemus.
1405 4575 1487 4630 An
1539 4588 1690 4639 vero,
1721 4583 1895 4639 utea,
1935 4586 2056 4642 qua:

2177 4568 2504 4641 Πνεύματος,
2563 4569 2658 4621 καὶ
2710 4566 2744 4637 ἡ
2793 4563 3038 4618 Νοδάτου
3099 4567 3208 4637 (55)
3275 4564 3587 4638 θρασύτης,
3647 4556 3743 4618 εἰτ’

554 4753 812 4845 (ειγῖιςαι
837 4751 1104 4822 μάλιστα
1127 4753 1290 4807 ὅταν.
1315 4751 1406 4808 Sic
1425 4750 1559 4821 Reg.
1587 4749 1680 4806 hu.
1708 4750 1763 4805 ln
1821 4751 1932 4815 ed.,
1965 4750 2062 4804 καὶ

485 4823 702 4895 μάλισθ’
735 4825 883 4878 ὅταν.

517 4965 526 4968 Α
556 4895 670 4968 (25)
696 4891 1200 4968 Σωφρονήονομεν.
1228 4891 1362 4962 Reg.
1380 4893 1982 4968 hm._au)t_ppquawpey,
2009 4900 2064 4946 et

483 4960 574 5036 sic
590 4960 866 5036 deinceps,
893 4960 1289 5036 ὲπνήψωμεν...
1311 4960 1742 5034 ἔρυλαξὼ.μεθα..ῖ
1765 4960 2068 5032 παυσώμεο

482 5034 594 5089 θα..
606 5077 619 5091 .
651 5033 1010 5106 γνωσώμεθα.

557 5101 674 5176 (9.6)
717 5101 1215 5176 Ἐπιὸνκοτούσης.
1245 5102 1337 5160 Sic
1362 5101 1531 5175 Regg.
1563 5104 1675 5170 bm,
1711 5103 1804 5159 hu.
1845 5102 1902 5157 In
1953 5103 2066 5170 ed.,

483 5173 911 5244 ἐπισκοπούσης.

557 5246 668 5319 (2])
727 5240 1259 5319 Τελεσθησόμεωι.
1311 5244 1404 5319 Sic
1441 5242 1652 5319 plures
1678 5243 1872 5314 Regg..
1903 5240 2067 5319 Coisl.

485 5319 538 5399 1.,
757 5317 804 5370 1.
848 5313 985 5372 Male
1049 5313 1102 5371 in
1156 5317 1268 5383 ed.,
1327 5313 1840 5386 τελευσθησόμενοι,
1898 5333 1916 5366 ι
1967 5315 2069 5369 ini-

482 5389 678 5528 mal‘g‘).
709 5405 1009 5528 ἒΐαρετέον
1036 5455 1162 5523 τοῖς
1195 5453 1519 5526 φιλέρισιν.
1577 5452 1668 5508 Sic
1699 5455 1904 5524 optime
1922 5453 2059 5577 Reg.

485 5537 581 5577 hit.
628 5525 720 5577 Or.
754 5530 806 5577 1.
834 5526 968 5577 .les-.
1006 5538 1113 5577 etc.
1156 5528 1210 5577 In
1235 5528 1345 5577 ed_.
1390 5525 1761 5577 παραιτητέον
1797 5527 1911 5577 τοῖς
1940 5543 2000 5577 τοι
2033 5552 2059 5566 -

485 5525 582 5589 nu,
628 5525 720 5582 Or.
754 5525 811 5594 1,
834 5526 968 5593 .les.,
1006 5538 1113 5582 etc.
1156 5525 1210 5582 In
1235 5528 1346 5592 ed.,
1390 5525 1761 5602 παραιτητέον
1797 5527 1911 5590 τοῖς
1940 5525 2059 5596 φιλ-

702 5668 772 5743 Τᾲ
793 5668 1034 5743 Πνεῦμα
1054 5666 1121 5721 τὸ
1145 5667 1334 5743 ἔτιον.
1351 5668 1442 5725 Sic
1466 5669 1631 5743 Regg.
1658 5664 1861 5739 plures,
1882 5665 1971 5724 0r.
2003 5667 2054 5735 1,

481 5737 586 5796 etc.
619 5737 673 5793 In
701 5738 810 5806 ed.,
840 5739 931 5792 καὶ
961 5739 1111 5808 ἀγιον
1142 5737 1386 5810 Πνεῦμα.

2239 4749 2352 4819 (50)
2381 4747 2588 4817 Μηδὲν
2627 4746 3087 4817 ὺπερσέὅοντες,
3122 4745 3277 4819 μηδὲ
3311 4746 3746 4819 ὐποσέϐρντες.

2171 4817 2263 4874 Sic
2312 4817 2442 4889 lleg.
2478 4821 2646 4880 hu,et
2671 4821 2764 4875 0r.
2799 4822 2850 4873 1.
2901 4819 2956 4871 In
2993 4821 3116 4889 ed.,,
3155 4817 3274 4888 μηδ’
3319 4817 3746 4888 ὑπερσέϐοντες,

2174 4890 2320 4962 μηδ’,
2361 4887 2476 4962 etc.
2516 4889 2809 4962 Gregorius
2857 4887 3164 4962 hi_s_verbis
3197 4887 3518 4956 perstringit
3564 4889 3748 4962 Enno-

2172 4957 2360 5028 inium,
2387 4960 2480 5029 qui
2526 4957 2724 5028 gradus
2777 4959 2832 5014 in
2884 4957 3151 5029 Trinitate
3188 4967 3411 5029 conatus
3467 4969 3552 5013 est
3584 4960 3747 5011 indu-

2170 5045 2316 5096 cere,
2349 5027 2559 5087 docens
2607 5049 2626 5081 ι
2668 5029 2882 5085 Patrem
2935 5027 3302 5083 excellentiori
3345 5029 3520 5090 cultu,
3571 5031 3682 5082 iam

2171 5047 2316 5096 cere,
2357 5047 2559 5087 docens
2607 5049 2626 5081 (
2668 5047 2882 5085 t'atrent
2935 5047 3302 5083 θιεειιεηιιοτι
3345 5047 3520 5090 CIIII",
3571 5047 3682 5082 Dm

2171 5101 2372 5164 σέϐειν,
2433 5100 2807 5166 adorandum;
2836 5098 3076 5155 inferiori
3115 5113 3264 5163 vero,
3301 5098 3624 5160 ὑποσέὁειν.

2167 5170 2299 5225 lium
2333 5187 2396 5226 ac
2425 5170 2684 5240 Spiritum
2715 5178 2984 5226 sanctum.
3025 5186 3063 5240 »ί
3088 5169 3194 5223 Sed
3240 5171 3474 5240 impium
3505 5181 3616 5234 est,
3657 5171 3749 5223 ho-

2171 5255 2355 5296 norem
2392 5238 2479 5296 vel‘
2525 5242 2863 5310 ampliorem,
2887 5241 2972 5311 yet
2997 5239 3259 5294 minorem
3289 5239 3355 5292 iis
3379 5238 3627 5308 deferre,
3657 5242 3748 5311 qui

2169 5313 2401 5365 essentia
2437 5321 2490 5366 et
2527 5308 2716 5364 natura
2749 5328 2850 5365 non
2874 5308 3151 5364 dilferunt.

2239 5382 2608 5450 (51)](οινόν.
2636 5381 2769 5450 Reg.
2802 5396 2852 5446 a,
2890 5380 3094 5450 καινόν,
3125 5400 3143 5431 ι
3171 5394 3385 5450 norum.
3421 5399 3443 5433 ι

2237 5449 2350 5516 ('52)
2375 5454 2516 5505 Ἔτι.
2543 5451 2634 5507 Sic
2657 5449 2820 5507 ϐάξει.
2846 5452 2898 5516 t,
2939 5460 2992 5505 ct
3014 5449 3108 5506 Or.
3139 5450 3189 5506 ι.
3232 5449 3390 5504 Deest
3423 5453 3480 5505 in
3509 5468 3579 5508 ea

2237 5519 2349 5594 (55)
2395 5521 2681 5594 Νοϐάτοο.
2736 5521 2828 5594 Sic
2885 5521 3015 5594 Reg.
3064 5520 3198 5594 Cyp.
3265 5519 3320 5574 In
3356 5522 3503 5594 ed.,
3555 5521 3747 5575 Ναυάο

2167 5589 2283 5648 του.
2317 5591 2393 5648 De
2419 5591 2656 5648 Montani
2679 5601 2732 5646 et
2766 5589 3265 5660 Novati'erroribus
3285 5591 3394 5660 agit
3425 5593 3746 5660 Theologus

2167 5611 2283 5648 του.
2319 5604 2393 5648 Ue
2421 5604 2656 5648 Montani
2679 5604 2732 5646 et
2767 5604 2958 5647 Novati
2987 5604 3265 5646 erroribus
3285 5604 3394 5714 agit
3425 5604 3740 5660 'l‘neologus

2166 5663 2219 5718 in
2258 5663 2352 5719 Or.
2391 5680 2517 5727 xxv,
2551 5665 2606 5717 in
2659 5661 2870 5716 laudem
2897 5659 3144 5715 Hieronis
3170 5702 3185 5728 ,
3223 5677 3277 5715 η.
3355 5660 3424 5726 5;
3453 5663 3740 5720 Νοτιειίααὶ

2171 5753 2192 5789 ι
2237 5735 2526 5803 Catharos,
2563 5754 2583 5790 ι
2623 5747 2718 5790 seu
2759 5750 2779 5785 ι
2813 5747 2976 5804 puros
3013 5749 3035 5785 ι
3068 5746 3126 5788 se
3157 5731 3445 5789 vocabant.
