3914 6404
136 382 280 437 1145

1268 377 1530 437 ORATIO
1566 377 1729 435 XXII.
1771 409 1843 421 —
1880 379 1968 435 DE
2005 379 2184 437 PACE
2226 381 2288 437 ll.

3253 384 3395 441 1116

131 497 225 559 οὖν
261 501 374 572 (54)
420 500 730 572 ἀκάθαρτος
767 498 1096 571 καθαρότης,
1122 501 1188 571 τῇ
1220 502 1313 554 τοῦ
1358 501 1599 572 ῥήματος
1628 500 1710 554 ei»

1820 503 1995 557 adhuc
2038 502 2253 572 longius
2294 510 2498 557 remota
2530 511 2674 569 sunt,
2710 509 3067 572 praeteream,
3119 516 3222 557 non
3261 504 3392 561 mihi

133 595 373 668 πρεπείᾳ
398 597 523 659 τοὺς
552 594 780 658 πολλοὺς
799 591 1147 656 δελεάζουσα·
1173 594 1316 665 καὶή
1344 593 1571 666 Φρυγῶν
1599 592 1714 665 (35)

132 689 299 753 εἰσέτι
331 690 423 742 καὶ
454 688 547 741 νῦν
591 689 778 760 μανία,
812 687 1108 742 τελούντων
1152 704 1214 740 τε
1247 689 1342 740 καὶ
1379 686 1715 757 τελουμένων

133 779 336 852 μικροῦ
380 783 491 844 τοῖς
526 780 778 843 παλαιοῖς
811 780 1203 852 παραπλήσια’
1252 781 1347 832 καὶ
1391 781 1425 849 ἡ
1459 777 1715 832 Γαλατῶν

128 873 289 927 ἄνοια
332 873 445 945 (56)
506 873 878 927 πλουτούντων
933 875 991 926 ὲν
1041 871 1258 935 πολλοῖς
1308 872 1409 942 τῆς
1457 870 1715 933 ἀσεϐείας

128 965 379 1035 ὀνόμασι,
416 966 510 1018 καὶ
538 967 571 1035 ἡ
604 964 894 1018 Σαϐελλίου
927 964 1262 1034 συναίρεσις,
1291 961 1387 1015 καὶ
1412 963 1445 1031 ἡ
1502 959 1713 1031 Ἀρείου

128 1059 434 1131 διαίρεσις,
484 1059 579 1112 καὶ
620 1061 653 1129 ἡ
698 1058 807 1111 τῶν
852 1056 945 1111 νῦν
994 1054 1265 1126 σοφιστῶν
1299 1054 1411 1123 (57)
1463 1052 1714 1107 ἐντεῦθεν

126 1152 541 1225 ὑποδιαίρεσις,
573 1151 825 1205 τοσοῦτον
871 1150 1272 1221 διαφερόντων,
1325 1149 1447 1203 ὅσον
1492 1146 1713 1216 γλῶσσα

124 1245 291 1309 λάλος
343 1247 442 1316 τῆς
488 1244 831 1316 ἀργοτέρας;
897 1242 1037 1296 Ἀλλ’
1089 1241 1170 1295 ἔτι
1217 1241 1312 1295 καὶ
1362 1242 1524 1311 ἡμεῖς
1575 1239 1712 1311 πρὸς

121 1340 279 1409 ἡμᾶς
307 1340 504 1402 αὐτοὺς
537 1337 723 1408 σχεδόν
769 1355 820 1391 τι
855 1334 1246 1407 διαφερόμεθα,
1288 1334 1337 1387 οί
1367 1334 1496 1405 περὶ
1526 1332 1588 1386 τὸ
1617 1350 1711 1387 κε-

124 1431 360 1500 φάλαιον
388 1430 740 1500 ὑγιαίνοντες,
775 1430 870 1483 καὶ
899 1428 1039 1501 ὑπὲρ
1074 1426 1186 1481 τῶν
1223 1426 1403 1481 αὐτῶν
1441 1427 1536 1480 καὶ
1573 1427 1712 1499 πρὸς

122 1524 254 1588 τοὺς
279 1524 478 1587 αὐτοὺς
506 1522 906 1587 στασιάζοντες.

195 1790 305 1845 1Γ⁴.
334 1787 492 1858 Λέγω
523 1788 589 1863 δὴ
623 1788 722 1860 τὴν
771 1786 999 1860 ἔναγχος
1028 1790 1160 1861 ἡμῖν
1190 1790 1571 1844 ὲπαναστᾶσαν
1612 1790 1705 1855 ζυ-

117 1881 404 1953 γομαχίαν
432 1881 729 1953 ἀδελφικὴν
768 1880 918 1952 (58),
949 1880 1008 1948 ἐξ
1046 1878 1112 1955 ἧς
1141 1883 1235 1935 καὶ
1265 1881 1398 1946 θεὸς
1443 1883 1709 1953 ἁτιμάζε-
1743 1866 1786 1923 Β

116 1992 210 2027 ται
245 1973 380 2045 (59),
412 1974 505 2028 καὶ
531 1972 841 2044 ἄνθρωπος.
883 1973 941 2027 '0
975 1973 1074 2044 μὲν
1102 1974 1223 2028 οὐδὲ
1254 1974 1539 2046 γεννηθεὶς
1574 1976 1713 2048 ὑπὲρ

113 2066 287 2137 ἡμῶν
333 2066 492 2130 ὅλως,
544 2066 667 2120 οὐδὲ
711 2064 789 2136 τῷ
834 2065 1055 2139 σταυρῷ
1106 2048 1508 2140 προσῆλωθείς·
1554 2067 1713 2139 δῆλον

112 2158 195 2226 δὲ,
234 2160 320 2213 ὅτι
346 2160 467 2212 οὔτε
496 2160 708 2229 ταφεὶς,
743 2157 867 2214 οὔτε
897 2158 1157 2223 ἀναστὰς,
1194 2161 1222 2213 ὅ
1254 2177 1398 2214 τισιν
1428 2159 1574 2227 ἔδοξε
1603 2160 1712 2216 τῶν

110 2250 312 2313 κακῶς
370 2250 763 2321 φιλοχρίστων·
814 2252 931 2305 ἀλλ’
986 2251 1221 2306 ἐνταῦθα
1260 2251 1375 2323 (40)
1426 2253 1585 2324 μόνον
1632 2271 1713 2307 τι·

114 2342 402 2415 μώμενος,
452 2338 512 2398 οὗ
555 2344 617 2396 τὸ
654 2346 755 2414 τῆς
799 2344 963 2415 τιμῆς
1007 2343 1200 2414 ἀτιμία
1240 2342 1544 2415 καθέστηκε
1577 2343 1709 2415 (41),

110 2437 214 2489 καὶ
247 2436 342 2489 διά
372 2435 530 2490 τοῦτο
559 2438 638 2500 είς
678 2436 771 2489 δύο
805 2437 955 2500 υἱοὺς
994 2437 1346 2508 τεμνόμενος,
1391 2436 1425 2507 ἢ
1465 2436 1710 2490 συντιθέ-

115 2545 289 2598 μενος
308 2545 323 2559 ·
383 2531 412 2581 ὁ
450 2527 507 2581 δὲ
535 2529 595 2581 οὐ
628 2529 829 2591 τελέως
862 2528 1414 2600 προσλαμϐανόμενος
1434 2569 1448 2594 ,
1476 2527 1510 2600 ἢ
1540 2528 1713 2600 τιμώ-

112 2638 322 2691 μενος,
384 2620 520 2674 ἀλλὰ
568 2620 645 2691 τῷ
705 2621 946 2693 μεγίστῳ
1009 2622 1558 2694 παραρῤιπτούμενος
1617 2622 1712 2676 καὶ

110 2713 586 2784 ἀποξενούμνος,
631 2715 788 2785 εἴπερ
824 2713 1077 2785 μέγιστον
1124 2716 1180 2767 ἐν
1219 2713 1506 2785 ἀνθρώπου
1548 2713 1710 2783 φύσει

105 2809 172 2860 τὸ
198 2809 333 2861 κατ’
361 2807 566 2873 εἰκόνα,
608 2808 701 2860 καὶ
733 2809 765 2878 ἡ
802 2807 894 2860 τοῦ
939 2806 1030 2860 νοῦ
1060 2806 1306 2878 δύναμις.
1353 2808 1551 2879 Ἐχρῆν
1576 2808 1706 2878 γὰρ,

104 2901 313 2972 ἐπειδὴ
348 2899 539 2971 θεότης
575 2901 782 2971 ἥνωται
823 2898 959 2971 (42),
991 2899 1319 2971 διαιρεῖσθαι
1362 2898 1461 2971 τὴν
1493 2900 1707 2971 ἀνθρω-

104 2994 370 3064 τιότητα,
406 2992 502 3046 καὶ
547 2992 675 3064 περὶ
716 2992 807 3044 τὸν
845 2990 969 3045 νοῦν
1008 2990 1343 3063 ἀνοηταίνειν
1374 2992 1501 3055 τοὺς
1539 2991 1708 3046 τᾶλλα

104 3085 352 3155 σοφούς·
402 3085 497 3139 καὶ
533 3084 607 3156 μὴ
638 3084 758 3138 ὅλον
799 3101 866 3154 με
911 3083 1197 3149 σώζεσθαι,
1237 3084 1357 3138 ὅλον
1402 3084 1707 3138 πταίσαντα

103 3182 210 3233 καὶ
253 3178 664 3252 κατακρεθέντα
713 3181 778 3231 ὲκ
832 3178 931 3248 τῆς
980 3176 1073 3231 τοῦ
1116 3177 1544 3250 πρωτοπλάστου
1594 3178 1703 3252 (45)

102 3272 437 3344 παρακοῆς.
480 3271 573 3324 καὶ
606 3269 811 3341 κλοπῆς
860 3268 954 3322 τοῦ
1012 3270 1421 3339 ἀντικειμένου·
1453 3271 1529 3335 ὼς
1560 3271 1709 3325 ἐλατ-

102 3363 353 3417 τοῦσθαι
387 3360 463 3432 τῷ
505 3360 601 3432 μὲν
640 3360 761 3430 Θεῷ
806 3360 921 3435 τὴν)
932 3359 1120 3431 χάριν,
1151 3362 1282 3431 ἡμῖν
1307 3360 1364 3414 δὲ
1394 3361 1492 3433 τὴν
1532 3379 1706 3433 σωτηο

105 3458 270 3529 ρίαν.
293 3457 373 3510 Οὐ
406 3455 565 3527 μόνον
594 3454 670 3519 δὲ,
705 3453 821 3508 ἀλλ’
850 3454 929 3507 ὅτι
954 3454 1047 3507 καὶ
1083 3454 1223 3525 ὑπὲρ
1248 3453 1549 3524 ἀνθρώπων
1575 3457 1705 3526 ἡμῖν

101 3554 133 3606 ὁ
166 3551 421 3620 πόλεμος
445 3552 555 3612 τοῖς
583 3549 733 3619 παρά
758 3547 892 3602 Θεοῦ
924 3547 1306 3618 σεσωσμένοις,
1335 3549 1429 3602 καὶ
1453 3548 1705 3602 τοσοῦτον

97 3642 171 3695 τὸ
216 3641 418 3713 περιὸν
458 3641 589 3712 ἡμῖν
629 3638 723 3693 τοῦ
768 3638 1118 3705 στασιώδους,
1152 3639 1292 3693 ὥστε
1326 3642 1420 3693 καὶ
1448 3644 1569 3705 ταῖς
1597 3641 1706 3696 τῶν

98 3735 302 3790 ἄλλων
340 3732 673 3804 φιλοτιμίαις
716 3731 874 3785 τοῦτο
904 3733 1236 3805 ἐχρήσαμεν,
1272 3732 1367 3785 καὶ
1401 3733 1541 3805 ὑπὲρ
1592 3732 1701 3805 (44)

97 3826 422 3898 ἀλλοτρίων
453 3824 657 3897 θρόνων
688 3824 821 3887 ἰδίας
854 3823 1052 3895 ἔχθρας
1083 3822 1486 3895 ἀναιρούμεθω
1519 3823 1613 3876 δύο
1642 3823 1709 3876 τὰ

102 3920 369 3991 μέγιστα
393 3918 520 3989 περὶ
553 3917 609 3970 ἓν
636 3918 1125 3988 ἐξαμαρτάνοντες,
1152 3918 1377 3970 ἐκείνων
1399 3934 1458 3969 τε
1490 3916 1549 3969 τὸ
1587 3916 1709 3985 φίλ-

95 4026 293 4081 αρχον
341 4007 768 4073 ὐπεκκαίοντες,
826 4008 920 4061 καὶ
958 4007 1112 4060 αὐτοὶ
1137 4007 1232 4061 τοῦ
1272 4007 1475 4061 οἰκείου
1505 4007 1713 4072 πάθους

98 4105 365 4176 ἔρεισμα
404 4100 561 4155 τοῦτο
606 4101 1283 4173 λαμϐάνοντες,ηκαθάπερ
1330 4103 1378 4154 οί
1410 4102 1709 4173 κρημνιζό·

102 4214 282 4267 μενοι
309 4193 411 4258 τὰς
441 4194 667 4248 πλνσίον
697 4193 933 4266 πέτρας,
964 4193 997 4266 ἢ
1030 4194 1141 4249 τῶν
1181 4192 1402 4265 θάμνων
1434 4194 1533 4258 τὰς
1561 4197 1717 4267 στερο

96 4289 247 4359 ῥοτέ
258 4304 383 4358 ρας.

214 4471 455 4539 54)Εττ’
480 4468 615 4527 οὖν.
648 4470 741 4527 Sic
766 4470 859 4527 Or.
891 4470 944 4525 1.
975 4469 1030 4526 In
1056 4469 1190 4542 Reg.
1222 4470 1331 4536 bm,
1363 4470 1449 4542 ἥτ’
1507 4465 1621 4525 οὖν.
1651 4470 1708 4525 In

89 4547 235 4605 εδ..
275 4546 478 4599 εῐτουν.
789 4572 795 4578 -

1821 590 2125 648 suﬂiciebat
2159 607 2362 663 pravus
2394 592 2653 647 adversus
2684 590 2945 660 Spiritum
2977 602 3223 646 sanctum
3246 590 3395 645 Mon-

1820 686 1929 739 tani
1959 686 2220 755 spiritus,
2247 694 2299 740 et
2326 683 2523 740 Novati
2553 685 2777 740 audacia
2802 726 2817 751 ,
2842 685 2957 741 sive
2994 687 3201 755 impura
3229 684 3393 757 422

1815 778 2047 846 puritas,
2082 792 2201 848 quae
2231 778 2467 834 nominis
2520 777 2807 833 honestate
2858 777 3254 832 multitudinem
3306 778 3393 830 iu-

1815 878 1982 934 escat,
2007 879 2062 924 et
2107 869 2379 941 Phrygum
2413 870 2590 926 adhuc
2630 871 2816 941 vigens
2849 869 3176 924 initiantium
3205 878 3259 923 et
3288 868 3393 922 ini-

1818 962 2074 1017 tiatorum
2104 961 2278 1026 furor,
2309 961 2424 1017 fere
2460 973 2707 1018 veterum
2742 961 2914 1016 furori
2940 962 3156 1030 similis,
3188 972 3242 1016 et
3279 961 3391 1016 Ga-

1814 1057 2071 1123 latarum,
2104 1056 2400 1127 impietatis
2430 1056 2740 1112 nominibus
2772 1053 3126 1122 aﬂiuentium,
3166 1056 3392 1111 demen-

1815 1150 1889 1204 tia
1918 1188 1935 1215 ,
1966 1158 2022 1205 et
2063 1148 2286 1205 Sabellii
2338 1150 2666 1213 contractio,
2707 1159 2762 1205 et
2795 1149 2915 1205 Arii
2969 1149 3181 1212 divisio,
3229 1158 3392 1218 atque

1815 1240 1945 1296 hinc
1992 1250 2119 1295 nata
2161 1241 2530 1311 sophistarum
2575 1240 2738 1311 hujus
2781 1240 3042 1310 temporis
3072 1239 3387 1304 subdivisio,

1813 1332 1905 1402 qui
1948 1341 2156 1387 tantum
2192 1332 2408 1398 abillis,
2431 1341 2691 1401 quantum
2730 1331 2925 1401 loquax
2951 1330 3138 1401 lingua
3173 1345 3205 1385 a
3237 1332 3389 1385 tarda

1815 1434 1870 1480 et
1904 1425 2089 1491 inerti,
2121 1425 2431 1494 discrepant
2460 1424 2483 1477 ?
2532 1425 2603 1477 At
2649 1438 2749 1479 nos
2781 1423 2943 1477 etiam
2981 1423 3243 1497 adversus
3290 1438 3392 1480 nos

1814 1516 1963 1587 ipsos
2006 1530 2147 1587 pene
2199 1515 2614 1580 contendimus,
2647 1515 2763 1586 qui,
2794 1525 3057 1586 quantum
3108 1517 3173 1571 ad
3226 1528 3391 1587 caput

1813 1610 2025 1676 attinet,
2058 1609 2198 1673 belle
2228 1610 2489 1677 valemus,
2523 1625 2587 1666 ac
2624 1625 2722 1680 pro
2771 1611 2960 1665 iisdem
3020 1618 3075 1665 et
3119 1611 3384 1666 adversus

1813 1704 2032 1761 eosdem
2064 1704 2462 1759 contendimus.

1890 1796 2034 1851 XIII.
2063 1796 2139 1851 De
2166 1795 2410 1851 fraterno
2444 1795 2536 1850 illo
2574 1794 2818 1862 dissidio,
2851 1811 2994 1866 quoa
3041 1809 3212 1866 nuper
3247 1794 3391 1850 inter

1815 1904 1913 1945 nos
1958 1888 2203 1951 exstitit,
2254 1887 2467 1956 loquor,
2518 1903 2585 1943 ex
2631 1901 2737 1957 quo
2784 1896 2840 1942 et
2905 1887 3047 1941 Deus
3123 1895 3176 1941 et
3228 1885 3392 1940 homo

1813 1979 2107 2050 ignominia
2133 1978 2474 2044 adiciuntur;
2504 1978 2594 2034 ille
2620 1979 2871 2035 videlicet
2934 1994 3032 2034 nec
3077 1993 3174 2046 pro
3230 1977 3389 2033 nobis

1813 2072 2031 2142 quidem
2062 2072 2283 2126 omnino
2304 2071 2542 2141 genitus,
2572 2080 2628 2128 et
2653 2072 2801 2126 cruci
2828 2070 3042 2133 alIixus,
3068 2085 3131 2125 ac
3162 2070 3390 2141 proinde

1813 2179 1913 2219 nec
1937 2163 2201 2234 sepultus,
2236 2177 2336 2218 nec
2383 2176 2412 2217 a
2468 2170 2642 2219 morte
2684 2175 2988 2227 revocatus,
3035 2162 3388 2233 quemadmo-

1812 2258 1938 2311 dum
2002 2255 2276 2312 nonnullis
2339 2254 2615 2311 Christum
2680 2266 3012 2326 praepostere
3079 2256 3388 2311 amantibus

1815 2348 2046 2418 placuit;
2076 2363 2259 2403 verum
2291 2347 2376 2401 hic
2405 2356 2610 2402 tantum
2643 2346 2962 2413 honoratus,
2992 2346 3082 2402 ubi
3123 2346 3296 2401 honor
3328 2347 3385 2401 in

1814 2439 2051 2496 dedecus
2085 2450 2139 2495 et
2165 2448 2533 2509 contemptum
2580 2439 2797 2504 recidit,
2826 2448 2991 2508 atque
3017 2439 3086 2494 ob
3114 2454 3231 2494 eam
3262 2453 3391 2493 cau-

1811 2547 1926 2587 sam
1985 2533 2037 2587 in
2094 2532 2228 2588 duos
2273 2532 2413 2587 tilios
2446 2530 2714 2587 dissectus
2746 2542 2840 2585 aut
2884 2531 3215 2601 compositus
3248 2548 3262 2586 :
3300 2530 3391 2585 hic

1812 2636 1991 2681 autem
2027 2641 2133 2680 non
2157 2625 2398 2696 perfecte
2425 2633 2759 2695 assumptus,
2783 2632 2875 2678 aut
2901 2624 3106 2678 honore
3136 2624 3385 2690 allectus,

1813 2716 1907 2771 sed
1947 2717 2180 2771 maxima
2227 2730 2290 2771 ex
2323 2724 2478 2787 parte
2528 2714 2773 2782 ahjectus
2806 2723 2860 2769 et
2902 2715 3241 2771 abalienatus
3265 2757 3280 2781 ,
3316 2715 3390 2770 si-

1809 2809 2026 2877 quidem
2063 2808 2356 2863 maximum
2405 2808 2535 2878 quid
2591 2807 2643 2862 in
2682 2807 2917 2861 hominis
2951 2816 3138 2862 natura
3199 2817 3282 2862 est
3308 2807 3392 2861 di-

1808 2900 1932 2954 vina
1980 2898 2158 2969 imago
2205 2908 2260 2953 et
2317 2897 2516 2953 mentis
2573 2896 2829 2952 facultas.
2888 2895 3188 2966 Oportebat
3242 2897 3388 2952 enim

1808 2989 2037 3053 scilicet,
2066 2999 2416 3059 posteaquam
2465 2989 2640 3043 deitas
2676 2989 2826 3043 unita
2873 2999 3040 3057 esset,
3076 2989 3388 3045 humanita-

1811 3096 1917 3139 tem
1946 3082 2144 3149 dividi,
2179 3097 2242 3138 ac
2273 3083 2417 3137 circa
2470 3090 2708 3136 mentem
2768 3081 3038 3147 homines,
3068 3082 3270 3152 alioqui
3303 3098 3391 3137 sa-

1810 3178 2043 3246 pientes,
2076 3175 2398 3246 insipientes
2432 3176 2663 3230 evadere
2684 3215 2700 3241 ,
2750 3189 2967 3244 meque,
3001 3175 3090 3244 qui
3128 3183 3271 3229 totus
3297 3189 3373 3231 ce»

1814 3268 1957 3332 cidi,
1995 3277 2158 3337 atque
2217 3266 2287 3322 ob
2341 3267 2500 3337 primi
2558 3265 2796 3321 hominis
2846 3266 3270 3321 iuobedientiam
3335 3275 3389 3322 et

1815 3363 2011 3419 diaboli
2049 3363 2293 3418 fraudem
2325 3364 2717 3419 condemnatus
2761 3379 2877 3419 sum
2900 3401 2916 3427 ,
2947 3378 3055 3419 non
3112 3364 3260 3419 omni
3314 3378 3378 3418 ex

1814 3468 1971 3527 parte
1998 3457 2226 3513 salutem
2264 3459 2545 3529 consequi,
2577 3469 2637 3513 ut
2670 3460 2742 3513 ita
2798 3469 2855 3515 et
2894 3459 2984 3514 Dei
3035 3459 3382 3527 beneficium,

1812 3563 1867 3606 et
1895 3561 2080 3606 nostra
2110 3552 2259 3607 salus
2296 3552 2667 3607 imminuatur.
2695 3552 2773 3606 Ad
2804 3567 2965 3622 quam
3007 3552 3383 3624 indignitatem

1814 3641 1941 3695 illud
1976 3642 2139 3696 etiam
2190 3642 2422 3708 accedit,
2464 3641 2608 3712 quod
2636 3643 2727 3711 qui
2767 3658 2797 3696 a
2830 3641 2942 3698 Deo
2988 3643 3166 3699 salute
3195 3643 3381 3698 donati

1814 3748 2021 3799 sumus,
2050 3734 2331 3788 hominum
2358 3748 2517 3789 causa
2544 3733 2741 3787 bellum
2777 3733 3036 3804 gerimus,
3066 3743 3385 3804 tantumque

1814 3827 1865 3879 in
1903 3826 2059 3881 nobis
2108 3826 2468 3881 contendendi
2518 3824 2757 3879 studium
2806 3827 3092 3892 exuberat,
3128 3825 3384 3895 utipsum

1812 3935 2027 3990 quoque
2057 3919 2287 3974 aliorum
2317 3920 2705 3974 ambitionibus
2736 3920 3163 3982 connuodemus,
3186 3934 3249 3973 ac
3286 3933 3384 3988 pro

1812 4015 2001 4070 alienis
2030 4015 2237 4069 thronis
2264 4014 2514 4083 proprias
2546 4012 2860 4067 inimicitias
2903 4012 3287 4083 suscipiamus,
3332 4014 3386 4066 in

1816 4123 1920 4161 una
1958 4122 2016 4162 re
2049 4106 2154 4162 duo
2190 4106 2510 4179 gravissima
2564 4113 2786 4175 peccata
2810 4107 3230 4171 committentes,
3262 4119 3385 4159 cun

1816 4198 2073 4254 nimirum
2127 4209 2181 4254 et
2234 4214 2422 4254 eorum
2473 4197 2826 4252 ambitionem
2872 4198 3287 4263 inﬂammemus,
3335 4206 3391 4253 et

1816 4289 1917 4359 ipsi
1968 4291 2176 4346 vitiosae
2212 4298 2411 4346 nostra:
2460 4289 2764 4347 affectionis
2819 4292 2924 4346 hoc
2991 4289 3383 4345 adminiculum

1886 4472 2001 4543 (59)
2054 4474 2431 4547 Ἀτιμάζεται.
2469 4473 2657 4530 Plures
2679 4474 2848 4547 Regg.
2879 4485 2935 4531 et
2956 4475 3051 4531 Or.
3085 4475 3131 4543 1,
3160 4474 3390 4547 ἀτιμοῦ-

1810 4562 1919 4598 ται.

507 4615 547 4682 ἡ
571 4612 851 4688 φρυγῶν,
903 4620 1007 4667 etc.
1055 4629 1073 4662 ι
1103 4611 1170 4666 Et
1208 4610 1502 4688 Phrygum,
1547 4622 1707 4688 s__etc.

1822 4588 1997 4688 :m(:l0)
2028 4615 2238 4683 Καλῶς
2294 4617 2724 4688 φιλοχρίστων·
2758 4617 2894 4671 ἀλλ’
2945 4616 3224 4684 ἐνταῦθα,
3284 4626 3391 4672 etc.

92 4690 171 4743 In
198 4682 279 4742 ea
301 4682 537 4754 "regione
568 4682 851 4740 Montanus
882 4696 1008 4737 suos
1034 4698 1252 4737 errores
1286 4682 1511 4754 sparsit.
1557 4682 1710 4740 Unde

1819 4686 1909 4742 Sic
1969 4686 2319 4756 designantur
2365 4686 2780 4756 Apellinaristae,
2826 4688 2916 4755 qui
2971 4687 3388 4752 contendebant,

1816 4758 2090 4813 Christum
2128 4774 2157 4811 a
2210 4758 2506 4814 Catholicis
2539 4759 2589 4812 in
2627 4759 2761 4812 duos
2805 4757 2945 4812 ﬁlios
2998 4759 3186 4821 dividi,
3243 4760 3386 4827 quod

1816 4830 1949 4882 duas
1980 4838 2219 4894 naturas,
2268 4830 2501 4885 divinam
2548 4829 2754 4884 scilicet
2796 4839 2852 4885 et
2899 4830 3213 4896 humanam,
3246 4829 3389 4884 inte-

1816 4913 1942 4969 gras
1967 4900 2018 4952 in
2049 4915 2117 4969 eo
2143 4902 2509 4955 admitterent.

1888 4970 1999 5041 (41)
2034 4967 2399 5039 Καθέστηκε.
2435 4972 2592 5025 Deest
2626 4972 2677 5024 in
2708 4968 2841 5041 Reg.
2876 4969 2986 5035 bm,
3019 4978 3072 5023 et
3100 4968 3283 5041 Or._l.

1888 5039 2000 5108 (42)
2063 5041 2341 5095 "Hs-(orat.
2379 5041 2523 5097 Elias
2582 5039 3012 5111 interprétatur:
3075 5039 3392 5111 (‘llltilareS‘

1817 5112 1989 5166 carni.
2030 5130 2049 5163 ι
2088 5118 2249 5166 Ilecte
2293 5114 2530 5182 quidem,
2584 5113 2706 5166 licet
2726 5109 2894 5168 aliter
2946 5113 3146 5167 sentiat
3178 5109 3385 5182 Billius.

1818 5182 1919 5237 llic
1946 5182 2110 5237 ’enim
2144 5180 2437 5251 Gregorius
2499 5186 2739 5250 exagitat
2789 5181 3227 5252 Apollinaristas,
3296 5180 3389 5249 qui

1817 5252 2054 5307 animam
2113 5269 2143 5308 a
2197 5252 2418 5309 Christo
2486 5251 2977 5323 assumptam’non
3054 5251 3255 5323 fuisse,
3310 5260 3393 5304 at-

1818 5339 1924 5393 que
1982 5322 2212 5393 verbum
2268 5325 2463 5378 anima:
2514 5321 3041 5393 vices—supplevisse
3094 5321 3384 5393 volebant,

1816 5390 1959 5467 quod
2013 5392 2317 5465 Theologus
2373 5395 2628 5466 appellat,
2878 5393 2970 5448 τὸν
3030 5390 3157 5447 νοῦν
3222 5391 3389 5465 ἀνοη-

1816 5464 2039 5527 ταίνειν,
2074 5484 2092 5516 ‹
2120 5464 2262 5520 circa
2300 5464 2532 5520 mentem
2559 5464 2810 5520 insanire.
2852 5483 2872 5517 ι

1889 5536 2001 5608 (1.5)
2034 5535 2533 5605 Πρωτοπλάστου.
2566 5535 2697 5606 Reg.
2744 5538 2837 5603 hu,
2869 5533 2963 5593 Or.
2999 5533 3053 5600 1,
3082 5533 3217 5601 Jes.,
3243 5531 3388 5605 πρώ-

1814 5622 1907 5660 του
1915 5648 1928 5663 ο

1844 5676 1851 5683 ’
1889 5678 1999 5751 (44)
2039 5678 2151 5733 Καὶ
2183 5695 2352 5750 υπερ,
2392 5688 2496 5735 etc.
2531 5678 2629 5734 Hic
2660 5677 2908 5750 designat
2947 5675 3245 5802 Gregorius
3269 5675 3383 5731 An-

1844 5749 2115 5802 i0chettam
2151 5755 2354 5802 sedem.
2387 5751 2453 5802 de
2495 5765 2598 5802 una
2629 5747 3028 5802 contendebant
3107 5746 3301 5802 eletius
3326 5759 3383 5802 et

3107 5757 3301 5804 ειειιυε
3326 5759 3384 5804 et

88 4759 244 4828 ejus
283 4752 530 4828 discipuli
568 4776 585 4807 ‹
615 4752 1480 4828 ϐιιιειμίιιιγςθειευηι-ορρυιίξιιί.

192 4828 321 4902 (36)
359 4826 431 4881 Ἡ
450 4824 739 4902 Γαλατῶν
760 4823 952 4902 (iram.
986 4823 1080 4878 llic
1111 4842 1131 4875 ι
1179 4823 1553 4902 Μενςείιίιιιιοε
1586 4842 1604 4876 ι
1636 4826 1712 4879 si-

90 4894 397 4971 gniﬁcare
424 4899 657 4971 videtur,
690 4896 781 4971 qui
818 4909 1172 4971 personarum
1219 4894 1540 4971 Trinitatem
1589 4911 1713 4950 cum

88 4965 376 5027 Sabeliio
400 4967 687 5039 negabant.
711 4965 1001 5039 Marcellus
1034 4973 1212 5039 autem
1240 4965 1611 5039 erat_G_alata;
1661 4976 1716 5039 et

86 5040 329 5098 alludit
358 5034 656 5107 Gregorius
704 5038 771 5091 ad
791 5036 903 5090 haec
924 5035 1078 5088 Pauli
1097 5035 1256 5090 verba
1308 5037 1373 5091 ad
1403 5034 1522 5091 Gal.
1546 5052 1626 5104 ill,
1661 5038 1712 5103 1,

94 5133 123 5167 ι
166 5114 218 5168 Ο
258 5111 519 5165 insmtsati
546 5108 766 5173 Galatas,
814 5125 834 5158 ›
867 5116 974 5161 etc.

191 5182 322 5251 (‘57)
351 5177 782 5251 EoywtﬁwLAd
807 5176 1109 5251 marginem
1137 5175 1435 5251 Regiicod.
1458 5178 1527 5231 hu
1555 5178 1711 5247 poni-

84 5247 235 5319 utr,
277 5247 651 5321 Εὐνομιανῶν.
680 5247 770 5304 Sic
791 5249 1015 5321 quidem
1035 5247 1387 5321 Elias;_Billio
1410 5258 1587 5321 autem
1610 5265 1713 5304 non

82 5317 333 5399 placet.
359 5317 525 5399 Certe
548 5320 850 5399 Gregorius
876 5331 971 5399 eos
1001 5317 1276 5399 intelligit,
1299 5319 1389 5387 qui
1427 5319 1586 5399 paulo
1614 5320 1716 5374 mi-

77 5385 225 5454 itus
255 5393 599 5459 dividebant,
630 5385 790 5461 quam
824 5389 1006 5461 Arius.
1043 5385 1158 5461 Non
1185 5385 1337 5442 enim
1378 5385 1474 5457 per
1520 5388 1714 5460 διαφε-

82 5467 342 5542 ρόντων
366 5459 743 5542 intelliguntur
777 5461 834 5527 ii,
859 5459 950 5542 qui
982 5460 1213 5542 Arianos
1244 5476 1262 5510 ι
1296 5469 1573 5542 superant,
1602 5459 1634 5512 »⁷
1660 5468 1717 5514 ιιι

76 5529 534 5600 interpretatur
551 5529 769 5598 Dillius,
807 5531 901 5586 sed
934 5530 1024 5600 qui
1057 5530 1124 5585 ab
1153 5529 1234 5584 eis
1277 5547 1295 5582 ι
1343 5530 1649 5602 discrepant
1690 5549 1709 5584 ι

70 5616 171 5665 ει
212 5624 236 5658 ο
283 5604 566 5658 dissident.
600 5622 619 5657 ι

192 5675 325 5747 (58)
356 5674 744 5747 Ζυγομαχιαν
775 5672 1137 5747 ἀδελφικὴν.
1194 5669 1543 5747 Intelligenda
1597 5671 1714 5747 haec

70 5740 256 5805 ἀεὶ
303 5740 637 5813 Apollinari,
663 5763 683 5797 ι
726 5760 885 5815 quem
921 5740 1103 5799 mitius
1141 5750 1339 5799 tractat
1382 5740 1708 5813 Gregorius,

67 5816 285 5893 quod
318 5832 441 5870 eum
475 5814 763 5886 aliquando
800 5816 864 5870 ad
896 5816 1165 5872 saniorem
1224 5819 1453 5871 mentem
1504 5815 1710 5871 reditu-

74 5905 255 5950 rum
294 5895 560 5957 speraret.

1811 5747 2115 5875 goellte'nam
2151 5747 2354 5817 sedem,
2387 5751 2453 5807 de
2495 5765 2598 5820 qua
2629 5747 3028 5807 contendebant

1859 5838 1922 5875 au
1949 5838 2085 5875 inus.

1859 5838 2085 5876 auunus.
