3932 6542
524 398 656 454 1147

1711 400 1767 455 S.
1809 400 2134 461 GREGORII
2175 400 2519 460 THEOLOCI

3611 393 3749 447 ιιικ

523 515 890 584 accipiamus,
938 514 1432 583 quemadmodum,
1495 517 1581 587 qui
1626 516 1788 591 523
1840 523 1891 578 in
1931 538 2168 595 praeceps
2236 525 2514 586 feruntur,
2568 532 2892 590 propinquas
2948 523 3129 587 petras
3172 529 3264 570 aut
3310 513 3580 569 ﬁrmiores
3630 512 3748 565 fru-

525 610 679 665 tices.

600 698 735 754 XIV.
765 697 958 749 Verum
994 693 1151 749 nobis
1194 694 1371 763 potius
1406 698 1700 753 curandum
1734 710 1873 766 erat,
1906 713 1963 757 ut
1992 719 2085 759 eos

2256 715 2353 767 Μ’.
2392 711 2519 764 Δέον
2564 709 2846 771 κάκείνους
2880 707 3053 760 ποιεῖν
3075 704 3163 758 διὰ
3186 703 3284 773 τῆς
3322 702 3531 755 ἑαυτῶν
3565 703 3751 771 ἀπρα-

529 808 625 859 per
679 790 909 858 quietem
964 794 1205 841 nostram
1264 785 1648 843 imbecilliores
1713 792 2078 851 redderemus.

530 883 619 936 Sic
653 882 796 934 enim
824 879 1025 933 rectius
1049 879 1179 947 ipsis
1202 919 1217 943 ,
1249 894 1406 946 quam
1444 895 1540 947 pro
1585 882 1716 949 ipsis
1745 885 2083 951 dimicantes,

534 971 962 1026 consuleremus.
1003 970 1073 1023 At
1103 986 1245 1023 nunc
1273 971 1387 1032 alii,
1416 987 1531 1025 mea
1556 974 1767 1041 quidem
1796 980 2083 1042 sententia,

529 1078 785 1133 perquam
843 1062 1040 1116 misere
1079 1076 1137 1116 se
1172 1061 1297 1117 belli
1334 1062 1510 1117 socios
1540 1065 1656 1118 aliis
1686 1067 2004 1137 adjungunt,
2033 1080 2088 1123 et

530 1155 767 1210 vicissim
822 1153 942 1208 belli
998 1154 1177 1209 socios
1221 1156 1512 1223 accipiunt,
1552 1155 1685 1209 adeo
1737 1168 1796 1211 ut
1834 1160 2085 1225 mundus,

531 1246 621 1315 qui
658 1246 913 1299 diuturno
945 1245 1129 1299 labore
1168 1246 1257 1299 vix
1287 1246 1500 1300 tandem
1550 1254 1605 1300 et
1648 1247 1900 1316 paulatim
1924 1290 1940 1316 ,
1990 1265 2089 1305 nec

532 1335 649 1388 sine
679 1335 966 1387 multorum
1001 1336 1261 1403 sanguine
1307 1336 1570 1390 collectus
1604 1334 1810 1401 fuerat,
1844 1339 1899 1393 in
1953 1340 2090 1397 duas

526 1427 637 1495 jam
663 1428 963 1481 contrarias
987 1436 1164 1496 partes
1201 1428 1401 1481 divisus
1436 1428 1507 1481 sit
1532 1444 1546 1481 :
1574 1429 1878 1498 quicunque
1910 1440 2088 1486 autem

532 1515 652 1585 paci
686 1517 923 1579 student,
957 1517 1267 1586 mediosque
1296 1532 1354 1571 se
1386 1516 1729 1585 proﬁtentur,
1758 1520 1824 1574 ab
1853 1522 2093 1592 utrisque

534 1606 674 1661 male
715 1608 1064 1671 mulclantur,
1098 1617 1280 1676 utpote
1328 1610 1416 1677 qui
1458 1608 1539 1663 vel
1574 1612 1903 1693 contemptui
1943 1613 2091 1679 sint,

532 1699 615 1752 vel
658 1699 820 1752 etiam
871 1699 1015 1754 bello
1060 1699 1413 1754 lacessantur.
1440 1702 1484 1753 A
1512 1717 1616 1770 qua
1641 1714 1794 1773 parte
1824 1719 1946 1758 cum
1992 1706 2093 1762 nos

538 1805 753 1859 quoque
782 1790 1044 1844 hodierno
1074 1791 1161 1845 die
1189 1801 1392 1845 stemus
1414 1831 1431 1856 ,
1460 1792 1550 1860 qui
1584 1794 1699 1849 haec
1744 1796 2094 1864 reprehendi-

540 1897 680 1948 mus,
702 1896 763 1936 ac
793 1892 1073 1951 propterea
1108 1883 1422 1937 cathedram
1452 1885 1767 1939 certaminis
1794 1894 1847 1939 et
1880 1887 2094 1942 invidia:

538 1972 750 2043 plenam
784 1974 1096 2043 accipimus,
1132 1975 1271 2028 haud
1299 1975 1599 2028 mirandum
1623 1976 1746 2041 erit,
1770 1977 1813 2031 si
1837 1979 1904 2030 ab
1937 1978 2094 2033 utris-

2183 804 2460 875 γμοσύνης
2488 802 2924 872 ἀσθενεστέρους.
2967 798 3121 853 Οὖτω
3158 798 3266 867 γὰρ
3305 796 3368 850 ἂν
3413 796 3612 867 μᾶλλον
3656 798 3751 848 αὖα

2184 896 2326 956 τοῖς,
2363 894 2396 964 ἢ
2434 891 2793 962 πολεμοῦντες
2833 890 2973 961 ὑπὲρ
3006 889 3182 942 αὐτῶν
3209 886 3591 958 ὲχαριζόμεθα.
3636 886 3753 937 Νῦν

2184 983 2240 1036 δὲ
2275 984 2321 1035 oi
2378 982 2474 1051 μὲν
2510 980 2857 1051 συμμαχοῦσι
2896 981 2989 1033 καὶ
3032 977 3436 1049 συμμαχοῦνται
3468 974 3577 1045 (45)
3628 974 3752 1026 λίαν

2185 1073 2450 1136 ἐλεεινῶς,
2480 1073 2555 1135 ὡς
2585 1071 2716 1141 γοῦν
2751 1071 2873 1143 ἐμοὶ
2903 1071 3077 1124 δοκεῖ·
3110 1069 3247 1122 ὥστε
3276 1069 3368 1121 καὶ
3403 1068 3480 1129 εἰς
3504 1066 3596 1118 δύο
3632 1066 3752 1135 μοί-

2192 1182 2288 1238 ρας
2338 1164 2662 1227 ἀντιπάλους
2704 1164 2805 1234 ήδη
2842 1163 2931 1215 τὸν
2970 1162 3171 1232 κόσμον
3208 1160 3607 1230 ἀποκριθῆναι,
3661 1157 3753 1209 καὶ

2186 1255 2343 1309 τοῦτο
2370 1257 2465 1309 σὺν
2493 1254 2640 1325 πόνῳ
2675 1255 2853 1324 μόγις,
2882 1254 2977 1306 κα)⁵
3008 1252 3147 1306 κατὰ
3177 1251 3365 1323 μικρὸν
3393 1250 3751 1320 συναχθέντα,

2188 1350 2280 1402 καὶ
2316 1347 2525 1400 πολλῶν
2554 1347 2798 1417 αῖμασιν.
2833 1346 2994 1398 Ὅσον
3032 1344 3089 1397 δὲ
3130 1344 3398 1415 εἰρηνικόν
3427 1360 3485 1395 τε
3529 1342 3626 1394 καὶ
3658 1340 3755 1410 μέ·

2191 1456 2301 1505 σον,
2336 1439 2428 1491 ὑπ’
2459 1437 2782 1508 ἀμφοτέρων
2812 1435 3009 1505 πάσχει
3041 1435 3225 1498 κακῶς
3244 1474 3257 1497 ,
3296 1434 3328 1503 ἢ
3375 1429 3755 1501 καταφρονού-

2193 1548 2371 1603 μενον,
2412 1532 2444 1603 ἥ
2473 1530 2566 1583 καὶ
2599 1528 3016 1598 πολεμούμενον.
3042 1520 3139 1578 Ὧν
3172 1527 3264 1578 καὶ
3291 1527 3452 1595 ἡμεῖς
3472 1523 3625 1585 ὄντες
3658 1523 3754 1591 σή-

2194 1640 2356 1694 μερον
2378 1623 2425 1675 οἱ
2446 1622 2618 1675 ταῦτα
2642 1618 3193 1691 κατηγοροῦντες,κα“ι
3212 1617 3298 1669 διὰ
3325 1616 3480 1668 τοῦτο
3494 1615 3594 1684 τὴν
3624 1615 3757 1666 καθ-ν

2190 1713 2351 1783 έδραν
2390 1711 2593 1782 ταύτην
2630 1711 2939 1780 δεξάμενοι,
2967 1708 3063 1778 τὴν
3092 1709 3357 1777 ἐπίμαχον
3387 1707 3480 1759 καὶ
3526 1704 3756 1771 ἐπίφθο-

2192 1820 2316 1856 νον·
2366 1802 2675 1872 θαυμαστὸν
2714 1798 2886 1862 οὐδὲν,
2952 1799 3002 1850 εί
3053 1798 3142 1849 ὑπ’
3203 1796 3526 1866 ἀμφοτέρων
3577 1794 3756 1862 ἐκτριο

2192 1895 2438 1964 δείημεν,
2475 1892 2568 1945 καὶ
2600 1890 2861 1961 σταίημεν
2886 1892 2949 1943 ὲκ
2974 1888 3067 1942 τοῦ
3103 1888 3263 1957 μέσου
3297 1885 3435 1957 μετά
3469 1886 3596 1946 τοὺς
3628 1884 3759 1934 πολ-

2192 1984 2317 2047 λοὺς
2352 1981 2579 2051 ἱδρῶτας
2620 1982 2714 2034 καὶ
2754 1980 2966 2045 πόνους,
2992 1980 3058 2031 ἵν’
3087 1976 3313 2045 ἐγγύθεν
3342 1974 3603 2045 ἀλλήλους
3635 1972 3762 2041 βάλ-

534 2081 640 2134 que
679 2074 1041 2129 conteramur,
1092 2079 1155 2119 ac
1182 2075 1303 2133 post
1326 2066 1519 2121 multos
1545 2067 1755 2121 labores
1793 2078 1847 2122 et
1870 2070 2092 2125 sudores

2210 2090 2345 2139 twot,
2390 2074 2484 2127 καὶ
2527 2073 2689 2126 παντὶ
2731 2072 2809 2143 τῷ
2852 2070 3027 2142 θυμῷ,
3069 2069 3291 2141 μηδενὸς
3329 2066 3479 2128 ὄντος
3512 2068 3572 2117 ὲν
3613 2065 3765 2135 μέσψ

537 2156 603 2209 de
660 2157 835 2210 medio
891 2157 1339 2223 submoveamur;
1396 2167 1456 2209 ut
1514 2157 1726 2211 sublato
1774 2159 2096 2214 intermedio

538 2247 743 2313 pariete
786 2256 948 2314 atque
998 2248 1143 2299 omni
1204 2247 1609 2315 impedimento,
1669 2251 1918 2305 cominus
1984 2251 2095 2319 jam

537 2347 697 2405 atque
747 2338 891 2391 omni
942 2338 1247 2390 animorum
1284 2338 1482 2406 impetu
1515 2354 1634 2394 sese
1666 2350 1851 2394 mutuo
1874 2340 2096 2394 convul-

538 2436 750 2481 nerent.
795 2428 1082 2481 Enimvero
1118 2429 1234 2481 haec
1285 2428 1473 2483 Sedare
1527 2440 1688 2497 atque
1719 2431 2097 2500 comprimere,

539 2519 776 2572 maxime
812 2520 1024 2587 quidem
1082 2518 1174 2573 Dei
1224 2518 1425 2585 luerit,
1462 2520 1551 2587 qui
1603 2521 1782 2573 omnia
1838 2530 2097 2590 tanquam

538 2612 768 2665 vinculis
833 2610 1156 2681 quibusdam
1222 2611 1599 2679 constringit;
1662 2612 1855 2666 deinde
1923 2623 2100 2667 autem

544 2708 707 2762 etiam
763 2707 1037 2760 hominum
1073 2721 1256 2760 eorum
1285 2746 1300 2769 ,
1352 2706 1441 2774 qui
1497 2705 1835 2761 honestatem
1880 2707 2102 2773 colunt,

544 2809 706 2867 atque
760 2797 1062 2852 concordia:
1100 2798 1294 2851 bonum
1347 2796 1620 2865 cognitum
1661 2806 1716 2851 et
1762 2809 2101 2866 perspectum

545 2885 751 2940 habent
784 2884 951 2942 .illud
984 2886 1196 2954 quidem
1229 2888 1423 2940 bonum
1452 2902 1480 2939 a
1517 2882 1781 2942 Triuitate
1804 2889 2101 2952 exorditur,

546 2974 633 3029 cui
662 2974 792 3027 nihil
821 2988 973 3042 mque
1007 2974 1285 3044 proprium
1333 2984 1433 3036 est,
1464 2991 1528 3030 ac
1564 2985 1767 3029 natura).
1807 2977 2018 3041 unitas,
2047 2987 2103 3030 et

548 3067 601 3120 in
627 3067 801 3135 seipsa
848 3066 1162 3130 concordia;
1197 3066 1349 3135 cujus
1386 3066 1510 3120 boni
1547 3067 1834 3135 participes
1862 3078 1988 3121 sunt
2012 3084 2108 3120 an-

547 3158 673 3228 geli,
716 3168 770 3212 et
825 3158 1021 3212 divinae
1082 3167 1378 3227 potestates
1406 3180 1420 3221 -,
1449 3172 1566 3228 quae
1601 3166 1655 3211 et
1699 3173 1820 3212 cum
1878 3158 2008 3223 Deo,
2055 3167 2109 3211 et

549 3263 729 3303 secum
767 3248 988 3318 pacilire
1022 3265 1079 3305 se
1114 3258 1338 3317 gerunt;
1366 3247 1710 3319 progreditur
1741 3250 1904 3303 etiam
1934 3250 1996 3303 ad
2024 3265 2109 3304 res

2195 2164 2630 2235 διατειχίσματος
2674 2163 2767 2216 κα)¹
2810 2160 3147 2230 κωλύματος.
3199 2157 3382 2211 Ταῦτα
3432 2151 3525 2209 οὖν
3581 2155 3763 2225 ὁρίσαι

2197 2254 2292 2307 καὶ
2323 2254 2515 2323 στῆσαι
2562 2253 2796 2324 μάλιστα
2832 2252 2929 2322 μὲν
2961 2250 3119 2312 Θεοῦ,
3167 2248 3259 2301 τοῦ
3303 2248 3480 2300 πάντα
3518 2246 3765 2297 συνδέον⁶

2197 2358 2319 2405 τος’
2360 2344 2549 2397 ἔπειτα
2580 2344 2637 2396 δὲ
2683 2344 2777 2396 καὶ
2812 2339 3135 2413 ἀνθρώπων,
3175 2341 3318 2401 ὅσοις
3350 2334 3458 2408 (ὲϐ)
3507 2336 3570 2388 τὸ
3600 2334 3766 2387 καλὸν

2198 2435 2643 2499 διεσπούδασται,
2673 2436 2767 2488 καὶ
2792 2435 2853 2487 τὸ
2876 2434 2974 2504 τῆς
3001 2432 3249 2502 ὁμονοίας
3278 2430 3477 2499 ἀγαθὸν
3506 2428 3767 2497 γνωρίζε-

2198 2543 2324 2579 ται·
2356 2528 2463 2580 ἀπὸ
2500 2528 2596 2597 μὲν
2622 2528 2717 2597 τῆς
2750 2526 2975 2595 Τριάδος
3008 2525 3311 2595 ἀρξάμενον
3348 2524 3481 2593 (47),
3516 2520 3584 2595 ἧς
3610 2522 3767 2574 οὐδὲν

2200 2616 2371 2679 οὕτως
2401 2619 2528 2672 ἴδιον
2568 2618 2643 2681 ὡς
2674 2617 2735 2670 τὸ
2763 2616 2819 2669 ἓν
2852 2620 2916 2689 τῇ
2959 2617 3137 2686 φύσει,
3168 2617 3261 2669 καὶ
3290 2614 3427 2686 πρὸς
3464 2613 3662 2684 ἑαυτὴν
3691 2616 3768 2665 εί-

2206 2713 2459 2783 ρηναῖονο
2514 2710 2851 2781 μεταληφθὲν
2904 2710 2959 2762 δὲ
3010 2709 3114 2761 ὑπὸ
3160 2708 3266 2761 τῶν
3320 2706 3624 2775 ἀγγελικῶν
3672 2707 3767 2757 καὶ

2206 2803 2363 2855 θείων
2393 2803 2689 2872 δυνάμεων,
2720 2803 2774 2856 αἳ
2801 2802 2895 2855 καὶ
2927 2801 3062 2872 πρὸς
3092 2801 3222 2854 Θεὸν
3246 2800 3338 2853 καὶ
3368 2799 3501 2871 πρὸς
3533 2797 3771 2867 ἀλλήλας

2205 2892 2494 2963 εἰρηνικῶς
2521 2892 2699 2962 έχουσι
2720 2911 2733 2923 ·
2764 2891 3021 2963 προελθὸν
3042 2891 3099 2944 δὲ
3134 2890 3242 2961 (48)
3274 2890 3432 2960 μέχρι
3460 2889 3640 2955 πάσης
3668 2886 3771 2951 τῆς

2206 2982 2456 3048 κτίσεως,
2492 2979 2556 3054 ἦς
2586 2984 2787 3053 κόσμος
2818 2981 2879 3034 τὸ
2904 2981 3262 3035 ἀστασίαστον
3283 2996 3295 3009 ο
3335 2982 3391 3031 ὲν
3420 2980 3549 3049 ἡμῖν
3584 2977 3641 3029 δὲ
3675 2992 3776 3027 πο-

2206 3074 2587 3145 λιτευσάμενον
2622 3075 2753 3145 (49),
2794 3074 2932 3127 κατά
2969 3075 3063 3144 μὲν
3096 3072 3273 3143 ψυχὴν
3305 3074 3371 3142 τῇ
3405 3071 3510 3122 τῶν
3558 3068 3775 3139 ἀρετῶν

2208 3164 2659 3237 ὰντακολουθήσει
2691 3166 2782 3219 καὶ
2815 3165 3085 3235 κοινωνίᾳ,
3116 3162 3256 3215 κατά
3287 3162 3344 3214 δὲ
3374 3161 3530 3229 σῶμα
3564 3162 3628 3227 τῇ
3664 3158 3774 3210 τῶν

2213 3255 2386 3326 μελῶν
2415 3256 2447 3326 ἢ
2476 3255 2584 3309 τῶν
2619 3255 2897 3325 στοιχείων
2922 3256 3055 3326 πρὸς
3084 3253 3286 3324 ἄλληλα
3316 3249 3648 3320 εὐαρμοστίᾳ
3679 3248 3777 3300 καὶ

548 3354 738 3395 omnes
787 3350 998 3395 creatas
1020 3382 1035 3407 ,
1067 3355 1290 3409 quarum
1326 3348 1698 3393 ornamentum
1736 3341 1788 3394 iu
1820 3341 2103 3395 concordia

2213 3347 2522 3418 συμμετρίᾳ
2545 3360 2559 3376 ⁶
2590 3339 2664 3400 ὧν
2694 3345 2755 3399 τὸ
2797 3347 2894 3417 μὲν
2920 3345 3133 3411 κάλλος,
3154 3344 3217 3397 τὸ
3255 3342 3310 3394 δὲ
3350 3340 3523 3409 ὑγίεια
3572 3338 3688 3390 ἐστι
3713 3352 3778 3389 τε

551 3436 713 3487 situm
746 3442 861 3497 est;
901 3434 1037 3502 apud
1075 3448 1172 3487 nos
1213 3432 1444 3500 denique
1480 3440 1744 3498 versatur,
1775 3434 1951 3500 quoad
1981 3435 2103 3487 ani-

2210 3414 2302 3489 καῖ
2329 3414 2672 3508 δνομάζεται.

553 3540 697 3579 mam
729 3524 946 3593 quidem
1002 3538 1097 3591 per
1132 3532 1370 3575 mutuum
1401 3522 1652 3575 virtutum
1697 3524 2007 3578 comitatum
2068 3536 2123 3580 et.
2191 3528 2537 3591 societatem;
2593 3544 2768 3598 quoao
2815 3543 3011 3596 corpus
3037 3535 3213 3581 autem
3235 3564 3249 3588 ,
3282 3539 3376 3593 per
3406 3534 3774 3576 memororum

555 3626 648 3671 aut
672 3618 1061 3691 elementorum
1088 3615 1228 3669 inter
1257 3629 1314 3669 se
1348 3614 1763 3669 concinnitatem
1795 3624 1955 3684 atque
2025 3619 2445 3688 pr0portionem,
2508 3636 2732 3689 quarum
2796 3619 2963 3673 altera
3023 3615 3388 3687 pulchritudo,
3423 3614 3592 3667 altera
3626 3608 3777 3665 sani.

554 3722 657 3775 tas,
682 3719 863 3775 etest,
897 3718 950 3763 et
978 3707 1291 3777 appellatur.

627 3802 743 3858 XV.
769 3802 1084 3869 Quanquam
1140 3809 1319 3855 autem
1371 3800 1499 3855 illud
1550 3816 1764 3871 quoque
1804 3800 2109 3857 Salomonis

553 3892 865 3965 prmdicem,
914 3892 1027 3961 qui.
1055 3902 1112 3945 ut
1140 3890 1260 3945 aliis
1304 3892 1557 3947 omnibus
1601 3893 1789 3955 rebus,
1841 3893 1913 3947 ita
1967 3892 2107 3948 bello

555 3989 717 4042 etiam
751 4001 814 4040 ac
857 3985 973 4052 paci
1014 3993 1221 4051 tempus
1258 3984 1443 4037 statuit
1467 3984 1545 4048 ";
1584 3983 1685 4038 hoc
1721 3999 1882 4037 unum
1923 3993 2103 4039 tamen

558 4077 824 4144 adjiciam,
845 4073 1126 4141 utriusque
1144 4072 1357 4141 quidem
1384 4073 1457 4126 rei
1487 4083 1696 4143 tempus
1721 4074 2113 4129 observandum

557 4184 679 4223 esse
716 4166 1193 4239 (quandoquidem,
1231 4165 1379 4235 juxta
1425 4164 1567 4218 illius
1598 4166 1768 4236 legem
1816 4175 1870 4220 et
1914 4181 2116 4223 sermo-

560 4277 706 4328 nem,
762 4260 985 4313 honeste
1018 4258 1283 4312 interdum
1319 4256 1512 4311 bellum
1540 4257 1653 4326 geri
1679 4259 1913 4328 potest),
1948 4275 2118 4327 quan--

560 4354 651 4408 diu
682 4362 861 4406 autem
908 4350 1053 4413 licet,
1084 4350 1460 4418 propensiores
1495 4350 1561 4402 ad
1604 4364 1788 4418 pacem
1814 4365 1934 4404 esse
1958 4350 2119 4404 debe-

562 4461 702 4509 mus,
740 4444 843 4497 hoc
868 4443 1011 4496 enim
1044 4440 1327 4495 sublimius
1350 4449 1431 4494 est
1456 4448 1509 4493 et
1540 4440 1795 4495 divinius.
1816 4440 2116 4496 Absurdum

561 4539 762 4607 quippe
825 4536 987 4589 fuerit
1038 4534 1397 4596 existimare,
1453 4532 1802 4587 concordiam
1872 4534 2118 4602 privatim

561 4627 780 4695 quidem
824 4625 1082 4693 optimam
1110 4619 1275 4693 424
1300 4636 1411 4675 rem
1442 4636 1592 4686 esse,
1643 4631 1699 4674 at
1748 4623 1959 4690 publice
2017 4638 2121 4678 non

2286 3802 2384 3854 lE'.
2425 3798 2660 3853 Ἐπαινῶ
2695 3797 2802 3869 (50)
2848 3797 2906 3850 δὲ
2938 3811 3111 3863 εγωγε
3153 3810 3249 3847 και
3289 3792 3348 3844 τὸ
3379 3789 3473 3842 τοῦ
3502 3785 3780 3856 Σολομῶν-

2217 3873 2327 3957 τος,
2372 3892 2557 3963 ὥσπερ
2592 3890 2754 3943 παντὶ
2798 3889 3108 3959 πράγματι,
3139 3884 3279 3937 οὕτω
3319 3882 3376 3934 δὲ
3415 3880 3510 3934 κα)⁵
3558 3878 3778 3948 πολέμῳ

2220 3988 2313 4040 καὶ
2340 3986 2528 4058 είρήνῃ
2560 3980 2968 4053 νομοθετοῦντος
3000 3978 3207 4050 καιρόν.
3253 3977 3457 4029 Ἐκεῖνο
3487 3971 3779 4044 προσθήσω

2224 4078 2403 4149 μόνον,
2441 4075 2763 4146 ἀμφοτέρων
2803 4074 2902 4143 μὲν
2931 4071 3020 4123 τὸν
3056 4069 3244 4139 καιρὸν
3280 4064 3562 4137 τηρητέον,
3594 4061 3779 4131 ἐπειδὴ

2223 4169 2312 4223 καὶ
2338 4166 2463 4220 πολε
2474 4169 2590 4237 μεῖν
2618 4165 2731 4217 ἔστι
2757 4164 2886 4217 ποτὲ
2914 4162 3089 4223 καλῶς
3121 4159 3251 4229 (51),
3280 4158 3419 4211 κατὰ
3448 4157 3539 4208 τὸν
3570 4156 3777 4207 ἐκείνου

2222 4261 2384 4330 νόμον
2423 4260 2516 4314 καὶ
2548 4258 2736 4326 λόγον’
2773 4256 2877 4319 ἓως
2921 4256 2964 4308 δ’
3004 4254 3068 4308 ἂν
3101 4254 3193 4323 ἐξῇ
3215 4293 3229 4317 ,
3265 4250 3398 4321 πρὸς
3424 4249 3523 4319 τὴν
3560 4248 3779 4318 είρήνην

2228 4352 2426 4424 μᾶλλον
2463 4348 2811 4404 ἀποκλιτέονο
2864 4344 3020 4399 τοῦτο
3056 4344 3165 4415 γὰρ
3203 4340 3526 4414 ὑψηλότερον
3581 4356 3641 4391 τε
3691 4338 3780 4390 καὶ

2225 4444 2637 4514 θεοειδέστερον.
2689 4442 2775 4504 Ὡς
2827 4438 2971 4491 ἔστιν
3020 4438 3252 4500 ἄτοπον,
3294 4433 3397 4504 ἰδία
3434 4433 3530 4503 μὲν
3564 4432 3779 4503 ἄριστον

2230 4534 2627 4605 ὑπολαμϐάνειν
2657 4530 2717 4583 τό
2746 4530 2842 4599 τῆς
2870 4528 3114 4598 ὁμονοίας
3136 4566 3150 4588 ,
3184 4524 3414 4594 δημοσίᾳ⁵
3441 4522 3496 4574 δὲ
3541 4521 3617 4591 μὴ
3644 4521 3781 4571 λυσιο

2226 4623 2560 4676 τελέστατον.
2589 4622 2697 4673 Καὶ
2720 4619 2897 4672 οἰκίαν
2930 4617 3027 4688 μὲν
3062 4617 3152 4669 καὶ
3174 4616 3325 4667 πόλιν
3352 4611 3552 4681 ταύτην
3588 4612 3777 4682 ἄριστα

564 4716 788 4787 perinde
836 4714 1019 4768 utilem
1048 4724 1103 4768 et
1146 4712 1520 4766 fructuosam:
1565 4728 1628 4767 ac
1662 4714 1877 4767 domum
1909 4714 2103 4784 quiden

2227 4716 2570 4777 διοικεῖσθαι,
2601 4714 2717 4783 ἥτις
2754 4711 2817 4765 ἂν
2852 4709 3015 4781 μηδὲν
3064 4709 3096 4778 ἢ
3151 4708 3225 4771 ὡς
3278 4706 3531 4775 ἐλάχιστα
3564 4704 3780 4756 στασιά-

568 4809 713 4862 illam
751 4816 803 4862 et
830 4806 1101 4860 civitatem
1129 4804 1330 4873 Optime
1360 4804 1675 4872 gubernari,
1711 4819 1829 4872 qua:
1852 4806 1932 4860 vel
1963 4805 2120 4860 nullis

566 4902 808 4965 omnino,
838 4897 920 4952 vel
949 4907 1095 4952 certe
1132 4894 1368 4949 minimis
1400 4894 1636 4948 dissidiis
1690 4895 1919 4964 laboret,
1952 4909 2043 4951 aut
2077 4899 2122 4951 si

568 4990 809 5052 laboret,
840 4990 1243 5059 quamprimum
1283 4988 1348 5041 ad
1383 5002 1441 5042 se
1489 4987 1705 5052 redeat,
1737 4988 2029 5059 morboque
2059 4988 2124 5043 li-

639 5083 685 5116 ”
721 5083 897 5136 Eccle.
930 5097 1009 5146 ιιι,
1037 5080 1088 5133 8.

640 5179 752 5251 (ιδ)
774 5175 1158 5251 Συμμαχοῦ-σι
1176 5176 1271 5251 καί
1293 5178 1760 5251 σηινμμαχοῦντᾳι.
1785 5174 1984 5239 Billius,
2009 5193 2026 5227 ι
2043 5175 2117 5251 si-

572 5245 679 5305 mul
702 5257 956 5317 pugnant,
978 5255 1031 5299 et
1059 5246 1215 5317 sinml
1235 5260 1626 5315 oppugnantur.
1656 5245 1805 5300 rNon
1841 5255 1984 5317 recte
2001 5246 2121 5313 qui-

573 5314 715 5375 dem.
738 5314 946 5371 Etenim
976 5316 1123 5371 vocis
1150 5314 1349 5370 Caeca:
1381 5319 1491 5371 haec
1525 5327 1609 5372 est
1640 5332 1759 5369 vera
1784 5316 1950 5377 notio,
1984 5332 2120 5384 συμ-

577 5389 781 5460 μαχέω,
810 5401 999 5466 i~arma
1044 5386 1332 5467 cons-ocio,’
1363 5401 1478 5467 sum
1510 5386 1568 5467 _in
1617 5386 1761 5467 belli_
1778 5386 2063 5467 societate;
2098 5403 2115 5435 ι

575 5454 1037 5540 ᾠμμαχοῦμαιᾼ
1071 5454 1192 5508 belli
1226 5457 1400 5537 socios
1438 5456 1625 5535 habeo.
1662 5476 1680 5509 ι
1720 5455 1844 5511 Haec
1902 5454 1969 5510 ad
2010 5455 2123 5509 An-

579 5530 883 5582 tiochenum
912 5528 1143 5580 schisma
1180 5524 1368 5579 referri
1404 5526 1669 5580 videntur.

647 5598 759 5727 (46)
786 5598 1007 5682 τοσοες.
1046 5596 1175 5665 Reg.
1198 5596 1353 5665 Cyp.,
1382 5604 1436 5649 et
1458 5596 1544 5661 hu,
1573 5590 1673 5679 οἷς.

670 5667 757 5727 47)
798 5665 1157 5727 Αρξαμενον.
1199 5666 1325 5727 licg.
1352 5665 1539 5727 ανον..
1570 5683 1672 5727 αρχ

670 5667 757 5737 47)
792 5665 1159 5737 'Apfdyeror.
1188 5666 1325 5737 μσς.
1352 5665 1539 5735 Cypr.,
1570 5665 1704 5737 ἀρχό

651 5734 761 5803 (48)
792 5735 1092 5802 Προελθὸν
1134 5734 1218 5789 δέ.
1252 5734 1342 5790 Sic
1394 5734 1490 5793 nos
1535 5734 1653 5792 cum

577 5806 830 5864 omittunt
853 5805 926 5860 δέ.
965 5806 1119 5860 Enn.

1778 5681 1865 5718 νον
1872 5704 1885 5719 ο

1752 5750 1838 5807 eg.
1872 5736 1959 5791 hu.
1990 5732 2130 5790 Editi

2225 4809 2290 4879 ζῃ
2322 4807 2431 4878 (52)
2473 4805 2606 4875 πρὸς
2644 4802 2942 4873 ἐαυτὴν,ῆ
2989 4800 3151 4853 τοῦτο
3200 4800 3501 4868 πάσχουσα,
3556 4796 3779 4865 τάχιστα

2228 4898 2423 4970 ἐπανίῃ
2453 4897 2565 4967 (55)
2600 4898 2693 4949 καὶ
2722 4893 3119 4965 θεραπεύηται·
3149 4890 3226 4960 τῷ
3255 4890 3309 4943 δὲ
3339 4888 3500 4959 κοινῷ
3532 4888 3633 4957 τῆς
3668 4888 3780 4939 Ἐκο

2232 4989 2458 5061 κλησίας
2501 4988 2626 5042 ἄλλο
2666 4974 2740 5039 τι.
2764 4985 2965 5056 βέλτιον
3008 4979 3146 5035 εἶναι
3180 4982 3273 5035 καὶ
3322 4978 3777 5052 πρεπωδέστερον.

2296 5172 2406 5246 (49)
2438 5172 2977 5240 Πολιτευσάμενον.
3022 5166 3152 5236 Reg.
3187 5166 3275 5231 hu,
3311 5174 3364 5220 et
3400 5163 3492 5219 Or.
3542 5166 3597 5229 ί,
3640 5162 3781 5216 πολι-

2223 5244 2528 5313 τευόμενον.

2297 5314 2408 5382 (50)
2448 5311 2726 5382 Ἐπαινῶ,
2752 5310 2899 5382 Reg.
2920 5307 3010 5382 hu”,
3039 5304 3296 5382 ἐπαινῶν.

2300 5375 2411 5453 (51)
2444 5375 2942 5453 Καλῶς-,ρρεεέεὶη
2976 5375 3106 5453 Reg.
3139 5377 3247 5429 bm.

2298 5441 2409 5526 (52)
2471 5441 2782 5519 Στασίἀζῃ.
2844 5447 2977 5513 Reg.
3040 5447 3131 5510 hu,
3192 5454 3245 5499 et
3298 5441 3393 5497 0r.
3457 5443 3504 5507 Ι,
3566 5441 3775 5495 στασιά-

2231 5525 2420 5665 ζοιξξίδ)
2468 5588 2878 5665 Ἐπανίῃηξὶο
2926 5600 3020 5641 nos
3069 5599 3189 5665 cum
3218 5584 3339 5665 _Or.
3677 5581 3775 5639 hm,

2148 5690 2153 5697 -
2237 5652 2472 5736 ὲπὲνείῃ.
2540 5652 2715 5735 Apud"
2760 5659 3011 5724 Montac.,
3067 5655 3334 5727 ἑπανήκῃ.
3386 5652 3560 5719 Editi,
3623 5654 3772 5705 ὲπαν·

2241 5737 2328 5791 ίοι.
2355 5736 2510 5792 Eon.
