3914 6404
194 397 310 452 illi)

1281 401 1542 461 ORATIO
1580 403 1746 459 XXII.
1784 427 1860 448 -ν
1897 404 1985 460 DE
2031 403 2204 460 PACE
2244 406 2309 460 11.

3263 401 3398 460 1150

190 512 284 566 Καὶ
309 513 454 567 αὑτὸν
491 515 588 584 μὲν
622 515 874 580 ἕκαστον,
903 516 1050 580 ὅπως
1085 517 1151 570 ἂν
1186 518 1320 590 πρὸς
1356 519 1550 573 ἑαυτὸν
1584 522 1726 592 εἰρη-

1839 521 2095 585 beretur;
2134 521 2440 590 reipublicze
2467 529 2644 576 autem
2676 519 3054 576 ecclesiasticae
3080 517 3223 573 aliud
3245 518 3403 587 quid.

191 604 318 676 γεύῃ,
358 607 671 670 σπουδάζειν
702 608 932 680 (εἰρήνη
964 608 1021 661 δὲ
1065 608 1128 662 τὸ
1172 608 1284 680 (54)
1328 610 1448 663 καθ’
1499 611 1726 664 ἕκαστον

188 697 385 768 αἱρετὸν,
418 698 512 752 καὶ
539 701 571 770 ἡ
603 699 744 753 κατὰ
769 699 878 752 τῶν
909 698 1099 752 παθῶν
1137 699 1482 770 δεσποτεία)·
1509 701 1644 771 πρὸς
1668 702 1725 754 δὲ

186 791 294 853 τοὺς
321 791 500 854 ἄλλους
537 792 612 863 μὴ
652 792 743 845 τὸν
781 792 940 845 αὐτὸν
975 791 1298 862 φαίνεσθαι,
1331 793 1444 846 ἀλλ’
1474 793 1725 864 ἡγεῖσθαι

186 881 319 945 δόξαν
348 882 556 948 ἑαυτοῦ,
590 883 690 954 τὴν
722 881 818 936 τοῦ
861 883 1087 953 πλησίον
1128 884 1441 938 κατάλυσιν.
1481 886 1592 938 Καὶ
1634 885 1726 938 τὸν

188 970 273 1040 μὲν
311 971 428 1026 Θεὸν
469 973 688 1041 ἀφιέναι
729 973 840 1044 (55)
876 974 1118 1029 κελεύειν
1178 975 1273 1028 καὶ
1313 979 1424 1039 τοίς
1473 976 1724 1046 ἁμαρτά-

185 1079 343 1116 νουσιν
369 1063 443 1126 si;
469 1065 636 1134 ἡμᾶς,
671 1063 744 1135 μὴ
776 1065 858 1117 ὅτι
888 1064 1138 1130 ἑπτάκις,
1172 1065 1308 1118 ἀλλά
1340 1065 1434 1120 καὶ
1468 1065 1725 1131 πολλάκις

183 1151 423 1218 τοσοῦτον,
453 1153 529 1216 ὡς
566 1153 661 1206 τοῦ
694 1154 911 1224 ἀφιέναι
945 1156 1005 1209 τὸ
1033 1157 1288 1225 ἀφίεσθαι
1319 1158 1721 1230 προξενοῦντος

181 1244 311 1314 ἡμᾶς
338 1244 389 1297 δὲ
435 1245 529 1298 καὶ
576 1249 690 1310 τοῖς
727 1247 881 1302 οὐδὲν
915 1248 1158 1303 ἀδικοῦσι
1198 1250 1599 1324 προθυμότερον
1631 1253 1728 1305 έπ-

179 1334 425 1404 ηρεάζειν,
448 1336 480 1408 ἢ
505 1338 636 1409 παρ’
664 1338 838 1394 ἄλλων
872 1341 1296 1412 εύεργετεῖσθαι.
1319 1344 1430 1396 Καὶ
1459 1343 1725 1416 τοσαύτην

182 1424 268 1494 μὲν
291 1425 391 1496 (56)
420 1426 616 1479 εἰδέναι
651 1431 764 1492 τοῖς
799 1429 1164 1500 εἰρηνοποιοῖς
1206 1431 1580 1504 ἀποκειμένην
1621 1451 1726 1502 μα-

178 1516 482 1587 καριότητα,
522 1516 661 1570 ὥστε
697 1519 791 1572 καὶ
834 1521 983 1582 υἱοὺς
1027 1519 1162 1573 Θεοῦ
1221 1522 1724 1594 προσαγορεύεσθαι

179 1606 352 1676 μόνους
382 1609 436 1659 ὲν
457 1611 524 1680 τῇ
560 1606 710 1674 τάξει
746 1609 854 1664 τῶν
893 1610 1216 1682 σωζομένων
1243 1613 1394 1685 (57)-ο
1433 1614 1630 1678 αὐτοὺς
1667 1614 1725 1667 δὲ

174 1702 257 1754 καὶ
280 1701 570 1772 φιλέχθρως
599 1702 840 1772 ἔχοντας,
875 1702 1066 1758 ἔπειτα
1088 1705 1294 1760 οἴεσθαι
1319 1707 1415 1761 καὶ
1448 1707 1559 1780 (58)
1595 1708 1724 1778 φίλα

1831 629 1990 681 quam
2043 614 2191 668 bono
2219 614 2369 682 pacis
2406 614 2596 668 melius
2639 629 2701 669 ac
2752 613 3115 686 przrstabilins
3146 626 3265 667 esse
3298 630 3311 666 :
3343 619 3400 667 et

1828 720 2270 776 unumquemque
2296 707 2534 774 quidem,
2570 715 2630 759 ut
2656 720 2837 760 secum
2870 715 3092 774 pacatus
3123 705 3212 768 sit,
3237 719 3399 758 omne

1827 797 2060 850 studium
2085 799 2343 852 adhibere
2399 799 2521 868 (pax
2555 799 2700 852 enim
2755 797 2883 851 illud
2919 806 3041 858 est,
3079 797 3221 865 quod
3249 796 3398 864 quis-

1827 901 1930 953 que
1977 888 2230 956 privatim
2283 889 2506 958 expetit,
2543 896 2705 957 atque
2750 886 2803 940 iu
2841 886 3175 939 turbulentas
3230 883 3397 936 animi

1828 977 2195 1044 permotiones
2261 977 2620 1048 imperium);
2679 991 2805 1045 erga
2854 975 2990 1030 alios
3047 983 3224 1027 autem
3285 989 3392 1027 non

1826 1072 2074 1126 eumdem
2122 1085 2182 1125 se
2204 1073 2444 1140 praebere
2464 1114 2479 1139 ,
2516 1087 2703 1126 verum
2733 1071 2961 1142 proximi
2995 1070 3399 1140 oppressionem

1828 1161 2055 1232 gloriam
2088 1175 2240 1214 suam
2287 1162 2484 1218 ducere
2523 1183 2535 1218 :
2571 1163 2623 1217 id
2669 1163 2833 1218 etiam
2891 1161 3186 1216 absurdum
3227 1159 3394 1214 fuerit

1826 1253 2162 1319 existimare,
2194 1254 2365 1322 quod,
2397 1269 2519 1307 cum
2549 1255 2690 1309 Dens
2720 1254 2933 1323 quidem
2975 1253 3061 1320 iis,
3110 1267 3139 1306 a
3199 1252 3395 1321 quibus

1826 1341 1936 1396 laesi
1975 1339 2255 1408 fuerimus,
2289 1357 2394 1395 non
2425 1343 2598 1397 solum
2635 1345 2835 1412 septies
2861 1381 2876 1407 ,
2909 1344 3002 1398 sed
3054 1343 3285 1412 saepius,
3335 1356 3401 1397 ac

1829 1432 1988 1487 toties
2023 1447 2192 1488 noxas
2226 1433 2503 1488 remittere
2549 1433 2777 1500 jubeat,
2819 1436 2962 1504 quod
3013 1435 3262 1490 videlicet
3311 1448 3400 1488 re-

1827 1523 2013 1579 missio
2051 1525 2428 1579 remissionem
2464 1525 2717 1580 conciliet
2740 1526 2825 1579 “:
2874 1527 3029 1581 nobis
3071 1535 3250 1581 autem
3280 1525 3399 1580 lici-

1832 1624 1942 1669 tum
1979 1615 2070 1680 sit,
2105 1629 2200 1670 eos
2232 1617 2420 1681 etiam,
2452 1631 2480 1670 a
2532 1617 2730 1686 quibus
2785 1618 2934 1672 nulla
2991 1618 3146 1673 nobis
3202 1617 3399 1686 injuria

1827 1706 1971 1760 illata
2003 1715 2108 1771 est,
2140 1707 2632 1765 libentiori.animo
2675 1710 2952 1774 divexare,
2979 1725 3135 1777 quam
3165 1710 3231 1764 ab
3274 1707 3398 1762 aliis

172 1789 410 1862 πράττειν
451 1791 590 1862 Θεῷ,
628 1793 706 1864 τῷ
745 1793 969 1848 παθόντι
999 1795 1108 1867 (59)
1158 1796 1224 1849 δι’
1259 1799 1431 1868 ἡμᾶς,
1468 1798 1555 1852 ἵνα
1586 1799 1720 1870 πρὸς

1833 1798 2090 1852 beneﬁcio
2122 1797 2257 1854 allici
2287 1817 2300 1853 :
2331 1815 2394 1853 ac
2425 1815 2546 1855 cum
2589 1809 2793 1854 tantam
2831 1801 3045 1869 quidem
3101 1800 3389 1854 beatitudi-

171 1883 348 1937 ἑαυτὸν
374 1883 661 1957 εἰρηνεύσῃ
681 1926 695 1952 ,
726 1887 822 1939 καὶ
854 1886 1132 1960 καταλύσῃ
1166 1887 1259 1943 τὸν
1296 1891 1354 1943 ὲν
1395 1891 1528 1961 ἡμῖν
1565 1891 1724 1944 πόλε-

1833 1899 1946 1940 nem
2001 1887 2242 1956 pacilicis
2290 1889 2624 1944 reconditam
2669 1905 2790 1944 esse
2825 1899 3164 1958 perspectum
3211 1889 3302 1952 sit,
3335 1898 3395 1944 ut

170 1991 281 2044 μον.

1833 1977 1887 2033 in
1920 1978 2221 2034 electorum
2243 1981 2453 2049 ordine,
2487 1981 2584 2036 soli
2632 1981 2726 2035 ﬁlii
2759 1979 2856 2034 Dei
2893 1990 3155 2035 vocentur
3182 1979 3262 2045 ης
3297 1995 3398 2036 nos

165 2078 356 2132 autem,
412 2069 537 2124 dum
595 2067 1002 2124 inimicitiarum
1059 2079 1116 2124 et
1165 2069 1496 2124 simultatum
1530 2083 1714 2124 amore
1748 2077 2014 2134 tenemur,
2048 2070 2102 2124 in
2143 2085 2204 2125 ea
2239 2078 2419 2126 tamen
2475 2073 2729 2142 opinione
2760 2086 3056 2139 versemur,
3123 2079 3181 2125 ut
3246 2071 3376 2136 Deo,

163 2165 251 2233 qui
309 2179 400 2234 pro
471 2164 646 2229 nobis,
713 2173 770 2218 ut
825 2179 925 2220 nos
993 2179 1174 2220 secum
1225 2166 1275 2219 in
1324 2165 1553 2235 gratiam
1607 2166 1925 2232 reduceret,
1981 2166 2288 2237 bellumque
2333 2175 2577 2223 nostrum
2625 2167 2937 2223 intestinum
2985 2167 3392 2236 exstingueret,

162 2260 414 2331 supplicio
442 2258 665 2313 allectus
695 2269 800 2323 est,
842 2275 955 2314 rem
988 2258 1216 2330 gratiam
1268 2258 1450 2315 facere
1480 2258 1811 2312 arbitremur

223 2355 340 2421 ις’.
373 2352 680 2425 Μηδαμῶς,
730 2347 776 2407 ὦ
804 2354 949 2424 φίλοι
998 2354 1094 2408 κα)⁴
1130 2353 1371 2423 ἀδελφοὶ,
1423 2351 1566 2405 οῦτω
1608 2352 1725 2406 δια-

154 2449 414 2522 νοώμεθα.
450 2449 798 2520 Αίδεσθῶμεν
841 2448 902 2502 τὸ
937 2447 1108 2520 δῶρον
1152 2447 1246 2500 τοῦ
1281 2446 1580 2518 εἰρηνικοῦ,
1625 2444 1724 2516 τὴν

153 2544 393 2615 εἰρήνην,
417 2541 483 2612 ἣν
509 2541 721 2595 ἐνθένδε
752 2541 930 2595 ἀπιὼν
957 2541 1170 2611 ἀφῆκεν
1196 2540 1349 2610 ἡμῖν,
1381 2538 1570 2610 ῶσπερ
1600 2537 1726 2593 ἄλλο

147 2650 200 2686 τι
231 2631 492 2702 ὲξιτήριον
541 2629 676 2701 (60).
719 2631 857 2683 Ἕνα
889 2629 1126 2700 πόλεμον
1165 2627 1394 2698 εἰδῶμεν
1415 2668 1430 2692 ,
1465 2627 1554 2680 τὸν
1585 2625 1726 2680 κατὰ

147 2727 250 2794 τῆς
291 2721 674 2793 ἀντικειμένης
718 2721 1019 2790 δυνάμεως.
1052 2719 1311 2789 Εἴπωμεν
1363 2718 1582 2787 ἀδελφοὶ
1628 2716 1723 2770 καὶ

145 2816 263 2877 τοῖς
283 2813 528 2884 μισοῦσιν
557 2812 724 2883 ἡμᾶς,
744 2811 809 2864 ἂν
834 2811 942 2882 ἄρα
958 2809 1237 2879 δέχωνται.
1269 2808 1724 2880 Συγχωρήσωμὲν

141 2924 196 2960 τι
222 2905 436 2978 μικρὸν,
463 2905 552 2958 ἵνα
581 2904 642 2957 τὸ
681 2903 790 2974 (61)
827 2903 1008 2974 μεῖζον
1040 2902 1439 2972 ἀντιλάϐωμεν,
1465 2900 1564 2972 τὴν
1590 2899 1720 2971 ὁμό-

141 3016 315 3054 νοιαν.
361 2995 745 3068 Ἠττηθῶμεν,
795 2996 884 3050 ἵνα
917 2996 1255 3067 νικήσωμεν.
1297 2994 1492 3064 Ὁρᾶτε
1525 2992 1723 3063 νόμους

140 3090 444 3163 ἀθλήσεως,
487 3091 584 3144 καὶ
621 3088 935 3143 παλαιστῶν
964 3088 1341 3158 ἀγωνίσματα,
1377 3086 1425 3139 οἳ
1459 3085 1538 3157 τῷ
1571 3087 1723 3139 κάτω

139 3182 362 3236 κεῖσθαι
406 3183 666 3246 πολλάκις
715 3181 907 3236 νικῶσι
941 3182 1068 3244 τοὺς
1102 3178 1550 3250 ὑπερκειμένους.
1587 3176 1723 3230 Τού-

137 3293 270 3338 τους
295 3271 648 3345 ζηλῶσωμεν,
696 3272 770 3344 μὴ
807 3272 916 3325 τῶν
940 3271 1276 3343 δαιτυμόνων
1301 3270 1427 3333 τοὺς
1457 3271 1726 3339 ἀπληστο-

135 3367 359 3438 τέρους,
399 3367 431 3436 ἢ
468 3364 575 3420 τῶν
613 3365 874 3436 ἐμπόρων
898 3381 911 3394 ο
941 3356 1014 3416 ὧν
1040 3363 1089 3416 οἱ
1129 3363 1231 3434 μὲν
1265 3361 1521 3433 ἀμέτρως
1557 3362 1728 3432 ἐμφο-

139 3459 407 3531 ρηθέντες
454 3455 564 3509 τῶν
606 3455 1008 3528 προκειμένων,
1047 3456 1096 3506 oi
1136 3454 1194 3507 δὲ
1233 3453 1332 3525 τὴν
1380 3451 1511 3506 ναῦν
1545 3451 1728 3524 φορτί-

137 3568 339 3614 σαντες
361 3590 374 3614 ,
404 3550 598 3603 θᾶττον
628 3547 946 3621 ὲρράγησαν
992 3547 1086 3600 καὶ
1125 3545 1564 3614 συγκατέδυσαν,
1597 3545 1631 3616 ἦ
1675 3562 1728 3598 τι

130 3647 238 3716 τῆς
280 3643 592 3713 ἀπληστίας
625 3640 962 3705 ἀπέλαυσαν,
992 3639 1080 3693 ἵνα
1109 3639 1281 3710 μικρά
1315 3637 1637 3710 κερδάνωσι,
1661 3635 1730 3690 τὰ

133 3735 358 3807 μεγάλα
379 3733 773 3806 ζημιωθέντες.
810 3732 950 3802 Ἐγὼ
974 3731 1071 3802 μὲν
1092 3725 1183 3784 οῦν
1199 3728 1371 3783 ταῦτα
1390 3731 1485 3784 καὶ
1507 3728 1614 3800 βοῶ
1637 3728 1731 3781 καὶ

126 3823 624 3897 διαμαρτύρομαι,
651 3823 746 3877 καὶ
775 3821 836 3875 τὸ
857 3821 956 3892 τῆς
989 3821 1211 3892 Γραφῆς
1237 3819 1405 3873 ποιῶν
1437 3820 1496 3872 ού
1529 3818 1732 3872 παύσο-

131 3937 242 3990 μαι
264 3935 278 3946 ·
313 3916 419 3970 Διά
446 3917 600 3971 Σιὼν
628 3917 698 3970 οὐ
732 3913 1147 3984 σιωπήσομαι,
1178 3913 1275 3966 καὶ
1310 3911 1408 3966 διὰ
1446 3912 1733 3980 Ἰερουσα-

125 4011 270 4080 λὴμ
311 4006 698 4075 οὐχ’ἀνήσω·
732 4008 830 4061 καὶ
875 4009 986 4076 γὰρ
1021 4005 1286 4059 ἐκλείπει
1326 4005 1364 4072 ἡ
1398 4003 1570 4073 ψυχή
1612 4021 1731 4074 μου

123 4103 234 4156 ἐπὶ
255 4101 384 4167 τοῖς
396 4099 869 4170 ἀναιρουμένοις,
891 4099 1086 4160 οἵτινες
1105 4097 1165 4149 ού
1179 4096 1514 4168 τραυματίαι
1537 4095 1734 4166 μαχαί-

126 4212 238 4266 ρας
267 4233 282 4253 .
317 4191 442 4246 οὐδὲ
464 4189 798 4263 τραυματίαι
819 4188 980 4260 λιμοῦ
1016 4185 1281 4258 γινόμεθα
1318 4185 1452 4257 (62),
1483 4203 1734 4256 τραυμα-

117 4289 246 4342 τίαι
279 4287 338 4340 δὲ
367 4284 667 4354 φιλοδοξίας
692 4285 724 4354 ἢ
748 4282 1038 4354 φιλαρχίας
1057 4297 1070 4311 ·
1097 4281 1172 4343 ὡς
1205 4279 1340 4350 μηδὲ
1371 4279 1433 4332 τὸ
1462 4278 1728 4332 ἐλεεῖσθαι

119 4379 348 4452 μᾶλλον
373 4378 486 4449 ἦτὸ
513 4377 788 4449 μισεῖσθαι
808 4374 918 4447 (65)
945 4391 1006 4427 συ
1015 4373 1264 4445 μϐαίνειν
1284 4375 1396 4435 τοῖς
1416 4371 1730 4428 πίπτουσιν.

1897 2354 2035 2408 λιι.
2069 2353 2226 2410 Absit
2253 2369 2282 2408 a
2322 2368 2498 2418 nonis,
2539 2369 2572 2410 ο
2604 2364 2801 2410 .ratres
2827 2363 2882 2410 et
2907 2369 3091 2419 ειη-οι,
3125 2369 3238 2410 naee
3259 2356 3382 2412 ani-

1829 2445 1898 2498 mi
1934 2445 2228 2500 sententia.
2262 2445 2477 2500 Paciﬁci
2507 2446 2650 2501 illius
2683 2462 2898 2510 munus,
2925 2447 3028 2502 hoc
3059 2455 3141 2500 est
3188 2461 3399 2518 pacem,

1828 2551 2196 2601 revereamur,
2265 2553 2426 2605 quam
2480 2538 2634 2592 nobis
2691 2539 2819 2592 hinc
2885 2538 3168 2594 discedens
3249 2541 3404 2610 quasi

1829 2624 1975 2679 aliud
2008 2625 2276 2695 quoddam
2314 2627 2550 2696 legatum
2593 2627 2812 2698 reliquit
2840 2629 2909 2684 9°.
2951 2627 3127 2683 Unum
3163 2628 3264 2685 hoc
3289 2631 3402 2685 bel-

1829 2718 1937 2772 lum
1969 2733 2349 2789 agnoscamus,
2380 2720 2521 2788 quod
2557 2735 2678 2773 cum
2732 2719 3061 2775 adversariis
3111 2722 3400 2790 potestati-

1827 2811 1929 2866 bus
1967 2812 2350 2866 committitur.
2403 2812 2509 2867 Eus
2559 2826 2815 2882 quoque,
2861 2814 2952 2881 qni
3014 2813 3168 2868 nobis
3217 2814 3401 2870 infesti

1829 2910 1979 2970 sunt,
2010 2903 2242 2957 fratrum
2273 2903 2494 2957 nomine
2520 2903 2872 2972 appellemus,
2899 2905 2942 2958 si
2977 2915 3152 2960 tamen
3180 2905 3230 2960 id
3251 2921 3407 2976 aequo

1828 2997 2011 3050 animo
2070 2993 2370 3064 patiantur.
2405 2994 2673 3064 Exiguum
2721 2994 2976 3062 quiddam
3018 2997 3403 3064 concedamus,

1831 3097 1912 3152 ut,
1938 3088 2082 3157 quod
2134 3086 2313 3156 majus
2347 3095 2430 3141 est
2456 3126 2472 3150 ,
2509 3086 2858 3156 recipiamus,
2893 3087 3146 3141 nimirum
3179 3102 3407 3143 conm!—

1831 3182 1998 3236 diam.
2030 3179 2185 3235 Vinci
2218 3195 2316 3234 nos
2344 3181 2588 3234 sinamus
2617 3219 2632 3244 ,
2666 3189 2726 3233 ut
2756 3179 3056 3234 vincamus.
3087 3179 3277 3235 Videte
3305 3194 3404 3250 pa-

1831 3274 2024 3329 laestra:
2057 3272 2228 3342 leges,
2259 3282 2314 3326 et
2361 3270 2689 3325 athletarum
2729 3270 3027 3324 certamina
3055 3310 3069 3336 ,
3099 3271 3188 3339 qui
3223 3283 3290 3324 ex
3335 3287 3401 3325 eo

1829 3364 2170 3436 plerumque,
2208 3365 2353 3434 quod
2410 3363 2560 3417 humi
2607 3363 2813 3432 jacent,
2843 3362 2928 3429 iis,
2959 3362 3048 3432 qui
3087 3377 3251 3432 supra
3312 3363 3402 3418 siti

1829 3466 1956 3513 sunt
1982 3497 1999 3525 ,
2035 3456 2320 3512 victoriam
2374 3465 2722 3524 extorquent.
2774 3453 2882 3508 llos
2925 3453 3264 3519 aerriulemur,
3297 3469 3400 3508 non

1831 3547 2268 3619 inexplebiliores
2285 3547 2541 3602 convivas
2570 3555 2663 3601 aut
2693 3554 3045 3610 mercatores,
3079 3546 3169 3615 qui
3205 3546 3400 3615 partim

1832 3641 2189 3696 immoderate
2227 3638 2490 3709 appositis
2519 3636 2693 3708 epulis
2724 3637 3064 3707 ingurgitati,
3089 3636 3282 3705 partim
3313 3637 3395 3690 ni-

1832 3732 1956 3786 miis
1988 3731 2260 3786 mercibus
2290 3739 2516 3785 onerata
2550 3743 2708 3793 nave,
2745 3738 2989 3782 ventrem
3023 3728 3203 3798 potius
3228 3727 3406 3781 disru-

1832 3825 2034 3894 perint,
2061 3840 2125 3879 ac
2154 3823 2331 3877 navim
2367 3837 2548 3877 secum
2585 3819 2968 3883 demerserint,
3019 3834 3181 3888 quam
3222 3827 3282 3871 ut
3333 3833 3401 3872 ex

1833 3918 1935 3972 hac
1985 3913 2292 3984 inexplebili
2325 3913 2583 3968 aviditate
2631 3910 2868 3966 fructum
2913 3908 3076 3964 ullum
3108 3908 3399 3978 coeperint,

1832 4008 2050 4063 amissis
2087 4007 2341 4061 maximis
2397 4013 2454 4060 ut
2502 4003 2698 4074 exigua
2731 4011 3037 4060 tuerentur.
3067 4003 3241 4072 Atque
3281 4003 3399 4072 ipse

1833 4100 2051 4169 quidem
2114 4099 2228 4153 haec
2275 4097 2450 4153 clamo
2502 4106 2558 4151 et
2607 4103 2903 4159 contestor,
2949 4109 3049 4149 nec
3077 4134 3094 4160 ,
3136 4094 3280 4163 quod
3329 4093 3408 4148 ait

1835 4192 2137 4262 Scriptura,
2175 4191 2355 4246 facere
2380 4189 2624 4244 desinam
2656 4207 2669 4242 :
2703 4187 2925 4255 Propter
2953 4184 3081 4240 Sion
3119 4201 3225 4238 non
3263 4194 3408 4239 (aee-

1835 4285 1917 4350 bo,
1952 4297 1998 4338 et
2029 4296 2241 4354 propter
2263 4283 2560 4338 Jerusalem
2590 4298 2693 4335 non
2729 4282 2990 4351 quiescant
3023 4276 3271 4348 ".535
3305 4276 3412 4331 De-

1832 4377 1943 4445 ﬁcit
1976 4377 2157 4429 anima
2190 4391 2304 4429 mea
2337 4385 2549 4443 propter
2586 4371 2890 4440 interfectos
2918 4371 2985 4437 “,
3017 4386 3152 4439 quos
3187 4371 3406 4439 quidem

128 4474 344 4544 ’Υμεῖς
381 4471 459 4538 δὲ,
504 4473 550 4522 εἰ
575 4469 672 4540 μὲν
705 4466 948 4536 ὃέχοισθε
979 4465 1106 4528 τοῦς
1130 4464 1296 4535 ἐμοὺς
1334 4463 1546 4531 λόγους,
1573 4463 1726 4516 τοῦτο

1836 4485 1942 4523 ιιοιι
1976 4468 2187 4538 gladius
2214 4475 2306 4521 aut
2341 4466 2532 4526 fames.
2566 4465 2659 4519 sed
2690 4463 2874 4532 gloria:
2913 4474 2966 4517 et
3005 4462 3215 4526 imperii
3256 4477 3409 4516 amor

112 4567 368 4636 ἄμεινον
404 4561 770 4632 ἀμφοτέροις·
813 4560 861 4611 εί
889 4557 946 4611 δὲ
987 4555 1300 4609 διαπτύοιτε
1348 4554 1442 4608 καὶ
1485 4554 1726 4625 ἀποπέμ-

1837 4561 2132 4626 sauciavit;
2188 4561 2262 4616 ita
2309 4568 2384 4624 ut,
2429 4559 2516 4628 qui
2573 4557 2812 4622 cadunt,
2844 4572 2948 4610 non
2998 4555 3406 4610 miserationem

112 4653 355 4716 ποισθε,
389 4652 647 4714 νικῶντος
674 4651 766 4702 τοῦ
799 4649 1002 4711 πάθους
1032 4647 1121 4700 τὸν
1156 4645 1432 4715 λογισμὸν,
1467 4645 1590 4715 ἐμοὶ
1634 4645 1726 4714 μὲν

1841 4654 2010 4723 magis
2061 4669 2222 4724 quam
2274 4652 2456 4708 odium
2513 4650 2597 4705 sui
2650 4650 2908 4704 excitent.
2937 4648 3042 4704 Vos
3088 4657 3307 4713 autem,
3361 4649 3408 4702 si

113 4745 347 4807 ἱκανῶς
371 4741 688 4811 ἀφωσίωται
711 4741 806 4794 καὶ
827 4738 897 4791 τὰ
931 4737 1068 4810 πρὸς
1092 4737 1248 4797 Θεὸν,
1277 4736 1368 4788 καὶ
1393 4735 1460 4787 τὰ
1483 4736 1620 4806 πρὸς
1641 4737 1733 4788 άν-

1839 4749 2180 4803 sermonibus
2237 4747 2373 4802 meis
2425 4745 2716 4816 parueritis
2745 4784 2762 4810 ,
2811 4744 3008 4799 melius
3055 4743 3301 4812 utrisque
3352 4741 3407 4795 id

109 4837 401 4910 θρώπους
420 4852 434 4864 ⁸
471 4834 625 4887 οὐδὲν
647 4833 779 4904 γὰρ,
807 4827 982 4901 οἶμαι,
1021 4828 1184 4881 πλέον
1212 4827 1437 4898 ζητήσει
1474 4844 1579 4892 τις,
1611 4827 1726 4880 οὐδὲ

1837 4839 2037 4906 fuerit;
2067 4841 2150 4894 sin
2191 4849 2394 4904 autem,
2423 4837 2618 4892 aﬂ'ectu
2651 4836 2916 4890 rationem
2947 4843 3256 4903 superante,
3285 4847 3412 4887 con-

105 4932 236 4984 τῶν
270 4928 491 4999 σφόδρα
520 4925 813 4998 εἰρηνικῶν
839 4942 900 4976 τε
929 4922 1026 4976 καὶ
1054 4920 1316 4991 φιλοθέων
1336 4936 1350 4950 ⁸
1396 4920 1554 4991 ὑμεῖς
1587 4919 1631 4972 δ’
1667 4919 1726 4973 ἂν

1834 4931 2150 4986 temnendos
2176 4946 2270 4985 eos
2294 4939 2350 4984 et
2394 4926 2756 4998 repudiandus
2780 4926 3066 4989 duxeritis,
3116 4925 3232 4995 ipse
3279 4922 3398 4991 qui-

103 5027 374 5098 εἰδείητε
396 5025 467 5079 τά
494 5025 619 5096 ἑξῆς
655 5023 787 5092 (64).
815 5022 888 5075 Οὐ
917 5021 1026 5091 γὰρ
1058 5018 1169 5088 ἐγώ
1205 5037 1258 5072 τι
1287 5019 1590 5091 προσθήσω
1621 5017 1726 5071 τῶν

1833 5021 1980 5089 dem,
2010 5031 2064 5076 et
2095 5031 2355 5092 quantum
2386 5021 2453 5075 ad
2499 5018 2689 5084 Deum,
2729 5028 2783 5073 et
2806 5027 3067 5086 quantum
3115 5016 3182 5070 ad
3235 5013 3411 5069 homi-

184 5165 239 5197 ”
267 5163 473 5217 Matth.
509 5177 670 5226 xvm,
704 5160 791 5214 22.
868 5159 914 5191 ⁸⁸
943 5158 1132 5215 Matth.
1158 5174 1210 5220 v.
1244 5158 1296 5212 9.
1373 5158 1420 5190 "
1442 5158 1603 5214 Joan.
1632 5176 1747 5228 xtv,
1783 5161 1874 5219 9.7.
1952 5165 1995 5198 ’⁷
2021 5161 2123 5218 lsa.
2149 5177 2280 5226 un,
2304 5162 2356 5216 1.
2433 5159 2482 5192 ’⁸
2513 5156 2623 5214 Jer.
2656 5173 2729 5225 Iv,
2755 5157 2844 5212 5i.

1899 5297 2011 5366 (59)
2068 5293 2152 5360 Τῷ
2183 5296 2452 5366 παθόντι.
2491 5295 2625 5366 Reg.
2663 5293 2757 5357 hu,
2797 5290 2874 5362 τῷ
2899 5290 2990 5366 καὶ
3024 5289 3266 5366 παθόντι.

181 5303 329 5426 (Si)
358 5301 588 5371 Εἰρήνη
629 5301 698 5355 δὲ
741 5302 830 5366 τό,
886 5309 990 5354 etc.
1027 5297 1159 5370 Reg.
1200 5299 1295 5367 hu,
1335 5301 1527 5371 εἰρήνη
1574 5299 1631 5352 δὲ
1687 5303 1722 5372 ἡ

181 5397 234 5438 δ,
265 5392 296 5425 e
334 5391 389 5424 ο.
1250 5420 1264 5438 ,λ

1899 5297 2011 5366 (59)
2068 5297 2152 5360 Τῷ
2183 5297 2452 5348 παθόντι.
2491 5297 2625 5363 Reg.
2663 5297 2757 5357 hu,
2797 5297 2874 5362 τῷ
2899 5297 2990 5343 καὶ
3024 5297 3266 5342 παθόντι.
3426 5345 3430 5348 ,

1899 5369 2009 5438 (60)
2057 5365 2408 5434 Ἐξιτήριον.
2475 5384 2495 5416 ι
2534 5365 2848 5419 Extremum
2885 5361 3131 5416 abeuntis
3183 5359 3407 5414 manda-

88 5377 234 5440 τοῦ,
265 5383 389 5426 etc.
1250 5420 1256 5429 ,

127 5396 675 5514 οἴ55)(⁷”Αφιέναι.
728 5441 820 5498 Sic
864 5440 1105 5510 plerique
1134 5420 1290 5496 codd.
1325 5440 1380 5495 l-n
1431 5441 1542 5506 ed.,
1584 5458 1724 5514 παρ-

1899 5396 2009 5438 ιυυΙ

1837 5448 1982 5514 turn.
1999 5457 2033 5514 _t

91 5499 314 5570 Ié‘l‘at.'
460 5499 479 5512 '
1667 5499 1677 5514 ’

1905 5509 2016 5579 (tit)
2063 5509 2154 5562 Τό.
2182 5509 2339 5562 Deest
2369 5507 2422 5579 in
2450 5507 2618 5579 tribus
2641 5503 2835 5579 Regg.,
2866 5511 2920 5557 et
2952 5499 3122 5579 Oral.

180 5585 325 5656 (56)
363 5582 512 5639 Μέν.
549 5583 644 5639 Sic
686 5583 858 5654 Regg.
885 5583 997 5650 bm,
1040 5583 1138 5647 hu,
1187 5581 1284 5638 Or.
1318 5582 1367 5646 1,
1414 5591 1518 5637 etc.
1565 5583 1726 5638 Deest

2042 5577 2478 5656 ΔΓινόμεϐιιικίῐιι
2525 5576 2689 5646 chg.
2725 5569 2933 5644 plures,
2964 5581 3017 5627 ct
3051 5571 3145 5624 υτ.
3184 5570 3233 5626 1.
3279 5569 3410 5636 Alii,

81 5659 148 5713 in
177 5649 313 5711 ὀιΙί
770 5649 832 5654 ﬂ
984 5649 987 5650 ν

1835 5649 2127 5720 γενόμεθα,
2159 5664 2344 5717 prave.
2374 5649 2536 5720 lintr.

1905 5709 2016 5791 (63)
2055 5709 2303 5776 Μᾶλλον
2354 5718 2392 5786 ἢ
2442 5717 2504 5770 τὸ
2548 5714 2874 5786 μισεῖσθαι.
2932 5711 3056 5766 llaec
3099 5711 3292 5766 desunt
3354 5709 3411 5766 in

1835 5793 2022 5936 02.614)
2065 5860 2140 5916 Τὰ
2178 5859 2344 5929 ἐξῆςο
2375 5859 2506 5930 [les-
2543 5859 2634 5925 hu,
2664 5867 2714 5913 et
2745 5852 3175 5922 Οι·.1.τὺὲξῆς,

169 5726 316 5799 (57)
362 5726 488 5782 Τῶν
511 5722 878 5792 σωζομένων.
912 5724 1098 5781 Billius
1127 5741 1139 5777 :
1175 5742 1194 5774 ι
1233 5737 1418 5778 eorum
1454 5724 1544 5794 qui
1578 5722 1723 5781 salu-

77 5810 216 5854 tem
264 5805 718 5865 causeqttuntur.
754 5814 772 5846 ›

163 5868 314 5941 (58)
341 5869 483 5922 Kal.
516 5867 675 5922 Deest
708 5867 759 5922 in
788 5865 956 5938 Regg.
985 5868 1095 5935 bm,
1127 5867 1219 5933 hu,
1253 5873 1308 5923 et
1329 5865 1424 5925 0r.
1461 5866 1508 5921 l.
