3914 6404
483 281 614 341 “5|

1679 295 1738 350 S.
1781 293 2114 352 CREGOHII
2156 295 2502 355 THEOLOGI

3606 293 3731 349 lll‘.

481 418 614 467 nes,
651 401 824 458 oﬂicio
855 418 974 459 meo
1032 405 1312 475 satisl'eci;
1341 422 1515 478 neque
1541 411 1684 474 enim
1741 414 2053 483 quisquam,

2181 415 2530 486 τραχυτέρων,
2568 414 2757 485 ἐπειδὴ
2803 413 3010 468 παίδων
3044 410 3324 482 φείδεσθαι
3365 411 3639 482 πατρικὸς
3663 411 3738 465 νό-

481 497 698 552 tametsi
759 496 915 565 pacis
961 498 1250 554 admodum
1303 501 1578 559 studiosus
1618 505 1825 574 Deique
1876 522 2062 562 amore

479 587 757 658 praeditus,
781 600 811 639 a
845 601 950 653 me,
980 597 1038 640 ut
1059 588 1275 657 opinor,
1301 591 1532 661 amplius
1553 593 1756 664 aliquid
1787 599 2058 665 requiret;

477 693 578 733 vas
609 693 755 744 vero,
779 694 898 748 quze
918 679 1113 736 deinde
1135 691 1453 752 sequentur,
1478 686 1741 744 videritis.
1773 688 1884 744 Nec
1909 689 2053 744 enim

480 772 731 840 asperius
767 771 972 842 aliquid
1003 773 1277 843 adjiciam,
1310 779 1746 849 quandoquidem
1789 781 1914 836 liliis
1937 783 2056 852 p'ar-

2171 520 2290 575 μος.
2332 505 2469 560 Ἀλλ’
2494 506 2622 560 ἵλεω
2655 505 2870 577 τύχοιτε
2899 505 3011 575 (65)
3036 506 3130 558 καὶ
3153 502 3430 575 εἰρηνικοῦ
3459 502 3555 556 τοῦ
3591 503 3741 574 μεγὰ-

2166 597 2258 652 λου
2289 599 2504 671 κριτοῦ,
2537 600 2634 654 νῦν
2660 618 2720 654 τε
2746 601 2843 655 καὶ
2873 601 2931 653 ὲν
2975 600 3162 671 ἡμέρᾳ
3205 598 3622 659 ἀνταποδόσεως
3645 636 3659 660 ,
3692 599 3744 652 ἐν

2159 691 2311 763 αὐτῷ
2340 694 2562 764 Χριστῷ
2593 693 2672 765 τῷ
2693 693 2884 765 Κυρίῳ
2907 693 3084 766 ἡμῶν·
3115 686 3159 760 ᾧ
3179 695 3213 763 ὴ
3243 691 3372 758 δόξα
3411 691 3508 743 καὶ
3539 689 3604 741 τὸ
3628 690 3744 760 κρά-

2157 800 2250 848 τος
2273 782 2382 855 (66)
2407 786 2487 849 εἰς
2508 787 2636 850 τοὺς
2656 786 2859 849 αἰῶνας
2885 785 2995 838 τῶν
3028 784 3240 839 αἰώνων
3269 783 3407 851 (67).
3452 782 3652 850 Ἀμήν.

479 879 603 920 cere
636 863 716 918 lex
783 875 1006 934 paterna
1072 878 1175 924 est.
1222 869 1440 925 Utinam
1505 883 1688 929 autem
1721 890 1971 944 magnum
2009 876 2154 930 illum
2189 876 2430 947 judicem
2468 881 2756 949 propitium
2788 889 2844 934 et
2869 888 3118 948 pacatum
3150 877 3305 932 vobis
3332 875 3577 945 experiri
3622 889 3746 927 con-

481 957 674 1026 tingat,
706 969 758 1012 et
790 975 954 1028 nunc,
988 971 1044 1016 et
1075 963 1126 1017 in
1170 965 1255 1020 die
1288 967 1683 1034 retributionis,
1724 969 1775 1023 in
1806 971 1922 1040 ipso
1959 968 2178 1025 Christo
2205 970 2436 1028 Domino
2465 981 2650 1029 nostro
2671 1014 2686 1039 ,
2725 973 2812 1028 cui
2845 972 3017 1044 gloria
3049 980 3104 1027 et
3140 971 3428 1040 imperium
3467 968 3522 1022 in
3557 965 3743 1021 saeui:

477 1049 821 1103 smculurum.
857 1052 1047 1108 Amen.

558 1221 662 1302 (6.5)
707 1225 968 1302 Ίςύχοιτε,
1006 1225 1097 1283 Sic
1126 1229 1260 1296 Reg.
1298 1229 1390 1296 lttt,
1435 1229 1598 1288 Coisl.
1629 1234 1682 1298 1,
1723 1233 1816 1292 Or.
1868 1235 1920 1302 1,
1954 1243 2061 1291 etc.

478 1291 537 1347 In
566 1291 652 1348 ed.
689 1291 860 1362 τύχοι.

552 1366 663 1435 (66)
702 1353 812 1420 Keil
868 1367 936 1422 τὸ
992 1367 1227 1437 κράτος.
1270 1369 1396 1426 Haec
1447 1372 1640 1428 desunt
1698 1376 1750 1429 in
1792 1379 2064 1446 plerisque

894 1711 1276 1793 ORATIO
1350 1710 1608 1790 XXIII
1670 1696 1780 1789 (δ).

2171 1235 2353 1432 ῗοῗόξ)
2400 1305 2521 1360 Τῶν
2541 1303 2790 1360 αἰώνων.
2827 1303 2920 1360 Sic
2966 1303 3136 1374 Regg.
3172 1303 3285 1367 bm,
3321 1301 3418 1368 bu,
3447 1307 3559 1355 etc.
3596 1298 3747 1358 Deest

2175 1393 2228 1432 tn
2264 1391 2295 1431 e
2337 1414 2352 1430 .

2175 1393 2228 1432 tn
2264 1391 2352 1432 eu.

2610 1703 2978 1792 ΛΟΓΟΣ
3016 1705 3169 1791 ΚΓ
3197 1698 3236 1784 ’.

488 1886 668 1943 Tertia
699 1889 763 1944 de
793 1906 940 1959 pace,
970 1907 1158 1972 quam.
1192 1903 1304 1972 post
1353 1891 1634 1972 dissidium
1675 1891 2062 1961 composuimus

2181 1885 2476 1972 ῖιρηνικδς
2510 1885 2836 1972 imitate
2864 1885 2982 1972 τὴτ
2998 1879 3751 1972 στὲμσαρνινσπὶνρμεῖὲηῐὴν

838 1977 952 2028 nos,
990 1963 1082 2028 qui
1108 1961 1338 2031 ejusdem
1365 1961 1490 2029 ﬁdei
1517 1978 1721 2016 sumus.

556 2098 594 2152 Ι.
623 2097 783 2152 Zelus
826 2107 909 2152 est
938 2099 1196 2165 fervidus,
1225 2099 1461 2171 Spiritus
1489 2100 1649 2163 lenis,
1685 2102 1927 2155 cltarttas
1960 2115 2055 2155 oe-

484 2190 668 2257 nigna,
715 2188 797 2242 vel
828 2189 1008 2258 potius
1044 2191 1273 2260 ipsamet
1302 2191 1626 2260 benignitas,
1656 2207 1780 2260 spes
1814 2193 2062 2262 longani-

486 2281 589 2334 tuis
620 2279 804 2336 :zelus
845 2282 1112 2346 accendit,
1170 2281 1406 2352 Spiritus
1459 2284 1689 2352 mitigat,
1723 2299 1844 2354 spes
1875 2301 2064 2356 exspe-

485 2380 630 2435 ctat,
666 2372 906 2427 cbaritas
936 2373 1296 2442 constringit,
1321 2387 1420 2428 nec
1457 2374 1683 2435 bonum.
1714 2376 1856 2446 quod
1881 2376 1932 2430 in
1969 2391 2064 2432 no-

486 2460 569 2513 bis
598 2470 702 2525 est,
733 2460 985 2530 dissipari
1015 2476 1078 2515 ac
1108 2461 1348 2518 dililuerc
1395 2464 1545 2528 sinit,
1575 2465 1826 2532 quamvis
1853 2465 2054 2535 alioqui

487 2549 646 2606 ﬂium
689 2551 1009 2622 fragilisque
1060 2564 1268 2606 natura:
1325 2555 1540 2609 simus:
1577 2565 1738 2624 atque
1796 2571 1828 2612 e
1883 2558 2059 2613 tribus

489 2663 678 2711 unum,
722 2656 814 2700 aut
865 2663 987 2701 cum
1019 2657 1120 2710 est,
1154 2656 1355 2714 manet,
1389 2660 1483 2703 aut
1518 2664 1638 2703 cum
1675 2658 1820 2703 mota
1852 2659 1906 2704 et
1938 2666 2067 2706 con-

491 2738 642 2792 vulsa
685 2747 790 2804 est,
825 2737 878 2791 in
928 2738 1195 2808 integrum
1230 2738 1552 2804 restituitur,
1587 2750 1822 2795 autcum
1849 2741 2068 2796 absces-

490 2831 584 2893 sit,
616 2831 947 2895 revertitur;
983 2846 1086 2884 non
1114 2846 1272 2886 secus
1305 2845 1367 2886 ac
1394 2830 1610 2901 plantae,
1655 2848 1774 2900 qua:
1821 2834 2068 2890 manibus

491 2937 587 2991 per
624 2923 728 2976 vim
756 2923 808 2976 in
837 2923 1112 2978 diversum
1144 2931 1350 2989 tractte,
1389 2925 1550 2978 simul
1585 2933 1746 2996 atque
1780 2927 2064 2981 dimittun-

494 3024 600 3076 tur,
638 3015 820 3068 statim
856 3015 921 3070 ad
956 3030 1097 3077 sese,
1123 3016 1463 3085 primamque
1506 3033 1660 3072 suam
1693 3029 1949 3073 naturam
1981 3033 2069 3073 re-

492 3117 745 3171 currunt,
807 3107 969 3175 idque
1007 3107 1106 3161 sibi
1162 3108 1438 3176 proprium
1487 3122 1609 3163 esse
1663 3112 1978 3174 ostendunt,
2009 3121 2068 3164 ut

495 3196 678 3251 inrita:
709 3197 925 3266 quidem
974 3197 1341 3263 inﬂectautur,
1383 3215 1487 3255 non
1541 3199 1723 3256 invita:
1751 3213 1929 3256 autem
1961 3204 2069 3257 eri-
2098 3240 2140 3296 ο

493 3301 709 3358 gautur.
757 3288 958 3344 Vitium
997 3291 1139 3345 enim
1187 3302 1272 3346 est
1316 3301 1508 3346 natura
1541 3295 1758 3362 quidem
1801 3295 1852 3349 in
1888 3312 2068 3365 prout-

495 3394 608 3448 pttt,
656 3392 711 3436 et
753 3382 926 3436 l'acilis
966 3383 1032 3436 ad
1066 3383 1262 3437 malum
1300 3401 1514 3449 cursus,
1556 3397 1610 3440 et
1641 3385 1804 3441 funda
1843 3388 1893 3441 in
1931 3405 2069 3458 pra!-

494 3489 624 3541 ceps
669 3473 874 3540 labens,
916 3483 1008 3527 aut
1038 3477 1201 3529 etiam
1253 3475 1462 3531 festuca
1504 3479 1771 3546 qumdam,
1825 3495 1945 3548 qua:
2001 3479 2068 3532 ad

495 3566 786 3619 scintillam
831 3577 886 3620 et
926 3577 1141 3621 ventum
1170 3566 1328 3622 facile
1369 3569 1718 3623 succenditur
1761 3579 1812 3625 et
1858 3569 2072 3625 inﬂam-

498 3665 695 3723 matur,
752 3667 807 3711 et
862 3673 965 3710 una
1029 3673 1150 3712 cum
1207 3675 1305 3714 suo
1364 3659 1472 3714 fetu
1526 3640 1849 3716 absumitur.
1907 3661 2076 3734 426

496 3748 738 3803 Flamma
786 3751 982 3818 quippe
1029 3751 1270 3805 materiae
1311 3753 1452 3806 l'etus
1499 3760 1604 3817 est,
1659 3768 1724 3808 ac
1787 3757 2072 3809 materiam

497 3841 692 3908 ipsum,
729 3856 832 3895 non
883 3843 1040 3896 aliter
1079 3850 1242 3911 atque
1279 3843 1552 3913 improbos
1596 3845 1844 3899 homines
1872 3847 2073 3915 impro-

499 3935 660 3998 bitas,
694 3935 951 3998 absumtt,
979 3936 1305 4002 tandemque
1344 3951 1467 3989 cum
1518 3951 1614 3990 suo
1663 3937 1923 3991 alimento
1953 3953 2075 3992 eva-

499 4025 691 4077 nescit.
724 4023 779 4078 Si
813 4027 933 4094 quis
957 4036 1134 4080 tamen
1163 4027 1228 4080 ad
1259 4028 1382 4081 boni
1413 4029 1642 4096 alicujus
1669 4030 1912 4084 habitum
1951 4045 2074 4100 per-

500 4118 728 4182 venerit,
757 4133 930 4186 eoque
959 4119 1174 4187 penitus
1219 4121 1461 4174 imbuttts
1495 4121 1678 4187 fuerit,
1723 4123 1847 4176 huic
1874 4121 1982 4190 jam
2018 4124 2070 4178 in

501 4209 691 4261 vitium
729 4209 837 4262 labi
884 4209 1158 4266 diﬂicilius
1200 4212 1329 4276 erit,
1380 4227 1543 4280 quam
1586 4215 1653 4267 ab
1698 4213 1850 4267 initio
1875 4212 2072 4267 bonum

2233 1951 2544 2014 ἀύσταὰιὺ·
2565 1951 3119 2028 (69)’ἐποιησάμεθὶι
3151 1960 3206 2011 οι
3243 1951 3530 2026 ὁμόδοξοι
3553 1951 3684 2024 (⁵16).

2233 2097 2312 2150 A'.
2341 2094 2556 2167 Θερμδς
2582 2095 2610 2146 ὁ
2637 2093 2820 2163 ζῆλος,
2867 2095 3040 2164 πρᾶον
3079 2092 3141 2146 τὸ
3177 2090 3425 2162 Πνεῦμα,

2137 2205 2265 2268 ς-ἹΞΨ
2299 2187 2565 2259 ἡάγάπη,
2600 2186 2800 2257 μᾶλλον
2829 2186 2872 2238 δ’
2904 2182 3417 2255 αὑτοφιλανθρωπὶα
3437 2198 3452 2212 ο
3484 2180 3752 2253 μακράθυ.

2167 2285 2318 2354 μονὴ
2345 2282 2521 2345 ἐλπίς.
2560 2282 2617 2335 '0
2640 2281 2799 2350 ζῆλος
2825 2281 3076 2342 ἀνάπτει,
3098 2279 3160 2332 τὸ
3184 2277 3409 2348 Πνεῦμα
3435 2276 3692 2346 πραΰνει,
3718 2273 3751 2343 ἡ

2165 2374 2322 2437 ἐλπὶς
2358 2373 2641 2444 ἀναμένει,
2669 2371 2700 2441 ἡ
2728 2371 2914 2441 ἀγάπη
2945 2369 3124 2422 συνδεῖ
3147 2367 3282 2438 (71),
3314 2368 3410 2420 καὶ
3433 2366 3536 2419 οὐκ
3558 2366 3621 2435 ἐᾷ
3641 2381 3754 2416 snt:-

2165 2467 2426 2538 δασθῆναι
2465 2466 2526 2519 τὸ
2569 2467 2626 2519 ὲν
2656 2467 2785 2536 ἡμῖν
2814 2462 2995 2526 καλὸν,
3039 2461 3132 2514 καὶ
3165 2463 3213 2514 εἰ
3245 2458 3554 2528 σκεδαστῆς
3595 2459 3752 2526 ἐσμεν

2168 2560 2407 2630 φύσεως,
2437 2559 2529 2612 καὶ
2555 2558 2721 2631 τριῶν
2745 2557 2823 2620 ἓν,
2857 2557 2890 2626 ἢ
2921 2552 3054 2609 οὖσα
3075 2555 3246 2626 μένει,
3270 2553 3300 2624 ἦ
3325 2552 3612 2623 κινηθεῖσα
3634 2549 3755 2604 καθ-

2171 2651 2408 2715 ίσταται,
2437 2652 2469 2721 ἢ
2503 2648 2812 2703 ἀπελθοῦσα
2843 2647 3087 2701 ἐπάνεισι
3111 2664 3124 2676 ·
3150 2644 3406 2715 καθάπερ
3442 2643 3558 2696 τῶν
3583 2643 3754 2712 φυτῶν

2167 2742 2202 2797 ἃ
2234 2743 2324 2814 βίᾳ
2354 2743 2509 2815 χερσὶ
2535 2740 2967 2813 μετασπώμενα,
2986 2734 3084 2791 εἶτ’
3111 2737 3403 2807 ἀφιέμενα,
3437 2735 3577 2807 πρὸς
3599 2734 3754 2788 ἑαυτὰ

2169 2836 2332 2889 πάλιν
2393 2835 2756 2908 ὲπανατρέχει
2813 2835 2906 2887 καὶ
2963 2833 3061 2904 τὴν
3117 2830 3339 2903 πρώτην
3400 2829 3615 2882 ἑαυτῶν
3668 2829 3757 2896 ’.ξύ-

2172 2946 2256 2983 σιν
2279 2927 2414 2997 (72),
2447 2926 2540 2981 καὶ
2566 2927 2805 2981 δείκνυσι
2842 2925 2902 2978 τὸ
2940 2926 3138 2978 οἰκεῖον
3166 2963 3181 2987 ,
3218 2922 3308 2994 βία
3342 2921 3446 2992 μὲν
3477 2921 3755 2974 ἀποκλινὸ-

2175 3038 2333 3093 μενα,
2360 3021 2420 3072 οὐ
2453 3020 2544 3090 βίᾳ
2573 3019 2628 3071 δὲ
2652 3016 3046 3088 ἁνορθούμενα.
3073 3014 3236 3068 Φύσει
3269 3014 3366 3085 μὲν
3390 3013 3505 3085 γὰρ
3541 3013 3753 3085 πρόχει-

2177 3131 2266 3185 ρον
2303 3111 2416 3182 (75)
2447 3114 2479 3181 ὴ
2510 3111 2698 3172 κακία,
2738 3109 2830 3162 καὶ
2861 3108 3026 3171 πολὺς
3053 3107 3147 3160 ἐπὶ
3178 3107 3238 3159 τὸ
3267 3109 3451 3178 χεῖρον
3486 3107 3517 3159 ὁ
3546 3106 3757 3176 δρόμος,

2176 3204 2305 3276 ῥοῦς
2327 3203 2468 3258 κατά
2500 3201 2739 3275 πρανοῦς
2761 3201 2990 3274 τρέχων,
3021 3199 3054 3270 ἢ
3082 3199 3302 3271 καλάμη
3329 3217 3414 3264 τις
3441 3199 3583 3269 πρὸς
3618 3216 3760 3251 61m-

2177 3295 2318 3367 θῆρα
2354 3295 2450 3348 καὶ
2488 3295 2688 3364 ἄνεμον
2725 3292 2924 3365 ῥᾳδίως
2963 3291 3324 3361 ἐξαπτομένη,
3367 3290 3466 3343 καὶ
3505 3290 3759 3360 γινομένη

2176 3387 2330 3456 φλὸξ,
2361 3387 2456 3440 καὶ
2497 3383 2958 3454 συνδαπανωμένη
2991 3382 3068 3453 τῷ
3093 3381 3276 3453 οξκεέῳ
3303 3381 3416 3452 (74)
3441 3383 3756 3452 γεννήματι.

2178 3479 2298 3552 Πῦρ
2341 3479 2449 3551 γὰρ
2485 3477 2616 3548 ὕλης
2648 3477 2915 3546 γέννημα,
2965 3475 3058 3529 καὶ
3097 3476 3314 3546 δαπανᾷ
3351 3475 3451 3544 τὴν
3502 3474 3656 3544 ὓλην,
3692 3473 3763 3536 ὡς

2176 3570 2302 3633 τοὺς
2332 3570 2535 3632 κακοὺς
2561 3571 2594 3640 ἡ
2629 3567 2818 3626 κακία.
2845 3566 2937 3618 καί
2955 3567 3020 3636 τῇ
3047 3567 3220 3636 τροφῇ
3256 3564 3681 3636 συναπέρχεται.
3703 3565 3761 3616 Εἰ

2177 3661 2233 3715 δέ
2277 3680 2360 3726 τις
2415 3664 2471 3714 ὲν
2518 3661 2629 3727 ’ἐξει
2675 3657 2841 3713 καλοῦ
2888 3675 3032 3721 τινος
3071 3658 3303 3726 γένοιτο,
3337 3658 3435 3709 κα)⁵
3479 3658 3575 3710 ἀπ’
3607 3654 3763 3710 αὖτοί

2184 3755 2466 3824 ποιωθεξη,
2509 3755 2568 3807 τὸ
2606 3753 2934 3824 μεταπεσεῖν
2975 3750 3401 3823 ἐργωδέστερον,
3441 3749 3477 3820 ἣ
3520 3749 3762 3818 γενέσθαι

2180 3847 2273 3900 ἀπ’
2300 3847 2475 3918 ἀρχῆς
2508 3844 2731 3913 ἀγαθόν.
2770 3841 2987 3912 Ἐπειδὴ
3024 3842 3116 3894 καὶ
3147 3841 3324 3911 χρόνῳ
3355 3838 3469 3910 (75)
3505 3840 3601 3891 καὶ
3632 3837 3764 3907 λόγῳ

2181 3939 2477 4011 βεϐαιωθέν
2529 3938 2670 3991 ἅπαν
2714 3935 2895 3998 καλὸν,
2934 3933 3094 4002 φύσις
3126 3931 3476 3993 καθίσταται,
3521 3930 3762 4000 καθάπερ

2181 4033 2274 4086 καὶ
2303 4034 2335 4102 ἡ
2365 4033 2422 4084 ἐν
2458 4032 2588 4100 ἡμῖν
2620 4028 2832 4096 ἀγάπη,
2872 4025 2988 4096 μεθ’
3017 4020 3085 4094 ἧς
3115 4021 3456 4094 λατρεῦομεν
3505 4024 3574 4090 τῇ
3605 4020 3761 4080 ὅντως

2181 4125 2392 4197 ἀγάπῃ,
2422 4123 2516 4176 καὶ
2540 4124 2604 4194 ἢν
2633 4122 3020 4192 ἠγαπήσαμεν,
3045 4117 3140 4170 καὶ
3168 4115 3368 4179 παντὸς
3389 4113 3485 4168 τοῦ
3511 4114 3626 4186 βίου
3648 4129 3764 4183 προ-

2183 4214 2557 4286 εστησάμεθα.
2832 4202 2835 4204 ’

502 4305 640 4358 ﬁeri.
671 4304 1116 4375 Quandoquidem
1166 4308 1366 4362 bonum
1414 4323 1600 4372 omne,
1672 4319 1916 4380 tempore
1974 4324 2037 4364 ac
2098 4311 2307 4365 ratione
2372 4309 2772 4372 conﬁrmatum,
2820 4315 3026 4358 natura:
3056 4303 3162 4356 vim
3189 4305 3425 4365 obttnet,
3474 4300 3624 4357 velut
3657 4312 3768 4352 nae

502 4410 717 4466 quoque
765 4396 962 4450 animis
1006 4395 1207 4451 nostris
1253 4397 1417 4450 infixa
1462 4399 1736 4464 ebaritas,
1785 4415 1908 4454 cum
1973 4415 2078 4468 qua
2119 4415 2306 4454 veram
2371 4400 2692 4454 cbaritatetn
2731 4396 3004 4463 colimus,
3040 4403 3096 4450 et
3123 4410 3284 4463 quam
3319 4394 3598 4449 cbaritate
3624 4405 3766 4446 com-

508 4488 648 4560 plexi
675 4502 885 4550 sumus,
916 4496 1079 4555 atque
1127 4487 1291 4540 totius
1323 4488 1445 4541 vita:
1475 4489 1759 4557 praesidem
1806 4501 1862 4544 et
1897 4489 2310 4545 moderatricem
2339 4491 2495 4543 nobis
2523 4488 2828 4542 statuimus.

575 4584 638 4638 ll.
685 4581 786 4638 Ubi
830 4592 958 4636 sunt
1001 4583 1186 4652 igitur,
1227 4580 1318 4650 qui
1370 4596 1456 4635 res
1506 4591 1744 4647 nostras,
1777 4592 1885 4636 tam
1922 4583 2070 4649 bene,

2258 4583 2332 4636 B'.
2374 4579 2483 4635 Ποῦ
2517 4579 2694 4632 τοίνυν
2723 4577 2858 4632 οἰτά
2887 4577 3128 4649 ἡμέτερα
3145 4576 3442 4648 τηροῦντες
3474 4573 3765 4646 ἐπιμελῶς,

505 4689 667 4744 quam
697 4673 837 4728 male
882 4688 940 4728 se
983 4673 1266 4736 habentes,
1300 4675 1544 4728 studiose
1569 4689 1633 4729 ac
1667 4675 1955 4745 diligenter
1980 4679 2080 4730 ob-

504 4779 745 4833 servant,
782 4782 889 4821 non
924 4776 982 4820 ut
1007 4766 1273 4836 judicent,
1308 4767 1400 4820 sed
1431 4777 1490 4820 ut
1515 4767 1840 4838 improbent;
1879 4783 1978 4824 nec
2021 4779 2080 4823 ut

507 4860 665 4913 nobis
705 4857 1069 4926 gratulentur,
1099 4856 1192 4910 sed
1226 4864 1281 4909 ιιι
1305 4855 1595 4923 insultent;
1621 4868 1675 4911 et
1705 4868 1762 4911 ut
1791 4859 1939 4919 bona,
1959 4857 2080 4927 qui-

508 4951 628 5006 dem
687 4950 1133 5012 calumniantur,
1191 4949 1330 5001 mala
1389 4957 1571 5002 autem
1628 4949 1851 5018 tragicis
1899 4950 2080 5006 verbis

582 5121 607 5148 ι
642 5107 790 5161 Alias
812 5105 954 5160 Χιιι.
980 5104 1110 5172 Qua:
1140 5113 1318 5159 autem
1354 5104 1425 5159 25
1454 5113 1590 5169 erat,
1613 5119 1753 5159 nunc
1777 5103 1865 5158 25.
1891 5135 1959 5144 —
1992 5103 2092 5160 lla-

514 5180 624 5234 bita
658 5187 776 5242 post
802 5178 1216 5243 praet-edentem,
1246 5177 1387 5230 eirea
1425 5176 1657 5229 medium
1683 5191 1881 5228 annum
1912 5176 2034 5230 579.

584 5247 697 5318 (68)
737 5247 1077 5318 Εἰρηνικὸςᾲ
1106 5252 1174 5318 7f:
1230 5245 1321 5301 Sic
1363 5245 1599 5318 postulat
1652 5261 1830 5318 rerum
1899 5247 2090 5318 series,

512 5315 650 5389 quas
679 5315 730 5406 in
760 5315 1081 5406 praecedenti
1126 5315 1328 5372 Monito
1366 5316 1734 5385 exposuimus.
1763 5315 1819 5370 lu
1845 5317 1955 5385 ed.,
1997 5318 2092 5371 Ei-

519 5388 737 5461 ρηνικὸς
766 5388 830 5458 β’.

588 5459 699 5527 (69)
740 5459 1066 5512 Σύστασιν.
1095 5454 1187 5511 Or.
1215 5458 1264 5522 l,
1302 5457 1511 5512 στάσιν.

583 5525 702 5615 (76)
747 5532 810 5583 Ol
850 5527 1146 5598 ὁμόδοξοι.
1191 5530 1323 5600 lieg.
1358 5531 1449 5594 ltu,
1480 5525 1720 5582 ctCoisl.
1753 5526 1804 5592 l,
1845 5529 1894 5581 οἰ
1938 5527 2096 5602 ὀρθό-

516 5599 702 5736 60???)
752 5668 1038 5738 Ἡάτάπη
1074 5669 1304 5722 συνδεῖ·
1357 5667 1481 5724 ¹¹ί¹θ⁰
1523 5667 1689 5723 mh“
1734 5667 1785 5721 i"
1829 5667 1962 5738 “eg‘
2002 5669 2094 5736 hu"

519 5749 574 5795 et
605 5739 774 5819 ριδεί1
799 5741 1201 5819 transferuntur
1227 5741 1362 5819 inira
1397 5752 1514 5819 ppst
1546 5739 1778 5819 :ptioswg.

594 5808 704 5882 (72)
744 5810 853 5865 Καὶ
878 5809 990 5878 τὴν
1013 5808 1248 5878 πρώτη-ν
1272 5809 1501 5866 ἑαυτῶν
1521 5813 1728 5880 φύσιν.
1758 5809 1880 5865 llaec
1909 5809 2100 5866 desunt

2183 4671 2243 4726 εὖ
2271 4690 2331 4725 τε
2364 4672 2458 4724 καὶ
2487 4671 2561 4733 ὡς
2595 4669 2796 4740 ἑτέρως
2835 4668 3046 4739 ἔχοντα,
3074 4669 3172 4738 οὐχ
3208 4669 3296 4720 ἴνα
3331 4669 3619 4738 κρίνωσιν,

2187 4765 2272 4818 ἵνα
2299 4764 2629 4818 κακίσωσιν’
2661 4761 2770 4814 οὐδ’
2795 4761 2882 4814 ἵνα
2911 4761 3270 4831 συνησθῶσιν,
3294 4759 3410 4813 ἀλλ’
3431 4761 3498 4811 ἶν’
3527 4757 3771 4827 ὲφησθῶ-

2188 4876 2263 4924 σι,
2292 4858 2387 4912 καὶ
2415 4856 2483 4909 τὰ
2509 4855 2606 4926 μὲν
2639 4853 2780 4908 καλά
2814 4857 3280 4925 συκοφαντήσωσι,
3301 4853 3377 4906 ’τά
3403 4851 3462 4903 δὲ
3492 4851 3670 4918 φαῦλα
3695 4855 3773 4904 ἐκ·

2187 4949 2602 5023 τραγῳδήσωσι,
2635 4947 2728 5001 καὶ
2761 4946 3058 5016 ἀπολογίαν
3087 4946 3251 5018 ἔχωσι
3285 4945 3396 4998 τῶν
3425 4943 3645 4998 οἰκείων
3681 4962 3772 4998 κα·

2193 5107 2246 5162 in
2277 5107 2372 5162 0r.
2405 5106 2457 5161 1.

2262 5178 2375 5248 (75)
2413 5179 2757 5253 Πρόχειρον.
2783 5176 2872 5253 Οις.
2899 5176 2950 5253 ἰ,
2971 5173 3280 5253 πρόχειρος.
3305 5170 3520 5253 Dillius,
3554 5191 3574 5223 ι
3606 5171 3775 5253 Qun:

2191 5243 2366 5318 quam
2399 5243 2650 5303 euitnnin
2689 5247 2912 5317 proclivi
2965 5243 3036 5299 sit
3081 5243 3309 5318 vitium,
3360 5243 3668 5312 ingensque
3715 5243 3773 5293 ad

2193 5315 2394 5394 titulum
2429 5315 2858 5394 cursusApateat,
2907 5325 3068 5394 atque
3100 5316 3254 5394 unda;
3297 5315 3352 5366 in
3393 5328 3648 5394 praeceps
3693 5327 3776 5388 ce-

2192 5388 2410 5444 lerrime
2453 5383 2668 5444 labenti
2709 5387 2884 5464 sitt‘tile
2922 5387 3015 5449 sit,
3063 5384 3347 5464 autetiam
3391 5383 3622 5464 [estucas
3668 5383 3772 5464 cui-

2193 5459 2359 5528 piam,
2387 5475 2507 5529 quae
2547 5463 2612 5513 ad
2657 5457 2945 5519 scintillam
2978 5467 3033 5529 et
3064 5467 3282 5508 ventum
3313 5452 3461 5529 facili
3503 5463 3773 5506 momento

2195 5524 2565 5595 succenditur,
2596 5529 2922 5597 ﬂammaque
2955 5524 3297 5597 eﬂectagtna
3334 5525 3580 5597 demum,
3614 5542 3634 5574 ι
3673 5532 3771 5574 etc.

2266 5599 2380 5670 (74)
2425 5599 2508 5665 Τῷ
2531 5592 2746 5667 οἰκείῳ.
2781 5592 3043 5670 Ιῖὸεηιιιι,
3069 5606 3125 5649 et
3148 5594 3241 5670 Ot'.
3277 5593 3328 5653 i.
3360 5592 3443 5670 τιξί
3476 5592 3612 5670 ἰδξιρ.

2267 5661 2380 5794 (ῑξὶ)
2421 5661 2530 5794 Ιᾶὰὶ
2549 5661 2766 5743 χρόνω.
2797 5661 2890 5726 Sic
2924 5667 3091 5739 [ξοδδ.
3121 5681 3174 5734 a,
3199 5665 3294 5732 bu,
3321 5673 3377 5718 et
3404 5661 3501 5721 0r.
3537 5661 3588 5716 ι’.
3624 5663 3772 5717 Deest

2267 5780 2270 5792 ι
2315 5758 2367 5794 tn
2403 5757 2432 5794 e

2197 5743 2289 5796 καί
2315 5743 2367 5798 in
2403 5743 2468 5798 ed
