3914 6404
202 354 343 409 1155

1321 360 1580 417 ORATIO
1616 362 1809 418 XXI“.
1836 366 2009 422 -υε
2047 366 2223 424 PACE
2262 367 2348 424 Ill.

3307 376 3448 434 1154

198 468 333 533 κῶν,
381 466 453 522 τὰ
492 465 601 520 τῶν
633 468 856 541 πλησίον
890 469 1178 542 τραύματα
1207 472 1347 543 (76);
1401 476 1511 529 εἴθε
1551 477 1761 540 δικαίως

1879 489 2231 550 exaggerent,
2262 490 2425 551 atque
2452 482 2519 538 ab
2553 482 2744 540 alienis
2772 482 3012 554 lapsibus
3040 486 3445 541 excusationem

198 559 477 629 κρίνοντες
496 554 631 611 ίἹΙν
660 558 768 630 γὰρ
792 560 857 613 ἄν
884 578 936 612 τι
958 562 1050 613 καὶ
1080 561 1241 632 χολῆς
1268 564 1482 633 ὄφελος,
1519 566 1658 620 κατὰ
1677 567 1775 638 τὴν

197 649 498 721 παροιμίαν
531 649 664 721 (77),
698 652 746 703 εί
781 649 930 720 φόϐῳ
970 649 1078 704 τῶν
1106 651 1317 724 ἐχθρῶν
1352 655 1596 727 ὑπῆρχεν
1636 653 1775 710 εἶναι

195 740 669 812 ἀσφαλεστέρουςο
706 740 801 795 νῦν
846 740 903 793 δὲ
951 741 1089 811 μετᾲ
1131 743 1233 811 τῆς
1272 743 1493 815 ἔχθρας,
1537 748 1631 801 καὶ
1677 748 1776 817 τῆς

195 833 589 902 ἐπισκοτούσης
632 835 744 894 τοῖς
787 833 1066 904 λογισμοῖς
1105 835 1323 901 κακίας,
1361 837 1450 905 ὑφ’
1494 833 1563 910 ἧς
1594 839 1715 893 οὐδὲ
1746 843 1776 894 ὁ

192 925 358 995 ψόγος
400 924 513 994 ἔχει
558 924 617 977 τὸ
655 923 985 989 ἀξιόπιστον.
1033 926 1143 979 Ποῦ
1174 928 1355 981 τοίνυν
1394 931 1444 981 οί
1492 931 1775 1000 μισοῦντες

192 1020 389 1090 ἐπίσης
421 1019 515 1071 καὶ
541 1017 769 1088 θεότητα
802 1019 895 1071 καὶ
928 1020 1075 1089 ἡμᾶς
1095 1036 1110 1083 ;
1134 1020 1290 1073 τοῦτο
1322 1021 1432 1092 γὰρ
1461 1015 1536 1075 ὧν
1568 1022 1773 1093 πάσχο-

195 1127 293 1180 μεν
317 1109 380 1161 τὸ
407 1109 1004 1180 μεγαλοπρεπέστατον,
1037 1112 1117 1164 ὅτι
1149 1112 1287 1182 μετὰ
1310 1113 1445 1166 Θεοῦ
1475 1115 1775 1169 κινδυνεύο-

194 1217 312 1270 μεν.
348 1201 458 1254 Ποῦ
500 1218 628 1254 ποτε
659 1202 790 1272 ἡμῖν
827 1204 878 1255 oi
910 1202 1019 1255 τῶν
1056 1203 1200 1257 ίδίων
1228 1206 1391 1276 πρᾶοι
1429 1207 1636 1277 κριταὶ,
1666 1208 1774 1261 τῶν

188 1294 245 1347 δὲ
274 1293 572 1365 ἀλλοτρίων
598 1294 847 1367 ἀκριϐεῖς
880 1294 1182 1361 ἐξετασταὶ,
1210 1298 1296 1350 ἵνα
1329 1298 1607 1352 κάνταῦθα
1636 1299 1772 1369 ψεύ-

187 1384 386 1438 δωνται
418 1386 515 1456 τὴν
537 1387 792 1457 ἀλήθειαν
816 1404 830 1451 ;
865 1388 975 1440 Ποῦ
1007 1406 1135 1442 ποτε
1158 1391 1290 1460 ἡμῖν
1311 1391 1361 1443 οί
1390 1391 1459 1444 τὰ
1484 1391 1774 1464 τραύματα

186 1478 427 1549 ἔχοντες,
454 1479 694 1541 καὶτοὺς
724 1479 996 1549 μώλωπας
1016 1479 1397 1546 ὁνειδίζοντες;
1427 1482 1476 1534 οἱ
1510 1482 1578 1535 τὰ
1606 1499 1773 1553 προσ⁴

187 1569 449 1639 κόμματα
481 1570 850 1641 διασύροντες,
906 1572 999 1624 καὶ
1049 1571 1119 1624 τὰ
1157 1572 1425 1642 πτώματα
1475 1573 1628 1626 αὐτοὶ
1662 1575 1770 1628 πά-

189 1678 445 1730 σχοντες;
485 1664 533 1714 οἱ
578 1662 656 1730 τῷ
706 1662 951 1734 βορϐόρῳ
997 1665 1507 1736 ὲγκαλινδούμενοι,
1539 1667 1630 1719 καὶ
1658 1669 1771 1730 τοῖς

188 1751 404 1815 σπίλοις
455 1752 611 1823 ἡμῶν
667 1754 1188 1824 ὲπευφραινὸμενοι;
1228 1757 1276 1808 οί
1318 1758 1438 1819 ταῖς
1471 1757 1649 1820 δοκοῖς
1673 1774 1769 1809 τυ-

1878 570 2024 625 vitiis
2048 571 2160 624 suis
2196 574 2481 641 quaerant?
2510 574 2729 630 Utinam
2755 585 2899 631 recte
2917 575 3261 645 judicarent!
3290 576 3449 634 Esset

1877 661 2021 714 enim
2057 661 2237 731 aliqua
2265 665 2427 718 etiam
2458 666 2580 722 bilis
2606 669 2832 734 utilitas,
2859 679 2918 723 ut
2943 678 3025 724 est
3048 671 3099 724 in
3133 670 3444 740 proverbio,

1880 751 1923 805 si
1977 752 2318 808 inimicorum
2372 767 2519 813 metu
2566 761 2838 817 cautiores
2891 761 3266 817 elilceremur:
3302 779 3447 819 nunc

1875 849 2054 894 autem
2090 856 2210 896 cum
2246 845 2371 899 odio
2411 856 2466 900 et
2509 848 2673 902 animi
2707 850 3071 919 improbitate,
3098 868 3219 920 quae
3249 854 3445 909 rationi

1880 930 2134 986 tenebras
2176 934 2426 998 oll'undit.
2452 946 2507 991 et
2546 939 2615 991 ob
2649 954 2809 1007 quam
2858 955 2927 994 ne
2968 943 3292 1010 vituperatio
3322 945 3435 1012 qui,

1878 1027 1999 1081 dem
2043 1027 2205 1080 ullam
2235 1030 2613 1084 auctoritatem
2646 1031 2834 1095 habet,
2858 1034 2923 1087 ad
2957 1034 3311 1102 iudicandum
3348 1053 3443 1092 ac-

1874 1119 2093 1173 cedunt.
2132 1119 2230 1174 Ubi
2270 1131 2395 1175 sunt
2426 1122 2607 1193 igitur,
2654 1123 2745 1193 qui
2782 1124 3119 1179 divinitatem
3154 1128 3362 1197 pariter
3389 1139 3446 1184 et

1874 1225 1973 1264 nos
1997 1211 2266 1265 oderunt?
2294 1210 2407 1267 Hoc
2440 1213 2583 1267 enim
2631 1230 2697 1268 ex
2740 1217 3012 1281 omnibus,
3041 1234 3160 1288 quae
3186 1221 3441 1289 patimur,

1874 1301 2298 1357 illustrissimum
2375 1310 2430 1357 et
2481 1306 3072 1374 magnificentissimum
3121 1320 3203 1365 est
3233 1351 3247 1375 ,
3294 1315 3439 1381 quod

1873 1407 1994 1445 cum
2028 1392 2139 1446 Deo
2170 1391 2560 1462 periclitamur.
2602 1393 2699 1448 Ubi
2741 1406 2889 1461 sunt,
2926 1398 3016 1465 qui
3070 1414 3289 1453 suorum
3324 1401 3446 1469 qui-

1873 1484 1992 1536 dem
2042 1483 2309 1537 mansueti
2364 1492 2419 1536 et
2470 1486 2662 1553 placidi
2700 1485 2909 1552 judices
2947 1496 3095 1552 sunt,
3144 1490 3441 1545 alienorum

1876 1582 2054 1628 autem
2102 1575 2274 1628 severi
2312 1589 2593 1641 censores,
2625 1586 2682 1629 ut
2709 1578 2794 1630 hic
2829 1593 3044 1646 quoque
3074 1579 3256 1634 fucum
3294 1583 3440 1637 veri-

1874 1662 1968 1717 tati
1996 1663 2236 1718 faciant?
2264 1663 2363 1719 Ubi
2390 1674 2535 1730 sunt,
2561 1666 2649 1732 qui
2681 1667 2885 1722 vibices
2913 1670 3066 1724 nobis
3092 1672 3289 1739 probro
3322 1688 3443 1729 ver-

1881 1761 2020 1817 tunt,
2063 1768 2186 1807 cum
2233 1754 2334 1824 ipsi
2385 1755 2606 1810 vulnera
2650 1757 2914 1812 habeant?
2959 1759 3061 1826 Qui
3116 1760 3441 1817 offendicula

185 1840 540 1909 φλώττοντες,
566 1844 660 1895 καὶ
682 1843 749 1897 τὰ
770 1843 953 1915 κάρφη
978 1844 1362 1916 προφέροντες,
1386 1846 1421 1900 ἃ
1447 1848 1585 1918 μήτε
1608 1847 1761 1901 λυπεῖ

1876 1852 2056 1897 nostra
2097 1844 2400 1914 exagitant,
2437 1860 2557 1899 cum
2606 1849 2835 1918 turpiter
2883 1851 2982 1919 ipsi
3031 1853 3444 1920 prolabantur?

183 1932 307 1985 λίαν
340 1933 657 2004 ὲγκείμὲνα,
697 1935 831 2005 μήτε
871 1934 1105 2004 χαλεπὸν
1147 1938 1626 2010 ἁποσκευασθῆναι
1671 1939 1767 1992 καὶ

181 2024 606 2095 ἀποφυσηθῆναι
627 2030 725 2097 τῆς
753 2026 931 2096 ὅψεως

1872 1936 1972 2003 Qui
2025 1937 2256 1991 maculis
2305 1938 2512 1992 nosuis
2561 1942 2817 2009 gaudent,
2851 1957 2973 1996 cum
3036 1946 3134 2013 ipsi
3190 1948 3244 1999 in
3285 1960 3443 2002 εαξηο

1869 2028 2224 2082 volutentur?
2256 2028 2357 2094 Qui
2401 2029 2637 2085 festucas
2687 2033 2843 2087 nobis
2872 2034 3158 2103 objiciunt,
3184 2052 3302 2106 qua:
3333 2054 3435 2093 nec

182 2122 486 2177 insidentes
518 2138 770 2192 magnum
810 2124 1047 2178 dolorem
1111 2125 1362 2192 all'erunt,
1412 2136 1467 2184 et
1517 2126 1676 2183 facile
1727 2124 1919 2196 depelli
1978 2134 2138 2194 atque
2191 2122 2361 2179 elllari
2410 2126 2479 2179 ab
2522 2126 2693 2211 oculis
2756 2141 3000 2198 possunt,
3062 2146 3184 2187 cum
3224 2132 3440 2188 interim

181 2214 285 2283 ipsi
321 2216 553 2270 trabium
581 2216 718 2270 mole
745 2218 988 2285 oppressi
1014 2218 1248 2289 caligent
1268 2221 1354 2273 ὀἳ

253 2306 330 2363 Γ¹.
372 2309 541 2380 Δεῦρο
573 2307 868 2380 μετάσχετε
900 2308 1008 2363 τῶν
1060 2311 1389 2383 ἀπορρήτων
1422 2312 1531 2367 τῶν
1562 2311 1765 2384 ἡμετέ-

182 2417 329 2471 ρων*
373 2400 644 2471 καλοῦμεν
680 2402 822 2470 ὑμᾶς
848 2403 927 2464 είς
943 2402 1004 2454 τὸ
1038 2402 1335 2474 συνέδριον,
1371 2404 1465 2455 καὶ
1502 2404 1764 2474 μισούμε-

178 2510 297 2547 νοι·
326 2492 587 2565 χρώμεθα
632 2493 931 2565 διαιτηταῖς
978 2497 1090 2557 τοῖς
1123 2495 1366 2567 ἐχθροῖς,
1404 2495 1472 2559 (ὦ
1507 2499 1607 2567 τῆς
1660 2497 1760 2549 αὑ-

181 2585 424 2650 θαδείας,
456 2586 488 2657 ἦ
515 2586 614 2657 τῆς
636 2584 947 2658 παρρησίας
967 2587 1005 2653 l)
1033 2587 1097 2640 ἶν’
1123 2587 1393 2658 ἀπέλθητε
1421 2588 1759 2659 ῄσχυμμένοι

178 2679 278 2732 καὶ
303 2676 619 2747 ἡττημένοι,
648 2675 719 2745 (τί
748 2674 951 2728 τούτων
981 2674 1092 2745 (78)
1121 2676 1614 2748 παραδοξότερον;)
1652 2692 1760 2747 μα-

180 2765 373 2828 θόντες
415 2764 572 2836 ἡμῶν
612 2763 713 2834 τὴν
750 2763 958 2832 ὑγίειαν
1004 2762 1063 2828 ἐξ
1092 2758 1166 2817 ὧν
1196 2766 1647 2837 ὴρρωστήσαμεν.
1682 2766 1757 2818 Οὐ

179 2858 293 2931 γὰρ
330 2858 460 2929 περὶ
491 2856 747 2926 θεότητος
771 2855 1154 2926 διηνέχθημεν,
1186 2855 1301 2909 ἀλλ’
1334 2856 1473 2927 ὑπὲρ
1504 2855 1759 2921 εὐταξίας

176 2950 603 3021 ὴγωνισάμεθα’
649 2949 758 3002 οὐδ’
798 2948 1063 3018 ὁποτέραν
1090 2948 1171 3001 δεῖ
1210 2946 1318 2999 τῶν
1352 2948 1615 3001 ἀσεϐειῶν
1647 2948 1761 3018 (79)

177 3042 400 3096 ἑλέσθαι
434 3041 633 3112 μᾶλλον
661 3040 1178 3112 ὴμφισϐητήσαμεν,
1207 3040 1317 3093 εἴτε
1344 3040 1441 3111 τὴν
1477 3040 1761 3111 συναιροῦ-

1937 2308 2026 2364 lli.
2064 2310 2223 2377 Agite
2275 2312 2460 2380 igitur,
2511 2320 2688 2366 estote
2745 2328 3067 2371 arcanorum
3132 2328 3439 2373 nostrorum

1864 2401 2189 2470 participes;
2236 2403 2304 2457 ad
2341 2402 2626 2457 concilium
2672 2418 2790 2466 vos,
2822 2405 2985 2459 etiam
3039 2409 3215 2474 exosi,
3270 2423 3438 2464 voca-

1865 2509 2021 2559 mus;
2063 2494 2283 2547 arbitris
2330 2496 2578 2549 hostibus
2626 2497 2865 2558 utimur,
2895 2498 2950 2569 (o
2989 2500 3252 2570 insignem
3286 2519 3441 2559 arro-

1862 2582 2125 2652 gantiam,
2171 2583 2253 2637 vel
2305 2585 2482 2653 potius
2533 2586 2842 2658 liduciami)
2892 2596 2950 2641 ut
2996 2590 3200 2658 pudore
3246 2591 3434 2647 suffusi

1863 2673 2102 2741 victique
2151 2674 2443 2738 recedatis,
2476 2673 2605 2746 (quo
2631 2676 2759 2746 quid
2805 2679 2975 2748 magis
3018 2694 3213 2734 novum
3244 2698 3308 2737 ac
3335 2686 3439 2737 mi-

1861 2781 1979 2818 rum
2022 2764 2147 2837 fingi
2179 2766 2431 2838 potest?)
2481 2771 2696 2838 cognita
2750 2770 3029 2835 nimirum,
3088 2788 3152 2827 ex
3201 2789 3268 2830 eo
3323 2776 3439 2847 ipso

1862 2854 2007 2923 quod
2049 2856 2452 2923 aegrotavimus,
2500 2868 2684 2912 nostra
2734 2860 2989 2915 sanitate.
3024 2860 3137 2915 Non
3181 2863 3324 2918 cnim
3373 2866 3441 2921 de

1864 2946 2066 3000 deitate
2095 2947 2473 3012 dissensimus,
2512 2950 2603 3004 sed
2628 2951 2837 3006 ordinis
2861 2968 2924 3007 ac
2954 2954 3253 3024 disciplintc
3276 2973 3437 3015 causa

1866 3038 2233 3104 certavimus;
2264 3053 2363 3094 nec
2395 3040 2462 3094 de
2492 3056 2560 3096 eo
2593 3043 2739 3096 inter
2768 3059 2866 3098 nos
2899 3048 3174 3102 contentio
3206 3051 3434 3114 exstitit,

177 3152 286 3189 σαν
314 3133 480 3197 Θεὸν,
512 3134 544 3204 ἢ
575 3133 673 3203 τὴν
729 3132 1053 3202 τέμνουσαν,
1083 3132 1191 3184 εῐτε
1209 3131 1319 3201 (80)
1336 3130 1396 3183 τὸ
1414 3130 1635 3201 Πνεῦμα
1672 3131 1761 3202 μό-

1876 3136 1987 3180 utra
2036 3126 2287 3197 impietas
2335 3131 2514 3198 potius
2560 3130 2727 3202 427
2770 3132 3016 3204 eligenda
3062 3146 3228 3202 esset,
3278 3153 3436 3206 eane,

177 3245 273 3281 νον
312 3226 422 3280 ἀπὸ
460 3226 559 3297 τῆς
594 3225 781 3296 θεῖκῆς
823 3223 1029 3288 οὐσίας,
1069 3224 1178 3277 είτε
1216 3224 1309 3276 καὶ
1347 3224 1457 3292 (81)
1494 3223 1585 3275 τὸν
1636 3223 1762 3276 Υίὸν

177 3319 322 3389 πρὸς
348 3316 428 3388 τῷ
457 3316 755 3387 Πνεύματι,
783 3314 878 3385 τὴν
910 3315 1035 3385 μίαν
1074 3317 1287 3385 μοῖραν,
1320 3312 1352 3384 ἢ
1392 3312 1492 3376 τὰς
1528 3313 1623 3366 δύο
1664 3314 1763 3384 τῆς

173 3411 459 3473 ἀσεϐείας.
495 3408 678 3462 Ταῦτα
718 3406 848 3479 γὰρ,
879 3407 953 3471 ὡς
991 3408 1048 3458 ὲν
1075 3406 1190 3476 (82)
1220 3404 1503 3477 κεφαλαίῳ
1533 3405 1760 3477 περιλα-

174 3503 319 3567 ϐεῖν,
354 3502 425 3555 τὰ
447 3500 542 3555 νῦν
570 3501 1011 3573 ἀῤῥωστήματατ
1048 3497 1235 3568 ἐπειδὴ
1279 3496 1571 3560 ἀναϐάσεις
1604 3500 1661 3550 ὲν
1690 3498 1760 3568 τῇ

173 3595 380 3666 καρδίᾳ
428 3592 663 3647 τίθενται
705 3591 839 3661 (85),
891 3589 989 3660 οὐχ
1046 3588 1357 3659 ὁμολογίας,
1415 3589 1529 3642 ἀλλ’
1591 3589 1751 3659 ἀρνή-

175 3703 321 3750 σεως
359 3685 490 3757 (31)⁶
527 3685 646 3737 οὐδὲ
668 3683 967 3752 θεολογίας,
997 3680 1134 3734 ἀλλὰ
1167 3679 1534 3751 βλασφημίας.
1567 3680 1758 3743 Ἀλλος

172 3777 289 3849 γὰρ
316 3776 480 3831 ἄλλου
508 3775 910 3848 φιλοτιμότερος
930 3775 988 3826 ὲν
1015 3771 1093 3843 τῷ
1116 3770 1330 3842 πλούτῳ
1354 3770 1453 3842 τῆς
1481 3771 1755 3835 ἀσεϐείας,

173 3867 375 3938 ὥσπερ
406 3866 721 3929 δεδοικότες,
756 3865 815 3919 οὺ
840 3865 900 3918 τὸ
925 3863 1161 3926 ἀσεϐεῖν,
1192 3861 1327 3916 ἀλλὰ
1348 3861 1408 3914 τὸ
1438 3861 1633 3932 μέτρια
1663 3862 1757 3915 καὶ

174 3960 388 4033 ὲτέρων
414 3958 918 4041 ,φιλοψβείρπέτεραε

1864 3232 1985 3287 qua:
2033 3210 2203 3273 Deum
2262 3221 2554 3284 contrahit,
2613 3238 2680 3276 an
2742 3223 2830 3277 illa
2894 3240 3012 3293 quae
3034 3226 3118 3281 vel
3174 3227 3437 3298 Spiritum

1863 3316 2111 3365 sanctum
2156 3311 2440 3377 duntaxat,
2488 3314 2571 3369 vel
2620 3314 2816 3369 Filium
2861 3333 3074 3386 quoque
3119 3319 3293 3389 ipsum
3327 3337 3433 3376 una

1863 3418 1983 3456 cutn
2018 3402 2223 3473 Spiritu
2246 3420 2273 3457 a
2300 3406 2480 3460 divina
2530 3410 2767 3463 essentia
2796 3408 3045 3464 distrahit
3072 3426 3087 3462 :
3112 3410 3433 3480 alteramne,

1868 3494 2116 3563 inquam,
2146 3512 2214 3550 an
2253 3506 2540 3567 utramque
2572 3500 2864 3568 impietatis
2908 3510 3114 3571 partem
3144 3506 3433 3574 amplecte-

1868 3601 2071 3641 remur.
2107 3587 2171 3641 lli
2210 3588 2377 3653 enim,
2400 3599 2458 3643 ut
2486 3590 2538 3644 in
2574 3607 2773 3661 genere
2806 3593 3003 3657 dicam,
3036 3593 3261 3664 hujusce
3292 3606 3435 3652 tem-

1863 3680 2094 3748 pestatis
2150 3681 2322 3735 morbi
2371 3692 2526 3747 sunt;
2569 3697 2690 3736 cum
2738 3684 2957 3753 quidam
3002 3687 3111 3739 sint
3155 3688 3433 3753 homines,

1864 3771 1953 3840 qui
1994 3774 2338 3828 ascensiones
2371 3775 2428 3829 in
2475 3776 2638 3829 corde
2697 3790 2797 3830 suo
2851 3788 3055 3846 ponunt
3080 3780 3122 3845 ί,
3159 3795 3264 3835 non
3302 3796 3435 3835 con-

1862 3861 2137 3929 fessionis,
2196 3864 2290 3919 sed
2357 3865 2717 3935 abjurationis
2768 3883 2918 3922 :non
2977 3870 3278 3941 theologiae,
3337 3874 3435 3927 sed

1864 3954 2238 4023 blasphemiae.
2283 3956 2437 4011 Alius
2476 3955 2621 4011 enim
2664 3956 2774 4011 alio
2804 3958 2856 4012 in
2901 3958 3198 4029 impietatis
3242 3963 3437 4032 opibus

172 4038 481 4109 liberalior
514 4038 591 4105 ac
626 4038 894 4120 profusior
930 4054 1033 4111 est,
1103 4046 1326 4116 perinde
1410 4058 1573 4117 atque
1613 4061 1719 4099 non
1765 4044 1819 4099 id
1858 4054 2122 4114 metuant,
2160 4061 2230 4103 ne
2283 4048 2462 4117 impiis
2505 4048 2791 4104 erroribus
2850 4065 2970 4106 sese
3028 4054 3434 4123 constringant,

174 4148 277 4204 sed
323 4161 392 4201 ne
446 4147 547 4200 hac
578 4144 632 4197 in
672 4158 732 4199 re
776 4143 1164 4197 moderatiores
1198 4151 1358 4209 atque
1398 4143 1745 4196 humaniores
1780 4142 1908 4204 sint,
1945 4156 2105 4211 quam
2134 4145 2337 4198 caeteri.

252 4246 327 4296 A'.
382 4236 572 4313 Ἡμεῖς
609 4240 655 4293 δ’
677 4241 774 4311 οὐχ
794 4238 986 4302 οὕτως.
1030 4238 1167 4291 Ἀλλ’
1202 4239 1342 4310 ὑπὲρ
1379 4239 1476 4309 μὲν
1505 4238 1757 4310 θεότητος

173 4330 599 4405 συμφρονοῦμέν
624 4347 683 4383 τε
713 4330 806 4383 καὶ
830 4328 1222 4399 συμϐαίνομεν,
1247 4329 1345 4398 οὐχ
1371 4324 1530 4399 ἦττον
1555 4328 1587 4400 ἥ
1620 4328 1757 4400 πρὸς

1933 4237 2019 4294 IV.
2069 4237 2263 4295 Nostra
2319 4250 2499 4296 autem
2565 4257 2672 4296 non
2709 4244 2897 4298 eadem
2948 4252 3031 4299 est
3086 4247 3244 4300 ratio.
3297 4221 3433 4301 Nam

1861 4330 2003 4398 quod
2039 4331 2105 4384 ad
2139 4332 2478 4386 divinitatem
2512 4334 2726 4397 attinet,
2761 4350 2865 4388 non
2902 4335 3077 4390 minus
3119 4352 3281 4404 quam
3316 4338 3434 4407 ipsa

171 4426 387 4496 ἑαυτὴν
408 4426 442 4494 ἠ
473 4422 684 4493 θεότης,
719 4422 767 4474 εἰ
791 4420 866 4490 μὴ
894 4421 1036 4490 μέγα
1067 4418 1226 4472 τοῦτο
1250 4421 1442 4483 εἰπεῖν,
1479 4418 1575 4471 καὶ
1595 4418 1756 4487 γεγό-

1876 4436 2045 4475 secum
2086 4423 2361 4490 divinitas,
2396 4424 2499 4478 nisi
2552 4440 2803 4496 magnum
2842 4428 2943 4481 hoc
2983 4428 3128 4482 dictu
3163 4429 3254 4494 sit,
3286 4428 3433 4484 inter

169 4532 359 4587 ναμεν
399 4514 573 4586 χεῖλος
628 4513 684 4566 ἓν
732 4513 826 4566 καὶ
881 4510 1031 4581 φωνὴ
1078 4510 1195 4581 μία,
1224 4510 1481 4573 ἐναντίως
1520 4510 1553 4582 ἢ
1585 4512 1633 4563 oi
1664 4510 1756 4562 τὸν

172 4608 394 4679 πύργον
428 4603 834 4675 οἰκοδομοῦντες
877 4602 938 4655 τὸ
977 4602 1258 4674 πρότερον.
1302 4601 1366 4654 Oi
1397 4601 1497 4670 μὲν
1524 4600 1632 4671 γὰρ
1665 4600 1758 4652 ἐπὶ

170 4699 342 4770 κακῷ
373 4697 760 4769 συνεφρόνουν·
799 4697 928 4765 ἡμῖν
958 4695 1014 4748 δὲ
1058 4694 1151 4748 ἐπὶ
1197 4694 1358 4747 παντὶ
1394 4692 1654 4764 βελτίστῳ
1690 4692 1759 4745 τὰ

168 4794 283 4864 τῆς
302 4790 576 4861 ὁμονοίας,
614 4788 681 4843 ἵν’
710 4786 1051 4858 ὁμοθυμαδὸν
1077 4787 1134 4837 ὲν
1167 4786 1247 4839 ἐνὶ
1269 4785 1492 4854 στόματι
1523 4784 1758 4851 δοξάζω-

174 4903 289 4958 μεν
321 4884 415 4937 τὸν
438 4882 676 4952 Πατέρα,
708 4880 910 4933 καὶτὸν
944 4879 1089 4938 Υἱὸν.
1114 4878 1207 4930 καὶ
1236 4877 1296 4930 τὸ
1331 4878 1485 4947 ἆγιον
1513 4876 1756 4948 Πνεῦμα,

169 4978 279 5033 καὶ
323 4975 479 5029 τοῦτο
517 4974 741 5044 λέγηται
779 4972 905 5041 περὶ
948 4969 1124 5041 ἡμῶν.
1165 4969 1248 5022 ὅτι
1275 4969 1441 5032 ὅντως
1478 4971 1505 5023 ὁ
1534 4968 1663 5031 Θεὸς
1701 4970 1760 5022 ὲν

170 5070 319 5141 ἡμῖν
347 5069 514 5131 ἐστιν,
540 5066 568 5119 ὁ
594 5065 721 5127 τοὺς
749 5050 1001 5127 ὲνοῦντας
1038 5060 1198 5116 αὐτὸν
1224 5059 1334 5132 (85)
1373 5060 1531 5125 ὲνῶν,
1555 5060 1648 5113 καὶ
1675 5059 1759 5113 δο-

257 5183 303 5215 ⁹⁹
326 5181 517 5238 Matth.
548 5196 644 5244 vn,
678 5179 733 5234 4.
811 5178 827 5210 ³
855 5176 994 5231 Psal.
1022 5191 1251 5242 Lxxxtit,
1280 5175 1333 5229 6.
1408 5176 1430 5207 ²
1454 5173 1591 5229 Gen.
1621 5190 1697 5238 ιι,
1730 5173 1756 5227 1

258 5272 374 5344 (76)
418 5272 493 5326 Τὰ
530 5273 648 5344 τῶν
690 5273 961 5344 πλησίον
992 5272 1315 5341 τραύματα.
1350 5269 1516 5344 Elias,
1544 5269 1615 5322 τὰ
1653 5269 1761 5344 τῷν

172 5338 485 5415 ἀλλοτρίων
515 5338 813 5412 πτώματα(
831 5338 1034 5398 Plures
1047 5338 1201 5398 codd.
1238 5358 1335 5413 pro
1357 5338 1649 5411 τραύματα
1685 5341 1765 5395 le-

172 5414 683 5491 8“!L‘_?i"9_‘“t%““°5-
971 5483 982 5491 .
1310 5480 1359 5491 _.
1614 5478 1664 5491 ..

256 5485 376 5561 _(_77)
410 5478 712 5561 [maiori]?
740 5483 1077 5561 παροιμίαν.
1112 5481 1213 5561 «Ut
1243 5489 1325 5561 est
1346 5478 1753 5561 ipproverbiq.»

174 5577 197 5607 ι
238 5550 553 5623 Πευίτηιιιιι
576 5554 677 5607 hoc
707 5550 1073 5622 proverbium,
1098 5572 1118 5605 ι
1157 5550 1511 5623 inquitElias,
1549 5568 1568 5601 ι
1598 5550 1663 5605 de
1687 5550 1757 5623 _i_l-

167 5629 248 5681 lis
280 5619 553 5694 qni'inde
581 5619 802 5691 capiunt
831 5623 1138 5691 utilitatem,
1180 5622 1319 5677 unde
1356 5621 1564 5676 utilitas
1612 5619 1753 5677 nulla

166 5695 629 5761 exspectabatur.
667 5711 687 5745 ι

257 5758 375 5833 (78)
428 5765 491 5819 Τί
543 5763 787 5821 τούτων.
837 5763 969 5836 Reg.
1019 5762 1129 5829 bm,
1166 5771 1273 5819 tres
1311 5761 1488 5829 Colb.,
1537 5758 1675 5830 Jes.,
1705 5758 1755 5816 τί

168 5852 397 5893 τουτον,

1864 4528 1961 4567 nos
2006 4514 2378 4569 consentimus
2430 4524 2593 4585 atque
2663 4518 3089 4585 concordamus;
3124 4519 3435 4588 lahiumque

1864 4619 2029 4658 unum
2079 4615 2134 4659 et
2181 4621 2283 4659 vox
2317 4620 2421 4659 una
2457 4622 2644 4661 sumus
2663 4609 2706 4673 ’,
2738 4618 2923 4662 contra
2959 4621 3138 4664 tamen
3177 4620 3338 4679 atque
3373 4612 3431 4673 ii,

1865 4696 1954 4765 qui
2007 4697 2199 4751 turrim
2233 4697 2360 4752 olim
2413 4699 2786 4753 exstruebant.
2826 4698 2902 4752 llli
2956 4699 3097 4752 enim
3142 4701 3196 4753 iu
3233 4700 3432 4753 malum

1866 4788 2255 4857 conspirabant
2280 4831 2295 4855 ,
2325 4804 2425 4844 nos
2460 4800 2639 4843 autem
2698 4791 2766 4845 ob
2816 4790 3174 4860 pulcherrirna
3207 4807 3436 4861 qua:th

1869 4882 2215 4936 concordiam
2264 4880 2510 4949 colimus,
2542 4891 2599 4935 ut
2648 4883 2932 4937 unanimes
2981 4892 3144 4952 atque
3184 4899 3291 4936 uno
3338 4899 3435 4937 ore

1865 4968 2101 5038 Patrem,
2132 4981 2185 5026 et
2217 4972 2433 5035 Filium,
2472 4983 2524 5026 et
2571 4971 2829 5041 Spiritum
2878 4984 3122 5029 sanctum
3155 4975 3433 5045 gloriﬁce-

1869 5076 2022 5130 mus,
2052 5064 2212 5133 idque
2250 5066 2314 5119 de
2350 5065 2504 5120 nobis
2535 5066 2874 5135 praedicetur,
2899 5068 3038 5136 quod
3088 5082 3210 5122 vere
3251 5068 3302 5121 in
3336 5084 3430 5123 no-

1962 5266 2048 5338 79)
2095 5265 2216 5338 Τῶν
2238 5265 2542 5338 ἀσεϐειῶν.
2570 5266 2767 5332 Oxon.,
2798 5267 2897 5338 τὴν
2924 5266 3197 5338 ἀσέϐειαν.

1962 5267 2048 5336 79)
2095 5267 2216 5319 Τῶν
2238 5267 2542 5322 ἀσεϐειῶν.
2570 5267 2767 5332 Oxon.,
2798 5267 2897 5338 τὴν
2924 5267 3197 5320 ἀσέϐειαν.

1940 5267 2057 5408 (80)
2103 5337 2172 5390 ’Ἡ
2222 5336 2336 5400 τὴν
2360 5336 2719 5408 τέμνουσαν,
2754 5338 2890 5408 εἴτε,
2920 5349 3025 5392 etc.
3064 5337 3253 5390 Plures
3279 5338 3430 5391 codi-

1800 5428 1805 5433 ‘
1869 5406 1961 5462 ces
1988 5408 2206 5472 habent,
2231 5407 2339 5459 εἴτε
2362 5406 2680 5475 τέμνουσαν,
2704 5407 2798 5460 καὶ
2821 5407 3146 5476 τέμνουσαν,
3163 5408 3292 5469 εἴτε,
3324 5419 3428 5461 etc.

1936 5476 2046 5547 (81)
2086 5478 2222 5529 Εἴτε
2253 5478 2373 5547 καί.
2413 5478 2503 5529 Sic
2536 5480 2714 5547 plures
2742 5478 2898 5532 codd.
2944 5476 3102 5547 Deest
3135 5476 3227 5531 καί
3255 5478 3306 5532 in
3340 5481 3427 5533 cd.

1937 5545 2050 5618 (82)
2104 5548 2218 5600 Ἐν.
2256 5546 2498 5618 Dcesl_in
2534 5545 2668 5616 Reg.
2690 5546 2892 5618 _bm,_et
2922 5546 3015 5601 0r.
3057 5548 3109 5602 1.

1907 5649 1910 5652 ~
1935 5615 2047 5684 (85)
2094 5618 2374 5671 Τίθενται.
2404 5615 2657 5680 Montac.,
2683 5615 3030 5670 διατίθενται.

2098 5685 2440 5760 ᾉρνήσεως.
2467 5685 2628 5760 Cpisl.
2674 5688 2991 5760 1,ἄρνησις.

1950 5755 2049 5837 ζξὸ)
2101 5756 2415 5837 Ἐξγορντας
2459 5755 2671 5837 apter:
2719 5755 2914 5837 ρσέεξεί⁵
2943 5757 3103 5837 αρτον
3165 5755 3224 5837 in.
3268 5766 3435 5837 "non-4

1865 5825 2035 5883 nullis
2055 5828 2351 5883 codicibus.
2378 5827 2543 5883 Uoisl.
2580 5828 2601 5881 1
2646 5827 2828 5895 habet,
2860 5825 3143 5890 αἰνοῦντας
3170 5825 3369 5879 αἰνῶν.-
