3932 6532
532 391 670 447 Ηεὲἱ
1724 387 1783 444 S.
1820 386 2123 443 GREGORI

2240 386 2534 443 llEOLOGl
3648 394 3781 447 1156

530 503 618 559 bis
641 502 712 557 sit
752 499 950 565 Deus‘,
986 514 1078 555 eos
1114 514 1143 553 a
1178 500 1373 569 qaibns
1424 501 1628 565 unitnr,
1660 503 1872 569 uniens,
1904 512 1956 557 et
1985 518 2098 570 eos,

2238 502 2379 567 άζων
2399 506 2522 566 τοὺς
2548 502 2900 569 δοξάζοντας·
2938 504 3033 557 καὶ
3072 504 3145 575 μὴ
3174 503 3396 573 λέγηται
3430 505 3621 574 μόνον,
3650 506 3785 560 ἀλλά

534 611 564 649 a
595 595 789 666 quibus
838 593 1004 663 gloria
1052 591 1303 655 afﬁcitur,
1382 592 1517 647 loria
1542 593 1809 658 alliciens;
1840 610 1941 651 nec
1982 605 2100 650 tan-

2234 596 2295 647 ,αὶ
2325 594 2667 665 πιστεύηται.
2705 596 2872 649 Ἀλλα
2918 596 2976 648 δέ
3026 598 3174 649 ἐστιν
3200 597 3339 667 ὑπὲρ
3388 590 3787 668 ὦνοδιηνέχθη-

534 696 646 742 tum
694 686 1034 755 prmdicetur,
1077 685 1171 739 sed
1228 686 1393 739 etiam
1445 686 1718 741 credatur.
1754 687 1948 743 Verum
1980 688 2101 742 aliis

2234 699 2339 736 ιεν’
2378 681 2565 745 κακῶς
2608 683 2706 753 μὲν
2755 686 2848 738 καὶ
2887 685 3017 755 περὶ
3058 686 3287 750 τούτων,
3312 686 3370 737 οὑ
3401 686 3509 759 γὰρ
3550 689 3789 757 ἀρνήσο-

535 781 601 835 de
635 779 797 833 rebus
845 777 1117 831 contentio
1175 777 1314 831 inter
1360 792 1459 833 nos
1491 777 1591 832 fuit
1622 795 1637 831 :
1665 779 1806 833 male
1858 780 2022 835 etiam
2051 780 2102 834 id

2234 793 2301 828 ιαι
2348 776 2535 847 (ἐχρῆν
2561 775 2668 846 γὰρ
2694 776 2960 847 μηδεμίαν
2982 776 3180 830 διδόναι
3203 776 3279 846 τῷ
3306 779 3529 850 πονηρῷ
3553 780 3789 851 πάροδον

534 868 777 939 quidem,
814 882 919 920 non
970 866 1112 920 enim
1164 866 1448 920 inliciabor
1534 866 1657 936 (nec
1705 868 1847 919 enim
1893 866 2105 922 diabolo

2234 894 2237 938 ι
2283 867 2453 938 λαϐὴν
2493 867 2624 937 (86),
2665 869 2799 939 μηδὲ
2835 872 2954 931 ταῖς
2979 872 3241 940 πονηραῖς
3269 869 3549 937 γλώσσαις
3575 872 3790 925 ὲλευθευ

536 963 739 1017 aditum
770 960 938 1015 ullum
971 968 1065 1013 aut
1121 974 1333 1025 ansam,
1372 974 1471 1013 nec
1518 959 1779 1028 improbis
1817 960 2014 1030 linguis
2043 959 2105 1013 li-

2234 959 2374 1029 θίαν),
2408 958 2545 1031 πλὴν
2578 960 2638 1012 οὑ
2671 960 2947 1026 τοσοῦτον,
2982 962 3105 1014 ὅσον
3134 962 3414 1025 δοκεῖτοῖς
3448 963 3519 1016 τὰ
3545 964 3793 1035 ἡμέτερα

535 1054 770 1109 centiam
797 1052 912 1107 dari
933 1053 1193 1121 oportuit)
1220 1068 1235 1115 ;
1262 1066 1366 1107 non
1402 1062 1579 1107 tamen
1612 1061 1782 1116 tanta,
1813 1061 2011 1121 quanta
2039 1052 2107 1106 iis

534 1143 770 1209 videtur,
819 1142 910 1212 qui
947 1158 1032 1197 res
1083 1152 1296 1197 nostras
1331 1157 1426 1211 per
1460 1142 1786 1197 calumniam
1840 1143 2108 1196 insectan-

540 1246 647 1292 tur.
684 1236 815 1291 Nam
850 1251 971 1291 cum
1003 1235 1117 1289 ﬁeri
1147 1250 1250 1290 non
1296 1244 1497 1305 posset,
1525 1237 1652 1304 quin
1684 1235 1884 1305 aliquid
1917 1250 2108 1304 pecca-

539 1344 744 1389 remus,
799 1335 857 1379 ut
907 1326 1174 1390 homines,
1221 1335 1471 1380 nostrum
1527 1327 1630 1380 hoc
1686 1336 1925 1380 erratum
1988 1325 2103 1389 fuit,

540 1421 684 1490 quod
729 1419 895 1473 nimio
950 1418 1184 1487 pastoris
1228 1432 1413 1472 amore
1450 1416 1626 1472 affecti
1680 1432 1885 1483 sumus,
1914 1432 2012 1471 nec
2043 1433 2109 1471 ex

542 1512 748 1569 duobus
773 1513 1007 1576 eximiis,
1035 1523 1152 1566 uter
1188 1510 1359 1580 magis
1394 1508 1736 1578 expetendus
1765 1518 1928 1574 esset,
1958 1523 2112 1578 repe-

543 1608 653 1662 rire
693 1606 983 1676 potuimus,
1013 1604 1363 1674 quoadusque
1405 1604 1456 1656 in
1491 1602 1596 1656 hoc
1643 1602 2020 1665 convenimus,
2055 1611 2113 1654 ut

544 1703 833 1762 utrumque
867 1694 981 1763 pari
1014 1693 1067 1747 in
1105 1692 1262 1746 laude
1284 1700 1339 1745 et
1365 1691 1724 1745 admiratione
1763 1706 2109 1760 poneremus.

547 1787 660 1842 lloc
709 1793 949 1840 nostrum
989 1785 1192 1840 crimen
1225 1793 1327 1839 est.
1384 1781 1498 1837 Hoc
1546 1783 1783 1848 nomine,
1815 1784 1905 1853 qui
1940 1783 2109 1848 volet,

2205 1053 2598 1107 διαϐάλλουσιν.
2670 1054 2887 1126 Ἐπειδὴ
2954 1054 3063 1125 γάρ
3115 1055 3222 1108 ἔδει
3288 1074 3339 1109 τι
3391 1057 3486 1109 καὶ
3539 1058 3795 1127 ἁμαρτά-

2207 1160 2319 1197 νειν
2351 1144 2484 1214 (87),
2528 1144 2688 1207 ὖντας
2731 1144 3072 1217 ἀνθρώπους,
3103 1145 3259 1199 τοῦτό
3289 1150 3435 1200 ἐστιν
3470 1148 3500 1199 ὃ
3529 1150 3795 1200 ἐπταίσαο

2212 1256 2332 1308 μεν,
2358 1238 2476 1291 λίαν
2511 1238 2890 1309 φιλοποίμενες
2922 1238 3036 1310 (88)
3063 1239 3382 1311 γεγόναμεν,
3413 1240 3509 1294 καὶ
3541 1242 3649 1293 οὑκ
3680 1242 3794 1311 ἔχο-

2213 1346 2310 1400 μεν
2336 1331 2516 1401 εὑρεῖν
2550 1331 2768 1399 ἀγαθῶν
2803 1330 2896 1384 δύο
2926 1332 2987 1384 τὸ
3019 1330 3393 1403 αἱρετώτερον,
3420 1332 3529 1397 ἕως
3562 1334 3793 1405 συνέϐη-

2214 1440 2312 1493 μεν
2334 1422 2618 1494 ἀμφότερα
2647 1423 2844 1494 ἐπίσης
2877 1423 3197 1494 θαυμάζειν.
3226 1424 3392 1477 Τοῦτο
3423 1426 3588 1496 ἡμῶν
3617 1427 3680 1478 τὸ
3712 1427 3795 1496 Ey-

2211 1516 2395 1586 κλημα
2414 1532 2428 1546 ⁸
2470 1517 2596 1586 περὶ
2634 1516 2838 1568 τούτων
2876 1516 3023 1586 ἡμᾶς
3054 1516 3083 1568 6
3113 1515 3428 1586 βουλόμενος
3456 1517 3735 1570 εὑθυνέτω
3762 1518 3793 1588 ἢ

2212 1606 2445 1674 ἀφιέτω’
2494 1605 2652 1659 τοῦτο
2679 1604 2787 1659 τῶν
2821 1606 3112 1677 αἱρετικῶν
3152 1608 3185 1676 ἡ
3224 1606 3492 1675 ἀσφάλεια
3514 1624 3529 1637 ’
3570 1607 3715 1677 ὑπὲρ
3740 1608 3793 1659 δὲ

2211 1697 2369 1750 τοῦτο
2405 1696 2579 1762 οὐδὲν,
2634 1697 2742 1750 οὐδ’
2779 1696 2844 1750 ἂν
2894 1697 3100 1768 σφόδρα
3130 1694 3410 1769 βούλησθε.
3452 1698 3641 1752 Μυῖαι
3686 1715 3794 1751 σα-

2215 1787 2499 1857 πριοῦσιν
2536 1786 2766 1851 ἔλαιον,
2808 1787 2973 1856 φησὶν
3022 1789 3050 1840 6
3088 1786 3280 1851 εἰπὼν,
3332 1788 3795 1857 ἐννεκρούμεναί

546 1893 646 1933 nos
692 1878 1035 1939 condemnet,
1088 1883 1181 1929 aut
1238 1873 1499 1929 absolvat.
1553 1872 1665 1929 Hoc
1730 1874 2107 1929 hrereticornm

2234 1897 2275 1933 rs
2310 1880 2410 1933 καὶ
2456 1880 2891 1949 ὲνσηπόμεναι·
2943 1878 3012 1932 τὰ
3062 1879 3120 1933 δὲ
3172 1880 3313 1933 καλά
3362 1883 3390 1934 6
3431 1882 3635 1951 φθόνος
3678 1882 3795 1953 βου-

546 1970 855 2040 pracsidium
894 1978 995 2023 est.
1052 1968 1257 2023 Praeter
1290 1969 1394 2022 hoc
1445 1966 1575 2021 nihil
1634 1966 1865 2031 habetis,
1903 1967 2117 2022 etiarnsi

2214 1970 2434 2043 λήσεται
2483 1971 2602 2042 μὲν,
2641 1972 2701 2024 οὐ
2730 1972 3016 2042 δυνήσεται
3062 1970 3139 2026 δέ.
3182 1970 3431 2025 Πάντων
3464 1972 3581 2041 γὰρ
3629 1976 3793 2041 ισχυ-

549 2059 784 2114 tnaxime
832 2058 1079 2127 cupiatis.
1136 2058 1354 2120 Musae,
1385 2056 1560 2126 inquit
1606 2055 1717 2120 ille,
1774 2074 1891 2110 cum
1920 2058 1975 2111 in
2006 2058 2117 2111 oleo

2234 2062 2485 2127 )dtator,
2546 2063 2622 2127 ὡς
2685 2062 2762 2133 τῷ
2818 2061 3024 2133 Ἐσδρᾳ
3079 2061 3249 2132 κάμοὶ
3312 2063 3478 2130 δοκεῖ,
3549 2066 3591 2132 ἡ
3650 2064 3796 2131 ἀλή-

549 2153 845 2205 mariuntur
869 2166 928 2203 ac
958 2159 1281 2219 putrescunt,
1315 2149 1480 2217 ipsius
1533 2148 1847 2203 suavilalem
1881 2164 2121 2202 corrum-

2224 2156 2372 2209 θεια.

548 2256 677 2315 pnnt
709 2246 730 2277 ⁸
766 2265 777 2301 :
807 2246 941 2300 livor
1015 2246 1229 2315 quidem
1306 2259 1392 2312 ea,
1455 2260 1575 2314 qua:
1613 2254 1761 2298 recta
1798 2236 1949 2311 sunt,
1992 2246 2208 2303 iniicere
2246 2251 2407 2317 volet,
2449 2253 2542 2306 sed
2583 2266 2687 2307 non
2724 2253 2940 2320 poterit.
2978 2249 3223 2304 Omnium
3262 2250 3449 2304 etenim
3484 2266 3663 2305 rerum
3696 2252 3800 2321 for-

550 2340 753 2393 tissima
780 2348 853 2393 est
883 2338 1096 2403 veritas,
1129 2346 1186 2390 ut
1212 2337 1342 2390 mihi
1366 2348 1421 2391 et
1451 2336 1634 2391 Esdrae
1661 2336 1876 2391 videtur
1899 2336 1942 2389 ⁸.

618 2431 786 2504 428
816 2429 878 2483 ν.
910 2430 1017 2484 Nos
1048 2429 1211 2498 igitur
1234 2428 1451 2497 quidem
1489 2427 1712 2482 dissidia
1762 2437 1946 2483 nostra
1977 2429 2118 2483 inter

554 2540 653 2580 nos
689 2521 1110 2590 composuimus,
1150 2533 1212 2572 ac
1233 2532 1644 2587 componemus.
1677 2517 1790 2574 Nec
1828 2519 1972 2572 enim
2002 2517 2114 2573 ﬁeri

551 2624 753 2687 potest,
789 2625 849 2668 ut
890 2612 984 2665 lilii
1021 2611 1334 2679 parentibus
1384 2601 1565 2679 inique
1606 2610 1696 2680 jus
1724 2610 1925 2676 dicant,
1951 2610 2117 2663 inter-

554 2708 808 2764 veniente
848 2704 1146 2774 prmsertim
1215 2702 1487 2756 communi
1536 2703 1823 2768 Trinitate,
1865 2718 1962 2773 pro
2020 2718 2124 2772 qua

556 2799 700 2856 bello
729 2796 1062 2866 impetimur,
1090 2803 1143 2849 et
1176 2802 1395 2863 propter
1422 2808 1581 2861 quam
1615 2794 1814 2846 bellum
1860 2793 1998 2846 haud
2027 2808 2122 2862 ge-

555 2904 757 2946 remus.
796 2887 906 2957 Ego
947 2885 1096 2955 pacis
1145 2898 1374 2953 sponsor
1402 2899 1542 2947 smn,
1581 2882 1827 2938 tantillus
1864 2884 2122 2938 videlicet

556 2993 721 3039 tanta:
754 2980 852 3046 rei,
894 2978 1148 3049 quoniam
1190 2977 1337 3032 Deus
1371 2976 1664 3031 humilibus
1698 2977 1791 3030 dat
1836 2977 2059 3046 gratiam
2082 2975 2124 3042 ',

2293 2429 2369 2481 E'.
2409 2426 2490 2480 Τά
2523 2426 2620 2497 μὲν
2650 2421 2741 2479 οὑν
2764 2424 3007 2496 ἡμέτερα
3035 2425 3194 2495 ἡμεῖς
3227 2426 3285 2478 ὲν
3311 2427 3446 2497 ἡμῖν
3489 2426 3682 2491 αὑτοῖς
3713 2430 3798 2479 καὶ

2222 2519 2604 2590 διαλελύμεθα,
2633 2517 2726 2571 καὶ
2746 2517 3127 2588 διαλυσόμεθα.
3153 2518 3226 2570 Οὑ
3249 2517 3358 2589 γὰρ
3376 2512 3487 2572 οἷόν
3516 2537 3579 2573 τε
3613 2521 3799 2583 παῖδας

2226 2612 2463 2684 πατράσι
2515 2610 2734 2664 δικάσαι
2781 2609 2965 2672 κακῶς
3004 2609 3137 2679 (89),
3182 2610 3275 2662 καὶ
3322 2610 3437 2681 ἅμα
3474 2612 3578 2682 τῆς
3620 2611 3800 2682 κοινῆς

2225 2704 2453 2776 Τριάδος
2483 2702 2892 2774 μεσιτευοὺσης,
2926 2702 3064 2773 ὑπὲρ
3095 2697 3164 2773 ἦς
3192 2700 3601 2773 πολεμούμεθα,
3628 2706 3721 2758 καὶ
3738 2706 3797 2757 δι’

2223 2797 2290 2867 ἣν
2314 2796 2374 2848 οὑ
2405 2795 2806 2866 πολεμήσομεν.
2835 2792 2975 2862 Ἐγὼ
3001 2794 3099 2864 τῆς
3124 2794 3348 2863 εἰρήνης
3372 2795 3652 2867 ἐγγυητὴς
3672 2799 3796 2869 (9θ)ο

2224 2889 2252 2940 6
2284 2888 2481 2960 μικρὸς
2512 2886 2607 2940 τοῦ
2647 2885 2908 2940 τοσαὺτου
2934 2884 3280 2956 πράγματος,
3314 2886 3499 2957 ἐπειδὴ
3531 2893 3799 2952 ταπεινοῖς

2231 2978 2411 3033 δίδωσι
2468 2979 2625 3049 χάριν
2684 2979 2712 3030 6
2764 2977 2986 3048 Κύριος,
3038 2981 3281 3031 ταπεινοί
3324 2979 3369 3031 δ’
3413 2979 3656 3049 ὑψηλοὺς
3705 2982 3800 3043 ἓως

559 3076 815 3131 sublimes
860 3082 1037 3126 autem
1084 3084 1254 3139 usque
1292 3071 1357 3123 ad
1400 3076 1598 3123 terram
1646 3068 1956 3136 deprimit".
1990 3068 2126 3135 Quid

2234 3072 2337 3142 γῆς
2366 3071 2497 3141 (9|).
2531 3072 2692 3141 Ὑμῖν
2720 3070 2776 3123 δὲ
2808 3071 2862 3122 τί
2891 3070 3047 3123 τοῦτο
3084 3075 3194 3135 τοῖς
3228 3075 3424 3136 κοινοῖς
3456 3073 3617 3143 ἡμῶν
3665 3073 3799 3126 διαλ-

557 3168 711 3221 vobis
744 3164 871 3217 illud
916 3160 1178 3231 proderit,
1206 3174 1238 3212 o
1265 3172 1583 3214 communes
1619 3158 1787 3211 nostri
1821 3155 2127 3224 paciﬁcato-

2234 3164 2487 3229 λακταῖς;
2546 3163 2863 3218 διαλλακταὶ
2909 3164 3018 3236 γάρ
3066 3166 3209 3226 ὲστε,
3258 3165 3353 3218 καὶ
3393 3165 3665 3229 ἀκουσίως
3698 3166 3799 3236 (99.)

561 3258 672 3315 res?
697 3255 1076 3311 Paciﬁcatores
1094 3265 1325 3321 namque
1341 3252 1497 3315 estis,
1522 3250 1682 3319 idque
1700 3249 1945 3303 beneﬁcii
1975 3247 2127 3302 nobis

2234 3256 2386 3309 τοῦτο
2410 3255 2720 3328 χαρίζεσθε.
2770 3256 2844 3308 Οὑ
2892 3256 3000 3327 γάρ
3044 3255 3200 3326 ὑμεῖς
3245 3256 3513 3320 εὐσεϐεῖς,
3554 3260 3601 3310 εί
3651 3259 3802 3311 κακοὶ

561 3349 716 3406 inviti
739 3346 1017 3402 confertis.
1050 3344 1167 3399 Non
1197 3343 1341 3397 enim
1375 3356 1471 3395 vos
1498 3350 1779 3409 propterea
1812 3340 1884 3409 pii
1915 3339 2067 3402 estis,
2083 3338 2130 3393 si

561 3441 689 3510 quid
712 3454 810 3493 nos
827 3437 1002 3506 aliqua
1026 3436 1078 3489 in
1103 3450 1162 3489 re
1180 3433 1263 3489 vel
1282 3446 1445 3501 parva
1480 3432 1563 3486 vel
1586 3446 1777 3501 magna
1806 3445 2090 3501 peccemus
2113 3448 2128 3497 ;

562 3547 662 3587 nos
685 3531 900 3599 quidem
939 3528 1010 3582 ob
1045 3527 1231 3580 vitium
1262 3524 1404 3578 haud
1452 3522 1731 3587 laudandi,
1766 3523 1812 3578 si
1837 3523 1967 3592 quid
2000 3536 2126 3593 pec-

563 3638 769 3689 cemus,
804 3637 899 3677 vos
928 3629 1108 3675 autem
1152 3616 1509 3671 nihilominus
1536 3616 1684 3686 impii
1710 3616 1861 3685 estis,
1888 3615 2134 3686 quamvis

563 3732 663 3773 nos
708 3728 1030 3787 peccemus;
1071 3711 1175 3765 nisi
1204 3712 1371 3766 etiam
1420 3724 1486 3763 eo
1542 3710 1736 3779 magis,
1772 3709 1914 3778 quod
1946 3708 2133 3764 laben-

565 3810 709 3866 tibus
774 3807 1081 3863 acerbiores
1125 3804 1278 3859 estis.
1302 3805 1478 3874 Atque
1531 3814 1595 3859 ut
1650 3818 1749 3859 nos
1801 3802 2134 3859 omnibusin

563 3905 728 3959 rebus
758 3900 1045 3955 unanimes
1083 3912 1205 3953 esse
1242 3896 1603 3967 perspiciatis,
1636 3910 1699 3950 ex
1742 3910 1914 3965 eoque
1941 3909 2135 3965 perpe-

568 4005 713 4050 tuam
782 3996 946 4048 etiam
1006 3993 1146 4046 hanc
1195 3990 1541 4045 concordiam
1604 3988 1721 4044 fore
1775 3988 2135 4059 intelligatis,

569 4086 787 4142 tametsi
825 4085 983 4154 hujus
1032 4084 1107 4139 rei
1150 4085 1308 4138 iidem
1349 4084 1485 4151 jam,
1524 4091 1585 4136 ut
1620 4082 1835 4151 opinor,
1858 4082 2013 4137 vobis
2044 4097 2133 4149 ea,

566 4193 688 4248 quas
716 4176 909 4231 videtis
946 4175 1194 4240 fecerint,
1250 4173 1450 4242 probus
1482 4173 1737 4227 nimirum
1772 4187 1837 4228 ac
1873 4174 2138 4243 benignus

565 4280 744 4341 pater,
766 4279 821 4324 et
858 4268 1012 4323 ﬁlius
1056 4267 1384 4337 obsequens,
1418 4280 1523 4319 una
1568 4264 1837 4331 sedentes,
1866 4274 2137 4318 mutuum-

570 4376 676 4431 que
707 4360 806 4416 sibi
832 4357 965 4430 ipsis
1015 4367 1391 4413 ornamentum
1431 4354 1752 4421 afferentes;
1783 4369 1814 4408 a
1840 4353 2054 4425 quibus,
2092 4353 2139 4409 si

570 4454 660 4523 qui
702 4453 753 4507 in
795 4452 948 4507 vobis
1003 4448 1397 4506 benevolentia:
1457 4447 1871 4518 concordiaque
1920 4445 2140 4503 fomites

644 4629 706 4685 ³1
738 4634 863 4688 Cor.
890 4645 1004 4697 xw,
1032 4629 1124 4685 25.

2230 3348 2358 3418 περί
2389 3366 2440 3401 τι
2475 3348 2667 3419 μικρὸν
2701 3346 2734 3417 ἢ
2768 3347 2950 3418 μεῖζον
2979 3351 3141 3419 ἡμεῖς
3184 3347 3323 3417 (95)’
3358 3348 3474 3401 ἀλλ’
3506 3352 3670 3420 ἡμεῖς
3712 3349 3803 3419 μὲν

2231 3440 2333 3493 οὑκ
2366 3438 2639 3492 ἐπαινεταὶ
2670 3438 2770 3507 τῆς
2799 3438 3020 3501 κακίας,
3054 3438 3209 3511 εἴπερ
3239 3456 3293 3490 τι
3331 3440 3619 3509 πταίομεν,
3654 3441 3802 3510 ὑμεῖς

2230 3532 2287 3584 δὲ
2316 3531 2467 3584 οὐδὲν
2508 3525 2671 3601 ἧττον
2705 3530 2942 3594 ἀσεϐεῖς,
2973 3529 3075 3585 κᾶν
3103 3532 3266 3601 ἡμεῖς
3297 3531 3723 3603 ἁμαρτάνωμεν,
3757 3532 3801 3583 εί

2237 3624 2312 3695 μὴ
2343 3624 2437 3678 καὶ
2472 3623 2692 3694 μᾶλλον,
2734 3625 2844 3694 ὅσῳ
2878 3623 3311 3676 καῖ’πταιόντων
3341 3624 3464 3676 ἐστὲ
3500 3623 3799 3695 βαρύτεροι.

2235 3717 2344 3769 Καὶ
2393 3716 2459 3768 ἵν’
2495 3715 2672 3787 εἰδῆτε
2710 3716 2779 3769 τά
2808 3716 2985 3769 πάντα
3020 3714 3462 3785 συμφρονοῦντας
3502 3716 3614 3785 (94)
3642 3718 3800 3787 ἡμᾶς,

2236 3806 2333 3860 κα)⁸
2360 3806 2449 3860 διὰ
2477 3807 2681 3860 τούτων
2713 3807 2794 3860 ὅτι
2832 3807 2927 3859 καὶ
2963 3806 3052 3858 ἀεὶ
3087 3808 3543 3878 συμφρονήσομεν
3584 3807 3800 3878 μάθητε,

2236 3899 2468 3952 πέπεικε
2501 3898 2621 3969 μὲν,
2651 3899 2725 3961 ὼς
2756 3893 2929 3968 οἶμαι,
2960 3898 3053 3951 κα)⁵
3085 3897 3146 3950 τὸ
3177 3896 3473 3969 ὁρώμενον,
3516 3898 3693 3970 πατὴρ
3723 3898 3801 3950 εὑο

2238 3988 2471 4060 γνώμων
2504 3989 2637 4059 (95),
2675 3988 2769 4042 καὶ
2800 3990 2927 4052 παῖς
2965 3988 3246 4058 εὐπειθὴς,
3296 3989 3547 4061 ἀλλήλοις
3575 3989 3799 4058 συγκαθο

2238 4081 2486 4152 εζόμενοι
2536 4080 2630 4133 καὶ
2665 4081 3109 4151 συμπρέποντες·
3153 4081 3248 4133 καὶ
3275 4082 3328 4134 εἴ
3370 4099 3422 4134 τι
3465 4082 3710 4152 ζώπυρον
3749 4084 3799 4134 ὲν

2239 4173 2365 4243 ὑμῖν
2393 4171 2637 4241 ὑπῆρχεν
2679 4170 2892 4234 εὐνοίας
2932 4189 2990 4223 τε
3037 4174 3132 4225 καὶ
3179 4174 3501 4243 συμπνοίας,
3539 4174 3693 4227 τοῦτο
3718 4176 3801 4226 ἀν-

2241 4264 2494 4333 άψαντες,
2550 4262 2783 4316 πειθέτω
2814 4263 2870 4317 δὲ
2909 4253 3002 4317 καὶ
3042 4266 3070 4317 6
3101 4264 3276 4332 λόγος.
3315 4264 3422 4318 Τοῦ
3455 4266 3563 4337 (96)
3600 4267 3694 4337 μὲν
3719 4262 3801 4318 οἷν

2240 4355 2539 4426 ἀκηκόατε,
2579 4355 2673 4408 καὶ
2708 4355 2769 4408 τὸ
2804 4354 2989 4425 θαῦμα
3025 4353 3215 4426 ἐνηχον
3245 4356 3326 4409 ἔτι
3366 4358 3477 4426 (97)
3509 4360 3629 4421 ταῖς
3656 4358 3799 4427 ἐμαῖς

2241 4447 2430 4512 ἀκοαῖς
2450 4462 2463 4476 ⁸
2505 4449 2601 4503 καὶ
2620 4443 2745 4514 οἶδ’,
2775 4448 2860 4501 ὅτι
2897 4446 3080 4518 μεῖζον
3119 4449 3177 4502 ὲν
3210 4450 3339 4520 ὑμῖν
3369 4449 3464 4503 τοῦ
3499 4451 3581 4513 εἰς
3610 4448 3693 4502 τὸν
3722 4447 3801 4502 ἁέα

1220 4629 1242 4661 ⁸
1267 4628 1445 4686 Eccle.
1478 4645 1535 4693 ι,
1570 4630 1623 4686 1.
1697 4630 1718 4660 ⁵
1747 4627 1813 4683 Ill
1841 4626 1997 4683 Esdr.
2021 4643 2096 4695 tv,
2122 4627 2214 4683 '55.
2290 4627 2311 4660 ⁸
2339 4626 2453 4683 Jac.
2485 4643 2559 4695 ιν,
2596 4627 2648 4684 6.
2726 4629 2746 4660 ⁷
2780 4627 2919 4683 Psal.
2942 4644 3124 4693 cnvr,
3153 4627 3208 4683 6.

644 4785 756 4868 (8(5)
798 4786 867 4842 Ἢ
921 4785 1140 4854 λαϐήν.
1201 4782 1365 4839 Deest
1419 4783 1472 4838 in
1530 4783 1771 4854 pluribus
1832 4780 2027 4853 Regg.,
2088 4792 2140 4839 et
2172 4787 2218 4844 D
2247 4782 2415 4865 κάσαι
2454 4783 2763 4868 re_t_ulit,_ac
2789 4784 3073 4840 reddidit:
3109 4802 3130 4835 ι
3172 4794 3232 4839 ιιι
3265 4791 3513 4868 parentes
3564 4782 3683 4837 ﬁliis
3713 4778 3797 4835 ini-

570 4858 666 4914 Or.
703 4858 755 4910 l.

645 4928 758 4996 (87)
807 4924 1204 4993 Ἀμαρτάνειν.
1240 4923 1373 4996 Reg.
1400 4923 1495 4987 hu,
1521 4931 1631 4979 tres
1655 4920 1833 4988 Colb.,
1873 4932 1927 4978 et
1955 4921 2030 4979 Or
2082 4923 2136 4990 1,

571 4999 858 5057 ἁμαρτεῖν.

646 5015 949 5138 {Egisti-lar
982 5064 1425 5138 φιλοποζμενες,
1453 5075 1557 5117 etc.
1609 5063 1705 5118 Hic
1737 5065 2139 5138 aperte‘videnf

574 5134 665 5192 tur
688 5134 1009 5191 diSsensisse
1037 5134 1326 5195 Catholici.
1352 5138 1564 5188 diverso
1599 5134 1878 5202 pastorum
1915 5134 2137 5204 (Meletii

574 5218 629 5265 et
658 5206 888 5275 Paulini)
928 5205 1104 5259 studio
1138 5207 1363 5273 abrepti.
1403 5205 1475 5257 Ex
1514 5206 1721 5258 duobus
1760 5220 1993 5273 namque
2025 5206 2139 5259 exi-

578 5280 704 5333 miis
750 5274 1051 5347 pastoribus
1098 5278 1339 5347 reperire
1384 5290 1488 5347 non
1526 5283 1771 5347 poterant
1810 5287 1931 5329 uter
1970 5276 2141 5345 magis

575 5342 904 5415 expetendus
924 5354 1085 5399 esset.
1121 5342 1276 5399 Unde
1304 5346 1417 5415 haec
1446 5344 1789 5415 intelligenda
1827 5354 1954 5397 sunt
1980 5342 2142 5414 gene-

578 5414 738 5472 ratim
780 5417 845 5471 de
883 5414 1194 5481 Catholicis,
1220 5420 1309 5483 qui
1344 5414 1445 5468 hac
1476 5415 1541 5468 de
1567 5428 1726 5468 causa
1759 5414 2142 5469 Constantino-

576 5488 685 5557 poli
714 5486 1133 5608 disseéiltiebant;
1166 5501 1271 5540 non
1293 5499 1421 5540 vero
1448 5484 1512 5538 de
1540 5484 1920 5551 Nazianzenis,
1950 5495 2007 5538 ut
2042 5484 2143 5539 fal-

578 5571 641 5608 so
664 5568 811 5608 nutat
859 5569 868 5591 ι
904 5568 1001 5608 ias.

578 5571 641 5611 80
664 5573 728 5611 υιι
738 5568 811 5608 ιιιι
843 5568 1001 5608 ultas.

650 5573 1019 5697 (ιὲθῗθῖνᾶῗὲιῗξ-
1047 5623 1309 5697 πατράσι
1340 5622 1823 5697 δικάσαι-κακῶς.
1876 5643 1896 5676 ‹
1943 5624 2012 5680 Ut
2050 5624 2142 5677 lilii

579 5695 893 5821 gerentibus
923 5699 1105 5765 inique
1143 5696 1233 5763 jus
1262 5696 1464 5749 dicant.
1508 5716 1525 5747 ι
1582 5695 1673 5749 Sic
1704 5696 1876 5765 primo
1907 5702 2146 5750 verterat

630 5766 804 5821 illius:
870 5767 963 5819 sed
1024 5775 1207 5821 postea
1272 5766 1438 5820 Eliam
1488 5775 1729 5821 secutus.
1797 5776 1904 5820 tam
1956 5776 2145 5821 contra

630 5766 804 5828 illius;
870 5767 963 5819 sed
1024 5775 1207 5834 postea
1272 5766 1438 5820 Eliam
1488 5775 1729 5831 secutus,
1797 5776 1904 5820 tam
1956 5776 2145 5821 contra

581 5837 870 5908 syntaxiut,
899 5850 1061 5908 quam
1091 5844 1276 5892 contra
1314 5851 1423 5892 rem
1462 5837 1653 5909 ipsam,
1687 5839 1752 5893 ad
1787 5852 2035 5911 parentes
2063 5844 2144 5897 δι-

2246 4854 2464 4925 qnejus
2499 4855 2701 4907 dicant.
2740 4873 2758 4906 ι

2320 4923 2433 4994 (90)
2487 4924 2838 4994 Ἑτγυητής.
2875 4922 2966 4979 Sic
3003 4939 3190 4981 omnes
3220 4924 3376 4979 codd.
3414 4924 3470 4978 In
3506 4924 3613 4989 ed.,
3651 4924 3796 4989 ἐγγυ-

2247 5012 2367 5058 της.

2249 4995 2622 5189 Ξήῗὲιπεως
2652 5064 2781 5134 γῆς.
2822 5064 3009 5121 Plures
3054 5064 3245 5136 Regg.,
3292 5063 3457 5120 Coisl.
3521 5065 3576 5129 3,
3620 5063 3707 5117 0r.
3751 5061 3792 5120 l.

2287 5152 2379 5189 γοι
2413 5151 2540 5189 γης.

2364 5152 2379 5185 ι
2413 5152 2540 5196 γης.

2287 5151 2581 5275 martial
2609 5206 2931 5271 ἀκουσίως.
2968 5205 3099 5275 Reg.
3132 5207 3226 5271 hu,
3253 5204 3609 5275 είᾶκουσίως.

2317 5213 2429 5345 (92)
2468 5213 2581 5258 Καὶ
2609 5213 2931 5287 ἀκουσίως.
2968 5213 3099 5275 Reg.
3133 5213 3226 5271 hu,
3253 5213 3609 5287 sidxouc‘twc.

2342 5276 2433 5347 9.3)
2484 5276 2694 5344 Ἠμεις.
2725 5276 2815 5331 Sic
2847 5276 3013 5347 Regg,
3047 5292 3099 5341 a,
3136 5277 3245 5342 bm,
3284 5276 3376 5343 hu,
3407 5273 3574 5330 Corsi.
3599 5274 3653 5337 2,
3677 5271 3792 5331 les.

2247 5354 2362 5417 elc._
2388 5346 2443 5417 lu
2476 5349 2586 5411 ed.,
2614 5347 2793 5417 ὑμεῖς.

2318 5415 2429 5485 (94)
2470 5412 2994 5485 Συμφρονοῦντας.
3040 5416 3174 5485 Reg.
3210 5415 3322 5482 bm,
3376 5412 3791 5485 auptpwvoﬁvm.

2254 5504 2273 5538 ι
2311 5488 2627 5540 concordes.
2666 5505 2684 5538 ι

2322 5556 2434 5626 (95)
2474 5556 2675 5628 Πατὴρ
2718 5557 3056 5628 εὐγνώμων,
3088 5564 3195 5628 etc.
3223 5555 3459 5628 Billiusr:
3513 5552 3792 5628 {candidus

2250 5623 2423 5694 pater,
2456 5645 2473 5677 ι
2506 5638 2613 5682 etc.
2637 5623 2880 5693 ‘Quinam
2908 5623 2997 5682 hic
3020 5626 3393 5697 designentur,
3431 5627 3482 5681 in
3515 5626 3702 5680 Monito
3722 5623 3791 5674 di-

2254 5704 2398 5750 ctum
2438 5707 2520 5752 est
2555 5714 2608 5752 n.
2639 5698 2693 5752 5.

2326 5766 2437 5835 (96)
2484 5769 2616 5822 Τοῦ.
2647 5769 2777 5837 Reg.
2810 5768 2921 5831 bm,
2952 5767 3128 5821 τοῦτο.

2327 5840 2441 5910 (97)
2484 5840 2605 5893 Ἔτι
2655 5838 2785 5910 Reg.
2815 5839 3004 5909 (lypr.,
3033 5838 3174 5892 ἐστι.
