3914 6404
200 384 343 439 1157

1330 375 1591 433 ORATIO
1628 376 2011 434 χχιιι-..οε
2048 379 2224 436 ΡΛΟΕ
2262 381 2349 437 Ill.

3302 388 3440 443 “58

200 518 273 572 ρα
297 499 564 570 χεθέντος,
608 496 668 551 τὸ
694 498 750 550 ὲν
789 499 906 560 ταῖς
934 495 1131 566 ψυχαῖς
1182 496 1540 567 ἀποκείμενον
1563 513 1576 525 ·
1613 498 1645 566 ἡ
1656 495 1768 566 μῶν

1879 507 2048 563 erant,
2109 499 2421 555 exsuscitati
2481 508 2646 564 sunt;
2684 507 2862 555 tamen
2905 499 2956 555 id
2989 515 3201 570 quoque
3259 517 3440 558 sermo

188 593 255 647 δὲ
276 590 573 645 ἀκούσεσθε
601 590 781 654 πάλιν,
815 593 864 644 εἰ
893 590 1053 644 πάλιν
1082 588 1325 642 ποθεῖτε·
1358 589 1452 642 καὶ
1483 591 1531 642 εἰ
1584 590 1657 660 μή
1691 606 1767 659 τῳ

194 687 334 758 πρὸς
360 686 630 750 ἀπόδειξιν
655 684 812 738 ἱκανὰ
829 684 897 739 τά
921 685 982 757 δη
993 684 1340 756 μοσιευθέντα
1369 681 1645 745 πολλάκις,
1678 684 1769 735 καὶ

192 778 245 829 οἱ
281 776 596 847 πειρασμοὶ,
635 776 730 831 καὶ
767 776 817 827 οἱ
854 775 1109 848 λιθασμοὶ
1136 778 1269 848 (98),
1311 779 1405 841 οὓς
1448 795 1504 831 τε
1543 778 1641 848 ἢδη
1670 794 1769 830 πε-

195 865 496 937 πόνθαμεν,
541 866 635 918 καὶ
676 860 757 929 οἷς
797 865 1227 937 ηὐτρεπίσμεθα,
1276 867 1336 920 οὐ
1370 868 1430 920 τὸ
1459 866 1649 920 παθεῖν
1674 864 1769 935 Cn-

197 958 351 1026 μίαν.
382 958 443 1011 τὸ
472 959 529 1012 δὲ
570 959 645 1029 μὴ
674 959 866 1013 παθεῖν
896 959 1199 1031 κρίνοντες·
1232 960 1327 1012 καὶ
1359 959 1595 1029 τοσούτῳ
1634 958 1769 1029 μᾶλ-

190 1048 306 1112 λον,
362 1050 471 1118 ὅσῳ
528 1047 636 1101 τῶν
690 1048 831 1120 ὑπὲρ
883 1049 1119 1120 Χριστοῦ
1163 1049 1421 1103 κινδύνων
1469 1047 1768 1119 γεγεὺσμε-

193 1146 264 1199 θα
292 1147 425 1217 (99),
455 1142 529 1200 ὧν
559 1146 651 1200 καὶ
679 1162 887 1218 καρπον
915 1147 1136 1218 ἄριστον
1155 1146 1525 1217 ἡνεγκάμεθα,
1550 1145 1647 1217 τὴν
1673 1143 1765 1197 τοῦ

192 1238 324 1292 λαοῦ
346 1240 500 1293 τοῦδε
526 1239 873 1311 συναύξηοιν.

1875 592 2216 661 persuadeat.
2261 591 2410 646 Illum
2457 592 2673 661 quidem
2719 591 2830 662 jam
2891 594 3161 658 audiistis,
3195 594 3440 663 meisque

1875 680 2095 735 auribus
2132 696 2443 735 sermonum
2498 682 2664 750 ipsius
2719 683 3005 737 admiratio
3030 682 3323 738 etiamnum
3358 686 3440 738 in-

1874 782 2075 828 sonat:
2108 789 2206 828 nec
2264 773 2454 828 dubito
2501 774 2628 843 quin
2682 775 2855 844 majus
2903 775 3030 829 illud
3079 777 3169 840 sit,
3205 775 3344 844 quod
3388 776 3439 829 itt

1876 864 2071 919 animis
2090 866 2283 919 vestris
2312 865 2644 919 reconditum
2686 876 2787 931 est,
2815 881 2976 935 quam
3007 866 3148 935 quod
3178 867 3228 920 in
3258 882 3440 922 aerem

1876 954 2053 1010 fusum
2087 977 2098 1011 :
2126 972 2224 1012 nos
2254 966 2431 1011 autem
2459 972 2645 1012 rursus
2676 958 2930 1021 audietis,
2965 960 3009 1013 si
3054 974 3243 1013 rursus
3272 974 3441 1027 expe-

1876 1052 2020 1117 titis;
2052 1060 2104 1105 et
2138 1050 2182 1105 si
2214 1050 2297 1105 cui
2341 1050 2580 1106 nondum
2625 1051 2690 1105 ad
2720 1052 3093 1121 probationem
3145 1050 3438 1119 sufﬁciunt,

1872 1159 1994 1213 quae
2024 1156 2398 1211 saepenumero
2433 1143 2647 1212 publice
2681 1145 2967 1214 praedicata
3016 1154 3162 1211 sunt,
3194 1145 3247 1201 id
3275 1147 3437 1215 peril-

1874 1236 2022 1290 ciant
2073 1233 2400 1287 tentationes
2429 1234 2533 1287 illuc
2563 1249 2625 1289 ac
2668 1234 3195 1307 lapidationes,quas
3224 1246 3278 1291 et
3326 1236 3437 1304 jam

195 1334 534 1406 pertulimus,
567 1345 621 1389 et
655 1336 898 1404 perferre
950 1334 1122 1404 parati
1178 1348 1387 1396 sumus,
1446 1348 1553 1387 non
1630 1332 1959 1387 detrimento
2030 1329 2289 1383 ducentes
2332 1329 2468 1397 pati.
2501 1330 2593 1383 sed
2649 1332 2824 1400 potius
2870 1348 2973 1386 non
3009 1335 3113 1403 pati
3147 1352 3159 1387 :
3192 1334 3351 1403 idque
3376 1347 3442 1387 eo

194 1427 392 1495 magis,
452 1425 597 1493 quod
634 1424 1014 1493 periculorum,
1074 1440 1192 1493 quae
1230 1440 1325 1492 pro
1358 1424 1572 1477 Christo
1634 1423 1950 1485 tolerantur,
2020 1427 2234 1490 gustum
2273 1421 2540 1490 cepimus,
2596 1437 2664 1476 ex
2723 1423 2919 1492 quibus
2965 1425 3127 1479 etiam
3176 1429 3438 1493 optimum

193 1515 482 1569 retulimus
541 1513 792 1574 fructum.
831 1530 1022 1584 nempe
1062 1514 1239 1584 populi
1272 1514 1431 1581 hujus
1461 1514 1877 1568 incrementum.
1926 1526 1931 1531 ‘

264 1612 358 1676 (Γ.
400 1607 463 1660 Τί
491 1602 584 1660 οὖν
622 1606 905 1677 βούλεσθε;
953 1607 1221 1661 Πέπεισθε
1256 1606 1435 1669 τοῦτο,
1482 1608 1577 1659 καὶ
1621 1605 1771 1659 οὐδὲν

186 1701 271 1754 δεῖ
304 1698 646 1772 πραγμάτων
676 1701 829 1771 ἡμῖν,
864 1699 986 1752 οὐδὲ
1035 1698 1314 1768 θεολογίας
1350 1698 1629 1769 δευτέρας,
1674 1697 1769 1750 καὶ

189 1793 439 1863 φείδεσθε
458 1793 557 1863 τῆς
585 1792 723 1863 ἐμῆς
757 1792 1062 1853 ἀσθενείας,
1086 1792 1175 1860 ὑφ’
1204 1785 1271 1861 ἦς
1303 1791 1430 1860 ὑμῖν
1468 1789 1562 1842 καί
1598 1787 1771 1841 ταῦτα

191 1886 350 1956 μόλις
377 1884 717 1955 φθέγγομαι;
748 1884 781 1953 ἢ
809 1883 908 1946 δεῖ,
948 1883 1197 1953 καθάπερ
1230 1885 1350 1945 ταῖς
1386 1881 1630 1953 βαρείαις
1664 1881 1772 1934 τῶν

184 1973 392 2039 ἀκοῶν,
444 1972 701 2035 πολλάκις
759 1972 850 2025 τὸν
891 1972 1051 2024 αὑτὸν
1100 1972 1312 2042 ἐνηχεῖν
1359 1972 1537 2040 λόγον,
1570 1971 1656 2025 ἵνα
1694 1968 1772 2040 τῷ

182 2061 585 2134 ὲπιμόνῳγοῦν
612 2062 711 2132 τῆς
735 2062 940 2132 φωνῆς,
972 2063 1051 2124 εἰς
1074 2054 1526 2133 ὧταλαλήσωμεν
1548 2060 1773 2115 ἀκουόν-

180 2170 329 2220 τωνς
380 2154 587 2208 δοκεῖτέ
636 2170 727 2224 μοι
780 2153 873 2204 τὸν
909 2151 1065 2220 λόγον
1112 2152 1501 2225 προκαλεῖσθαι
1547 2152 1635 2205 διά
1672 2152 1773 2222 τῆς

183 2247 445 2318 ἡσυχίας.
473 2247 584 2298 Καὶ
604 2246 711 2315 γάρ
737 2243 833 2315 τὴν
858 2244 1067 2316 σιωπὴν
1093 2243 1489 2313 συγκατάθεσιν
1511 2239 1670 2308 εἶναι,
1697 2243 1773 2296 διο

181 2340 379 2395 δάσκει
408 2340 502 2392 καὶ
524 2338 843 2411 ήπαροιμία
870 2337 971 2408 (1).
1009 2338 1217 2391 Οὐκοῦν
1241 2336 1463 2401 δέξασθε
1495 2336 1648 2405 λόγον
1669 2337 1772 2407 ἀμ-

187 2432 457 2504 φοτέρων,
490 2434 554 2485 ὲκ
590 2432 718 2502 μιᾶς
746 2430 924 2500 ψυχῆς
968 2430 1063 2482 καὶ
1094 2429 1211 2493 ἑνὸς
1256 2430 1545 2499 στόματος.
1575 2428 1772 2499 Ἀχθο-

186 2544 289 2596 μαι
314 2524 392 2585 δὲ,
413 2525 493 2578 ὃτι
523 2524 596 2594 μὴ
622 2524 712 2577 ἐπί
742 2541 793 2576 τι
821 2523 944 2594 ὄρος
966 2523 1075 2575 τῶν
1107 2521 1324 2592 ὑψηλῶν
1347 2519 1605 2583 ἀνελθὼν,
1638 2519 1772 2591 μηδὲ

185 2617 377 2687 φωνὴν
408 2614 585 2668 λαϐὼν
617 2615 717 2685 τῆς
750 2613 1045 2683 ἐπιθυμίας
1075 2614 1253 2679 ἀξίαν,
1285 2614 1448 2665 πᾶσιν
1484 2610 1621 2681 όμοῦ
1658 2613 1773 2674 τοῖς

186 2705 451 2776 φρονοῦσι
489 2703 673 2767 κακῶς
718 2702 888 2757 ταῦτα
928 2701 1254 2772 φθέγγομαι,
1286 2700 1475 2772 ὥσπερ
1509 2703 1566 2754 ὲν
1610 2700 1772 2770 κοινῷ

185 2796 407 2866 θεάτρῳ
431 2798 495 2865 τῇ
521 2794 813 2865 οἰκουμένῃ
842 2794 917 2861 (2)
947 2810 959 2823 ·
990 2793 1104 2846 Υἱοί
1138 2791 1478 2861 ἀνθρώπων,
1516 2792 1625 2857 ἕως
1667 2793 1772 2845 πό-

185 2904 255 2941 τε
274 2886 666 2956 βαρυκὰρδιοι
690 2902 708 2949 ;
736 2887 869 2941 Ἵνα
889 2886 944 2938 τί
972 2884 1237 2953 ἀγαπᾶτε
1263 2886 1641 2953 ματαιότητα,
1674 2883 1772 2936 καὶ

1946 1602 2035 1657 Vl.
2071 1603 2208 1670 Quid
2257 1605 2421 1675 igitur
2464 1605 2669 1660 vultis?
2701 1605 2881 1662 Vosne
2915 1609 3017 1663 hoc
3050 1608 3326 1664 convictos
3360 1617 3442 1664 te-

1875 1703 1986 1761 net,
2030 1701 2085 1749 et
2112 1694 2245 1749 nihil
2272 1711 2406 1765 opus
2435 1705 2538 1761 est,
2568 1707 2628 1751 ut
2663 1713 2761 1753 nos
2792 1700 2891 1753 hac
2939 1700 3005 1753 de
3042 1716 3099 1755 re
3129 1715 3440 1770 gravemur,

1873 1802 1973 1842 nec
1998 1788 2291 1842 secundam
2326 1790 2394 1843 de
2419 1789 2617 1845 deitate
2668 1791 2970 1846 orationem
2996 1793 3314 1861 habeamus,
3345 1809 3445 1848 no-

1872 1885 2105 1947 strasque
2129 1878 2427 1933 inlirmitati
2450 1881 2689 1949 parcitis,
2713 1898 2834 1952 qua:
2852 1892 2994 1937 tanta
3014 1893 3116 1949 est,
3138 1893 3196 1937 ut
3217 1883 3304 1939 vix
3331 1886 3445 1940 haec

1876 1967 1991 2037 ipsa
2015 1969 2169 2023 vobis
2198 1970 2463 2037 eloquar?
2492 1970 2572 2023 An
2591 1972 2769 2040 potius
2799 1981 3026 2041 oportet,
3060 1974 3202 2029 velut
3231 1976 3446 2045 gravio-

1873 2061 2027 2116 ribus
2058 2063 2305 2129 auribus,
2334 2064 2579 2119 eumdem
2609 2079 2913 2120 sermonem
2942 2068 3137 2138 saepius
3168 2070 3441 2134 insonare,

1871 2162 1932 2207 ut
1969 2153 2222 2208 diuturna
2258 2154 2447 2209 saltem
2478 2157 2627 2210 vocis
2656 2158 2999 2212 contentione
3030 2159 3080 2212 in
3112 2160 3441 2214 audientium

1874 2258 2031 2299 aures
2058 2244 2273 2299 tandem
2323 2243 2489 2316 529
2527 2247 2847 2316 loquamur?
2876 2247 2981 2302 Sed
3018 2264 3103 2303 me
3132 2249 3232 2304 hac
3262 2260 3443 2305 vestra

1872 2335 2054 2405 quiete
2099 2345 2155 2391 et
2201 2337 2416 2391 silentio
2463 2338 2529 2392 ad
2574 2339 2860 2394 dicendum
2894 2341 3121 2394 invitare
3161 2342 3442 2400 videmini.

1872 2416 2010 2480 Nam
2064 2427 2337 2483 silentium
2389 2431 2651 2498 partemia
2684 2445 2900 2500 quoque
2949 2448 3271 2488 consensum
3322 2450 3446 2490 esse

1873 2518 2049 2573 docet.
2079 2518 2309 2574 Proinde
2331 2520 2615 2590 utriusque
2649 2537 2959 2577 sermonem
3007 2539 3074 2579 ex
3128 2539 3233 2578 una
3265 2528 3445 2581 anima

1874 2619 2035 2679 atque
2064 2625 2129 2665 ex
2159 2627 2265 2665 uno
2292 2627 2387 2667 ore
2442 2614 2691 2683 accipite.
2730 2614 2859 2668 Illud
2901 2616 3117 2669 demum
3157 2618 3444 2673 molestum

1873 2712 1978 2768 est,
2014 2704 2158 2773 quod
2208 2704 2343 2769 hare,
2401 2703 2454 2757 in
2515 2704 2802 2758 sublimem
2849 2708 3141 2774 quemdam
3202 2718 3442 2762 montent

1874 2805 2113 2861 evectus,
2147 2811 2449 2866 vocemque
2477 2797 2747 2852 desiderio
2778 2812 2961 2867 parem
2991 2811 3200 2867 nactus,
3236 2802 3300 2853 ad
3331 2816 3449 2856 om-

1874 2902 1969 2941 nes
1991 2904 2083 2942 eos
2110 2888 2290 2951 simul,
2318 2890 2407 2957 qui
2433 2889 2499 2944 de
2526 2889 2784 2960 religione
2807 2891 2943 2945 male
2960 2894 3217 2959 sentiunt,
3242 2895 3294 2950 in
3322 2896 3447 2951 uni-

182 2978 412 3045 ζητεῐτε
442 2976 686 3046 ψεῦδος,
724 2978 784 3030 οὑ
818 2977 967 3047 μίαν,
991 2976 1097 3028 οὐδ’
1131 2976 1307 3047 ἀπλὴν
1336 2976 1587 3046 θεότητος
1611 2976 1768 3046 φύσιν

1879 2994 2034 3035 verso
2072 2982 2225 3047 orbe,
2264 2982 2408 3035 velut
2452 2984 2723 3037 communi
2766 2986 2997 3053 quodam
3032 2986 3264 3052 theatro,
3317 3003 3447 3057 pro-

185 3071 524 3139 εἰσάγοντες,
566 3069 680 3122 ἀλλ’
719 3070 837 3139 ἦτοι
887 3071 1036 3139 τρεῖς
1072 3069 1489 3138 ἀπεξενωμένας
1528 3068 1771 3140 ἀλλήλων

184 3165 285 3218 καὶ
313 3164 738 3235 διεσπασμένας,
773 3162 831 3215 οὑ
863 3162 1175 3233 θαυμαστὸν
1207 3162 1263 3214 δὲ
1288 3163 1483 3228 εἰπεῖν,
1533 3161 1625 3214 καὶ
1667 3178 1771 3232 μα-

185 3258 433 3328 χομένας
467 3256 793 3328 ὑπερϐολαῖς
823 3256 917 3308 καὶ
946 3255 1242 3325 ὲλλείῲεσιν
1262 3272 1274 3284 ·
1311 3254 1343 3325 ἦ
1382 3255 1510 3325 μίαν
1533 3255 1653 3325 μὲν,
1692 3272 1774 3325 μι-

186 3347 482 3419 κροπρεπῆ
506 3347 563 3400 δέ
591 3363 713 3400 τινα
744 3346 838 3399 καὶ
879 3346 1089 3416 στενὴν,
1131 3346 1230 3399 οὑκ
1262 3346 1490 3415 ἔχουσαν
1517 3344 1576 3399 τὸ
1607 3346 1771 3416 μεγά-

184 3440 300 3493 λων
333 3435 468 3493 εἶναι
500 3439 692 3511 ἀρχὴν,
724 3438 912 3510 ῶσπερ
942 3440 1002 3492 οὑ
1032 3438 1424 3509 δυνηθεῖσαν,ἢ
1455 3438 1514 3490 οὐ
1545 3438 1771 3507 θελήσα-

186 3551 290 3587 σαν
312 3550 327 3563 ·
358 3532 629 3586 καὶτοῦτο
661 3532 846 3603 διχῶς,
872 3532 904 3603 ἣ
930 3532 1017 3585 διά
1048 3530 1259 3599 φθόνον,
1291 3531 1322 3600 ἢ
1358 3530 1445 3583 διὰ
1481 3530 1643 3598 φόϐον
1663 3546 1675 3559 ·
1708 3529 1769 3581 τὸ

187 3627 314 3697 μὲν,
351 3628 436 3680 ἵνα
473 3628 544 3698 μή
577 3644 629 3678 τι
656 3626 913 3696 ὁμότιμον
948 3624 1355 3693 συνεισάγηται,
1383 3623 1445 3675 τὸ
1470 3622 1546 3687 δὲ,
1576 3623 1662 3676 ἵνα
1694 3622 1767 3693 μὴ

182 3723 384 3793 ἐχθρὸν
415 3722 507 3774 καὶ
538 3720 873 3792 μαχόμενον;
910 3718 1101 3770 Καίτοι
1134 3718 1243 3781 ὅσῳ
1287 3715 1609 3788 τιμιώτερον
1636 3716 1770 3779 Θεὸς

182 3816 527 3885 κτισμάτων,
562 3812 799 3883 τοσούτῳ
849 3808 1424 3882 μεγαλοπρεπέστερον
1466 3810 1531 3879 τῇ
1578 3808 1767 3879 πρώτῃ

183 3906 365 3976 αἰτίᾳ,
412 3906 662 3975 θεότητος
696 3900 833 3957 εἶναι
866 3901 1058 3973 ἀρχὴν,
1097 3901 1129 3971 ἢ
1167 3900 1513 3971 κτισμάτων·
1547 3899 1641 3954 καὶ
1680 3900 1771 3953 διά

181 3998 448 4068 θεότητος
484 3998 651 4068 μέσης
680 3996 852 4049 ὲλθεῖν
882 3995 973 4047 ἐπὶ
1015 3994 1082 4049 τά
1126 3993 1418 4063 κτίσματα,
1465 3992 1498 4064 ἦ
1545 3994 1770 4046 τούναν-

182 4092 306 4144 τίον
346 4092 441 4159 (ὅ),
477 4090 678 4143 τούτων
723 4089 906 4140 ’ένεκεν
952 4087 1249 4157 ὑποστῆναι
1274 4085 1520 4157 θεότητα,
1560 4086 1589 4138 ὃ
1626 4085 1773 4140 δοκεῖ

183 4192 304 4251 τοῖς
326 4186 447 4240 λίαν
473 4185 839 4251 ἑξεταστικοῖς
867 4200 928 4236 τε
954 4184 1047 4236 καὶ
1081 4180 1396 4253 μετεώροις.

1872 3070 2017 3141 loqui
2048 3088 2256 3141 nequeo
2279 3089 2294 3124 :
2321 3071 2452 3125 Filii
2486 3075 3052 3144 hominum,usquequo
3079 3081 3227 3148 graui
3254 3082 3451 3135 corde?

1875 3166 1943 3220 Ut
1972 3168 2097 3237 quid
2124 3167 2343 3236 diligitis
2371 3168 2679 3234 vanitatem,
2719 3176 2769 3222 et
2797 3171 3031 3238 quaeritis
3051 3171 3447 3242 mendacium’,

1874 3258 2002 3313 dum
2058 3272 2161 3313 non
2204 3274 2388 3327 unam,
2435 3275 2537 3315 nec
2577 3260 2876 3330 simplicem
2937 3262 3155 3319 deitatis
3200 3274 3447 3321 naturam

1876 3352 2152 3419 inducitis,
2194 3369 2384 3409 verum
2424 3363 2519 3409 aut
2557 3363 2670 3410 tres
2720 3370 2749 3408 a
2784 3369 2843 3410 se
2892 3355 3120 3411 invicem
3165 3358 3370 3415 alienas
3393 3371 3449 3415 et

1875 3447 2184 3512 dislractas,
2219 3464 2319 3504 nec
2355 3450 2550 3504 mirum
2592 3451 2639 3505 si
2672 3450 2923 3519 dixerim,
2954 3453 3252 3508 defectibus
3280 3455 3446 3509 ctiam

1874 3548 1931 3593 et
1968 3538 2278 3595 excessibus
2304 3550 2637 3611 pugnantes;
2671 3550 2762 3596 aut
2796 3557 2954 3595 unam
2978 3543 3217 3613 quidem,
3241 3546 3336 3599 sed
3362 3544 3449 3613 je-

1869 3630 2056 3700 juuant
2101 3641 2156 3685 et
2183 3642 2490 3703 angustam,
2510 3648 2628 3702 quae
2655 3649 2760 3688 non
2790 3633 3007 3699 habeat,
3041 3644 3099 3687 ut
3129 3649 3447 3704 magnorum

1876 3737 2037 3777 causa
2062 3722 2154 3787 sit,
2185 3724 2411 3791 perinde
2431 3734 2593 3793 atque
2611 3722 2691 3777 vel
2726 3738 2829 3777 non
2864 3724 3123 3793 potuerit,
3150 3725 3234 3779 vel
3262 3724 3451 3779 nolueo'

1877 3813 1991 3867 rit:
2022 3814 2181 3882 idque
2235 3814 2431 3884 duplici
2502 3816 2567 3870 de
2622 3830 2806 3880 causa,
2840 3830 3032 3886 nempe
3077 3816 3161 3870 vel
3205 3819 3272 3871 ob
3306 3815 3448 3871 invi-

1877 3907 2137 3971 diam,vel
2159 3908 2227 3963 ob
2251 3918 2448 3963 metum
2477 3927 2489 3963 :
2522 3908 2650 3963 illud
2682 3910 2922 3979 quidem,
2947 3923 3016 3963 ne
3038 3909 3164 3979 quid
3194 3908 3398 3978 aequale
3428 3925 3444 3970 ;

1877 3998 1979 4054 hoc
2006 4014 2158 4065 vero,
2194 4016 2261 4055 ne
2292 4000 2419 4069 quid
2470 4001 2748 4055 inimicum
2769 4010 2822 4054 et
2845 4015 3091 4072 pugnans
3125 4001 3448 4057 inducatur?

1875 4088 2080 4160 Itaque,
2114 4102 2317 4161 quanto
2362 4091 2501 4147 Deus
2542 4092 2703 4147 rebus
2744 4092 2943 4147 creatis
2972 4093 3261 4157 antecedit,
3293 4101 3443 4148 tanto

1876 4184 2061 4253 utique
2092 4185 2278 4255 primae
2301 4200 2475 4240 causze
2503 4186 2937 4255 magnificentius
2975 4193 3078 4249 est,
3124 4184 3445 4254 divinitatis,

187 4299 359 4352 quam
421 4297 599 4336 rerum
648 4266 977 4344 creatarum,
1049 4277 1373 4347 principium
1422 4292 1566 4343 esse,
1602 4292 1667 4332 ac
1722 4292 1818 4348 per
1856 4279 2231 4349 interpositam
2296 4282 2550 4336 deitatem
2581 4283 2647 4336 ad
2696 4297 2783 4335 res
2811 4292 3021 4336 creatas
3052 4282 3255 4342 venire.
3284 4296 3445 4349 quam

186 4386 254 4430 ut
308 4384 521 4437 contra,
581 4374 771 4426 harum
826 4386 1009 4433 causa,
1063 4370 1236 4425 deitas
1300 4370 1512 4424 condita
1567 4369 1749 4436 fuerit,
1791 4373 2245 4441 quemadmodum
2300 4375 2621 4429 sublimibus
2679 4373 2818 4439 istis,
2849 4373 3114 4442 nimisque
3178 4374 3242 4427 ad
3288 4372 3442 4428 inda-

188 4470 431 4541 gandum
463 4469 743 4538 propensis
774 4468 968 4535 placet.

262 4568 336 4619 Z'.
377 4564 439 4618 Εἰ
488 4566 584 4635 μὲν
626 4563 731 4634 γὰρ
764 4561 1082 4633 ἐμέλλομεν,
1137 4558 1267 4613 Υίοῦ
1310 4558 1405 4611 καὶ
1454 4556 1768 4626 Πνεύματος

1948 4556 2059 4613 VII.
2095 4556 2305 4611 Etenim
2331 4558 2373 4610 si
2406 4555 2526 4610 Filii
2557 4565 2611 4610 et
2642 4553 2883 4624 Spiritus
2916 4553 3091 4609 sancti
3117 4554 3437 4624 dignitatem

183 4662 292 4734 τὴν
328 4660 484 4726 ἀξίαν
511 4656 917 4730 ὁμολογοῦντες,
950 4655 982 4725 ἢ
1011 4655 1225 4726 ἀναρχα
1249 4651 1420 4705 ταῦτα
1451 4650 1711 4719 εἰσάγειν,
1741 4647 1774 4718 ἢ

184 4756 272 4815 εἰς
306 4752 500 4823 ἑτέραν
528 4750 701 4821 ἀρχὴν
735 4750 977 4817 ἀνάγειν,
1012 4747 1129 4813 δέος
1160 4746 1226 4801 ἂν
1262 4743 1329 4818 ἦν
1360 4745 1529 4806 ὅντως
1561 4740 1635 4813 μὴ
1667 4742 1778 4794 ἀτι-

192 4845 381 4917 μασθῇ
417 4844 567 4907 Θεὸς,
603 4844 636 4913 ἢ
674 4842 989 4913 κινδυνεύσῃ
1030 4841 1157 4913 παρ’
1192 4841 1351 4911 ἡμῶν
1388 4838 1450 4891 τὸ
1507 4834 1752 4890 ἀντίθεον

186 4940 255 4992 Εἰ
294 4938 353 4990 δὲ
393 4938 514 4989 ὅσον
566 4936 629 4988 ἂν
659 4934 879 5008 ἐξαίρῃς
918 4932 993 5003 (4)
1036 4932 1127 4986 τὸν
1162 4931 1308 4995 Υἰὸν,
1350 4930 1382 5001 ἢ
1422 4929 1485 4982 τὸ
1518 4925 1766 4997 Πνεῦμα,

262 5074 285 5105 ⁸
313 5072 564 5139 Psal.'tv,
594 5072 650 5126 '5.

267 5211 382 5283 (98)
450 5211 512 5283 οἱ
549 5209 852 5283 λιθᾳσμοί.
928 5204 1217 5283 Lapidibns
1270 5202 1481 5283 nonnisi
1531 5203 1581 5256 in
1638 5201 1769 5258 urbe

188 5273 793 5352 Constantinopolitaita
834 5278 1144 5352 petitns_est_
1169 5273 1496 5352 Gregorius;
1540 5287 1611 5352 ac.
1638 5287 1763 5352 ριιρ-

189 5357 327 5410 inde
348 5354 485 5406 hanc
506 5345 816 5405 (irationem
836 5345 967 5417 post
998 5366 1016 5398 ‹
1045 5345 1442 5419 lapidationem,
1476 5363 1494 5392 ι
1525 5345 1681 5419 cujus
1714 5345 1765 5397 in

191 5442 262 5479 ea
301 5422 567 5485 meminit,
598 5420 832 5474 habitam
848 5411 1021 5472 "fuisse
1042 5411 1289 5485 constare
1315 5414 1490 5485 debet.
1510 5411 1638 5485 kNon
1674 5428 1763 5467 er-

191 5510 263 5565 go
293 5482 569 5565 Nazianzi,
599 5500 656 5544 ut
676 5490 860 5565 volunt
887 5488 1027 5543 Elias
1052 5496 1106 5543 et
1142 5483 1349 5552 Billius,
1379 5483 1471 5537 sed
1497 5482 1761 5537 Constan-

193 5561 799 5637 tinopolipronnntiata
830 5568 935 5637 est.
1041 5628 1053 5637 _
1177 5627 1211 5637 ﬂ
1318 5626 1333 5637 _
1439 5632 1450 5637 Δ
1715 5622 1726 5637 Ι

195 5626 384 5778 μείξει)
424 5626 820 5702 Γεγεύσμεθα.
864 5629 1000 5698 Reg.
1041 5628 1131 5693 hu,
1172 5627 1265 5682 Or.
1312 5626 1364 5689 1,
1403 5632 1531 5690 etc.,
1570 5626 1760 5692 γεγεύο

267 5776 347 5845 (1)
387 5772 692 5845 Παροιμια.
724 5769 815 5824 Sic
838 5768 1179 5842 proverbium
1205 5767 1345 5825 istud
1381 5785 1394 5822 :
1432 5786 1450 5819 ι
1480 5764 1579 5832 Qui
1608 5774 1766 5830 tacet,

191 5846 504 5903 consentire
527 5844 751 5899 videtur.
795 5860 815 5892 ι

1879 4648 2220 4714 conﬁtentes,
2252 4662 2345 4702 eos
2373 4647 2457 4701 vel
2482 4647 2730 4717 principii
2764 4658 3014 4716 expertes
3044 4646 3444 4716 induceremus,

1879 4740 1963 4795 vel
2003 4740 2069 4793 ad
2119 4739 2352 4794 alterum
2385 4738 2710 4809 principium
2763 4739 3111 4803 referremus,
3147 4738 3443 4793 timendum

1880 4846 2069 4886 revera
2112 4840 2288 4895 esset,
2340 4843 2407 4884 ne
2452 4830 2594 4884 Deus
2625 4840 2935 4899 contemptu
2984 4828 3305 4893 adiceretur,
3351 4838 3447 4882 aut

1878 4916 1991 4971 Deo
2023 4917 2354 4971 contrarium
2408 4916 2612 4987 aliquid
2659 4918 3029 4973 inveheretur.
3083 4918 3215 4973 Cum
3266 4928 3445 4973 autem

1947 5203 2025 5274 (Ξ)
2071 5201 2148 5271 Τῇ
2182 5201 2522 5274 οἰκουμένῃ.
2552 5200 2809 5274 (Ζοῑεμβ,
2831 5202 2928 5272 τῆς
2957 5201 3302 5274 οἰκουμένης.

1944 5271 2020 5346 (5)
2062 5276 2139 5327 "II
2169 5273 2542 5346 τορταντίον,
2569 5271 2832 5346 etc._Haec
2859 5271 2994 5333 erat,
3019 5271 3443 5346 juxLaHNiceph.

1871 5342 1968 5401 lib.
2001 5342 2121 5409 vut,
2149 5359 2197 5397 c.
2232 5343 2286 5405 8,
2328 5343 2586 5412 sacrilega
2609 5344 2928 5396 Arianorum
2967 5358 3089 5406 vox,
3119 5342 3309 5396 Filium
3337 5344 3445 5397 sci-

1872 5414 2001 5470 licet
2025 5425 2244 5483 pmpter
2278 5427 2376 5467 nos
2408 5412 2605 5467 factum
2640 5412 2723 5467 vel
2750 5422 2989 5467 creatum
3027 5412 3212 5478 fuisse,
3247 5422 3304 5466 ut
3345 5426 3446 5467 nos

1871 5484 2013 5539 Deus
2030 5482 2138 5551 per
2176 5484 2547 5553 ipsum,ivelut
2576 5497 2672 5553 per
2702 5482 3117 5537 instrumentum
3151 5483 3443 5553 quoddam,

1871 5564 2118 5621 crearet;
2144 5556 2281 5607 unde
2302 5555 2346 5609 si
2374 5552 2513 5609 Deus
2540 5552 2785 5609 homines
2814 5568 3000 5610 creare
3024 5552 3304 5621 noluiSset,
3338 5566 3444 5607 non

1868 5635 2115 5680 creasset
2140 5622 2355 5679 Filium.

1949 5695 2025 5764 (4)
2075 5694 2371 5765 Ἐξαίρῃς.
2431 5695 2597 5769 Regg.
2662 5698 2775 5764 bm,
2832 5701 2925 5764 htt,
2982 5709 3032 5755 ct
3085 5699 3177 5755 0r.
3243 5698 3291 5761 Ι,
3356 5695 3448 5765 t5-

1877 5767 2033 5839 άρῃς.
