  <div class='ocr_page' id='page_1' title='image "/cluster/home/n/w/nwhite01/storage/ocr_20150623/35/hvd.32044024473308/585.png"; bbox 0 0 3914 6404; ppageno 0'>
   <div class='ocr_carea' id='block_1_1' title="bbox 513 314 659 373">
    <p class='ocr_par' dir='ltr' id='par_1_1' title="bbox 513 314 659 373">
     <span class='ocr_line' id='line_1_1' title="bbox 513 314 659 373; baseline 0 0"><span class='ocrx_word' id='word_1_1' title='bbox 513 314 659 373; x_wconf 77' lang='grc'><strong>1159</strong></span> 
     </span>
    </p>
   </div>
   <div class='ocr_carea' id='block_1_2' title="bbox 1716 308 2531 367">
    <p class='ocr_par' dir='ltr' id='par_1_2' title="bbox 1716 308 2531 367">
     <span class='ocr_line' id='line_1_2' title="bbox 1716 308 2531 367; baseline -0.002 -1"><span class='ocrx_word' id='word_1_2' title='bbox 1716 310 1775 366; x_wconf 88' lang='lat' dir='ltr'><strong>S.</strong></span> <span class='ocrx_word' id='word_1_3' title='bbox 1812 308 2142 367; x_wconf 75' lang='lat' dir='ltr'><strong>GREGONI</strong></span> <span class='ocrx_word' id='word_1_4' title='bbox 2184 308 2531 366; x_wconf 83' lang='lat' dir='ltr'><strong>TllEOLOGl</strong></span> 
     </span>
    </p>
   </div>
   <div class='ocr_carea' id='block_1_3' title="bbox 3645 310 3768 365">
    <p class='ocr_par' dir='ltr' id='par_1_3' title="bbox 3645 310 3768 365">
     <span class='ocr_line' id='line_1_3' title="bbox 3645 310 3768 365; baseline 0.016 -3"><span class='ocrx_word' id='word_1_5' title='bbox 3645 310 3768 365; x_wconf 72' lang='lat' dir='ltr'><strong>nso</strong></span> 
     </span>
    </p>
   </div>
   <div class='ocr_carea' id='block_1_4' title="bbox 512 420 2088 502">
    <p class='ocr_par' dir='ltr' id='par_1_4' title="bbox 512 422 2088 502">
     <span class='ocr_line' id='line_1_4' title="bbox 512 422 2088 502; baseline -0.006 -17"><span class='ocrx_word' id='word_1_6' title='bbox 512 427 913 502; x_wconf 87' lang='lat' dir='ltr'><strong>quantumlibet</strong></span> <span class='ocrx_word' id='word_1_7' title='bbox 955 424 1152 483; x_wconf 73' lang='lat' dir='ltr'><strong>Filium</strong></span> <span class='ocrx_word' id='word_1_8' title='bbox 1198 432 1295 480; x_wconf 86' lang='lat' dir='ltr'><strong>aut</strong></span> <span class='ocrx_word' id='word_1_9' title='bbox 1341 422 1605 495; x_wconf 81' lang='lat' dir='ltr'><strong>Spiritum</strong></span> <span class='ocrx_word' id='word_1_10' title='bbox 1637 422 1923 489; x_wconf 78' lang='lat' dir='ltr'><strong>extuleris,</strong></span> <span class='ocrx_word' id='word_1_11' title='bbox 1955 438 2088 499; x_wconf 76' lang='lat' dir='ltr'><strong>nuu-</strong></span> 
     </span>
    </p>
   </div>
   <div class='ocr_carea' id='block_1_5' title="bbox 2197 420 3771 502">
    <p class='ocr_par' dir='ltr' id='par_1_5' title="bbox 2197 420 3771 494">
     <span class='ocr_line' id='line_1_5' title="bbox 2197 420 3771 494; baseline 0.001 -17"><span class='ocrx_word' id='word_1_12' title='bbox 2197 423 2295 493; x_wconf 76' lang='grc' dir='ltr'><strong>οὐχ</strong></span> <span class='ocrx_word' id='word_1_13' title='bbox 2326 422 2466 494; x_wconf 77' lang='grc' dir='ltr'>ὑπὲρ</span> <span class='ocrx_word' id='word_1_14' title='bbox 2495 422 2587 475; x_wconf 79' lang='grc' dir='ltr'><strong>τὸν</strong></span> <span class='ocrx_word' id='word_1_15' title='bbox 2616 421 2832 493; x_wconf 78' lang='grc' dir='ltr'><strong>Πατέρα</strong></span> <span class='ocrx_word' id='word_1_16' title='bbox 2861 420 3067 494; x_wconf 73' lang='grc' dir='ltr'>Θήσεις,</span> <span class='ocrx_word' id='word_1_17' title='bbox 3092 422 3215 478; x_wconf 67' lang='grc' dir='ltr'>οὐδὲ</span> <span class='ocrx_word' id='word_1_18' title='bbox 3244 420 3343 493; x_wconf 83' lang='grc' dir='ltr'>τῆς</span> <span class='ocrx_word' id='word_1_19' title='bbox 3369 422 3555 488; x_wconf 74' lang='grc' dir='ltr'>αἰτίας</span> <span class='ocrx_word' id='word_1_20' title='bbox 3585 425 3771 492; x_wconf 60' lang='lat' dir='ltr'><strong>dmis-</strong></span> 
     </span>
    </p>
   </div>
   <div class='ocr_carea' id='block_1_6' title="bbox 513 519 2089 595">
    <p class='ocr_par' dir='ltr' id='par_1_6' title="bbox 513 519 2089 595">
     <span class='ocr_line' id='line_1_6' title="bbox 513 519 2089 595; baseline -0.004 -16"><span class='ocrx_word' id='word_1_21' title='bbox 513 539 677 595; x_wconf 89' lang='lat' dir='ltr'><strong>quam</strong></span> <span class='ocrx_word' id='word_1_22' title='bbox 708 533 889 577; x_wconf 88' lang='lat' dir='ltr'><strong>tamen</strong></span> <span class='ocrx_word' id='word_1_23' title='bbox 934 535 1030 575; x_wconf 91' lang='lat' dir='ltr'><strong>eos</strong></span> <span class='ocrx_word' id='word_1_24' title='bbox 1059 533 1223 589; x_wconf 84' lang='lat' dir='ltr'><strong>supra</strong></span> <span class='ocrx_word' id='word_1_25' title='bbox 1261 519 1475 573; x_wconf 84' lang='lat' dir='ltr'><strong>Patrem</strong></span> <span class='ocrx_word' id='word_1_26' title='bbox 1507 531 1697 588; x_wconf 89' lang='lat' dir='ltr'><strong>ponas,</strong></span> <span class='ocrx_word' id='word_1_27' title='bbox 1729 530 1830 572; x_wconf 90' lang='lat' dir='ltr'><strong>nec</strong></span> <span class='ocrx_word' id='word_1_28' title='bbox 1859 531 1891 571; x_wconf 89' lang='lat' dir='ltr'><strong>a</strong></span> <span class='ocrx_word' id='word_1_29' title='bbox 1926 531 2089 572; x_wconf 85' lang='lat' dir='ltr'><strong>causa</strong></span> 
     </span>
    </p>
   </div>
   <div class='ocr_carea' id='block_1_7' title="bbox 514 613 2088 685">
    <p class='ocr_par' dir='ltr' id='par_1_7' title="bbox 514 613 2088 685">
     <span class='ocr_line' id='line_1_7' title="bbox 514 613 2088 685; baseline -0.004 -11"><span class='ocrx_word' id='word_1_30' title='bbox 514 632 830 674; x_wconf 84' lang='lat' dir='ltr'><strong>removeas:</strong></span> <span class='ocrx_word' id='word_1_31' title='bbox 874 630 1062 669; x_wconf 91' lang='lat' dir='ltr'><strong>verum</strong></span> <span class='ocrx_word' id='word_1_32' title='bbox 1111 615 1242 669; x_wconf 91' lang='lat' dir='ltr'><strong>illuc</strong></span> <span class='ocrx_word' id='word_1_33' title='bbox 1286 614 1606 685; x_wconf 68' lang='lat' dir='ltr'><strong>praeclaram</strong></span> <span class='ocrx_word' id='word_1_34' title='bbox 1641 613 2045 683; x_wconf 78' lang='lat' dir='ltr'><strong>generationem</strong></span> <span class='ocrx_word' id='word_1_35' title='bbox 2072 654 2088 681; x_wconf 95' lang='lat'><strong>,</strong></span> 
     </span>
    </p>
   </div>
   <div class='ocr_carea' id='block_1_8' title="bbox 512 704 2092 777">
    <p class='ocr_par' dir='ltr' id='par_1_8' title="bbox 512 704 2092 777">
     <span class='ocr_line' id='line_1_8' title="bbox 512 704 2092 777; baseline -0.004 -12"><span class='ocrx_word' id='word_1_36' title='bbox 512 720 568 765; x_wconf 87' lang='lat' dir='ltr'><strong>et</strong></span> <span class='ocrx_word' id='word_1_37' title='bbox 603 708 975 763; x_wconf 80' lang='lat' dir='ltr'><strong>admirabilem</strong></span> <span class='ocrx_word' id='word_1_38' title='bbox 1007 707 1407 777; x_wconf 89' lang='lat' dir='ltr'><strong>processionem</strong></span> <span class='ocrx_word' id='word_1_39' title='bbox 1450 704 1677 761; x_wconf 80' lang='lat' dir='ltr'><strong>referas.</strong></span> <span class='ocrx_word' id='word_1_40' title='bbox 1721 704 2092 761; x_wconf 88' lang='lat' dir='ltr'><strong>Percontabor</strong></span> 
     </span>
    </p>
   </div>
   <div class='ocr_carea' id='block_1_9' title="bbox 514 797 2088 869">
    <p class='ocr_par' dir='ltr' id='par_1_9' title="bbox 514 797 2088 869">
     <span class='ocr_line' id='line_1_9' title="bbox 514 797 2088 869; baseline -0.001 -17"><span class='ocrx_word' id='word_1_41' title='bbox 514 801 791 869; x_wconf 80' lang='lat' dir='ltr'><strong>paululum</strong></span> <span class='ocrx_word' id='word_1_42' title='bbox 820 815 885 855; x_wconf 84' lang='lat' dir='ltr'><strong>ex</strong></span> <span class='ocrx_word' id='word_1_43' title='bbox 926 810 977 853; x_wconf 92' lang='lat' dir='ltr'><strong>te</strong></span> <span class='ocrx_word' id='word_1_44' title='bbox 1002 842 1017 865; x_wconf 93' lang='lat'><strong>,</strong></span> <span class='ocrx_word' id='word_1_45' title='bbox 1049 800 1139 869; x_wconf 90' lang='lat' dir='ltr'><strong>qui</strong></span> <span class='ocrx_word' id='word_1_46' title='bbox 1173 798 1397 867; x_wconf 86' lang='lat' dir='ltr'><strong>ingeniti</strong></span> <span class='ocrx_word' id='word_1_47' title='bbox 1440 809 1495 851; x_wconf 89' lang='lat' dir='ltr'><strong>et</strong></span> <span class='ocrx_word' id='word_1_48' title='bbox 1550 798 1807 862; x_wconf 88' lang='lat' dir='ltr'><strong>anarchi,</strong></span> <span class='ocrx_word' id='word_1_49' title='bbox 1841 797 1945 853; x_wconf 87' lang='lat' dir='ltr'><strong>hoc</strong></span> <span class='ocrx_word' id='word_1_50' title='bbox 1971 808 2088 863; x_wconf 92' lang='lat' dir='ltr'><strong>est,</strong></span> 
     </span>
    </p>
   </div>
   <div class='ocr_carea' id='block_1_10' title="bbox 513 893 2088 964">
    <p class='ocr_par' dir='ltr' id='par_1_10' title="bbox 513 893 2088 964">
     <span class='ocr_line' id='line_1_10' title="bbox 513 893 2088 964; baseline -0.002 -16"><span class='ocrx_word' id='word_1_51' title='bbox 513 894 768 964; x_wconf 74' lang='lat' dir='ltr'><strong>principii</strong></span> <span class='ocrx_word' id='word_1_52' title='bbox 806 894 1068 962; x_wconf 72' lang='lat' dir='ltr'><strong>expertis,</strong></span> <span class='ocrx_word' id='word_1_53' title='bbox 1099 908 1338 947; x_wconf 86' lang='lat' dir='ltr'><strong>amorem</strong></span> <span class='ocrx_word' id='word_1_54' title='bbox 1394 902 1677 961; x_wconf 83' lang='lat' dir='ltr'><strong>tantopere</strong></span> <span class='ocrx_word' id='word_1_55' title='bbox 1711 907 1822 962; x_wconf 59' lang='lat' dir='ltr'><strong>prae</strong></span> <span class='ocrx_word' id='word_1_56' title='bbox 1856 901 1909 947; x_wconf 90' lang='lat' dir='ltr'><strong>te</strong></span> <span class='ocrx_word' id='word_1_57' title='bbox 1956 893 2088 954; x_wconf 88' lang='lat' dir='ltr'><strong>fers,</strong></span> 
     </span>
    </p>
   </div>
   <div class='ocr_carea' id='block_1_11' title="bbox 516 985 2089 1054">
    <p class='ocr_par' dir='ltr' id='par_1_11' title="bbox 516 985 2089 1054">
     <span class='ocr_line' id='line_1_11' title="bbox 516 985 2089 1054; baseline -0.001 -15"><span class='ocrx_word' id='word_1_58' title='bbox 516 998 638 1041; x_wconf 91' lang='lat' dir='ltr'><strong>nter</strong></span> <span class='ocrx_word' id='word_1_59' title='bbox 695 988 909 1041; x_wconf 89' lang='lat' dir='ltr'><strong>tandem</strong></span> <span class='ocrx_word' id='word_1_60' title='bbox 963 986 1130 1040; x_wconf 91' lang='lat' dir='ltr'><strong>Deum</strong></span> <span class='ocrx_word' id='word_1_61' title='bbox 1184 986 1357 1053; x_wconf 89' lang='lat' dir='ltr'><strong>magis</strong></span> <span class='ocrx_word' id='word_1_62' title='bbox 1413 994 1751 1047; x_wconf 84' lang='lat' dir='ltr'><strong>contemnat,</strong></span> <span class='ocrx_word' id='word_1_63' title='bbox 1811 985 1928 1039; x_wconf 89' lang='lat' dir='ltr'><strong>isne</strong></span> <span class='ocrx_word' id='word_1_64' title='bbox 1996 985 2089 1054; x_wconf 88' lang='lat' dir='ltr'><strong>qui</strong></span> 
     </span>
    </p>
   </div>
   <div class='ocr_carea' id='block_1_12' title="bbox 515 1077 2089 1150">
    <p class='ocr_par' dir='ltr' id='par_1_12' title="bbox 515 1077 2089 1150">
     <span class='ocr_line' id='line_1_12' title="bbox 515 1077 2089 1150; baseline -0.002 -17"><span class='ocrx_word' id='word_1_65' title='bbox 515 1080 691 1146; x_wconf 87' lang='lat' dir='ltr'><strong>ipsum</strong></span> <span class='ocrx_word' id='word_1_66' title='bbox 731 1080 916 1134; x_wconf 90' lang='lat' dir='ltr'><strong>talium</strong></span> <span class='ocrx_word' id='word_1_67' title='bbox 941 1123 956 1145; x_wconf 92' lang='lat'><strong>,</strong></span> <span class='ocrx_word' id='word_1_68' title='bbox 987 1078 1176 1150; x_wconf 79' lang='lat' dir='ltr'><strong>quales</strong></span> <span class='ocrx_word' id='word_1_69' title='bbox 1214 1088 1266 1133; x_wconf 89' lang='lat' dir='ltr'><strong>tu</strong></span> <span class='ocrx_word' id='word_1_70' title='bbox 1305 1077 1553 1143; x_wconf 88' lang='lat' dir='ltr'><strong>inducis,</strong></span> <span class='ocrx_word' id='word_1_71' title='bbox 1594 1078 1918 1147; x_wconf 88' lang='lat' dir='ltr'><strong>principium</strong></span> <span class='ocrx_word' id='word_1_72' title='bbox 1957 1093 2089 1133; x_wconf 82' lang='lat' dir='ltr'><strong>con-</strong></span> 
     </span>
    </p>
   </div>
   <div class='ocr_carea' id='block_1_13' title="bbox 519 1169 2090 1241">
    <p class='ocr_par' dir='ltr' id='par_1_13' title="bbox 519 1169 2090 1241">
     <span class='ocr_line' id='line_1_13' title="bbox 519 1169 2090 1241; baseline 0 -16"><span class='ocrx_word' id='word_1_73' title='bbox 519 1172 749 1233; x_wconf 83' lang='lat' dir='ltr'><strong>stituat,</strong></span> <span class='ocrx_word' id='word_1_74' title='bbox 776 1186 843 1224; x_wconf 85' lang='lat' dir='ltr'><strong>an</strong></span> <span class='ocrx_word' id='word_1_75' title='bbox 877 1171 969 1241; x_wconf 89' lang='lat' dir='ltr'><strong>qui</strong></span> <span class='ocrx_word' id='word_1_76' title='bbox 1013 1185 1117 1225; x_wconf 92' lang='lat' dir='ltr'><strong>non</strong></span> <span class='ocrx_word' id='word_1_77' title='bbox 1171 1169 1356 1222; x_wconf 88' lang='lat' dir='ltr'><strong>talium</strong></span> <span class='ocrx_word' id='word_1_78' title='bbox 1382 1210 1396 1232; x_wconf 95' lang='lat'><strong>,</strong></span> <span class='ocrx_word' id='word_1_79' title='bbox 1446 1170 1539 1224; x_wconf 92' lang='lat' dir='ltr'><strong>sed</strong></span> <span class='ocrx_word' id='word_1_80' title='bbox 1581 1180 1775 1223; x_wconf 86' lang='lat' dir='ltr'><strong>natura</strong></span> <span class='ocrx_word' id='word_1_81' title='bbox 1821 1179 1877 1224; x_wconf 89' lang='lat' dir='ltr'><strong>et</strong></span> <span class='ocrx_word' id='word_1_82' title='bbox 1918 1170 2090 1241; x_wconf 78' lang='lat' dir='ltr'><strong>gloria</strong></span> 
     </span>
    </p>
   </div>
   <div class='ocr_carea' id='block_1_14' title="bbox 514 1261 2090 1333">
    <p class='ocr_par' dir='ltr' id='par_1_14' title="bbox 514 1261 2090 1333">
     <span class='ocr_line' id='line_1_14' title="bbox 514 1261 2090 1333; baseline -0.001 -16"><span class='ocrx_word' id='word_1_83' title='bbox 514 1264 802 1332; x_wconf 65' lang='lat' dir='ltr'><strong>aequalium</strong></span> <span class='ocrx_word' id='word_1_84' title='bbox 824 1304 839 1328; x_wconf 90' lang='lat'><strong>,</strong></span> <span class='ocrx_word' id='word_1_85' title='bbox 863 1274 919 1317; x_wconf 92' lang='lat' dir='ltr'><strong>et</strong></span> <span class='ocrx_word' id='word_1_86' title='bbox 946 1262 1135 1333; x_wconf 84' lang='lat' dir='ltr'><strong>quales</strong></span> <span class='ocrx_word' id='word_1_87' title='bbox 1161 1262 1405 1316; x_wconf 83' lang='lat' dir='ltr'><strong>doctrina</strong></span> <span class='ocrx_word' id='word_1_88' title='bbox 1439 1270 1624 1316; x_wconf 90' lang='lat' dir='ltr'><strong>nostra</strong></span> <span class='ocrx_word' id='word_1_89' title='bbox 1665 1261 1985 1331; x_wconf 85' lang='lat' dir='ltr'><strong>profitetur?</strong></span> <span class='ocrx_word' id='word_1_90' title='bbox 2009 1268 2090 1316; x_wconf 84' lang='lat' dir='ltr'><strong>An</strong></span> 
     </span>
    </p>
   </div>
   <div class='ocr_carea' id='block_1_15' title="bbox 517 1351 2091 1420">
    <p class='ocr_par' dir='ltr' id='par_1_15' title="bbox 517 1351 2091 1420">
     <span class='ocr_line' id='line_1_15' title="bbox 517 1351 2091 1420; baseline 0.002 -15"><span class='ocrx_word' id='word_1_91' title='bbox 517 1368 644 1407; x_wconf 87' lang='lat' dir='ltr'><strong>vero</strong></span> <span class='ocrx_word' id='word_1_92' title='bbox 678 1353 773 1407; x_wconf 88' lang='lat' dir='ltr'><strong>tibi</strong></span> <span class='ocrx_word' id='word_1_93' title='bbox 802 1354 868 1406; x_wconf 89' lang='lat' dir='ltr'><strong>ad</strong></span> <span class='ocrx_word' id='word_1_94' title='bbox 900 1353 1161 1407; x_wconf 91' lang='lat' dir='ltr'><strong>honorem</strong></span> <span class='ocrx_word' id='word_1_95' title='bbox 1187 1351 1423 1420; x_wconf 89' lang='lat' dir='ltr'><strong>amplum</strong></span> <span class='ocrx_word' id='word_1_96' title='bbox 1451 1390 1466 1415; x_wconf 93' lang='lat'><strong>,</strong></span> <span class='ocrx_word' id='word_1_97' title='bbox 1507 1360 1671 1420; x_wconf 88' lang='lat' dir='ltr'><strong>atque</strong></span> <span class='ocrx_word' id='word_1_98' title='bbox 1704 1352 1837 1406; x_wconf 91' lang='lat' dir='ltr'><strong>adeo</strong></span> <span class='ocrx_word' id='word_1_99' title='bbox 1865 1351 2091 1420; x_wconf 89' lang='lat' dir='ltr'><strong>amplis-</strong></span> 
     </span>
    </p>
   </div>
   <div class='ocr_carea' id='block_1_16' title="bbox 515 1443 2087 1515">
    <p class='ocr_par' dir='ltr' id='par_1_16' title="bbox 515 1443 2087 1515">
     <span class='ocr_line' id='line_1_16' title="bbox 515 1443 2087 1515; baseline -0.001 -15"><span class='ocrx_word' id='word_1_100' title='bbox 515 1444 712 1500; x_wconf 89' lang='lat' dir='ltr'><strong>simum</strong></span> <span class='ocrx_word' id='word_1_101' title='bbox 757 1446 901 1510; x_wconf 88' lang='lat' dir='ltr'><strong>erit,</strong></span> <span class='ocrx_word' id='word_1_102' title='bbox 931 1446 1072 1514; x_wconf 90' lang='lat' dir='ltr'><strong>quod</strong></span> <span class='ocrx_word' id='word_1_103' title='bbox 1103 1445 1270 1499; x_wconf 89' lang='lat' dir='ltr'><strong>filium</strong></span> <span class='ocrx_word' id='word_1_104' title='bbox 1306 1445 1507 1499; x_wconf 88' lang='lat' dir='ltr'><strong>habeas</strong></span> <span class='ocrx_word' id='word_1_105' title='bbox 1528 1485 1543 1510; x_wconf 93' lang='lat'><strong>,</strong></span> <span class='ocrx_word' id='word_1_106' title='bbox 1576 1443 1741 1513; x_wconf 90' lang='lat' dir='ltr'><strong>idque</strong></span> <span class='ocrx_word' id='word_1_107' title='bbox 1779 1459 1844 1499; x_wconf 88' lang='lat' dir='ltr'><strong>eo</strong></span> <span class='ocrx_word' id='word_1_108' title='bbox 1874 1446 2045 1515; x_wconf 87' lang='lat' dir='ltr'><strong>magis</strong></span> <span class='ocrx_word' id='word_1_109' title='bbox 2071 1482 2087 1508; x_wconf 88' lang='lat'><strong>,</strong></span> 
     </span>
    </p>
   </div>
   <div class='ocr_carea' id='block_1_17' title="bbox 517 1533 2088 1605">
    <p class='ocr_par' dir='ltr' id='par_1_17' title="bbox 517 1533 2088 1605">
     <span class='ocr_line' id='line_1_17' title="bbox 517 1533 2088 1605; baseline -0.002 -15"><span class='ocrx_word' id='word_1_110' title='bbox 517 1536 561 1591; x_wconf 87' lang='lat' dir='ltr'><strong>si</strong></span> <span class='ocrx_word' id='word_1_111' title='bbox 600 1544 806 1605; x_wconf 84' lang='lat' dir='ltr'><strong>patrem</strong></span> <span class='ocrx_word' id='word_1_112' title='bbox 844 1536 896 1589; x_wconf 91' lang='lat' dir='ltr'><strong>in</strong></span> <span class='ocrx_word' id='word_1_113' title='bbox 928 1536 1183 1590; x_wconf 91' lang='lat' dir='ltr'><strong>omnibus</strong></span> <span class='ocrx_word' id='word_1_114' title='bbox 1214 1534 1375 1589; x_wconf 92' lang='lat' dir='ltr'><strong>rebus</strong></span> <span class='ocrx_word' id='word_1_115' title='bbox 1402 1533 1605 1589; x_wconf 87' lang='lat' dir='ltr'><strong>referat</strong></span> <span class='ocrx_word' id='word_1_116' title='bbox 1626 1575 1641 1597; x_wconf 88' lang='lat'><strong>,</strong></span> <span class='ocrx_word' id='word_1_117' title='bbox 1666 1547 1964 1601; x_wconf 88' lang='lat' dir='ltr'><strong>verumque</strong></span> <span class='ocrx_word' id='word_1_118' title='bbox 1990 1551 2088 1602; x_wconf 84' lang='lat' dir='ltr'><strong>ge-</strong></span> 
     </span>
    </p>
   </div>
   <div class='ocr_carea' id='block_1_18' title="bbox 516 1626 2088 1696">
    <p class='ocr_par' dir='ltr' id='par_1_18' title="bbox 516 1626 2088 1696">
     <span class='ocr_line' id='line_1_18' title="bbox 516 1626 2088 1696; baseline -0.001 -14"><span class='ocrx_word' id='word_1_119' title='bbox 516 1626 713 1682; x_wconf 88' lang='lat' dir='ltr'><strong>nitoris</strong></span> <span class='ocrx_word' id='word_1_120' title='bbox 744 1628 828 1683; x_wconf 90' lang='lat' dir='ltr'><strong>sui</strong></span> <span class='ocrx_word' id='word_1_121' title='bbox 853 1627 1203 1682; x_wconf 77' lang='lat' dir='ltr'><strong>simulacrum</strong></span> <span class='ocrx_word' id='word_1_122' title='bbox 1230 1637 1405 1696; x_wconf 81' lang='lat' dir='ltr'><strong>gerat,</strong></span> <span class='ocrx_word' id='word_1_123' title='bbox 1438 1627 1642 1695; x_wconf 88' lang='lat' dir='ltr'><strong>tibique</strong></span> <span class='ocrx_word' id='word_1_124' title='bbox 1673 1627 1946 1682; x_wconf 82' lang='lat' dir='ltr'><strong>sexcentis</strong></span> <span class='ocrx_word' id='word_1_125' title='bbox 1969 1640 2088 1681; x_wconf 89' lang='lat' dir='ltr'><strong>ser-</strong></span> 
     </span>
    </p>
   </div>
   <div class='ocr_carea' id='block_1_19' title="bbox 514 1715 2083 1790">
    <p class='ocr_par' dir='ltr' id='par_1_19' title="bbox 514 1715 2083 1790">
     <span class='ocr_line' id='line_1_19' title="bbox 514 1715 2083 1790; baseline -0.003 -17"><span class='ocrx_word' id='word_1_126' title='bbox 514 1720 597 1773; x_wconf 86' lang='lat' dir='ltr'><strong>vis</strong></span> <span class='ocrx_word' id='word_1_127' title='bbox 629 1720 893 1789; x_wconf 83' lang='lat' dir='ltr'><strong>imperare</strong></span> <span class='ocrx_word' id='word_1_128' title='bbox 922 1717 1086 1790; x_wconf 58' lang='lat' dir='ltr'><strong>53o</strong></span> <span class='ocrx_word' id='word_1_129' title='bbox 1136 1719 1317 1772; x_wconf 90' lang='lat' dir='ltr'><strong>minus</strong></span> <span class='ocrx_word' id='word_1_130' title='bbox 1359 1717 1656 1785; x_wconf 82' lang='lat' dir='ltr'><strong>jucundum</strong></span> <span class='ocrx_word' id='word_1_131' title='bbox 1694 1715 1934 1771; x_wconf 89' lang='lat' dir='ltr'><strong>futurum</strong></span> <span class='ocrx_word' id='word_1_132' title='bbox 1966 1727 2083 1782; x_wconf 90' lang='lat' dir='ltr'><strong>est,</strong></span> 
     </span>
    </p>
   </div>
   <div class='ocr_carea' id='block_1_20' title="bbox 2197 513 3773 587">
    <p class='ocr_par' dir='ltr' id='par_1_20' title="bbox 2197 513 3773 587">
     <span class='ocr_line' id='line_1_20' title="bbox 2197 513 3773 587; baseline -0.001 -18"><span class='ocrx_word' id='word_1_133' title='bbox 2197 515 2413 579; x_wconf 80' lang='grc' dir='ltr'><strong>νώσεις,</strong></span> <span class='ocrx_word' id='word_1_134' title='bbox 2453 514 2567 568; x_wconf 83' lang='grc' dir='ltr'><strong>ἀλλ’</strong></span> <span class='ocrx_word' id='word_1_135' title='bbox 2602 516 2780 568; x_wconf 75' lang='grc' dir='ltr'>ἐκεῖσε</span> <span class='ocrx_word' id='word_1_136' title='bbox 2823 515 3045 584; x_wconf 85' lang='grc' dir='ltr'>ἀνάγεις</span> <span class='ocrx_word' id='word_1_137' title='bbox 3078 515 3156 584; x_wconf 74' lang='grc'>(5)</span> <span class='ocrx_word' id='word_1_138' title='bbox 3197 513 3259 567; x_wconf 83' lang='grc' dir='ltr'><strong>τὸ</strong></span> <span class='ocrx_word' id='word_1_139' title='bbox 3298 514 3463 568; x_wconf 78' lang='grc' dir='ltr'>καλὸν</span> <span class='ocrx_word' id='word_1_140' title='bbox 3516 515 3773 587; x_wconf 78' lang='grc' dir='ltr'>γέννημα,</span> 
     </span>
    </p>
   </div>
   <div class='ocr_carea' id='block_1_21' title="bbox 2196 606 3773 679">
    <p class='ocr_par' dir='ltr' id='par_1_21' title="bbox 2196 606 3773 679">
     <span class='ocr_line' id='line_1_21' title="bbox 2196 606 3773 679; baseline 0.001 -18"><span class='ocrx_word' id='word_1_141' title='bbox 2196 607 2290 662; x_wconf 69' lang='grc' dir='ltr'><strong>καὶ</strong></span> <span class='ocrx_word' id='word_1_142' title='bbox 2315 607 2413 679; x_wconf 79' lang='grc' dir='ltr'><strong>τὴν</strong></span> <span class='ocrx_word' id='word_1_143' title='bbox 2438 606 2744 678; x_wconf 76' lang='grc' dir='ltr'><strong>θαυμασίαν</strong></span> <span class='ocrx_word' id='word_1_144' title='bbox 2772 606 3024 678; x_wconf 80' lang='grc' dir='ltr'><strong>πρόοδον·</strong></span> <span class='ocrx_word' id='word_1_145' title='bbox 3055 607 3467 679; x_wconf 82' lang='grc' dir='ltr'>προσερήσομαί</span> <span class='ocrx_word' id='word_1_146' title='bbox 3495 624 3558 660; x_wconf 91' lang='grc' dir='ltr'><strong>σε</strong></span> <span class='ocrx_word' id='word_1_147' title='bbox 3587 607 3773 677; x_wconf 79' lang='grc' dir='ltr'>ὀλίγον,</span> 
     </span>
    </p>
   </div>
   <div class='ocr_carea' id='block_1_22' title="bbox 2198 696 3774 771">
    <p class='ocr_par' dir='ltr' id='par_1_22' title="bbox 2198 696 3774 771">
     <span class='ocr_line' id='line_1_22' title="bbox 2198 696 3774 771; baseline 0.001 -20"><span class='ocrx_word' id='word_1_148' title='bbox 2198 696 2549 769; x_wconf 82' lang='grc' dir='ltr'>φιλαγέννητε</span> <span class='ocrx_word' id='word_1_149' title='bbox 2577 698 2640 751; x_wconf 80' lang='grc' dir='ltr'><strong>σὺ</strong></span> <span class='ocrx_word' id='word_1_150' title='bbox 2675 696 2770 751; x_wconf 75' lang='grc' dir='ltr'>καὶ</span> <span class='ocrx_word' id='word_1_151' title='bbox 2798 696 3117 770; x_wconf 82' lang='grc' dir='ltr'>φιλάναρχε,</span> <span class='ocrx_word' id='word_1_152' title='bbox 3162 697 3393 768; x_wconf 78' lang='grc' dir='ltr'>πότερος</span> <span class='ocrx_word' id='word_1_153' title='bbox 3421 697 3559 761; x_wconf 73' lang='grc' dir='ltr'>Θεὸς</span> <span class='ocrx_word' id='word_1_154' title='bbox 3584 700 3774 771; x_wconf 74' lang='grc' dir='ltr'>άτιμάο</span> 
     </span>
    </p>
   </div>
   <div class='ocr_carea' id='block_1_23' title="bbox 2196 788 3772 863">
    <p class='ocr_par' dir='ltr' id='par_1_23' title="bbox 2196 788 3772 863">
     <span class='ocr_line' id='line_1_23' title="bbox 2196 788 3772 863; baseline 0.002 -19"><span class='ocrx_word' id='word_1_155' title='bbox 2196 790 2278 854; x_wconf 81' lang='grc' dir='ltr'>ζει</span> <span class='ocrx_word' id='word_1_156' title='bbox 2309 791 2527 861; x_wconf 76' lang='grc' dir='ltr'>μᾶλλον,</span> <span class='ocrx_word' id='word_1_157' title='bbox 2551 792 2579 844; x_wconf 87' lang='lat'><strong>6</strong></span> <span class='ocrx_word' id='word_1_158' title='bbox 2607 788 2862 844; x_wconf 79' lang='grc' dir='ltr'><strong>τοιούτων</strong></span> <span class='ocrx_word' id='word_1_159' title='bbox 2896 790 3070 854; x_wconf 70' lang='grc' dir='ltr'>τιθεὶς</span> <span class='ocrx_word' id='word_1_160' title='bbox 3096 790 3293 863; x_wconf 76' lang='grc' dir='ltr'>ἀρχὴν,</span> <span class='ocrx_word' id='word_1_161' title='bbox 3328 792 3458 845; x_wconf 77' lang='grc' dir='ltr'>οἴων</span> <span class='ocrx_word' id='word_1_162' title='bbox 3487 793 3652 857; x_wconf 65' lang='grc' dir='ltr'>αὐτὸς</span> <span class='ocrx_word' id='word_1_163' title='bbox 3673 796 3772 847; x_wconf 84' lang='grc' dir='ltr'>είσ-</span> 
     </span>
    </p>
   </div>
   <div class='ocr_carea' id='block_1_24' title="bbox 2196 879 3774 952">
    <p class='ocr_par' dir='ltr' id='par_1_24' title="bbox 2196 879 3774 952">
     <span class='ocr_line' id='line_1_24' title="bbox 2196 879 3774 952; baseline -0.001 -17"><span class='ocrx_word' id='word_1_164' title='bbox 2196 880 2371 951; x_wconf 86' lang='grc' dir='ltr'>άγεις,</span> <span class='ocrx_word' id='word_1_165' title='bbox 2411 882 2443 952; x_wconf 81' lang='grc' dir='ltr'><strong>ἢ</strong></span> <span class='ocrx_word' id='word_1_166' title='bbox 2474 884 2503 934; x_wconf 98' lang='lat'><strong>6</strong></span> <span class='ocrx_word' id='word_1_167' title='bbox 2541 881 2615 952; x_wconf 81' lang='grc' dir='ltr'>μὴ</span> <span class='ocrx_word' id='word_1_168' title='bbox 2647 879 2925 946; x_wconf 80' lang='grc' dir='ltr'>τοιούτων,</span> <span class='ocrx_word' id='word_1_169' title='bbox 2972 880 3085 933; x_wconf 80' lang='grc' dir='ltr'><strong>ἀλλ’</strong></span> <span class='ocrx_word' id='word_1_170' title='bbox 3112 879 3311 950; x_wconf 81' lang='grc' dir='ltr'>ὁμοίων</span> <span class='ocrx_word' id='word_1_171' title='bbox 3336 880 3439 951; x_wconf 77' lang='grc' dir='ltr'><strong>τὴν</strong></span> <span class='ocrx_word' id='word_1_172' title='bbox 3471 880 3657 949; x_wconf 78' lang='grc' dir='ltr'>φύσιν,</span> <span class='ocrx_word' id='word_1_173' title='bbox 3690 882 3774 935; x_wconf 74' lang='grc' dir='ltr'><strong>καὶ</strong></span> 
     </span>
    </p>
   </div>
   <div class='ocr_carea' id='block_1_25' title="bbox 2196 975 3773 1048">
    <p class='ocr_par' dir='ltr' id='par_1_25' title="bbox 2196 975 3773 1048">
     <span class='ocr_line' id='line_1_25' title="bbox 2196 975 3773 1048; baseline -0.001 -17"><span class='ocrx_word' id='word_1_174' title='bbox 2196 976 2493 1047; x_wconf 80' lang='grc' dir='ltr'>ὁμοδόξων,</span> <span class='ocrx_word' id='word_1_175' title='bbox 2520 976 2616 1030; x_wconf 76' lang='grc' dir='ltr'><strong>καὶ</strong></span> <span class='ocrx_word' id='word_1_176' title='bbox 2646 976 2772 1029; x_wconf 84' lang='grc' dir='ltr'>οἴων</span> <span class='ocrx_word' id='word_1_177' title='bbox 2803 978 2832 1030; x_wconf 91' lang='lat'><strong>6</strong></span> <span class='ocrx_word' id='word_1_178' title='bbox 2864 975 3134 1048; x_wconf 81' lang='grc' dir='ltr'>ἡμέτερος</span> <span class='ocrx_word' id='word_1_179' title='bbox 3163 975 3411 1046; x_wconf 83' lang='grc' dir='ltr'>βούλεται</span> <span class='ocrx_word' id='word_1_180' title='bbox 3436 976 3638 1045; x_wconf 77' lang='grc' dir='ltr'>).όγος;</span> <span class='ocrx_word' id='word_1_181' title='bbox 3672 978 3773 1030; x_wconf 77' lang='grc' dir='ltr'><strong>Ἀ).-</strong></span> 
     </span>
    </p>
   </div>
   <div class='ocr_carea' id='block_1_26' title="bbox 2193 1068 3773 1140">
    <p class='ocr_par' dir='ltr' id='par_1_26' title="bbox 2193 1068 3773 1140">
     <span class='ocr_line' id='line_1_26' title="bbox 2193 1068 3773 1140; baseline -0.001 -16"><span class='ocrx_word' id='word_1_182' title='bbox 2193 1070 2261 1124; x_wconf 79' lang='grc' dir='ltr'><strong>λὰ</strong></span> <span class='ocrx_word' id='word_1_183' title='bbox 2294 1070 2375 1123; x_wconf 77' lang='grc' dir='ltr'><strong>σοὶ</strong></span> <span class='ocrx_word' id='word_1_184' title='bbox 2414 1069 2512 1139; x_wconf 83' lang='grc' dir='ltr'><strong>μὲν</strong></span> <span class='ocrx_word' id='word_1_185' title='bbox 2540 1071 2618 1132; x_wconf 72' lang='grc' dir='ltr'><strong>εἰς</strong></span> <span class='ocrx_word' id='word_1_186' title='bbox 2648 1069 2813 1139; x_wconf 85' lang='grc' dir='ltr'>τιμὴν</span> <span class='ocrx_word' id='word_1_187' title='bbox 2855 1069 3000 1139; x_wconf 85' lang='grc' dir='ltr'><strong>μέγα</strong></span> <span class='ocrx_word' id='word_1_188' title='bbox 3044 1070 3136 1122; x_wconf 75' lang='grc' dir='ltr'>καὶ</span> <span class='ocrx_word' id='word_1_189' title='bbox 3163 1068 3419 1140; x_wconf 77' lang='grc' dir='ltr'>μέγιστον</span> <span class='ocrx_word' id='word_1_190' title='bbox 3454 1072 3483 1123; x_wconf 87' lang='grc' dir='ltr'>ὀ</span> <span class='ocrx_word' id='word_1_191' title='bbox 3525 1068 3621 1133; x_wconf 77' lang='grc' dir='ltr'><strong>σὸς</strong></span> <span class='ocrx_word' id='word_1_192' title='bbox 3652 1071 3773 1139; x_wconf 65' lang='grc' dir='ltr'>υίὸς,</span> 
     </span>
    </p>
   </div>
   <div class='ocr_carea' id='block_1_27' title="bbox 2194 1161 3767 1234">
    <p class='ocr_par' dir='ltr' id='par_1_27' title="bbox 2194 1161 3767 1234">
     <span class='ocr_line' id='line_1_27' title="bbox 2194 1161 3767 1234; baseline -0.004 -17"><span class='ocrx_word' id='word_1_193' title='bbox 2194 1164 2291 1217; x_wconf 71' lang='grc' dir='ltr'><strong>καὶ</strong></span> <span class='ocrx_word' id='word_1_194' title='bbox 2312 1161 2548 1232; x_wconf 86' lang='grc' dir='ltr'>τοσούτῳ</span> <span class='ocrx_word' id='word_1_195' title='bbox 2580 1161 2801 1232; x_wconf 82' lang='grc' dir='ltr'>μᾶλλον,</span> <span class='ocrx_word' id='word_1_196' title='bbox 2829 1162 3045 1231; x_wconf 83' lang='grc' dir='ltr'>ὅσῳπερ</span> <span class='ocrx_word' id='word_1_197' title='bbox 3085 1161 3151 1215; x_wconf 84' lang='grc' dir='ltr'><strong>ἂν</strong></span> <span class='ocrx_word' id='word_1_198' title='bbox 3178 1163 3246 1215; x_wconf 74' lang='grc' dir='ltr'>τὰ</span> <span class='ocrx_word' id='word_1_199' title='bbox 3280 1161 3457 1215; x_wconf 82' lang='grc' dir='ltr'>πάντα</span> <span class='ocrx_word' id='word_1_200' title='bbox 3489 1163 3767 1234; x_wconf 61' lang='grc' dir='ltr'>πατρὼηζῃ,</span> 
     </span>
    </p>
   </div>
   <div class='ocr_carea' id='block_1_28' title="bbox 2194 1252 3772 1331">
    <p class='ocr_par' dir='ltr' id='par_1_28' title="bbox 2194 1252 3772 1331">
     <span class='ocr_line' id='line_1_28' title="bbox 2194 1252 3772 1331; baseline -0.001 -19"><span class='ocrx_word' id='word_1_201' title='bbox 2194 1259 2289 1312; x_wconf 77' lang='grc' dir='ltr'><strong>καὶ</strong></span> <span class='ocrx_word' id='word_1_202' title='bbox 2321 1258 2608 1329; x_wconf 83' lang='grc' dir='ltr'>χαρακτὴρ</span> <span class='ocrx_word' id='word_1_203' title='bbox 2690 1260 2912 1326; x_wconf 78' lang='grc' dir='ltr'>γνήσιος</span> <span class='ocrx_word' id='word_1_204' title='bbox 2942 1255 3035 1309; x_wconf 77' lang='grc' dir='ltr'>τοῦ</span> <span class='ocrx_word' id='word_1_205' title='bbox 3056 1259 3440 1328; x_wconf 76' lang='grc' dir='ltr'>γεννήσαντος,</span> <span class='ocrx_word' id='word_1_206' title='bbox 3470 1258 3572 1310; x_wconf 74' lang='grc' dir='ltr'>καὶ</span> <span class='ocrx_word' id='word_1_207' title='bbox 3596 1258 3691 1310; x_wconf 75' lang='grc' dir='ltr'>οὐκ</span> <span class='ocrx_word' id='word_1_208' title='bbox 3716 1259 3772 1311; x_wconf 73' lang='grc' dir='ltr'>ἂν</span> 
     </span>
    </p>
   </div>
   <div class='ocr_carea' id='block_1_29' title="bbox 2192 1346 3768 1423">
    <p class='ocr_par' dir='ltr' id='par_1_29' title="bbox 2192 1346 3768 1423">
     <span class='ocr_line' id='line_1_29' title="bbox 2192 1346 3768 1423; baseline -0.001 -18"><span class='ocrx_word' id='word_1_209' title='bbox 2192 1352 2369 1417; x_wconf 79' lang='grc' dir='ltr'>δέξαιο</span> <span class='ocrx_word' id='word_1_210' title='bbox 2406 1351 2614 1422; x_wconf 81' lang='grc' dir='ltr'>μυρίων</span> <span class='ocrx_word' id='word_1_211' title='bbox 2648 1350 2995 1421; x_wconf 80' lang='grc' dir='ltr'><strong>ἀνδραπόδων</strong></span> <span class='ocrx_word' id='word_1_212' title='bbox 3025 1346 3163 1403; x_wconf 71' lang='grc' dir='ltr'>εἶναι</span> <span class='ocrx_word' id='word_1_213' title='bbox 3190 1350 3391 1420; x_wconf 76' lang='grc' dir='ltr'>μᾶλλον</span> <span class='ocrx_word' id='word_1_214' title='bbox 3421 1350 3709 1419; x_wconf 73' lang='grc' dir='ltr'>δεσπότης,</span> <span class='ocrx_word' id='word_1_215' title='bbox 3740 1352 3768 1423; x_wconf 77' lang='grc' dir='ltr'>ἢ</span> 
     </span>
    </p>
   </div>
   <div class='ocr_carea' id='block_1_30' title="bbox 2193 1440 3766 1515">
    <p class='ocr_par' dir='ltr' id='par_1_30' title="bbox 2193 1440 3766 1515">
     <span class='ocr_line' id='line_1_30' title="bbox 2193 1440 3766 1515; baseline -0.001 -20"><span class='ocrx_word' id='word_1_216' title='bbox 2193 1444 2311 1505; x_wconf 78' lang='grc' dir='ltr'>ἐνὸς</span> <span class='ocrx_word' id='word_1_217' title='bbox 2344 1443 2623 1513; x_wconf 83' lang='grc' dir='ltr'>γεννήτωρ</span> <span class='ocrx_word' id='word_1_218' title='bbox 2658 1441 2879 1505; x_wconf 80' lang='grc' dir='ltr'>παιδός’</span> <span class='ocrx_word' id='word_1_219' title='bbox 2913 1440 2991 1512; x_wconf 82' lang='grc' dir='ltr'>τῷ</span> <span class='ocrx_word' id='word_1_220' title='bbox 3016 1441 3132 1511; x_wconf 78' lang='grc' dir='ltr'>Θεῷ</span> <span class='ocrx_word' id='word_1_221' title='bbox 3164 1441 3221 1494; x_wconf 82' lang='grc' dir='ltr'>δὲ</span> <span class='ocrx_word' id='word_1_222' title='bbox 3250 1443 3378 1497; x_wconf 77' lang='grc' dir='ltr'><strong>ἄλλο</strong></span> <span class='ocrx_word' id='word_1_223' title='bbox 3419 1460 3471 1495; x_wconf 85' lang='grc' dir='ltr'><strong>τι</strong></span> <span class='ocrx_word' id='word_1_224' title='bbox 3514 1443 3766 1515; x_wconf 74' lang='grc' dir='ltr'>μεῖζον,ῆ</span> 
     </span>
    </p>
   </div>
   <div class='ocr_carea' id='block_1_31' title="bbox 2195 1533 3770 1605">
    <p class='ocr_par' dir='ltr' id='par_1_31' title="bbox 2195 1533 3770 1605">
     <span class='ocr_line' id='line_1_31' title="bbox 2195 1533 3770 1605; baseline -0.001 -18"><span class='ocrx_word' id='word_1_225' title='bbox 2195 1534 2325 1587; x_wconf 84' lang='grc' dir='ltr'><strong>Υἱοῦ</strong></span> <span class='ocrx_word' id='word_1_226' title='bbox 2355 1534 2642 1604; x_wconf 82' lang='grc' dir='ltr'>τυγχάνειν</span> <span class='ocrx_word' id='word_1_227' title='bbox 2665 1534 2903 1602; x_wconf 82' lang='grc' dir='ltr'><strong>Πατέρα,</strong></span> <span class='ocrx_word' id='word_1_228' title='bbox 2931 1533 2961 1586; x_wconf 87' lang='grc' dir='ltr'><strong>ὂ</strong></span> <span class='ocrx_word' id='word_1_229' title='bbox 2996 1533 3280 1605; x_wconf 79' lang='grc' dir='ltr'>προσθήκη</span> <span class='ocrx_word' id='word_1_230' title='bbox 3309 1534 3467 1605; x_wconf 79' lang='grc' dir='ltr'>δόξης</span> <span class='ocrx_word' id='word_1_231' title='bbox 3489 1534 3657 1599; x_wconf 74' lang='grc' dir='ltr'>ἐστὶν,</span> <span class='ocrx_word' id='word_1_232' title='bbox 3682 1536 3770 1604; x_wconf 72' lang='grc' dir='ltr'>οὐχ</span> 
     </span>
    </p>
   </div>
   <div class='ocr_carea' id='block_1_32' title="bbox 2193 1623 3769 1699">
    <p class='ocr_par' dir='ltr' id='par_1_32' title="bbox 2193 1623 3769 1699">
     <span class='ocr_line' id='line_1_32' title="bbox 2193 1623 3769 1699; baseline 0 -20"><span class='ocrx_word' id='word_1_233' title='bbox 2193 1627 2499 1699; x_wconf 78' lang='grc' dir='ltr'>ὑφαίρεσις,</span> <span class='ocrx_word' id='word_1_234' title='bbox 2552 1626 2628 1689; x_wconf 84' lang='grc' dir='ltr'>ὼς</span> <span class='ocrx_word' id='word_1_235' title='bbox 2685 1625 2742 1678; x_wconf 84' lang='grc' dir='ltr'>δὲ</span> <span class='ocrx_word' id='word_1_236' title='bbox 2799 1626 2893 1679; x_wconf 77' lang='grc' dir='ltr'><strong>καὶ</strong></span> <span class='ocrx_word' id='word_1_237' title='bbox 2947 1623 3215 1695; x_wconf 75' lang='grc' dir='ltr'>προϐολέα</span> <span class='ocrx_word' id='word_1_238' title='bbox 3280 1626 3641 1694; x_wconf 76' lang='grc' dir='ltr'>Πνεύματος;</span> <span class='ocrx_word' id='word_1_239' title='bbox 3704 1627 3769 1679; x_wconf 86' lang='grc' dir='ltr'><strong>Ἦ</strong></span> 
     </span>
    </p>
   </div>
   <div class='ocr_carea' id='block_1_33' title="bbox 2194 1716 3771 1789">
    <p class='ocr_par' dir='ltr' id='par_1_33' title="bbox 2194 1716 3771 1789">
     <span class='ocr_line' id='line_1_33' title="bbox 2194 1716 3771 1789; baseline -0.002 -17"><span class='ocrx_word' id='word_1_240' title='bbox 2194 1719 2428 1787; x_wconf 75' lang='grc' dir='ltr'>ἀγνοεῖς,</span> <span class='ocrx_word' id='word_1_241' title='bbox 2463 1718 2543 1771; x_wconf 82' lang='grc' dir='ltr'>ὃτι</span> <span class='ocrx_word' id='word_1_242' title='bbox 2580 1718 2643 1771; x_wconf 76' lang='grc' dir='ltr'><strong>σὺ</strong></span> <span class='ocrx_word' id='word_1_243' title='bbox 2695 1718 2795 1789; x_wconf 75' lang='grc' dir='ltr'><strong>μὲν</strong></span> <span class='ocrx_word' id='word_1_244' title='bbox 2845 1716 3164 1786; x_wconf 81' lang='grc' dir='ltr'>κτισμάτων</span> <span class='ocrx_word' id='word_1_245' title='bbox 3212 1717 3381 1779; x_wconf 74' lang='grc' dir='ltr'>τιθεὶς</span> <span class='ocrx_word' id='word_1_246' title='bbox 3411 1717 3610 1789; x_wconf 77' lang='grc' dir='ltr'>ἀρχὴν,</span> <span class='ocrx_word' id='word_1_247' title='bbox 3640 1718 3771 1787; x_wconf 68' lang='grc' dir='ltr'>ὶέγω</span> 
     </span>
    </p>
   </div>
   <div class='ocr_carea' id='block_1_34' title="bbox 512 1786 2088 1882">
    <p class='ocr_par' dir='ltr' id='par_1_34' title="bbox 512 1786 2087 1880">
     <span class='ocr_line' id='line_1_34' title="bbox 512 1786 2087 1880; baseline -0.001 -17"><span class='ocrx_word' id='word_1_248' title='bbox 512 1826 678 1880; x_wconf 90' lang='lat' dir='ltr'><strong>quam</strong></span> <span class='ocrx_word' id='word_1_249' title='bbox 707 1786 875 1864; x_wconf 17' lang='lat' dir='ltr'><strong>iunius</strong></span> <span class='ocrx_word' id='word_1_250' title='bbox 922 1786 1017 1862; x_wconf 74' lang='lat' dir='ltr'><strong>filii</strong></span> <span class='ocrx_word' id='word_1_251' title='bbox 1053 1786 1344 1878; x_wconf 75' lang='lat' dir='ltr'><strong>parentem</strong></span> <span class='ocrx_word' id='word_1_252' title='bbox 1374 1822 1536 1863; x_wconf 91' lang='lat' dir='ltr'><strong>esse:</strong></span> <span class='ocrx_word' id='word_1_253' title='bbox 1575 1809 1683 1862; x_wconf 91' lang='lat' dir='ltr'><strong>Deo</strong></span> <span class='ocrx_word' id='word_1_254' title='bbox 1720 1818 1900 1862; x_wconf 92' lang='lat' dir='ltr'><strong>autem</strong></span> <span class='ocrx_word' id='word_1_255' title='bbox 1927 1807 2087 1877; x_wconf 89' lang='lat' dir='ltr'><strong>quid-</strong></span> 
     </span>
    </p>
   </div>
   <div class='ocr_carea' id='block_1_35' title="bbox 2197 1786 3767 1882">
    <p class='ocr_par' dir='ltr' id='par_1_35' title="bbox 2197 1786 3767 1882">
     <span class='ocr_line' id='line_1_35' title="bbox 2197 1786 3767 1882; baseline -0.001 -19"><span class='ocrx_word' id='word_1_256' title='bbox 2197 1810 2259 1882; x_wconf 85' lang='grc' dir='ltr'>δὴ</span> <span class='ocrx_word' id='word_1_257' title='bbox 2299 1808 2428 1863; x_wconf 74' lang='grc' dir='ltr'><strong>1⁸ίοῦ</strong></span> <span class='ocrx_word' id='word_1_258' title='bbox 2465 1809 2559 1862; x_wconf 74' lang='grc' dir='ltr'>καὶ</span> <span class='ocrx_word' id='word_1_259' title='bbox 2593 1786 2927 1878; x_wconf 83' lang='grc' dir='ltr'>Πνεύματος,</span> <span class='ocrx_word' id='word_1_260' title='bbox 2968 1808 3092 1861; x_wconf 70' lang='grc' dir='ltr'>οὗτε</span> <span class='ocrx_word' id='word_1_261' title='bbox 3129 1807 3229 1879; x_wconf 73' lang='grc' dir='ltr'><strong>τὴν</strong></span> <span class='ocrx_word' id='word_1_262' title='bbox 3275 1786 3461 1878; x_wconf 28' lang='grc' dir='ltr'>ἀρχὴν-</span> <span class='ocrx_word' id='word_1_263' title='bbox 3677 1786 3767 1875; x_wconf 82' lang='grc'>(6),</span> 
     </span>
    </p>
   </div>
   <div class='ocr_carea' id='block_1_36' title="bbox 513 1898 2086 1973">
    <p class='ocr_par' dir='ltr' id='par_1_36' title="bbox 513 1898 2086 1973">
     <span class='ocr_line' id='line_1_36' title="bbox 513 1898 2086 1973; baseline -0.001 -17"><span class='ocrx_word' id='word_1_264' title='bbox 513 1903 656 1973; x_wconf 86' lang='lat' dir='ltr'><strong>piam</strong></span> <span class='ocrx_word' id='word_1_265' title='bbox 687 1900 861 1969; x_wconf 86' lang='lat' dir='ltr'><strong>majus</strong></span> <span class='ocrx_word' id='word_1_266' title='bbox 886 1915 949 1956; x_wconf 91' lang='lat' dir='ltr'><strong>ac</strong></span> <span class='ocrx_word' id='word_1_267' title='bbox 978 1898 1339 1968; x_wconf 82' lang='lat' dir='ltr'><strong>praestabilius</strong></span> <span class='ocrx_word' id='word_1_268' title='bbox 1364 1900 1491 1966; x_wconf 90' lang='lat' dir='ltr'><strong>erit,</strong></span> <span class='ocrx_word' id='word_1_269' title='bbox 1520 1915 1685 1971; x_wconf 91' lang='lat' dir='ltr'><strong>quam</strong></span> <span class='ocrx_word' id='word_1_270' title='bbox 1716 1899 1836 1955; x_wconf 88' lang='lat' dir='ltr'><strong>Filii</strong></span> <span class='ocrx_word' id='word_1_271' title='bbox 1871 1901 2086 1955; x_wconf 87' lang='lat' dir='ltr'><strong>Patrem</strong></span> 
     </span>
    </p>
   </div>
   <div class='ocr_carea' id='block_1_37' title="bbox 510 1990 2088 2061">
    <p class='ocr_par' dir='ltr' id='par_1_37' title="bbox 510 1990 2088 2061">
     <span class='ocr_line' id='line_1_37' title="bbox 510 1990 2088 2061; baseline -0.001 -14"><span class='ocrx_word' id='word_1_272' title='bbox 510 2006 665 2056; x_wconf 86' lang='lat' dir='ltr'><strong>esse,</strong></span> <span class='ocrx_word' id='word_1_273' title='bbox 693 1993 836 2061; x_wconf 86' lang='lat' dir='ltr'><strong>quod</strong></span> <span class='ocrx_word' id='word_1_274' title='bbox 866 1992 1082 2060; x_wconf 88' lang='lat' dir='ltr'><strong>quidem</strong></span> <span class='ocrx_word' id='word_1_275' title='bbox 1107 1990 1291 2060; x_wconf 66' lang='lat' dir='ltr'><strong>gloriae</strong></span> <span class='ocrx_word' id='word_1_276' title='bbox 1320 1992 1568 2046; x_wconf 88' lang='lat' dir='ltr'><strong>accessio</strong></span> <span class='ocrx_word' id='word_1_277' title='bbox 1601 1998 1725 2056; x_wconf 89' lang='lat' dir='ltr'><strong>est,</strong></span> <span class='ocrx_word' id='word_1_278' title='bbox 1762 2006 1869 2045; x_wconf 87' lang='lat' dir='ltr'><strong>non</strong></span> <span class='ocrx_word' id='word_1_279' title='bbox 1898 1991 2088 2047; x_wconf 85' lang='lat' dir='ltr'><strong>deces-</strong></span> 
     </span>
    </p>
   </div>
   <div class='ocr_carea' id='block_1_38' title="bbox 515 2083 2089 2154">
    <p class='ocr_par' dir='ltr' id='par_1_38' title="bbox 515 2083 2089 2154">
     <span class='ocr_line' id='line_1_38' title="bbox 515 2083 2089 2154; baseline 0 -15"><span class='ocrx_word' id='word_1_280' title='bbox 515 2085 618 2149; x_wconf 83' lang='lat' dir='ltr'><strong>sio,</strong></span> <span class='ocrx_word' id='word_1_281' title='bbox 651 2083 1100 2154; x_wconf 86' lang='lat' dir='ltr'><strong>quemadmodum</strong></span> <span class='ocrx_word' id='word_1_282' title='bbox 1135 2094 1190 2139; x_wconf 91' lang='lat' dir='ltr'><strong>et</strong></span> <span class='ocrx_word' id='word_1_283' title='bbox 1222 2084 1456 2153; x_wconf 84' lang='lat' dir='ltr'><strong>Spiritus</strong></span> <span class='ocrx_word' id='word_1_284' title='bbox 1497 2085 1881 2153; x_wconf 90' lang='lat' dir='ltr'><strong>productorem</strong></span> <span class='ocrx_word' id='word_1_285' title='bbox 1925 2086 2089 2141; x_wconf 87' lang='lat' dir='ltr'><strong>esse?</strong></span> 
     </span>
    </p>
   </div>
   <div class='ocr_carea' id='block_1_39' title="bbox 511 2175 2088 2249">
    <p class='ocr_par' dir='ltr' id='par_1_39' title="bbox 511 2175 2088 2249">
     <span class='ocr_line' id='line_1_39' title="bbox 511 2175 2088 2249; baseline 0.002 -18"><span class='ocrx_word' id='word_1_286' title='bbox 511 2177 594 2231; x_wconf 83' lang='lat' dir='ltr'><strong>An</strong></span> <span class='ocrx_word' id='word_1_287' title='bbox 617 2184 667 2231; x_wconf 89' lang='lat' dir='ltr'><strong>te</strong></span> <span class='ocrx_word' id='word_1_288' title='bbox 691 2176 817 2233; x_wconf 84' lang='lat' dir='ltr'><strong>illud</strong></span> <span class='ocrx_word' id='word_1_289' title='bbox 853 2176 1009 2245; x_wconf 91' lang='lat' dir='ltr'><strong>fugit,</strong></span> <span class='ocrx_word' id='word_1_290' title='bbox 1042 2192 1163 2231; x_wconf 90' lang='lat' dir='ltr'><strong>cum</strong></span> <span class='ocrx_word' id='word_1_291' title='bbox 1196 2177 1384 2242; x_wconf 92' lang='lat' dir='ltr'><strong>Deum,</strong></span> <span class='ocrx_word' id='word_1_292' title='bbox 1411 2175 1575 2239; x_wconf 83' lang='lat' dir='ltr'><strong>Filii.</strong></span> <span class='ocrx_word' id='word_1_293' title='bbox 1603 2193 1667 2233; x_wconf 89' lang='lat' dir='ltr'><strong>ac</strong></span> <span class='ocrx_word' id='word_1_294' title='bbox 1700 2176 1963 2249; x_wconf 72' lang='lat' dir='ltr'><strong>Spiritus,</strong></span> <span class='ocrx_word' id='word_1_295' title='bbox 1990 2193 2088 2233; x_wconf 88' lang='lat' dir='ltr'><strong>ve-</strong></span> 
     </span>
    </p>
   </div>
   <div class='ocr_carea' id='block_1_40' title="bbox 513 2270 2086 2341">
    <p class='ocr_par' dir='ltr' id='par_1_40' title="bbox 513 2270 2086 2341">
     <span class='ocr_line' id='line_1_40' title="bbox 513 2270 2086 2341; baseline 0.002 -18"><span class='ocrx_word' id='word_1_296' title='bbox 513 2270 594 2323; x_wconf 91' lang='lat' dir='ltr'><strong>lut</strong></span> <span class='ocrx_word' id='word_1_297' title='bbox 627 2270 1368 2341; x_wconf 83' lang='lat' dir='ltr'><strong>creaturarum,principium</strong></span> <span class='ocrx_word' id='word_1_298' title='bbox 1391 2271 1608 2334; x_wconf 88' lang='lat' dir='ltr'><strong>statuis,</strong></span> <span class='ocrx_word' id='word_1_299' title='bbox 1636 2286 1737 2326; x_wconf 91' lang='lat' dir='ltr'><strong>nec</strong></span> <span class='ocrx_word' id='word_1_300' title='bbox 1761 2271 2086 2341; x_wconf 88' lang='lat' dir='ltr'><strong>principium</strong></span> 
     </span>
    </p>
   </div>
   <div class='ocr_carea' id='block_1_41' title="bbox 511 2363 2086 2435">
    <p class='ocr_par' dir='ltr' id='par_1_41' title="bbox 511 2363 2086 2435">
     <span class='ocr_line' id='line_1_41' title="bbox 511 2363 2086 2435; baseline 0.002 -20"><span class='ocrx_word' id='word_1_301' title='bbox 511 2363 609 2416; x_wconf 82' lang='lat' dir='ltr'><strong>abs</strong></span> <span class='ocrx_word' id='word_1_302' title='bbox 638 2373 690 2417; x_wconf 92' lang='lat' dir='ltr'><strong>te</strong></span> <span class='ocrx_word' id='word_1_303' title='bbox 719 2364 1011 2429; x_wconf 89' lang='lat' dir='ltr'><strong>honorari,</strong></span> <span class='ocrx_word' id='word_1_304' title='bbox 1043 2374 1098 2419; x_wconf 88' lang='lat' dir='ltr'><strong>et</strong></span> <span class='ocrx_word' id='word_1_305' title='bbox 1137 2380 1259 2433; x_wconf 73' lang='lat' dir='ltr'><strong>qua:</strong></span> <span class='ocrx_word' id='word_1_306' title='bbox 1283 2380 1350 2420; x_wconf 78' lang='lat' dir='ltr'><strong>ex</strong></span> <span class='ocrx_word' id='word_1_307' title='bbox 1382 2378 1449 2419; x_wconf 90' lang='lat' dir='ltr'><strong>eo</strong></span> <span class='ocrx_word' id='word_1_308' title='bbox 1488 2372 1745 2429; x_wconf 88' lang='lat' dir='ltr'><strong>manant,</strong></span> <span class='ocrx_word' id='word_1_309' title='bbox 1790 2363 2086 2435; x_wconf 80' lang='lat' dir='ltr'><strong>ignominia</strong></span> 
     </span>
    </p>
   </div>
   <div class='ocr_carea' id='block_1_42' title="bbox 510 2452 2089 2525">
    <p class='ocr_par' dir='ltr' id='par_1_42' title="bbox 510 2452 2089 2525">
     <span class='ocr_line' id='line_1_42' title="bbox 510 2452 2089 2525; baseline 0.002 -19"><span class='ocrx_word' id='word_1_310' title='bbox 510 2452 689 2508; x_wconf 78' lang='lat' dir='ltr'><strong>allici?</strong></span> <span class='ocrx_word' id='word_1_311' title='bbox 719 2454 872 2518; x_wconf 88' lang='lat' dir='ltr'><strong>Illud,</strong></span> <span class='ocrx_word' id='word_1_312' title='bbox 903 2455 1030 2525; x_wconf 86' lang='lat' dir='ltr'><strong>quia</strong></span> <span class='ocrx_word' id='word_1_313' title='bbox 1071 2454 1278 2520; x_wconf 84' lang='lat' dir='ltr'><strong>vilium,</strong></span> <span class='ocrx_word' id='word_1_314' title='bbox 1315 2464 1370 2509; x_wconf 93' lang='lat' dir='ltr'><strong>et</strong></span> <span class='ocrx_word' id='word_1_315' title='bbox 1415 2455 1760 2524; x_wconf 82' lang='lat' dir='ltr'><strong>exiguarum,</strong></span> <span class='ocrx_word' id='word_1_316' title='bbox 1786 2470 1852 2510; x_wconf 89' lang='lat' dir='ltr'><strong>ac</strong></span> <span class='ocrx_word' id='word_1_317' title='bbox 1883 2455 2089 2511; x_wconf 88' lang='lat' dir='ltr'><strong>deitate</strong></span> 
     </span>
    </p>
   </div>
   <div class='ocr_carea' id='block_1_43' title="bbox 515 2544 2087 2617">
    <p class='ocr_par' dir='ltr' id='par_1_43' title="bbox 515 2544 2087 2617">
     <span class='ocr_line' id='line_1_43' title="bbox 515 2544 2087 2617; baseline 0.003 -20"><span class='ocrx_word' id='word_1_318' title='bbox 515 2544 855 2616; x_wconf 82' lang='lat' dir='ltr'><strong>indignorum</strong></span> <span class='ocrx_word' id='word_1_319' title='bbox 896 2546 1218 2614; x_wconf 86' lang='lat' dir='ltr'><strong>principium</strong></span> <span class='ocrx_word' id='word_1_320' title='bbox 1251 2547 1577 2613; x_wconf 86' lang='lat' dir='ltr'><strong>constituis;</strong></span> <span class='ocrx_word' id='word_1_321' title='bbox 1619 2547 1754 2612; x_wconf 78' lang='lat' dir='ltr'><strong>haec,</strong></span> <span class='ocrx_word' id='word_1_322' title='bbox 1788 2547 1914 2616; x_wconf 89' lang='lat' dir='ltr'><strong>quia</strong></span> <span class='ocrx_word' id='word_1_323' title='bbox 1962 2563 2087 2617; x_wconf 87' lang='lat' dir='ltr'><strong>par-</strong></span> 
     </span>
    </p>
   </div>
   <div class='ocr_carea' id='block_1_44' title="bbox 513 2639 2086 2709">
    <p class='ocr_par' dir='ltr' id='par_1_44' title="bbox 513 2639 2086 2709">
     <span class='ocr_line' id='line_1_44' title="bbox 513 2639 2086 2709; baseline 0.003 -19"><span class='ocrx_word' id='word_1_324' title='bbox 513 2651 579 2690; x_wconf 87' lang='lat' dir='ltr'><strong>va</strong></span> <span class='ocrx_word' id='word_1_325' title='bbox 600 2678 617 2702; x_wconf 96' lang='lat'><strong>,</strong></span> <span class='ocrx_word' id='word_1_326' title='bbox 667 2652 768 2693; x_wconf 82' lang='lat' dir='ltr'><strong>nec</strong></span> <span class='ocrx_word' id='word_1_327' title='bbox 804 2647 984 2692; x_wconf 89' lang='lat' dir='ltr'><strong>creata</strong></span> <span class='ocrx_word' id='word_1_328' title='bbox 1040 2647 1247 2693; x_wconf 82' lang='lat' dir='ltr'><strong>tantum</strong></span> <span class='ocrx_word' id='word_1_329' title='bbox 1271 2678 1287 2701; x_wconf 88' lang='lat'><strong>,</strong></span> <span class='ocrx_word' id='word_1_330' title='bbox 1318 2639 1412 2693; x_wconf 91' lang='lat' dir='ltr'><strong>sed</strong></span> <span class='ocrx_word' id='word_1_331' title='bbox 1444 2639 1689 2693; x_wconf 88' lang='lat' dir='ltr'><strong>omnium</strong></span> <span class='ocrx_word' id='word_1_332' title='bbox 1729 2640 1893 2694; x_wconf 90' lang='lat' dir='ltr'><strong>etiam</strong></span> <span class='ocrx_word' id='word_1_333' title='bbox 1921 2679 1938 2705; x_wconf 93' lang='lat'><strong>,</strong></span> <span class='ocrx_word' id='word_1_334' title='bbox 1966 2656 2086 2709; x_wconf 67' lang='lat' dir='ltr'><strong>qua:</strong></span> 
     </span>
    </p>
   </div>
   <div class='ocr_carea' id='block_1_45' title="bbox 514 2730 2030 2801">
    <p class='ocr_par' dir='ltr' id='par_1_45' title="bbox 514 2730 2030 2801">
     <span class='ocr_line' id='line_1_45' title="bbox 514 2730 2030 2801; baseline 0.005 -18"><span class='ocrx_word' id='word_1_335' title='bbox 514 2737 695 2783; x_wconf 86' lang='lat' dir='ltr'><strong>creata</strong></span> <span class='ocrx_word' id='word_1_336' title='bbox 726 2739 876 2795; x_wconf 90' lang='lat' dir='ltr'><strong>sunt,</strong></span> <span class='ocrx_word' id='word_1_337' title='bbox 904 2730 1363 2799; x_wconf 87' lang='lat' dir='ltr'><strong>contemptissima</strong></span> <span class='ocrx_word' id='word_1_338' title='bbox 1390 2741 1446 2785; x_wconf 88' lang='lat' dir='ltr'><strong>et</strong></span> <span class='ocrx_word' id='word_1_339' title='bbox 1473 2732 1840 2801; x_wconf 83' lang='lat' dir='ltr'><strong>abjectissima</strong></span> <span class='ocrx_word' id='word_1_340' title='bbox 1890 2732 2030 2791; x_wconf 86' lang='lat' dir='ltr'><strong>facis</strong></span> 
     </span>
    </p>
   </div>
   <div class='ocr_carea' id='block_1_46' title="bbox 2196 1899 3773 1971">
    <p class='ocr_par' dir='ltr' id='par_1_46' title="bbox 2196 1899 3773 1971">
     <span class='ocr_line' id='line_1_46' title="bbox 2196 1899 3773 1971; baseline -0.001 -17"><span class='ocrx_word' id='word_1_341' title='bbox 2196 1901 2290 1954; x_wconf 76' lang='grc' dir='ltr'><strong>καὶ</strong></span> <span class='ocrx_word' id='word_1_342' title='bbox 2311 1901 2597 1971; x_wconf 77' lang='grc' dir='ltr'>ἀτιμάζεις</span> <span class='ocrx_word' id='word_1_343' title='bbox 2622 1900 2691 1954; x_wconf 73' lang='grc' dir='ltr'>τὰ</span> <span class='ocrx_word' id='word_1_344' title='bbox 2718 1899 2775 1965; x_wconf 78' lang='grc' dir='ltr'>ἐξ</span> <span class='ocrx_word' id='word_1_345' title='bbox 2810 1900 3011 1970; x_wconf 74' lang='grc' dir='ltr'>αύτῆςς</span> <span class='ocrx_word' id='word_1_346' title='bbox 3048 1900 3159 1969; x_wconf 82' lang='grc' dir='ltr'><strong>Τὴν</strong></span> <span class='ocrx_word' id='word_1_347' title='bbox 3173 1899 3294 1969; x_wconf 79' lang='grc' dir='ltr'>μὲν,</span> <span class='ocrx_word' id='word_1_348' title='bbox 3320 1900 3403 1952; x_wconf 87' lang='grc' dir='ltr'>ὄτι</span> <span class='ocrx_word' id='word_1_349' title='bbox 3436 1900 3651 1969; x_wconf 80' lang='grc' dir='ltr'>μικρῶν</span> <span class='ocrx_word' id='word_1_350' title='bbox 3672 1901 3773 1953; x_wconf 69' lang='grc' dir='ltr'>εἱσι</span> 
     </span>
    </p>
   </div>
   <div class='ocr_carea' id='block_1_47' title="bbox 2195 1988 3771 2064">
    <p class='ocr_par' dir='ltr' id='par_1_47' title="bbox 2195 1988 3771 2064">
     <span class='ocr_line' id='line_1_47' title="bbox 2195 1988 3771 2064; baseline -0.001 -18"><span class='ocrx_word' id='word_1_351' title='bbox 2195 1992 2347 2063; x_wconf 83' lang='grc' dir='ltr'>άγεις</span> <span class='ocrx_word' id='word_1_352' title='bbox 2384 1992 2579 2064; x_wconf 85' lang='grc' dir='ltr'>ἀρχὴν,</span> <span class='ocrx_word' id='word_1_353' title='bbox 2611 1992 2705 2044; x_wconf 69' lang='grc' dir='ltr'><strong>καὶ</strong></span> <span class='ocrx_word' id='word_1_354' title='bbox 2737 1990 2968 2057; x_wconf 77' lang='grc' dir='ltr'>ἀναξίων</span> <span class='ocrx_word' id='word_1_355' title='bbox 3004 1988 3292 2061; x_wconf 78' lang='grc' dir='ltr'>Θεότητος·</span> <span class='ocrx_word' id='word_1_356' title='bbox 3327 1989 3399 2043; x_wconf 76' lang='grc' dir='ltr'><strong>τά</strong></span> <span class='ocrx_word' id='word_1_357' title='bbox 3431 1991 3514 2053; x_wconf 80' lang='grc' dir='ltr'><strong>δὲ,</strong></span> <span class='ocrx_word' id='word_1_358' title='bbox 3560 1993 3639 2044; x_wconf 83' lang='grc' dir='ltr'><strong>ὅτι</strong></span> <span class='ocrx_word' id='word_1_359' title='bbox 3686 2009 3771 2060; x_wconf 86' lang='grc' dir='ltr'>μι-</span> 
     </span>
    </p>
   </div>
   <div class='ocr_carea' id='block_1_48' title="bbox 2190 2082 3774 2156">
    <p class='ocr_par' dir='ltr' id='par_1_48' title="bbox 2190 2082 3774 2156">
     <span class='ocr_line' id='line_1_48' title="bbox 2190 2082 3774 2156; baseline 0.001 -19"><span class='ocrx_word' id='word_1_360' title='bbox 2190 2085 2319 2156; x_wconf 84' lang='grc' dir='ltr'>κρά,</span> <span class='ocrx_word' id='word_1_361' title='bbox 2352 2084 2447 2138; x_wconf 77' lang='grc' dir='ltr'><strong>καὶ</strong></span> <span class='ocrx_word' id='word_1_362' title='bbox 2483 2083 2557 2155; x_wconf 83' lang='grc' dir='ltr'>μὴ</span> <span class='ocrx_word' id='word_1_363' title='bbox 2595 2082 2871 2154; x_wconf 83' lang='grc' dir='ltr'>κτίσματα</span> <span class='ocrx_word' id='word_1_364' title='bbox 2909 2084 3088 2153; x_wconf 86' lang='grc' dir='ltr'>μόνον,</span> <span class='ocrx_word' id='word_1_365' title='bbox 3118 2082 3254 2136; x_wconf 81' lang='grc' dir='ltr'><strong>ἀλλὰ</strong></span> <span class='ocrx_word' id='word_1_366' title='bbox 3293 2084 3390 2136; x_wconf 73' lang='grc' dir='ltr'><strong>καὶ</strong></span> <span class='ocrx_word' id='word_1_367' title='bbox 3412 2084 3634 2137; x_wconf 80' lang='grc' dir='ltr'>πάντων</span> <span class='ocrx_word' id='word_1_368' title='bbox 3667 2102 3774 2138; x_wconf 78' lang='grc' dir='ltr'>κτι-</span> 
     </span>
    </p>
   </div>
   <div class='ocr_carea' id='block_1_49' title="bbox 2188 2175 3773 2250">
    <p class='ocr_par' dir='ltr' id='par_1_49' title="bbox 2188 2175 3773 2250">
     <span class='ocr_line' id='line_1_49' title="bbox 2188 2175 3773 2250; baseline -0.003 -18"><span class='ocrx_word' id='word_1_369' title='bbox 2188 2177 2412 2250; x_wconf 88' lang='grc' dir='ltr'>σμάτων</span> <span class='ocrx_word' id='word_1_370' title='bbox 2452 2177 2623 2239; x_wconf 81' lang='grc' dir='ltr'>ποιεῖς</span> <span class='ocrx_word' id='word_1_371' title='bbox 2652 2176 2949 2246; x_wconf 85' lang='grc' dir='ltr'>ἀτιμότερα</span> <span class='ocrx_word' id='word_1_372' title='bbox 2970 2194 2982 2206; x_wconf 91' lang='grc'><strong>·</strong></span> <span class='ocrx_word' id='word_1_373' title='bbox 3020 2176 3075 2229; x_wconf 83' lang='grc' dir='ltr'><strong>εἴ</strong></span> <span class='ocrx_word' id='word_1_374' title='bbox 3105 2193 3169 2245; x_wconf 90' lang='grc' dir='ltr'><strong>γε</strong></span> <span class='ocrx_word' id='word_1_375' title='bbox 3208 2175 3414 2229; x_wconf 84' lang='grc' dir='ltr'>τούτων</span> <span class='ocrx_word' id='word_1_376' title='bbox 3456 2177 3643 2232; x_wconf 66' lang='grc' dir='ltr'>ἕνεκεν</span> <span class='ocrx_word' id='word_1_377' title='bbox 3676 2178 3773 2230; x_wconf 73' lang='grc' dir='ltr'>ὑπο</span> 
     </span>
    </p>
   </div>
   <div class='ocr_carea' id='block_1_50' title="bbox 2191 2269 3769 2343">
    <p class='ocr_par' dir='ltr' id='par_1_50' title="bbox 2191 2269 3769 2343">
     <span class='ocr_line' id='line_1_50' title="bbox 2191 2269 3769 2343; baseline -0.003 -17"><span class='ocrx_word' id='word_1_378' title='bbox 2191 2273 2344 2343; x_wconf 84' lang='grc' dir='ltr'>έστη,</span> <span class='ocrx_word' id='word_1_379' title='bbox 2372 2271 2466 2325; x_wconf 73' lang='grc' dir='ltr'><strong>καὶ</strong></span> <span class='ocrx_word' id='word_1_380' title='bbox 2504 2270 2658 2335; x_wconf 80' lang='grc' dir='ltr'>ποτὲ,</span> <span class='ocrx_word' id='word_1_381' title='bbox 2689 2270 2880 2341; x_wconf 82' lang='grc' dir='ltr'>ὥσπερ</span> <span class='ocrx_word' id='word_1_382' title='bbox 2908 2271 3119 2341; x_wconf 75' lang='grc' dir='ltr'>ὄργανα</span> <span class='ocrx_word' id='word_1_383' title='bbox 3144 2269 3361 2340; x_wconf 79' lang='grc' dir='ltr'>τεχνίτῃ</span> <span class='ocrx_word' id='word_1_384' title='bbox 3400 2269 3511 2340; x_wconf 74' lang='grc' dir='ltr'><strong>πρὸ</strong></span> <span class='ocrx_word' id='word_1_385' title='bbox 3543 2269 3653 2322; x_wconf 83' lang='grc' dir='ltr'>τῶν</span> <span class='ocrx_word' id='word_1_386' title='bbox 3682 2287 3769 2321; x_wconf 78' lang='grc' dir='ltr'>τε·</span> 
     </span>
    </p>
   </div>
   <div class='ocr_carea' id='block_1_51' title="bbox 2192 2360 3773 2436">
    <p class='ocr_par' dir='ltr' id='par_1_51' title="bbox 2192 2360 3773 2436">
     <span class='ocr_line' id='line_1_51' title="bbox 2192 2360 3773 2436; baseline -0.001 -19"><span class='ocrx_word' id='word_1_387' title='bbox 2192 2363 2389 2436; x_wconf 84' lang='grc' dir='ltr'>χνιτῶν</span> <span class='ocrx_word' id='word_1_388' title='bbox 2412 2363 2487 2433; x_wconf 80' lang='lat'><strong>(7)</strong></span> <span class='ocrx_word' id='word_1_389' title='bbox 2518 2363 2781 2434; x_wconf 77' lang='grc' dir='ltr'>πρότερον</span> <span class='ocrx_word' id='word_1_390' title='bbox 2802 2362 2902 2415; x_wconf 81' lang='grc' dir='ltr'><strong>οὐκ</strong></span> <span class='ocrx_word' id='word_1_391' title='bbox 2933 2361 3086 2425; x_wconf 78' lang='grc' dir='ltr'>ὄντα,</span> <span class='ocrx_word' id='word_1_392' title='bbox 3110 2361 3219 2414; x_wconf 74' lang='grc' dir='ltr'>οὐδ’</span> <span class='ocrx_word' id='word_1_393' title='bbox 3248 2361 3314 2416; x_wconf 84' lang='grc' dir='ltr'>ἂν</span> <span class='ocrx_word' id='word_1_394' title='bbox 3346 2360 3528 2424; x_wconf 78' lang='grc' dir='ltr'>ἄλλως</span> <span class='ocrx_word' id='word_1_395' title='bbox 3559 2361 3773 2432; x_wconf 75' lang='grc' dir='ltr'>γενομε-</span> 
     </span>
    </p>
   </div>
   <div class='ocr_carea' id='block_1_52' title="bbox 2189 2452 3770 2526">
    <p class='ocr_par' dir='ltr' id='par_1_52' title="bbox 2189 2452 3770 2526">
     <span class='ocr_line' id='line_1_52' title="bbox 2189 2452 3770 2526; baseline -0.001 -17"><span class='ocrx_word' id='word_1_396' title='bbox 2189 2474 2276 2521; x_wconf 91' lang='grc' dir='ltr'><strong>να,</strong></span> <span class='ocrx_word' id='word_1_397' title='bbox 2313 2456 2363 2508; x_wconf 85' lang='grc' dir='ltr'><strong>εἱ</strong></span> <span class='ocrx_word' id='word_1_398' title='bbox 2392 2455 2466 2526; x_wconf 79' lang='grc' dir='ltr'>μή</span> <span class='ocrx_word' id='word_1_399' title='bbox 2489 2473 2547 2508; x_wconf 92' lang='grc' dir='ltr'><strong>τι</strong></span> <span class='ocrx_word' id='word_1_400' title='bbox 2570 2453 2753 2508; x_wconf 81' lang='grc' dir='ltr'>κτίσαι</span> <span class='ocrx_word' id='word_1_401' title='bbox 2780 2454 2845 2507; x_wconf 80' lang='grc' dir='ltr'>δι’</span> <span class='ocrx_word' id='word_1_402' title='bbox 2866 2452 3046 2506; x_wconf 68' lang='grc' dir='ltr'>αιἰτῶν</span> <span class='ocrx_word' id='word_1_403' title='bbox 3080 2452 3355 2523; x_wconf 77' lang='grc' dir='ltr'>ἐϐουλήθη</span> <span class='ocrx_word' id='word_1_404' title='bbox 3390 2454 3549 2519; x_wconf 82' lang='grc' dir='ltr'>Θεὸς,</span> <span class='ocrx_word' id='word_1_405' title='bbox 3580 2453 3655 2517; x_wconf 80' lang='grc' dir='ltr'>ὡς</span> <span class='ocrx_word' id='word_1_406' title='bbox 3675 2456 3770 2508; x_wconf 69' lang='grc' dir='ltr'><strong>οὐκ</strong></span> 
     </span>
    </p>
   </div>
   <div class='ocr_carea' id='block_1_53' title="bbox 2189 2546 3772 2622">
    <p class='ocr_par' dir='ltr' id='par_1_53' title="bbox 2189 2546 3772 2622">
     <span class='ocr_line' id='line_1_53' title="bbox 2189 2546 3772 2622; baseline -0.003 -18"><span class='ocrx_word' id='word_1_407' title='bbox 2189 2547 2488 2622; x_wconf 77' lang='grc' dir='ltr'>ἀρκοῦντος</span> <span class='ocrx_word' id='word_1_408' title='bbox 2532 2547 2627 2601; x_wconf 80' lang='grc' dir='ltr'><strong>τοῦ</strong></span> <span class='ocrx_word' id='word_1_409' title='bbox 2664 2546 2969 2619; x_wconf 84' lang='grc' dir='ltr'>βούλεσθαι.</span> <span class='ocrx_word' id='word_1_410' title='bbox 3015 2547 3133 2600; x_wconf 84' lang='grc' dir='ltr'><strong>Πᾶν</strong></span> <span class='ocrx_word' id='word_1_411' title='bbox 3170 2547 3280 2618; x_wconf 81' lang='grc' dir='ltr'>γὰρ</span> <span class='ocrx_word' id='word_1_412' title='bbox 3325 2548 3355 2601; x_wconf 86' lang='grc' dir='ltr'><strong>ὃ</strong></span> <span class='ocrx_word' id='word_1_413' title='bbox 3386 2564 3537 2611; x_wconf 87' lang='grc' dir='ltr'>τινος</span> <span class='ocrx_word' id='word_1_414' title='bbox 3573 2548 3772 2612; x_wconf 75' lang='grc' dir='ltr'>ἕνεκεν,</span> 
     </span>
    </p>
   </div>
   <div class='ocr_carea' id='block_1_54' title="bbox 2190 2640 3225 2715">
    <p class='ocr_par' dir='ltr' id='par_1_54' title="bbox 2190 2640 3225 2715">
     <span class='ocr_line' id='line_1_54' title="bbox 2190 2640 3225 2715; baseline -0.003 -19"><span class='ocrx_word' id='word_1_415' title='bbox 2190 2642 2511 2715; x_wconf 82' lang='grc' dir='ltr'>ἀτιμότερον</span> <span class='ocrx_word' id='word_1_416' title='bbox 2536 2641 2746 2695; x_wconf 78' lang='grc' dir='ltr'>ἐκείνου</span> <span class='ocrx_word' id='word_1_417' title='bbox 2767 2641 2836 2695; x_wconf 83' lang='grc' dir='ltr'>δι’</span> <span class='ocrx_word' id='word_1_418' title='bbox 2858 2641 2887 2695; x_wconf 81' lang='lat'><strong>6</strong></span> <span class='ocrx_word' id='word_1_419' title='bbox 2913 2640 3225 2711; x_wconf 79' lang='grc' dir='ltr'>γεγένηται.</span> 
     </span>
    </p>
   </div>
   <div class='ocr_carea' id='block_1_55' title="bbox 2081 2733 3735 2806">
    <p class='ocr_par' dir='ltr' id='par_1_55' title="bbox 2081 2733 3735 2806">
     <span class='ocr_line' id='line_1_55' title="bbox 2081 2733 3735 2806; baseline -0.003 -14"><span class='ocrx_word' id='word_1_420' title='bbox 2081 2754 2095 2792; x_wconf 89' lang='lat'><strong>:</strong></span> <span class='ocrx_word' id='word_1_421' title='bbox 2138 2737 2403 2806; x_wconf 87' lang='lat' dir='ltr'><strong>siquidem</strong></span> <span class='ocrx_word' id='word_1_422' title='bbox 2438 2735 2628 2789; x_wconf 87' lang='lat' dir='ltr'><strong>horum</strong></span> <span class='ocrx_word' id='word_1_423' title='bbox 2658 2750 2818 2790; x_wconf 89' lang='lat' dir='ltr'><strong>causa</strong></span> <span class='ocrx_word' id='word_1_424' title='bbox 2844 2776 2860 2799; x_wconf 95' lang='lat'><strong>,</strong></span> <span class='ocrx_word' id='word_1_425' title='bbox 2908 2746 2961 2790; x_wconf 86' lang='lat' dir='ltr'><strong>et</strong></span> <span class='ocrx_word' id='word_1_426' title='bbox 3015 2733 3305 2802; x_wconf 84' lang='lat' dir='ltr'><strong>aliquando</strong></span> <span class='ocrx_word' id='word_1_427' title='bbox 3351 2735 3576 2788; x_wconf 85' lang='lat' dir='ltr'><strong>condita</strong></span> <span class='ocrx_word' id='word_1_428' title='bbox 3616 2743 3735 2788; x_wconf 86' lang='lat' dir='ltr'><strong>sunt</strong></span> 
     </span>
    </p>
   </div>
   <div class='ocr_carea' id='block_1_56' title="bbox 515 2821 3775 2895">
    <p class='ocr_par' dir='ltr' id='par_1_56' title="bbox 515 2821 3775 2895">
     <span class='ocr_line' id='line_1_56' title="bbox 515 2821 3775 2895; baseline 0 -18"><span class='ocrx_word' id='word_1_429' title='bbox 515 2837 621 2877; x_wconf 90' lang='lat' dir='ltr'><strong>non</strong></span> <span class='ocrx_word' id='word_1_430' title='bbox 649 2835 807 2877; x_wconf 84' lang='lat' dir='ltr'><strong>secus</strong></span> <span class='ocrx_word' id='word_1_431' title='bbox 836 2836 901 2876; x_wconf 90' lang='lat' dir='ltr'><strong>ac</strong></span> <span class='ocrx_word' id='word_1_432' title='bbox 932 2821 1291 2875; x_wconf 89' lang='lat' dir='ltr'><strong>instrumenta</strong></span> <span class='ocrx_word' id='word_1_433' title='bbox 1334 2821 1404 2875; x_wconf 90' lang='lat' dir='ltr'><strong>ab</strong></span> <span class='ocrx_word' id='word_1_434' title='bbox 1454 2821 1686 2886; x_wconf 83' lang='lat' dir='ltr'><strong>artifice,</strong></span> <span class='ocrx_word' id='word_1_435' title='bbox 1734 2837 1855 2893; x_wconf 68' lang='lat' dir='ltr'><strong>qua:</strong></span> <span class='ocrx_word' id='word_1_436' title='bbox 1902 2834 2031 2881; x_wconf 87' lang='lat' dir='ltr'><strong>ante</strong></span> <span class='ocrx_word' id='word_1_437' title='bbox 2081 2827 2322 2881; x_wconf 87' lang='lat' dir='ltr'><strong>artifices</strong></span> <span class='ocrx_word' id='word_1_438' title='bbox 2388 2840 2493 2880; x_wconf 90' lang='lat' dir='ltr'><strong>non</strong></span> <span class='ocrx_word' id='word_1_439' title='bbox 2533 2834 2725 2893; x_wconf 88' lang='lat' dir='ltr'><strong>erant,</strong></span> <span class='ocrx_word' id='word_1_440' title='bbox 2760 2841 2858 2881; x_wconf 90' lang='lat' dir='ltr'><strong>nec</strong></span> <span class='ocrx_word' id='word_1_441' title='bbox 2896 2827 3033 2881; x_wconf 89' lang='lat' dir='ltr'><strong>alias</strong></span> <span class='ocrx_word' id='word_1_442' title='bbox 3069 2824 3456 2891; x_wconf 82' lang='lat' dir='ltr'><strong>exstitissent,</strong></span> <span class='ocrx_word' id='word_1_443' title='bbox 3513 2826 3616 2879; x_wconf 91' lang='lat' dir='ltr'><strong>nisi</strong></span> <span class='ocrx_word' id='word_1_444' title='bbox 3656 2826 3775 2895; x_wconf 79' lang='lat' dir='ltr'><strong>quid</strong></span> 
     </span>
    </p>
   </div>
   <div class='ocr_carea' id='block_1_57' title="bbox 514 2910 3775 2987">
    <p class='ocr_par' dir='ltr' id='par_1_57' title="bbox 514 2910 3775 2987">
     <span class='ocr_line' id='line_1_57' title="bbox 514 2910 3775 2987; baseline 0.001 -18"><span class='ocrx_word' id='word_1_445' title='bbox 514 2928 702 2969; x_wconf 90' lang='lat' dir='ltr'><strong>eorum</strong></span> <span class='ocrx_word' id='word_1_446' title='bbox 728 2926 893 2981; x_wconf 86' lang='lat' dir='ltr'><strong>opera</strong></span> <span class='ocrx_word' id='word_1_447' title='bbox 933 2912 1072 2965; x_wconf 88' lang='lat' dir='ltr'><strong>Deus</strong></span> <span class='ocrx_word' id='word_1_448' title='bbox 1102 2925 1293 2965; x_wconf 88' lang='lat' dir='ltr'><strong>creare</strong></span> <span class='ocrx_word' id='word_1_449' title='bbox 1321 2910 1604 2975; x_wconf 89' lang='lat' dir='ltr'><strong>voluisset,</strong></span> <span class='ocrx_word' id='word_1_450' title='bbox 1649 2912 1876 2981; x_wconf 88' lang='lat' dir='ltr'><strong>perinde</strong></span> <span class='ocrx_word' id='word_1_451' title='bbox 1915 2914 2169 2970; x_wconf 82' lang='lat' dir='ltr'><strong>videlicet</strong></span> <span class='ocrx_word' id='word_1_452' title='bbox 2213 2930 2278 2969; x_wconf 88' lang='lat' dir='ltr'><strong>ac</strong></span> <span class='ocrx_word' id='word_1_453' title='bbox 2323 2914 2571 2967; x_wconf 79' lang='lat' dir='ltr'><strong>voluntas</strong></span> <span class='ocrx_word' id='word_1_454' title='bbox 2612 2914 2723 2984; x_wconf 87' lang='lat' dir='ltr'><strong>ipsa</strong></span> <span class='ocrx_word' id='word_1_455' title='bbox 2786 2929 3125 2985; x_wconf 86' lang='lat' dir='ltr'><strong>nequaquam</strong></span> <span class='ocrx_word' id='word_1_456' title='bbox 3168 2916 3464 2972; x_wconf 71' lang='lat' dir='ltr'><strong>sufﬁceret.</strong></span> <span class='ocrx_word' id='word_1_457' title='bbox 3515 2917 3775 2987; x_wconf 85' lang='lat' dir='ltr'><strong>Quidquid</strong></span> 
     </span>
    </p>
   </div>
   <div class='ocr_carea' id='block_1_58' title="bbox 513 3003 3011 3075">
    <p class='ocr_par' dir='ltr' id='par_1_58' title="bbox 513 3003 3011 3075">
     <span class='ocr_line' id='line_1_58' title="bbox 513 3003 3011 3075; baseline 0 -12"><span class='ocrx_word' id='word_1_458' title='bbox 513 3006 656 3063; x_wconf 89' lang='lat' dir='ltr'><strong>enim</strong></span> <span class='ocrx_word' id='word_1_459' title='bbox 688 3004 917 3074; x_wconf 84' lang='lat' dir='ltr'><strong>alicujus</strong></span> <span class='ocrx_word' id='word_1_460' title='bbox 969 3003 1046 3058; x_wconf 89' lang='lat' dir='ltr'><strong>rei</strong></span> <span class='ocrx_word' id='word_1_461' title='bbox 1102 3019 1265 3058; x_wconf 84' lang='lat' dir='ltr'><strong>causa</strong></span> <span class='ocrx_word' id='word_1_462' title='bbox 1310 3003 1513 3058; x_wconf 89' lang='lat' dir='ltr'><strong>factum</strong></span> <span class='ocrx_word' id='word_1_463' title='bbox 1548 3014 1668 3069; x_wconf 88' lang='lat' dir='ltr'><strong>est,</strong></span> <span class='ocrx_word' id='word_1_464' title='bbox 1695 3003 1962 3074; x_wconf 75' lang='lat' dir='ltr'><strong>abiectius</strong></span> <span class='ocrx_word' id='word_1_465' title='bbox 2006 3019 2089 3063; x_wconf 90' lang='lat' dir='ltr'><strong>est</strong></span> <span class='ocrx_word' id='word_1_466' title='bbox 2126 3024 2212 3071; x_wconf 93' lang='lat' dir='ltr'><strong>eo,</strong></span> <span class='ocrx_word' id='word_1_467' title='bbox 2241 3018 2463 3075; x_wconf 83' lang='lat' dir='ltr'><strong>preptcr</strong></span> <span class='ocrx_word' id='word_1_468' title='bbox 2489 3007 2631 3075; x_wconf 89' lang='lat' dir='ltr'><strong>quod</strong></span> <span class='ocrx_word' id='word_1_469' title='bbox 2663 3006 2866 3063; x_wconf 84' lang='lat' dir='ltr'><strong>factum</strong></span> <span class='ocrx_word' id='word_1_470' title='bbox 2906 3017 3011 3063; x_wconf 86' lang='lat' dir='ltr'><strong>est.</strong></span> 
     </span>
    </p>
   </div>
   <div class='ocr_carea' id='block_1_59' title="bbox 585 3093 2088 3175">
    <p class='ocr_par' dir='ltr' id='par_1_59' title="bbox 585 3093 2085 3167">
     <span class='ocr_line' id='line_1_59' title="bbox 585 3093 2085 3167; baseline 0.002 -17"><span class='ocrx_word' id='word_1_471' title='bbox 585 3093 722 3150; x_wconf 74' lang='lat' dir='ltr'><strong>Vlll.</strong></span> <span class='ocrx_word' id='word_1_472' title='bbox 757 3095 830 3149; x_wconf 83' lang='lat' dir='ltr'><strong>At</strong></span> <span class='ocrx_word' id='word_1_473' title='bbox 880 3109 981 3165; x_wconf 89' lang='lat' dir='ltr'><strong>ego</strong></span> <span class='ocrx_word' id='word_1_474' title='bbox 1029 3095 1247 3150; x_wconf 89' lang='lat' dir='ltr'><strong>deitatis</strong></span> <span class='ocrx_word' id='word_1_475' title='bbox 1291 3095 1616 3165; x_wconf 89' lang='lat' dir='ltr'><strong>principium</strong></span> <span class='ocrx_word' id='word_1_476' title='bbox 1646 3137 1660 3161; x_wconf 94' lang='lat'><strong>,</strong></span> <span class='ocrx_word' id='word_1_477' title='bbox 1694 3099 1955 3167; x_wconf 90' lang='lat' dir='ltr'><strong>temporis</strong></span> <span class='ocrx_word' id='word_1_478' title='bbox 1990 3116 2085 3155; x_wconf 79' lang='lat' dir='ltr'><strong>ex-</strong></span> 
     </span>
    </p>
   </div>
   <div class='ocr_carea' id='block_1_60' title="bbox 2197 3093 3773 3175">
    <p class='ocr_par' dir='ltr' id='par_1_60' title="bbox 2260 3097 3773 3175">
     <span class='ocr_line' id='line_1_60' title="bbox 2260 3097 3773 3175; baseline 0.005 -24"><span class='ocrx_word' id='word_1_479' title='bbox 2260 3100 2341 3154; x_wconf 81' lang='lat' dir='ltr'><strong>H&#39;.</strong></span> <span class='ocrx_word' id='word_1_480' title='bbox 2386 3097 2525 3167; x_wconf 87' lang='grc' dir='ltr'>Ἐγὼ</span> <span class='ocrx_word' id='word_1_481' title='bbox 2557 3098 2612 3151; x_wconf 83' lang='grc' dir='ltr'><strong>δὲ</strong></span> <span class='ocrx_word' id='word_1_482' title='bbox 2645 3098 2899 3167; x_wconf 83' lang='grc' dir='ltr'>θεότητος</span> <span class='ocrx_word' id='word_1_483' title='bbox 2935 3098 3109 3171; x_wconf 83' lang='grc' dir='ltr'>ἀρχὴν</span> <span class='ocrx_word' id='word_1_484' title='bbox 3140 3100 3213 3171; x_wconf 87' lang='grc'><strong>(8)</strong></span> <span class='ocrx_word' id='word_1_485' title='bbox 3244 3102 3491 3171; x_wconf 75' lang='grc' dir='ltr'>εἰσάγων</span> <span class='ocrx_word' id='word_1_486' title='bbox 3531 3104 3773 3175; x_wconf 77' lang='grc' dir='ltr'>ἄχρονον,</span> 
     </span>
    </p>
   </div>
   <div class='ocr_carea' id='block_1_61' title="bbox 512 3184 2093 3258">
    <p class='ocr_par' dir='ltr' id='par_1_61' title="bbox 512 3184 2093 3258">
     <span class='ocr_line' id='line_1_61' title="bbox 512 3184 2093 3258; baseline 0.002 -17"><span class='ocrx_word' id='word_1_487' title='bbox 512 3201 670 3258; x_wconf 75' lang='lat' dir='ltr'><strong>pera,</strong></span> <span class='ocrx_word' id='word_1_488' title='bbox 725 3186 1129 3256; x_wconf 78' lang='lat' dir='ltr'><strong>inseparabile,</strong></span> <span class='ocrx_word' id='word_1_489' title='bbox 1195 3195 1359 3257; x_wconf 87' lang='lat' dir='ltr'><strong>atque</strong></span> <span class='ocrx_word' id='word_1_490' title='bbox 1412 3184 1685 3241; x_wconf 83' lang='lat' dir='ltr'><strong>infinitum</strong></span> <span class='ocrx_word' id='word_1_491' title='bbox 1722 3197 2008 3258; x_wconf 91' lang='lat' dir='ltr'><strong>statuens,</strong></span> <span class='ocrx_word' id='word_1_492' title='bbox 2040 3201 2093 3244; x_wconf 89' lang='lat' dir='ltr'><strong>et</strong></span> 
     </span>
    </p>
   </div>
   <div class='ocr_carea' id='block_1_62' title="bbox 513 3274 2090 3346">
    <p class='ocr_par' dir='ltr' id='par_1_62' title="bbox 513 3274 2090 3346">
     <span class='ocr_line' id='line_1_62' title="bbox 513 3274 2090 3346; baseline -0.001 -15"><span class='ocrx_word' id='word_1_493' title='bbox 513 3275 875 3346; x_wconf 90' lang='lat' dir='ltr'><strong>principium,</strong></span> <span class='ocrx_word' id='word_1_494' title='bbox 905 3284 961 3329; x_wconf 91' lang='lat' dir='ltr'><strong>et</strong></span> <span class='ocrx_word' id='word_1_495' title='bbox 988 3290 1051 3329; x_wconf 89' lang='lat' dir='ltr'><strong>ea</strong></span> <span class='ocrx_word' id='word_1_496' title='bbox 1075 3314 1092 3340; x_wconf 94' lang='lat'><strong>,</strong></span> <span class='ocrx_word' id='word_1_497' title='bbox 1122 3289 1241 3344; x_wconf 78' lang='lat' dir='ltr'><strong>qua:</strong></span> <span class='ocrx_word' id='word_1_498' title='bbox 1294 3289 1324 3328; x_wconf 89' lang='lat' dir='ltr'><strong>a</strong></span> <span class='ocrx_word' id='word_1_499' title='bbox 1375 3274 1646 3345; x_wconf 86' lang='lat' dir='ltr'><strong>principio</strong></span> <span class='ocrx_word' id='word_1_500' title='bbox 1685 3285 1946 3342; x_wconf 89' lang='lat' dir='ltr'><strong>manant,</strong></span> <span class='ocrx_word' id='word_1_501' title='bbox 1975 3280 2090 3345; x_wconf 89' lang='lat' dir='ltr'><strong>pari</strong></span> 
     </span>
    </p>
   </div>
   <div class='ocr_carea' id='block_1_63' title="bbox 514 3366 2092 3438">
    <p class='ocr_par' dir='ltr' id='par_1_63' title="bbox 514 3366 2092 3438">
     <span class='ocr_line' id='line_1_63' title="bbox 514 3366 2092 3438; baseline 0 -15"><span class='ocrx_word' id='word_1_502' title='bbox 514 3368 721 3423; x_wconf 84' lang='lat' dir='ltr'><strong>honore</strong></span> <span class='ocrx_word' id='word_1_503' title='bbox 752 3381 1054 3437; x_wconf 86' lang='lat' dir='ltr'><strong>prosequor</strong></span> <span class='ocrx_word' id='word_1_504' title='bbox 1087 3384 1100 3421; x_wconf 94' lang='lat'>:</span> <span class='ocrx_word' id='word_1_505' title='bbox 1158 3366 1286 3420; x_wconf 90' lang='lat' dir='ltr'><strong>illud</strong></span> <span class='ocrx_word' id='word_1_506' title='bbox 1315 3405 1331 3430; x_wconf 92' lang='lat'><strong>,</strong></span> <span class='ocrx_word' id='word_1_507' title='bbox 1364 3366 1493 3436; x_wconf 89' lang='lat' dir='ltr'><strong>quia</strong></span> <span class='ocrx_word' id='word_1_508' title='bbox 1531 3366 1718 3421; x_wconf 88' lang='lat' dir='ltr'><strong>talium</strong></span> <span class='ocrx_word' id='word_1_509' title='bbox 1764 3377 1849 3423; x_wconf 90' lang='lat' dir='ltr'><strong>est</strong></span> <span class='ocrx_word' id='word_1_510' title='bbox 1882 3369 2092 3438; x_wconf 88' lang='lat' dir='ltr'><strong>princi-</strong></span> 
     </span>
    </p>
   </div>
   <div class='ocr_carea' id='block_1_64' title="bbox 513 3458 2092 3529">
    <p class='ocr_par' dir='ltr' id='par_1_64' title="bbox 513 3458 2092 3529">
     <span class='ocr_line' id='line_1_64' title="bbox 513 3458 2092 3529; baseline 0.002 -16"><span class='ocrx_word' id='word_1_511' title='bbox 513 3460 686 3529; x_wconf 88' lang='lat' dir='ltr'><strong>pium,</strong></span> <span class='ocrx_word' id='word_1_512' title='bbox 715 3458 863 3523; x_wconf 71' lang='lat' dir='ltr'><strong>hmc,</strong></span> <span class='ocrx_word' id='word_1_513' title='bbox 894 3459 1019 3527; x_wconf 85' lang='lat' dir='ltr'><strong>quia</strong></span> <span class='ocrx_word' id='word_1_514' title='bbox 1048 3459 1137 3512; x_wconf 92' lang='lat' dir='ltr'><strong>tali</strong></span> <span class='ocrx_word' id='word_1_515' title='bbox 1166 3458 1346 3523; x_wconf 83' lang='lat' dir='ltr'><strong>modo,</strong></span> <span class='ocrx_word' id='word_1_516' title='bbox 1382 3467 1438 3513; x_wconf 92' lang='lat' dir='ltr'><strong>et</strong></span> <span class='ocrx_word' id='word_1_517' title='bbox 1470 3458 1595 3513; x_wconf 90' lang='lat' dir='ltr'><strong>talia</strong></span> <span class='ocrx_word' id='word_1_518' title='bbox 1616 3499 1631 3524; x_wconf 94' lang='lat'><strong>,</strong></span> <span class='ocrx_word' id='word_1_519' title='bbox 1657 3468 1712 3514; x_wconf 92' lang='lat' dir='ltr'><strong>et</strong></span> <span class='ocrx_word' id='word_1_520' title='bbox 1733 3475 1798 3515; x_wconf 74' lang='lat' dir='ltr'><strong>ex</strong></span> <span class='ocrx_word' id='word_1_521' title='bbox 1832 3460 1925 3515; x_wconf 90' lang='lat' dir='ltr'><strong>tali</strong></span> <span class='ocrx_word' id='word_1_522' title='bbox 1948 3472 1968 3527; x_wconf 76' lang='lat'><strong>,‘</strong></span> <span class='ocrx_word' id='word_1_523' title='bbox 1992 3475 2092 3516; x_wconf 91' lang='lat' dir='ltr'><strong>nec</strong></span> 
     </span>
    </p>
   </div>
   <div class='ocr_carea' id='block_1_65' title="bbox 516 3551 2089 3621">
    <p class='ocr_par' dir='ltr' id='par_1_65' title="bbox 516 3551 2089 3621">
     <span class='ocr_line' id='line_1_65' title="bbox 516 3551 2089 3621; baseline 0.002 -15"><span class='ocrx_word' id='word_1_524' title='bbox 516 3561 786 3621; x_wconf 89' lang='lat' dir='ltr'><strong>tempore,</strong></span> <span class='ocrx_word' id='word_1_525' title='bbox 819 3567 917 3606; x_wconf 91' lang='lat' dir='ltr'><strong>nec</strong></span> <span class='ocrx_word' id='word_1_526' title='bbox 964 3560 1177 3616; x_wconf 87' lang='lat' dir='ltr'><strong>natura,</strong></span> <span class='ocrx_word' id='word_1_527' title='bbox 1213 3566 1315 3606; x_wconf 90' lang='lat' dir='ltr'><strong>nec</strong></span> <span class='ocrx_word' id='word_1_528' title='bbox 1342 3551 1490 3606; x_wconf 90' lang='lat' dir='ltr'><strong>cultu</strong></span> <span class='ocrx_word' id='word_1_529' title='bbox 1517 3560 1566 3607; x_wconf 89' lang='lat' dir='ltr'><strong>et</strong></span> <span class='ocrx_word' id='word_1_530' title='bbox 1591 3553 1945 3610; x_wconf 80' lang='lat' dir='ltr'><strong>veneratione</strong></span> <span class='ocrx_word' id='word_1_531' title='bbox 1974 3554 2089 3610; x_wconf 83' lang='lat' dir='ltr'><strong>dis-</strong></span> 
     </span>
    </p>
   </div>
   <div class='ocr_carea' id='block_1_66' title="bbox 516 3628 2090 3714">
    <p class='ocr_par' dir='ltr' id='par_1_66' title="bbox 516 3628 2090 3714">
     <span class='ocr_line' id='line_1_66' title="bbox 516 3628 2090 3714; baseline 0.003 -19"><span class='ocrx_word' id='word_1_532' title='bbox 516 3644 714 3708; x_wconf 90' lang='lat' dir='ltr'><strong>tincta,</strong></span> <span class='ocrx_word' id='word_1_533' title='bbox 751 3659 916 3697; x_wconf 91' lang='lat' dir='ltr'><strong>unum</strong></span> <span class='ocrx_word' id='word_1_534' title='bbox 971 3642 1183 3698; x_wconf 88' lang='lat' dir='ltr'><strong>divisim</strong></span> <span class='ocrx_word' id='word_1_535' title='bbox 1234 3628 1554 3699; x_wconf 69' lang='lat' dir='ltr'><strong>exsistentia</strong></span> <span class='ocrx_word' id='word_1_536' title='bbox 1584 3682 1601 3711; x_wconf 92' lang='lat'><strong>,</strong></span> <span class='ocrx_word' id='word_1_537' title='bbox 1644 3653 1701 3699; x_wconf 89' lang='lat' dir='ltr'><strong>et</strong></span> <span class='ocrx_word' id='word_1_538' title='bbox 1761 3643 2090 3714; x_wconf 89' lang='lat' dir='ltr'><strong>conjunctim</strong></span> 
     </span>
    </p>
   </div>
   <div class='ocr_carea' id='block_1_67' title="bbox 515 3734 2089 3805">
    <p class='ocr_par' dir='ltr' id='par_1_67' title="bbox 515 3734 2089 3805">
     <span class='ocr_line' id='line_1_67' title="bbox 515 3734 2089 3805; baseline 0.003 -16"><span class='ocrx_word' id='word_1_539' title='bbox 515 3735 687 3790; x_wconf 88' lang='lat' dir='ltr'><strong>divisa</strong></span> <span class='ocrx_word' id='word_1_540' title='bbox 717 3734 888 3804; x_wconf 89' lang='lat' dir='ltr'><strong>(dictu</strong></span> <span class='ocrx_word' id='word_1_541' title='bbox 929 3735 1057 3790; x_wconf 91' lang='lat' dir='ltr'><strong>licet</strong></span> <span class='ocrx_word' id='word_1_542' title='bbox 1088 3735 1348 3805; x_wconf 89' lang='lat' dir='ltr'><strong>mirum),</strong></span> <span class='ocrx_word' id='word_1_543' title='bbox 1375 3750 1481 3791; x_wconf 91' lang='lat' dir='ltr'><strong>non</strong></span> <span class='ocrx_word' id='word_1_544' title='bbox 1521 3737 1703 3793; x_wconf 90' lang='lat' dir='ltr'><strong>minus</strong></span> <span class='ocrx_word' id='word_1_545' title='bbox 1748 3737 1817 3794; x_wconf 91' lang='lat' dir='ltr'><strong>ob</strong></span> <span class='ocrx_word' id='word_1_546' title='bbox 1866 3737 2089 3793; x_wconf 90' lang='lat' dir='ltr'><strong>relatio-</strong></span> 
     </span>
    </p>
   </div>
   <div class='ocr_carea' id='block_1_68' title="bbox 516 3827 2091 3903">
    <p class='ocr_par' dir='ltr' id='par_1_68' title="bbox 516 3827 2091 3903">
     <span class='ocr_line' id='line_1_68' title="bbox 516 3827 2091 3903; baseline 0.005 -22"><span class='ocrx_word' id='word_1_547' title='bbox 516 3842 662 3890; x_wconf 79' lang='lat' dir='ltr'><strong>nem,</strong></span> <span class='ocrx_word' id='word_1_548' title='bbox 700 3843 863 3898; x_wconf 89' lang='lat' dir='ltr'><strong>quam</strong></span> <span class='ocrx_word' id='word_1_549' title='bbox 897 3827 1039 3882; x_wconf 89' lang='lat' dir='ltr'><strong>inter</strong></span> <span class='ocrx_word' id='word_1_550' title='bbox 1070 3842 1129 3883; x_wconf 90' lang='lat' dir='ltr'><strong>se</strong></span> <span class='ocrx_word' id='word_1_551' title='bbox 1180 3828 1377 3883; x_wconf 87' lang='lat' dir='ltr'><strong>habent</strong></span> <span class='ocrx_word' id='word_1_552' title='bbox 1408 3868 1423 3893; x_wconf 92' lang='lat'><strong>,</strong></span> <span class='ocrx_word' id='word_1_553' title='bbox 1458 3829 1727 3885; x_wconf 85' lang='lat' dir='ltr'><strong>laudanda</strong></span> <span class='ocrx_word' id='word_1_554' title='bbox 1756 3871 1771 3896; x_wconf 95' lang='lat'><strong>,</strong></span> <span class='ocrx_word' id='word_1_555' title='bbox 1826 3848 1989 3903; x_wconf 83' lang='lat' dir='ltr'><strong>quam</strong></span> <span class='ocrx_word' id='word_1_556' title='bbox 2045 3834 2091 3889; x_wconf 86' lang='lat' dir='ltr'><strong>si</strong></span> 
     </span>
    </p>
   </div>
   <div class='ocr_carea' id='block_1_69' title="bbox 514 3922 2091 3992">
    <p class='ocr_par' dir='ltr' id='par_1_69' title="bbox 514 3922 2091 3992">
     <span class='ocr_line' id='line_1_69' title="bbox 514 3922 2091 3992; baseline 0.004 -19"><span class='ocrx_word' id='word_1_557' title='bbox 514 3922 936 3989; x_wconf 85' lang='lat' dir='ltr'><strong>unumquodque</strong></span> <span class='ocrx_word' id='word_1_558' title='bbox 964 3936 1058 3990; x_wconf 90' lang='lat' dir='ltr'><strong>per</strong></span> <span class='ocrx_word' id='word_1_559' title='bbox 1099 3937 1158 3975; x_wconf 90' lang='lat' dir='ltr'><strong>se</strong></span> <span class='ocrx_word' id='word_1_560' title='bbox 1206 3922 1457 3988; x_wconf 79' lang='lat' dir='ltr'><strong>privatim</strong></span> <span class='ocrx_word' id='word_1_561' title='bbox 1497 3933 1776 3992; x_wconf 90' lang='lat' dir='ltr'><strong>acceptum</strong></span> <span class='ocrx_word' id='word_1_562' title='bbox 1827 3934 1882 3979; x_wconf 92' lang='lat' dir='ltr'><strong>et</strong></span> <span class='ocrx_word' id='word_1_563' title='bbox 1934 3925 2091 3979; x_wconf 83' lang='lat' dir='ltr'><strong>intel-</strong></span> 
     </span>
    </p>
   </div>
   <div class='ocr_carea' id='block_1_70' title="bbox 515 4011 2094 4084">
    <p class='ocr_par' dir='ltr' id='par_1_70' title="bbox 515 4011 2094 4084">
     <span class='ocr_line' id='line_1_70' title="bbox 515 4011 2094 4084; baseline 0.005 -19"><span class='ocrx_word' id='word_1_564' title='bbox 515 4011 713 4066; x_wconf 88' lang='lat' dir='ltr'><strong>lectum</strong></span> <span class='ocrx_word' id='word_1_565' title='bbox 744 4021 891 4066; x_wconf 89' lang='lat' dir='ltr'><strong>esset</strong></span> <span class='ocrx_word' id='word_1_566' title='bbox 924 4030 937 4065; x_wconf 89' lang='lat'><strong>:</strong></span> <span class='ocrx_word' id='word_1_567' title='bbox 980 4015 1280 4082; x_wconf 83' lang='lat' dir='ltr'><strong>perfectam</strong></span> <span class='ocrx_word' id='word_1_568' title='bbox 1318 4028 1384 4068; x_wconf 80' lang='lat' dir='ltr'><strong>ex</strong></span> <span class='ocrx_word' id='word_1_569' title='bbox 1421 4014 1593 4069; x_wconf 90' lang='lat' dir='ltr'><strong>tribus</strong></span> <span class='ocrx_word' id='word_1_570' title='bbox 1624 4015 1881 4084; x_wconf 80' lang='lat' dir='ltr'><strong>perfectis</strong></span> <span class='ocrx_word' id='word_1_571' title='bbox 1909 4017 2094 4073; x_wconf 88' lang='lat' dir='ltr'><strong>Trini-</strong></span> 
     </span>
    </p>
   </div>
   <div class='ocr_carea' id='block_1_71' title="bbox 516 4101 2093 4172">
    <p class='ocr_par' dir='ltr' id='par_1_71' title="bbox 516 4101 2093 4172">
     <span class='ocr_line' id='line_1_71' title="bbox 516 4101 2093 4172; baseline 0.006 -17"><span class='ocrx_word' id='word_1_572' title='bbox 516 4111 721 4168; x_wconf 89' lang='lat' dir='ltr'><strong>tatem,</strong></span> <span class='ocrx_word' id='word_1_573' title='bbox 749 4101 958 4156; x_wconf 90' lang='lat' dir='ltr'><strong>unitate</strong></span> <span class='ocrx_word' id='word_1_574' title='bbox 994 4102 1214 4171; x_wconf 85' lang='lat' dir='ltr'><strong>quidem</strong></span> <span class='ocrx_word' id='word_1_575' title='bbox 1267 4105 1336 4158; x_wconf 93' lang='lat' dir='ltr'><strong>ob</strong></span> <span class='ocrx_word' id='word_1_576' title='bbox 1388 4105 1608 4160; x_wconf 87' lang='lat' dir='ltr'><strong>divitias</strong></span> <span class='ocrx_word' id='word_1_577' title='bbox 1655 4116 1803 4161; x_wconf 90' lang='lat' dir='ltr'><strong>mota</strong></span> <span class='ocrx_word' id='word_1_578' title='bbox 1826 4145 1843 4172; x_wconf 94' lang='lat'><strong>,</strong></span> <span class='ocrx_word' id='word_1_579' title='bbox 1875 4107 2093 4165; x_wconf 91' lang='lat' dir='ltr'><strong>binario</strong></span> 
     </span>
    </p>
   </div>
   <div class='ocr_carea' id='block_1_72' title="bbox 513 4197 2093 4268">
    <p class='ocr_par' dir='ltr' id='par_1_72' title="bbox 513 4197 2093 4268">
     <span class='ocr_line' id='line_1_72' title="bbox 513 4197 2093 4268; baseline 0.005 -21"><span class='ocrx_word' id='word_1_580' title='bbox 513 4204 696 4249; x_wconf 83' lang='lat' dir='ltr'><strong>autem</strong></span> <span class='ocrx_word' id='word_1_581' title='bbox 728 4203 981 4263; x_wconf 88' lang='lat' dir='ltr'><strong>superato</strong></span> <span class='ocrx_word' id='word_1_582' title='bbox 1006 4234 1022 4260; x_wconf 95' lang='lat'><strong>,</strong></span> <span class='ocrx_word' id='word_1_583' title='bbox 1063 4202 1345 4264; x_wconf 86' lang='lat' dir='ltr'><strong>propterea</strong></span> <span class='ocrx_word' id='word_1_584' title='bbox 1383 4197 1528 4261; x_wconf 89' lang='lat' dir='ltr'><strong>quod</strong></span> <span class='ocrx_word' id='word_1_585' title='bbox 1565 4197 1739 4253; x_wconf 87' lang='lat' dir='ltr'><strong>deitas</strong></span> <span class='ocrx_word' id='word_1_586' title='bbox 1771 4212 1932 4268; x_wconf 90' lang='lat' dir='ltr'><strong>supra</strong></span> <span class='ocrx_word' id='word_1_587' title='bbox 1974 4214 2093 4254; x_wconf 88' lang='lat' dir='ltr'><strong>ma-</strong></span> 
     </span>
    </p>
   </div>
   <div class='ocr_carea' id='block_1_73' title="bbox 516 4287 2089 4361">
    <p class='ocr_par' dir='ltr' id='par_1_73' title="bbox 516 4287 2089 4361">
     <span class='ocr_line' id='line_1_73' title="bbox 516 4287 2089 4361; baseline 0.003 -19"><span class='ocrx_word' id='word_1_588' title='bbox 516 4289 708 4345; x_wconf 90' lang='lat' dir='ltr'><strong>teriam</strong></span> <span class='ocrx_word' id='word_1_589' title='bbox 741 4297 795 4342; x_wconf 89' lang='lat' dir='ltr'><strong>et</strong></span> <span class='ocrx_word' id='word_1_590' title='bbox 836 4287 1067 4342; x_wconf 83' lang='lat' dir='ltr'><strong>fortnam</strong></span> <span class='ocrx_word' id='word_1_591' title='bbox 1093 4290 1196 4350; x_wconf 88' lang='lat' dir='ltr'><strong>sit,</strong></span> <span class='ocrx_word' id='word_1_592' title='bbox 1232 4302 1299 4343; x_wconf 89' lang='lat' dir='ltr'><strong>ex</strong></span> <span class='ocrx_word' id='word_1_593' title='bbox 1324 4289 1525 4356; x_wconf 88' lang='lat' dir='ltr'><strong>quibus</strong></span> <span class='ocrx_word' id='word_1_594' title='bbox 1551 4304 1782 4361; x_wconf 88' lang='lat' dir='ltr'><strong>corpora</strong></span> <span class='ocrx_word' id='word_1_595' title='bbox 1807 4300 2089 4355; x_wconf 89' lang='lat' dir='ltr'><strong>constant,</strong></span> 
     </span>
    </p>
   </div>
   <div class='ocr_carea' id='block_1_74' title="bbox 514 4380 2090 4455">
    <p class='ocr_par' dir='ltr' id='par_1_74' title="bbox 514 4380 2090 4455">
     <span class='ocr_line' id='line_1_74' title="bbox 514 4380 2090 4455; baseline 0.002 -18"><span class='ocrx_word' id='word_1_596' title='bbox 514 4381 785 4437; x_wconf 84' lang='lat' dir='ltr'><strong>Triuitate</strong></span> <span class='ocrx_word' id='word_1_597' title='bbox 820 4396 947 4434; x_wconf 93' lang='lat' dir='ltr'><strong>vero</strong></span> <span class='ocrx_word' id='word_1_598' title='bbox 981 4389 1201 4451; x_wconf 87' lang='lat' dir='ltr'><strong>propter</strong></span> <span class='ocrx_word' id='word_1_599' title='bbox 1244 4380 1637 4451; x_wconf 81' lang='lat' dir='ltr'><strong>perfectionem</strong></span> <span class='ocrx_word' id='word_1_600' title='bbox 1684 4382 1903 4438; x_wconf 86' lang='lat' dir='ltr'><strong>definita</strong></span> <span class='ocrx_word' id='word_1_601' title='bbox 1951 4383 2090 4455; x_wconf 72' lang='lat' dir='ltr'><strong>(htec</strong></span> 
     </span>
    </p>
   </div>
   <div class='ocr_carea' id='block_1_75' title="bbox 2194 3190 3777 3269">
    <p class='ocr_par' dir='ltr' id='par_1_75' title="bbox 2194 3190 3777 3269">
     <span class='ocr_line' id='line_1_75' title="bbox 2194 3190 3777 3269; baseline 0.003 -24"><span class='ocrx_word' id='word_1_602' title='bbox 2194 3192 2289 3245; x_wconf 70' lang='lat' dir='ltr'><strong>acati.</strong></span> <span class='ocrx_word' id='word_1_603' title='bbox 2318 3190 2639 3264; x_wconf 74' lang='grc' dir='ltr'>ἀχώριστον,</span> <span class='ocrx_word' id='word_1_604' title='bbox 2686 3192 2782 3246; x_wconf 74' lang='grc' dir='ltr'>καὶ</span> <span class='ocrx_word' id='word_1_605' title='bbox 2824 3191 3095 3264; x_wconf 82' lang='grc' dir='ltr'>ἀόριστον,</span> <span class='ocrx_word' id='word_1_606' title='bbox 3150 3198 3250 3266; x_wconf 78' lang='grc' dir='ltr'>τήν</span> <span class='ocrx_word' id='word_1_607' title='bbox 3289 3213 3349 3249; x_wconf 90' lang='grc' dir='ltr'><strong>τε</strong></span> <span class='ocrx_word' id='word_1_608' title='bbox 3393 3198 3580 3269; x_wconf 78' lang='grc' dir='ltr'>ἀρχὴν</span> <span class='ocrx_word' id='word_1_609' title='bbox 3615 3198 3777 3268; x_wconf 77' lang='grc' dir='ltr'>τιμῶ,</span> 
     </span>
    </p>
   </div>
   <div class='ocr_carea' id='block_1_76' title="bbox 2194 3283 3780 3359">
    <p class='ocr_par' dir='ltr' id='par_1_76' title="bbox 2194 3283 3780 3359">
     <span class='ocr_line' id='line_1_76' title="bbox 2194 3283 3780 3359; baseline 0.003 -21"><span class='ocrx_word' id='word_1_610' title='bbox 2194 3283 2288 3338; x_wconf 74' lang='grc' dir='ltr'><strong>καὶ</strong></span> <span class='ocrx_word' id='word_1_611' title='bbox 2328 3284 2401 3337; x_wconf 78' lang='grc' dir='ltr'>τὰ</span> <span class='ocrx_word' id='word_1_612' title='bbox 2431 3284 2496 3336; x_wconf 81' lang='grc' dir='ltr'>ὲκ</span> <span class='ocrx_word' id='word_1_613' title='bbox 2517 3283 2617 3353; x_wconf 79' lang='grc' dir='ltr'>τῆς</span> <span class='ocrx_word' id='word_1_614' title='bbox 2646 3283 2823 3354; x_wconf 78' lang='grc' dir='ltr'>ἀρχῆς</span> <span class='ocrx_word' id='word_1_615' title='bbox 2850 3285 3047 3358; x_wconf 80' lang='grc' dir='ltr'>ἐπίσης</span> <span class='ocrx_word' id='word_1_616' title='bbox 3069 3302 3083 3315; x_wconf 74' lang='grc' dir='ltr'><strong><em>ο</em></strong></span> <span class='ocrx_word' id='word_1_617' title='bbox 3126 3286 3223 3357; x_wconf 79' lang='grc' dir='ltr'><strong>τὴν</strong></span> <span class='ocrx_word' id='word_1_618' title='bbox 3256 3287 3377 3359; x_wconf 79' lang='grc' dir='ltr'>μὲν,</span> <span class='ocrx_word' id='word_1_619' title='bbox 3409 3289 3497 3342; x_wconf 80' lang='grc' dir='ltr'>ὅτι</span> <span class='ocrx_word' id='word_1_620' title='bbox 3530 3290 3780 3343; x_wconf 78' lang='grc' dir='ltr'>τοιούτων</span> 
     </span>
    </p>
   </div>
   <div class='ocr_carea' id='block_1_77' title="bbox 2191 3375 3779 3451">
    <p class='ocr_par' dir='ltr' id='par_1_77' title="bbox 2191 3375 3779 3451">
     <span class='ocr_line' id='line_1_77' title="bbox 2191 3375 3779 3451; baseline 0.003 -20"><span class='ocrx_word' id='word_1_621' title='bbox 2191 3377 2334 3449; x_wconf 85' lang='grc' dir='ltr'>ἀρχὴ</span> <span class='ocrx_word' id='word_1_622' title='bbox 2358 3393 2371 3405; x_wconf 90' lang='grc'><strong>·</strong></span> <span class='ocrx_word' id='word_1_623' title='bbox 2394 3376 2461 3430; x_wconf 77' lang='grc' dir='ltr'><strong>τά</strong></span> <span class='ocrx_word' id='word_1_624' title='bbox 2480 3376 2556 3437; x_wconf 86' lang='grc' dir='ltr'><strong>δὲ,</strong></span> <span class='ocrx_word' id='word_1_625' title='bbox 2590 3377 2670 3429; x_wconf 78' lang='grc' dir='ltr'><strong>ὅτι</strong></span> <span class='ocrx_word' id='word_1_626' title='bbox 2698 3375 2870 3442; x_wconf 73' lang='grc' dir='ltr'>οὕτως</span> <span class='ocrx_word' id='word_1_627' title='bbox 2895 3379 2989 3431; x_wconf 76' lang='grc' dir='ltr'><strong>καὶ</strong></span> <span class='ocrx_word' id='word_1_628' title='bbox 3009 3378 3251 3442; x_wconf 81' lang='grc' dir='ltr'>τοιαῦτα,</span> <span class='ocrx_word' id='word_1_629' title='bbox 3285 3382 3381 3434; x_wconf 74' lang='grc' dir='ltr'><strong>καὶ</strong></span> <span class='ocrx_word' id='word_1_630' title='bbox 3407 3381 3476 3434; x_wconf 77' lang='grc' dir='ltr'><strong>ἐκ</strong></span> <span class='ocrx_word' id='word_1_631' title='bbox 3514 3382 3590 3451; x_wconf 87' lang='lat'><strong>(9)</strong></span> <span class='ocrx_word' id='word_1_632' title='bbox 3605 3380 3779 3435; x_wconf 76' lang='grc' dir='ltr'>τοιούο</span> 
     </span>
    </p>
   </div>
   <div class='ocr_carea' id='block_1_78' title="bbox 2193 3467 3781 3543">
    <p class='ocr_par' dir='ltr' id='par_1_78' title="bbox 2193 3467 3781 3543">
     <span class='ocr_line' id='line_1_78' title="bbox 2193 3467 3781 3543; baseline 0.003 -21"><span class='ocrx_word' id='word_1_633' title='bbox 2193 3486 2309 3529; x_wconf 88' lang='grc' dir='ltr'>του,</span> <span class='ocrx_word' id='word_1_634' title='bbox 2341 3469 2475 3539; x_wconf 86' lang='grc' dir='ltr'>μήτε</span> <span class='ocrx_word' id='word_1_635' title='bbox 2509 3467 2587 3538; x_wconf 80' lang='grc' dir='ltr'><strong>τῷ</strong></span> <span class='ocrx_word' id='word_1_636' title='bbox 2613 3467 2761 3527; x_wconf 77' lang='grc' dir='ltr'>ποτὲ.</span> <span class='ocrx_word' id='word_1_637' title='bbox 2808 3470 2944 3540; x_wconf 83' lang='grc' dir='ltr'>μήτε</span> <span class='ocrx_word' id='word_1_638' title='bbox 2975 3471 3039 3541; x_wconf 81' lang='grc' dir='ltr'>τῇ</span> <span class='ocrx_word' id='word_1_639' title='bbox 3083 3469 3262 3539; x_wconf 83' lang='grc' dir='ltr'>φύσει,</span> <span class='ocrx_word' id='word_1_640' title='bbox 3305 3472 3446 3543; x_wconf 84' lang='grc' dir='ltr'>μήτε</span> <span class='ocrx_word' id='word_1_641' title='bbox 3478 3472 3556 3536; x_wconf 77' lang='grc' dir='ltr'>τῷ</span> <span class='ocrx_word' id='word_1_642' title='bbox 3604 3472 3781 3543; x_wconf 80' lang='grc' dir='ltr'>σεπτῷ</span> 
     </span>
    </p>
   </div>
   <div class='ocr_carea' id='block_1_79' title="bbox 2192 3560 3782 3637">
    <p class='ocr_par' dir='ltr' id='par_1_79' title="bbox 2192 3560 3782 3637">
     <span class='ocr_line' id='line_1_79' title="bbox 2192 3560 3782 3637; baseline 0.004 -23"><span class='ocrx_word' id='word_1_643' title='bbox 2192 3560 2570 3633; x_wconf 82' lang='grc' dir='ltr'>διειργόμενα·</span> <span class='ocrx_word' id='word_1_644' title='bbox 2619 3560 2677 3612; x_wconf 86' lang='grc' dir='ltr'>ἓν</span> <span class='ocrx_word' id='word_1_645' title='bbox 2710 3560 2840 3613; x_wconf 70' lang='grc' dir='ltr'>ὄντα</span> <span class='ocrx_word' id='word_1_646' title='bbox 2881 3562 3249 3633; x_wconf 74' lang='grc' dir='ltr'>διῃρημένως,</span> <span class='ocrx_word' id='word_1_647' title='bbox 3300 3565 3397 3617; x_wconf 78' lang='grc' dir='ltr'><strong>καὶ</strong></span> <span class='ocrx_word' id='word_1_648' title='bbox 3433 3565 3782 3637; x_wconf 79' lang='grc' dir='ltr'>διαιρούμενα</span> 
     </span>
    </p>
   </div>
   <div class='ocr_carea' id='block_1_80' title="bbox 2196 3653 3781 3731">
    <p class='ocr_par' dir='ltr' id='par_1_80' title="bbox 2196 3653 3781 3731">
     <span class='ocr_line' id='line_1_80' title="bbox 2196 3653 3781 3731; baseline 0.004 -25"><span class='ocrx_word' id='word_1_649' title='bbox 2196 3654 2575 3725; x_wconf 76' lang='grc' dir='ltr'>συνημμένως,</span> <span class='ocrx_word' id='word_1_650' title='bbox 2606 3654 2655 3705; x_wconf 86' lang='grc' dir='ltr'><strong>εί</strong></span> <span class='ocrx_word' id='word_1_651' title='bbox 2684 3653 2777 3706; x_wconf 77' lang='grc' dir='ltr'>καὶ</span> <span class='ocrx_word' id='word_1_652' title='bbox 2810 3654 3110 3724; x_wconf 77' lang='grc' dir='ltr'>παράδοξον</span> <span class='ocrx_word' id='word_1_653' title='bbox 3138 3655 3294 3709; x_wconf 78' lang='grc' dir='ltr'>τοῦτο</span> <span class='ocrx_word' id='word_1_654' title='bbox 3308 3659 3491 3711; x_wconf 85' lang='grc' dir='ltr'>εἰπεῖν</span> <span class='ocrx_word' id='word_1_655' title='bbox 3511 3675 3524 3687; x_wconf 81' lang='lat'><strong><em>°</em></strong></span> <span class='ocrx_word' id='word_1_656' title='bbox 3555 3660 3655 3729; x_wconf 73' lang='grc' dir='ltr'><strong>οὐχ</strong></span> <span class='ocrx_word' id='word_1_657' title='bbox 3682 3654 3781 3731; x_wconf 62' lang='grc' dir='ltr'><strong>ἦτ’</strong></span> 
     </span>
    </p>
   </div>
   <div class='ocr_carea' id='block_1_81' title="bbox 2192 3743 3782 3821">
    <p class='ocr_par' dir='ltr' id='par_1_81' title="bbox 2192 3743 3782 3821">
     <span class='ocr_line' id='line_1_81' title="bbox 2192 3743 3782 3821; baseline 0.003 -23"><span class='ocrx_word' id='word_1_658' title='bbox 2192 3763 2285 3799; x_wconf 85' lang='grc' dir='ltr'><strong>τον</strong></span> <span class='ocrx_word' id='word_1_659' title='bbox 2318 3743 2574 3799; x_wconf 79' lang='grc' dir='ltr'>ἐπαινετά</span> <span class='ocrx_word' id='word_1_660' title='bbox 2606 3745 2705 3815; x_wconf 77' lang='grc' dir='ltr'><strong>τῆς</strong></span> <span class='ocrx_word' id='word_1_661' title='bbox 2733 3744 2867 3815; x_wconf 82' lang='grc' dir='ltr'>πρὸς</span> <span class='ocrx_word' id='word_1_662' title='bbox 2898 3744 3102 3814; x_wconf 78' lang='grc' dir='ltr'>ἄλληλα</span> <span class='ocrx_word' id='word_1_663' title='bbox 3130 3748 3389 3817; x_wconf 83' lang='grc' dir='ltr'>σχέσεως,</span> <span class='ocrx_word' id='word_1_664' title='bbox 3443 3751 3479 3821; x_wconf 80' lang='grc' dir='ltr'>ἢ</span> <span class='ocrx_word' id='word_1_665' title='bbox 3516 3751 3642 3804; x_wconf 74' lang='grc' dir='ltr'><strong>καθ’</strong></span> <span class='ocrx_word' id='word_1_666' title='bbox 3669 3755 3782 3805; x_wconf 79' lang='grc' dir='ltr'>ἑαυ-</span> 
     </span>
    </p>
   </div>
   <div class='ocr_carea' id='block_1_82' title="bbox 2193 3836 3779 3915">
    <p class='ocr_par' dir='ltr' id='par_1_82' title="bbox 2193 3836 3779 3915">
     <span class='ocr_line' id='line_1_82' title="bbox 2193 3836 3779 3915; baseline 0.006 -25"><span class='ocrx_word' id='word_1_667' title='bbox 2193 3836 2254 3891; x_wconf 81' lang='grc' dir='ltr'><strong>τὸ</strong></span> <span class='ocrx_word' id='word_1_668' title='bbox 2283 3837 2512 3891; x_wconf 71' lang='grc' dir='ltr'>ἕκαστον</span> <span class='ocrx_word' id='word_1_669' title='bbox 2546 3836 2833 3908; x_wconf 74' lang='grc' dir='ltr'>νοούμενον</span> <span class='ocrx_word' id='word_1_670' title='bbox 2878 3854 2937 3890; x_wconf 89' lang='grc' dir='ltr'><strong>τε</strong></span> <span class='ocrx_word' id='word_1_671' title='bbox 2987 3840 3080 3892; x_wconf 72' lang='grc' dir='ltr'><strong>καὶ</strong></span> <span class='ocrx_word' id='word_1_672' title='bbox 3106 3839 3545 3913; x_wconf 76' lang='grc' dir='ltr'>λαμϐανόμενον.</span> <span class='ocrx_word' id='word_1_673' title='bbox 3578 3845 3779 3915; x_wconf 71' lang='grc' dir='ltr'>Τριάει</span> 
     </span>
    </p>
   </div>
   <div class='ocr_carea' id='block_1_83' title="bbox 2194 3928 3779 4008">
    <p class='ocr_par' dir='ltr' id='par_1_83' title="bbox 2194 3928 3779 4008">
     <span class='ocr_line' id='line_1_83' title="bbox 2194 3928 3779 4008; baseline 0.004 -26"><span class='ocrx_word' id='word_1_674' title='bbox 2194 3930 2407 3983; x_wconf 86' lang='grc' dir='ltr'>τελείαν</span> <span class='ocrx_word' id='word_1_675' title='bbox 2456 3932 2520 3983; x_wconf 80' lang='grc' dir='ltr'><strong>ὲκ</strong></span> <span class='ocrx_word' id='word_1_676' title='bbox 2564 3928 2783 3981; x_wconf 82' lang='grc' dir='ltr'>τελείων</span> <span class='ocrx_word' id='word_1_677' title='bbox 2813 3929 3000 4000; x_wconf 79' lang='grc' dir='ltr'>τριῶν,</span> <span class='ocrx_word' id='word_1_678' title='bbox 3045 3933 3273 4001; x_wconf 84' lang='grc' dir='ltr'>μονάδος</span> <span class='ocrx_word' id='word_1_679' title='bbox 3324 3934 3424 4004; x_wconf 86' lang='grc' dir='ltr'><strong>μὲν</strong></span> <span class='ocrx_word' id='word_1_680' title='bbox 3468 3936 3779 4008; x_wconf 60' lang='grc' dir='ltr'>κινηθείσης</span> 
     </span>
    </p>
   </div>
   <div class='ocr_carea' id='block_1_84' title="bbox 2192 4018 3776 4097">
    <p class='ocr_par' dir='ltr' id='par_1_84' title="bbox 2192 4018 3776 4097">
     <span class='ocr_line' id='line_1_84' title="bbox 2192 4018 3776 4097; baseline 0.004 -24"><span class='ocrx_word' id='word_1_681' title='bbox 2192 4020 2281 4073; x_wconf 81' lang='grc' dir='ltr'><strong>διά</strong></span> <span class='ocrx_word' id='word_1_682' title='bbox 2316 4020 2378 4073; x_wconf 85' lang='grc' dir='ltr'><strong>τὸ</strong></span> <span class='ocrx_word' id='word_1_683' title='bbox 2407 4018 2683 4081; x_wconf 86' lang='grc' dir='ltr'>πλούσιον,</span> <span class='ocrx_word' id='word_1_684' title='bbox 2727 4018 2917 4083; x_wconf 83' lang='grc' dir='ltr'>δυάδος</span> <span class='ocrx_word' id='word_1_685' title='bbox 2949 4020 3005 4073; x_wconf 84' lang='grc' dir='ltr'>δὲ</span> <span class='ocrx_word' id='word_1_686' title='bbox 3040 4022 3447 4094; x_wconf 77' lang='grc' dir='ltr'>ύπερὸαθείσης</span> <span class='ocrx_word' id='word_1_687' title='bbox 3476 4026 3593 4094; x_wconf 75' lang='grc'><strong>(10)</strong></span> <span class='ocrx_word' id='word_1_688' title='bbox 3625 4024 3776 4097; x_wconf 69' lang='grc' dir='ltr'>(ὑπὲρ</span> 
     </span>
    </p>
   </div>
   <div class='ocr_carea' id='block_1_85' title="bbox 2194 4108 3779 4187">
    <p class='ocr_par' dir='ltr' id='par_1_85' title="bbox 2194 4108 3779 4187">
     <span class='ocr_line' id='line_1_85' title="bbox 2194 4108 3779 4187; baseline -0.006 -20"><span class='ocrx_word' id='word_1_689' title='bbox 2194 4113 2303 4185; x_wconf 86' lang='grc' dir='ltr'>γὰρ</span> <span class='ocrx_word' id='word_1_690' title='bbox 2340 4112 2436 4184; x_wconf 82' lang='grc' dir='ltr'><strong>τὴν</strong></span> <span class='ocrx_word' id='word_1_691' title='bbox 2461 4112 2592 4183; x_wconf 76' lang='grc' dir='ltr'>ὓλην</span> <span class='ocrx_word' id='word_1_692' title='bbox 2620 4112 2715 4165; x_wconf 77' lang='grc' dir='ltr'><strong>καὶ</strong></span> <span class='ocrx_word' id='word_1_693' title='bbox 2741 4110 2799 4165; x_wconf 78' lang='grc' dir='ltr'>τὸ</span> <span class='ocrx_word' id='word_1_694' title='bbox 2826 4110 3008 4181; x_wconf 76' lang='grc' dir='ltr'>εἶδος),</span> <span class='ocrx_word' id='word_1_695' title='bbox 3040 4114 3101 4179; x_wconf 79' lang='grc' dir='ltr'>ἐξ</span> <span class='ocrx_word' id='word_1_696' title='bbox 3122 4108 3199 4169; x_wconf 83' lang='grc' dir='ltr'>ὧν</span> <span class='ocrx_word' id='word_1_697' title='bbox 3220 4114 3289 4169; x_wconf 75' lang='grc' dir='ltr'>τὰ</span> <span class='ocrx_word' id='word_1_698' title='bbox 3330 4116 3589 4187; x_wconf 82' lang='grc' dir='ltr'>σώματα,</span> <span class='ocrx_word' id='word_1_699' title='bbox 3620 4119 3779 4186; x_wconf 71' lang='grc' dir='ltr'><strong>Τριά.</strong></span> 
     </span>
    </p>
   </div>
   <div class='ocr_carea' id='block_1_86' title="bbox 2192 4203 3779 4283">
    <p class='ocr_par' dir='ltr' id='par_1_86' title="bbox 2192 4203 3779 4283">
     <span class='ocr_line' id='line_1_86' title="bbox 2192 4203 3779 4283; baseline 0.002 -23"><span class='ocrx_word' id='word_1_700' title='bbox 2192 4207 2282 4269; x_wconf 88' lang='grc' dir='ltr'><strong>δος</strong></span> <span class='ocrx_word' id='word_1_701' title='bbox 2319 4205 2375 4259; x_wconf 86' lang='grc' dir='ltr'><strong>δὲ</strong></span> <span class='ocrx_word' id='word_1_702' title='bbox 2406 4203 2717 4277; x_wconf 78' lang='grc' dir='ltr'>ὁρισθείσης</span> <span class='ocrx_word' id='word_1_703' title='bbox 2753 4204 2842 4258; x_wconf 81' lang='grc' dir='ltr'>διὰ</span> <span class='ocrx_word' id='word_1_704' title='bbox 2882 4206 2942 4259; x_wconf 81' lang='grc' dir='ltr'><strong>τὸ</strong></span> <span class='ocrx_word' id='word_1_705' title='bbox 2972 4207 3199 4270; x_wconf 82' lang='grc' dir='ltr'>τέλειον,</span> <span class='ocrx_word' id='word_1_706' title='bbox 3236 4208 3427 4281; x_wconf 84' lang='grc' dir='ltr'>πρώτη</span> <span class='ocrx_word' id='word_1_707' title='bbox 3477 4211 3589 4283; x_wconf 71' lang='grc' dir='ltr'>γὰρ</span> <span class='ocrx_word' id='word_1_708' title='bbox 3618 4213 3779 4283; x_wconf 62' lang='lat'><strong>61:59-</strong></span> 
     </span>
    </p>
   </div>
   <div class='ocr_carea' id='block_1_87' title="bbox 2195 4296 3785 4375">
    <p class='ocr_par' dir='ltr' id='par_1_87' title="bbox 2195 4296 3785 4375">
     <span class='ocr_line' id='line_1_87' title="bbox 2195 4296 3785 4375; baseline 0.003 -24"><span class='ocrx_word' id='word_1_709' title='bbox 2195 4298 2368 4351; x_wconf 83' lang='grc' dir='ltr'>ϐαίνει</span> <span class='ocrx_word' id='word_1_710' title='bbox 2413 4297 2603 4360; x_wconf 82' lang='grc' dir='ltr'>δυάδος</span> <span class='ocrx_word' id='word_1_711' title='bbox 2638 4296 2904 4362; x_wconf 82' lang='grc' dir='ltr'>σύνθεσιν,</span> <span class='ocrx_word' id='word_1_712' title='bbox 2943 4298 3030 4352; x_wconf 82' lang='grc' dir='ltr'><strong>ἵνα</strong></span> <span class='ocrx_word' id='word_1_713' title='bbox 3063 4301 3198 4371; x_wconf 79' lang='grc' dir='ltr'>μήτε</span> <span class='ocrx_word' id='word_1_714' title='bbox 3234 4301 3398 4373; x_wconf 84' lang='grc' dir='ltr'>στενὴ</span> <span class='ocrx_word' id='word_1_715' title='bbox 3439 4303 3581 4375; x_wconf 73' lang='grc' dir='ltr'>μένῃ</span> <span class='ocrx_word' id='word_1_716' title='bbox 3610 4305 3640 4372; x_wconf 83' lang='grc' dir='ltr'><strong>ἠ</strong></span> <span class='ocrx_word' id='word_1_717' title='bbox 3668 4304 3785 4356; x_wconf 79' lang='grc' dir='ltr'><strong>0εὸ-</strong></span> 
     </span>
    </p>
   </div>
   <div class='ocr_carea' id='block_1_88' title="bbox 2194 4388 3777 4467">
    <p class='ocr_par' dir='ltr' id='par_1_88' title="bbox 2194 4388 3777 4467">
     <span class='ocr_line' id='line_1_88' title="bbox 2194 4388 3777 4467; baseline 0.005 -28"><span class='ocrx_word' id='word_1_718' title='bbox 2194 4406 2313 4459; x_wconf 82' lang='grc' dir='ltr'>της,</span> <span class='ocrx_word' id='word_1_719' title='bbox 2337 4391 2469 4460; x_wconf 78' lang='grc' dir='ltr'>μήτε</span> <span class='ocrx_word' id='word_1_720' title='bbox 2499 4391 2578 4451; x_wconf 86' lang='grc' dir='ltr'>εἰς</span> <span class='ocrx_word' id='word_1_721' title='bbox 2605 4388 2827 4460; x_wconf 79' lang='grc' dir='ltr'>ἄπειρον</span> <span class='ocrx_word' id='word_1_722' title='bbox 2848 4389 3062 4461; x_wconf 80' lang='grc' dir='ltr'>χέηται.</span> <span class='ocrx_word' id='word_1_723' title='bbox 3086 4393 3159 4446; x_wconf 80' lang='grc' dir='ltr'><strong>Τὸ</strong></span> <span class='ocrx_word' id='word_1_724' title='bbox 3182 4394 3282 4463; x_wconf 84' lang='grc' dir='ltr'>μὲν</span> <span class='ocrx_word' id='word_1_725' title='bbox 3310 4395 3420 4467; x_wconf 83' lang='grc' dir='ltr'><strong>γάρ</strong></span> <span class='ocrx_word' id='word_1_726' title='bbox 3444 4397 3777 4466; x_wconf 62' lang='grc' dir='ltr'>ἀφιλότιμον,</span> 
     </span>
    </p>
   </div>
   <div class='ocr_carea' id='block_1_89' title="bbox 514 4460 2088 4554">
    <p class='ocr_par' dir='ltr' id='par_1_89' title="bbox 514 4472 2085 4546">
     <span class='ocr_line' id='line_1_89' title="bbox 514 4472 2085 4546; baseline 0.001 -16"><span class='ocrx_word' id='word_1_727' title='bbox 514 4475 658 4530; x_wconf 88' lang='lat' dir='ltr'><strong>enim</strong></span> <span class='ocrx_word' id='word_1_728' title='bbox 690 4475 862 4544; x_wconf 83' lang='lat' dir='ltr'><strong>prima</strong></span> <span class='ocrx_word' id='word_1_729' title='bbox 891 4472 1086 4528; x_wconf 90' lang='lat' dir='ltr'><strong>binarii</strong></span> <span class='ocrx_word' id='word_1_730' title='bbox 1116 4474 1568 4543; x_wconf 90' lang='lat' dir='ltr'><strong>compositionem</strong></span> <span class='ocrx_word' id='word_1_731' title='bbox 1595 4476 1861 4546; x_wconf 75' lang='lat' dir='ltr'><strong>superati,</strong></span> <span class='ocrx_word' id='word_1_732' title='bbox 1885 4483 1943 4529; x_wconf 91' lang='lat' dir='ltr'><strong>ut</strong></span> <span class='ocrx_word' id='word_1_733' title='bbox 1984 4492 2085 4531; x_wconf 90' lang='lat' dir='ltr'><strong>nec</strong></span> 
     </span>
    </p>
   </div>
   <div class='ocr_carea' id='block_1_90' title="bbox 2197 4460 3781 4554">
    <p class='ocr_par' dir='ltr' id='par_1_90' title="bbox 2197 4480 3781 4554">
     <span class='ocr_line' id='line_1_90' title="bbox 2197 4480 3781 4554; baseline 0.006 -21"><span class='ocrx_word' id='word_1_734' title='bbox 2197 4480 2253 4533; x_wconf 82' lang='grc' dir='ltr'><strong>τὸ</strong></span> <span class='ocrx_word' id='word_1_735' title='bbox 2285 4481 2341 4534; x_wconf 79' lang='grc' dir='ltr'>δὲ</span> <span class='ocrx_word' id='word_1_736' title='bbox 2375 4482 2639 4535; x_wconf 75' lang='grc' dir='ltr'>ἄτακτονο</span> <span class='ocrx_word' id='word_1_737' title='bbox 2688 4481 2785 4535; x_wconf 69' lang='grc' dir='ltr'><strong>καὶ</strong></span> <span class='ocrx_word' id='word_1_738' title='bbox 2818 4483 2878 4535; x_wconf 81' lang='grc' dir='ltr'><strong>τὸ</strong></span> <span class='ocrx_word' id='word_1_739' title='bbox 2923 4484 3022 4553; x_wconf 83' lang='grc' dir='ltr'><strong>μὲν</strong></span> <span class='ocrx_word' id='word_1_740' title='bbox 3068 4486 3356 4541; x_wconf 76' lang='grc' dir='ltr'>Ἰουδαϊκὸν</span> <span class='ocrx_word' id='word_1_741' title='bbox 3393 4489 3696 4554; x_wconf 71' lang='grc' dir='ltr'>παντελῶς,</span> <span class='ocrx_word' id='word_1_742' title='bbox 3724 4491 3781 4542; x_wconf 80' lang='grc' dir='ltr'>τὸ</span> 
     </span>
    </p>
   </div>
   <div class='ocr_carea' id='block_1_91' title="bbox 512 4567 2087 4637">
    <p class='ocr_par' dir='ltr' id='par_1_91' title="bbox 512 4567 2087 4637">
     <span class='ocr_line' id='line_1_91' title="bbox 512 4567 2087 4637; baseline 0.002 -16"><span class='ocrx_word' id='word_1_743' title='bbox 512 4567 684 4622; x_wconf 82' lang='lat' dir='ltr'><strong>deitas</strong></span> <span class='ocrx_word' id='word_1_744' title='bbox 716 4574 942 4637; x_wconf 84' lang='lat' dir='ltr'><strong>angusta</strong></span> <span class='ocrx_word' id='word_1_745' title='bbox 985 4575 1238 4632; x_wconf 88' lang='lat' dir='ltr'><strong>maneat,</strong></span> <span class='ocrx_word' id='word_1_746' title='bbox 1281 4582 1380 4622; x_wconf 87' lang='lat' dir='ltr'><strong>nec</strong></span> <span class='ocrx_word' id='word_1_747' title='bbox 1426 4568 1479 4621; x_wconf 91' lang='lat' dir='ltr'><strong>in</strong></span> <span class='ocrx_word' id='word_1_748' title='bbox 1515 4567 1787 4623; x_wconf 88' lang='lat' dir='ltr'><strong>infinitum</strong></span> <span class='ocrx_word' id='word_1_749' title='bbox 1815 4567 2087 4624; x_wconf 86' lang='lat' dir='ltr'><strong>diffunda-</strong></span> 
     </span>
    </p>
   </div>
   <div class='ocr_carea' id='block_1_92' title="bbox 581 4765 2084 4839">
    <p class='ocr_par' dir='ltr' id='par_1_92' title="bbox 581 4765 2084 4839">
     <span class='ocr_line' id='line_1_92' title="bbox 581 4765 2084 4839; baseline 0.004 -19"><span class='ocrx_word' id='word_1_750' title='bbox 581 4767 661 4839; x_wconf 78' lang='grc'><strong>(5)</strong></span> <span class='ocrx_word' id='word_1_751' title='bbox 711 4765 986 4837; x_wconf 65' lang='grc' dir='ltr'>Ἀγνίτας.</span> <span class='ocrx_word' id='word_1_752' title='bbox 1017 4767 1185 4834; x_wconf 78' lang='lat' dir='ltr'><strong>Regg.</strong></span> <span class='ocrx_word' id='word_1_753' title='bbox 1217 4766 1329 4832; x_wconf 85' lang='lat' dir='ltr'><strong>bm,</strong></span> <span class='ocrx_word' id='word_1_754' title='bbox 1361 4768 1452 4835; x_wconf 90' lang='lat' dir='ltr'><strong>hu,</strong></span> <span class='ocrx_word' id='word_1_755' title='bbox 1475 4769 1639 4825; x_wconf 83' lang='lat' dir='ltr'><strong>Coisl.</strong></span> <span class='ocrx_word' id='word_1_756' title='bbox 1673 4770 1724 4838; x_wconf 78' lang='grc'>1,</span> <span class='ocrx_word' id='word_1_757' title='bbox 1757 4770 1852 4828; x_wconf 88' lang='lat' dir='ltr'><strong>Or.</strong></span> <span class='ocrx_word' id='word_1_758' title='bbox 1874 4773 1925 4838; x_wconf 79' lang='grc'>1,</span> <span class='ocrx_word' id='word_1_759' title='bbox 1949 4770 2084 4839; x_wconf 79' lang='lat' dir='ltr'><strong>Jes.,</strong></span> 
     </span>
    </p>
   </div>
   <div class='ocr_carea' id='block_1_93' title="bbox 512 4838 1224 4903">
    <p class='ocr_par' dir='ltr' id='par_1_93' title="bbox 512 4838 1224 4903">
     <span class='ocr_line' id='line_1_93' title="bbox 512 4838 1224 4903; baseline -0.01 -8"><span class='ocrx_word' id='word_1_760' title='bbox 512 4838 767 4903; x_wconf 82' lang='grc' dir='ltr'>ἀνοίσεις,</span> <span class='ocrx_word' id='word_1_761' title='bbox 812 4856 832 4888; x_wconf 74' lang='grc' dir='ltr'><strong>ε</strong></span> <span class='ocrx_word' id='word_1_762' title='bbox 868 4842 1163 4900; x_wconf 72' lang='grc' dir='ltr'>ιΙσιιινοιιιθε.</span> <span class='ocrx_word' id='word_1_763' title='bbox 1206 4856 1224 4888; x_wconf 71' lang='grc' dir='ltr'><strong>ι</strong></span> 
     </span>
    </p>
   </div>
   <div class='ocr_carea' id='block_1_94' title="bbox 585 4906 2081 4984">
    <p class='ocr_par' dir='ltr' id='par_1_94' title="bbox 585 4906 2081 4984">
     <span class='ocr_line' id='line_1_94' title="bbox 585 4906 2081 4984; baseline 0.004 -23"><span class='ocrx_word' id='word_1_764' title='bbox 585 4908 851 4984; x_wconf 35' lang='lat' dir='ltr'><strong>(inuenire</strong></span> <span class='ocrx_word' id='word_1_765' title='bbox 879 4906 994 4984; x_wconf 64' lang='lat' dir='ltr'><strong>rip:</strong></span> <span class='ocrx_word' id='word_1_766' title='bbox 1037 4906 1235 4984; x_wconf 73' lang='grc' dir='ltr'>ἀρχὴν</span> <span class='ocrx_word' id='word_1_767' title='bbox 1283 4909 1476 4984; x_wconf 66' lang='grc' dir='ltr'>τιμᾷς,</span> <span class='ocrx_word' id='word_1_768' title='bbox 1518 4909 1609 4966; x_wconf 87' lang='lat' dir='ltr'><strong>Sic</strong></span> <span class='ocrx_word' id='word_1_769' title='bbox 1655 4912 1836 4984; x_wconf 79' lang='lat' dir='ltr'><strong>plures</strong></span> <span class='ocrx_word' id='word_1_770' title='bbox 1890 4913 2081 4984; x_wconf 80' lang='lat' dir='ltr'><strong>Regg.,</strong></span> 
     </span>
    </p>
   </div>
   <div class='ocr_carea' id='block_1_95' title="bbox 512 4978 2095 5104">
    <p class='ocr_par' dir='ltr' id='par_1_95' title="bbox 512 4978 2095 5104">
     <span class='ocr_line' id='line_1_95' title="bbox 512 4978 2095 5104; baseline 0.006 -72"><span class='ocrx_word' id='word_1_771' title='bbox 512 4982 621 5104; x_wconf 43' lang='lat' dir='ltr'><strong>diu)</strong></span> <span class='ocrx_word' id='word_1_772' title='bbox 645 4979 835 5101; x_wconf 62' lang='lat' dir='ltr'><strong>Cgisl.,</strong></span> <span class='ocrx_word' id='word_1_773' title='bbox 875 4988 928 5032; x_wconf 85' lang='lat' dir='ltr'><strong>et</strong></span> <span class='ocrx_word' id='word_1_774' title='bbox 957 4979 1051 5034; x_wconf 94' lang='lat' dir='ltr'><strong>Or.</strong></span> <span class='ocrx_word' id='word_1_775' title='bbox 1081 4979 1131 5032; x_wconf 84' lang='grc'><strong>1.</strong></span> <span class='ocrx_word' id='word_1_776' title='bbox 1165 4978 1222 5033; x_wconf 89' lang='lat' dir='ltr'><strong>lu</strong></span> <span class='ocrx_word' id='word_1_777' title='bbox 1253 4978 1346 5036; x_wconf 73' lang='lat' dir='ltr'><strong>ed.</strong></span> <span class='ocrx_word' id='word_1_778' title='bbox 1378 4983 1574 5051; x_wconf 85' lang='lat' dir='ltr'><strong>legitur</strong></span> <span class='ocrx_word' id='word_1_779' title='bbox 1614 4982 1713 5054; x_wconf 76' lang='grc' dir='ltr'>τὴν</span> <span class='ocrx_word' id='word_1_780' title='bbox 1738 4983 1935 5056; x_wconf 83' lang='grc' dir='ltr'>ἀρχήν,</span> <span class='ocrx_word' id='word_1_781' title='bbox 1969 4978 2095 5041; x_wconf 74' lang='lat' dir='ltr'><strong>ante</strong></span> 
     </span>
     <span class='ocr_line' id='line_1_96' title="bbox 514 5068 776 5104; baseline -0.008 -1"><span class='ocrx_word' id='word_1_782' title='bbox 514 5068 543 5103; x_wconf 71' lang='grc' dir='ltr'><strong>Α</strong></span> <span class='ocrx_word' id='word_1_783' title='bbox 578 5068 657 5104; x_wconf 87' lang='grc' dir='ltr'><strong>γω</strong></span> <span class='ocrx_word' id='word_1_784' title='bbox 721 5068 776 5104; x_wconf 89' lang='grc' dir='ltr'>η.</span> 
     </span>
    </p>
   </div>
   <div class='ocr_carea' id='block_1_96' title="bbox 514 5068 776 5103">
    <p class='ocr_par' dir='ltr' id='par_1_96' title="bbox 514 5068 776 5103">
     <span class='ocr_line' id='line_1_97' title="bbox 514 5068 776 5103; baseline -0.008 0"><span class='ocrx_word' id='word_1_785' title='bbox 514 5068 657 5103; x_wconf 71' lang='grc' dir='ltr'>Αεγω</span> <span class='ocrx_word' id='word_1_786' title='bbox 687 5068 776 5103; x_wconf 84' lang='grc' dir='ltr'><strong>οη.</strong></span> 
     </span>
    </p>
   </div>
   <div class='ocr_carea' id='block_1_97' title="bbox 578 5068 2091 5189">
    <p class='ocr_par' dir='ltr' id='par_1_97' title="bbox 578 5068 2091 5189">
     <span class='ocr_line' id='line_1_98' title="bbox 578 5068 2091 5189; baseline 0.003 -15"><span class='ocrx_word' id='word_1_787' title='bbox 578 5068 662 5189; x_wconf 47' lang='grc' dir='ltr'><strong>ξεί)</strong></span> <span class='ocrx_word' id='word_1_788' title='bbox 687 5068 1019 5189; x_wconf 51' lang='grc' dir='ltr'>Οᾶἒέχνιτῶν.</span> <span class='ocrx_word' id='word_1_789' title='bbox 1068 5119 1230 5174; x_wconf 77' lang='lat' dir='ltr'><strong>Putat</strong></span> <span class='ocrx_word' id='word_1_790' title='bbox 1278 5119 1633 5179; x_wconf 86' lang='lat' dir='ltr'><strong>Combefisius</strong></span> <span class='ocrx_word' id='word_1_791' title='bbox 1674 5125 2091 5189; x_wconf 78' lang='lat' dir='ltr'><strong>emendandum,</strong></span> 
     </span>
    </p>
   </div>
   <div class='ocr_carea' id='block_1_98' title="bbox 510 5189 2092 5261">
    <p class='ocr_par' dir='ltr' id='par_1_98' title="bbox 510 5189 2092 5261">
     <span class='ocr_line' id='line_1_99' title="bbox 510 5189 2092 5261; baseline 0.003 -16"><span class='ocrx_word' id='word_1_792' title='bbox 510 5189 796 5261; x_wconf 83' lang='grc' dir='ltr'>τεχνικῶν.</span> <span class='ocrx_word' id='word_1_793' title='bbox 834 5190 925 5244; x_wconf 83' lang='lat' dir='ltr'><strong>Sic</strong></span> <span class='ocrx_word' id='word_1_794' title='bbox 974 5191 1187 5245; x_wconf 87' lang='lat' dir='ltr'><strong>videtur</strong></span> <span class='ocrx_word' id='word_1_795' title='bbox 1224 5196 1388 5245; x_wconf 87' lang='lat' dir='ltr'><strong>etiam</strong></span> <span class='ocrx_word' id='word_1_796' title='bbox 1433 5192 1625 5260; x_wconf 80' lang='lat' dir='ltr'><strong>legisse</strong></span> <span class='ocrx_word' id='word_1_797' title='bbox 1674 5193 2092 5260; x_wconf 81' lang='lat' dir='ltr'><strong>Leuvenklaius,</strong></span> 
     </span>
    </p>
   </div>
   <div class='ocr_carea' id='block_1_99' title="bbox 513 5261 2096 5332">
    <p class='ocr_par' dir='ltr' id='par_1_99' title="bbox 513 5261 2096 5332">
     <span class='ocr_line' id='line_1_100' title="bbox 513 5261 2096 5332; baseline 0.004 -17"><span class='ocrx_word' id='word_1_798' title='bbox 513 5274 616 5331; x_wconf 81' lang='lat' dir='ltr'><strong>qur</strong></span> <span class='ocrx_word' id='word_1_799' title='bbox 640 5276 738 5332; x_wconf 86' lang='lat' dir='ltr'><strong>pro</strong></span> <span class='ocrx_word' id='word_1_800' title='bbox 789 5279 809 5313; x_wconf 81' lang='grc' dir='ltr'><strong>ι</strong></span> <span class='ocrx_word' id='word_1_801' title='bbox 844 5271 970 5315; x_wconf 84' lang='lat' dir='ltr'><strong>ante</strong></span> <span class='ocrx_word' id='word_1_802' title='bbox 1001 5261 1259 5327; x_wconf 89' lang='lat' dir='ltr'><strong>artifices,</strong></span> <span class='ocrx_word' id='word_1_803' title='bbox 1301 5280 1321 5314; x_wconf 74' lang='grc' dir='ltr'><strong>ι</strong></span> <span class='ocrx_word' id='word_1_804' title='bbox 1364 5262 1541 5318; x_wconf 84' lang='lat' dir='ltr'><strong>reddit</strong></span> <span class='ocrx_word' id='word_1_805' title='bbox 1584 5280 1599 5319; x_wconf 91' lang='lat'><strong>:</strong></span> <span class='ocrx_word' id='word_1_806' title='bbox 1651 5282 1673 5317; x_wconf 83' lang='grc'><strong><em>‹</em></strong></span> <span class='ocrx_word' id='word_1_807' title='bbox 1720 5276 1845 5322; x_wconf 82' lang='lat' dir='ltr'><strong>ante</strong></span> <span class='ocrx_word' id='word_1_808' title='bbox 1886 5283 1975 5322; x_wconf 88' lang='lat' dir='ltr'><strong>res</strong></span> <span class='ocrx_word' id='word_1_809' title='bbox 2015 5270 2096 5321; x_wconf 86' lang='lat' dir='ltr'><strong>fa-</strong></span> 
     </span>
    </p>
   </div>
   <div class='ocr_carea' id='block_1_100' title="bbox 513 5343 708 5387">
    <p class='ocr_par' dir='ltr' id='par_1_100' title="bbox 513 5343 708 5387">
     <span class='ocr_line' id='line_1_101' title="bbox 513 5343 708 5387; baseline -0.026 0"><span class='ocrx_word' id='word_1_810' title='bbox 513 5343 651 5387; x_wconf 87' lang='lat' dir='ltr'><strong>etas.</strong></span> <span class='ocrx_word' id='word_1_811' title='bbox 690 5350 708 5382; x_wconf 72' lang='grc' dir='ltr'><strong>ο</strong></span> 
     </span>
    </p>
   </div>
   <div class='ocr_carea' id='block_1_101' title="bbox 586 5401 2091 5475">
    <p class='ocr_par' dir='ltr' id='par_1_101' title="bbox 586 5401 2091 5475">
     <span class='ocr_line' id='line_1_102' title="bbox 586 5401 2091 5475; baseline 0.005 -19"><span class='ocrx_word' id='word_1_812' title='bbox 586 5403 1001 5475; x_wconf 53' lang='lat' dir='ltr'><strong>(Siet-xitum;</strong></span> <span class='ocrx_word' id='word_1_813' title='bbox 1018 5401 1237 5475; x_wconf 63' lang='lat' dir='ltr'><strong>dpxrir,</strong></span> <span class='ocrx_word' id='word_1_814' title='bbox 1263 5411 1373 5475; x_wconf 80' lang='lat' dir='ltr'><strong>etc.</strong></span> <span class='ocrx_word' id='word_1_815' title='bbox 1403 5401 1535 5458; x_wconf 90' lang='lat' dir='ltr'><strong>Cum</strong></span> <span class='ocrx_word' id='word_1_816' title='bbox 1558 5404 1852 5475; x_wconf 81' lang='lat' dir='ltr'><strong>Gregorius</strong></span> <span class='ocrx_word' id='word_1_817' title='bbox 1876 5406 2091 5463; x_wconf 81' lang='lat' dir='ltr'><strong>Patrem</strong></span> 
     </span>
    </p>
   </div>
   <div class='ocr_carea' id='block_1_102' title="bbox 519 5473 2095 5549">
    <p class='ocr_par' dir='ltr' id='par_1_102' title="bbox 519 5473 2095 5549">
     <span class='ocr_line' id='line_1_103' title="bbox 519 5473 2095 5549; baseline 0.004 -24"><span class='ocrx_word' id='word_1_818' title='bbox 519 5487 637 5541; x_wconf 47' lang='lat' dir='ltr'><strong>app.</strong></span> <span class='ocrx_word' id='word_1_819' title='bbox 660 5473 751 5525; x_wconf 87' lang='lat' dir='ltr'><strong>llat</strong></span> <span class='ocrx_word' id='word_1_820' title='bbox 779 5491 797 5523; x_wconf 73' lang='grc' dir='ltr'><strong>ι</strong></span> <span class='ocrx_word' id='word_1_821' title='bbox 836 5474 1155 5549; x_wconf 72' lang='lat' dir='ltr'><strong>principium</strong></span> <span class='ocrx_word' id='word_1_822' title='bbox 1178 5473 1432 5549; x_wconf 75' lang='lat' dir='ltr'><strong>deitatis,</strong></span> <span class='ocrx_word' id='word_1_823' title='bbox 1471 5494 1489 5527; x_wconf 73' lang='grc' dir='ltr'><strong>ι</strong></span> <span class='ocrx_word' id='word_1_824' title='bbox 1539 5475 1594 5549; x_wconf 80' lang='lat' dir='ltr'><strong>id</strong></span> <span class='ocrx_word' id='word_1_825' title='bbox 1624 5473 1703 5532; x_wconf 67' lang='lat' dir='ltr'><strong>esi</strong></span> <span class='ocrx_word' id='word_1_826' title='bbox 1732 5478 1851 5532; x_wconf 88' lang='lat' dir='ltr'><strong>Filii</strong></span> <span class='ocrx_word' id='word_1_827' title='bbox 1882 5488 1939 5533; x_wconf 89' lang='lat' dir='ltr'><strong>et</strong></span> <span class='ocrx_word' id='word_1_828' title='bbox 1972 5478 2095 5549; x_wconf 82' lang='lat' dir='ltr'><strong>Spi-</strong></span> 
     </span>
    </p>
   </div>
   <div class='ocr_carea' id='block_1_103' title="bbox 520 5543 2097 5617">
    <p class='ocr_par' dir='ltr' id='par_1_103' title="bbox 520 5543 2097 5617">
     <span class='ocr_line' id='line_1_104' title="bbox 520 5543 2097 5617; baseline 0.004 -20"><span class='ocrx_word' id='word_1_829' title='bbox 520 5553 660 5597; x_wconf 79' lang='lat' dir='ltr'><strong>ritus</strong></span> <span class='ocrx_word' id='word_1_830' title='bbox 685 5543 886 5606; x_wconf 90' lang='lat' dir='ltr'><strong>sancti,</strong></span> <span class='ocrx_word' id='word_1_831' title='bbox 921 5560 1022 5617; x_wconf 79' lang='lat' dir='ltr'><strong>vox</strong></span> <span class='ocrx_word' id='word_1_832' title='bbox 1049 5543 1136 5617; x_wconf 83' lang='lat' dir='ltr'><strong>illa</strong></span> <span class='ocrx_word' id='word_1_833' title='bbox 1167 5543 1361 5617; x_wconf 73' lang='grc' dir='ltr'>άρχήν,</span> <span class='ocrx_word' id='word_1_834' title='bbox 1388 5560 1491 5600; x_wconf 87' lang='lat' dir='ltr'><strong>non</strong></span> <span class='ocrx_word' id='word_1_835' title='bbox 1521 5545 1590 5601; x_wconf 89' lang='lat' dir='ltr'><strong>de</strong></span> <span class='ocrx_word' id='word_1_836' title='bbox 1618 5555 1881 5617; x_wconf 86' lang='lat' dir='ltr'><strong>tempore,</strong></span> <span class='ocrx_word' id='word_1_837' title='bbox 1910 5543 2097 5604; x_wconf 59' lang='lat' dir='ltr'><strong>sed&#39;de</strong></span> 
     </span>
    </p>
   </div>
   <div class='ocr_carea' id='block_1_104' title="bbox 522 5614 2095 5686">
    <p class='ocr_par' dir='ltr' id='par_1_104' title="bbox 522 5614 2095 5686">
     <span class='ocr_line' id='line_1_105' title="bbox 522 5614 2095 5686; baseline 0.002 -18"><span class='ocrx_word' id='word_1_838' title='bbox 522 5626 684 5668; x_wconf 89' lang='lat' dir='ltr'><strong>causa</strong></span> <span class='ocrx_word' id='word_1_839' title='bbox 717 5624 804 5686; x_wconf 75' lang='lat' dir='ltr'><strong>est</strong></span> <span class='ocrx_word' id='word_1_840' title='bbox 833 5614 1164 5686; x_wconf 82' lang='lat' dir='ltr'><strong>accipienda.</strong></span> <span class='ocrx_word' id='word_1_841' title='bbox 1188 5614 1346 5677; x_wconf 81' lang='lat' dir='ltr'><strong>Nam,</strong></span> <span class='ocrx_word' id='word_1_842' title='bbox 1377 5624 1437 5686; x_wconf 50' lang='lat' dir='ltr'><strong>ut</strong></span> <span class='ocrx_word' id='word_1_843' title='bbox 1468 5631 1612 5685; x_wconf 68' lang='lat' dir='ltr'><strong>saepe</strong></span> <span class='ocrx_word' id='word_1_844' title='bbox 1632 5614 1746 5686; x_wconf 79' lang='lat' dir='ltr'><strong>jam</strong></span> <span class='ocrx_word' id='word_1_845' title='bbox 1767 5618 1967 5673; x_wconf 88' lang='lat' dir='ltr'><strong>dictum</strong></span> <span class='ocrx_word' id='word_1_846' title='bbox 1990 5631 2095 5683; x_wconf 86' lang='lat' dir='ltr'><strong>est,</strong></span> 
     </span>
    </p>
   </div>
   <div class='ocr_carea' id='block_1_105' title="bbox 520 5683 2096 5757">
    <p class='ocr_par' dir='ltr' id='par_1_105' title="bbox 520 5683 2096 5757">
     <span class='ocr_line' id='line_1_106' title="bbox 520 5683 2096 5757; baseline 0.003 -19"><span class='ocrx_word' id='word_1_847' title='bbox 520 5697 627 5738; x_wconf 85' lang='lat' dir='ltr'><strong>non</strong></span> <span class='ocrx_word' id='word_1_848' title='bbox 658 5683 835 5736; x_wconf 89' lang='lat' dir='ltr'><strong>minus</strong></span> <span class='ocrx_word' id='word_1_849' title='bbox 869 5684 1134 5757; x_wconf 75' lang='lat' dir='ltr'><strong>principio</strong></span> <span class='ocrx_word' id='word_1_850' title='bbox 1170 5695 1361 5739; x_wconf 88' lang='lat' dir='ltr'><strong>carent</strong></span> <span class='ocrx_word' id='word_1_851' title='bbox 1393 5683 1561 5742; x_wconf 79' lang='lat' dir='ltr'><strong>Filius</strong></span> <span class='ocrx_word' id='word_1_852' title='bbox 1603 5683 1656 5742; x_wconf 78' lang='lat' dir='ltr'><strong>et</strong></span> <span class='ocrx_word' id='word_1_853' title='bbox 1696 5688 1929 5757; x_wconf 89' lang='lat' dir='ltr'><strong>Spiritus</strong></span> <span class='ocrx_word' id='word_1_854' title='bbox 1967 5705 2096 5745; x_wconf 81' lang='lat' dir='ltr'><strong>san-</strong></span> 
     </span>
    </p>
   </div>
   <div class='ocr_carea' id='block_1_106' title="bbox 520 5752 2098 5827">
    <p class='ocr_par' dir='ltr' id='par_1_106' title="bbox 520 5752 2098 5827">
     <span class='ocr_line' id='line_1_107' title="bbox 520 5752 2098 5827; baseline 0.003 -16"><span class='ocrx_word' id='word_1_855' title='bbox 520 5764 663 5812; x_wconf 78' lang='lat' dir='ltr'><strong>etus.</strong></span> <span class='ocrx_word' id='word_1_856' title='bbox 694 5767 853 5823; x_wconf 88' lang='lat' dir='ltr'><strong>quam</strong></span> <span class='ocrx_word' id='word_1_857' title='bbox 878 5752 1058 5822; x_wconf 85' lang='lat' dir='ltr'><strong>Pater,</strong></span> <span class='ocrx_word' id='word_1_858' title='bbox 1094 5754 1139 5809; x_wconf 87' lang='lat' dir='ltr'><strong>si</strong></span> <span class='ocrx_word' id='word_1_859' title='bbox 1171 5756 1237 5810; x_wconf 85' lang='lat' dir='ltr'><strong>ad</strong></span> <span class='ocrx_word' id='word_1_860' title='bbox 1275 5766 1483 5827; x_wconf 88' lang='lat' dir='ltr'><strong>tempus</strong></span> <span class='ocrx_word' id='word_1_861' title='bbox 1518 5752 1802 5815; x_wconf 79' lang='lat' dir='ltr'><strong>referatur.</strong></span> <span class='ocrx_word' id='word_1_862' title='bbox 1829 5760 1932 5815; x_wconf 85' lang='lat' dir='ltr'><strong>Sed</strong></span> <span class='ocrx_word' id='word_1_863' title='bbox 1962 5762 2007 5815; x_wconf 83' lang='lat' dir='ltr'><strong>si</strong></span> <span class='ocrx_word' id='word_1_864' title='bbox 2036 5764 2098 5818; x_wconf 84' lang='lat' dir='ltr'><strong>:le</strong></span> 
     </span>
    </p>
   </div>
   <div class='ocr_carea' id='block_1_107' title="bbox 2195 4570 3021 4644">
    <p class='ocr_par' dir='ltr' id='par_1_107' title="bbox 2195 4570 3021 4644">
     <span class='ocr_line' id='line_1_108' title="bbox 2195 4570 3021 4644; baseline 0.006 -19"><span class='ocrx_word' id='word_1_865' title='bbox 2195 4570 2252 4625; x_wconf 80' lang='grc' dir='ltr'><strong>δὲ</strong></span> <span class='ocrx_word' id='word_1_866' title='bbox 2289 4571 2601 4644; x_wconf 80' lang='grc' dir='ltr'>Ἑλληνικὸν</span> <span class='ocrx_word' id='word_1_867' title='bbox 2626 4573 2719 4626; x_wconf 76' lang='grc' dir='ltr'>καὶ</span> <span class='ocrx_word' id='word_1_868' title='bbox 2743 4574 3021 4629; x_wconf 82' lang='grc' dir='ltr'>πολύθεον.</span> 
     </span>
    </p>
   </div>
   <div class='ocr_carea' id='block_1_108' title="bbox 2193 4776 3778 4857">
    <p class='ocr_par' dir='ltr' id='par_1_108' title="bbox 2193 4776 3778 4857">
     <span class='ocr_line' id='line_1_109' title="bbox 2193 4776 3778 4857; baseline 0.006 -28"><span class='ocrx_word' id='word_1_869' title='bbox 2193 4789 2355 4857; x_wconf 61' lang='lat' dir='ltr'><strong>causa</strong></span> <span class='ocrx_word' id='word_1_870' title='bbox 2382 4776 2608 4857; x_wconf 61' lang='lat' dir='ltr'><strong>qqarstio</strong></span> <span class='ocrx_word' id='word_1_871' title='bbox 2642 4777 2732 4843; x_wconf 90' lang='lat' dir='ltr'><strong>sit,</strong></span> <span class='ocrx_word' id='word_1_872' title='bbox 2767 4776 2928 4857; x_wconf 73' lang='lat' dir='ltr'><strong>Pater</strong></span> <span class='ocrx_word' id='word_1_873' title='bbox 2968 4788 3050 4832; x_wconf 89' lang='lat' dir='ltr'><strong>est</strong></span> <span class='ocrx_word' id='word_1_874' title='bbox 3099 4779 3447 4857; x_wconf 84' lang='lat' dir='ltr'><strong>principium,</strong></span> <span class='ocrx_word' id='word_1_875' title='bbox 3482 4798 3581 4837; x_wconf 87' lang='lat' dir='ltr'><strong>seu</strong></span> <span class='ocrx_word' id='word_1_876' title='bbox 3627 4787 3778 4857; x_wconf 76' lang='lat' dir='ltr'><strong>origo</strong></span> 
     </span>
    </p>
   </div>
   <div class='ocr_carea' id='block_1_109' title="bbox 2191 4846 3777 4921">
    <p class='ocr_par' dir='ltr' id='par_1_109' title="bbox 2191 4846 3777 4921">
     <span class='ocr_line' id='line_1_110' title="bbox 2191 4846 3777 4921; baseline 0.008 -22"><span class='ocrx_word' id='word_1_877' title='bbox 2191 4846 2312 4899; x_wconf 87' lang='lat' dir='ltr'><strong>Filii</strong></span> <span class='ocrx_word' id='word_1_878' title='bbox 2337 4856 2390 4921; x_wconf 88' lang='lat' dir='ltr'><strong>et</strong></span> <span class='ocrx_word' id='word_1_879' title='bbox 2420 4848 2654 4921; x_wconf 80' lang='lat' dir='ltr'><strong>Spiritus</strong></span> <span class='ocrx_word' id='word_1_880' title='bbox 2678 4851 2889 4915; x_wconf 87' lang='lat' dir='ltr'><strong>sancti;</strong></span> <span class='ocrx_word' id='word_1_881' title='bbox 2927 4846 3109 4921; x_wconf 75' lang='lat' dir='ltr'><strong>atque</strong></span> <span class='ocrx_word' id='word_1_882' title='bbox 3133 4861 3190 4902; x_wconf 91' lang='lat' dir='ltr'><strong>ut</strong></span> <span class='ocrx_word' id='word_1_883' title='bbox 3225 4846 3387 4905; x_wconf 86' lang='lat' dir='ltr'><strong>trium</strong></span> <span class='ocrx_word' id='word_1_884' title='bbox 3425 4846 3777 4921; x_wconf 65' lang='lat' dir='ltr'><strong>personarum</strong></span> 
     </span>
    </p>
   </div>
   <div class='ocr_carea' id='block_1_110' title="bbox 2191 4918 3772 4994">
    <p class='ocr_par' dir='ltr' id='par_1_110' title="bbox 2191 4918 3772 4994">
     <span class='ocr_line' id='line_1_111' title="bbox 2191 4918 3772 4994; baseline 0.006 -26"><span class='ocrx_word' id='word_1_885' title='bbox 2191 4918 2567 4994; x_wconf 54' lang='lat' dir='ltr'><strong>proprietates</strong></span> <span class='ocrx_word' id='word_1_886' title='bbox 2598 4919 3019 4994; x_wconf 66' lang='lat' dir='ltr'><strong>distinguantur,</strong></span> <span class='ocrx_word' id='word_1_887' title='bbox 3052 4919 3212 4975; x_wconf 87' lang='lat' dir='ltr'><strong>Pater</strong></span> <span class='ocrx_word' id='word_1_888' title='bbox 3242 4934 3325 4976; x_wconf 84' lang='lat' dir='ltr'><strong>est</strong></span> <span class='ocrx_word' id='word_1_889' title='bbox 3358 4941 3377 4973; x_wconf 80' lang='grc' dir='ltr'><strong>ι</strong></span> <span class='ocrx_word' id='word_1_890' title='bbox 3416 4918 3716 4994; x_wconf 80' lang='lat' dir='ltr'><strong>ingenitus,</strong></span> <span class='ocrx_word' id='word_1_891' title='bbox 3754 4946 3772 4977; x_wconf 78' lang='grc' dir='ltr'><strong>ι</strong></span> 
     </span>
    </p>
   </div>
   <div class='ocr_carea' id='block_1_111' title="bbox 2202 4986 3775 5062">
    <p class='ocr_par' dir='ltr' id='par_1_111' title="bbox 2202 4986 3775 5062">
     <span class='ocr_line' id='line_1_112' title="bbox 2202 4986 3775 5062; baseline 0.007 -24"><span class='ocrx_word' id='word_1_892' title='bbox 2202 4986 2369 5062; x_wconf 57' lang='lat' dir='ltr'><strong>[filius</strong></span> <span class='ocrx_word' id='word_1_893' title='bbox 2398 5006 2418 5039; x_wconf 81' lang='grc' dir='ltr'><strong>ι</strong></span> <span class='ocrx_word' id='word_1_894' title='bbox 2449 4988 2699 5062; x_wconf 67' lang='grc' dir='ltr'><strong>ςιιιιίιυςι,Δ</strong></span> <span class='ocrx_word' id='word_1_895' title='bbox 2718 5010 2737 5042; x_wconf 74' lang='grc' dir='ltr'><strong>ι</strong></span> <span class='ocrx_word' id='word_1_896' title='bbox 2765 4986 2819 5062; x_wconf 78' lang='lat' dir='ltr'><strong>et</strong></span> <span class='ocrx_word' id='word_1_897' title='bbox 2844 4989 3075 5062; x_wconf 84' lang='lat' dir='ltr'><strong>Spirit_us</strong></span> <span class='ocrx_word' id='word_1_898' title='bbox 3102 5003 3323 5047; x_wconf 89' lang='lat' dir='ltr'><strong>sanctus</strong></span> <span class='ocrx_word' id='word_1_899' title='bbox 3352 5012 3372 5044; x_wconf 80' lang='grc' dir='ltr'><strong>ι</strong></span> <span class='ocrx_word' id='word_1_900' title='bbox 3402 4986 3730 5062; x_wconf 69' lang='grc' dir='ltr'>ρι’ὄεεάοηε.</span> <span class='ocrx_word' id='word_1_901' title='bbox 3755 5015 3775 5049; x_wconf 77' lang='grc' dir='ltr'><strong>ι</strong></span> 
     </span>
    </p>
   </div>
   <div class='ocr_carea' id='block_1_112' title="bbox 2200 5055 3782 5130">
    <p class='ocr_par' dir='ltr' id='par_1_112' title="bbox 2200 5055 3782 5130">
     <span class='ocr_line' id='line_1_113' title="bbox 2200 5055 3782 5130; baseline 0.008 -19"><span class='ocrx_word' id='word_1_902' title='bbox 2200 5055 2471 5130; x_wconf 80' lang='lat' dir='ltr'><strong>Caeterum</strong></span> <span class='ocrx_word' id='word_1_903' title='bbox 2504 5067 2563 5130; x_wconf 85' lang='lat' dir='ltr'><strong>ut</strong></span> <span class='ocrx_word' id='word_1_904' title='bbox 2595 5059 2736 5114; x_wconf 88' lang='lat' dir='ltr'><strong>nulla</strong></span> <span class='ocrx_word' id='word_1_905' title='bbox 2777 5061 2849 5115; x_wconf 88' lang='lat' dir='ltr'><strong>sit</strong></span> <span class='ocrx_word' id='word_1_906' title='bbox 2886 5055 2951 5114; x_wconf 79' lang='lat' dir='ltr'><strong>de</strong></span> <span class='ocrx_word' id='word_1_907' title='bbox 2988 5058 3249 5130; x_wconf 86' lang='lat' dir='ltr'><strong>Gregorio</strong></span> <span class='ocrx_word' id='word_1_908' title='bbox 3277 5055 3463 5119; x_wconf 77' lang='lat' dir='ltr'><strong>nostro</strong></span> <span class='ocrx_word' id='word_1_909' title='bbox 3502 5068 3603 5121; x_wconf 88' lang='lat' dir='ltr'><strong>hac</strong></span> <span class='ocrx_word' id='word_1_910' title='bbox 3630 5068 3700 5122; x_wconf 84' lang='lat' dir='ltr'><strong>de</strong></span> <span class='ocrx_word' id='word_1_911' title='bbox 3727 5084 3782 5123; x_wconf 82' lang='lat' dir='ltr'><strong>re</strong></span> 
     </span>
    </p>
   </div>
   <div class='ocr_carea' id='block_1_113' title="bbox 2201 5128 3778 5210">
    <p class='ocr_par' dir='ltr' id='par_1_113' title="bbox 2201 5128 3778 5210">
     <span class='ocr_line' id='line_1_114' title="bbox 2201 5128 3778 5210; baseline 0.006 -31"><span class='ocrx_word' id='word_1_912' title='bbox 2201 5128 2461 5210; x_wconf 71' lang='lat' dir='ltr'><strong>suSpieio,</strong></span> <span class='ocrx_word' id='word_1_913' title='bbox 2490 5129 2719 5210; x_wconf 72' lang='lat' dir='ltr'><strong>vi_de_or.</strong></span> <span class='ocrx_word' id='word_1_914' title='bbox 2751 5146 2846 5210; x_wconf 63' lang='lat' dir='ltr'><strong>xx,</strong></span> <span class='ocrx_word' id='word_1_915' title='bbox 2878 5146 2931 5183; x_wconf 85' lang='grc' dir='ltr'>η.</span> <span class='ocrx_word' id='word_1_916' title='bbox 2958 5131 3012 5195; x_wconf 88' lang='grc'>7,</span> <span class='ocrx_word' id='word_1_917' title='bbox 3033 5128 3252 5189; x_wconf 65' lang='grc' dir='ltr'>ιιιΗιωο</span> <span class='ocrx_word' id='word_1_918' title='bbox 3275 5135 3442 5190; x_wconf 79' lang='lat' dir='ltr'><strong>verba</strong></span> <span class='ocrx_word' id='word_1_919' title='bbox 3469 5152 3485 5190; x_wconf 91' lang='lat'>:</span> <span class='ocrx_word' id='word_1_920' title='bbox 3533 5137 3665 5191; x_wconf 76' lang='grc' dir='ltr'><strong>Ἐὰν</strong></span> <span class='ocrx_word' id='word_1_921' title='bbox 3687 5142 3778 5210; x_wconf 72' lang='grc' dir='ltr'>μὲν</span> 
     </span>
    </p>
   </div>
   <div class='ocr_carea' id='block_1_114' title="bbox 2200 5196 2998 5265">
    <p class='ocr_par' dir='ltr' id='par_1_114' title="bbox 2200 5196 2998 5265">
     <span class='ocr_line' id='line_1_115' title="bbox 2200 5196 2998 5265; baseline 0.005 -15"><span class='ocrx_word' id='word_1_922' title='bbox 2200 5196 2276 5261; x_wconf 80' lang='grc' dir='ltr'><strong>ὡς</strong></span> <span class='ocrx_word' id='word_1_923' title='bbox 2304 5197 2476 5251; x_wconf 83' lang='grc' dir='ltr'>αἴτιον</span> <span class='ocrx_word' id='word_1_924' title='bbox 2498 5198 2589 5251; x_wconf 81' lang='grc' dir='ltr'><strong>τὸν</strong></span> <span class='ocrx_word' id='word_1_925' title='bbox 2619 5200 2859 5265; x_wconf 79' lang='grc' dir='ltr'>Πατέρα,</span> <span class='ocrx_word' id='word_1_926' title='bbox 2890 5210 2998 5256; x_wconf 88' lang='lat' dir='ltr'><strong>etc.</strong></span> 
     </span>
    </p>
   </div>
   <div class='ocr_carea' id='block_1_115' title="bbox 2272 5268 3773 5345">
    <p class='ocr_par' dir='ltr' id='par_1_115' title="bbox 2272 5268 3773 5345">
     <span class='ocr_line' id='line_1_116' title="bbox 2272 5268 3773 5345; baseline 0.007 -22"><span class='ocrx_word' id='word_1_927' title='bbox 2272 5268 2348 5340; x_wconf 89' lang='lat'><strong>(9)</strong></span> <span class='ocrx_word' id='word_1_928' title='bbox 2388 5269 2618 5345; x_wconf 33' lang='grc' dir='ltr'><strong>Καὶ-ἐκ.</strong></span> <span class='ocrx_word' id='word_1_929' title='bbox 2642 5269 2739 5345; x_wconf 91' lang='lat' dir='ltr'><strong>_Sic</strong></span> <span class='ocrx_word' id='word_1_930' title='bbox 2766 5268 2934 5343; x_wconf 72' lang='lat' dir='ltr'><strong>kegg.</strong></span> <span class='ocrx_word' id='word_1_931' title='bbox 2966 5274 3077 5337; x_wconf 89' lang='lat' dir='ltr'><strong>bm,</strong></span> <span class='ocrx_word' id='word_1_932' title='bbox 3104 5272 3197 5340; x_wconf 87' lang='lat' dir='ltr'><strong>hu,</strong></span> <span class='ocrx_word' id='word_1_933' title='bbox 3224 5273 3392 5330; x_wconf 85' lang='lat' dir='ltr'><strong>Coisl.</strong></span> <span class='ocrx_word' id='word_1_934' title='bbox 3423 5274 3479 5345; x_wconf 79' lang='grc'>1,</span> <span class='ocrx_word' id='word_1_935' title='bbox 3512 5288 3571 5333; x_wconf 91' lang='lat' dir='ltr'><strong>et</strong></span> <span class='ocrx_word' id='word_1_936' title='bbox 3596 5278 3695 5336; x_wconf 91' lang='lat' dir='ltr'><strong>0r.</strong></span> <span class='ocrx_word' id='word_1_937' title='bbox 3730 5280 3773 5333; x_wconf 80' lang='grc' dir='ltr'><strong>Ι.</strong></span> 
     </span>
    </p>
   </div>
   <div class='ocr_carea' id='block_1_116' title="bbox 2202 5338 2677 5395">
    <p class='ocr_par' dir='ltr' id='par_1_116' title="bbox 2202 5338 2677 5395">
     <span class='ocr_line' id='line_1_117' title="bbox 2202 5338 2677 5395; baseline 0.004 -2"><span class='ocrx_word' id='word_1_938' title='bbox 2202 5338 2361 5393; x_wconf 81' lang='lat' dir='ltr'><strong>Deest</strong></span> <span class='ocrx_word' id='word_1_939' title='bbox 2390 5340 2484 5395; x_wconf 89' lang='grc' dir='ltr'><strong>καί</strong></span> <span class='ocrx_word' id='word_1_940' title='bbox 2507 5342 2557 5395; x_wconf 91' lang='lat' dir='ltr'><strong>in</strong></span> <span class='ocrx_word' id='word_1_941' title='bbox 2590 5342 2677 5395; x_wconf 87' lang='lat' dir='ltr'><strong>ed.</strong></span> 
     </span>
    </p>
   </div>
   <div class='ocr_carea' id='block_1_117' title="bbox 2272 5410 3777 5485">
    <p class='ocr_par' dir='ltr' id='par_1_117' title="bbox 2272 5410 3777 5485">
     <span class='ocr_line' id='line_1_118' title="bbox 2272 5410 3777 5485; baseline 0.008 -22"><span class='ocrx_word' id='word_1_942' title='bbox 2272 5410 2381 5480; x_wconf 82' lang='grc'><strong>(10)</strong></span> <span class='ocrx_word' id='word_1_943' title='bbox 2414 5410 2644 5477; x_wconf 82' lang='grc' dir='ltr'>Δυάδος</span> <span class='ocrx_word' id='word_1_944' title='bbox 2698 5411 2768 5465; x_wconf 78' lang='grc' dir='ltr'>δὲ</span> <span class='ocrx_word' id='word_1_945' title='bbox 2809 5415 3266 5485; x_wconf 80' lang='grc' dir='ltr'>ὑπερϐαθείσης,</span> <span class='ocrx_word' id='word_1_946' title='bbox 3311 5426 3420 5473; x_wconf 87' lang='lat' dir='ltr'><strong>etc.</strong></span> <span class='ocrx_word' id='word_1_947' title='bbox 3482 5438 3501 5471; x_wconf 80' lang='grc' dir='ltr'><strong>ι</strong></span> <span class='ocrx_word' id='word_1_948' title='bbox 3566 5420 3777 5475; x_wconf 77' lang='lat' dir='ltr'><strong>Binario</strong></span> 
     </span>
    </p>
   </div>
   <div class='ocr_carea' id='block_1_118' title="bbox 2201 5485 3779 5562">
    <p class='ocr_par' dir='ltr' id='par_1_118' title="bbox 2201 5485 3779 5562">
     <span class='ocr_line' id='line_1_119' title="bbox 2201 5485 3779 5562; baseline 0.009 -31"><span class='ocrx_word' id='word_1_949' title='bbox 2201 5491 2377 5562; x_wconf 78' lang='lat' dir='ltr'><strong>autem</strong></span> <span class='ocrx_word' id='word_1_950' title='bbox 2413 5493 2687 5562; x_wconf 80' lang='lat' dir='ltr'><strong>superato.</strong></span> <span class='ocrx_word' id='word_1_951' title='bbox 2741 5504 2761 5536; x_wconf 74' lang='grc' dir='ltr'><strong>ι</strong></span> <span class='ocrx_word' id='word_1_952' title='bbox 2802 5485 2903 5562; x_wconf 73' lang='lat' dir='ltr'><strong>l’er</strong></span> <span class='ocrx_word' id='word_1_953' title='bbox 2932 5503 2951 5535; x_wconf 78' lang='grc' dir='ltr'><strong>ι</strong></span> <span class='ocrx_word' id='word_1_954' title='bbox 2989 5485 3265 5562; x_wconf 81' lang='lat' dir='ltr'><strong>binarium</strong></span> <span class='ocrx_word' id='word_1_955' title='bbox 3298 5507 3319 5539; x_wconf 72' lang='grc' dir='ltr'><strong>ι</strong></span> <span class='ocrx_word' id='word_1_956' title='bbox 3356 5490 3613 5562; x_wconf 83' lang='lat' dir='ltr'><strong>intelligit</strong></span> <span class='ocrx_word' id='word_1_957' title='bbox 3653 5492 3779 5547; x_wconf 82' lang='lat' dir='ltr'><strong>Gre-</strong></span> 
     </span>
    </p>
   </div>
   <div class='ocr_carea' id='block_1_119' title="bbox 2202 5554 3778 5631">
    <p class='ocr_par' dir='ltr' id='par_1_119' title="bbox 2202 5554 3778 5631">
     <span class='ocr_line' id='line_1_120' title="bbox 2202 5554 3778 5631; baseline 0.008 -29"><span class='ocrx_word' id='word_1_958' title='bbox 2202 5554 2436 5631; x_wconf 42' lang='lat' dir='ltr'><strong>gorius:</strong></span> <span class='ocrx_word' id='word_1_959' title='bbox 2471 5554 2752 5631; x_wconf 77' lang='lat' dir='ltr'><strong>materiam</strong></span> <span class='ocrx_word' id='word_1_960' title='bbox 2780 5565 2835 5631; x_wconf 77' lang='lat' dir='ltr'><strong>et</strong></span> <span class='ocrx_word' id='word_1_961' title='bbox 2868 5556 3097 5610; x_wconf 86' lang='lat' dir='ltr'><strong>formam</strong></span> <span class='ocrx_word' id='word_1_962' title='bbox 3129 5576 3148 5631; x_wconf 67' lang='grc' dir='ltr'><strong>ι</strong></span> <span class='ocrx_word' id='word_1_963' title='bbox 3177 5559 3377 5631; x_wconf 79' lang='lat' dir='ltr'><strong>quibus</strong></span> <span class='ocrx_word' id='word_1_964' title='bbox 3404 5554 3638 5631; x_wconf 77' lang='lat' dir='ltr'><strong>corme</strong></span> <span class='ocrx_word' id='word_1_965' title='bbox 3665 5579 3778 5615; x_wconf 66' lang='lat' dir='ltr'><strong>wn-</strong></span> 
     </span>
    </p>
   </div>
   <div class='ocr_carea' id='block_1_120' title="bbox 2204 5621 3773 5697">
    <p class='ocr_par' dir='ltr' id='par_1_120' title="bbox 2204 5621 3773 5697">
     <span class='ocr_line' id='line_1_121' title="bbox 2204 5621 3773 5697; baseline 0.006 -22"><span class='ocrx_word' id='word_1_966' title='bbox 2204 5631 2372 5697; x_wconf 88' lang='lat' dir='ltr'><strong>stau_t.</strong></span> <span class='ocrx_word' id='word_1_967' title='bbox 2395 5621 2548 5697; x_wconf 70' lang='lat' dir='ltr'><strong>Unde</strong></span> <span class='ocrx_word' id='word_1_968' title='bbox 2575 5624 2629 5697; x_wconf 82' lang='lat' dir='ltr'><strong>in</strong></span> <span class='ocrx_word' id='word_1_969' title='bbox 2655 5626 2865 5697; x_wconf 82' lang='lat' dir='ltr'><strong>naturis</strong></span> <span class='ocrx_word' id='word_1_970' title='bbox 2894 5629 3169 5693; x_wconf 89' lang='lat' dir='ltr'><strong>corporeis</strong></span> <span class='ocrx_word' id='word_1_971' title='bbox 3194 5621 3467 5697; x_wconf 73' lang='lat' dir='ltr'><strong>perfectio</strong></span> <span class='ocrx_word' id='word_1_972' title='bbox 3495 5621 3599 5687; x_wconf 75' lang='lat' dir='ltr'><strong>sita</strong></span> <span class='ocrx_word' id='word_1_973' title='bbox 3637 5636 3773 5685; x_wconf 75' lang='lat' dir='ltr'><strong>\‘ide-</strong></span> 
     </span>
    </p>
   </div>
   <div class='ocr_carea' id='block_1_121' title="bbox 2207 5693 3773 5771">
    <p class='ocr_par' dir='ltr' id='par_1_121' title="bbox 2207 5693 3773 5771">
     <span class='ocr_line' id='line_1_122' title="bbox 2207 5693 3773 5771; baseline 0.008 -27"><span class='ocrx_word' id='word_1_974' title='bbox 2207 5702 2294 5745; x_wconf 90' lang='lat' dir='ltr'><strong>tur</strong></span> <span class='ocrx_word' id='word_1_975' title='bbox 2323 5693 2373 5745; x_wconf 89' lang='lat' dir='ltr'><strong>in</strong></span> <span class='ocrx_word' id='word_1_976' title='bbox 2402 5695 2503 5745; x_wconf 81' lang='lat' dir='ltr'><strong>hoc</strong></span> <span class='ocrx_word' id='word_1_977' title='bbox 2535 5694 3037 5771; x_wconf 82' lang='lat' dir='ltr'><strong>bin_ario,_ut_patct</strong></span> <span class='ocrx_word' id='word_1_978' title='bbox 3074 5698 3126 5771; x_wconf 81' lang='lat' dir='ltr'><strong>in</strong></span> <span class='ocrx_word' id='word_1_979' title='bbox 3166 5693 3446 5758; x_wconf 72' lang='lat' dir='ltr'><strong>creatione</strong></span> <span class='ocrx_word' id='word_1_980' title='bbox 3485 5705 3773 5771; x_wconf 67' lang='lat' dir='ltr'><strong>prinzo.um</strong></span> 
     </span>
    </p>
   </div>
   <div class='ocr_carea' id='block_1_122' title="bbox 2205 5764 3271 5835">
    <p class='ocr_par' dir='ltr' id='par_1_122' title="bbox 2205 5764 3271 5835">
     <span class='ocr_line' id='line_1_123' title="bbox 2205 5764 3271 5835; baseline 0.007 -19"><span class='ocrx_word' id='word_1_981' title='bbox 2205 5774 2511 5831; x_wconf 85' lang='lat' dir='ltr'><strong>parentum,</strong></span> <span class='ocrx_word' id='word_1_982' title='bbox 2548 5764 2638 5834; x_wconf 90' lang='lat' dir='ltr'><strong>qui</strong></span> <span class='ocrx_word' id='word_1_983' title='bbox 2666 5764 2887 5835; x_wconf 89' lang='lat' dir='ltr'><strong>perfecti</strong></span> <span class='ocrx_word' id='word_1_984' title='bbox 2921 5767 3085 5822; x_wconf 87' lang='lat' dir='ltr'><strong>creati</strong></span> <span class='ocrx_word' id='word_1_985' title='bbox 3125 5780 3271 5824; x_wconf 83' lang='lat' dir='ltr'><strong>sunt.</strong></span> 
     </span>
    </p>
   </div>
  </div>
