3914 6404
175 350 299 409 1161

1251 342 1505 400 ORATIO
1544 341 1731 397 XXIII.
1772 372 1841 382 -—-
1877 342 1964 395 DE
1999 341 2172 396 PACE
2215 340 2302 396 111.

3245 345 3380 406 1162

173 473 275 521 tur.
339 460 468 517 Illud
530 460 671 515 enim
717 470 935 528 parcum
990 470 1053 510 ac
1108 455 1378 526 jejunum,
1440 456 1543 511 hoc
1599 452 1914 519 confusum;
1954 454 2085 509 illud
2150 451 2430 510 Judaicum
2469 468 2729 524 prorsus,
2797 457 2897 515 hoc
2960 462 3270 527 ethnicum,
3318 475 3381 519 ac

172 558 452 613 multorum
481 560 701 609 deorum
731 552 932 607 cultmn
965 551 1234 605 redolens.

236 646 309 701 Θ¹.
348 645 539 699 Σκοπῶ
579 644 636 698 δὲ
668 644 907 704 κάκεῖνο,
948 643 1041 695 καὶ
1086 640 1215 704 ἴσως
1246 642 1345 715 οὐκ
1374 641 1729 705 ἀπαιδεύτως,

1903 639 1997 699 1X.
2027 641 2162 707 Quin
2206 639 2308 695 hoc
2340 655 2572 710 quoque,
2604 655 2702 697 nec
2734 642 2926 698 inscite
2958 642 3186 700 fortasse
3224 655 3387 715 atque

173 738 285 794 οὐδὲ
324 736 568 808 ἀμαθῶς,
606 734 738 788 ἀλλά
772 735 865 787 καὶ
897 734 1015 786 λίαν
1053 734 1496 804 ἐπεσκεμμένως,
1531 735 1612 787 ὅτι
1650 736 1732 786 σοι

176 829 267 899 μὲν
298 826 534 888 κίνδυνος
560 824 682 878 οὐδὲ
726 818 805 886 εἷς
851 823 1105 893 γεννητὸν
1144 823 1413 891 είσάγοντι
1462 825 1551 878 τὸν
1580 823 1729 876 Υίόν.

173 917 245 970 Ού
272 920 373 987 γὰρ
399 914 473 985 μὴ
505 914 653 986 πάθῃ
671 930 723 965 τι
758 914 961 981 γεννῶν
995 916 1023 966 ὁ
1043 912 1331 984 ἀγέννητὸς
1359 913 1465 967 τῶν
1494 931 1731 985 σωματι-

172 1008 280 1062 κῶν
308 1025 366 1061 τε
400 1007 490 1061 καὶ
512 1005 729 1081 ύλικῶν,
762 1006 843 1059 ὅτι
868 1005 999 1076 μηδὲ
1038 1004 1213 1076 σῶμα,
1243 1006 1336 1057 καὶ
1363 1005 1517 1058 τοῦτο
1544 1010 1597 1059 αί
1620 1024 1732 1060 κοι-

172 1102 259 1155 ναὶ
302 1097 427 1169 περὶ
470 1096 604 1151 Θεοῦ
653 1096 1071 1167 παραχωροῦσιν
1121 1096 1431 1168 ὑπολήψεις.
1479 1098 1635 1150 Ὥστε
1680 1097 1732 1150 τί

174 1188 478 1261 φοϐούμεθα
513 1187 674 1257 φόϐον
713 1182 774 1242 οὗ
821 1188 895 1259 μὴ
935 1187 1047 1240 ἔστι
1079 1187 1259 1256 φόϐος,
1303 1188 1395 1240 καὶ
1431 1187 1732 1258 ἀσεϐοῦμεν

171 1278 435 1348 διακενῆς,
469 1277 496 1330 ὃ
526 1275 589 1347 δὴ
622 1276 869 1345 λέγεται;
918 1272 1069 1346 Ἐμοὶ
1090 1276 1144 1328 δὲ
1178 1276 1423 1339 κίνδυνος
1456 1277 1732 1348 ζημιωθῆ-

171 1388 257 1425 ναι
289 1364 531 1438 θεότητα,
577 1369 625 1420 εἰ
666 1368 725 1421 τὸ
775 1367 977 1437 κτίσμα
1021 1368 1445 1440 παραδεχοίμην.
1513 1369 1587 1420 Ού
1626 1370 1733 1440 γὰρ

172 1461 300 1524 Θεὸς
333 1460 392 1513 τὸ
420 1457 756 1528 κτιζόμενον,
809 1456 931 1509 οὐδὲ
971 1456 1284 1509 δεσποτικὸν
1323 1457 1384 1509 τὸ
1427 1456 1729 1527 ὁμόδουλον,

172 1552 270 1604 κᾶν
319 1546 385 1603 τά
428 1550 618 1620 πρῶτα
664 1547 894 1617 φέρηται
931 1546 1172 1609 δουλείας
1210 1547 1304 1600 καὶ
1345 1545 1592 1611 κτίσεως,
1640 1548 1734 1600 καὶ

170 1641 321 1695 τούτο
356 1641 511 1711 μόνον
553 1637 1056 1709 φιλανθρωπεύηται
1109 1636 1479 1709 ὑϐριζόμενον.
1528 1639 1585 1691 '0
1625 1637 1735 1711 γάρ

170 1735 265 1803 τῆς
296 1732 643 1803 ὀφειλομένης
683 1730 997 1801 ἀποστερῶν
1031 1732 1215 1801 τιμῆς,
1251 1732 1312 1783 ού
1359 1730 1557 1801 μᾶλλον
1600 1733 1736 1802 τιμᾷ

171 1825 247 1896 τῷ
272 1824 543 1893 διδομένῳ,
570 1820 603 1892 ἦ
636 1821 886 1891 ἀτιμάζει
926 1820 1002 1891 τῷ
1034 1820 1417 1892 ἀφαιρουμένῳ
1448 1820 1581 1892 (11),
1631 1822 1735 1877 κᾶν

142 1914 527 1997 ἦπροσποίησιν
558 1911 655 1983 ἔχῃ
684 1910 799 1983 (12)
824 1910 989 1982 τιμῆς
1020 1911 1081 1965 τὸ
1111 1911 1389 1983 γινόμενον
1419 1912 1552 1981 (15).

1833 734 2083 803 imperite
2107 770 2124 797 ,
2148 734 2240 786 sed
2269 747 2528 802 perquam
2551 734 2711 787 etiam
2746 736 3034 803 prudenter
3062 746 3117 791 et
3150 738 3383 792 circum-

1832 832 2013 894 specte
2040 838 2249 878 mecum
2291 833 2479 891 reputo
2498 864 2512 885 ,
2536 825 2629 879 tibi
2659 824 2873 893 quidem
2907 827 3039 881 nihil
3068 828 3290 896 periculi
3316 845 3384 883 ex

1832 927 1896 967 eo
1925 913 2206 967 imminere
2234 954 2248 977 ,
2283 913 2328 967 si
2362 913 2554 967 Filium
2600 917 2836 980 genitum
2894 920 3213 974 asserueris.
3269 917 3384 974 Non

1831 1002 1975 1056 enim
2005 1005 2293 1058 verendum
2344 1014 2467 1070 est,
2506 1021 2571 1059 ne
2619 1008 2884 1075 ingenitus
2917 1010 3118 1079 aliquid
3160 1026 3345 1066 eorum
3368 1053 3383 1074 .

1833 1108 1951 1162 qua:
1985 1095 2303 1163 corporibus
2343 1110 2409 1149 ac
2454 1098 2690 1151 materiae
2717 1099 3083 1162 conveniunt,
3121 1099 3172 1153 in
3218 1099 3377 1171 431

1836 1185 2103 1253 gignendo
2134 1186 2387 1252 patiatur,
2419 1202 2537 1239 cum
2572 1203 2636 1241 ne
2677 1204 2874 1257 corpus
2905 1182 3120 1258 quidem
3150 1192 3260 1255 sit,
3303 1192 3387 1245 id-

1837 1288 1941 1343 que
1963 1273 2043 1327 vel
2073 1289 2388 1329 communes
2418 1277 2545 1343 ipsae
2565 1278 2630 1328 de
2667 1276 2774 1331 Deo
2799 1278 3044 1331 notiones
3080 1278 3235 1332 facile
3268 1293 3389 1332 con-

1833 1366 2047 1418 cedunt.
2089 1362 2292 1429 Quare.
2347 1366 2471 1432 quid
2512 1366 2665 1418 nobis
2704 1366 2949 1421 timorem
2982 1367 3230 1435 tingimus
3259 1405 3271 1426 .
3298 1366 3387 1420 ubi

1836 1470 1939 1509 non
1972 1466 2056 1511 est
2098 1457 2280 1520 timor,
2317 1470 2379 1509 ac
2410 1456 2527 1511 sine
2553 1473 2713 1510 cansa
2744 1495 2757 1521 ,
2795 1467 2851 1509 ut
2877 1457 3035 1526 Vulgo
3070 1457 3174 1511 dici
3219 1456 3388 1524 solet,

1836 1546 1983 1616 impii
2013 1562 2198 1601 sumus
2219 1548 2243 1600 ἲ
2265 1548 2334 1600 At
2366 1561 2495 1600 vero
2534 1547 2663 1601 mihi
2696 1534 2990 1615 periculum
3028 1554 3111 1601 est
3134 1578 3149 1609 ,
3182 1563 3246 1601 ne
3275 1548 3389 1601 dei-

1836 1640 1961 1693 tatis
2002 1639 2275 1708 jacturam
2328 1638 2520 1692 faciam
2561 1677 2575 1702 ,
2637 1640 2683 1692 si
2732 1649 3034 1693 creaturam
3097 1640 3386 1693 admisero.

1836 1729 1943 1784 Nec
1982 1730 2125 1783 enim
2147 1766 2161 1793 ,
2195 1730 2285 1798 qui
2316 1742 2554 1794 creatur,
2584 1730 2723 1784 Deus
2748 1740 2862 1794 est;
2893 1746 2991 1785 nec
3038 1731 3131 1801 qui
3170 1738 3390 1787 consen-

1834 1810 1967 1889 vus,
1999 1823 2279 1889 Dominus,
2303 1823 2600 1892 quamlibet
2625 1823 2821 1890 alioqui
2852 1823 3052 1889 primas
3093 1824 3233 1877 inter
3270 1838 3390 1876 sera-

1834 1928 1931 1967 vos
1964 1923 2018 1967 et
2049 1928 2135 1968 res
2159 1924 2368 1968 creatas
2396 1914 2557 1978 ferat,
2586 1906 2746 1982 atque
2784 1914 2883 1966 hac
2905 1927 3008 1967 una
3035 1926 3093 1967 re
3115 1912 3165 1966 in
3202 1924 3393 1969 contui

175 2007 327 2062 melia
362 2006 649 2061 humanius
683 2005 961 2075 aliquanto
990 2013 1270 2059 tractetur.
1299 2003 1435 2058 Nam
1477 2005 1567 2074 qui
1592 2020 1715 2060 eum
1756 2005 1937 2060 debito
1982 2006 2188 2061 honore
2252 2007 2512 2071 fraudat,
2586 2020 2691 2059 non
2746 2005 2914 2074 magis
2954 2005 3125 2079 ipsum
3157 2034 3174 2071 ,
3212 2018 3307 2077 per
3340 2004 3393 2057 id

175 2098 313 2168 quod
363 2096 592 2162 tribuit,
649 2097 853 2150 honore
890 2096 1090 2160 allicit,
1118 2112 1278 2166 quam
1330 2109 1426 2165 per
1458 2096 1509 2151 id
1536 2136 1553 2163 ,
1622 2097 1769 2167 quod
1807 2097 2002 2168 eripit,
2035 2096 2384 2169 ignominiam
2447 2098 2497 2153 ei
2543 2099 2748 2163 inurit,
2785 2106 3058 2166 utcunque
3094 2108 3180 2151 res
3201 2110 3265 2152 ea
3295 2095 3393 2149 hoe

175 2188 321 2241 noris
346 2188 580 2256 speciem
614 2194 671 2240 et
708 2185 986 2239 obtentum
1018 2186 1233 2240 habeat.

244 2272 295 2332 Γ.
337 2279 442 2333 Καὶ
481 2279 534 2332 εί
562 2294 642 2331 σοι
671 2278 963 2331 πλάττεται
989 2277 1135 2350 πάθη
1165 2280 1295 2351 περὶ
1328 2279 1427 2351 τὴν
1456 2282 1727 2361 γέννησιν,

1902 2281 1971 2336 X.
2018 2279 2170 2347 Quod
2209 2280 2252 2335 si
2300 2279 2580 2349 passiones
2623 2279 2768 2333 circa
2831 2278 3233 2349 generationem
3296 2279 3393 2335 tibi

174 2370 337 2439 κάμοὶ
363 2370 489 2440 περὶ
511 2370 607 2440 τὴν
642 2369 816 2422 κτίσιν
838 2384 851 2399 ο
880 2370 1001 2422 οὐδὲ
1032 2370 1141 2442 γὰρ
1177 2370 1237 2423 τὸ
1277 2370 1590 2443 κτιξόμενον
1621 2373 1732 2443 (14)

174 2461 392 2525 ἀπαθῶς
438 2458 551 2515 οἶδα
593 2460 927 2532 κτιζόμενον.
959 2461 1020 2514 El
1047 2462 1103 2515 δὲ
1141 2463 1215 2534 μὴ
1244 2463 1565 2533 γεγέννηται
1594 2464 1735 2518 κατά

176 2553 237 2606 σὲ
268 2553 395 2622 (15),
432 2552 564 2623 μηδὲ
591 2551 801 2605 ἐκτισαι
830 2552 971 2607 κατά
1000 2552 1090 2605 τὸν
1116 2553 1287 2625 ἀληθῆ
1312 2554 1467 2622 λόγον
1499 2556 1630 2627 (16),
1660 2556 1737 2610 δέει

174 2643 261 2709 ξαι
282 2644 373 2699 τοῦ
400 2644 557 2713 λόγου
590 2662 670 2697 σοι
694 2644 754 2697 τὸ
776 2643 1112 2714 λειπόμενον,
1148 2647 1176 2698 ὁ
1199 2647 1393 2717 μικροῦ
1422 2648 1481 2700 τὸ
1510 2649 1622 2701 ἴσον
1649 2649 1737 2701 λέ-

172 2750 290 2803 γειν
312 2733 519 2804 τολμῶν
549 2733 637 2787 διά
660 2734 761 2804 τῆς
780 2734 1147 2809 προσηγορίας
1170 2736 1262 2801 τοῦ
1291 2737 1583 2808 κτίσματος
1599 2738 1733 2809 (17).

171 2825 267 2879 Σοὶ
300 2826 394 2895 μὲν
423 2820 514 2878 οὖν
534 2825 684 2879 οὐδὲν
717 2825 1146 2897 ἀνεπιχείρητον,
1176 2826 1295 2879 οὐδὲ
1324 2827 1623 2902 ἀτόλμητον
1660 2828 1738 2900 τῷ

170 2914 329 2987 κακῴ
359 2915 625 2987 βραϐευτῇ
668 2916 759 2969 καὶ
800 2916 1044 2987 διαιτητῇ
1086 2917 1184 2988 τῆς
1222 2916 1470 2989 θεότητος
1495 2936 1507 2948 ·
1540 2920 1601 2971 ού
1629 2919 1736 2992 γάρ

170 3003 318 3078 εἶχες
366 3007 539 3072 ἄλλως
577 3008 897 3080 εὐδοκιμεῖν,
949 3010 982 3081 ἢ
1034 3011 1251 3083 μακράν
1291 3012 1566 3066 ἐκϐάλλων
1606 3014 1737 3069 Θεὸν

172 3099 501 3164 δεσποτείας,
538 3100 722 3172 ὥσπερ
749 3100 981 3155 ἐνταῦθα
1005 3104 1052 3155 οί
1079 3104 1387 3173 τυραννικοὶ
1406 3104 1495 3157 τὸν
1517 3106 1733 3177 τρόπον,

171 3187 271 3243 καὶ
312 3190 675 3244 πλεονεκτικοὶ
709 3192 837 3255 τοὺς
878 3191 1313 3265 ἀσθενεστέρους.
1353 3193 1491 3264 Ἐγὼ
1526 3195 1581 3249 δὲ
1612 3196 1738 3267 μίαν

173 3283 377 3351 φωνὴν,
411 3282 508 3353 τὴν
538 3282 706 3353 αὐτὴν
729 3280 821 3335 καὶ
848 3282 1107 3353 σύντομον
1132 3283 1451 3355 φθέγξομαι.
1476 3285 1645 3358 Τριάς
1664 3288 1739 3351 ὡς

173 3372 391 3443 ἀληθῶς
438 3375 471 3444 ἡ
508 3373 695 3443 Τριάς,
731 3374 964 3443 ἀδελφοί.
995 3373 1164 3445 Τριάς
1200 3375 1277 3439 δὲ,
1319 3376 1378 3429 οὐ
1404 3379 1739 3448 πραγμάτων

172 3465 375 3517 ἀνίσων
404 3465 511 3535 (18)
542 3466 914 3537 ἀπαρίθμησις
949 3465 1002 3537 (ἢ
1044 3466 1097 3520 τί
1141 3467 1359 3533 κωλύει,
1394 3470 1487 3523 καὶ
1519 3470 1737 3537 δεκάδα,

174 3555 272 3608 καὶ
300 3555 642 3620 ἐκατοντάδα,
673 3557 767 3610 καὶ
794 3558 1026 3629 μυριάδα
1064 3558 1348 3630 ὀνομάζειν
1396 3560 1533 3631 μετὰ
1556 3561 1740 3615 τοσού-

1836 2372 2033 2442 ﬁngis,
2080 2386 2183 2440 ego
2232 2385 2445 2440 quoque
2490 2369 2630 2423 idem
2681 2370 2825 2424 circa
2880 2371 3211 2425 creationem
3258 2368 3391 2424 mihi

1837 2464 2059 2533 fingam.
2092 2460 2228 2515 Nam
2276 2475 2342 2515 ne
2396 2460 2448 2514 id
2503 2460 2715 2529 quidem
2740 2498 2757 2524 ,
2801 2460 2945 2529 quod
2981 2464 3218 2525 creatur,
3256 2461 3395 2519 citra

1834 2553 2141 2623 passionem
2178 2561 2414 2606 creatur.
2472 2550 2623 2617 Quod
2684 2552 2728 2605 si
2770 2567 2865 2605 nec
2924 2554 3136 2621 genitus
3185 2563 3304 2615 est,
3335 2558 3393 2605 ut

1841 2644 1956 2713 ipse
1978 2643 2147 2697 sentis
2172 2682 2187 2707 ,
2221 2658 2321 2696 nec
2349 2652 2563 2696 creatus
2584 2680 2600 2706 ,
2631 2641 2771 2710 quod
2798 2642 2995 2696 veritas
3019 2642 3181 2695 sentit
3204 2672 3218 2705 ,
3250 2641 3394 2711 quod

1842 2734 1937 2810 tibi
1967 2733 2232 2802 reliquum
2264 2743 2387 2797 est,
2428 2734 2611 2801 accipe
2632 2772 2648 2797 ,
2678 2731 2770 2801 qui
2793 2745 2887 2800 per
2905 2743 3165 2785 creatum
3194 2745 3393 2784 nomen

1836 2841 1901 2880 eo
1929 2841 2065 2896 pene
2095 2825 2334 2880 audaciae
2366 2824 2670 2892 prorumpis
2695 2863 2710 2888 ,
2760 2833 2818 2881 ut
2859 2823 2997 2878 idem
3029 2823 3195 2877 dicas.
3230 2825 3309 2877 Ac
3338 2832 3395 2875 tu

1838 2918 2087 2986 quidem,
2126 2916 2266 2970 male
2320 2916 2536 2970 deitatis
2578 2915 2741 2982 judex
2793 2923 2953 2984 atque
2997 2915 3222 2980 arbiter,
3260 2915 3396 2969 nihil

1839 3008 2161 3063 intentatum
2202 3007 2499 3075 relinquis,
2532 3008 2667 3062 nihil
2715 3023 2821 3061 non
2856 3008 3058 3071 audes;
3095 3024 3198 3062 non
3249 3008 3395 3061 enim

1838 3100 1944 3155 alia
1981 3101 2192 3156 ratione
2224 3115 2416 3154 nomen
2460 3110 2608 3154 tuum
2660 3099 2935 3154 illustrare
2958 3108 3170 3167 poteras
3190 3137 3205 3163 ,
3234 3115 3392 3165 quam

1840 3194 1886 3249 si
1911 3232 1928 3260 ,
1960 3201 2018 3247 ut
2041 3193 2134 3262 qui
2160 3193 2457 3262 tyrannicis
2479 3203 2605 3246 sunt
2627 3190 2890 3257 moribus,
2914 3200 3073 3261 atque
3098 3191 3163 3245 ad
3191 3190 3396 3246 alienas

1840 3286 2128 3342 facultates
2158 3284 2469 3354 eripiendas
2519 3284 2814 3353 propensi,
2857 3282 3188 3338 infirmiores
3220 3284 3398 3338 homid

1841 3394 1956 3443 nes,
1988 3378 2173 3432 eodem
2213 3384 2266 3429 tu
2312 3391 2522 3445 quoque
2556 3375 2712 3430 modo
2761 3375 2921 3429 Deum
2961 3374 3030 3430 ab
3072 3375 3302 3446 imperio
3342 3386 3399 3431 et

1841 3470 2208 3526 dominatione
2238 3468 2424 3537 procul
2451 3467 2817 3523 submoveres.
2858 3467 2969 3537 Ego
2995 3476 3208 3534 contra,
3233 3483 3398 3523 unam

1842 3577 2026 3616 vocem
2052 3594 2066 3623 ,
2092 3575 2317 3629 eamque
2346 3561 2561 3614 brevem
2593 3566 2649 3612 et
2696 3559 3128 3628 compendiosam
3149 3600 3165 3625 ,
3198 3561 3394 3616 habeo.

172 3662 284 3699 των
318 3646 728 3720 συντιθεμένην;
771 3649 939 3704 πολλά
967 3650 1075 3723 γάρ
1102 3652 1168 3705 τὰ
1195 3651 1573 3725 ἀριθμούμενα
1603 3654 1734 3726 (19),

1845 3654 2085 3707 Trinitas
2117 3668 2243 3706 vere
2267 3651 2505 3705 Trinitas
2543 3658 2627 3706 est
2656 3687 2673 3713 ,
2718 3648 2932 3705 fratres.
2970 3649 3211 3707 Trinitas
3240 3665 3400 3721 porro

172 3737 271 3791 καὶ
307 3737 473 3791 πλείω
507 3739 752 3812 τούτων),
788 3741 899 3795 ἀλλ’
936 3742 1064 3795 ἴσων
1104 3740 1197 3797 καὶ
1244 3745 1519 3816 ὁμοτίμων
1548 3745 1739 3817 σύλλη-

171 3825 289 3895 ψις,
315 3828 536 3900 ἐνούσης
555 3830 652 3899 τῆς
671 3831 1038 3903 προσηγορίας
1058 3832 1129 3886 τὰ
1153 3834 1402 3904 ἡνωμένα
1423 3837 1486 3889 ὲκ
1508 3836 1740 3905 φύσεως,

172 3917 274 3970 καὶ
306 3917 405 3971 ούκ
443 3919 619 3992 ἐώσης
650 3922 1007 3993 σκεδασθῆναι
1039 3924 1256 3995 ἀριθμῷ
1294 3924 1538 3998 λυομένῳ
1563 3927 1631 3981 τὰ
1663 3927 1737 3998 μὴ

172 4006 430 4077 λυόμενα.

1846 3754 1952 3792 non
1987 3738 2330 3807 inmqualium
2372 3753 2550 3792 rerum
2593 3739 2926 3793 enumeratio
2957 3749 3042 3794 est
3070 3740 3218 3810 (quid
3250 3743 3395 3796 enim

1842 3828 2043 3899 alioqui
2076 3829 2393 3900 prohibeat,
2420 3829 2568 3898 quin,
2596 3838 2650 3882 et
2676 3829 2956 3896 decadem,
2982 3840 3039 3886 et
3066 3833 3396 3900 centuriam,

1841 3938 1909 3977 ac
1933 3921 2230 3992 myriadem
2264 3922 2623 3989 nominemus,
2656 3923 2700 3977 si
2724 3938 2855 3977 cum
2885 3932 2964 3977 tot
2986 3926 3228 3980 numeris
3243 3940 3394 3980 com-

1834 4013 2105 4085 ponatur?
2133 4011 2297 4087 Multa
2318 4013 2516 4083 quippe
2535 4053 2551 4078 ,
2587 4015 2865 4083 multoque
2896 4014 2980 4070 his
3004 4015 3158 4084 plura
3211 4016 3265 4071 in
3296 4033 3397 4071 ιιιιο

171 4114 388 4156 merum
440 4101 711 4171 cadunt);
760 4104 855 4158 sed
897 4104 1179 4174 aequalium
1204 4114 1259 4159 et
1289 4107 1492 4163 honore
1559 4107 1765 4177 parium
1807 4105 2145 4174 complexio,
2210 4120 2331 4159 cum
2382 4105 2586 4159 scilicet
2652 4120 2842 4161 nomen
2887 4121 2993 4173 ea,
3038 4121 3159 4177 qua:
3208 4118 3399 4163 natura

174 4191 332 4245 unita
358 4200 538 4271 sunt,.
568 4205 854 4249 connectat
875 4234 890 4260 ,
930 4212 1027 4249 nec
1052 4236 1067 4259 ,
1115 4212 1235 4265 qua:
1282 4198 1599 4253 solutionem
1631 4199 1879 4255 nesciant
1900 4238 1916 4264 ,
1945 4198 2213 4254 deﬂuente
2243 4212 2465 4252 numero
2502 4198 2751 4267 dissipari
2779 4199 2942 4253 sinat.

246 4282 350 4336 IA'.
376 4280 528 4336 Οὕτω
550 4285 872 4356 φρονοῦμεν,
897 4289 989 4342 καὶ
1008 4286 1178 4353 οὕτως
1198 4290 1410 4361 ἔχομεν,
1434 4288 1572 4345 ὥστε
1593 4293 1741 4356 ὅπως

174 4372 280 4442 μὲν
310 4372 421 4443 ἔχει
452 4372 561 4445 (90)
592 4375 759 4429 ταῦτα
787 4378 922 4449 πρὸς
943 4379 1144 4449 ἄλληλα
1173 4380 1403 4450 σχέσεώς
1427 4400 1485 4435 τε
1518 4383 1612 4436 καὶ
1647 4385 1743 4436 τά-

175 4463 335 4527 ξεως,
362 4466 496 4537 αύτῇ
522 4461 653 4539 μόνῃ
676 4471 738 4539 τῇ
768 4470 956 4541 Τριάδι
985 4475 1283 4542 συγχωρεῖν
1306 4472 1523 4538 εἰδέναι,
1548 4475 1640 4528 καὶ
1662 4471 1741 4540 οἷς

169 4558 242 4613 ἂν
262 4562 295 4629 ἡ
322 4559 490 4630 Τριάς
517 4561 836 4633 ἀποκαλύψῃ
861 4563 1307 4635 κεκαθαρμένοις,
1333 4564 1501 4633 ἢνῦν,
1529 4565 1562 4637 ἢ
1596 4566 1748 4619 ὓστε-

176 4667 274 4719 ρον
296 4666 309 4679 ο
343 4651 496 4703 αὐτοὶ⁸
529 4651 583 4703 δὲ
621 4652 746 4721 μίαν
781 4653 873 4705 καὶ
893 4652 989 4722 τὴν
1018 4653 1184 4723 αὐτὴν
1214 4654 1407 4706 εἰδέναι
1436 4655 1596 4722 φύσιν
1628 4653 1745 4707 θεό-

170 4755 362 4809 τητος,
393 4741 632 4812 ἀνάρχῳ,
676 4744 768 4795 καὶ
799 4745 1067 4814 γεννήσει,
1100 4744 1193 4796 καὶ
1242 4734 1453 4816 προόδῳ
1484 4744 1747 4816 γνωριζο-

173 4833 377 4905 μένην,
403 4835 477 4896 ὼς
510 4833 584 4904 νῷ
615 4833 693 4905 τῷ
740 4836 796 4888 ὲν
836 4836 986 4906 ἡμῖν,
1018 4836 1111 4887 καὶ
1150 4836 1315 4907 λόγῳ,
1364 4838 1456 4890 καὶ
1485 4837 1747 4911 πνεύματι

1925 4291 2019 4347 XI.
2046 4292 2136 4347 Sic
2156 4292 2438 4359 sentimus,
2472 4292 2550 4345 sic
2572 4292 2751 4346 animo
2778 4292 2953 4346 allecti
2983 4307 3189 4357 sumus,
3219 4293 3292 4348 ita
3328 4302 3401 4348 tae

1848 4399 2013 4451 men,
2051 4393 2142 4451 ut,
2194 4398 2353 4453 quam
2414 4382 2731 4457 relationem
2789 4395 2949 4451 atque
2984 4384 3239 4439 ordinem
3285 4387 3399 4440 haec

1848 4472 1990 4526 inter
2016 4487 2075 4526 se
2122 4474 2389 4537 habeant,
2435 4464 2684 4527 Trinitati
2742 4470 2843 4538 ipsi
2894 4472 3031 4539 soli,
3061 4488 3124 4526 ac
3171 4484 3397 4543 purgata

1846 4572 2028 4618 mente
2073 4564 2400 4629 hominibus,
2426 4563 2642 4631 quibus,
2689 4562 2775 4616 vel
2821 4564 2873 4617 in
2909 4563 3013 4618 hac
3055 4566 3161 4619 vita
3189 4604 3205 4629 ,
3232 4566 3313 4619 vel
3342 4566 3397 4621 in

1846 4666 2117 4725 posterum
2168 4652 2407 4711 Trinitas
2441 4656 2491 4710 id
2545 4654 2902 4727 patefecerit,
2936 4658 3267 4725 noscendum
3314 4660 3400 4711 re“—

1845 4746 2168 4816 linquamus.
2226 4732 2335 4802 Nos
2377 4759 2553 4801 autem
2604 4763 2761 4801 unam
2802 4755 2856 4803 et
2890 4749 3133 4803 eamdem
3180 4747 3398 4803 deitatis

1846 4845 2097 4892 naturam
2142 4844 2439 4913 teneamus.
2483 4852 2600 4895 una:
2642 4853 2709 4894 ex
2738 4839 2988 4910 principii
3042 4848 3300 4906 experte,
3345 4846 3400 4893 et

248 5053 365 5126 (11)
414 5056 860 5126 Ἀςεαιρουμένῳ.
907 5058 1077 5130 Regg.
1120 5056 1232 5122 bm,
1276 5060 1365 5123 hu,
1414 5057 1737 5130 ὑφαιρουμέι

1859 5132 1870 5134 _
1916 5061 2027 5133 (16)
2066 5062 2226 5134 Κατὰ
2254 5063 2357 5116 τὸν
2380 5060 2573 5131 ἀληθῆ
2602 5060 2803 5133 λόγον.
2836 5064 2923 5119 Sic
2953 5066 3082 5134 Reg.
3112 5068 3201 5127 hu.
3230 5065 3395 5121 Coisl.

167 5144 366 5267 νῳξιο)
409 5196 573 5266 nam.
630 5194 719 5251 Sic
766 5197 933 5267 Regg.
975 5196 1087 5262 bm,
1116 5196 1209 5265 hu,
1243 5208 1291 5254 el
1324 5199 1417 5256 Or.
1456 5199 1507 5253 1.
1539 5199 1595 5253 ιη
1632 5201 1739 5264 ed.,

199 5284 292 5318 γει

247 5338 269 5409 f
282 5337 368 5409 β)
414 5336 482 5389 Τὸ
503 5336 841 5409 γινόμενον.
875 5334 1039 5409 cois].
1066 5337 1115 5399 1,
1151 5336 1211 5390 τὸ
1237 5337 1529 5409 διδόμενον.

246 5403 365 5475 (14)
408 5403 557 5459 Οὐδὲ
586 5409 695 5472 γὰρ
731 5405 797 5457 τὸ
831 5403 1185 5475 κτιζόμενον.
1233 5403 1588 5463 (Iouibeiisius
1619 5424 1741 5464 ver-

162 5477 290 5529 tit:
334 5494 354 5526 ι
408 5476 555 5546 neid
600 5476 809 5542 quidem
851 5479 997 5546 quod
1036 5489 1207 5539 creat,
1258 5479 1390 5532 citra
1445 5481 1741 5546 passionem

161 5554 350 5620 creat.
392 5563 411 5597 ι
463 5545 727 5599 Cmterum
761 5545 812 5598 id
842 5544 1013 5599 fusius
1052 5546 1103 5600 in
1133 5545 1228 5601 0r.
1277 5564 1346 5602 xx
1396 5544 1473 5601 De
1504 5550 1745 5620 dogmate

158 5615 505 5683 explicatur.

248 5682 766 5762 (iSLCgémznat
793 5683 941 5762 κατᾲ
968 5684 1071 5762 σέ..
1094 5683 1371 5762 Siccodd.
1401 5687 1477 5746 Ita
1510 5687 1640 5762 legit
1679 5703 1743 5747 ac

160 5752 358 5810 vertit
382 5754 581 5809 Billius.
623 5752 778 5807 Deest
806 5754 945 5806 κατὰ
976 5754 1035 5806 σέ
1059 5756 1111 5808 in
1140 5761 1226 5810 ed.

501 5851 769 5909 ΡΑτιιοι..
814 5848 929 5909 Gn.
966 5850 1231 5913 XXXV.

1850 5132 1934 5213 in,"
1956 5132 2062 5187 etc.
2096 5133 2219 5187 Haec
2248 5137 2438 5188 desunt
2480 5137 2531 5187 iu
2572 5132 2723 5201 edit,
2756 5138 3001 5205 quamvis
3025 5132 3054 5189 ὁ
3093 5135 3245 5191 Billio
3279 5138 3399 5192 reda

1846 5203 2027 5342 (11⁸8⁸7)
2064 5272 2417 5346 Κτίσματος.
2450 5273 2610 5327 Coisl.
2648 5274 2671 5327 1
2709 5274 2873 5340 addit,
2896 5276 2977 5346 ότι
3012 5274 3145 5346 μηδὲ
3170 5274 3297 5335 εῖδει
3319 5276 3398 5329 ἑνὶ

1846 5342 2323 5406 κατασκευάζεται,
2378 5362 2396 5394 ι
2449 5346 2591 5413 quod
2643 5359 2740 5398 nec
2785 5347 2874 5400 uni
2924 5342 3111 5400 forma:
3169 5349 3399 5400 instrua‘

2078 5483 2341 5536 Ἀνίσων.
2372 5482 2602 5538 Billius:
2643 5502 2662 5536 ι
2699 5484 3049 5539 diversarum.
3085 5504 3103 5538 ι

1858 5620 1878 5623 _
1920 5553 2011 5623 (19
2076 5554 2156 5607 Τὰ
2187 5554 2600 5623 ἀριθμούμενα.
2662 5555 2753 5609 Sic
2809 5553 2983 5623 Regg.‘
3032 5560 3102 5610 bu

1920 5553 2156 5627 (19)er
2187 5554 2600 5627 ἀριθμούμενα.
2662 5555 2753 5609 Sic
2809 5553 2983 5627 Regg.‘
3032 5560 3142 5622 btlt,
3195 5553 3287 5620 hu,
3345 5564 3399 5610 et

1846 5620 1940 5677 0r.
1976 5620 2027 5679 1.
2066 5620 2389 5679 Ποθειήτάίη
2424 5620 2551 5679 edit.
2588 5660 2589 5663 η

1920 5692 2030 5764 (20)
2074 5694 2259 5766 Ἔχει.
2289 5697 2368 5751 Ita
2392 5695 2519 5766 Reg.
2540 5694 2639 5763 hu,
2663 5703 2720 5753 et.
2748 5693 2841 5751 0r.
2875 5696 2926 5753 1.
2950 5696 3083 5761 Alii,
3114 5695 3231 5770 ιχῃ.

3088 5856 3161 5917 37
