3932 6522
552 365 686 425 Ησὸ
1723 363 1778 418 S.
1820 362 2119 420 GREGORI

2230 360 2526 418 HEOLOGI
3302 354 3305 359 ’
3628 358 3659 412 1
3683 353 3796 413 ιδι

550 481 887 556 generatione
908 521 921 545 ,
949 485 1001 533 et
1062 477 1404 547 processione
1441 480 1773 549 agnoscitur,
1827 480 2090 551 quemad-
2118 536 2119 539 η

2229 480 2334 531 5σον
2368 478 2581 530 εἰκάσαι
2617 478 2726 538 τοῖς
2762 473 3036 546 αἰσθητοῖς
3084 475 3151 528 τά
3180 474 3363 545 νοητὰ,
3399 474 3646 537 καὶτοῖς
3691 491 3795 543 μι-

551 574 763 629 modum
798 569 848 623 id
888 568 1027 638 quod
1065 568 1217 622 nobis
1244 569 1380 622 inest
1407 607 1423 633 ,
1452 578 1660 634 mente,
1695 585 1943 624 sermone
1970 612 1984 637 ,
2030 586 2095 627 ac

2229 574 2347 643 ;ροῖς
2370 571 2437 623 τὰ
2467 568 2717 641 μέγιστα,
2745 566 2928 638 ἐπειδὴ
2957 566 3191 637 μηδεμία
3218 564 3377 618 εἰκὼν
3401 564 3593 633 φθάνει
3636 564 3797 633 πρὸς

550 664 738 735 spiritu
760 661 919 733 432
948 659 1260 730 intelligitur
1298 667 1577 728 (quantum
1624 660 1837 730 quidem
1868 676 1935 716 ex
1968 676 2096 716 sen-

2232 664 2295 733 ὴν
2329 661 2626 732 ἀλήθειαν),
2661 659 2825 730 αὐτὴν
2865 660 3028 729 ἑαυτῇ
3070 658 3485 728 συμϐαίνουσαν,
3526 657 3621 709 ἀεὶ
3684 656 3798 724 τὴν

550 749 813 811 sibilibus,
844 762 931 811 ea,
973 761 1091 816 qua:
1134 746 1313 800 animo
1337 754 1391 801 et
1438 748 1648 802 ratione
1693 748 2088 819 intelliguntur,

2229 754 2385 825 ὑτὴν,
2436 752 2521 806 de).
2559 752 2789 811 τελείαν.
2824 749 3030 813 ἄποιον,
3072 750 3294 812 ἄποσον,
3333 750 3578 819 ἄχρονον,
3615 747 3799 799 ἄκτι-

552 851 709 909 atque
732 853 797 894 ex
826 837 1005 907 parvis
1030 837 1257 891 maxima
1281 836 1549 905 conjicere
1579 854 1887 909 possumus,
1917 856 2096 910 quan-

2229 862 2344 907 τον,
2388 842 2775 912 ἀπερίληπτον,
2817 839 3008 893 οὔποτε
3057 838 3345 892 λείπονσαν
3396 838 3503 907 (21)
3538 836 3796 905 ἑαυτῆς,

552 932 830 1001 tloquidem
859 928 1000 983 nulla
1046 930 1221 997 imago
1265 929 1547 984 veritatem
1595 931 1809 1000 assequi
1845 935 2041 1003 potest)
2073 972 2089 998 ,

2231 934 2321 987 ὖτε
2344 933 2629 1002 λείψουσαν
2650 948 2661 959 ·
2692 931 2835 995 ζωὰς
2860 931 2953 984 καὶ
2982 927 3145 1000 ζωὴν,
3173 930 3327 999 φῶτα
3350 930 3441 981 καί¹
3464 928 3601 996 φῶς,
3633 928 3799 993 ἀγα·
3857 942 3865 953 ·

553 1027 719 1095 ipsam
795 1039 977 1080 secum
1055 1022 1373 1077 concordem
1409 1063 1423 1085 ,
1495 1036 1710 1089 semper
1787 1023 2035 1076 eamdem
2082 1064 2097 1089 ,

2236 1026 2269 1079 ὰ
2302 1026 2393 1078 καὶ
2424 1022 2643 1092 ἀγαθὸν,
2680 1022 2835 1085 δόξας
2873 1021 2967 1073 καὶ
3001 1021 3175 1086 δόξαν,
3210 1019 3461 1089 ἀληθινὸν
3504 1018 3601 1070 καὶ
3636 1018 3795 1085 ἀλή-

553 1131 767 1185 semper
814 1114 1106 1187 perfectam
1128 1154 1145 1180 ,
1194 1114 1495 1184 qualitatis,
1524 1115 1862 1183 quantitatis,
1895 1123 2099 1183 tempo-

2229 1134 2371 1180 ηειαν,
2406 1117 2499 1167 καὶ
2527 1114 2741 1185 πνεῦμα
2766 1114 2865 1183 τῆς
2898 1112 3169 1183 ἀληθείας,
3197 1112 3327 1180 ἆγια
3363 1112 3456 1163 καὶ
3477 1108 3796 1176 αὐτοαγιό-

552 1211 631 1265 ris
657 1217 927 1277 expertem
950 1246 965 1271 ,
991 1208 1286 1261 increatam
1309 1247 1324 1271 ,
1352 1214 1510 1274 atque
1538 1206 1802 1274 ejusmodi
1836 1247 1851 1270 ,
1895 1214 1953 1258 ut
2002 1219 2103 1259 nec

2229 1226 2361 1280 ητα·
2393 1207 2520 1260 Θεὸν
2552 1207 2802 1269 ἕκαστον,
2824 1204 2888 1259 ἂν
2921 1204 3188 1277 Θεωρῆται
3221 1204 3397 1273 μόνον,
3427 1202 3520 1255 τοῦ
3548 1200 3649 1254 νοῦ
3684 1219 3797 1271 χω-

552 1299 599 1353 ei
629 1296 915 1368 quidquam
943 1310 1171 1364 unquam
1202 1293 1463 1359 defuerit,
1502 1310 1601 1349 nec
1634 1294 1940 1348 defuturum
1990 1295 2058 1349 sit
2082 1333 2098 1357 ,

2229 1301 2441 1365 »ίζοντος
2479 1298 2549 1351 τά
2578 1296 2882 1369 ἀχώριστα·
2920 1297 3053 1350 Θεὸν
3086 1298 3154 1350 τὰ
3180 1296 3327 1368 τρία,
3370 1295 3485 1365 μετ’
3522 1294 3794 1364 ἀλλήλων

553 1387 1166 1457 incompreliensibilem,
1194 1400 1465 1454 nunquam
1494 1399 1551 1437 se
1586 1384 1921 1438 deserentem
1945 1422 1962 1447 ,
2004 1398 2103 1436 nec

2229 1393 2462 1462 νοούμενα
2490 1390 2567 1460 τῷ
2601 1390 2777 1460 ταυτῷ
2822 1388 2921 1459 τῆς
2962 1391 3230 1457 κινήσεως
3266 1387 3361 1439 καὶ
3387 1386 3485 1456 τῆς
3518 1385 3751 1454 φύσεως
3771 1398 3792 1413 δ

555 1484 918 1537 deserturam:
950 1480 1087 1533 vitas
1108 1489 1161 1533 et
1184 1478 1366 1540 vitam,
1390 1478 1588 1532 lumina
1630 1487 1684 1531 et
1718 1478 1925 1541 lumen,
1954 1477 2093 1531 bona

2229 1484 2323 1536 ιῠτε
2346 1483 2483 1553 ὑπὲρ
2517 1483 2713 1551 ἑαυτήν
2743 1498 2795 1533 τι
2821 1479 3237 1539 καταλιποῦσαν,
3273 1478 3306 1549 ἦ
3335 1479 3657 1548 ὑπερϐᾶσαν
3688 1476 3792 1529 ἆλ-

554 1584 608 1629 et
644 1574 837 1627 bonum
864 1612 878 1636 ,
902 1570 1097 1642 glorias
1122 1579 1175 1624 et
1202 1569 1454 1640 gloriam,
1489 1583 1671 1622 verum
1700 1579 1755 1624 et
1795 1568 2098 1634 veritatem,

2229 1592 2264 1627 .o
2304 1590 2387 1626 τι·
2436 1573 2495 1625 οὐ
2530 1572 2637 1643 γὰρ
2665 1567 2761 1641 ἦν’
2798 1569 2919 1623 οὕτε
2963 1570 3079 1641 μεθ’
3112 1571 3307 1641 ἑαυτήν
3331 1587 3382 1623 τι
3412 1568 3791 1638 καταλείψου-

556 1678 619 1717 ac
640 1662 888 1733 spiritum
912 1660 1157 1715 veritatis
1185 1699 1200 1725 ,
1249 1669 1431 1713 sancta
1460 1667 1512 1713 et
1538 1659 1819 1728 ipsammet
1847 1658 2105 1713 sanctita-

2229 1684 2303 1719 ταν
2337 1665 2471 1734 (22),
2512 1665 2544 1736 ἢ
2588 1662 3067 1735 ὑπερϐησομένην·
3112 1663 3211 1716 οὐκ
3262 1662 3413 1715 ἔσται
3453 1663 3599 1732 γάρ’
3648 1660 3785 1715 οὔτε

558 1765 663 1809 tem
695 1772 709 1807 :
737 1754 901 1807 Deum
929 1753 1365 1820 unumquodque,
1394 1751 1437 1804 si
1465 1751 1755 1819 separatim
1792 1750 2101 1804 considere-

2229 1756 2327 1809 ιεθ’
2372 1757 2567 1825 ἑαυτῆς
2612 1773 2663 1808 τι
2721 1755 3157 1827 παραδεχομένην
3206 1754 3498 1825 ὁμότιμονο
3550 1756 3614 1806 οὐ
3663 1754 3789 1824 γὰρ

558 1856 663 1908 tur,
704 1853 880 1897 mente
907 1842 1191 1906 videlicet,
1239 1855 1301 1895 ea
1362 1854 1481 1909 quae
1512 1840 1748 1910 separari
1781 1850 2097 1909 nequeunt,

2234 1848 2499 1917 φικνεῖταί
2550 1865 2602 1899 τι
2646 1848 2751 1900 τῶν
2798 1847 3048 1911 κτιστῶν,
3090 1846 3182 1898 καὶ
3230 1844 3453 1910 δούλων,
3498 1844 3594 1897 καὶ
3642 1861 3784 1914 μετ-

558 1942 837 2003 separante
864 1946 880 1985 :
904 1932 1067 1985 Deum
1099 1944 1283 1984 rursus
1305 1929 1418 1984 haec
1446 1929 1546 1983 tria
1571 1970 1588 1996 ,
1616 1930 1661 1984 si
1692 1930 1906 1999 quidem
1935 1928 2097 1983 simul

2229 1939 2457 2009 ιχόντων,
2486 1938 2579 1991 καὶ
2604 1936 2987 2009 περιγραπτῶν
3013 1936 3107 2006 τῆς
3136 1935 3416 1999 ἀκτίστου,
3454 1935 3547 1987 καὶ
3575 1934 3787 1987 δεσπο-

558 2025 941 2095 intelligantur,
978 2022 1046 2076 ob
1082 2022 1325 2076 eumdem
1356 2030 1556 2075 motum
1580 2030 1632 2076 et
1666 2022 1907 2076 eamdem
1941 2028 2104 2075 natu-

2229 2029 2385 2099 τικῆς,
2412 2030 2502 2082 καὶ
2537 2026 2939 2101 μεταληπτικῆς
2970 2027 3103 2097 (25),
3133 2028 3228 2078 καὶ
3268 2026 3497 2095 ἀπείρου
3531 2014 3778 2091 φύσεως.

558 2130 671 2168 ram
704 2132 716 2167 :
747 2128 865 2167 eam
899 2112 1162 2166 rationem
1209 2111 1490 2165 habentem
1518 2151 1535 2175 ,
1566 2121 1623 2164 ut
1672 2126 1771 2167 nec
1825 2127 1985 2182 supra
2041 2129 2100 2171 se

2229 2121 2293 2175 [ἀ
2329 2119 2427 2191 μὲν
2450 2121 2555 2189 γὰρ
2583 2120 2755 2189 πάντη
2786 2119 2992 2190 πόρρω,
3013 2118 3081 2171 τά
3108 2116 3164 2170 δὲ
3198 2116 3377 2179 ποσῶς
3404 2115 3782 2187 πλησιάζοντα

557 2206 845 2274 quidquam
886 2203 1196 2273 reliquerit,
1228 2211 1320 2256 aut
1366 2203 1505 2256 aliud
1534 2202 1821 2271 quidquam
1880 2220 2106 2275 supera-

2229 2216 2306 2270 ιαὶ
2337 2215 2699 2285 πλησιάσοντα
2724 2229 2738 2243 '
2769 2212 2862 2266 καὶ
2895 2209 3048 2265 τοῦτο
3075 2210 3134 2263 οὐ
3166 2210 3342 2279 φύσει,
3370 2209 3501 2263 ἀλλά
3538 2208 3781 2279 μεταλή-

558 2299 818 2364 rit;nihil
841 2298 981 2351 enim
1010 2305 1163 2350 erat:
1208 2310 1308 2350 nec
1350 2310 1537 2351 rursus
1563 2296 1852 2365 quidquam
1892 2308 2012 2366 post
2049 2314 2110 2355 se

2229 2306 2326 2377 pst,
2373 2307 2466 2360 καὶ
2501 2305 2722 2375 πηνίκα,
2756 2304 2884 2357 ὅταν
2918 2302 2978 2355 τὸ
3026 2301 3303 2354 δουλεῦσαι
3334 2301 3444 2372 (24)
3475 2301 3657 2364 καλῶς
3704 2303 3777 2370 τῇ

559 2386 810 2440 relictura
846 2394 937 2438 aut
987 2392 1303 2454 superatura
1349 2384 1459 2451 sit;
1492 2384 1626 2438 nihil
1673 2386 1817 2439 enim
1858 2386 2100 2442 futurum

2229 2398 2421 2470 Γριάδι,
2458 2396 2594 2469 ὑπὲρ
2646 2395 2743 2466 τὴν
2775 2393 3012 2448 δουλείαν
3054 2393 3311 2463 γένηται·
3361 2393 3515 2463 εἴπερ
3564 2392 3641 2462 μὴ
3678 2392 3779 2443 καὶ

558 2486 684 2531 est:
728 2492 825 2531 nec
859 2476 1086 2545 denique
1112 2490 1295 2531 secum
1344 2475 1549 2545 aliquid
1580 2477 1785 2546 aequale
1817 2479 2107 2547 admittat;

2229 2489 2361 2543 τοῦτο
2391 2489 2520 2542 αὐτὸ
2546 2490 2578 2557 ἡ
2605 2484 2880 2556 ἐλευθερία
2903 2484 2999 2536 καὶ
3026 2485 3057 2554 ἡ
3099 2483 3338 2554 βασιλεία
3372 2484 3501 2553 (25),
3543 2482 3602 2534 τὸ
3633 2482 3781 2549 γνῶ-

559 2568 692 2622 niiil
724 2570 864 2622 enim
902 2577 983 2622 est
1015 2583 1080 2623 ex
1102 2568 1352 2623 omnibus
1382 2568 1546 2623 rebus
1579 2570 1798 2634 creatis,
1823 2580 1877 2625 et
1908 2573 2105 2639 servis,

2229 2599 2293 2634 ναι
2328 2580 2508 2643 καλῶς
2539 2578 2874 2641 δεσποτείαν,
2908 2576 3043 2630 ἀλλὰ
3076 2574 3149 2646 μὴ
3170 2575 3358 2647 φύρειν
3389 2573 3457 2627 τά
3486 2574 3775 2635 διεστῶτα,

560 2668 614 2714 et
639 2659 1099 2727 participantibus,
1128 2674 1189 2713 ac
1219 2660 1663 2728 circumscriptis,
1701 2662 1842 2730 quod
1893 2664 2111 2719 increa-

2229 2671 2297 2724 ’οὖ
2326 2670 2690 2739 ταπεινότητι.
2712 2664 2805 2730 Οἷς
2832 2667 2888 2719 δὲ
2920 2667 2979 2719 τὸ
3010 2665 3289 2718 δουλεῦσαι
3319 2664 3590 2724 τοσοῦτον,
3614 2662 3778 2731 πηλί-

561 2758 669 2803 tam
699 2749 880 2813 illam,
932 2758 986 2803 et
1037 2750 1308 2802 dominam
1333 2789 1348 2813 ,
1387 2758 1440 2803 et
1485 2750 1863 2819 participatam
1894 2793 1909 2819 ,
1946 2765 2109 2823 atque

2229 2778 2278 2832 ιη
2311 2760 2511 2814 τούτων
2544 2762 2577 2830 ή
2606 2757 2925 2823 δεσποτεία;
2966 2757 3059 2809 καὶ
3100 2757 3149 2808 εἰ
3182 2756 3242 2809 τὸ
3276 2756 3474 2825 γνῶναι
3503 2754 3775 2826 μακαριό-

560 2838 824 2894 infinitam
873 2848 1117 2893 naturam
1158 2849 1496 2909 assequatur.
1546 2838 1745 2895 Verum
1803 2842 1907 2897 alia
1955 2843 2112 2915 longo

2229 2869 2310 2923 της
2333 2851 2463 2923 (26),
2488 2851 2710 2922 πηλίκον
2737 2850 2798 2903 τὸ
2820 2848 3245 2919 γινωσκόμενον;

558 2949 780 3003 prorsus
801 2934 869 2988 ab
886 2948 949 2988 ea
992 2934 1270 2989 intervallo
1299 2935 1535 2999 distant,
1610 2935 1711 2990 alia
1756 2940 1975 3009 prepius
2013 2958 2117 3013 quo

2229 2950 2401 3002 imodo
2430 2950 2493 3002 ad
2524 2964 2640 3001 eam
2670 2948 2957 3009 accedunt,
3027 2953 3186 3013 atque
3249 2959 3531 3000 accessura
3601 2951 3773 3019 sunt;

560 3026 722 3096 idque
748 3030 851 3079 ἢθη
881 3026 932 3079 Vi
966 3035 1212 3090 natura?»
1280 3026 1371 3081 sed
1430 3026 1650 3095 gratiae,
1712 3043 1902 3099 nempe
1963 3048 2083 3089 cum
2146 3039 2375 3095 servitus
2433 3039 2679 3093 Trinitati
2728 3046 2870 3092 recte
2922 3038 3194 3108 praestita,
3249 3051 3409 3107 supra
3457 3034 3776 3089 servitutem

563 3131 790 3172 assurre
822 3118 961 3172 erit:
1000 3118 1101 3173 nisi
1134 3126 1312 3172 tamen
1368 3118 1471 3173 hoc
1500 3134 1711 3189 quoque
1754 3123 1926 3192 ipsum
1968 3126 2187 3184 libertas
2224 3140 2278 3185 et
2302 3148 2519 3201 regnum
2543 3140 2660 3194 est,
2687 3131 3100 3185 dominationem
3133 3130 3297 3199 probe
3332 3142 3644 3195 agnoscere,
3676 3142 3776 3179 nec

562 3226 665 3273 ea,
712 3223 829 3278 quae
873 3209 1012 3263 inter
1083 3222 1140 3262 se
1190 3207 1436 3262 distincta
1494 3218 1652 3275 sunt,
1719 3227 1814 3280 per
1876 3216 2038 3269 animi
2091 3219 2443 3288 abjectionem
2508 3220 2831 3274 confundere
2872 3234 2934 3274 ac
2977 3219 3315 3289 permiscere.
3360 3217 3525 3270 Porro
3574 3219 3775 3285 quibus

562 3305 807 3362 tantum,
846 3304 1062 3363 tamque
1126 3293 1475 3351 honoriﬁcum
1518 3306 1604 3350 est
1655 3300 1944 3367 serviisse,
1979 3314 2173 3373 quanta
2216 3309 2425 3362 tandem
2478 3308 2669 3364 horum
2716 3308 3008 3363 dominatio
3058 3311 3317 3365 censenda
3364 3314 3495 3364 estt-
3547 3308 3773 3362 Etcum

563 3390 799 3459 cognitio
826 3389 941 3461 ipsa
967 3389 1240 3444 beatitudo
1275 3391 1382 3459 sit,
1410 3401 1700 3461 quantum,
1732 3410 1933 3464 quaeso,
1969 3396 2099 3453 illud
2134 3407 2246 3466 est,
2279 3402 2420 3471 quod
2452 3404 2833 3472 cognoscitur?

636 3485 748 3541 Xll.
786 3485 897 3541 Hoc
926 3486 1079 3540 nobis
1134 3501 1381 3556 magnum
1429 3487 1553 3543 illud
1605 3492 1918 3561 mysterium
1955 3492 2113 3560 vult;

2285 3496 2385 3551 IB'.
2420 3497 2586 3551 Τοῦτο
2607 3500 2735 3569 ἡμῖν
2769 3499 2827 3551 τὸ
2855 3498 2994 3570 μέγα
3019 3497 3314 3569 μυστήριον
3341 3494 3583 3565 βούλεται
3601 3512 3617 3527 °
3651 3495 3778 3549 τοῦ-

565 3580 668 3634 hoc
689 3588 869 3633 nostra
892 3577 943 3631 in
972 3576 1187 3632 Patrem
1219 3616 1233 3642 ,
1265 3588 1318 3632 et
1353 3578 1545 3633 Filium
1568 3620 1584 3647 ,
1610 3590 1663 3635 et
1699 3581 1959 3652 Spiritum
1993 3600 2117 3638 san-

566 3681 711 3724 ctum
738 3709 752 3733 ,
779 3684 840 3724 ac
879 3684 1162 3725 commune
1198 3684 1388 3724 nomen
1414 3709 1429 3734 ,
1468 3670 1600 3727 fides
1648 3682 1702 3727 et
1746 3677 2114 3745 regeneratio,

566 3764 756 3818 atheiae
788 3762 1051 3832 abjuratio
1100 3771 1157 3817 et
1215 3763 1430 3818 deitatis
1488 3766 1775 3822 confessio.
1825 3767 1959 3822 Nam
2014 3770 2117 3825 hoc

568 3868 851 3908 commune
877 3853 1003 3907 illud
1030 3867 1221 3907 nomen
1255 3864 1358 3909 est.
1399 3855 1665 3922 Quocirca
1709 3860 1869 3912 trium
1916 3860 2119 3930 aliquid

569 3954 943 4011 contemnere,
1000 3955 1090 4001 aut
1142 3961 1425 4016 separare,
1478 3950 1874 4007 confessionem
1948 3954 2119 4023 ipsam

568 4048 910 4095 contemnere
938 4047 1055 4105 est,
1081 4039 1184 4093 hoc
1232 4047 1353 4104 est,
1386 4041 1846 4109 regenerationem
1869 4080 1885 4106 ,
1922 4042 2119 4098 divini-

572 4139 736 4185 tatem
755 4169 771 4195 ,
799 4130 1185 4185 deitleationem
1210 4168 1225 4193 ,
1252 4142 1428 4198 Spem.
1458 4128 1644 4184 Videte
1677 4132 1854 4200 qualia
1886 4132 2121 4201 Spiritus

570 4221 754 4288 nobis,
789 4235 909 4275 cum
939 4220 1103 4274 Deum
1134 4220 1304 4290 ipsum
1341 4222 1716 4290 praedicamus,
1748 4222 2036 4293 largiatur;
2069 4235 2123 4280 et

570 4312 767 4382 quibus
793 4311 952 4368 rebus
978 4327 1074 4368 nos
1119 4313 1365 4379 mulctet,
1413 4328 1531 4367 cum
1563 4316 1835 4383 spernitur
1856 4331 1919 4370 ac
1945 4316 2121 4384 rejici-

571 4417 678 4460 tur.
706 4404 858 4460 Mitto
896 4406 1036 4461 enim
1065 4407 1249 4461 dicere
1275 4415 1535 4461 terrorem
1579 4416 1738 4477 atque
1760 4407 1918 4479 433
1949 4408 2084 4462 iram
2103 4451 2118 4475 ,

569 4512 723 4565 cuius
751 4498 907 4552 minae
940 4512 1043 4553 non
1074 4498 1127 4552 in
1175 4498 1444 4563 cultores,
1493 4499 1586 4552 sed
1630 4500 1682 4553 in
1728 4508 2123 4570 contemptores

570 4590 937 4645 intenduntur.
965 4589 1140 4659 Atque
1167 4590 1283 4645 haec
1308 4590 1460 4645 nobis
1488 4590 1554 4644 ad
1592 4605 1688 4645 vos
1712 4591 1971 4656 breviter,
2015 4607 2121 4647 non

570 4681 911 4751 disputandi,
941 4682 1037 4738 sed
1084 4682 1309 4738 docendi
1348 4682 1548 4749 modo;
1584 4697 1688 4738 non
1746 4681 2119 4747 Aristotelico,

570 4773 664 4827 sed
697 4774 1020 4841 piscatorio;
1065 4788 1174 4829 non
1218 4773 1461 4843 improbe
1497 4787 1562 4828 ac
1602 4773 1930 4828 veteratorie
1961 4817 1975 4841 ,
2024 4773 2118 4828 sed

2218 3592 2354 3661 το,ή
2396 3592 2475 3654 είς
2520 3590 2754 3662 Πατέρα,
2802 3591 2895 3644 καὶ
2934 3591 3079 3655 Υἱὸν,
3112 3590 3203 3643 καὶ
3229 3587 3378 3657 ἆγιον
3403 3588 3643 3659 Πνεῦμα,
3682 3588 3781 3642 καὶ

2216 3680 2277 3733 τὸ
2329 3681 2502 3735 κοινὸν
2542 3682 2729 3753 ὄνομα,
2766 3683 2945 3746 πίστις
2992 3683 3085 3737 καὶ
3130 3683 3501 3750 άναγέννητις,
3548 3680 3780 3751 ἄρνησις

2218 3772 2404 3837 ἀθεῖας
2435 3773 2544 3845 (2⁸7)
2592 3775 2683 3827 καὶ
2729 3773 2983 3844 ὁμολογία
3043 3772 3306 3841 Θεότητος.
3366 3772 3532 3824 Τοῦτο
3576 3770 3685 3841 γὰρ
3716 3769 3783 3823 τὸ

2218 3864 2395 3916 κοινὸν
2448 3864 2636 3933 ὄνομα.
2667 3864 2827 3917 Ὥστε
2874 3864 2933 3916 τὸ
2976 3863 3258 3933 ἀτιμάζειν
3297 3879 3350 3915 τι
3390 3863 3497 3915 τῶν
3541 3863 3710 3932 τριῶν
3740 3864 3776 3934 ἢ

2219 3956 2487 4025 χωρίζειν,
2518 3956 2798 4025 ἀτιμάζειν
2834 3956 2947 4008 ἐστὶ
2975 3955 3073 4025 τὴν
3100 3954 3405 4025 ὁμολογίαν,
3436 3953 3495 4006 τὸ
3526 3954 3625 4023 μὲν
3680 3953 3779 4024 τὴν

2219 4044 2587 4115 ἀναγέννησιν,
2628 4044 2688 4096 τὸ
2713 4044 2769 4096 δὲ
2808 4043 2903 4114 τὴν
2931 4043 3153 4115 θεότητα
3171 4060 3186 4074 ·
3215 4044 3275 4095 τὸ
3301 4043 3398 4113 μὲν
3429 4043 3524 4112 τὴν
3560 4042 3775 4103 θέωσιν,

2218 4135 2278 4188 τὸ
2326 4135 2382 4187 δὲ
2428 4134 2524 4206 τὴν
2581 4135 2787 4191 ἐλπίδα.
2857 4136 3043 4206 Ὁρᾶτε
3092 4129 3177 4186 οἷα
3226 4134 3501 4205 χαρίζεται
3546 4134 3680 4203 ἡμῖν
3716 4131 3779 4186 τὸ

2220 4223 2439 4295 Πνεῦμα
2469 4224 2898 4295 θεολογούμενον,
2935 4228 3027 4278 καὶ
3058 4221 3144 4278 οἶα
3174 4225 3359 4295 ζημιοῖ
3394 4224 3779 4295 ἀθετούμενον.

2232 4314 2335 4366 Ἐῶ
2370 4315 2477 4385 γάρ
2503 4315 2676 4385 λέγειν
2705 4316 2793 4369 τὸν
2826 4316 3007 4385 φόϐον,
3041 4317 3133 4369 καὶ
3160 4316 3256 4386 τὴν
3282 4316 3780 4387 ἠπειλημὲνηννόρ-

2220 4404 2341 4474 γὴν,
2369 4406 2427 4457 οὐ
2460 4409 2570 4469 τοῖς
2600 4406 2846 4477 τιμῶσιν,
2888 4407 3022 4460 ἀλλά
3053 4410 3163 4470 τοῖς
3196 4408 3565 4478 ἀτιμάζουσιν.
3591 4408 3783 4462 Ταῦτα

2220 4498 2295 4561 ὡς
2324 4500 2380 4551 ὲν
2414 4498 2637 4570 βραχέσι
2670 4500 3087 4570 πεφιλοσόφηται
3117 4503 3249 4571 πρὸς
3278 4503 3419 4571 ὑμᾶς
3441 4501 3551 4571 (28)
3581 4502 3782 4572 δογμα-

2221 4588 2406 4653 τικῶς,
2434 4590 2547 4644 ἀλλ’
2578 4591 2677 4643 οὐκ
2717 4592 3070 4661 ἀντιλογικῶς
3094 4608 3106 4619 ·
3142 4592 3478 4658 ἁλιευτικῶς,
3532 4593 3646 4647 ἀλλ’
3677 4595 3779 4647 οὐκ

2233 4682 2699 4753 Ἀριστοτελικῶς’
2734 4685 3130 4754 πνευματικῶς,
3158 4686 3269 4738 ἀλλ’
3300 4686 3360 4737 οὐ
3390 4701 3780 4756 κακοπραγμο-

2222 4774 2416 4838 νικῶς⁶
2468 4775 2952 4846 ὲκκλησιαστικῶς,
2985 4776 3097 4829 ἀλλ’
3120 4778 3217 4829 οὐκ
3247 4778 3541 4847 ἀγοραίως·
3582 4776 3780 4844 ὠφελί-

569 4862 952 4932 spiritualiter;
983 4880 1090 4919 non
1121 4863 1549 4920 circumforanee
1572 4904 1589 4931 ,
1624 4863 1721 4920 sed
1766 4864 2118 4921 concionato-

2229 4882 2362 4937 μως,
2388 4866 2503 4919 ἀλλ’
2534 4866 2631 4920 οὐκ
2668 4867 3040 4931 ἐπιδεικτικῶς
3061 4882 3074 4895 ’
3105 4869 3189 4921 ἵνα
3214 4868 3383 4936 γνῶτε
3405 4869 3465 4921 τὸ
3490 4868 3621 4922 αὐτὸ
3647 4885 3780 4939 φρο-

568 4956 649 5010 rie
674 4965 726 5011 et
753 4956 1144 5022 ecclesiastice;
1186 4972 1290 5014 non
1325 4958 1391 5011 ad
1424 4957 1868 5023 ostentationem,
1896 4956 1990 5013 sed
2016 4956 2121 5011 uti-

640 5094 750 5169 (21)
784 5097 1016 5169 Λοῦποτε
1040 5096 1391 5169 λείπουσαν,
1457 5104 1561 5152 etc.
1614 5114 1633 5147 ι
1676 5095 1805 5163 Quae
1843 5094 1946 5150 sibi
1979 5109 2117 5148 nun-

568 5167 738 5236 quam
765 5167 950 5229 defuit,
983 5182 1081 5220 nec
1110 5167 1352 5220 defutura
1379 5174 1481 5236 est.
1524 5185 1542 5216 ι

640 5235 751 5306 (22)
779 5237 1295 5306 Καταλείψουσαν.
1334 5235 1423 5290 Sic
1448 5235 1577 5304 Reg.
1611 5236 1699 5297 Ιιιι,
1730 5245 1781 5306 et
1824 5232 1915 5288 Or.
1950 5235 2003 5288 1.
2030 5233 2119 5289 Sic

568 5305 705 5375 legit
723 5304 776 5361 et
806 5308 1068 5375 expressit
1095 5304 1294 5360 Billius.
1326 5306 1384 5359 In
1408 5306 1519 5375 ed.,
1548 5304 1992 5359 καταλείπουσαν.

640 5372 1263 5459 (ΞζιᾈΜεξςαλῃπτικῆς.
1290 5373 1647 5459 Sic~plerique
1667 5376 1821 5459 codd.
1863 5376 1993 5444 Reg.
2023 5372 2115 5459 litt,

568 5442 742 5500 Coisl.‘
764 5444 819 5512 2,
861 5445 953 5501 Or.
991 5442 1042 5511 li,
1136 5442 1454 5515 εταληπτῆς,
1491 5443 1545 5497 lu
1576 5444 1699 5497 Par.
1731 5445 1841 5509 ed.,
1887 5442 2119 5513 μεταλυ-

570 5516 789 5586 πτιξιῆςν
823 5464 1144 5586 [ωεηάοεέῗο
1441 5585 1444 5586 ,
1673 5583 1693 5586 _
1802 5584 1812 5586 -
1926 5582 1948 5586 _
2005 5582 2018 5586 -

570 5516 789 5586 σιτικῆς,
823 5516 1144 5596 [mendose].
1925 5582 1948 5594 ς

797 5585 866 5640 Τὸ
902 5584 1241 5639 δουλευσαι.
1274 5586 1401 5656 Reg.
1437 5585 1531 5650 hu,
1564 5594 1639 5667 et.
1661 5583 1755 5637 0r.
1794 5584 1843 5648 Ι,
1882 5601 1958 5653 τῳ
2000 5582 2119 5636 δου.

571 5670 895 5849 ἒῑξὲἕῖιζαί
948 5728 986 5793 ἡ
1014 5727 1317 5789 βασιλεία.
1355 5726 1443 5781 Sic
1493 5726 1619 5796 Reg.
1667 5725 1757 5779 hu.
1795 5723 1953 5780 Deest
2000 5724 2031 5792 ἡ
2068 5722 2120 5777 in

644 5810 656 5849 t
687 5830 701 5847 .

644 5810 701 5851 ιι.

2225 4955 2447 5021 νοῦντας
2471 4958 2502 5027 ἠ
2512 4958 2637 5026 μᾶς,
2659 4957 2709 5009 οἱ
2739 4956 2857 5010 καθ’
2891 4955 3043 5027 ἡμῶν
3069 4956 3521 5029 δημηγοροῦντες,
3546 4958 3640 5010 καὶ
3672 4973 3781 5010 πα-

2283 5092 2394 5162 (26)
2430 5094 2496 5145 El
2522 5092 2586 5145 τὸ
2622 5092 2839 5162 γνῶναι
2878 5089 3393 5162 μακαριότης,-θιε.
3419 5084 3780 5162 .5_lluditGre—

2214 5155 2396 5234 gorius
2423 5164 2487 5215 ad
2512 5155 3065 5217 hacc'Joannis'verba
3104 5175 3235 5219 xvn.
3266 5159 3299 5213 5
3326 5174 3395 5234 :_r
3430 5155 3554 5234 Haec
3570 5167 3651 5210 est
3680 5171 3780 5208 au-
3818 5188 3824 5193 -

2219 5226 2323 5288 tem
2353 5235 2457 5285 vita
2488 5242 2710 5297 mterna,
2742 5241 2801 5285 ut
2822 5239 3149 5294 cognoscant
3192 5238 3243 5281 te
3288 5227 3455 5281 solum
3493 5226 3658 5297 Deum
3688 5241 3779 5279 ve—
3811 5244 3822 5263 ο

2215 5318 2367 5365 rum,
2402 5312 2466 5373 et
2517 5316 2673 5371 quem
2698 5296 2911 5373 emisisti
2962 5299 3139 5354 Jesum
3183 5298 3476 5373 Cbrist_um_,
3521 5314 3541 5346 ι
3572 5296 3626 5347 in
3673 5310 3776 5373 qua

2214 5367 2818 5441 cognitione'consistit
2868 5382 3012 5425 certe
3065 5384 3189 5423 vera
3232 5367 3523 5430 beatitudo,
3561 5379 3682 5433 quae
3723 5367 3775 5416 in

2220 5452 2414 5496 aeterna
2447 5443 2551 5494 vita
2588 5442 2871 5509 reperitur.

2294 5510 2403 5580 (21)
2447 5505 2721 5579 Ἀρνηάις
2766 5509 2985 5580 uastae).
3026 5525 3044 5559 ι
3074 5506 3350 5577 Abjuratio
3392 5505 3603 5567 atbeite,
3660 5517 3775 5564 seu.

2224 5582 2533 5647 impietatis,
2567 5596 2669 5649 qua
2696 5580 2833 5632 Deus
2862 5579 3082 5650 tollitur.
3125 5596 3143 5627 ι
3177 5648 3186 5650 _
3251 5644 3277 5650 _
3363 5642 3401 5650 __
3525 5642 3538 5650 _
3724 5640 3734 5650 _

2296 5642 2405 5721 (‘23)
2444 5642 2923 5721 Πεέριᾏοσόφηται
2973 5648 3119 5716 πρὸς
3158 5644 3330 5715 ὑμᾶς.
3361 5642 3481 5699 “(EC
3508 5642 3701 5698 desunt
3722 5642 3777 5694 in

2230 5719 2359 5791 Reg.
2384 5719 2494 5789 btn,
2521 5732 2571 5775 et
2593 5720 2686 5773 Or.
2716 5720 2765 5774 l.
