3932 6508
48 393 215 447 1165
1175 383 1430 440 ORATIO
1468 382 1648 438 XXIII.

1798 380 1891 437 DE
1932 380 2107 436 PACE
2147 380 2233 434 III.
3170 377 3305 433 “66

46 510 496 583 νητυρῖζηντες,
541 506 819 561 καὶτοῦτο
847 506 1003 577 μόνον
1032 504 1397 576 ὁμονοοῦντες,
1445 503 1504 556 ἓν
1549 505 1651 573 ὲμο

1775 502 1876 557 iter
1893 500 2034 555 dicta
2063 499 2173 553 sint
2204 515 2216 551 :
2249 504 2306 550 ut
2334 496 2424 566 qui
2448 496 2729 550 adversum
2758 504 2855 546 nos
2883 489 3172 546 conciones
3198 491 3291 545 ha-

49 581 440 674 πνεομένθυς,
504 602 563 653 ἒν
624 600 911 662 πνέοντας·
972 600 1064 652 καὶ
1139 596 1233 669 μὴ,
1297 596 1547 667 καθάπερ
1602 596 1650 647 οἱ

1773 590 1918 656 )etis,
1955 596 2011 643 et
2044 588 2099 642 in
2129 586 2355 656 publicis
2380 585 2731 640 conventibus
2765 596 2855 636 vos
2885 581 3030 650 ipsos
3049 581 3291 650 iactatis,

50 672 471 765 λιμώττοντες,
532 690 935 762 σπερμολογῆτε
989 691 1057 744 τὰ
1114 686 1286 760 μικρὰ
1332 686 1512 757 ήμῶν,
1578 685 1655 737 εἴ·-

1773 690 1914 750 ttque
1943 680 1998 734 in
2029 680 2133 734 hoc
2160 692 2267 731 uno
2314 676 2610 733 concordes
2638 674 2802 739 estis,
2837 687 2935 727 nos
2981 672 3120 727 idem
3169 687 3295 728 sen-

52 764 121 837 τεν
184 785 525 856 πταίσματα
578 783 682 854 χρὴ
730 783 927 850 λέγειν,
981 781 1090 835 εἴτε
1148 782 1243 834 καὶ
1294 779 1548 847 παίγνια’
1579 777 1653 839 ὼς

1773 775 1893 836 ire,
1920 773 2105 827 eodem
2152 770 2310 825 modo
2363 767 2649 837 inspirari,
2686 766 2826 820 idem
2876 764 3313 834 spirare‘intelli-

59 877 197 929 ἔστι
266 876 371 944 τῆς
420 874 594 945 ἄκρας
635 871 1070 942 κακοδαιμονίας,
1129 869 1202 941 μὴ
1245 870 1302 923 ὲν
1355 870 1470 931 τοῖς
1504 866 1653 929 ἰδίοις

1773 865 1933 935 gatis;
1963 878 2060 918 nec
2084 902 2101 928 ,
2134 870 2193 917 ut
2241 862 2333 929 qui
2384 860 2527 915 fame
2586 866 2903 929 premuntur
2925 898 2940 921 ,
2967 858 3159 926 exigua
3213 871 3311 911 no-

60 970 334 1038 ίσχυροῖς
367 967 428 1019 τὸ
448 963 688 1034 ἀσφαλὲς
720 962 889 1034 ἔχειν,
912 961 1026 1016 ἀλλ’
1065 960 1124 1014 ὲν
1157 960 1271 1022 τοῖς
1314 956 1514 1029 ἐτέρων
1559 972 1653 1008 σα-

1773 967 1869 1013 ttra
1896 996 1913 1022 ,
1937 955 2053 1012 sive
2075 964 2289 1024 peccata
2311 994 2327 1021 ,
2359 954 2470 1008 sive
2512 951 2714 1006 ludicra
2745 950 2972 1004 dicenda
3001 959 3126 1004 sunt
3146 989 3162 1015 ,
3202 949 3315 1003 col-

58 1055 235 1125 θροῖς
274 1053 416 1125 (29)--

1780 1049 1938 1121 igatis
1967 1057 2131 1118 atque
2157 1046 2211 1101 in
2250 1047 2439 1116 vulgus
2477 1043 2764 1113 spargatis.
2802 1042 3074 1097 Extrema;
3111 1043 3309 1112 quippe

140 1341 260 1395 11".
302 1338 435 1392 Ἰδοὺ
468 1337 646 1405 δεξιὰς
678 1336 887 1407 δίδομεν
921 1335 1170 1407 ἀλλήλοις
1219 1334 1277 1387 ἐν
1310 1335 1428 1398 ταῖς
1462 1334 1657 1405 ὑμετέ·

72 1450 207 1505 ραις
245 1433 459 1501 ὄψεσιν.
507 1430 634 1483 Ἰδοὺ
666 1430 765 1498 τῆς
806 1426 1031 1498 Τριάδος
1055 1425 1124 1477 τὰ
1153 1424 1308 1495 ἔργα,
1330 1425 1428 1495 τῆς
1450 1426 1657 1496 ὁμοίως

73 1526 218 1594 ἡμῖν
280 1521 646 1591 δοξαζομὲνης
689 1537 746 1572 τε
790 1520 884 1572 καὶ
944 1514 1434 1588 προσκυνουμένης.
1492 1516 1658 1569 Τοῦτο

74 1616 235 1683 ὑμᾶς
262 1612 661 1687 χρηστοτέρους
691 1612 901 1681 ποιήσει
938 1609 1049 1680 (50)
1078 1611 1172 1663 καὶ
1201 1605 1655 1687 ὀρθοδοξοτέρους.

86 1708 182 1770 Ὠς
490 1721 553 1772 γε
580 1686 675 1757 καὶ.
713 1702 1131 1773 ἁκουσθείημεν,
1183 1684 1276 1756 καὶ
1303 1688 1510 1769 γένοιτο
1538 1686 1659 1769 τὴν

75 1798 306 1870 ἡμέραν
338 1795 563 1866 ταύτην,
587 1795 798 1866 ἡμέραν
828 1794 1073 1861 γενέσθαι
1116 1792 1336 1863 κλητὴν,
1373 1791 1551 1860 ἁγίαν,
1585 1789 1659 1861 μὴ

1756 1139 1993 1195 miseriae
2017 1146 2101 1195 est
2126 1178 2142 1204 ,
2169 1152 2276 1192 non
2300 1137 2540 1206 propriis
2558 1135 2785 1201 viribus,
2815 1132 2907 1188 sed
2935 1132 3163 1187 aliorum
3203 1133 3309 1187 im-

1756 1232 2052 1289 becillitate
2084 1230 2181 1284 niti
2213 1239 2373 1297 atque
2399 1227 2691 1283 confidere.

1830 1319 1965 1375 XIII.
2001 1320 2077 1373 En
2128 1327 2343 1372 mutuas
2394 1317 2631 1380 dextras,
2666 1314 3094 1385 inspectantibus
3138 1315 3315 1380 vobis,

1752 1411 2051 1482 iungimus.
2099 1407 2177 1462 En
2209 1408 2335 1478 quid
2371 1406 2631 1469 Trinitas,
2654 1421 2815 1476 quam
2852 1422 2948 1460 nos
2981 1420 3130 1474 atque
3173 1406 3316 1460 celee

1759 1504 1982 1559 bramus
2004 1510 2059 1557 et
2091 1501 2399 1565 adoramus,
2423 1497 2682 1553 effecerit.
2713 1496 2824 1553 Hoc
2847 1512 2940 1551 vos
2977 1497 3319 1563 benigniores

1761 1595 2063 1661 rectiusque
2095 1592 2160 1647 de
2191 1591 2446 1661 religione
2507 1589 2798 1645 sentientes
2840 1587 3050 1644 elﬁciet.
3104 1588 3320 1643 Utinam

1762 1699 1893 1739 sane
1934 1683 2308 1747 exaudiamur,
2337 1692 2499 1751 atque
2545 1681 2631 1734 hic
2654 1680 2791 1744 dies,
2819 1680 2911 1749 qui
2952 1689 3174 1734 vocatur
3200 1695 3325 1732 san-

1765 1785 1904 1837 ctus,
1945 1774 2037 1827 Iiat
2068 1772 2205 1837 dies,
2248 1786 2350 1825 non
2380 1768 2841 1833 contradictionis,
2881 1768 2972 1822 sed
3000 1766 3320 1833 latitudinis;

78 1844 427 1955 dfnt‘itoyiag,
464 1844 575 1938 ἀλλ’
605 1844 958 1957 εόρῐθχωρίαςο
1000 1886 1074 1955 μὴ
1108 1844 1430 1954 έτειξαέεᾷοέ

1773 1881 1871 1919 non
1911 1863 2217 1919 tentationis
2270 1869 2699 1925 monumentum,
2746 1861 2839 1915 sed
2872 1860 3194 1940 triumphale
3246 1859 3326 1913 Ie-

80 1998 267 2043 συνον,
288 1980 405 2033 ἀλλ’
427 1978 614 2049 ἑορτὴν
640 1978 919 2031 ἐπινίκιον·
947 1978 1033 2030 ἵνα
1064 1978 1125 2029 τὸ
1167 1980 1311 2047 ἡμᾶς
1338 1978 1663 2047 συμφρονεῖν

78 2070 367 2139 ἀλλήλοις,
417 2070 510 2121 καὶ⁹
544 2068 738 2139 μικροῦ
779 2068 958 2121 πᾶσαν
1003 2068 1100 2136 τὴν
1136 2066 1476 2135 οἰκουμένην,
1499 2060 1564 2136 ἧς
1596 2064 1665 2118 τὰ

85 2162 191 2232 μὲν
226 2161 404 2229 ὑγιῶς
432 2154 567 2230 εἶχε,
616 2159 685 2212 τὰ
715 2159 771 2211 δὲ
816 2158 912 2210 νῦν
941 2157 1179 2211 ἀπέλαϐε
1206 2157 1304 2226 τὴν
1333 2157 1563 2225 ὑγίειαν,
1597 2156 1665 2209 τὰ

84 2254 146 2307 δὲ
178 2252 455 2320 ὑγιαίνειν
503 2252 748 2321 ἄρχεται,
784 2249 940 2302 τοῦτο
981 2250 1075 2303 καὶ
1097 2250 1223 2319 ὑμῖν
1247 2249 1415 2303 αἴτιον
1444 2248 1665 2317 γένηται

87 2343 392 2413 σωτηρίας,
443 2341 533 2393 καὶ
581 2339 953 2401 ἀναπλάσεως.
1006 2335 1077 2392 ’Ὦ
1129 2338 1296 2412 Τριὰς
1359 2339 1509 2405 ἁγία,
1572 2337 1666 2390 καὶ

87 2432 468 2504 προσκυνητὴ,
499 2432 592 2486 καὶ
624 2430 965 2502 μακρόθυμεί
994 2432 1339 2503 μακρόθυμος
1363 2430 1471 2503 γὰρ
1505 2430 1539 2501 ἡ
1571 2432 1664 2484 ἐπὶ

86 2527 355 2579 τοσοῦτον
383 2523 726 2595 ἀνασχομένη
751 2522 861 2574 τῶν
909 2522 969 2575 σὲ
1003 2522 1329 2593 τεμνόντων.
1370 2518 1442 2575 Ὠ
1475 2522 1666 2592 Τριὰς,

86 2613 157 2688 ἧς
188 2616 305 2685 ἐγὼ
328 2613 691 2685 κατηξιώθην,
726 2613 819 2667 καὶ
854 2613 1057 2683 λάτρης
1088 2608 1246 2678 εἶναι,
1283 2616 1375 2668 καὶ
1404 2614 1579 2685 κῆρυξ
1605 2616 1668 2667 ἐκ

94 2711 347 2772 πλείονος
392 2707 779 2778 ἀνυπόκριτοςῐ
821 2701 890 2758 Ὦ
922 2705 1089 2776 Τριὰς
1123 2708 1154 2775 ἡ
1189 2705 1321 2758 πᾶσί
1376 2705 1487 2776 (Si)
1539 2723 1669 2760 ποτε

95 2800 556 2871 γνωσθησομένη,
586 2800 699 2861 τοῖς
736 2797 833 2867 μὲν
856 2799 920 2868 τῇ
951 2796 1231 2867 ἐλλάμψει,
1256 2798 1367 2859 τοῖς
1394 2795 1451 2848 δὲ
1483 2799 1546 2867 τῇ
1574 2814 1667 2849 κο-

98 2894 287 2947 λάσειί
329 2892 515 2961 Δέχοιο
560 2890 653 2943 καὶ
680 2889 898 2952 τούτους
948 2887 1346 2959 προσκυνητὰς,
1390 2887 1516 2950 τοὺς
1576 2886 1670 2940 νῦν

97 2985 395 3056 ὑϐριστάς·
458 2984 551 3035 καὶ
611 2981 811 3052 μηδένα
864 2978 1290 3051 ζημιωθείημεν,
1338 2978 1503 3048 μηδὲν
1562 2976 1671 3030 τῶν

97 3072 427 3143 ἐλαχίστων,
470 3070 689 3140 κᾶνὲμέ
708 3087 761 3122 τι
781 3068 1118 3139 ζημιωθῆναι
1158 3068 1265 3121 δέοι
1309 3067 1418 3139 (52)
1448 3067 1699 3151 ﬁeld:

101 3183 272 3239 9‘39;
297 3164 361 3216 οὐ
384 3163 493 3235 γὰρ
517 3162 698 3233 τολμῶ
728 3162 978 3215 τοσοῦτον
1015 3162 1136 3213 ὅσον
1163 3161 1191 3213 ὁ
1218 3142 1671 3229 Ἀπόστολοςῖδδ)

102 3236 468 3323 ιρόῖγξασθαι.

176 3347 281 3402 1Δ’.
325 3344 463 3397 Ἀλλ’
495 3344 555 3401 οὗ
581 3343 751 3400 ταῦτα
785 3343 912 3412 φίλα
948 3344 1111 3413 ὖμῖνς
1152 3342 1524 3415 σπαράσσεται
1560 3342 1672 3412 δὲὴ

100 3440 353 3508 γλῶσσα,
409 3437 504 3491 καὶ
534 3437 713 3490 eam.
760 3436 858 3506 τὴν
895 3433 1243 3506 ἀντίρριησινς
1282 3431 1551 3503 Ὀψόμεοα
1581 3432 1674 3486 καὶ

102 3532 313 3603 ταύτην
362 3528 573 3599 ποτὲ,ἢ
623 3522 703 3591 οἷς
740 3525 937 3597 μᾶλλον
986 3525 1142 3595 ἡμῶν
1193 3522 1354 3594 σχολὴ
1405 3524 1669 3595 περίεστι·

105 3618 433 3690 γνωσόμεθα
466 3619 559 3671 καὶ
587 3616 654 3669 τὰ
690 3614 875 3685 κομψὰ
911 3613 1061 3683 ὑμῶν
1094 3612 1477 3682 γεννήματα,ἢ
1512 3611 1675 3680 ἐξαμ-

103 3712 392 3783 ϐλώματα,
442 3708 657 3763 ἐπειδὰν
695 3708 763 3759 τὰ
804 3706 887 3759 ὼά
915 3704 1019 3757 τῶν
1052 3703 1289 3757 ἀσπίδων
1341 3702 1593 3773 ῥήξαντες
1637 3701 1671 3772 ἢ

106 3799 503 3871 συντρίψαντες
533 3797 674 3866 λόγῳ
700 3793 920 3864 σκληρῷ
951 3792 1041 3845 καὶ
1072 3791 1367 3861 ἀντιτύπῳ,
1392 3789 1669 3861 οὕρια(54)

106 3894 200 3946 καὶ
219 3893 481 3961 ἀνεμιαῖα
505 3889 675 3942 ταῦτα
696 3887 1018 3955 ὲλέγξωμεν,
1054 3882 1147 3935 καὶ
1180 3883 1270 3935 τὸν
1290 3884 1346 3934 ὲν
1370 3882 1552 3945 αὐτοῖς
1573 3881 1671 3950 τῆς

105 3981 367 4043 ἀσεϐείας
399 3977 768 4051 κρυπτόμενον
811 3972 1117 4045 βασιλίσκον
1150 3973 1227 4034 είς
1260 3970 1423 4042 μέσον
1454 3969 1673 4038 ἀγάγω-

110 4088 208 4141 μεν
241 4070 383 4141 (55)’
412 4072 462 4121 εί
496 4068 588 4122 καὶ
612 4066 939 4137 βασιλίσκον,
974 4062 1109 4116 ἀλλὰ
1129 4062 1319 4133 νεκρόν
1346 4078 1405 4115 τε
1428 4061 1522 4114 καὶ
1545 4060 1671 4112 ἀτε-

108 4165 197 4234 λῆ,
221 4163 323 4217 καὶ
349 4160 626 4231 ἀκίνητον,
649 4161 768 4222 ταῖς
795 4158 975 4210 ὠδῖσιν
991 4154 1405 4217 ὲναποθανόντα,
1428 4154 1521 4207 καὶ
1543 4151 1671 4222 πρὶν

107 4253 437 4325 γεννηθῆναι
467 4253 567 4304 οὐκ
603 4250 729 4303 ὅντα
774 4249 915 4319 (56),
948 4249 1066 4301 καθ’
1092 4249 1232 4319 ὑμᾶς
1275 4247 1446 4298 εἰπεῖν
1465 4283 1481 4308 ,
1510 4245 1595 4296 ἵνα
1616 4260 1669 4296 τι

111 4347 307 4418 μικρὸν
339 4348 469 4416 ὑμῖν
498 4344 591 4398 καὶ
623 4344 962 4415 χαρίσωμαιο
1004 4341 1062 4392 οὐ
1101 4339 1294 4409 μᾶλλον
1326 4336 1550 4407 μισητὸν
1576 4336 1671 4404 τῆς

107 4437 450 4508 συλλήψεως,
477 4434 510 4505 ἢ
546 4433 774 4487 ἐλεεινὸν
799 4431 899 4501 τῆς
926 4428 1273 4502 ἀμϐλώσεως.
1310 4426 1477 4479 Τοῦτο
1512 4424 1669 4477 δώσει

104 4533 262 4601 ἡμῖν,
297 4524 394 4582 οἷδ’
432 4529 535 4593 ὅτι,
587 4529 616 4580 ό
664 4526 786 4588 δοὺς
835 4524 926 4578 ἐπὶ
982 4520 1180 4577 ἀσπίδα
1223 4519 1317 4573 καὶ
1354 4515 1668 4588 βασιλίσκον

105 4619 433 4681 ἑπιὸαίνειν,
465 4618 559 4672 καὶ
587 4616 904 4689 περιπατεῖν
934 4613 1118 4668 ἐπάνω
1155 4611 1330 4680 ὄφεων
1378 4608 1470 4662 καὶ
1504 4624 1667 4678 σκορ-

103 4714 271 4766 πίων·
318 4710 378 4773 ὃς
421 4710 515 4762 καὶ
561 4707 836 4779 συντρίψει
877 4706 967 4759 τὸν
1011 4705 1251 4757 Σατανᾶν
1285 4703 1342 4754 ὲν
1371 4700 1523 4769 τάχει
1564 4696 1667 4749 ὑπὸ

103 4806 229 4866 τοὺς
252 4802 421 4865 πόδας
447 4800 621 4873 ἡμῶν,
656 4801 764 4852 εἴτε
797 4799 870 4861 ὼς
908 4795 1188 4867 ἀστραπὴν
1213 4796 1275 4847 ὲκ
1315 4791 1406 4846 τοῦ
1440 4786 1665 4861 οὐρανοῦ

104 4894 347 4946 πεσόντα
378 4891 466 4943 διὰ
491 4890 590 4961 τὴν
614 4888 845 4942 παλαιὰν
890 4886 1267 4956 λαμπρότητα,
1303 4883 1409 4935 εἴτε
1436 4881 1509 4944 ὡς
1546 4879 1667 4947 ὅφιν

104 4988 378 5055 φεύγοντα
407 4982 497 5035 διὰ
517 4981 614 5051 τὴν
642 4980 863 5051 ὕστερον
898 4977 1231 5047 σκολιότητα,
1265 4975 1358 5027 καὶ
1382 4974 1476 5044 τὴν
1504 4973 1581 5035 εἰς
1608 4970 1668 5021 τὸ

106 5072 389 5145 χαμερπὲς
450 5070 825 5142 μεταποίησιν,
878 5068 965 5121 ἵνα
998 5066 1189 5137 μικρόν
1244 5083 1296 5116 τι
1327 5064 1433 5115 τῶν
1480 5060 1665 5115 κακῶν

1765 1967 1944 2025 stum;
1990 1968 2047 2011 ut
2078 1966 2261 2011 mutua
2290 1965 2474 2010 nostra
2513 1953 2823 2016 concordia,
2866 1954 3137 2021 totiusque
3188 1965 3328 2021 pene

1765 2057 2028 2100 terrarum
2063 2045 2230 2110 orbis,
2264 2045 2355 2114 qui
2416 2044 2612 2113 partim
2644 2042 2754 2107 1am
2791 2051 2919 2095 ante
2971 2056 3134 2095 sanus
3188 2052 3323 2104 erat,

1766 2138 1961 2206 partim
1993 2136 2277 2189 sanitatem
2314 2148 2456 2187 nunc
2502 2133 2724 2199 recepit,
2761 2132 2953 2200 partim
3007 2147 3171 2187 sanus
3205 2148 3328 2189 esse

1768 2228 1975 2297 incipit,
2022 2226 2172 2280 vobis
2218 2239 2428 2293 quoque
2482 2223 2671 2277 salutis
2720 2234 2878 2290 atque
2923 2224 3327 2281 instaurationis

1767 2332 1932 2372 causa
1967 2317 2057 2370 sit.
2105 2314 2149 2370 Ο
2203 2325 2410 2381 sancta,
2468 2323 2522 2368 et
2572 2313 2866 2379 adoranda,
2910 2324 2963 2367 et
3008 2315 3328 2385 Ionganimis

1768 2408 2033 2462 Trinitas!
2078 2405 2397 2477 Iouganimis
2452 2405 2592 2459 enim
2639 2420 2719 2470 es,
2760 2420 2878 2473 qua:
2907 2421 3019 2469 eus,
3067 2422 3095 2459 a
3133 2408 3330 2476 quibus

1768 2498 2056 2564 scinderis,
2090 2498 2276 2552 taudiu
2315 2496 2531 2551 toleras.
2561 2493 2605 2549 Ο
2643 2494 2899 2561 Trinitas,
2927 2496 3078 2563 cujus
3112 2512 3235 2567 ego,
3272 2510 3330 2554 ut

1769 2590 1943 2645 cultor
1970 2604 2034 2644 ac
2079 2588 2323 2643 sincerus
2351 2601 2527 2657 praeco
2559 2600 2752 2652 essem,
2785 2586 3104 2656 jampridem
3138 2590 3330 2660 dignus

1775 2683 1993 2737 habitus
2031 2682 2177 2735 sum!
2219 2680 2263 2735 0
2321 2680 2554 2735 Trinitas
2589 2681 2838 2734 omnibus
2886 2680 3194 2749 aliquando,
3245 2683 3329 2737 vel

1771 2789 1866 2842 per
1916 2773 2378 2839 illuminationem,
2417 2774 2501 2827 vel
2558 2787 2653 2841 per
2683 2786 2897 2841 pinnam
2954 2776 3324 2844 agnoscenda!

1773 2865 1987 2920 Utinam
2042 2867 2139 2920 bos
2173 2878 2405 2934 quoque,
2436 2864 2523 2933 qui
2554 2880 2692 2919 nunc
2718 2866 3059 2921 contumeliis
3113 2875 3163 2921 te
3219 2866 3331 2922 alli-

1772 2954 1940 3021 ciunt,
1984 2954 2294 3009 adoratores
2323 2953 2586 3022 accipias,
2622 2967 2721 3005 nec
2775 2967 3122 3022 quemquam,
3156 2970 3221 3010 ne
3263 2971 3330 3010 ex

1772 3044 2007 3098 minimis
2027 3044 2243 3112 quidem
2278 3043 2618 3105 amittamus,
2647 3042 2728 3095 vel
2750 3042 2911 3096 etiam
2965 3043 3010 3096 si
3049 3044 3179 3098 mihi
3207 3060 3331 3114 pro-

1772 3150 1953 3208 pterea
1984 3138 2164 3208 aliqua
2199 3137 2382 3208 gratiae
2399 3134 2608 3204 jactura
2639 3133 2876 3189 Iacienda
2912 3135 2982 3189 sit
3009 3149 3025 3188 :
3051 3151 3154 3189 non
3185 3138 3329 3191 enim

1698 3209 1742 3267 ε
1777 3234 1981 3283 tantum
2015 3227 2195 3282 dicere
2248 3226 2438 3292 audeo,
2464 3232 2720 3294 quantum
2755 3224 3043 3294 Apostolus
3073 3225 3118 3277 ’-

1843 3320 1984 3376 XIV.
2018 3318 2193 3386 Quid!
2227 3318 2349 3375 Ilaec
2385 3318 2537 3375 vobis
2571 3318 2748 3373 minus
2788 3327 2937 3387 grata
2968 3328 3113 3383 sunt,
3138 3334 3201 3375 ac
3224 3319 3329 3375 lin-

1772 3427 1874 3483 gua
1910 3412 2298 3482 disterquetur,
2334 3396 2403 3467 ct.
2426 3412 2843 3465 confulationem
2878 3411 3141 3479 parturit?
3183 3410 3330 3466 Hanc

1773 3520 1986 3575 quoque
2027 3505 2314 3573 aliquando
2357 3504 2676 3567 videbimus,
2729 3517 2850 3556 cum
2879 3503 3030 3557 vobis
3053 3502 3172 3572 plus
3210 3504 3330 3567 otii,

1774 3610 1932 3662 quam
1974 3594 2146 3659 nobis,
2182 3602 2459 3662 suppetat;
2512 3608 2576 3646 ac
2607 3591 2809 3662 lepidos
2840 3602 2893 3646 et
2933 3592 3203 3663 elegantes
3236 3607 3329 3647 ve-

1773 3695 1916 3741 stros
1947 3686 2102 3747 fetus,
2148 3686 2256 3739 imo
2295 3684 2515 3738 abortus
2556 3698 2960 3753 cognoscemus,
2994 3700 3115 3738 cum
3161 3685 3330 3754 ruptis

1774 3779 2018 3847 aspidum
2050 3778 2189 3842 ovis,
2217 3784 2309 3830 aut
2352 3775 2485 3828 dura
2520 3784 2575 3828 et
2620 3773 2787 3829 solida
2820 3774 3175 3842 disputatione
3198 3789 3329 3829 con-

1773 3869 1981 3935 fractis,
2012 3869 2163 3923 irrita
2202 3885 2263 3925 ea
2290 3878 2344 3924 et
2380 3865 2542 3939 434
2576 3864 2797 3921 evanida
2846 3872 2963 3918 ess‘e
3012 3872 3196 3934 aperte
3234 3865 3330 3919 de-

1771 3960 2273 4026 monstraverimus,
2302 3960 2648 4025 abditumque
2673 3956 2726 4009 in
2760 3954 2891 4024 ipsis
2922 3953 3213 4024 impietatis
3236 3954 3331 4009 ba-

1774 4052 2011 4107 siliscum
2041 4051 2094 4105 in
2128 4050 2363 4106 medium
2395 4046 2811 4119 protulerimus;
2862 4046 3172 4101 basiliscum
3210 4046 3330 4117 qui-

1772 4146 1891 4200 dem
1919 4145 2090 4209 illum,
2121 4153 2374 4198 caeterum
2418 4152 2709 4206 mortuum,
2737 4149 2792 4196 et
2842 4138 3215 4210 imperfectum
3267 4154 3333 4195 ac

1771 4243 1917 4289 motu
1945 4243 2238 4299 carentem,
2278 4233 2513 4302 ipsisque
2565 4239 2753 4301 partus
2784 4228 3058 4285 doloribus
3108 4230 3332 4285 immor-

1772 4336 1940 4391 tuum,
1990 4342 2089 4391 ac,
2150 4326 2457 4397 priusquam
2502 4324 2771 4394 gignatur,
2828 4336 2932 4375 non
2980 4321 3330 4376 exsistentem

1769 4421 1923 4490 (libet
1968 4420 2112 4473 enim
2141 4419 2321 4472 verbis
2362 4417 2555 4470 vestris
2597 4414 2697 4478 uti,
2752 4422 2811 4465 ut
2858 4411 3099 4466 nonnihil
3138 4411 3327 4481 gratim

1699 4538 1751 4600 υ
1772 4509 1910 4579 apud
1937 4522 2031 4561 vos
2058 4505 2280 4577 ineatn),
2320 4505 2389 4559 ob
2417 4502 2817 4571 conceptionem
2846 4515 2950 4554 non
3007 4502 3182 4555 minus
3229 4502 3327 4555 de-
3356 4492 3359 4495 ⁷

1777 4599 2112 4667 lestabilem,
2169 4612 2327 4666 quam
2382 4596 2449 4651 ob
2495 4594 2735 4647 abortum
2781 4591 3165 4647 miserabilem.
3215 4590 3331 4648 Hoc

1774 4693 1951 4758 nobis,
1984 4691 2115 4745 milii
2160 4690 2383 4749 credite,
2421 4688 2639 4742 daturus
2673 4693 2757 4740 est
2797 4684 2905 4747 ille,
2959 4684 3049 4752 qui
3091 4694 3328 4751 potesta-

1772 4790 1880 4835 tem
1907 4780 2058 4834 nobis
2086 4780 2231 4834 dedit
2257 4793 2416 4847 super
2445 4776 2679 4845 aspidem
2715 4784 2769 4829 et
2794 4775 3102 4829 basiliscum
3137 4776 3329 4828 ambu-

1769 4873 1938 4939 landi,
1976 4882 2028 4928 et
2056 4872 2295 4927 calcandi
2330 4886 2490 4939 supra
2521 4878 2796 4937 serpentes
2821 4878 2874 4921 et
2910 4868 3221 4935 scorpiones
3243 4868 3323 4933 ¹⁰;

1771 4968 1865 5036 qui
1908 4967 2068 5020 etiam
2126 4963 2413 5025 Satanam,
2472 4960 2554 5014 vel
2603 4971 2855 5028 tanquam
2903 4959 3077 5027 fulgur
3125 4974 3155 5013 e
3190 4958 3326 5013 ccelo

1770 5058 1975 5127 lapsum
2010 5058 2076 5122 η,
2114 5055 2182 5109 ob
2216 5055 2489 5118 antiquum
2525 5052 2881 5123 splendorem,
2932 5051 3015 5105 vel
3060 5053 3325 5119 serpentis

173 5172 194 5200 θ
231 5167 389 5223 Rom.
424 5181 497 5230 Ix,
541 5164 593 5219 5.
670 5165 713 5195 ³⁰
743 5162 885 5218 Psal.
931 5177 1015 5224 xc,
1051 5161 1151 5224 13;
1203 5159 1331 5213 Luc.
1365 5175 1419 5224 ι,
1462 5157 1547 5212 l9.
1628 5156 1666 5184 ¹¹

1779 5168 1825 5208 c.
1859 5168 1916 5220 Χ,
1949 5153 2034 5207 I8.

172 5285 290 5351 (29)
328 5280 591 5349 Σαθροῒς.
615 5281 775 5335 Coisl.
809 5281 857 5344 I,
892 5277 1165 5351 σταθμοῖς.

173 5349 287 5421 (50)
325 5352 587 5421 Ποιήσει.
610 5351 740 5420 Reg.
776 5351 960 5419 Cypr.,
994 5349 1224 5415 ποιήσοι.

172 5420 287 5494 (51)
327 5420 666 5494 Πᾶσα-τιθείη
693 5420 886 5494 πάντη.

171 5489 289 5564 (52)
325 5492 472 5546 Δέοι.
501 5489 765 5564 (ἷοιῃὴεί.)
790 5490 902 5561 δέῃ.

168 5552 283 5635 (‘53)
325 5565 504 5635 Ὅσον
534 5563 565 5613 δ
590 5552 984 5635 [Απόστοζὶες.
1019 5553 1214 5609 Alludit
1234 5553 1333 5635 _Iiic
1366 5552 1659 5635 Gregorius

112 5623 186 5690 ιϐ’
220 5623 333 5688 Ιιέεο
385 5630 622 5699 Apostoli
677 5633 858 5693 verba,
910 5628 1062 5682 Rom.
1111 5641 1187 5699 I_x_.
1215 5625 1305 5699 A5:
1344 5641 1363 5676 ‹
1400 5623 1657 5699 Optabam

112 5705 245 5759 enim
272 5717 372 5785 ego
401 5691 514 5770 ipse
550 5691 977 5758 anathema'esse
1019 5712 1049 5751 a
1102 5695 1316 5751 Christo
1347 5691 1457 5765 pro
1475 5691 1657 5749 fratri-

113 5789 201 5826 ms
230 5787 386 5826 mets.
420 5791 437 5824 ι
476 5782 579 5826 etc.

113 5789 201 5830 ius
230 5787 386 5840 mets,
420 5791 437 5824 ›
476 5787 579 5828 etc.

1839 5272 1950 5341 ('54)
1993 5270 2188 5341 Οὐρία.
2212 5267 2371 5322 Coisl.
2395 5268 2459 5341 _l.
2480 5267 2692 5341 οὐραῖαἶ

1838 5330 1952 5411 (55)
2006 5330 2525 5411 ⁷Αῖγάγωιιεν.“ῌεε.
2546 5330 2646 5399 Ἰιυ,
2679 5331 2771 5386 Or.
2804 5331 2854 5408 1,
2886 5330 3124 5411 ἄγωμενε

1834 5394 1948 5483 (36;
1982 5394 2102 5463 om;
2136 5394 2299 5461 όνὲα.
2354 5394 2643 5483 Ilicnotat
2681 5401 2889 5483 vocem,
2912 5394 3032 5483 seu
3063 5394 3321 5483 blaspbe:

1761 5466 2296 5542 miam'Arianorum,
2315 5478 2405 5546 qui
2429 5478 2493 5530 de
2517 5475 2651 5529 Filio
2680 5472 2929 5525 dicebant
2956 5487 2969 5521 :
3003 5487 3035 5546 ί
3062 5466 3175 5521 Non
3203 5474 3321 5546 erat

1762 5535 2070 5619 priusquam
2097 5535 2425 5618 gigneret-ur,
2453 5557 2545 5598 aut
2572 5551 2903 5597 nasceretur.
2944 5538 3174 5619 i_Quare
3218 5535 3322 5588 οὐκ

1761 5622 1891 5674 ὅντα
1924 5621 2134 5674 videtur
2166 5618 2244 5672 sic
2277 5617 2602 5671 reddendum
2638 5629 2651 5665 :
2692 5628 2711 5661 ι
2744 5626 2849 5665 non
2878 5614 3248 5665 ex5tstentem.
3290 5620 3315 5657 ι

1762 5691 1949 5746 Dillius
1982 5688 2198 5746 reddit:
2245 5706 2263 5738 ι
2300 5688 2645 5742 exstinctum.
2688 5699 2709 5734 ι
