3914 6404
598 317 733 373 H71

1794 315 1853 372 S.
1894 317 2224 373 GREGORII
2263 317 2606 375 THEOLOGI

3686 326 3802 381 Hi!

595 437 759 508 idque
798 450 897 492 vos
939 436 1081 506 passi
1143 433 1292 503 estis,
1331 434 1423 504 qui
1471 449 1594 491 eum
1635 437 1876 492 omnium
1927 440 2160 494 maxime

2282 439 2424 504 ιίαςῑ
2457 441 2554 494 καὶ.
2587 441 2744 512 ὑμεῖς
2776 442 3090 514 ἠνέσχεσθε,
3139 446 3188 498 οἱ
3225 445 3439 500 πάντων
3497 445 3691 516 μᾶλλον
3729 449 3796 501 τὸν

593 530 890 598 Suspicitis,
947 527 1249 598 aunuisque
1302 526 1595 583 honoribus
1644 544 1708 584 ac
1756 530 1984 596 publicis
2033 546 2162 586 con-

597 622 848 677 ventibus
877 619 1186 675 celebratis.
1223 619 1390 691 5.38
1423 619 1743 690 Cyprianus,
1783 621 2030 690 inquam,
2068 637 2162 676 cu-

602 713 712 782 jus,
738 711 822 766 vel
850 710 1064 766 etiamsi
1089 710 1286 780 alioqui
1305 710 1591 767 oblivionis
1616 711 1745 766 vitio
1773 711 2165 776 laboraremus,

595 803 908 860 meminisse
943 810 1119 857 tamen
1167 817 1388 857 necesse
1420 801 1629 868 fuerat;
1675 802 1939 871 siquidem
1972 801 2161 870 optimi

595 896 936 966 potissimum
980 895 1083 949 viri
1115 895 1372 950 memoria
1412 895 1622 950 colendi
1653 904 1800 959 sunt,
1830 894 1994 964 iique,
2029 910 2164 963 quo-

595 1003 717 1042 rum
746 987 1055 1042 meminisse
1093 1003 1199 1042 non
1227 989 1384 1042 modo
1412 987 1556 1056 pium
1585 994 1688 1052 est,
1723 986 1813 1041 sed
1841 987 2002 1041 etiam
2035 986 2164 1040 utile

595 1095 661 1136 ac
693 1079 1047 1135 fructuosum.
1095 1079 1291 1133 Verum
1337 1078 1438 1132 hoc
1489 1077 1729 1132 debitum
1787 1093 1910 1132 cum
1977 1077 2168 1132 fenore

595 1172 992 1236 dissolvamus;
1047 1171 1091 1225 si
1146 1179 1323 1225 tamen
1353 1184 1510 1240 pares
1539 1171 1617 1225 rei
1668 1169 1952 1224 facultates
2000 1170 2163 1224 hahe-

596 1279 739 1328 mus,
768 1277 832 1318 ac
871 1277 978 1317 non
1041 1277 1222 1318 rerum
1257 1262 1496 1316 omnium
1551 1270 1789 1330 egestate
1836 1271 1890 1315 et
1940 1261 2160 1330 penuria

593 1354 990 1410 conﬂictamur.
1044 1354 1199 1421 Quod
1253 1353 1304 1408 si
1345 1353 1512 1408 etiam
1569 1352 1851 1406 admodum
1903 1342 2164 1420 pauperes

573 1435 959 1513 inveniamur,
988 1459 1094 1500 non
1129 1443 1336 1509 dubito,
1371 1443 1500 1514 quin
1535 1442 1619 1496 vir
1650 1441 1761 1505 ille,
1791 1450 1851 1495 ut
1889 1443 1942 1496 in
1986 1443 2162 1496 omni-

595 1537 700 1593 bus
733 1538 896 1592 rebus
925 1535 1096 1590 animi
1142 1535 1510 1604 magnitudine
1551 1548 1616 1588 ac
1656 1533 1912 1588 modestia
1967 1534 2163 1602 praedi-

573 1639 709 1695 -tus,
737 1640 851 1685 tum
884 1637 1082 1685 nostra:
1119 1643 1308 1692 morae,
1360 1635 1470 1680 tum
1508 1625 1718 1694 inopia,
1762 1625 1920 1680 facile
1958 1626 2028 1680 sit
2075 1641 2164 1679 ve-

594 1721 742 1776 niant
776 1721 1028 1783 daturus;
1068 1718 1226 1772 modo
1255 1719 1355 1771 hoc
1381 1716 1594 1770 nomine
1641 1717 1841 1785 gratias
1880 1716 1988 1770 Deo
2029 1730 2161 1786 aga-

2269 532 2434 602 ἄνδρα
2459 532 2845 602 θαυμάζοντες,
2871 537 2963 588 καὶ
2983 539 3101 600 ταῖς
3129 536 3194 589 δι’
3219 537 3371 600 ἔτους
3391 538 3659 607 τιμῶντες
3687 543 3801 591 εκεῖ-

2268 641 2355 676 νον
2377 625 2562 694 τιμαῖς
2588 641 2648 677 τε
2687 626 2781 677 καὶ
2809 627 3147 699 πανηγύρεσι
3171 644 3187 658 ⁸
3231 628 3549 699 Κυπριανδς
3586 628 3711 697 (49).
3736 626 3798 697 ὦ,

2269 714 2364 766 καὶ
2420 716 2532 777 τοῖς
2588 713 2754 769 τᾶλλα
2803 716 3149 787 ὲπιλήσμοσι,
3184 718 3494 788 μεμνῆσθαι
3529 719 3641 771 τῶν
3667 721 3800 789 ἀναγ-

2271 807 2463 860 καίων·
2517 805 2674 879 εῐπερ
2715 809 2824 861 τῶν
2863 810 3099 881 ἀρίστων
3138 812 3373 883 μάλιστα
3412 815 3801 883 μνημονευτέον,

2271 900 2363 952 καὶ
2391 893 2464 952 ὧν
2511 900 2573 952 τὸ
2617 901 2921 971 μεμνῆσθαι
2966 903 3109 956 ὅσιόν
3142 922 3200 957 τε
3230 903 3365 975 ὁμοῦ
3403 905 3499 957 καὶ
3539 904 3801 976 ὠφέλιμον.

2283 990 2421 1044 Ἀλλ’
2445 992 2730 1063 ἀποδῶμεν
2763 995 2859 1047 σὺν
2880 995 3025 1066 τόκῳ
3051 995 3110 1048 τὸ
3135 996 3312 1066 χρέος,
3356 997 3425 1050 ἂν
3454 997 3566 1067 ἄρα
3589 997 3805 1052 τοσοῦτον

2271 1084 2628 1156 εὐποροῦντες
2655 1084 2762 1155 (50)
2795 1087 3072 1156 φανῶμεν,
3101 1087 3237 1141 ἀλλὰ
3267 1088 3340 1158 μὴ
3372 1089 3556 1140 πάντα
3579 1081 3720 1157 ὦμεν
3741 1090 3805 1140 ἐν-

2270 1177 2410 1240 δεεῖς
2437 1194 2497 1230 τε
2539 1177 2634 1230 καὶ
2669 1177 2913 1248 πένητες.
2939 1181 3034 1231 Ἂν
3068 1179 3123 1232 δὲ
3152 1181 3244 1232 καὶ
3277 1179 3397 1234 λίαν
3432 1179 3695 1249 πένητες,
3733 1177 3808 1234 οἶδ’

2269 1269 2352 1320 ὅτι
2379 1266 2745 1336 συγγνώσεται
2769 1271 2898 1339 ἡμῖν
2927 1270 3022 1323 καὶ
3044 1269 3142 1339 τῆς
3172 1271 3555 1342 ὑπερημερίας
3581 1269 3709 1339 (51),
3736 1274 3806 1325 καὶ

2269 1359 2370 1427 τῆς
2401 1359 2610 1426 πενίας,
2634 1361 2756 1413 ἐπεὶ
2786 1362 2877 1414 καὶ
2907 1362 3082 1415 πάντα
3113 1364 3484 1434 μεγαλᾱζαυχος
3520 1366 3550 1416 ὁ
3585 1364 3714 1434 ἀνὴρ
3735 1369 3808 1419 καὶ

2272 1449 2557 1519 φιλόσοφος
2576 1468 2589 1481 ·
2629 1452 2784 1522 μόνον
2816 1452 2902 1513 ἂν,
2930 1454 3019 1506 ὅτι.
3047 1455 3120 1525 μὴ
3153 1455 3404 1524 διέφυγεν
3429 1457 3602 1526 ἡμεῖς,
3633 1456 3812 1526 εὐχαρι-

2271 1542 2577 1612 στήσωμεν.
2605 1543 3099 1614 Εὐχαριστήσωμεν
3127 1546 3238 1614 (δε)
3267 1546 3322 1599 δέ
3347 1562 3358 1574 ·
3400 1547 3498 1598 καὶ
3531 1545 3643 1616 γὰρ
3669 1547 3811 1609 ἄξιον..

2283 1630 2536 1699 Ἀρκτέον
2572 1630 2627 1683 δὲ
2664 1630 2854 1697 οὕτως,
2884 1633 2960 1694 ὡς
2991 1635 3072 1696 εἰς
3101 1635 3263 1688 καλὸν
3303 1635 3431 1705 ὑμῖν
3461 1636 3808 1706 ἐπανήκομεν,

2272 1722 2364 1774 καὶ
2395 1722 2580 1786 καλοῖς
2619 1723 2834 1794 μέτροις
2878 1724 3036 1789 Θεοῦ,
3063 1725 3156 1778 τοῦ
3187 1727 3362 1780 πάντα
3393 1729 3452 1779 ὲν
3491 1727 3714 1798 σταθμῷ
3735 1731 3810 1780 καὶ

598 1829 741 1879 mus,
771 1813 916 1883 quod
939 1812 1194 1866 memoria
1228 1809 1392 1879 ipsius
1427 1823 1490 1862 ex
1517 1809 1712 1862 animis
1757 1810 1958 1863 nostris
1993 1809 2160 1863 haud-

2282 1813 2448 1884 ιέτρῳ
2493 1816 2819 1886 διορίζοντός
2854 1834 2914 1870 τε
2940 1818 3035 1870 καὶ
3061 1816 3444 1884 διευθὺνοντος,
3484 1821 3553 1871 ὲκ
3583 1820 3679 1888 τῆς
3705 1822 3810 1888 ἡσυ-

593 1921 862 1977 quaquam
909 1903 1172 1974 eﬂugerit.
1205 1902 1342 1956 Vere
1397 1901 1599 1970 gratias
1649 1900 1759 1954 Deo
1793 1915 2016 1969 agamus
2060 1919 2072 1955 :
2113 1901 2168 1955 id

594 1999 740 2054 enim
771 2012 981 2068 aequum
1015 2005 1139 2060 est;
1181 2003 1340 2062 atque
1376 2004 1434 2048 ut
1471 1994 1599 2050 hinc
1638 1995 1847 2048 initium
1885 1994 2161 2058 ducamus,

595 2104 758 2161 quam
807 2087 1107 2151 commode,
1161 2085 1506 2156 pulchrisque
1564 2085 1658 2141 Dei
1713 2085 2021 2151 mensuris,
2072 2087 2163 2154 qui

2271 1904 2392 1975 χίας
2434 1906 2526 1959 ἐπὶ
2568 1908 2658 1961 τὸν
2700 1908 2876 1978 λόγον,
2922 1910 2988 1964 έκ
3029 1910 3129 1980 τῆς
3166 1911 3577 1984 φιλομάρτυρος
3613 1913 3812 1984 (55)ὲπὶ

2274 1995 2554 2067 μάρτυρας
2563 2039 2576 2061 ν
2610 1999 2674 2052 ἐκ
2697 2000 2800 2069 τῆς
2829 2000 3149 2072 σωματικῆς
3170 2001 3408 2067 ἀνέσεως
3423 2003 3520 2055 ἐπὶ
3548 2003 3649 2072 τὴν
3680 2019 3814 2056 πνευ.

2274 2089 2507 2162 ματικὴν
2532 2092 2791 2147 ἑστίασιν.

593 2181 777 2235 omnia
810 2193 932 2234 cum
966 2179 1201 2248 pondere
1245 2187 1300 2233 et
1367 2192 1620 2232 mensura
1667 2177 1952 2232 constituit
1994 2192 2057 2234 ac
2126 2180 2559 2247 moderatur“,
2598 2185 2664 2238 ad
2734 2199 2832 2239 vos
2883 2185 3161 2250 rediimus,
3201 2200 3232 2239 a
3285 2186 3509 2240 silentio
3551 2196 3606 2242 et
3654 2187 3814 2242 solitu-

592 2275 718 2328 dine
751 2271 819 2326 ad
849 2285 1175 2337 sermonem,
1209 2285 1242 2325 a
1311 2280 1610 2341 martyrum
1662 2271 1902 2326 studiosa
1935 2269 2007 2324 ad
2048 2279 2338 2343 martyres,
2391 2291 2427 2330 a
2496 2290 2760 2333 corporea
2832 2275 3162 2332 relaxatione
3208 2279 3274 2331 ad
3332 2279 3653 2349 spiritualcs
3706 2297 3814 2350 epu-

590 2367 704 2422 las!

663 2459 732 2516 ll.
767 2459 1218 2516 Desiderahamus
1262 2473 1378 2522 vos,
1425 2474 1461 2514 ο
1502 2458 1617 2520 lilii.
1653 2470 1709 2514 et
1757 2457 1872 2529 pari
1915 2456 2172 2513 desiderii

593 2553 790 2608 affectu
816 2567 845 2606 a
869 2551 1028 2607 vobis
1057 2551 1476 2621 expetebamur;
1509 2551 1560 2605 id
1583 2552 1726 2605 enim
1774 2549 1904 2604 mihi
1940 2563 2166 2618 persua-

595 2645 719 2699 deo.
747 2642 937 2711 Videte
965 2642 1179 2713 paterni
1209 2642 1373 2697 aninti
1419 2643 1753 2708 candorem;
1799 2655 1921 2695 nam
1949 2650 2004 2694 et
2026 2640 2167 2710 quod

594 2751 780 2791 meum
811 2744 899 2791 est
931 2749 1114 2798 narro,
1150 2743 1205 2790 et
1229 2743 1412 2790 vestro
1461 2749 1588 2804 erga
1623 2748 1708 2787 me
1755 2731 1964 2788 aﬂectui
2015 2731 2168 2786 testi-

593 2827 836 2883 monium
870 2826 1104 2896 praebeo,
1137 2832 1298 2894 atque
1331 2826 1588 2879 hactenus
1630 2825 1775 2880 inter
1822 2837 1921 2878 nos
1960 2822 2165 2891 disjun—

594 2920 692 2985 cti,
724 2928 784 2974 ut
809 2918 1133 2975 desiderium
1184 2926 1426 2971 nostrum
1463 2915 1713 2983 utrinque
1759 2927 2068 2984 agnoscere,
2101 2927 2166 2966 ac

594 3010 711 3078 ipsa
740 3009 978 3063 locorum
1011 3007 1266 3061 distantia
1291 3014 1346 3058 et
1382 3003 1683 3066 intervallo,
1713 3004 2160 3073 quemadmodum

2341 2456 2417 2508 B'.
2473 2454 2802 2527 Ἐποθοῦμεν
2834 2455 2997 2526 ὑμᾶς,
3025 2448 3070 2507 ὧ
3094 2453 3276 2518 τέκνα,
3313 2455 3404 2508 καὶ
3441 2454 3822 2524 ἀπεπθοῦμε-

2271 2547 2340 2601 θα
2383 2549 2493 2611 τοῖς
2529 2548 2662 2610 ἴσοις
2707 2547 2931 2619 μέτροις
2971 2545 3116 2616 (54)·
3166 2545 3424 2616 πείθομαι
3468 2546 3604 2616 γάρ.
3649 2546 3816 2600 Ὁρᾶτε

2269 2640 2475 2712 πατρὸς
2500 2639 2946 2711 εὐγνωμοσύνην·
2981 2639 3072 2692 καὶ
3092 2639 3153 2691 τὸ
3185 2637 3423 2708 ἐμαυτοῦ
3452 2638 3620 2707 λέγω,
3651 2639 3738 2692 καὶ
3765 2640 3819 2691 τὸ

2237 2754 2241 2757 ·
2270 2731 2531 2803 ὑμέτερον
2557 2731 2836 2803 μαρτυρῶ,
2865 2732 2959 2784 καὶ
2980 2730 3230 2784 τοσοῦτον
3255 2729 3663 2800 διαζευχθέντες
3682 2733 3819 2800 ἀλλή-

2268 2823 2396 2886 λων,
2427 2825 2549 2877 ὃσον
2573 2823 2662 2878 τὸν
2691 2823 2852 2877 πόθον
2886 2823 3148 2894 γνωρίσαι
3171 2821 3263 2874 καὶ
3286 2821 3583 2892 δοκιμάσαι
3619 2827 3682 2893 τῇ
3711 2825 3813 2877 ἀπο

2272 2917 2477 2981 στάσει,
2502 2914 2748 2988 καθάπερ
2780 2916 2830 2971 οἱ
2855 2912 3131 2986 ζωγράφοι
3163 2915 3271 2986 (55)
3301 2915 3428 2978 τοὺς
3457 2915 3710 2982 πίνακας,
3739 2919 3815 2968 τιά-

2268 3008 2351 3061 λιν
2386 3007 2738 3079 συνήλθομεν.
2793 3007 2880 3070 Ὣς
2918 3006 3059 3078 μέγα
3102 3007 3320 3076 μνήμης
3348 3006 3821 3077 ἐμπῦρευμαβϐὶ,

592 3101 832 3170 pictores
867 3099 1096 3164 tabulas,
1142 3098 1422 3168 explorare
1461 3111 1765 3166 possemus,
1802 3110 1987 3149 rursus
2032 3109 2163 3149 con-

2282 3099 2366 3152 ιιαὶ
2403 3077 2629 3172 βραχεῖα
2667 3077 2929 3170 συνήθειαν
2956 3098 3124 3167 φίλων
3157 3095 3292 3165 (57),
3323 3099 3436 3160 τοῖς
3464 3116 3523 3150 τε
3566 3099 3817 3169 ἀγαπητι.

591 3193 860 3246 venimus.
911 3191 1085 3258 Quam
1117 3206 1344 3259 magnus
1377 3190 1648 3245 memoria?
1699 3188 2025 3251 fomesest,
2081 3185 2163 3240 vel

2282 3195 2387 3255 mi;
2408 3191 2498 3244 τὸν
2519 3191 2734 3262 τρόπον,
2764 3191 2856 3243 καὶ
2875 3190 3006 3244 Θεοῦ
3035 3188 3381 3261 μιμουμένοις
3401 3191 3818 3261 φιλανθρωπίαοή

591 3283 780 3338 brevis
832 3284 1127 3338 amicorum
1178 3281 1520 3336 familiaritas
1580 3288 1633 3335 et
1689 3278 2039 3343 consuetudo,
2096 3277 2165 3332 iis

2282 3282 2397 3346 Πῶς
2425 3282 2482 3334 δὲ.
2515 3283 2615 3335 οὐκ
2641 3282 2956 3353 ἐμέλλομεν,
2985 3283 3034 3334 οἱ
3062 3283 3298 3354 Χριστοῦ
3334 3282 3600 3354 μαθηταὶ,
3636 3282 3724 3335 τοῦ
3753 3301 3825 3351 κεῖ

581 3374 788 3442 ,υιὶίιιιθ
818 3373 908 3443 qui
965 3373 1206 3428 moribus
1257 3379 1382 3427 sunt
1439 3371 1506 3425 ad
1555 3370 1842 3423 amandum
1890 3368 2162 3438 propensi,

2282 3372 2533 3436 νωθέντος
2572 3367 2637 3425 δι’
2671 3376 2818 3445 ἡμᾶς
2856 3374 3014 3445 μέχρι
3039 3375 3224 3429 δούλου
3261 3376 3498 3448 μορφῆς,
3536 3376 3632 3428 καὶ
3663 3375 3826 3438 ξένους

594 3467 797 3535 quique
836 3465 929 3520 Dei
967 3480 1092 3534 erga
1124 3480 1292 3535 genus
1329 3465 1622 3518 humanum
1659 3476 1896 3516 amorem
1946 3461 2165 3514 imi-tan-

2282 3463 2427 3526 ivca;
2459 3463 2565 3517 τῶν
2590 3464 2850 3535 οὐρανίων
2877 3466 3011 3536 πρὸς
3044 3466 3231 3520 ἑαυτὸν
3265 3467 3683 3535 συναγαγόντος,
3710 3467 3822 3518 ἀνθ-

592 3560 719 3612 tur!
749 3557 942 3625 Quidni
965 3567 1166 3624 autem,
1200 3572 1320 3612 cum
1349 3555 1573 3620 Christi,
1602 3555 1690 3623 qui
1723 3563 1943 3622 propter
1971 3569 2071 3608 nos
2095 3553 2162 3607 ad

2282 3553 2487 3620 ἑξεσθαί
2537 3572 2594 3607 τε
2638 3556 2731 3608 καὶ
2780 3556 3120 3627 περιέξεσθαι
3154 3557 3417 3628 ἀλλήλων,
3455 3559 3548 3610 καὶ
3584 3560 3824 3628 τηρήσειν

595 3651 828 3704 formam
869 3665 1040 3719 usque
1094 3649 1344 3704 servilem
1404 3648 1637 3717 seipsum
1676 3646 1991 3712 exiuanivit,
2031 3655 2085 3700 et
2131 3661 2161 3699 a

2282 3646 2363 3716 τὴν
2393 3648 2620 3717 ἑνότητα
2650 3647 2744 3699 τοῦ
2787 3648 3094 3719 πνεύματος
3129 3649 3187 3701 έν
3214 3647 3292 3719 τῷ
3317 3648 3606 3718 συνδεσμῷ
3642 3649 3734 3719 τῆς
3756 3650 3825 3700 εξ-

599 3738 914 3794 cmlestibus
942 3738 1145 3794 alienos
1175 3746 1229 3793 et
1266 3739 1579 3809 peregrinos
1611 3737 1678 3792 ad
1711 3753 1771 3792 se
1798 3736 2031 3804 collegit,
2081 3736 2164 3790 di-

2282 3739 2457 3809 ρήνης,
2505 3740 2732 3810 ἣνόμου
2775 3741 2869 3793 καὶ
2911 3739 3204 3812 προφητῶν
3228 3742 3343 3793 ἐστι
3377 3742 3699 3812 μυστήριον,
3741 3740 3826 3791 εἰτ’

596 3831 836 3898 seipulos
882 3845 980 3886 nos
1012 3831 1380 3901 proliteamur,
1430 3829 1637 3898 quidni,
1691 3827 1927 3897 inquam,
1980 3835 2163 3881 mutuo

2282 3825 2360 3883 >ὖν
2391 3831 2502 3901 (58)
2530 3832 2818 3900 κεφάλαιον
2839 3847 2854 3897 ;

597 3920 800 3974 amoris
826 3918 1105 3988 complexu
1135 3920 1277 3975 inter
1303 3933 1402 3973 nos
1440 3919 1793 3984 haereremus,
1842 3917 2170 3986 spiritusque
2211 3920 2466 3974 unitatem
2508 3923 2558 3975 iu
2597 3924 2811 3977 vincqu
2849 3923 2994 3979 nacis
3024 3924 3089 3990 ¹⁸,
3138 3938 3256 3993 qua
3291 3923 3425 3994 legis
3489 3934 3546 3978 et
3617 3939 3825 3995 prophe-

595 4019 773 4064 tarum
801 4009 1139 4073 mvsterium,
1174 4024 1268 4064 seu
1299 4017 1462 4077 caput
1489 4018 1592 4072 est,
1639 4008 2021 4062 servaremus?

672 4103 758 4156 Ill.
794 4102 912 4157 J'am
944 4103 1105 4172 igitur
1135 4103 1237 4157 hoc
1268 4118 1432 4156 unum
1461 4112 1515 4157 et
1559 4101 1791 4170 primum
1845 4100 2164 4154 beneficium

599 4191 888 4258 habemus,
933 4191 1075 4261 quod
1113 4191 1220 4261 ipsi
1277 4205 1438 4261 quam
1498 4191 1777 4246 celerrime
1836 4191 1903 4244 ad
1956 4197 2168 4244 mutuos

599 4284 884 4354 antplexus
933 4286 1292 4342 accurrimus.
1337 4284 1524 4356 Neque
1571 4287 1713 4342 enim
1773 4285 1923 4342 zelus
1959 4301 2166 4340 moram

2339 4102 2412 4158 1".
2456 4105 2550 4156 Ἓν
2587 4103 2685 4174 μὲν
2719 4103 2783 4174 δὴ
2815 4102 2971 4156 τοῦτο
2991 4103 3089 4172 τῆς
3115 4102 3429 4172 εὐεργεσίας
3473 4102 3572 4155 καὶ
3606 4103 3822 4174 πρῶτον,

2273 4196 2335 4249 τὸ
2359 4195 2432 4260 ὡς
2461 4195 2688 4265 τάχιστα
2725 4195 3086 4265 προσδραμεῖν
3109 4192 3356 4264 ἀλλήλοις
3385 4193 3482 4246 καὶ
3510 4193 3827 4263 περιπτύξα-

2277 4285 2418 4338 σθαι.
2446 4285 2578 4338 Οὐδὲ
2605 4284 2713 4356 γὰρ
2740 4285 2892 4356 φέρει
2917 4284 3013 4354 τὴν
3035 4283 3298 4353 ἀναϐολὴν
3327 4286 3356 4336 ὁ
3388 4284 3552 4353 ζῆλος
3575 4302 3590 4313 ο
3616 4286 3708 4336 καὶ
3731 4283 3826 4352 βίος

597 4377 834 4448 patitur;
877 4379 1147 4448 totiusque
1207 4379 1330 4433 vitae
1390 4379 1564 4434 instar
1619 4387 1704 4434 est
1751 4379 1910 4434 unius
1944 4377 2165 4434 dieculae

2282 4378 2391 4443 5).ος
2414 4378 2590 4449 ἡμέρα
2621 4377 2719 4448 μία
2747 4380 2860 4440 τοῖς
2889 4375 3038 4447 πόθῳ
3060 4376 3377 4446 κάμνουσιν.
3401 4375 3671 4446 Δεύτερον
3701 4375 3774 4438 δὲ,
3803 4373 3828 4424 ὃ

671 4519 716 4549 ¹²
745 4517 874 4587 Sap.
901 4533 979 4582 ιι,
1019 4517 1102 4570 2|.
1189 4518 1232 4549 "
1262 4517 1457 4586 Ephes.
1488 4534 1562 4584 ιν,
1592 4519 1650 4572 '5.

597 4678 970 4750 κωμιαστικδς
1001 4681 1080 4750 είς
1105 4680 1232 4740 τοὺς
1261 4678 1447 4750 ἁγίους
1470 4681 1782 4750 Κυπριανὸν
1815 4683 1909 4735 καὶ
1949 4684 2165 4736 Ἰουστί-

598 4749 698 4820 νην
722 4750 848 4813 τοὺς
871 4749 1194 4821 φιλοσόφους
1215 4751 1308 4802 καὶ
1333 4749 1613 4821 μάρτυρας
1630 4767 1643 4779 ο
1676 4769 1694 4801 ι
1725 4752 1917 4821 Οτι)ιὶοΑ
1934 4753 2169 4807 funebris

597 4819 662 4872 et
698 4819 1027 4890 pauegyrica
1073 4822 1126 4872 in
1162 4830 1376 4873 sanctos
1419 4819 1750 4890 Cyprianum
1802 4834 1857 4874 et
1891 4819 2161 4875 Justiuam

598 4888 947 4958 philosolihos
979 4900 1032 4942 et
1060 4900 1344 4958 martyres.
1377 4907 1399 4939 ι-
1432 4888 1594 4943 Palu:
1633 4890 1726 4952 Είς
1751 4890 1841 4942 τὸν
1869 4891 2022 4958 ἅγιον
2052 4893 2166 4943 Κυ-

601 4957 848 5032 πριανόν.
887 4957 1100 5032 Nicetas
1129 4960 1180 5011 in
1206 4957 1498 5032 Comment.
1527 4975 1548 5012 :
1567 4959 1720 5012 Μετὰ
1739 4961 1871 5032 γοῦν
1893 4957 2018 5030 μίαν
2039 4961 2172 5032 ἡμέ-

603 5027 702 5098 ραν
720 5029 819 5100 τῆς
859 5027 961 5100 τοῦ)
1012 5029 1284 5100 μάρτυρος
1334 5027 1553 5100 μνήμης
1594 5027 2169 5100 παραγενόμενος,”τὸ

598 5097 785 5169 παρὸν
807 5100 886 5161 εἰς
908 5097 1068 5152 αὐτὸν
1094 5097 1369 5168 ’ἐγκώμιον
1391 5097 1696 5168 ἐξεφώνησε
1721 5113 1737 5130 ⁸
1763 5097 1792 5153 ⁷(
1821 5097 2084 5155 Pustridie
2114 5103 2170 5154 il-

597 5167 704 5238 lius
728 5168 857 5234 diei,
883 5183 988 5236 quo
1014 5167 1264 5238 martyris
1297 5167 1737 5223 commemoratio
1783 5171 2042 5225 celebrari
2080 5188 2168 5225 so-

599 5237 765 5304 lebat,
799 5254 926 5293 rure
960 5237 1228 5305 reversus,
1272 5239 1411 5293 hanc
1439 5239 1493 5292 in
1527 5239 1692 5306 ipsius
1719 5241 1926 5294 laudem
1960 5243 2164 5296 oratio-

599 5323 723 5361 nem
756 5307 962 5365 habuit.
987 5328 1006 5360 ι

672 5378 788 5448 (49)
827 5380 1184 5448 Κυπριανός.
1236 5378 1326 5434 Sic
1364 5378 1498 5450 Reg.
1538 5379 1629 5449 ph,
1673 5379 1835 5436 Coisl.
1875 5380 1930 5447 ‘2,
1975 5389 2079 5435 etc.
2115 5382 2165 5436 ln

600 5450 710 5506 θη..
737 5450 1067 5520 Κυπριανὸν.

674 5519 786 5588 (50)
819 5519 1257 5588 Εὐποροῦντες.
1293 5519 1383 5576 Sic
1411 5519 1581 5591 Regg.
1622 5520 1732 5584 bm,
1763 5520 1854 5585 ph,
1878 5520 2038 5575 Coisl.
2067 5523 2086 5575 l
2117 5533 2167 5577 et

599 5587 658 5649 2,
689 5589 811 5643 Bas.
837 5590 911 5644 Ita
939 5592 1102 5645 etiam
1134 5591 1342 5646 videtur
1371 5591 1564 5661 legisse
1598 5589 1806 5645 Billius.
1838 5591 1900 5644 lu
1933 5594 2018 5647 cd.
2081 5595 2169 5646 ευ-

603 5673 944 5728 saevom“.

680 5724 799 5788 (Sil
858 5730 1280 5802 Υπῳημερίσς.
1313 5750 1333 5786 ι
1361 5730 1890 5790 Procrastiuatiouis.
1931 5752 1950 5786 ι

2343 4681 2455 4750 (5‘2)
2495 4683 3064 4754 deapio'nio'wpey.
3100 4681 3255 4736 Deest
3286 4681 3339 4736 in
3365 4680 3616 4754 pluribus
3638 4681 3785 4736 codd.

2346 4755 2458 4824 (55)
2497 4752 2957 4822 Φιλομάρτυρος.
2998 4753 3149 4807 Piam
3188 4752 3478 4821 quamdam
3536 4763 3826 4806 matronam

2275 4821 2808 4893 intelligerevidetur
2837 4824 3148 4893 Gregorius.
3258 4891 3270 4893 _
3459 4891 3554 4893 7_
3643 4853 3646 4856 ι

2345 4891 2469 4964 (δέ)
2502 4893 2628 4960 Τοῖς
2648 4897 2794 4959 tam;
2819 4891 3075 4964 μέτροις.
3097 4892 3219 4964 Haec
3241 4891 3432 4946 desunt
3457 4892 3508 4964 in
3529 4891 3708 4964 Regg.
3729 4893 3828 4957 bra,

2273 4962 2365 5032 ph.
2404 4962 2546 5026 Par.,
2584 4968 2911 5032 (ueterisque
2933 4962 3168 5016 melioris
3193 4971 3331 5032 notje
3359 4962 3520 5016 codd.

2346 5033 2457 5104 (55)
2499 5032 2771 5100 Καθάπερ
2800 5029 3176 5104 (ὀί-ζωγράφοι.
3214 5049 3232 5081 ι
3257 5029 3344 5104 _Ut
3375 5032 3642 5104 pictores,
3671 5033 3824 5101 inqit

2276 5101 2510 5168 Nicetas,
2541 5119 2605 5156 ex
2634 5101 2911 5155 intervallo
2941 5103 3147 5156 tabulas
3170 5101 3358 5155 melius
3381 5102 3826 5170 perSpiciuut,at-

2275 5186 2380 5239 que
2425 5172 2761 5242 expendunt,
2803 5187 2962 5239 quam
3019 5173 3062 5225 si
3109 5171 3326 5242 propius
3368 5171 3720 5226 intueantur:
3763 5173 3825 5224 sic

2277 5241 2670 5296 mutuusamor
2691 5241 3022 5308 seiunctione
3045 5241 3258 5305 melius,
3285 5254 3447 5310 quam
3473 5253 3742 5310 perpetua
3762 5241 3825 5293 vi-

2277 5323 2341 5364 ta:
2373 5312 2760 5367 consuetudine
2791 5311 3118 5378 exploratur.
3155 5329 3173 5361 ι

2347 5377 2905 5464 (56)Α.Ἐμπύ,οευμὰ.
2971 5381 3170 5449 Regius
3231 5377 3415 5452 Cypr.,
3477 5382 3821 5454 ἐμπόρευμε.

2282 5470 2300 5502 1
2342 5462 2651 5514 ιιεεζοιωιιο.
2693 5471 2712 5502 ι

2276 5592 2305 5645 λ
2348 5523 2461 5605 (57)
2502 5521 2793 5646 ᾓυνήθεια
2841 5521 3052 5589 φίλων.
3104 5520 3194 5577 Sic
3243 5522 3374 5592 Reg.
3434 5537 3486 5576 a.
3544 5521 3709 5577 Deest
3756 5521 3821 5587 φξ-

2307 5610 2383 5645 ων
2414 5610 2465 5646 111
2491 5608 2520 5646 e
2562 5632 2575 5645 .

2307 5610 2383 5645 ων
2414 5610 2465 5646 111
2491 5608 2575 5646 ea.

2349 5663 2472 5734 (58),
2501 5661 3003 5734 RIUO'tﬁp/Ot'tezf'
3030 5656 3175 5734 οὖνὶ
3191 5660 3314 5716 Haec
3340 5663 3541 5734 desunt
3579 5663 3634 5715 in
3677 5664 3822 5734 Re“.

2277 5747 2332 5800 ε,
2363 5750 2413 5801 c,
2445 5733 2501 5805 d,
2531 5736 2644 5793 hm.
2671 5733 2834 5794 Coisl.
2864 5733 2920 5803 2,
2942 5733 3036 5793 0r.
3069 5734 3121 5802 l,
3147 5731 3296 5803 Pan,
3329 5732 3539 5803 θεοῦ..
3557 5743 3669 5788 etc.
