3932 6566
184 374 340 469 1173

1054 415 1313 473 ORATIO
1353 417 1539 475 XXIV.
1580 449 1650 462 ——
1689 419 1757 475 IN
1797 416 2089 480 LAUDEM.
2118 424 2178 482 S.
2216 422 2558 480 CYPRIANI.

3287 423 3431 480 1174Δ

185 533 285 587 καὶ
318 531 597 602 μέγιστον,
616 535 677 587 τὸ
705 535 779 607 μή
794 536 1020 591 κατόπιν
1038 537 1147 609 (59)
1166 539 1356 610 ἑορτῆς
1371 540 1614 611 δραμεῖν,
1638 542 1756 612 μηδὲ

1873 546 2105 615 spatium
2155 545 2423 601 desiderio
2449 542 2835 599 laborantibus.
2871 541 3108 598 Alterum
3136 548 3238 609 est,
3265 542 3425 611 idque

186 624 504 696 μαρτύρων,
540 628 926 696 μυοταγωγίας
961 628 1373 701 ἀπολειφθῆναι,
1412 632 1500 685 καὶ
1542 632 1641 702 τῆς
1674 635 1762 687 ὲν-

181 715 382 769 τεῦθεν
420 718 776 789 ἐγγινομένης
816 721 948 789 ἡμῖν
986 722 1195 793 τρυφῆς
1220 739 1277 775 τε
1309 723 1400 775 καὶ
1424 722 1679 793 ἀναψύξει
1711 741 1756 787 ς.

199 808 344 878 Ἐγὼ
367 810 478 881 γὰρ
507 810 671 864 τάλλα
703 810 800 880 μὲν
829 811 1071 882 ὁμολογῶ
1094 814 1294 877 παντὸς
1326 809 1465 867 εἶναι
1502 814 1759 868 νωθέστε-

184 917 315 972 per
344 901 443 953 καὶ
484 902 661 955 πάντα
688 901 849 955 πόθον
884 904 1279 976 ἀπεσεισάμην,
1315 906 1408 974 ἀφ’
1446 899 1505 958 οὗ
1539 906 1757 977 Χριστῷ

186 991 593 1062 συνεταξάμην,
641 992 735 1045 καὶ
768 993 917 1046 οὐδὲν
954 996 1098 1065 αἱρεῖ
1132 1013 1198 1065 με
1242 995 1348 1047 τῶν
1401 996 1499 1049 ὅσα
1548 996 1758 1067 τερπνά

183 1085 298 1143 τοῖς
327 1081 510 1144 ἄλλοις
545 1083 638 1134 καὶ
680 1082 1149 1153 περισπούδαστα·
1189 1084 1250 1136 ού
1286 1083 1509 1147 πλοῦτος
1552 1085 1588 1136 ὁ.
1608 1084 1759 1138 κάτω

188 1173 491 1242 συρόμενος
539 1173 629 1226 καὶ
680 1175 1158 1246 περιτρεπόμενος,
1196 1175 1257 1227 ού
1288 1175 1523 1246 γαστρὸς
1551 1174 1754 1247 ἡδοναὶ,

185 1263 279 1315 καὶ
320 1263 487 1333 κόρος
519 1265 701 1335 πατὴρ
736 1264 965 1336 ὕϐρεως,
998 1266 1097 1318 οὐκ
1130 1265 1294 1335 ἐσθὴς
1333 1265 1545 1336 μαλακή
1577 1282 1635 1318 τε
1661 1266 1755 1319 καὶ

182 1355 574 1426 περιρρέουσα,
620 1357 682 1409 οὐ
718 1356 879 1410 λίθων
934 1357 1200 1425 διαύγειαι
1245 1358 1343 1410 καὶ
1374 1357 1613 1429 χάριτες,
1653 1358 1753 1411 οὐκ

181 1440 320 1510 ἀκοὴ
340 1442 695 1512 γοητεύουσά,
718 1445 818 1497 οὐκ
843 1443 1107 1516 ὄσφρησις
1128 1445 1510 1514 ἐκθηλύνουσα,
1538 1447 1598 1499 ού
1629 1447 1754 1517 κρό-

180 1547 261 1582 τοι
296 1532 487 1602 δήμων
520 1532 613 1585 καὶ
657 1533 897 1606 θεάτρων
940 1535 1305 1604 ἐκμαίνοντες,
1337 1529 1411 1590 ὧν
1446 1538 1609 1591 πάλαι
1640 1540 1752 1602 τοῖς

183 1622 532 1692 βουλομένοις
565 1626 1070 1697 παρεχωρήσαμεν·
1100 1629 1196 1698 ούχ
1243 1630 1339 1681 ὅσα
1381 1629 1481 1699 τῆς
1529 1627 1750 1700 πρώτης

178 1713 422 1780 γεύσεως
459 1714 567 1785 (60)
600 1717 774 1786 ἡμῶν,
803 1716 862 1781 ἐξ
888 1713 955 1788 ἧς
983 1718 1363 1789 ἀπολώλαμεν,
1396 1719 1622 1788 ἔκγοναο
1657 1720 1750 1773 ἀλ-

179 1804 247 1859 λὰ
267 1807 362 1859 καὶ
390 1807 589 1877 πολλὴν
615 1809 871 1879 εὐήθειαν
888 1810 1277 1879 καταγινώσκω
1298 1811 1405 1865 τῶν
1434 1813 1748 1884 κρατεῖσθαι

1871 636 2184 700 maximum,
2211 636 2351 705 quod
2384 651 2486 689 non
2517 642 2640 704 post
2672 634 2862 688 festum
2893 634 3235 697 accessimus,
3261 631 3425 704 5,39

1870 727 2191 795 seriusque,
2250 741 2411 796 quam
2473 734 2532 781 ut
2588 738 2883 795 martyrum
2946 725 3115 779 sacris
3165 724 3425 778 interesse

1867 831 2154 886 queamus,
2207 831 2380 886 eoque
2428 815 2822 870 oblectamento
2863 814 3134 882 animique
3178 812 3424 881 jucundi-

1870 915 1976 960 tate
2006 906 2131 973 frui,
2166 921 2286 975 qua:
2320 906 2442 961 hinc
2477 906 2632 960 nobis
2664 913 3025 972 comparatur.
3057 902 3187 956 Nam
3216 902 3423 956 caeteris

1867 998 2097 1067 quidem
2118 997 2172 1053 in
2202 999 2473 1054 rebus-me
2501 998 2689 1067 quovis
2733 996 2945 1050 homine
2973 994 3271 1065 segniorem
3302 1006 3423 1046 esse

1864 1104 1968 1144 non
2012 1089 2257 1156 inlicior;
2298 1104 2509 1144 omnem
2545 1091 2686 1144 enim
2737 1086 3077 1157 cupiditatem
3124 1083 3311 1153 abieci,
3348 1099 3415 1139 ex

1863 1193 1971 1247 quo
2007 1177 2222 1234 Christo
2257 1194 2452 1233 nomen
2482 1179 2624 1244 dedi,
2657 1193 2829 1247 neque
2856 1192 2918 1232 ex
2946 1176 3197 1240 omnibus
3230 1176 3412 1240 rebus,

1862 1284 1981 1338 qua:
2017 1269 2137 1324 aliis
2163 1269 2415 1337 iucundas
2459 1278 2619 1337 atque
2647 1268 2960 1337 expetendae
3007 1264 3173 1320 videri
3223 1264 3417 1327 solent,

1864 1356 1967 1410 ulla
2011 1365 2229 1421 teneor;
2267 1372 2370 1409 non
2402 1357 2733 1424 opibusquae
2766 1356 2920 1409 lluxm
2949 1363 3003 1408 et
3033 1353 3246 1407 caducae
3272 1361 3416 1413 sunt,

1861 1461 1927 1500 ac
1965 1462 2178 1502 sursum
2213 1446 2581 1514 deorsumque
2600 1446 2904 1511 volvuntur,
2940 1461 3043 1499 non
3076 1443 3277 1498 ventris
3322 1458 3417 1496 vo-

1858 1534 2171 1606 luptatibus,
2206 1550 2312 1589 non
2337 1536 2637 1600 saturitate,
2675 1549 2793 1602 qua:
2815 1534 3086 1587 libidinem
3115 1532 3275 1602 parit,
3307 1547 3413 1585 non

1861 1640 2008 1687 veste
2036 1630 2188 1686 molli
2216 1640 2272 1685 et
2313 1629 2608 1693 dillluente,
2631 1643 2733 1683 non
2768 1640 3096 1694 gemmarum
3131 1623 3427 1694 splendom.

1854 1733 1909 1779 et
1956 1724 2151 1792 gratia,
2203 1737 2311 1777 non
2363 1720 2543 1774 auditu
2598 1718 2894 1790 praestigias
2938 1716 3268 1781 olfundente,
3306 1718 3411 1768 no’n'

1854 1814 2050 1869 olfactu
2084 1815 2319 1869 animum
2376 1812 2740 1879 eﬂ‘eminante,
2772 1825 2876 1864 non
2925 1809 3069 1880 vulgi
3104 1823 3166 1863 ac
3220 1806 3425 1861 theatri

178 1897 394 1962 τούτοις
422 1899 783 1970 ἀνεχομένων,
819 1902 913 1954 καὶ
954 1903 1015 1955 τὸ
1056 1904 1154 1973 τῆς
1185 1903 1358 1973 ψυχῆς
1393 1906 1609 1974 εὐγενὲς
1633 1906 1750 1960 δια·-

1856 1903 2159 1974 plausibus,
2212 1903 2305 1973 qui
2360 1902 2594 1956 furorem
2624 1902 2881 1965 excitant,
2918 1914 3053 1970 quos
3098 1898 3426 1968 jampridem-

177 1991 428 2062 φθείρειν
456 1994 519 2062 τῇ
544 1993 669 2062 περὶ
692 1992 861 2047 ταῦτα
890 1998 1309 2068 μικροπρεπείᾳ,
1333 1998 1424 2051 καὶ
1452 1998 1527 2062 ὡς
1550 1998 1746 2053 ἑστῶσι

176 2081 620 2152 προστιθεμένων
670 2088 783 2148 τοῖς
843 2086 1149 2155 φεύγουσιν.
1219 2090 1454 2142 Ἐκείνου
1519 2090 1574 2143 δὲ
1630 2090 1746 2144 λίαν

173 2172 472 2243 ἀπλήστως
499 2172 605 2243 ἔχω
635 2176 728 2228 καὶ
757 2176 1101 2248 περιέχομαι,
1132 2178 1335 2232 καὶτοῦ
1361 2179 1563 2242 πάθους
1584 2181 1746 2250 ἐμαυ-

172 2265 266 2318 τὸν
289 2266 624 2336 ἀποδέχομαι
645 2283 657 2297 ·
692 2268 979 2341 μαρτύρων
1008 2273 1190 2340 τιμαῖς
1226 2271 1606 2345 ἐπιτέρπομαι,
1648 2272 1744 2325 καὶ

171 2357 424 2428 ἀθλητῶν
476 2359 702 2428 αἴμασιν
743 2350 1149 2433 ἒπαγάλλομαι·
1202 2365 1296 2417 καὶ
1341 2364 1511 2418 ἄλλων
1549 2366 1648 2435 μὲν
1692 2367 1742 2419 οἱ

170 2446 339 2503 ἆθλοιν
366 2451 460 2503 καὶ
488 2450 550 2504 τὸ
577 2455 815 2523 κρατεῖν,
850 2455 973 2524 ἐμοὶ
1008 2454 1065 2507 δὲ
1093 2455 1142 2507 οἱ
1169 2456 1438 2524 στέφανοι.
1479 2455 1742 2509 Τοσοῦτον

168 2539 514 2612 προαρπάζω
539 2539 635 2611 τὴν
662 2541 963 2613 εὐκοσμίαν
990 2542 1122 2614 (61),
1155 2544 1248 2597 καὶ
1296 2543 1470 2608 οὕτως
1522 2545 1742 2598 οἰκειοῦο

172 2647 271 2701 μαι
301 2630 373 2685 τὰ
400 2631 796 2705 κατορθώματα
828 2635 842 2688 !

1853 1994 1943 2057 iis,
1984 1993 2073 2061 qui
2105 1990 2220 2061 ejus
2260 1993 2335 2046 rei
2366 1992 2634 2047 desiderio
2680 1990 3001 2057 afﬁciuntur,
3036 1989 3178 2044 haud
3224 2002 3415 2057 grava-

1855 2083 1949 2137 tim
1978 2082 2311 2151 reliquimus,
2348 2096 2451 2137 non
2503 2082 2734 2150 denique
2784 2080 2868 2136 bis
2902 2079 3151 2135 omnibus
3178 2092 3296 2147 quae
3347 2091 3422 2128 ea

1852 2173 2027 2244 primo
2059 2171 2152 2227 illo
2186 2182 2367 2241 gustu,
2406 2172 2495 2242 qui
2528 2172 2682 2227 nobis
2713 2172 2985 2226 interitum
3013 2169 3226 2233 attulit,
3258 2168 3415 2237 origi-

1851 2281 1972 2322 nem
2012 2274 2293 2321 traxerunt
2325 2279 2340 2318 :
2384 2265 2514 2335 quin
2549 2266 2725 2334 potius
2755 2277 2945 2330 magna
2971 2275 3063 2317 eos
3114 2261 3168 2315 in
3208 2260 3423 2314 stolidi-l

1853 2366 1961 2411 tate
1999 2357 2205 2412 versari
2235 2356 2509 2420 existimo,
2546 2354 2634 2425 qui
2662 2354 2729 2408 ab
2761 2351 3063 2422 bujusmodi
3098 2350 3254 2409 rebus
3293 2363 3421 2409 sese

1847 2449 1990 2504 vinci
2031 2449 2331 2518 patiuntur,
2358 2463 2421 2501 ac
2456 2446 2543 2501 vili
2577 2454 2631 2501 et
2688 2445 2904 2501 sordido
2932 2443 3074 2501 circa
3118 2461 3211 2502 eas
3237 2447 3416 2501 studio

1846 2542 2183 2597 nobilitatem
2221 2541 2417 2595 animae
2451 2540 2713 2604 inliciunt,
2733 2538 2998 2609 ﬂuxisque
3025 2551 3080 2593 et
3111 2539 3408 2609 fugacibus,

1844 2635 2004 2705 quasi
2059 2634 2227 2690 certis
2266 2642 2320 2688 et
2360 2632 2660 2698 stabilibus,
2697 2642 2834 2687 totos
2883 2646 2943 2687 se
2980 2632 3249 2686 addicunt.
3298 2632 3409 2683 llu—

162 2720 252 2788 jus
283 2736 415 2776 vero
452 2708 526 2777 rei
570 2722 877 2793 inexplebili
927 2723 1157 2793 quadam
1219 2725 1478 2780 aviditate
1540 2737 1747 2792 teneor,
1789 2738 1887 2779 nec
1919 2725 1987 2778 ab
2050 2740 2112 2778 ea
2170 2738 2403 2794 unquam
2454 2723 2631 2778 divelli
2680 2738 2918 2793 possum,
2959 2724 3199 2793 mihique
3248 2723 3413 2777 etiam

163 2816 314 2871 hunc
361 2807 608 2873 allectum
641 2818 821 2873 inesse
884 2819 1040 2874 facile
1076 2823 1282 2889 patior;
1344 2832 1642 2892 martyrum
1714 2820 2013 2876 honoribus
2075 2821 2316 2876 oblector
2338 2860 2353 2884 ,
2387 2819 2625 2891 pugilum
2655 2820 2940 2874 cruoribus
2973 2818 3212 2883 exsulto;
3248 2826 3416 2885 atque

163 2906 400 2961 aliorum
433 2910 647 2977 quidem
687 2911 983 2964 certamina
1012 2922 1063 2967 et
1088 2913 1328 2967 victoria:
1359 2922 1506 2978 sunt,
1541 2927 1751 2968 coronae
1793 2923 1971 2987 autem
2008 2929 2159 2970 meae.
2228 2913 2410 2984 Usque
2456 2928 2520 2967 eo
2579 2913 2800 2984 gloriam
2862 2913 3002 2967 hanc
3054 2910 3321 2981 praeripio,
3353 2919 3410 2965 et

162 3014 358 3054 eorum
386 3003 597 3073 egregia
631 3003 869 3058 facinora
907 3021 1026 3060 mea
1057 3021 1176 3063 esse
1210 3009 1377 3063 duco!

232 3096 309 3147 Δ’.
341 3095 481 3147 nam
501 3095 602 3165 μὲν
628 3095 691 3167 δὴ
722 3098 956 3170 μάρτυσι
980 3104 1432 3175 πανηγυριστέον,
1464 3105 1557 3157 καὶ
1575 3106 1739 3157 πᾶσιν

1914 3099 2009 3154 IV.
2070 3098 2321 3153 Omnium
2358 3097 2573 3167 quidem
2630 3108 2921 3168 martyrum
2962 3096 3213 3152 memoria
3267 3097 3411 3151 cele-

158 3187 441 3241 ἀνοικτέον
465 3188 697 3258 ἑτοίμως
722 3191 814 3243 καὶ
851 3191 1121 3260 γλῶσσαν,
1160 3197 1253 3248 καὶ
1287 3195 1475 3267 ἀκοὴν,
1502 3196 1595 3248 κα)⁸
1622 3194 1735 3249 διά-

158 3292 331 3338 νοιαν,
380 3278 474 3329 καὶ
524 3276 780 3345 λέγοντάς
814 3297 867 3333 τι
899 3282 1195 3353 προθύμως
1245 3285 1374 3356 περὶ
1406 3286 1585 3339 αὐτῶν
1642 3287 1737 3339 καὶ

158 3366 480 3433 ἀκούοντας,
515 3370 609 3421 καὶ
640 3371 817 3424 πάντα
864 3371 1069 3427 ἐλάττω
1102 3374 1420 3445 νομίζοντας
1462 3377 1561 3447 τῆς
1592 3377 1735 3429 ὲκεί-

158 3477 265 3513 νων
293 3459 595 3531 ἀθλήσεως.
626 3463 737 3515 Καὶ
769 3462 880 3535 γάρ
908 3463 1080 3529 οὓτως
1126 3465 1259 3537 ἔχει,
1311 3467 1518 3521 πολλῶν
1569 3468 1736 3520 ὄντων

154 3553 294 3621 ἡμῖν
339 3553 422 3614 είς
451 3552 671 3624 όδηγίαν
718 3553 809 3606 τοῦ
861 3554 1168 3627 κρείττονος
1222 3557 1354 3626 (62),
1401 3560 1492 3611 καὶ
1527 3560 1736 3615 πολλῶν

153 3639 266 3693 τῶν
304 3641 445 3711 πρὸς
474 3641 675 3713 ἀρετὴν
726 3643 1129 3715 παιδευμάτων,
1171 3646 1329 3716 λόγου
1359 3647 1493 3720 (65),
1546 3650 1733 3721 νόμου,

154 3732 478 3804 προφητῶν,
537 3734 870 3803 ἀποστόλων,
915 3736 1092 3791 αὐτῶν
1127 3739 1234 3793 τῶν
1277 3741 1511 3810 Χριστοῦ
1558 3742 1747 3813 παθη-ι

156 3824 370 3894 μάτων,
392 3824 485 3878 τοῦ
526 3825 743 3897 πρώτου
784 3828 1056 3898 μάρτυρος
1083 3829 1175 3881 ἐπὶ
1197 3830 1289 3883 τὸν
1314 3832 1542 3902 σταυρὸν
1579 3833 1734 3886 ἀνελο-

155 3915 365 3979 θόντος,
399 3916 544 3986 κάμὲ
568 3919 979 3987 συναγαγόντος,
1006 3919 1093 3973 ἵνα
1116 3920 1439 3995 προσηλώσῃ
1469 3923 1566 3994 τὴν
1593 3926 1732 3998 ἐμὴν

154 4007 457 4077 ἁμαρτίαν,
509 4008 602 4061 κα)⁸
626 4009 718 4061 τὸν
757 4010 879 4079 ὅφιν
927 4010 1287 4084 θριαμϐεύσῃ,
1344 4015 1438 4068 καὶ
1485 4015 1544 4069 τὸ
1575 4017 1737 4083 ξύλον

155 4098 383 4170 ἁγιάσῃ,
412 4099 507 4153 καὶ
534 4099 631 4171 τὴν
657 4102 848 4172 ἡδονὴν
875 4104 1092 4175 νικήσῃ,
1128 4106 1224 4158 καὶ
1258 4105 1351 4160 τὸν
1398 4107 1568 4180 Ἀδὰμ
1596 4111 1730 4163 ἀνα-

156 4188 332 4260 σώσῃ,
366 4190 461 4242 καὶ
491 4190 591 4262 τὴν
639 4193 820 4246 εἰκόνα
854 4194 1122 4248 πεσοῦσαν
1151 4198 1565 4270 ἀνακαλέσηταν
1602 4219 1726 4255 τοσ-

150 4278 325 4331 ούτων
353 4277 519 4333 ὄντων
550 4282 680 4351 ἡμῖν
706 4283 799 4337 καὶ
825 4285 1098 4354 τοιούτων,
1139 4288 1289 4342 οὐδὲν
1336 4289 1554 4344 ἔλαττον
1595 4295 1731 4365 ἡμῖν

150 4375 232 4433 εἰς
262 4371 657 4441 παιδαγωγίαν
692 4374 803 4447 (64)
859 4378 908 4428 oi
962 4378 1255 4450 μάρτυρες,
1302 4380 1726 4453 ὁλοκαυτώματα

1841 3192 2051 3247 branda
2074 3201 2178 3256 est,
2233 3191 2609 3258 omnibusque,
2662 3202 2715 3244 et
2759 3192 2973 3260 linguae,
3028 3197 3083 3244 et
3119 3203 3294 3250 aures,
3351 3198 3419 3243 et.

1842 3290 2051 3338 mentes
2077 3290 2327 3352 prompte
2373 3282 2696 3350 aperiendae,
2732 3292 2788 3336 ut
2815 3284 2880 3336 de
2910 3296 3097 3337 eorum
3158 3281 3404 3335 laudibus

1840 3376 2075 3431 libenter
2111 3375 2312 3445 aliquid
2368 3377 2609 3430 dicamus
2666 3383 2721 3429 et
2759 3374 3062 3440 audiamus,
3116 3375 3406 3442 omniaque

1812 3446 1945 3523 lalia
1982 3483 2170 3524 eorum
2195 3467 2579 3523 certaminibus
2627 3466 2879 3522 inferiora
2910 3481 3028 3523 esse
3062 3480 3407 3521 censeamus.

1838 3560 1970 3616 Nam
2007 3575 2132 3616 cum
2170 3560 2338 3614 multa
2381 3575 2477 3613 nos
2510 3559 2573 3612 ad
2600 3559 2836 3613 melioris
2875 3560 2999 3613 vita:
3041 3558 3273 3612 studium
3306 3558 3405 3611 du-

1837 3661 1981 3718 cant,
2008 3660 2174 3721 atque
2203 3652 2269 3705 ad
2308 3652 2560 3706 virtutem
2594 3651 2863 3715 erudiant,
2912 3651 3070 3715 ratio,
3121 3648 3229 3710 lex,
3280 3662 3403 3716 pro-

1835 3747 2032 3817 phetre,
2062 3744 2316 3816 apostoli,
2342 3744 2543 3799 Christi
2576 3744 2867 3809 crttciatus,
2905 3741 3126 3806 Christi,
3163 3742 3399 3809 inquam,

1834 3838 1996 3907 primi
2022 3835 2303 3906 martyris,
2331 3834 2421 3903 qui
2450 3849 2665 3889 crucem
2708 3832 3042 3895 conscendit,
3075 3845 3265 3899 meque
3311 3844 3401 3883 se-

1835 3943 1956 3983 cum
2014 3927 2186 3991 duxit,
2242 3934 2300 3980 ut
2343 3935 2620 3996 peccatum
2665 3939 2842 3979 meum
2903 3922 3159 3993 alligaret,
3226 3930 3275 3973 et
3334 3920 3402 3975 de

1833 4029 2086 4088 serpente
2119 4018 2500 4087 triumpharet,
2533 4028 2588 4072 et
2611 4017 2949 4071 sanctitatem
2984 4015 3128 4085 ligno
3161 4012 3398 4073 alierret,

1833 4120 1897 4167 et
1920 4112 2249 4182 voluptatem
2279 4112 2540 4176 vinceret,
2574 4119 2626 4163 et
2658 4111 2919 4163 Atlamum
2973 4108 3159 4178 primae
3198 4104 3401 4160 incolu-

1833 4204 2008 4257 mitati
2041 4203 2374 4265 restitueret,
2399 4216 2461 4256 ac
2497 4200 2795 4269 prolapsam
2846 4199 3135 4269 imaginem
3170 4195 3403 4264 erigeret

1829 4304 1990 4364 atque
2014 4294 2339 4349 instauraret
2358 4312 2371 4348 :
2399 4308 2522 4348 cum
2552 4302 2649 4358 tot,
2666 4293 2905 4361 inquam,
2925 4297 3180 4358 tantaque
3199 4288 3401 4342 habea-

1832 4400 1971 4449 mus,
2001 4398 2106 4438 non
2137 4386 2313 4438 minus
2373 4392 2550 4436 tamen
2610 4382 2676 4434 ad
2708 4381 2870 4433 vitam
2921 4389 3065 4433 recte
3110 4377 3396 4431 instituen-

149 4458 369 4529 λογικὰ,
407 4461 622 4531 θύματα
650 4462 849 4528 τέλεια,
878 4466 1185 4537 προσφορά).
1222 4467 1428 4532 δεκταὶ,
1460 4468 1558 4538 τῆς
1588 4469 1721 4539 ἀλη-
1754 4472 1756 4524 ἶ

1848 4477 1947 4530 lam
1984 4475 2141 4531 nobis
2191 4474 2439 4528 utilitatis
2473 4471 2700 4525 aﬂ‘erunt
2748 4480 3037 4541 martyres,
3089 4469 3202 4522 ltzcc
3249 4466 3395 4521 bolo-

150 4552 305 4617 θείας
332 4552 685 4624 κηρύγματα,
716 4556 809 4609 τοῦ
849 4557 1077 4627 ψεύδους
1109 4557 1529 4630 στηλιτεύματα,
1557 4561 1720 4631 νόμου

152 4646 566 4717 συμπλήρωσις,
593 4647 687 4701 τοῦ
709 4665 771 4717 γε
794 4650 1171 4720 πνευματικῶς
1188 4650 1495 4721 νοουμένου,
1514 4651 1721 4722 πλάνης

150 4726 468 4800 κατάλυσις,
499 4738 696 4803 κακίας
727 4738 981 4810 διωγμὸς,
1015 4742 1288 4813 ἁμαρτίας
1313 4743 1725 4813 κατακλυσμὸς,

153 4832 361 4902 κόσμου
392 4831 709 4903 καθάρσιον.

223 5016 299 5072 E'.
330 5017 401 5070 Σὺ
451 5017 507 5069 δέ
541 5035 651 5088 μοι,
695 5020 994 5089 Κυπριανὲ,
1025 5019 1085 5072 τὸ
1112 5021 1436 5091 τιμιώτατόν
1485 5042 1572 5095 μοι
1627 5024 1730 5077 καὶι

153 5108 385 5177 πρᾶγμα
411 5108 503 5160 xa‘t
522 5108 709 5178 ὄνομα,
740 5110 899 5163 πλέον
928 5111 960 5181 ἢ
986 5112 1124 5163 κατὰ
1153 5116 1277 5176 τοὺς
1305 5114 1494 5179 ἄλλους
1515 5116 1718 5187 μάρτυ-

154 5215 253 5267 ρας
280 5197 496 5269 (φθόνος
518 5201 626 5273 γὰρ
652 5202 824 5266 οὐδεὶς
853 5205 1004 5275 παρὰ
1062 5205 1351 5276 μαρτύρων
1403 5209 1709 5279 μάρτυσιν)’

218 5405 334 5476 (59)
365 5406 449 5480 ,Τὸ
484 5408 570 5476 μὴ
610 5410 878 5474 κατόπιν,
905 5420 1009 5465 etc.
1056 5409 1168 5466 Hoc
1206 5413 1489 5480 proverbio
1522 5424 1711 5469 notan-

153 5486 264 5547 tur,
286 5479 376 5545 qui
405 5480 576 5533 serius
602 5482 666 5533 ad
707 5494 815 5532 rem
846 5481 1076 5547 aliquam
1106 5479 1417 5536 occurrunt.

186 5615 199 5627 _
217 5545 330 5627 (θο)
357 5548 885 5627 Γεύσεωςλέοῷᾼ,
909 5545 1167 5627 ρἐύσεως,
1193 5552 1710 5627 «primaﬂttrioneu

150 5619 402 5696 nimirum
430 5631 662 5696 peccato
695 5619 966 5689 originali,
986 5636 1050 5676 ex
1081 5637 1187 5691 quo
1207 5619 1283 5678 tot
1312 5623 1449 5678 mala
1485 5624 1707 5692 ﬂuxere,

150 5687 413 5754 terrisque
430 5687 737 5743 incubuere.

174 5755 725 5879 ν(61)ιε’πῖικοιηιίαν.
777 5760 953 5851 ξορρ.
999 5775 1049 5823 a.
1094 5778 1143 5831 c,
1189 5764 1244 5832 tl,
1281 5765 1390 5834 bm,
1437 5764 1717 5823 duodecim

174 5841 228 5879 ιο
251 5824 328 5879 1)..
366 5826 459 5879 Or.
492 5831 541 5879 1.
577 5838 706 5879 ete..
738 5846 993 5879 ευοοειαν.

149 5824 328 5893 Coll»,
366 5826 459 5885 0r.
492 5824 707 5896 l,'etc.,
738 5824 993 5897 εὐδοξίαν.

1833 4576 2021 4622 causta
2062 4566 2271 4621 ratione
2324 4564 2568 4635 praedita,
2626 4562 2856 4616 victimae
2919 4559 3191 4630 perfectae,
3248 4558 3396 4612 obla-
3441 4598 3445 4603 .

1830 4660 2002 4714 tiones
2038 4657 2148 4711 Deo
2200 4665 2363 4725 grata:
2406 4664 2460 4708 et
2515 4663 2768 4721 acceptae,
2810 4651 3052 4705 veritatis
3105 4649 3391 4718 pt'tt'conia,

1827 4749 2094 4804 mendacii
2129 4746 2294 4819 440
2332 4745 2742 4815 proscissiones,
2770 4742 2925 4811 legis,
2965 4755 3083 4810 quae
3129 4738 3390 4808 Spirituali

1826 4842 1988 4897 modo
2039 4839 2375 4905 intelligitur,
2410 4836 2666 4906 expletio,
2691 4834 2891 4890 erroris
2929 4831 3221 4901 oppressio,
3276 4829 3390 4882 vnii

1818 4933 2128 4999 insectatio,
2163 4932 2370 5001 peccati
2406 4929 2684 4995 diluvium,
2717 4927 2899 4982 mu-ntli
2946 4925 3213 4979 lustratio.

1903 5025 1964 5080 V.
1994 5026 2130 5080 Tum
2159 5034 2213 5078 tu
2244 5023 2399 5089 mihi,
2433 5022 2715 5093 Cypriane,
2747 5030 2799 5076 et
2824 5036 2881 5075 re
2903 5030 2958 5075 et
3000 5019 3216 5073 nomine
3254 5019 3390 5073 cha-

1825 5120 2059 5184 rissime,
2109 5132 2270 5188 supra
2319 5125 2541 5171 caateros
2594 5126 2859 5183 martyres
2912 5111 3263 5167 celebrandus
3298 5126 3388 5165 oc-

1821 5210 1996 5266 curris
2026 5219 2148 5279 (nec
2181 5208 2325 5263 enim
2361 5208 2650 5263 verendum
2700 5217 2803 5268 est,
2835 5220 2902 5259 ne
2942 5212 3204 5272 martyres
3244 5217 3386 5256 mar-

1892 5416 2000 5487 (62)
2036 5420 2135 5484 Εις
2167 5417 2417 5486 dem-lar
2446 5417 2552 5470 τοῦ
2587 5416 2997 5487 κρείττονος.-ε
3020 5415 3148 5478 Qua:
3179 5427 3277 5467 nos
3314 5413 3385 5467 ad

1820 5480 1991 5541 Deum
2024 5480 2299 5554 vitamque
2326 5480 2859 5542 meliorem'ducant.
2900 5502 2918 5533 ι
2956 5480 3256 5553 Utrumque
3288 5498 3381 5538 so-

1819 5566 2056 5629 nat_vox
2082 5558 2290 5629 όδηγίαἶ

1914 5627 2001 5697 65)
2027 5626 2239 5697 Λόγου.
2273 5627 2430 5681 Deest
2458 5626 2510 5681 in
2544 5626 2714 5682 Oxon.

1914 5630 2001 5697 65)
2027 5630 2239 5697 Λόγου.
2273 5630 2430 5681 Deest
2458 5630 2510 5681 in
2544 5630 2714 5682 Oxon.

1889 5630 2001 5768 (64)
2024 5698 2449 5768 Παιδαγωγίαν.
2499 5716 2518 5748 ι
2560 5700 2640 5753 Atl
2676 5699 3087 5762 instttultoncm,
3124 5714 3144 5750 ι
3174 5693 3383 5751 scilicet

1817 5775 1929 5824 tam
1962 5769 2080 5825 fidei
2111 5784 2271 5839 quam
2317 5784 2544 5823 morum.
