3914 6404
569 353 707 414 “75

1758 367 1815 423 S.
1857 368 2186 427 GREGORII
2226 370 2569 428 THEOLOGI

3651 385 3763 440 “76

567 477 776 546 tyribus
835 477 1156 551 invideant),
1206 491 1367 552 atque
1401 495 1458 540 et
1507 487 1704 543 virtute
1738 497 1828 545 tua
1879 496 2120 560 majoren

2238 496 2333 549 καὶ
2363 494 2455 549 σοῦ
2483 495 2844 567 διαφερόντως
2877 495 3118 569 ἧττημαί
3136 516 3197 553 τε
3236 500 3334 570 τῆς
3360 501 3580 572 ἀρετῆς,
3611 503 3694 556 καὶ
3712 507 3768 576 τῇ

565 567 619 618 in
661 567 876 622 modum
910 568 1134 636 afﬁcior,
1169 582 1224 627 et
1251 577 1507 631 memoria
1528 593 1762 647 recreor,
1785 597 1850 638 ac
1870 600 1979 654 pra:
1999 601 2128 655 gan-

563 657 654 711 dio
695 658 845 728 quasi
902 661 1209 731 lymphatos
1241 664 1405 732 feror,
1438 678 1491 724 et
1518 671 1912 740 quodammodo
1951 675 2004 730 in
2032 693 2126 732 eo-

563 747 682 801 dem
712 759 883 802 tecum
912 753 1172 824 martyrio
1196 771 1401 822 versor,
1425 759 1896 834 dimicationisque
1946 768 2127 822 socius

561 839 617 889 et
649 839 916 907 particeps
944 857 1086 908 sum,
1115 860 1178 898 ac
1228 856 1375 902 totus
1399 849 1464 904 ad
1490 861 1542 904 te
1593 861 1810 908 transeo
1841 869 1858 908 :
1893 856 2009 912 sive
2042 874 2130 914 me

562 928 659 981 tibi
687 931 924 984 doctrina
956 943 1012 996 ct
1037 934 1344 1004 eloquentia
1392 942 1662 1008 conciliet,
1707 959 1813 1011 qua
1861 956 1914 1000 tu
1977 959 2127 1005 tanto

561 1014 796 1085 reliquos
824 1023 1078 1077 mortales
1123 1026 1389 1087 anteibas,
1425 1039 1625 1097 quanto
1657 1034 1871 1091 ratione
1900 1041 2123 1106 praedita

561 1106 734 1162 brutis
784 1111 1147 1169 animantibus
1183 1126 1438 1186 praestant
1481 1123 1564 1194 (lit
1607 1127 1772 1193 enim,
1807 1131 1994 1193 nescio
2019 1147 2125 1200 quo

561 1210 737 1269 pacto,
769 1213 846 1268 ut,
882 1219 984 1259 non
1017 1207 1196 1261 minus
1224 1210 1361 1264 inter
1389 1227 1504 1279 eos,
1531 1216 1622 1284 qui
1648 1219 1807 1274 studii
1846 1221 2123 1289 cujusdam

562 1301 723 1360 atque
783 1295 1012 1351 instituti
1076 1301 1291 1355 nomine
1329 1303 1472 1358 inter
1518 1322 1577 1362 se
1635 1309 1928 1378 conjuncti,
1963 1327 2122 1381 quam

531 1382 652 1450 .qni
701 1382 976 1446 aliiuitatis
1012 1398 1066 1444 et
1109 1396 1593 1463 consanguinitatis
1638 1400 1853 1455 vinculo
1901 1402 2039 1458 inter
2065 1420 2124 1460 se

537 1463 792 1526 'deviucti
829 1486 972 1542 sunt,
1016 1494 1170 1535 amor
1225 1486 1548 1554 coalescat);
1591 1489 1702 1542 sive
1746 1491 1797 1544 id
1834 1495 2124 1562 repentinae

559 1563 952 1652 Qadmirabili
983 1573 1264 1627 mutationi
1291 1585 1415 1641 tuae,
1446 1593 1563 1646 quae
1587 1581 1693 1636 vim
1745 1597 1957 1639 onmem
2008 1603 2124 1650 ora-

563 1655 724 1710 tionis
753 1661 989 1726 excedit,
1035 1667 1291 1736 omnique
1335 1671 1583 1740 exemplo
1632 1679 1973 1743 praestantior
2019 1691 2126 1754 est,

560 1745 822 1816 assignari
857 1750 1068 1808 debeat.
1113 1754 1246 1809 Nam
1291 1759 1368 1813 sol
1405 1761 1568 1820 etiam
1611 1777 1730 1832 post
1767 1769 1980 1837 nubem,
2017 1751 2155 1841 qua"

2235 587 2424 658 μνήμῃ
2445 585 2795 656 κουφίςομαι,
2819 588 2914 640 καὶ
2941 586 3128 661 ὥσπερ
3150 588 3334 652 ἔνθους
3377 591 3467 658 ὑφ’
3497 591 3684 661 ἡδονῆς
3703 593 3772 660 γι-

2228 693 2410 744 νομαι,
2438 677 2533 730 καί
2565 694 2686 731 τινα
2715 679 2912 749 τρόπον
2946 678 3158 750 σύνειμί
3179 697 3240 732 τε
3270 683 3337 750 τῇ
3379 682 3672 752 μαρτυρίᾳ,
3695 687 3773 737 καὶ

2228 771 2467 826 κοινωνῶ
2504 773 2604 843 τῆς
2648 773 2948 844 ἀθλήσεως,
2990 776 3083 829 καὶ
3112 775 3228 839 ὅλος
3263 775 3378 846 (65)
3402 775 3539 846 πρὸς
3580 778 3640 830 σὲ
3669 795 3774 846 μετ-

2228 865 2542 936 ανίσταμαι·
2571 865 2709 936 τάχα
2741 867 2836 936 μὲν
2865 865 2952 918 διὰ
2966 865 3060 936 τήν
3081 865 3188 918 τῶν
3214 865 3385 933 λόγων
3405 862 3777 932 οίκείωσιν,οἷς

2226 957 2476 1010 τοσοῦτον
2507 957 2615 1010 τῶν
2644 957 2816 1012 ἄλλων
2861 957 3133 1029 ἐκράτεις,
3179 958 3302 1011 ὅσον
3329 958 3398 1012 τά
3453 958 3649 1026 λογικά
3693 961 3778 1028 τῆς

2228 1045 2423 1114 ἀλόγου
2467 1045 2680 1115 φύσεως
2735 1047 3157 1117 (συνεισέρχεται
3187 1047 3317 1120 γὰρ,
3368 1049 3470 1103 οὐκ
3501 1044 3601 1100 οἷδ’
3626 1049 3776 1112 ὅπως,

2228 1136 2448 1208 φίλτρον
2480 1139 2592 1200 τοῖς
2624 1137 2765 1194 κατά
2792 1155 2846 1189 τι
2881 1139 3321 1206 συναπτομένοις,
3362 1140 3461 1210 οὐχ
3487 1135 3652 1210 ἦττον
3675 1142 3777 1204 τοῖς

2227 1226 2428 1290 λοιποῖς
2448 1228 2785 1298 πράγμασιν,
2806 1228 2839 1298 ἢ
2863 1231 2974 1292 τοῖς
3004 1229 3136 1300 περὶ
3165 1230 3479 1300 ἀγχιστείαν
3518 1230 3774 1300 αἵματος)⁸

2225 1318 2366 1388 τάχα
2402 1318 2459 1379 δὲ
2492 1319 2579 1373 διά
2606 1321 2667 1372 τὸ
2694 1320 2794 1389 τῆς
2826 1321 3127 1391 μεταὸολῆς
3184 1321 3377 1392 ἀθρόον
3398 1338 3460 1373 τε
3490 1323 3589 1380 καὶ
3618 1324 3782 1391 παρά-ς

2225 1407 2394 1473 δοξον,
2448 1409 2476 1462 ὃ
2512 1412 2756 1482 κρεῖττον
2817 1411 2929 1480 (66)
2983 1412 3144 1480 λόγου,
3186 1413 3280 1466 καὶ
3327 1413 3772 1485 παραδείγματος.

2240 1499 2388 1552 Ἐπεὶ
2413 1500 2584 1569 γλυκὺ
2621 1502 2720 1573 μὲν
2761 1503 2910 1572 ἥλιος
2952 1505 3087 1574 μετὰ
3116 1503 3293 1574 νέφος,
3331 1497 3376 1572 ᾧ
3403 1505 3541 1568 τέως
3568 1522 3776 1559 συνεκα-

2225 1589 2472 1646 λύπτετο·
2498 1593 2716 1662 γλύκιον
2745 1595 2800 1647 δὲ
2819 1595 2880 1648 τὸ
2902 1596 3019 1667 ἔαρ,
3047 1597 3129 1649 ὅτι
3167 1600 3304 1667 μετά
3349 1598 3619 1668 χειμῶνος
3662 1617 3786 1660 κατέ

2226 1684 2438 1753 ήφειανο
2498 1685 2659 1755 ⁴ήδίων
2707 1686 2763 1739 δὲ
2821 1687 3080 1757 μειδιῶσα
3124 1691 3365 1760 γαλήνη,
3403 1691 3500 1742 καὶ
3554 1689 3776 1746 θάλασσα

2226 1770 2517 1844 ήπλωμένη
2541 1816 2556 1840 ,
2619 1777 2712 1828 καὶ
2761 1779 2882 1840 ταῖς
2936 1779 3132 1843 ἀκταῖς
3187 1779 3604 1850 προσπαίζουσα
3656 1783 3778 1851 μετὰ

559 1833 712 1899 prius
742 1838 1130 1907 obducebatur,
1157 1842 1442 1912 jucundior
1461 1849 1756 1919 illucescit;
1799 1867 1852 1912 et
1882 1833 1977 1912 ver
2001 1833 2120 1930 post

2231 1833 2770 1937 rrvsthd't-uiv'ctéstv,
2800 1833 2894 1922 καὶ
2914 1833 3171 1925 ὠδίνοντα
3198 1833 3308 1941 (6'1)
3337 1833 3584 1942 κύματα.

559 1922 755 2002 hiemis
799 1935 1068 1992 tristitiam
1109 1939 1316 1997 dulcius
1352 1953 1470 2012 est;

1550 1951 1768 2005 suavior
1831 1955 1992 2009 ctiam
2063 1970 2284 2027 apparet
2355 1963 2536 2018 ridens
2588 1965 2966 2032 tranquillitas,
3000 1975 3055 2021 et
3092 1981 3387 2037 expansum
3432 1983 3498 2023 ac
3546 1979 3777 2039 pacatum

557 2037 731 2093 mare,
758 2043 906 2093 cum,
941 2042 1062 2100 post
1092 2046 1374 2092 ventorum
1405 2043 1716 2111 tumultum,
1747 2055 1800 2102 et
1836 2059 2192 2112 tumescentes
2221 2055 2435 2122 ﬂuctus,
2470 2059 2741 2114 littoribus
2767 2060 2972 2115 alludit.

631 2115 716 2172 Vl.
751 2119 848 2176 llic
889 2122 1205 2194 Cyprianus,
1253 2144 1286 2185 ο
1319 2131 1418 2186 viri
1468 2133 1549 2205 (ut
1583 2147 1638 2192 et
1665 2140 1755 2208 qui
1805 2143 1994 2205 nostis,
2053 2159 2121 2201 ex

557 2208 671 2277 ipsa
713 2217 1226 2279 commemoratione
1277 2221 1532 2291 majorem
1566 2227 1891 2298 voluptatem
1939 2234 2119 2303 capia-

557 2301 648 2362 tis,
673 2311 726 2354 et
753 2302 842 2369 qui
884 2304 1162 2375 ignoratis,
1206 2309 1487 2367 historiam
1518 2319 1758 2373 omnium
1813 2301 2118 2382 nostrarum

556 2391 1306 2461 pulcherrimam,vcommune
1331 2402 1762 2464 Christianorum
1820 2411 2005 2478 decus,
2037 2427 2120 2468 at-

556 2495 660 2551 que
685 2496 1064 2544 ornamentum
1091 2491 1368 2564 discatis),
1399 2497 1506 2559 hic.
1536 2499 1774 2569 inquam,
1793 2500 2118 2573 Cyprianus,

560 2587 812 2643 magnum
849 2581 1118 2647 quondam
1173 2583 1707 2656 Carthaginensium,
1752 2609 1895 2648 nunc
1943 2603 2120 2650 autem

561 2669 726 2723 totius
753 2670 902 2726 orbis
929 2688 1146 2742 nomen,
1187 2678 1378 2746 opibus
1409 2685 1755 2752 conspicuus,
1784 2689 2022 2757 pctentia
2054 2689 2118 2743 il-

561 2758 768 2824 lustris,
801 2776 996 2831 genere
1024 2767 1202 2823 clarus
1236 2770 1522 2839 (siquidem
1549 2776 1839 2831 maximum
1867 2779 2120 2834 nobilita-

561 2851 633 2905 tis
658 2865 1033 2920 argumentum
1059 2869 1164 2924 est,
1197 2874 1500 2919 senatorem
1529 2882 1673 2936 esse,
1703 2870 2120 2942 primariamque

560 2959 610 2997 Ill
642 2958 707 2999 eo
734 2947 921 3002 ordine
941 2950 1118 3006 sedem
1154 2954 1440 3027 obtinere),
1466 2957 1562 3013 ﬂos
1586 2960 1904 3030 juventutis,
1934 2963 2116 3020 elabo-

559 3046 730 3089 ratum
784 3047 990 3094 natura:
1048 3057 1224 3112 opus,
1287 3047 1546 3106 doctrina:
1595 3053 1948 3124 principatus,
2007 3064 2115 3119 tam

558 3127 966 3200 philosophica},
1005 3148 1165 3203 quam
1195 3138 1431 3207 cujusvis
1457 3142 1680 3197 alterius
1713 3145 1926 3210 generis
1953 3145 2116 3200 disci-

557 3217 732 3287 plinae,
770 3221 928 3291 idque
963 3238 1289 3296 quacunque
1335 3242 1487 3299 parte
1535 3247 1628 3290 eas
1663 3247 1905 3303 spectare
1937 3236 2118 3291 volne-

556 3307 666 3374 ris;
709 3310 844 3366 adeo
875 3323 934 3370 ut
959 3316 1008 3369 iu
1033 3332 1121 3383 eo,
1146 3329 1202 3374 et
1223 3322 1492 3377 variarum
1538 3325 1732 3378 artium
1764 3327 1998 3397 cognitio
2025 3328 2119 3382 mi-

2299 2152 2389 2217 (τ’.
2418 2142 2585 2213 Οὗτος
2604 2151 2936 2221 Κυπριανὸς,
2965 2149 3010 2204 ὧ
3031 2151 3221 2224 ἄνδρες
3247 2153 3356 2224 (ἵνα
3380 2156 3428 2207 oi
3454 2154 3558 2225 μὲν
3575 2154 3776 2219 εἰδότες,

2228 2241 2410 2311 ἡδίους
2436 2241 2666 2312 γένησθε
2693 2242 2803 2314 (68)
2842 2246 2911 2318 τῇ
2934 2244 3256 2316 ὑπομνήσει,
3291 2246 3342 2298 oi
3373 2246 3432 2299 δὲ
3451 2246 3778 2315 ἀγνοοῦντες,

2232 2331 2440 2403 μάθητε
2469 2333 2531 2386 τὸ
2559 2333 2839 2386 κάλλιστον
2873 2333 2980 2388 τῶν
3007 2335 3286 2406 ἡμετέρων
3307 2335 3778 2407 διηγημάτων,καὶ

2226 2423 2325 2494 τὴν
2344 2423 2525 2494 κοινὴν
2553 2425 2890 2491 Χριστιανῶν
2929 2426 3278 2497 φιλοτιμίαν),
3303 2423 3457 2491 οὗτος
3491 2431 3712 2494 ἐκεῖνος,
3730 2435 3780 2484 τὸ

2231 2515 2372 2585 μέγα
2402 2515 2531 2567 ποτὲ
2559 2517 2941 2587 Καρχηδονίων
2973 2518 3165 2586 ὄνομα,
3206 2519 3298 2573 νῦν
3321 2520 3378 2572 δὲ
3401 2521 3507 2589 τῆς
3543 2524 3777 2592 οἰκουμέ-

2226 2621 2324 2673 νης
2364 2604 2603 2676 ἀπάσης,
2665 2608 2694 2658 ὁ
2755 2607 2967 2678 πλούτῳ
3018 2611 3340 2681 περιφανής,
3382 2614 3479 2665 καὶ
3514 2612 3784 2686 δυναπία

2229 2695 2606 2766 περίϐλεπτος,
2644 2696 2738 2758 καὶ
2763 2697 2910 2766 γένει
2937 2697 3212 2770 γνώριμος
3241 2701 3316 2771 (εί
3337 2719 3401 2769 γε
3432 2704 3689 2772 μέγιστον
3713 2709 3780 2768 εἰς

2226 2788 2504 2855 εὐγενείας
2523 2789 2817 2856 ἀπόδειξιν,
2861 2790 3166 2861 συγκλήτου
3187 2791 3383 2863 βουλῆς
3416 2796 3676 2864 μετουσία
3705 2799 3781 2849 καὶ

2226 2877 2526 2949 προεδρία),
2561 2879 2623 2931 τὸ
2660 2879 2762 2953 τῆς
2801 2880 3051 2950 νεότητος
3096 2882 3272 2948 ἄνθος,
3323 2884 3386 2936 τὸ
3430 2884 3537 2953 τῆς
3584 2886 3779 2954 φύσεως

2225 2968 2445 3038 ἄγαλμα
2497 2970 2628 3042 (69),
2685 2971 2747 3024 τὸ
2773 2973 2880 3025 τῶν
2940 2972 3113 3041 λόγων
3147 2975 3368 3044 κράτος,
3404 2977 3516 3029 τῶν
3557 2995 3619 3030 τε
3659 2984 3782 3032 κατα

2225 3055 2556 3125 φιλοσοφίαν,
2593 3060 2686 3112 καὶ
2709 3061 2821 3114 ὅσοι
2849 3061 2948 3131 τῆς
2976 3061 3141 3132 ἄλλης
3159 3064 3516 3130 παιδεύσεως,
3551 3070 3648 3123 καὶ
3673 3072 3781 3122 τού-

2224 3164 2330 3200 των
2360 3147 2388 3200 ὂ
2421 3148 2598 3218 βούλει
2629 3151 2813 3223 μέροςο
2853 3152 2928 3216 ὡς
2969 3153 3166 3224 μᾶλλον
3190 3155 3287 3225 μὲν
3313 3156 3375 3209 τὸ
3407 3158 3653 3212 ποικίλον
3676 3162 3707 3230 ἢ
3731 3161 3784 3213 τὸ

2223 3238 2390 3310 ἄκρον
2407 3241 2465 3294 ὲν
2485 3242 2698 3314 ἑκάστῳ
2725 3242 3118 3314 θαυμάζεσθαι,
3140 3246 3336 3316 μᾶλλον
3367 3248 3500 3302 δὲτὸ
3513 3252 3786 3322 εὐδόκιμον

2223 3331 2279 3383 ὲν
2293 3331 2505 3403 ἑκάστῳ
2518 3333 2619 3403 τῆς
2630 3350 2696 3387 πε
2706 3335 2759 3405 ρὶ
2769 3335 2946 3391 πάντα
2965 3335 3302 3408 πολυμαθίας
3313 3339 3446 3412 (70)ο
3464 3343 3523 3414 ἦ,
3536 3344 3623 3396 ἵνα
3639 3343 3786 3396 διέλω

557 3403 778 3459 rabilior
814 3408 978 3475 esset,
1008 3426 1170 3479 quam
1203 3413 1536 3483 Singularum
1584 3429 1770 3474 exacta
1799 3430 1853 3474 et
1885 3420 2119 3489 perlecta

2231 3422 2576 3492 σαφέστερον,
2606 3403 2717 3476 τῶν
2757 3423 2856 3494 μὲν
2886 3424 2967 3495 τῷ
3004 3403 3257 3496 ποικίλῳ,
3620 3431 3786 3499 ἄκρῳ,

557 3494 802 3563 scientia,
841 3509 897 3556 et
933 3517 1116 3557 rursus
1168 3505 1499 3575 singularum
1551 3511 1816 3580 exquisita
1850 3522 1905 3570 et
1950 3513 2120 3568 modis

2231 3512 2342 3566 ἐστι
2389 3513 2446 3567 δὲ
2493 3508 2568 3569 ὧν
2608 3515 2969 3587 ἀμφοτέροις,
3003 3519 3136 3572 πᾶσι
3189 3519 3245 3572 δὲ
3295 3520 3515 3574 πάντων
3548 3522 3788 3592 ἐκράτει.

557 3592 803 3647 omnibus
872 3595 1117 3654 absoluta
1205 3605 1484 3677 perceptio
1554 3604 1674 3674 plus
1738 3607 2110 3662 admirationis
2161 3607 2406 3674 haberet,
2457 3624 2621 3679 quam
2681 3612 2951 3666 variarum
3003 3613 3196 3667 artium
3252 3613 3480 3670 collecta
3525 3616 3791 3672 scientia:

557 3684 660 3750 vel,
692 3696 749 3740 ut
777 3691 1030 3757 apertiori
1078 3693 1421 3752 distinctione
1479 3701 1594 3755 tunc
1645 3703 1941 3772 explicem,
2003 3703 2136 3760 alios
2190 3704 2493 3774 multiplici,
2553 3705 2690 3762 alios
2740 3706 3002 3777 profunda
3043 3721 3223 3763 rerum
3277 3710 3611 3780 cognitione,
3661 3710 3791 3764 alios

556 3789 783 3850 utraque
812 3783 988 3853 laude,
1017 3803 1208 3845 omnes
1239 3802 1415 3848 autem
1451 3797 1672 3854 omnino
1715 3810 2012 3870 superaret.

623 3875 781 3946 441
824 3878 932 3934 Vll.
988 3883 1068 3938 Ac
1123 3887 1478 3952 eruditionem
1546 3895 1764 3960 quidem
1826 3894 1947 3950 libri
2007 3894 2111 3966 ipsi

556 3975 845 4044 testantur,
895 3989 1028 4042 quos
1082 3973 1171 4032 ille
1225 3982 1530 4049 complures
1564 3994 1617 4038 et
1670 3985 1970 4042 luculentus
2017 4003 2113 4057 pro

555 4060 713 4113 nobis
746 4065 1088 4134 conscripsit,
1117 4079 1463 4141 posteaquam
1501 4074 1612 4140 Dei,
1635 4077 1724 4144 qni
1762 4078 1939 4132 omnia
1963 4077 2110 4142 facit,

555 4159 610 4202 ct
646 4159 817 4204 mutat
841 4152 908 4217 ",
953 4155 1304 4228 benignitate,
1330 4162 1626 4218 doctrinam
1655 4181 1806 4229 suam
1836 4167 1887 4220 in
1922 4167 2115 4222 melius

553 4243 853 4309 transtulit,
882 4257 1042 4316 atque
1071 4251 1415 4309 stoliditatem
1453 4257 1649 4324 rationi.
1684 4258 1931 4326 subjecit.
1961 4259 2117 4324 Quac-

552 4347 680 4388 nam
736 4332 915 4392 autem
955 4341 1079 4398 hinc
1117 4345 1244 4398 mibi
1299 4346 1410 4414 jam
1450 4347 1644 4412 dicenti
1697 4351 1831 4418 ratio
1893 4351 2119 4411 tenenda

555 4422 648 4489 sit,
679 4433 732 4478 et
767 4441 872 4494 quo
912 4444 1000 4483 me
1032 4441 1258 4499 vertam,
1294 4435 1449 4504 plane
1491 4437 1725 4494 incertus
1746 4455 1886 4494 sum.
1916 4439 2120 4496 Vereor

556 4515 722 4582 enim,
762 4533 830 4574 ne
858 4520 1020 4577 nimis
1057 4523 1271 4594 longum
1313 4542 1377 4581 ac
1411 4544 1628 4597 prorsus
1680 4532 2120 4601 intempestivum

553 4620 858 4663 sermonem
907 4611 1155 4679 habeam,
1206 4616 1248 4671 si
1283 4617 1534 4688 Cypriani
1565 4623 1744 4687 omnia
1784 4638 2116 4687 commemo-

555 4699 724 4753 randa
758 4715 1078 4779 suscepero;
1121 4719 1177 4763 et
1217 4720 1440 4777 rursus,
1488 4729 1557 4767 ne
1603 4717 1836 4771 maximo
1873 4732 1984 4782 eos,
2024 4717 2120 4786 qui,

555 4788 781 4857 adsunt,
831 4793 1152 4862 detrimento
1182 4801 1478 4867 mulctem,’
1514 4805 1559 4858 si
1612 4806 1738 4875 quid
1785 4808 2112 4876 prieteriero.

2289 3894 2361 3946 Z'.
2412 3891 2533 3944 Τῶν
2585 3889 2683 3961 μὲν
2722 3885 2815 3943 οὖν
2847 3889 3022 3958 λόγων
3079 3889 3176 3943 καὶ
3207 3892 3257 3943 oi
3292 3890 3442 3959 λόγοι
3480 3907 3788 3962 μαρτυρες,

2218 3984 2310 4048 οὓς
2336 3983 2563 4046 πολλοὺς
2591 3982 2684 4034 καὶ
2715 3981 3002 4052 λαμπροὺς
3035 3982 3239 4044 ἐκεῖνος
3271 3981 3408 4052 ὑπὲρ
3439 3983 3600 4052 ἡμῶν
3635 3999 3791 4035 κατε-

2220 4077 2432 4139 ϐάλετο,
2465 4073 2647 4144 ἐπειδή
2683 4089 2747 4140 γε
2780 4073 3077 4144 μετήνεγκε
3106 4072 3242 4125 Θεοῦ
3277 4071 3666 4155 φιλανθρωπία
3698 4073 3789 4140 at:

2223 4165 2520 4226 παίδευσιν,
2552 4162 2644 4217 τοῦ
2692 4163 2969 4226 ποιοῦντος
3007 4163 3076 4217 τά
3109 4163 3286 4216 πάντα
3309 4164 3404 4216 κα)⁹
3456 4166 3790 4234 μετασκευά-

2221 4257 2422 4322 ζοντος,
2467 4256 2602 4326 πρὸς
2632 4255 2693 4308 τὸ
2724 4254 2928 4325 βέλτιον
2957 4255 3090 4326 (7|),
3126 4257 3218 4308 καὶ
3265 4253 3344 4325 τῷ
3369 4255 3514 4325 λόγῳ
3541 4257 3646 4327 τὴν
3671 4255 3790 4308 ἀλο-

2223 4347 2347 4417 γίαν
2376 4347 2691 4400 ὑπέκλινεψ
2727 4345 2787 4398 τὸ
2813 4345 2869 4398 δὲ
2905 4345 3150 4399 ἐντεῦθεν
3169 4387 3183 4411 ,
3215 4346 3316 4398 οὐκ
3345 4340 3443 4399 οἶδ’
3479 4347 3631 4410 ὅπως
3667 4349 3800 4417 χρήτ-

2222 4458 2401 4511 σωμαι
2436 4439 2569 4509 (72),
2596 4438 2674 4510 τῷ
2701 4439 2840 4509 λόγῳ
2881 4439 2973 4491 καὶ
2998 4438 3082 4502 τίς
3117 4438 3390 4508 γένωμαι’
3421 4439 3542 4502 πῶς
3578 4441 3681 4511 μὲν
3724 4439 3796 4509 μή

2225 4534 2434 4605 μακρὸν
2475 4532 2740 4585 ἀποτείνω
2767 4531 2942 4599 λόγον.
2977 4531 3073 4584 κα)¹
3105 4530 3386 4594 παντελῶς
3411 4531 3518 4598 ἔξω
3543 4532 3645 4584 τοῦ
3680 4549 3797 4584 και-

2225 4615 2342 4696 ροῦ,
2368 4625 2584 4678 πάντων
2609 4622 2715 4676 τῶν
2741 4621 3057 4694 Κυπριανοῦ
3091 4622 3457 4693 μεμνημένος·
3483 4622 3608 4686 πῶς
3641 4623 3700 4674 δὲ
3725 4623 3796 4691 μὴ

2220 4713 2289 4772 τὰ
2325 4714 2554 4784 μέγιστα
2596 4712 2857 4784 ζημιώσω
2885 4715 3012 4776 τοὺς
3051 4714 3323 4783 παρόντας
3355 4717 3469 4776 τοῖς
3496 4715 3796 4784 σιωπωμέ-

2223 4824 2352 4870 νοις.
2378 4807 2474 4859 ’Ὶν“
2502 4802 2593 4859 οὖν
2627 4806 2798 4876 μέσην
2827 4805 3028 4875 βαδίσω
3059 4806 3154 4859 τοῦ
3180 4805 3393 4876 καιροῦ,
3428 4806 3523 4858 καὶ
3563 4806 3665 4860 τοῦ
3701 4807 3797 4858 πό-

557 4877 628 4935 Ut
661 4881 825 4950 igitur
848 4885 1087 4954 medium.
1116 4893 1423 4960 quemdam,
1474 4895 1618 4953 inter
1651 4900 1909 4975 temporis
1941 4900 2116 4956 brevi-2

2231 4898 2318 4952 θου
2345 4900 2451 4951 τῶν
2489 4899 2814 4963 ἀκουόντων,
2860 4897 3002 4951 οὕτω
3039 4915 3128 4969 μοι
3160 4897 3306 4951 δοκεῖ
3337 4900 3596 4970 ποιητέον
3626 4897 3765 4952 εἶναι
3784 4918 3796 4931 ·

629 4992 860 5069 ίζΑιῐιοε
889 5012 939 5064 v,
967 4997 1025 5071 8.‘

773 5130 975 5205 "0.109.
997 5135 1064 5205 iln
1090 5137 1376 5199 nonnullis.
1411 5139 1567 5205 ὅλως.

629 5199 742 5267 (66)
789 5203 858 5285 "p
885 5204 1172 5270 κρεῖττον.
1223 5209 1312 5263 Sic
1348 5199 1594 5280 Reggfa,
1624 5227 1678 5278 c,
1721 5214 1776 5279 d,
1805 5215 1898 5285 pb,
1933 5223 2038 5269 etc.
2070 5212 2125 5270 in

557 5270 624 5324 ed
634 5309 683 5342 .,_
703 5272 984 5342 κρείττων.

633 5338 753 5410 (67)
788 5342 1112 5413 Ὠδίνοντα.
1161 5345 1430 5405 lnterores
1463 5351 1674 5417 videtur
1703 5353 1916 5425 legisse,
1962 5353 2127 5413 ol62i-.

559 5425 677 5462 νοντ
683 5427 718 5464 α
725 5450 738 5464 .

765 5477 1056 5558 Ιζέ-νησθε.
1084 5483 1271 5549 Savil..
1297 5486 1560 5558 γένοισθε.

632 5549 742 5620 (69)
779 5549 1164 5634 Τῆεζφρσεως
1188 5549 1442 5634 Limina.
1488 5561 1778 5617 Vernacula
1819 5565 1996 5634 lingua
2037 5564 2109 5619 di-

474 5672 475 5675 η
560 5617 733 5674 cimus
761 5637 775 5673 :
800 5641 819 5673 ι
846 5617 1414 5684 ‘Ctief-d’muvré'de'la
1446 5640 1655 5685 nature.
1686 5651 1706 5685 ι

631 5689 743 5774 (7³0)
778 5695 1200 5774 ’Πολιυίιαθίαςμ
1257 5699 1346 5774 Sic
1385 5701 1580 5774 plures
1633 5703 1785 5774 codd.
1832 5705 1886 5758 In
1946 5705 2111 5774 Regg.

561 5771 622 5838 ς,
667 5758 732 5831 ᾶέ
777 5762 901 5834 bm,
941 5758 1042 5842 ph,
1100 5758 1480 5858 πολυμαθείας.
1513 5773 1568 5830 lu
1600 5773 1716 5843 ed.,
1758 5758 2106 5864 9:).opaefa‘i’5’i

2233 5158 2249 5189 ι
2292 5138 2527 5222 discendi
2563 5139 2898 5222 cupiditas.)
3138 5207 3175 5222 ἢ
3251 5219 3261 5222 _
3301 5209 3312 5220 ο
3495 5209 3508 5221 .
3710 5211 3742 5222 ῃ

2297 5209 2409 5279 (71)
2441 5206 2720 5289 λῖρὸςῃτὸ
2767 5208 3034 5289 βέλτιρν.
3090 5225 3109 5263 ι
3138 5207 3444 5288 ρινςξιτὶηοπι
3495 5209 3552 5289 i_r_t
3615 5211 3802 5289 melius

2228 5277 2521 5332 transtulit.
2556 5295 2574 5327 ι
2608 5278 2704 5359 §ic
2734 5279 3475 5360 vertendumlexistimamns._
3498 5280 3642 5336 Haec
3663 5282 3801 5360 enim

2224 5348 2386 5401 verba
2465 5348 2744 5433 referimus
2815 5347 2882 5400 ad
2941 5350 3258 5433 μετήνεγκε,
3332 5350 3476 5433 (ιιιοά
3541 5355 3801 5433 superius

2225 5417 2441 5484 legitur.
2493 5416 2679 5488 Billins
2728 5427 2908 5472 autem
2943 5416 3264 5472 ‘ca'relert
3322 5419 3386 5470 ad
3449 5416 3800 5488 μετασκευά-

2225 5481 2428 5552 cumq,
2470 5487 2713 5556 quamvis
2745 5488 2795 5540 in
2822 5488 3076 5557 prOpbeta
3107 5489 3268 5542 Amos
3312 5504 3424 5542 non
3449 5481 3800 5554 'occurraut,

2220 5569 2274 5612 et
2307 5557 2497 5619 reddit,
2532 5574 2551 5607 ι
2585 5567 2744 5626 atque
2780 5560 2828 5610 iu
2856 5560 3045 5613 melius
3074 5569 3386 5614 commutat.
3414 5577 3436 5611 ι

2291 5627 2404 5696 (72)
2450 5626 2782 5697 Χρήσωμαι.
2831 5627 2993 5699 chg.
3027 5629 3082 5692 d,
3141 5629 3230 5698 pb.
3261 5639 3314 5684 et
3369 5628 3465 5685 0r.
3534 5629 3563 5683 1
3595 5670 3611 5694 ,
3677 5645 3797 5702 χρηο

2221 5713 2402 5766 σομαι.
