3914 6404
195 316 337 372 ΗἸἸ

1040 314 1295 372 ORATIO
1328 313 1520 369 XXIV.
1564 343 1631 354 ——
1666 313 1734 368 IN
1776 314 2056 370 LAUDEM
2100 314 2159 371 S.
2198 311 2541 370 CYPRIANI.

3275 320 3419 379 H78

192 430 265 485 τὰ
299 430 398 500 μὲν
430 427 564 481 ἄλλα
591 430 840 505 παρεῖναι
873 430 983 489 τοῖς
1011 428 1235 492 είδόσιν,
1267 428 1597 483 ἐκδιδάσκειν
1627 430 1753 494 τοὺς

1876 436 2015 481 atem
2048 434 2102 481 et
2157 427 2457 480 auditorum
2509 425 2883 497 cupiditatemk
2919 440 3134 489 cursum
3180 438 3411 498 teneam,

191 518 540 589 ἀγνοοῦντας,
583 518 736 590 εἴπερ
771 517 875 570 εἰσί
903 534 1066 580 τινες,
1104 519 1167 571 ἵν’
1200 520 1497 590 ἀμφότεροι
1538 521 1756 593 εὐεργε-

192 608 396 660 τῶνται
440 606 658 676 ὁμοίως,
691 608 782 660 καὶ
819 607 865 658 οἱ
895 606 1233 672 διδάσκοντες
1270 611 1337 663 τὰ
1374 612 1618 675 ἐκείνου,
1661 615 1755 666 καὶ

190 701 243 752 οἱ
286 698 644 769 μανθάνοντες
685 698 908 767 (ἐπειδὴ
944 700 1036 750 καὶ
1079 699 1140 752 τὸ
1180 702 1483 771 μεμνῆσθαι
1526 702 1619 755 τοῦ
1659 705 1766 756 ἀν-Δ

191 788 350 858 δρὸς,
383 787 650 857 ἁγιασμὸς
670 826 683 849 ,
717 789 810 840 καὶ
853 788 1103 857 μέγιστον
1142 792 1219 855 είς
1257 792 1595 865 παράκλησιν
1625 796 1753 865 ἀρε-

190 880 292 945 τῆς
324 881 352 929 6
381 878 539 944 λόγος
563 880 601 945 )’
629 878 746 941 ἑνὸς
774 878 827 930 δὲ
849 880 881 950 ἣ
907 880 997 932 δύο
1024 881 1129 934 τῶν
1156 883 1361 935 ἐκείνου
1391 884 1480 937 διὰ
1512 884 1754 955 βραχέων

191 966 615 1037 ἐπιμνησθῆναι,
651 968 743 1033 καὶ
767 966 968 1022 τούτων
995 970 1093 1023 ὅσα
1121 969 1253 1041 μηδὲ
1283 970 1587 1043 βουλομένῳ
1619 988 1757 1043 παρ-

190 1058 369 1111 ελθεῖν
400 1060 641 1111 δυνατόν.

195 1150 328 1204 tutis
380 1151 613 1204 studium
666 1152 827 1206 habet
876 1152 1123 1221 oratio);

1858 523 1972 574 Isaac
2024 519 2149 572 inihi
2209 518 2439 572 ineunda
2488 519 2626 573 ratio
2679 519 2889 573 videtur
2912 531 3143 575 :cmtera
3200 524 3412 591 quidem

1864 610 2160 664 scientibus
2192 609 2513 677 relinquam,
2545 617 2601 662 ut
2632 609 2720 672 iis,
2752 610 2842 680 qui
2872 624 2934 663 ea
2960 610 3223 679 ignorant,
3249 613 3292 667 si
3323 615 3425 682 qui.

1860 712 2035 755 tamen
2079 700 2211 754 tales
2232 710 2382 767 sunt,
2419 710 2711 770 exponant,
2741 711 2902 769 atque
2936 716 3090 765 exea
3125 718 3186 758 re
3203 705 3429 772 utrique.

1857 808 2041 857 parem
2096 792 2376 845 utilitatem
2429 792 2678 860 capiant,
2739 801 2849 846 tum
2881 793 2969 860 qui
3016 794 3159 852 illius
3184 796 3412 849 virtutes

1859 882 2074 944 docent,
2141 890 2249 932 ttnn
2281 880 2372 949 qui
2420 880 2701 934 addiscunt
2752 882 3213 951 (quandoquidem
3259 885 3423 953 hujus

1860 985 2070 1041 quoque
2097 971 2194 1024 viri
2244 972 2327 1025 vel
2375 970 2487 1024 sola
2523 973 2827 1027 recordatio
2856 974 3145 1027 sanctitate
3181 975 3427 1039 animam.

1864 1064 2073 1127 imbuit,
2106 1063 2505 1134 maximumque
2561 1064 2771 1132 pondus
2811 1064 2875 1116 all
2920 1069 3261 1123 excitandum
3305 1070 3415 1125 vir-

1180 1168 1279 1221 ego
1328 1167 1455 1208 vero
1532 1169 1598 1208 ex
1669 1153 1812 1209 illius
1870 1156 2030 1209 rebus
2079 1169 2243 1207 unum
2283 1164 2377 1207 aut
2432 1154 2659 1206 alterum
2691 1155 2929 1209 breviter
2972 1170 3253 1225 exponam,
3299 1172 3435 1227 quae.

191 1242 358 1294 etiam
392 1241 548 1307 hujus
573 1244 786 1327 generis
816 1254 963 1306 sunt,
995 1253 1051 1297 ut
1078 1261 1161 1310 ea,
1196 1260 1262 1298 ne
1291 1246 1334 1299 si
1370 1246 1601 1299 maxime
1629 1248 1841 1314 quidem
1875 1248 2060 1309 velim,
2102 1247 2377 1314 przeterire
2406 1260 2622 1313 queam.

266 1337 349 1391 Μ’.
383 1336 775 1407 Μνησθήσομαι
809 1338 863 1390 δὲ
894 1337 988 1392 τοῦ
1021 1339 1283 1410 προτέρου
1333 1339 1483 1409 βίου,
1519 1342 1613 1394 καὶ
1638 1342 1759 1411 ἦτις

192 1427 347 1497 αὐτῷ
377 1427 565 1495 γέγονε
596 1429 868 1500 σωτηρίας
895 1430 1031 1494 ὁδὸς,
1063 1431 1156 1485 καὶ⁹
1186 1432 1268 1496 τίς
1301 1434 1333 1503 ἡ
1363 1433 1576 1503 κλῆσις,
1604 1434 1695 1486 καὶ
1723 1434 1757 1503 ἡ

194 1517 335 1587 πρὸς
382 1517 441 1570 τὸ
477 1522 721 1588 κρεῖττον
769 1520 1075 1589 μετάθεσις.
1134 1522 1338 1575 Ἐκεῖνο
1385 1524 1485 1594 μέν
1524 1541 1588 1591 γε
1641 1523 1758 1577 λίαν

193 1609 419 1677 ἀγεννὲς
457 1612 551 1663 καὶ
584 1612 914 1682 μικρόψυχον
934 1652 948 1676 ,
982 1612 1186 1666 οἴεσθαι
1214 1614 1636 1685 καθυϐρίζεσθαι
1670 1616 1759 1668 τὸν

1937 1341 2063 1396 VIII.
2104 1342 2286 1395 Dicam
2336 1356 2514 1409 porro,
2548 1355 2666 1408 qua:
2698 1339 2894 1409 prioris
2926 1340 3095 1410 ipsius
3130 1341 3254 1396 vitae
3284 1341 3437 1400 ratio.

1863 1433 2045 1498 fuerit,
2071 1447 2187 1501 quae
2219 1432 2409 1486 salutis
2441 1433 2547 1497 via,
2579 1447 2701 1502 quae
2729 1432 2958 1496 vocatio,
3006 1449 3124 1501 quze
3154 1434 3206 1487 in
3238 1433 3423 1487 melio-

1864 1540 1977 1580 rem
2012 1527 2135 1580 vitte
2165 1536 2359 1581 statum
2399 1527 2645 1581 mutatio.
2702 1526 2961 1595 Equidem
2996 1542 3088 1582 eos
3136 1528 3421 1582 admodum

1866 1618 2042 1687 ignavi
2081 1627 2241 1686 atque
2271 1616 2462 1685 abjecti
2495 1617 2659 1671 animi
2691 1632 2816 1671 esse
2845 1617 3117 1683 existimo,
3158 1616 3425 1686 qui'mar-

193 1702 433 1772 ἀθλητὴν
466 1704 532 1772 τῇ
565 1703 751 1775 μνήμῃ
782 1703 888 1756 τῶν
916 1705 1260 1776 σκαιοτέρων.
1310 1707 1461 1759 Ἐπεὶ
1497 1706 1637 1760 οὕτω
1670 1710 1763 1761 καὶ

1872 1709 1993 1780 Iyri,
2046 1722 2223 1761 rerum
2277 1707 2457 1761 minus
2499 1705 2844 1760 laudabilium
2895 1703 3427 1767 commemoratione,

194 1791 409 1854 Παῦλος
443 1795 575 1862 ἡμῖν
610 1793 709 1846 οὐκ
749 1795 1025 1858 ἐπαινετὸς
1053 1798 1080 1849 6
1119 1796 1309 1866 μέγας,
1354 1798 1447 1850 καὶ
1483 1796 1760 1861 Ματθαῖος

192 1886 224 1941 ό
249 1883 488 1954 τελώνης
517 1888 572 1937 ὲν
604 1889 715 1949 τοῖς
759 1886 1055 1951 κακίστοις,
1090 1890 1184 1941 καὶ
1211 1890 1520 1959 Κυπριανὸς
1561 1890 1722 1955 αὑτός
1742 1908 1755 1921 υ

193 1976 223 2031 ὁ
247 1977 346 2046 μὲν
369 1976 477 2030 τῶν
498 1978 775 2050 προτέρων
798 1979 991 2032 ἑαυτοῦ
1012 1981 1262 2052 διωγμῶν
1290 2000 1354 2053 με
1362 2000 1464 2054 μνη
1473 1982 1649 2053 μένος,
1671 1985 1761 2036 καὶ

193 2069 295 2137 τῆς
348 2067 443 2120 τοῦ
494 2068 654 2136 ζήλου
714 2070 1088 2139 μεταθέσεως,
1144 2072 1209 2125 ἵν’
1245 2075 1308 2126 ὲκ
1341 2074 1436 2127 τοῦ
1480 2075 1760 2145 παραλλή-

192 2160 287 2212 λου
340 2160 452 2230 (75)
508 2160 707 2230 μᾶλλον
756 2160 955 2234 δοξάσῃ
991 2163 1084 2215 τὸν
1131 2165 1456 2235 εὐεργέτην·
1509 2168 1538 2218 6
1570 2166 1628 2219 δὲ
1672 2166 1762 2220 τὸν

200 2253 474 2321 Τελώνην
511 2253 686 2324 ἑαυτῷ
724 2255 1032 2326 προστιθεὶς
1062 2260 1117 2309 ὲν
1147 2260 1214 2328 τῇ
1238 2258 1344 2310 τῶν
1376 2260 1629 2331 μαθητῶν
1657 2242 1763 2315 ἀπ-

192 2345 510 2416 αριθμήσει,
529 2347 714 2417 ῶσπερ
739 2347 865 2401 ἄλλο
892 2365 942 2400 τι
974 2348 1080 2401 τῶν
1108 2349 1299 2420 τιμίων
1329 2351 1594 2422 ἐπίσημον
1612 2369 1626 2383 ο
1656 2354 1685 2405 6
1706 2354 1761 2406 δὲ

194 2439 290 2491 καὶ
340 2438 536 2508 μακρῷ
577 2439 718 2508 λόγῳ
753 2439 1080 2510 στηλιτεύων
1124 2440 1225 2511 τὴν
1258 2442 1525 2513 προτέραν
1568 2444 1760 2497 ἑαυτοῦ

193 2527 415 2593 κακίαν,
451 2529 537 2581 ἵνα
574 2529 852 2583 καὶτοῦτο
892 2530 1012 2600 Θεῷ
1062 2535 1492 2604 καρποφορήσῃ,
1532 2535 1632 2606 τὴν
1675 2535 1763 2599 ὲξ-

193 2616 505 2687 αγόρευσιν,
537 2620 631 2671 καὶ
656 2619 868 2684 πολλοῖς
887 2621 1002 2684 ὁδὸς
1020 2622 1244 2693 γένηται
1270 2624 1367 2694 τῆς
1395 2627 1763 2697 χρηστοτέρας

195 2706 412 2772 ἐλπίδος
439 2710 547 2763 τῶν
587 2710 695 2765 ἀπὸ
739 2714 938 2777 κακίας
986 2714 1437 2785 ἐπιστρεφόντων.
1476 2717 1571 2781 Τίς
1603 2715 1693 2772 οὖν
1728 2721 1761 2790 ἡ

195 2800 396 2865 κακία,
441 2804 534 2854 καὶ
571 2806 822 2856 σκοπεῖτε
845 2843 858 2867 ,
895 2806 995 2875 ὅση
1038 2806 1130 2858 καὶ
1164 2807 1327 2877 ἡλίκη
1380 2809 1441 2861 τὸ
1494 2809 1721 2878 μέγεθος
1744 2826 1758 2839 ·

199 2894 481 2963 Δαιμόνων
521 2890 589 2965 ἧν
622 2894 979 2968 θεραπευτὴς,
1012 2899 1040 2949 6
1066 2898 1302 2971 Χριστοῦ
1336 2901 1579 2973 μαθητὴς
1611 2892 1764 2967 ὓστε-

199 3003 293 3057 ρον
313 3004 327 3016 '
361 2988 454 3040 καὶ
484 2986 715 3059 διώκτης
745 2992 1088 3063 πικρότατος,
1120 2994 1147 3044 6
1177 2991 1349 3062 μέγας
1384 2995 1480 3065 τῆς
1510 2994 1763 3066 ἀληθείας

1860 1800 2244 1854 contumeliam
2280 1800 2468 1854 inferri
2502 1801 2853 1854 arbitrantur.
2909 1796 3020 1851 Hac
3047 1796 3187 1851 enim
3221 1794 3427 1848 ratione

1861 1905 1960 1945 nec
1984 1906 2206 1961 magnus
2239 1891 2353 1960 ipse
2382 1890 2577 1944 Paulus
2608 1888 2816 1942 laudem
2848 1896 3139 1951 mereatur,
3190 1895 3243 1940 et
3291 1884 3427 1938 Mate

1862 1984 2034 2036 thazus
2088 1982 2404 2052 publicanus
2453 1981 2505 2035 in
2557 1980 3094 2035 sceleratissimorum
3148 1976 3426 2032 hominum

1863 2088 2084 2127 numero
2120 2072 2391 2128 habendus
2421 2074 2600 2135 fuerit,
2652 2088 2717 2126 ac
2767 2081 2954 2125 noster
3003 2070 3166 2123 etiam
3208 2068 3429 2139 Cypria-

1863 2180 1985 2218 nus.
2036 2163 2128 2217 Ille
2162 2164 2374 2231 quidem
2424 2162 2769 2229 pristinarnm
2830 2174 3045 2215 suarum
3104 2156 3430 2228 persecutio-

1864 2269 2011 2316 num,
2048 2234 2101 2305 et
2128 2253 2313 2306 mutati
2344 2251 2444 2305 zeli
2479 2254 2804 2305 mentionem
2836 2249 2961 2304 facit
3000 2250 3065 2315 η,
3096 2258 3153 2302 ιιι
3178 2247 3436 2309 νὶόειὶοοι

1861 2360 1925 2399 ex
1980 2345 2260 2413 utriusque
2308 2343 2596 2399 collatione
2650 2342 2742 2397 Dei
2795 2341 3207 2396 beneficentiam
3259 2340 3439 2408 magis

1862 2436 2206 2490 concelebret
2245 2453 2258 2488 :
2297 2435 2434 2488 alter
2467 2449 2595 2491 vero
2624 2434 2678 2488 in
2709 2432 3101 2503 discipulorum
3150 2444 3434 2486 enumera-

1865 2528 2008 2579 tione
2061 2526 2171 2579 sibi
2224 2526 2322 2593 ipsi
2376 2522 2653 2578 I’ubh‘cani
2707 2535 3144 2594 cognomentum,
3210 2521 3439 2591 perinde

1864 2627 2025 2688 atque
2074 2617 2216 2671 aliud
2264 2616 2531 2682 quoddam
2576 2615 2869 2670 nobilitatis
2916 2615 3129 2684 insigne
3173 2623 3227 2667 et
3268 2627 3431 2666 orna-

1864 2726 2123 2779 mentum,
2169 2715 2413 2785 adjungit
2444 2716 2519 2781 ﬂ;
2575 2715 2662 2768 hic
2711 2714 2944 2782 denique
2992 2710 3283 2781 superioris
3312 2710 3437 2764 vitae

1865 2808 2243 2876 turpitudinem
2288 2807 2442 2875 longa
2487 2804 2733 2858 oratione
2782 2802 3116 2873 proscindit,
3163 2809 3220 2853 ut
3256 2800 3426 2869 ipsam

1864 2914 2080 2969 quoque
2130 2897 2392 2952 scelerum
2429 2896 2819 2951 c0nl’essionem
2871 2896 2976 2949 Deo
3031 2894 3269 2948 muneris
3316 2893 3435 2947 loco

1865 2988 2077 3054 offerat,
2125 3003 2190 3042 ac
2241 2987 2423 3041 multis
2449 3001 2659 3049 eorum,
2715 2987 2804 3055 qui
2836 2987 2901 3039 ab
2931 2985 3170 3053 improba
3201 2992 3253 3036 et
3281 2982 3434 3050 flagi-

195 3081 503 3149 ἀγωνιστής
522 3096 534 3109 ⁸
567 3082 659 3133 κοιλ⁸
685 3082 827 3153 λόγῳ
867 3084 960 3136 καὶ
991 3083 1137 3155 ἔργῳ
1164 3086 1450 3155 ταράσσων
1480 3085 1580 3157 τὴν
1623 3089 1762 3156 ἡμε-

1872 3084 2002 3137 tiosa
2031 3081 2244 3136 vivendi
2296 3081 2502 3135 ratione
2527 3080 2764 3133 animum
2811 3084 3084 3143 revocant,
3130 3077 3196 3130 ad
3238 3077 3430 3133 melius

195 3172 363 3243 τέραν
401 3172 551 3236 ὁδὸν,
585 3173 672 3227 διὰ
721 3174 781 3226 τὸ
826 3176 882 3227 ὲν
914 3176 1242 3246 ἀμφοτέροις
1278 3178 1476 3248 κράτος
1499 3217 1514 3237 ,
1550 3180 1578 3230 6
1625 3178 1761 3249 κρά-

194 3279 379 3325 τιστος
410 3265 694 3335 ἀμφότερα
733 3265 869 3337 μετὰ
897 3266 1053 3320 τοῦτο
1084 3269 1447 3339 Χριστιανοῖς.
1477 3269 1638 3322 Ὅσον
1664 3287 1764 3322 κα·-

195 3353 292 3406 κὸν
335 3356 428 3407 καὶ
483 3360 703 3427 γοητεία
744 3357 953 3421 τούτοις
985 3359 1419 3431 προστιθεμένη,
1464 3361 1574 3414 τῶν
1624 3363 1766 3414 ἐκεί-

196 3463 289 3500 νου
348 3446 459 3517 (74)
514 3448 572 3500 τὸ
638 3449 1090 3519 γνωριμώτατονί
1155 3452 1263 3522 ὅσῳ
1322 3452 1618 3525 δεινότερον
1676 3455 1770 3507 καὶ

196 3537 474 3609 ἀπληστία
507 3538 754 3611 σώματος
774 3584 788 3607 ,
815 3543 849 3613 ἢ
890 3543 980 3596 καὶ
1007 3544 1132 3605 τοὺς
1159 3544 1326 3596 τᾶλλα
1358 3546 1551 3615 σοφοὺς
1575 3544 1767 3616 ἐκμαί-

196 3649 313 3686 νειν
357 3633 596 3698 δύναται,
653 3636 747 3689 καὶ
783 3640 962 3708 χεῖρον
1018 3640 1230 3707 φρονεῖν
1279 3636 1544 3707 βιάζεται,
1602 3638 1769 3693 καθά-

198 3737 308 3793 περ
340 3722 599 3794 ὑϐριστὴς
636 3723 833 3789 πῶλος,
868 3724 958 3778 τὸν
985 3723 1241 3794 λογισμὸν
1283 3722 1738 3795 συναρπάζουσαί

1870 3175 2192 3244 sperandum
2225 3174 2308 3227 via
2332 3173 2581 3228 exsistat.
2612 3172 2740 3239 ρυω
2765 3171 2926 3239 igitur
2953 3170 3093 3226 illius
3117 3171 3434 3240 improbitas

1870 3266 2051 3330 fuerit,
2085 3280 2353 3335 quamque
2383 3279 2573 3334 magna
2603 3274 2657 3319 et
2708 3262 2907 3333 gravis,
2957 3263 3241 3331 expendite
3276 3280 3288 3316 :
3320 3264 3433 3317 Dte-

1874 3375 2087 3414 monum
2128 3359 2299 3413 cultor
2361 3368 2500 3421 erat,
2535 3356 2624 3425 qui
2677 3354 2876 3409 Christi
2928 3364 3111 3424 postea
3141 3355 3436 3421 discipulus

1876 3451 1975 3506 fuit
2005 3468 2019 3504 :
2054 3460 2107 3505 et
2143 3458 2457 3518 persecutor
2486 3448 2888 3511 acerbissimus,
2922 3448 3009 3516 qui
3043 3456 3225 3517 postea
3271 3445 3434 3518 442

1875 3559 2099 3614 magnus
2132 3543 2377 3596 veritatis
2406 3550 2768 3611 propugnator
2794 3540 3037 3606 exstitit;
3088 3548 3141 3594 et
3182 3540 3347 3594 verbo
3376 3547 3431 3592 et

1874 3650 2059 3704 opere,
2112 3643 2296 3703 utpote
2343 3633 2397 3687 in
2454 3644 2682 3701 utroque
2741 3631 2973 3701 pollens,
3025 3630 3164 3684 viam
3195 3638 3433 3683 nostram

1871 3706 2147 3791 turbabat,
2188 3726 2278 3796 qui
2312 3736 2498 3795 postea
2531 3734 2759 3793 utraque
2793 3739 2848 3777 re
2880 3723 3245 3793 peregregiam
3274 3719 3434 3775 ϐίη-ῖς

198 3812 395 3867 stianis
418 3829 635 3883 operam
674 3814 838 3883 dedit.
861 3815 980 3870 Jam
1014 3826 1246 3886 quantus
1282 3832 1347 3869 ex
1380 3826 1493 3870 arte
1527 3819 1754 3886 magica,
1797 3833 1825 3870 a
1866 3834 1970 3887 qua
2015 3818 2350 3887 potissimum
2379 3816 2445 3869 ad
2476 3816 2753 3869 hominum
2829 3813 3024 3866 famam
3092 3819 3435 3881 pervenerat,

198 3905 331 3960 huic
367 3906 507 3960 malo
533 3907 781 3961 cumulus
850 3907 1169 3961 accedebat!
1223 3916 1481 3976 quantum
1541 3908 1668 3963 item
1745 3909 1858 3961 haec
1917 3907 2142 3961 crimina
2209 3905 2568 3974 exaggerabat
2618 3901 2876 3971 .corporis
2931 3901 3339 3971 intemperantia
3380 3907 3435 3955 et

200 3998 389 4062 libido,
413 4012 531 4065 quae
556 4006 757 4051 tantam
782 3999 888 4051 vim
923 3997 1102 4063 habet,
1131 4007 1187 4053 ut
1250 4000 1571 4070 quandoque
1636 4000 1907 4069 sapientes
1955 4000 2119 4055 etiam
2187 3998 2331 4052 viros
2363 3997 2546 4052 furore
2578 3996 2793 4060 alliciat,
2844 3994 3190 4064 deteriusque
3227 3997 3433 4052 sentire

202 4102 377 4160 cogat,
407 4091 616 4159 equulei
650 4091 938 4159 petulantis
962 4102 1016 4145 et
1050 4092 1291 4145 indomiti
1344 4107 1492 4145 more
1518 4134 1532 4157 ,
1582 4094 1845 4147 rationem
1878 4107 2058 4147 secum
2087 4091 2389 4160 arripiens!

274 4182 353 4237 ϐ’.
386 4183 546 4234 ’Ἣκει
578 4180 635 4234 δὲ
665 4182 796 4253 ἡμῖν
831 4182 916 4233 ἐπ’
949 4182 1078 4238 αὐτὸ
1120 4183 1179 4235 τὸ
1217 4182 1506 4251 κεφάλαιον
1534 4185 1562 4235 ὁ
1588 4183 1763 4252 λόγος.

202 4277 317 4331 Καὶ
359 4275 432 4347 μὴ
461 4276 597 4347 πρὸς
633 4275 701 4329 τὰ
741 4274 934 4346 πρῶτά
978 4293 1060 4339 τις
1099 4274 1241 4345 ὁρῶν
1278 4274 1616 4347 Κυπριανοῦ,
1651 4279 1769 4340 ταῖς

206 4363 421 4434 ἡδοναῖς
458 4361 685 4430 ὲφιέτωο
721 4365 833 4425 τοῖς
877 4362 933 4414 δὲ
965 4362 1291 4426 τελευταίοις
1332 4363 1764 4434 σωφρονιζέσθω.

204 4454 479 4527 Παρθένος
506 4473 589 4518 τις
622 4450 687 4525 ἦν
720 4452 831 4525 (⁸15)
865 4452 972 4507 τῶν
999 4454 1354 4524 εὐπατρίδων,
1386 4454 1479 4508 καὶ
1506 4456 1766 4525 κοσμίων.

280 4632 323 4663 ⁸⁵
354 4629 374 4685 l
403 4630 544 4686 Tim.
581 4630 738 4701 1,15.
817 4632 860 4662 ¹⁶
887 4630 1075 4686 Matth.
1109 4648 1167 4699 ι,
1195 4630 1246 4685 5.

1942 4182 2033 4236 IX.
2066 4183 2145 4236 Ad
2177 4183 2349 4250 ipsum
2396 4190 2575 4235 autem
2620 4180 2730 4251 jam
2783 4182 2904 4236 mali
2936 4188 3098 4252 caput
3131 4195 3189 4235 se
3221 4179 3435 4241 confert

1874 4274 2067 4327 oratio.
2116 4272 2228 4328 Nec
2282 4288 2411 4327 vero
2463 4274 2744 4341 quisquam
2793 4274 2994 4341 primas
3026 4273 3147 4326 vita:
3180 4272 3433 4342 Cypriani

1876 4376 2055 4435 partes
2083 4366 2315 4430 intuens,
2352 4366 2714 4434 voluptatibus
2750 4365 3057 4433 indulgeat;
3096 4379 3279 4417 verum
3306 4363 3429 4417 ulti-

1877 4458 1979 4517 mis
2012 4448 2081 4511 ad
2128 4456 2438 4533 pudicitiam
2489 4467 2787 4521 revocetur,
2841 4456 3001 4533 Virgo
3036 4454 3277 4525 quaedam
3320 4464 3438 4519 erat

278 4831 392 4905 (75)
419 4828 844 4915 Πᾳρᾳβῖζήλου.
866 4828 955 4883 Sic
981 4828 1144 4900 ltegg.
1176 4829 1286 4896 bm,
1323 4831 1416 4899 ph.
1443 4830 1497 4886 In
1525 4834 1613 4888 ed.
1636 4832 1771 4887 divi-

1874 4833 1977 4885 δων
2011 4832 2103 4885 καὶ
2125 4830 2834 4915 εκοεσμιῳνκιεὺτερεπὴίμὲν
2872 4829 2969 4915 τὴν
3005 4828 3150 4915 ὥραν
3198 4828 3290 4881 τοῦ

203 4899 328 4967 sini,
363 4899 490 4970 παρ’
515 4899 761 4969 ἀλλήλου.

277 4973 390 5042 (⁷14)
434 4968 557 5023 Τῶν
583 4968 838 5033 ἐκείνου,
888 4979 987 5042 etc.
1029 4968 1400 5042 _Combelisius
1446 4972 1523 5025 sic
1566 4972 1768 5026 vertit:

211 5066 230 5097 ι
260 5039 618 5110 Ᾱτειηιιεὶοπ,
643 5056 745 5107 qua
769 5039 1080 5110 maximein
1119 5041 1357 5094 notitiam
1389 5043 1661 5096 hominum
1688 5058 1771 5095 ve-

207 5121 386 5177 nerat,
426 5109 626 5179 quanto
660 5112 709 5163 in
739 5110 855 5178 ejus
895 5109 1048 5163 malis
1084 5111 1196 5179 hare
1230 5114 1430 5179 primas
1456 5111 1713 5166 tenebat?
1746 5131 1763 5163 ι

206 5178 482 5251 Improbat
510 5180 1000 5252 interpretationem
1034 5178 1191 5242 BilIii,
1221 5178 1307 5247 qui
1332 5181 1440 5250 ὅσῳ
1474 5180 1770 5252 δεινότερον

202 5250 381 5322 jungit
405 5251 665 5322 cumLhis
683 5250 859 5322 verbis
879 5264 999 5322 qua:
1025 5261 1343 5322 sequuntur,
1375 5251 1469 5305 καὶ
1499 5250 1769 5321 ἀπληστία

209 5318 488 5391 σώματος.
515 5319 570 5373 Si
603 5320 921 5391 admittatur
943 5320 1247 5391 (Jombelisii
1275 5318 1671 5391 interpretatio.
1694 5323 1772 5391 sic

212 5388 309 5448 his
329 5390 847 5458 interpunctioniluts
873 5388 1244 5457 distinguenda
1266 5390 1367 5443 erit
1383 5388 1592 5458 phrasis
1615 5409 1630 5446 :
1654 5390 1773 5442 Τῶν

211 5460 423 5515 ἐκείνου
452 5460 512 5512 τὸ
542 5457 980 5530 γνωριμώτατον,
1024 5460 1133 5528 ὅσῳ
1177 5457 1506 5531 δεινότερον;
1543 5462 1575 5531 ἡ
1604 5460 1776 5530 ἀπλη-

217 5531 360 5595 sciat,
389 5542 533 5599 etc.;
564 5549 582 5580 ς
613 5528 726 5596 Qua
755 5539 869 5583 arte
898 5532 1168 5594 etnotior,
1199 5528 1482 5599 et.quanto
1515 5528 1582 5583 ad
1604 5528 1777 5585 scelus

214 5598 543 5656 .IlltltaniOI‘?
571 5601 649 5653 Ad
684 5601 795 5653 haec
825 5599 988 5654 libido
1014 5598 1354 5661 insatiabilis,
1402 5620 1420 5652 υ
1457 5610 1561 5653 etc.

286 5670 399 5740 (75)
430 5669 727 5737 Παρθένος
757 5687 845 5735 τις
868 5665 1089 5738 ﬁnem.
1125 5672 1180 5723 Itt
1215 5670 1377 5725 Coisl.
1405 5672 1426 5724 I
1464 5681 1515 5722 et
1538 5667 1769 5734 Hervag.

208 5742 300 5795 ed.
327 5741 405 5795 sic
427 5741 639 5795 additur
668 5754 682 5790 :
712 5740 909 5794 Κὰλλει
946 5740 1318 5813 περίϐλεπτος,
1366 5741 1473 5793 τῶν
1518 5740 1772 5811 εὐπατρί-

1884 4919 2069 4972 ματοςι
2120 4898 2330 4972 Calabra
2385 4899 2441 4972 δὲ
2475 4898 2594 4972 ,τδκι
2636 4898 2853 4972 τξρόπφνο
2888 4898 3004 4972 su
3063 4898 3170 4968 γὰρ
3225 4898 3433 4972 μρρειὴν

1877 4967 2187 5041 ἀξιέραστος
2218 4967 2431 5041 ἦν,’και
2459 4969 2631 5041 ψυχῆς
2653 4970 2847 5041 ἀρετὴν
2877 4967 3235 5041 ἀξιάγαστοςη
3254 4968 3434 5019 Ταῦτα

1875 5036 2056 5125 γὰρὴ
2089 5036 2252 5125 φήμη
2275 5036 2704 5125 διηγγελλε,’καὶ“
2733 5036 2820 5125 τὸν
2847 5040 3058 5125 νεανίαιν
3091 5036 3431 5125 ἐξέπληττεν,

1874 5106 2081 5184 ὁρῶντα
2102 5106 2210 5184 μέν
2231 5106 2426 5184 κάλλος
2455 5107 2705 5184 ἐξαίσιον,
2732 5107 3064 5184 ἀκούονταδιὲ
3084 5106 3281 5177 τρόπον
3308 5106 3434 5184 éfpéo,

1880 5176 2081 5253 μίιλλον.
2103 5176 2396 5253 ξἈκούετε,
2427 5178 2702 5249 παρθένοι,
2729 5186 2842 5253 etc._
2870 5192 2884 5229 :
2916 5195 2937 5253 ι
2984 5176 3145 5253 Virgo
3185 5176 3428 5243 quatdam

1877 5246 1996 5307 erat
2029 5251 2421 5320 pulchritudine
2442 5246 2723 5320 et'genere
2744 5247 2988 5315 insignis,
3014 5246 3261 5320 ingenua,
3293 5260 3433 5320 pra;—

1879 5315 2041 5376 stanti
2064 5321 2304 5387 corporis
2330 5315 2628 5382 forma,"ob
2658 5332 2865 5371 morum
2897 5316 3268 5387 excellentiam
3305 5315 3431 5387 imit

1884 5393 2082 5446 latione
2103 5383 2281 5459 digna.
2321 5387 2514 5442 Forma
2543 5394 2929 5459 namqtte_erat
2957 5384 3222 5459 amabilis,
3267 5383 3436 5438 animi

1881 5471 2054 5515 autem
2086 5455 2280 5513 virtute
2322 5460 2481 5527 longe
2530 5455 2910 5527 admirabilior.
2956 5455 3081 5527 Ilaec
3116 5455 3255 5527 fama
3296 5469 3435 5507 nun-

1884 5531 2063 5584 tiabat.
2130 5522 2441 5583 Coufestinf
2466 5526 2717 5594 juvenem
2766 5525 3046 5587 sauciavit,
3080 5523 3168 5594 qui
3209 5522 3436 5585 formam

1880 5600 2008 5654 nulli
2044 5615 2223 5668 parem
2251 5592 2647 5668 conspiciebat;
2679 5610 2855 5668 verum
2895 5609 3040 5668 (ξυιῃὶ
3059 5592 3278 5668 paribus
3306 5608 3435 5647 con-

1877 5656 2113 5740 junctatu
2143 5656 2682 5723 moribus-audiebat.
2712 5666 2921 5728 Audite,
2957 5656 3208 5734 virgines,
3242 5681 3261 5727 ι
3293 5672 3398 5725 etc.
