3914 6404
516 290 655 345 Η79

1702 297 1761 352 S.
1808 291 2129 352 GREGORII
2167 289 2507 347 THEOLOGI

3594 290 3711 351 “80

515 403 747 475 patricio
782 418 978 475 genere
1009 413 1151 469 nata,
1182 405 1525 474 honestisque
1550 408 1793 464 moribus
1825 409 2067 477 praedita.

2192 404 2463 467 Ἀκούετε,
2514 401 2791 473 παρθένοι,
2837 402 2930 455 καὶ
2978 404 3404 473 συναγάλλεσθε,
3439 406 3633 476 μᾶλλον
3665 409 3713 462 δὲ

513 496 730 559 Audite,
778 496 1034 564 virgines,
1080 510 1143 550 ac
1189 496 1345 550 simul
1397 498 1687 566 exsultate,
1743 500 1852 553 imo
1900 500 2063 555 etiam

513 600 846 655 quaecunque
887 585 1193 654 pudicitiam
1227 587 1278 641 in
1307 589 1671 654 matrimonio,
1705 601 1759 645 et
1793 592 2063 659 pudicitiae

515 684 759 732 amantes
788 675 996 730 colitis:
1038 692 1159 730 nam
1186 679 1428 745 utrisque
1456 680 1721 735 communi
1748 690 2071 736 ornamento

513 776 597 821 est
633 767 733 821 ista
763 767 1022 823 narratio.
1081 766 1241 838 Virgo
1282 770 1392 824 haec
1428 769 1595 824 forma
1640 782 1760 827 erat
1812 788 2064 843 perquam

512 856 720 911 liberali
765 865 820 911 et
862 858 1100 929 egregia.
1130 858 1359 914 Accinat
1389 861 1515 915 huic
1539 862 1816 918 nobiscum
1848 864 2014 917 David
2050 880 2065 919 :

514 946 698 1001 Omnis
749 948 917 1017 gloria
965 949 1090 1016 ﬁlim
1127 952 1259 1020 regis
1303 951 1368 1003 ab
1407 952 1546 1006 intus
1581 954 1647 1019 ‘7,
1699 967 1829 1007 vera
1870 954 2065 1009 Christi

511 1053 731 1107 sponsa,
768 1041 1117 1111 pulchritudo
1151 1043 1445 1106 recondita,
1493 1045 1609 1098 viva
1645 1054 1844 1112 statua,
1897 1047 2071 1101 dona-

512 1129 651 1183 rium
684 1131 975 1200 sacrilegas
1018 1148 1210 1188 manus
1250 1150 1355 1189 non
1390 1145 1656 1199 metuens,
1695 1137 1874 1191 fanum
1926 1139 2070 1193 inac-

513 1234 747 1286 cessum,
810 1222 999 1277 hortus
1042 1224 1360 1287 conclusus,
1432 1229 1550 1281 t‘ons
1601 1229 1843 1296 signatus
1898 1229 1939 1260 ’⁸
1990 1231 2071 1297 (ut

511 1311 767 1368 Salomon
797 1329 1010 1384 quoque
1043 1315 1242 1383 aliquid
1288 1317 1389 1385 ipsi
1433 1318 1683 1385 accinat),
1730 1318 1831 1372 soli
1859 1318 2070 1372 Christo

508 1412 740 1458 servata.
778 1403 998 1475 Magnus
1052 1406 1367 1478 Cyprianus.
1422 1410 1581 1472 unde,
1633 1418 1687 1462 et
1733 1423 1840 1477 quo
1879 1411 2055 1476 modo,

514 1492 654 1547 haud
685 1493 816 1559 scio,
866 1495 1025 1564 hujus
1068 1497 1293 1565 virginis
1336 1498 1479 1551 omni
1520 1511 1587 1550 ex
1622 1506 1769 1564 parte
1800 1505 1951 1561 tutae,
2006 1512 2071 1551 ac

511 1599 719 1638 morum
766 1586 1028 1653 gravitate
1064 1588 1299 1655 praedita:
1333 1602 1519 1642 amore
1552 1598 1745 1657 captus
1774 1596 1877 1644 est.
1933 1587 2067 1642 Nam

2170 495 2395 549 καὶτῶν
2440 493 2543 547 ὑπὸ
2584 493 2743 562 ζυγὸν
2790 494 2912 546 ὅσαι
2951 493 3226 566 σώφρονές
3273 514 3332 549 τε
3376 498 3469 550 καὶ
3504 497 3715 565 φιλοσώ-

2170 603 2364 658 φρονες
2399 585 2509 655 (76)
2533 602 2545 615 ·
2578 584 2754 639 κοινὸν
2781 584 2888 656 γὰρ
2924 585 3257 658 ἀμφοτέραις
3288 587 3643 659 καλλωπισμα
3664 592 3717 644 τὺ

2166 677 2427 747 διήγημα.
2473 675 2583 728 Καὶ
2632 677 2665 745 ὴ
2723 674 2989 745 παρθένος
3026 675 3163 745 καλὴ
3210 677 3287 747 τῷ
3335 679 3463 731 εἴδει
3494 680 3714 750 σφόδρα-

2168 767 2481 839 προσᾳδέτω
2513 766 2683 839 ταύτῃ
2721 766 2839 838 μεθ’
2867 767 3025 838 ἡμῶν
3051 768 3081 820 ὁ
3110 768 3250 833 θεῖος
3278 770 3458 833 Δαόὶδ,
3489 771 3659 827 Πᾶσα
3681 775 3715 840 ἠ

2168 858 2337 923 δόξα,
2374 857 2578 925 λέγων,
2612 857 2721 925 τῆς
2759 859 3046 927 θυγατρὸς
3077 859 3181 914 τοῦ
3221 861 3533 925 βασιλέως
3581 862 3717 916 ἔσω-

2169 950 2310 1009 θεν,
2372 947 2555 1017 νύμφη
2609 946 2842 1017 Χριστοῦ
2908 948 3140 1019 γνησία,
3195 949 3390 1013 κάλλος
3446 951 3718 1017 ἀπόθετον,

2168 1038 2385 1109 ἄγαλμα
2417 1037 2677 1108 ἔμψυχον,
2721 1037 2976 1108 ἀνάθημα
3018 1039 3212 1093 ἄσυλον
3232 1079 3248 1104 ,
3287 1040 3521 1110 τέμενος
3548 1042 3721 1094 ἀνεπί-

2170 1124 2361 1187 ϐατον,
2408 1124 2581 1194 κῆπος
2633 1125 3051 1195 κεκλεισμένος,
3113 1129 3263 1198 πηγὴ
3319 1129 3719 1203 ὲσφραγισμένη

2171 1216 2189 1285 (
2211 1216 2518 1287 προσᾳδέτω
2542 1216 2649 1287 γάρ
2674 1236 2727 1270 τι
2758 1219 2851 1271 καὶ
2885 1218 3132 1288 Σολομὼν
3150 1220 3191 1287 ).
3226 1220 3370 1290 μόνῳ
3392 1222 3615 1292 Χριστῷ
3640 1239 3723 1291 τηε

2175 1310 2429 1379 ρουμένη.
2465 1311 2679 1382 Ταύτης
2713 1311 2741 1363 ὁ
2787 1312 2959 1381 μέγας
2997 1314 3112 1384 ἥλω
3142 1317 3475 1386 Κυπριανὸς,
3506 1317 3605 1369 οῦκ
3635 1314 3719 1371 οἶδ’

2169 1397 2289 1453 ὅθεν
2316 1400 2407 1453 καὶ
2430 1401 2595 1463 ὅπως,
2620 1400 2720 1469 τῆς
2742 1401 2916 1454 πάντα
2937 1404 3208 1472 ἀσφαλοῦς
3229 1406 3321 1459 καὶ
3345 1406 3580 1475 κοσμίας
3600 1408 3719 1476 (77).

2170 1488 2415 1542 Ψαύουσι
2440 1490 2548 1561 γὰρ
2580 1490 2848 1561 ὀφθαλμοὶ
2877 1492 3045 1563 λίχνοι
3070 1496 3162 1548 καὶ
3187 1497 3293 1549 τῶν
3321 1497 3642 1566 ἀψαύστων,
3672 1502 3723 1553 τὸ

2172 1577 2589 1648 προχειρότατον
2618 1578 2863 1645 ὀργάνων
2896 1581 3006 1647 (78)
3042 1583 3135 1634 καὶ
3166 1580 3597 1653 ἀπληστότατον.
3629 1586 3723 1637 Καὶ

510 1688 768 1741 procaces
814 1684 871 1729 et
918 1676 1059 1728 avidi
1106 1675 1266 1740 oculi,
1312 1691 1373 1730 ea
1407 1677 1588 1743 etiam,
1626 1692 1745 1745 qua:
1804 1677 2069 1746 attingere

2182 1669 2266 1735 νύχ
2289 1668 2402 1737 ἥλω
2433 1668 2608 1738 μόνον,
2631 1668 2765 1722 ἀλλά
2794 1671 2884 1722 καὶ
2906 1670 3119 1740 ἐπείρα.
3154 1673 3216 1723 Ὢ
3239 1673 3340 1743 τῆς
3364 1674 3621 1743 εὐηθείας
3637 1717 3650 1734 ,
3684 1678 3724 1728 εί

514 1763 665 1817 nefas
715 1771 842 1828 est,
896 1766 1200 1833 attingunt,
1274 1779 1535 1834 organum
1589 1781 1780 1833 nempe
1832 1766 2070 1820 omnium

2182 1758 2375 1830 ταύτην
2424 1760 2671 1830 συλήσειν
2703 1760 2899 1830 ἤλπιζε
2921 1801 2934 1823 ,
2970 1762 3167 1832 μᾶλλον
3209 1763 3265 1815 δὲ
3316 1763 3415 1831 τῆς
3448 1765 3727 1831 ἀναισχυνο

514 1853 971 1921 promptissimum
1030 1863 1189 1921 atque
1254 1854 1643 1909 avidissimum.
1701 1856 1810 1910 Nec
1865 1865 2070 1909 tantum

2182 1848 2297 1911 τίας
2349 1848 2442 1901 τοῦ
2475 1848 2543 1901 τὰ
2588 1849 2809 1904 τοιαῦτα
2839 1850 3141 1920 τολμῶντός
3170 1869 3226 1904 τε
3259 1853 3352 1905 καὶ
3385 1852 3592 1923 τολμᾷν
3621 1854 3728 1904 πεί-

514 1953 705 2014 captus
754 1954 859 2009 est,
893 1946 986 2000 sed
1032 1946 1152 2015 ejus
1184 1960 1400 2014 quoque
1436 1945 1747 2014 pudicitiam
1806 1948 2068 2002 tentabat.

513 2032 560 2087 0
589 2033 913 2098 singularem
944 2035 1223 2089 stultitiam
1246 2076 1261 2101 ,
1296 2035 1338 2089 si
1371 2036 1586 2104 quidem
1621 2035 1857 2090 futurum
1888 2051 2072 2105 spera-

514 2122 628 2183 bat,
660 2130 716 2174 ut
739 2136 857 2176 eam
909 2123 1200 2192 diriperet,
1231 2124 1313 2177 vel
1341 2124 1535 2193 potius,
1567 2141 1599 2179 ο
1627 2124 1896 2194 ingentem
1928 2127 2075 2181 illius

515 2211 937 2280 impudentiam,
991 2214 1081 2283 qui
1130 2229 1216 2269 res
1263 2214 1564 2282 hujusmodi
1612 2215 1863 2281 audebat,
1914 2227 2075 2285 atque

517 2302 584 2356 ad
629 2303 931 2358 audendum
958 2306 1298 2375 impellebat!
1340 2307 1432 2362 Ille
1464 2308 1623 2361 etiam
1662 2308 1714 2361 in
1765 2309 2075 2378 paradisum

514 2392 774 2446 adversus
818 2407 961 2459 eum,
996 2393 1087 2462 qui
1138 2394 1345 2463 primus
1393 2391 1595 2448 edictus
1643 2402 1758 2458 est,
1815 2394 1881 2447 ab
1919 2392 2077 2447 initio

516 2483 732 2551 irrepsit
757 2485 799 2515 ¹⁹
823 2503 840 2538 :
866 2494 919 2538 et
959 2484 1166 2539 medius
1200 2485 1340 2539 inter
1363 2484 1580 2554 angelos
1609 2492 1734 2549 stat,
1787 2483 1979 2538 Jobum
2010 2484 2077 2538 ad

514 2575 808 2629 cruciatum
862 2575 1157 2642 deposcens
1218 2575 1305 2628 ²⁶ι
1342 2589 1405 2627 ac
1453 2584 1725 2643 postremo
1793 2574 2077 2628 Dominum

520 2666 715 2733 ipsum,
775 2665 865 2734 qui
918 2680 1041 2718 eum
1087 2679 1445 2734 oppressurus
1477 2673 1532 2718 et
1577 2675 1750 2720 morte
1787 2664 2074 2719 alfecturus

462 2824 467 2829 ι
517 2766 658 2819 erat,
693 2753 894 2808 adoriri
925 2768 1029 2808 non
1064 2754 1294 2819 dubitat,
1326 2755 1501 2824 eique,
1524 2755 1614 2823 qui
1641 2754 1769 2809 nulli
1795 2755 2091 2817 tentationi;

518 2845 784 2900 obnoxius
834 2854 937 2908 est,
1005 2845 1357 2899 tentationem
1386 2840 1647 2899 admovet
1700 2846 1743 2877 “
1801 2846 2085 2917 (quoniam

2177 1937 2359 2002 θοντος
2386 1940 2398 1991 l
2443 1940 2676 2003 Ἐκεῖνος
2702 1942 2796 1994 καὶ
2825 1943 2904 2005 είς
2950 1943 3040 1994 τὸν
3074 1943 3395 2013 παράδεισον
3440 1946 3537 1997 ἀπ’
3568 1944 3727 2013 ἀρχῆς

2174 2030 2377 2099 παρέδυ
2407 2029 2517 2100 (79)
2545 2033 2686 2085 κατὰ
2715 2033 2807 2085 τοῦ
2836 2033 3052 2103 πρώτου
3080 2034 3425 2105 πλάσματος·
3459 2037 3554 2087 καὶ
3582 2036 3728 2103 μέσος

2171 2118 2415 2186 ἀγγέλων
2446 2119 2660 2173 ἵσταται
2690 2121 2779 2173 τὸν
2828 2121 2946 2173 Ἰὼϐ
2974 2121 3301 2191 ἐξαιτήσωνθ
3328 2124 3423 2177 καὶ
3466 2124 3529 2176 τὸ
3562 2125 3729 2175 τελευ-

2171 2215 2342 2275 ταῖον,
2376 2214 2493 2265 κατ’
2523 2213 2687 2267 αὐτοῦ
2718 2214 2890 2286 τολμᾷ
2928 2215 3021 2268 τοῦ
3052 2218 3353 2281 Δεσπότου,
3382 2217 3479 2269 τοῦ
3512 2218 3730 2270 καταλύ-

2174 2320 2356 2367 σοντος
2395 2303 2502 2373 (80)
2548 2306 2711 2358 αὑτὸν
2761 2307 2855 2359 καὶ
2908 2306 3307 2372 θανατώσοντος
3330 2348 3345 2372 ,
3376 2310 3498 2362 καὶ
3552 2311 3729 2378 πεῖραν

2174 2393 2434 2463 προσάγει
2461 2392 2538 2464 τῷ
2558 2395 2869 2465 ἀπειράστῳ
2898 2396 3107 2467 (ἐπειδὴ
3146 2396 3393 2467 δεύτερον
3436 2396 3613 2466 Ἀδάμ.
3637 2393 3727 2449 εἶδε

2174 2484 2269 2537 τοῦ
2316 2483 2451 2538 Θεοῦ
2502 2486 2563 2538 τὸ
2590 2486 2976 2557 ’φαινόμενον),
3008 2487 3084 2549 ὼς
3136 2488 3228 2541 καὶ
3265 2488 3453 2541 τοῦτον
3504 2506 3733 2541 καταπα-

2172 2573 2391 2629 λαίσων.
2429 2576 2637 2644 Ἦγνόει
2662 2576 2790 2649 γάρ,
2815 2578 2894 2630 ὃτι
2918 2581 3292 2648 περιπεσεῖται
3318 2578 3557 2647 θεότητι,
3582 2595 3733 2645 προσ·

2175 2665 2394 2736 δραμὼν
2434 2666 2829 2736 ἀνθρωπότητι.
2864 2667 2927 2719 Τί
2957 2664 3048 2719 οῦν
3079 2667 3417 2737 θαυμαστὸν,
3460 2670 3510 2719 εί
3542 2669 3632 2719 καὶ
3657 2666 3735 2719 διὰ

2184 2754 2502 2826 Κυπριανοῦ
2530 2757 2781 2827 πειρᾶται
2824 2755 2923 2826 τῆς
2954 2755 3114 2824 ἁγίας
3147 2756 3258 2826 (Si)
3286 2756 3488 2825 ψυχῆς,
3528 2756 3624 2807 καὶ
3650 2754 3732 2807 τοῦ

2180 2846 2455 2915 ἀνεπάφου
2485 2845 2733 2918 σώματος
2750 2863 2765 2912 ;

521 2935 769 2999 alterum,
801 2935 853 2989 in
883 2946 1103 2990 externa
1136 2936 1225 2991 Dei
1262 2936 1419 3001 facie,
1485 2934 1661 3006 443
1728 2934 1989 2989 Adamum
2055 2936 2328 3007 videbat“),
2368 2937 2517 3007 quasi
2583 2937 2754 3007 ipsum
2796 2952 3008 3007 quoque
3044 2946 3411 3009 superaturus.
3468 2937 3735 2992 Nesciebat

519 3029 660 3082 enim
692 3028 809 3083 fore
850 3037 909 3082 ut
946 3030 1332 3084 humanitatem
1372 3044 1695 3099 aggressus,
1745 3029 1799 3082 in
1853 3028 2178 3082 divinitatem
2214 3030 2492 3084 incideret.
2515 3028 2651 3095 Quid
2713 3030 2872 3100 igitur
2903 3031 3117 3096 mirum,
3147 3030 3191 3085 si
3256 3029 3371 3097 ipse
3430 3030 3597 3083 etiam
3654 3043 3737 3097 per

520 3118 842 3190 Cyprianum
876 3130 1115 3173 sanctam
1142 3121 1401 3183 animam,
1425 3120 1862 3188 atqueintactum
1888 3132 2078 3186 corpus
2117 3118 2457 3187 aggreditur?

601 3207 668 3263 Χ.
712 3208 976 3263 Caeterum
1035 3208 1148 3275 ipse
1195 3207 1406 3275 quidem
1461 3223 1581 3262 eam
1631 3206 1978 3268 sollicitabat,
2010 3221 2076 3260 ac

2254 3209 2307 3259 I'.
2339 3206 2482 3278 Πλὴν
2512 3208 2540 3259 ὁ
2587 3208 2686 3278 μὲν
2717 3208 2909 3279 ἐπείρα
2930 3249 2945 3271 ,
2972 3208 3065 3261 κα).
3094 3207 3403 3279 προαγωγῷ
3430 3208 3652 3278 χρῆται,
3680 3208 3735 3259 ού

521 3315 618 3370 pro
648 3299 858 3362 lenone,
907 3314 1011 3352 non
1058 3297 1233 3352 vetula
1273 3297 1501 3365 quadam
1537 3297 1849 3351 muliercula
1882 3297 1947 3349 ad
1981 3297 2078 3373 hu-

519 3389 751 3457 jusmodi
779 3404 865 3444 res
900 3389 1112 3453 idonea,
1141 3388 1234 3451 sed
1258 3391 1498 3443 daemone
1516 3388 1772 3456 quodam,
1792 3402 2078 3456 corporum

522 3496 589 3535 ac
621 3478 908 3549 voluptatis
935 3489 1171 3540 amante,
1226 3479 1415 3532 utitur.
1447 3476 1693 3531 Rebelles
1725 3476 1989 3544 siquidem
2028 3485 2083 3530 et

524 3571 718 3627 invidae
749 3578 1041 3640 potestates
1064 3572 1129 3625 ad
1148 3569 1394 3623 obeunda
1423 3566 1577 3633 hujus
1604 3568 1815 3637 generis
1846 3568 2082 3621 ministe-

526 3663 606 3716 ria
632 3661 835 3716 celeres
868 3674 988 3716 esse
1021 3661 1213 3723 solent,
1248 3659 1442 3713 multos
1483 3658 1736 3712 nimirum
1777 3656 1943 3709 ruinae
1975 3669 2085 3709 suae

524 3753 698 3808 socios
754 3762 1071 3821 quaerentes.
1129 3751 1296 3821 Hujus
1349 3764 1510 3819 porro
1554 3746 1804 3802 lenocinii
1857 3760 2083 3811 merces,

524 3843 760 3899 victima:
804 3852 857 3899 et
886 3844 1143 3898 libamina
1173 3849 1349 3902 erant.
1382 3839 1713 3907 aliinilasque
1736 3853 1821 3904 ea,
1854 3851 1970 3906 quae
1992 3851 2087 3905 per

528 3935 842 4005 sanguinem
891 3943 948 3989 et
998 3933 1385 3988 sacriﬁciorum
1420 3931 1664 3985 nidorem
1710 3944 1829 3984 cum
1857 3942 1921 3982 eo
1953 3942 2088 3981 cou-

530 4026 783 4079 trahitur.
823 4023 1003 4078 Talem
1052 4024 1193 4077 enim
1226 4023 1293 4077 iis
1342 4021 1643 4076 mercedem
1689 4020 1845 4087 pendi
1874 4028 2085 4088 oporte-

531 4117 647 4182 bat,
678 4115 768 4184 qui
793 4113 1097 4181 hujusmodi
1130 4112 1388 4168 beneﬁcia
1418 4111 1795 4167 contulissent.
1820 4110 1886 4162 At
1914 4108 2086 4177 puella

530 4206 692 4261 simul
723 4216 885 4273 atque
924 4206 1119 4258 malum
1145 4203 1430 4270 persensit,
1461 4210 1515 4256 et
1552 4200 1781 4256 insidias
1830 4199 2089 4253 intellexit

533 4299 715 4364 (pura:
768 4296 967 4350 etenim
1025 4309 1090 4349 ac
1128 4294 1323 4348 divinae
1374 4295 1568 4347 anima:
1622 4292 1819 4346 diaboli
1872 4292 2087 4345 techna‘s

532 4387 815 4442 celerrime
852 4384 1291 4454 deprehendunt,
1328 4383 1621 4454 quamlibet
1666 4380 2088 4450 alioqui,versi-

2186 3298 2389 3367 γυναίῳ
2432 3299 2538 3351 τινὶ
2587 3298 2799 3368 παλαιῷ
2846 3298 2953 3352 τῶν
2998 3299 3133 3369 πρὸς
3181 3298 3353 3351 ταῦτα
3407 3298 3735 3367 ἐπιτηδείων,

2187 3388 2322 3441 ἀλλὰ
2368 3389 2633 3459 δαιμόνων
2672 3391 2779 3441 τιν).
2820 3390 2928 3443 τῶν
2977 3390 3366 3459 φιλοσωμάτων
3409 3392 3505 3443 καὶ
3538 3389 3737 3458 φιληδό-

2185 3494 2289 3529 νων
2309 3494 2323 3509 ’
2352 3478 2536 3550 ἐπειδὴ
2567 3483 2776 3549 ταχεῖαι
2813 3481 2949 3550 πρὸς
2975 3480 3072 3551 τὴν
3110 3480 3218 3533 τῶν
3250 3480 3509 3534 τοιούτων
3542 3482 3737 3550 ὑπηρε-

2188 3569 2306 3622 σίαν
2335 3571 2390 3622 αἱ
2430 3571 2784 3623 ἁποστατικαὶ
2813 3571 3073 3642 δυνάμεις
3098 3574 3191 3625 καὶ
3217 3572 3495 3647 φθονεραὶ,
3525 3572 3737 3633 πολλοὺς

2187 3661 2475 3722 κοινωνοὺς
2506 3660 2761 3730 ζητοῦσαι
2788 3661 2881 3714 τοῦ
2908 3660 3215 3731 πτώματος.
3246 3663 3355 3715 Καὶ
3380 3665 3407 3714 ὁ
3436 3663 3629 3733 μισθὸς
3652 3662 3738 3731 τῆς

2188 3750 2565 3820 προαγωγίας,
2610 3750 2791 3805 θυσίαι
2822 3770 2880 3805 τε
2921 3752 3016 3806 καὶ
3056 3753 3165 3820 (82)
3198 3753 3438 3817 σπονδαὶ,
3490 3754 3583 3805 καὶ
3614 3756 3646 3823 ή
3680 3752 3738 3804 δι’

2188 3839 2437 3910 αἱμάτων
2470 3842 2560 3894 καὶ
2604 3843 2826 3912 κνίσσης
2863 3844 3163 3907 οἰκείωσιςο
3201 3843 3473 3907 τοιούτους
3512 3843 3619 3915 γὰρ
3645 3844 3739 3896 ἔδει

2191 3930 2415 4000 μισθοὺς
2452 3926 2593 3984 εἶναι
2624 3934 2734 3995 τοῖς
2776 3934 2845 3985 τὰ
2882 3934 3101 3986 τοιαῦτα
3130 3934 3528 4003 χαριζομένοις.
3586 3934 3647 3986 Ἦ
3686 3934 3737 3984 δὲ

2188 4020 2263 4084 ὡς
2293 4020 2486 4091 ᾔσθετο
2509 4020 2603 4074 τοῦ
2637 4021 2829 4087 κακοῦ,
2860 4024 2953 4076 καὶ
2980 4023 3074 4095 τὴν
3114 4010 3409 4095 ἐπιϐούλἧῦ
3424 4018 3581 4089 ⁷ἔγνω
3624 4025 3737 4093 (τα-

2192 4113 2416 4183 χύτεραι
2450 4112 2556 4182 γὰρ
2595 4114 2649 4166 αἱ
2684 4112 2917 4183 καθαραὶ
2961 4114 3128 4182 ψυχαὶ
3173 4115 3266 4167 καὶ
3319 4114 3571 4177 θεοειδεῖς
3617 4114 3737 4182 7:96,;

2191 4203 2360 4274 θήραν
2398 4200 2492 4254 τοῦ
2519 4203 2893 4274 ἐνεργοῦντος,
2924 4204 3025 4256 κᾶν
3056 4205 3136 4256 ὃτι
3183 4205 3414 4274 μάλιστα
3442 4203 3738 4271 mammae;

2188 4289 2223 4364 ᾗ
2261 4292 2354 4345 καὶ
2396 4291 2634 4354 ποικίλος
2676 4291 2773 4362 τὴν
2818 4292 3219 4362 ἐπιχείρησιν),
3263 4292 3314 4344 τί
3352 4295 3514 4357 ποιεῖ,
3562 4292 3657 4345 καὶ
3694 4290 3740 4341 τί

2189 4384 2562 4452 ἀντιτεχνᾶται
2608 4382 2684 4452 τῷ
2731 4383 3043 4454 δημιουργῷ
3096 4384 3191 4453 τῆς
3244 4384 3474 4448 κακίας;
3525 4385 3741 4436 Πάντων

533 4475 686 4546 pellis
736 4476 825 4530 ille
875 4476 969 4541 sit,
1022 4485 1181 4543 atque
1228 4474 1282 4528 in
1324 4472 1604 4528 conatibus
1640 4471 1751 4526 suis
1797 4472 1979 4523 varius
2027 4483 2076 4522 at

2191 4471 2500 4540 ἀπογνοῦσα
2543 4472 2649 4525 τῶν
2699 4472 2890 4538 ἄλλων,
2931 4473 3024 4525 ἐπὶ
3068 4474 3160 4526 τὸν
3208 4473 3338 4527 Θεὸν
3387 4474 3740 4541 καταφεύγει,

535 4542 864 4637 multiplex),
893 4565 1021 4634 quid
1056 4542 1202 4629 facit,
1237 4573 1292 4619 et
1322 4565 1447 4632 quid
1474 4564 1734 4617 adversus
1767 4560 1882 4614 vitii
1931 4559 2076 4627 opili-

2194 4565 2286 4617 καὶ
2312 4562 2616 4635 προστάτην
2643 4566 2871 4617 ποιεῖται
2901 4564 3042 4617 κατὰ
3065 4563 3158 4617 τοῦ
3189 4565 3417 4634 μισητοῦ
3447 4566 3619 4618 πόθου
3643 4565 3741 4633 (83)

534 4674 650 4714 cem
676 4660 931 4715 molitur?
957 4658 1259 4727 Desperatis
1287 4656 1533 4711 omnibus
1564 4654 1685 4708 aliis
1718 4651 1989 4713 remediis,
2021 4651 2089 4704 ad

537 4751 703 4807 Deum
730 4751 987 4821 confugit,
1039 4760 1198 4817 atque
1229 4749 1484 4802 adversus
1525 4743 1893 4801 detestabilem
1933 4757 2086 4797 amo-

540 4859 650 4899 rem
679 4858 935 4913 sponsum
965 4857 1119 4896 suum
1151 4848 1435 4911 patronum
1470 4853 1533 4893 ac
1569 4837 1899 4893 defensorem
1934 4852 2088 4893 assu-

608 4997 651 5028 "
672 4994 817 5052 Psal.
847 5010 994 5060 κων,
1033 4993 1121 5048 ﬂ.
1200 4994 1242 5025 ³⁸
1271 4992 1425 5048 Cant.
1460 5007 1531 5057 ιν,
1563 4992 1646 5047 l2.
1723 4993 1766 5023 ιθ
1798 4990 1930 5047 Gen.
1972 5006 2051 5057 ιιι,

2227 4992 2270 5023 ¹⁰
2293 4990 2390 5047 Job
2423 5008 2462 5058 ι,
2503 4990 2536 5045 6
2564 5007 2683 5063 sqq.

637 5312 725 5383 77)
759 5314 1041 5383 Κοσμίας.
1077 5314 1210 5381 Reg.
1248 5316 1301 5378 d,
1326 5312 1545 5383 ταμίας.

631 5243 722 5314 76)
751 5246 816 5297 Τε
832 5244 930 5296 καὶ
958 5241 1421 5312 φιλοσώςρρονες.
1455 5240 1579 5296 Haec
1610 5241 1869 5299 desuntin
1890 5242 2025 5307 Rea.
2045 5243 2096 5296 d.

637 5316 725 5383 77)
759 5314 1041 5381 Κοσμίας.
1077 5314 1210 5381 Reg.
1248 5316 1301 5378 d,
1326 5312 1545 5383 ταμίας.

610 5246 726 5456 ἓἹὸ)
792 5382 1107 5452 Ὀργάνων.
1168 5384 1299 5452 Reg.
1352 5397 1417 5447 c,
1463 5381 1573 5435 τῶν
1633 5382 1896 5453 ὀργάνων.
1956 5382 2096 5449 Par.,

638 5381 726 5453 78)
792 5382 1107 5452 Ὀργάνων.
1168 5384 1299 5452 Reg.
1352 5381 1417 5447 c,
1463 5381 1573 5435 τῶν
1633 5382 1896 5453 ὀργάνων.
1956 5382 2102 5449 Par.,

543 5454 789 5524 ὄργανον.

624 5520 728 5577 ⁷79)
760 5521 1010 5588 Παρέδυ.
1040 5521 1172 5590 Reg.
1195 5536 1244 5587 c,
1278 5520 1474 5575 εἰσέδυ.

617 5526 732 5661 i803
763 5592 872 5661 Τοῦ
895 5593 1365 5660 καταλύσοντος.
1412 5591 1465 5648 Si

643 5577 732 5661 80)
763 5577 872 5664 Ίρῧ
895 5577 1365 5664 καταλύσοῆτος.
1412 5591 1502 5649 Sic
1538 5590 1663 5664 Reg.
1699 5594 1810 5660 bm,
1838 5600 1891 5648 et
1922 5590 2013 5648 0r.
2050 5591 2101 5651 L

550 5660 709 5719 Deest
727 5660 820 5713 τοῦ
838 5661 889 5716 in
906 5662 1037 5722 edit.

2194 4657 2285 4709 τὸν
2312 4657 2508 4726 ἑαυτῆς
2536 4656 2785 4726 νυμφίον,
2815 4656 2875 4718 ὃς
2906 4657 2999 4709 καὶ
3026 4657 3310 4709 Σωσάνναν
3337 4659 3629 4727 ἐρρύσατο,
3661 4658 3742 4707 καὶ

2196 4743 2403 4796 Θέκλαν
2444 4744 2729 4797 διέσωσεν
2774 4746 2873 4813 τὴν
2923 4748 3020 4816 μὲν
3061 4747 3168 4799 ἀπὸ
3208 4750 3419 4818 πικρῶν
3454 4748 3741 4816 πρεσὸυτέ-

2202 4853 2307 4905 ρων
2356 4836 2485 4907 (84),
2519 4836 2616 4907 τὴν
2649 4836 2703 4889 δὲ
2734 4837 2839 4890 ἀπὸ
2872 4838 3134 4909 τυράννου
3176 4840 3501 4910 μνηστῆρος,
3535 4840 3637 4893 καὶ
3664 4856 3745 4891 tuo

2765 4995 2808 5026 ἰ
2842 4992 3028 5048 Matth.
3065 5009 3139 5058 ιν,
3194 4993 3219 5046 1
3256 5008 3378 5064 sqq.

2291 5240 2378 5309 8|)
2424 5240 2642 5307 Ἀτίας.
2665 5240 2796 5311 Reg.
2828 5255 2858 5295 c
2886 5240 3053 5311 addit,
3068 5239 3299 5311 ἐκείνης.

2292 5306 2380 5375 82⁷)
2419 5306 2629 5364 suam;
2659 5328 2721 5363 τε
2749 5306 2871 5375 kal,
2889 5317 2992 5363 etc.
3025 5309 3192 5379 Regg.
3217 5306 3267 5375 a,
3297 5308 3352 5371 d,
3385 5306 3568 5362 θυσίαι
3591 5326 3741 5361 σπονο

2197 5379 2374 5460 δαληδς
2407 5379 2653 5460 αἱμάτων
2683 5382 2776 5433 καὶ
2801 5380 3068 5460 avios-:19.
3094 5398 3113 5430 ι
3133 5395 3244 5460 qua
3270 5379 3647 5445 cruoribus,et
3670 5394 3745 5433 sec

2197 5451 2519 5530 mitigari-im
2558 5451 2852 5530 nidorenlit
2879 5450 3205 5530 conciliatio.
3240 5468 3259 5501 ι

2270 5518 2379 5641 (85)
2397 5520 2611 5572 Πόθου.
2635 5518 2723 5573 Sic
2749 5519 2913 5589 Regg.
2932 5534 2983 5585 a,
3015 5534 3063 5585 c,
3091 5520 3141 5583 d,
3174 5519 3285 5585 bm,
3309 5520 3399 5590 ph,
3430 5518 3565 5580 Jes.,
3594 5518 3740 5572 Com-

2199 5591 2263 5642 be
2291 5626 2328 5642 ..
2358 5600 2463 5641 etc.
2504 5586 2559 5641 In
2583 5588 2690 5642 ed..
2717 5588 2897 5641 πόθον.

2583 5628 3258 5728 ἔῆἓρὸἓρεσϐυτέρῄν.
3283 5658 3399 5715 Bill.
3425 5676 3449 5713 ι
3468 5677 3489 5711 ι
3526 5674 3558 5713 a
3599 5656 3745 5715 satis
