3914 6404
265 311 392 367 illi!

1100 312 1353 368 ORATIO
1390 313 1574 368 XXIV.
1615 343 1681 354 —
1721 314 1787 370 IN
1829 316 2110 374 LAUDEM-
2148 318 2206 376 S.
2245 318 2590 374 CYPRIANI.

3333 326 3475 384 “82‘

263 423 667 500 ραννικωτέρας
720 424 923 494 μητρός
969 423 1098 496 (85).
1141 425 1273 478 Τίνα
1309 425 1530 491 τοῦτον;
1564 427 1814 498 Χριστὸν,

1921 431 2035 493 mit,
2064 431 2154 501 qui
2187 439 2243 486 et
2269 430 2570 486 Susannam
2606 433 2792 488 mortis
2822 434 3072 502 perieulo-
3098 435 3374 511 liberavit,
3409 455 3470 502 et

257 519 320 580 ὃς
355 519 448 571 καὶ
479 515 778 586 πνεύμασιν
811 515 1065 585 ἐπιτιμᾷ,
1099 516 1193 568 καὶ
1223 515 1462 584 κουφίζει
1497 516 1819 588 βαπτιζομέ-

262 625 408 670 νους,
443 607 534 660 καὶ
565 600 782 668 πεζεύει
811 603 1044 672 πέλαγος
1063 645 1076 669 ,
1112 604 1204 657 καὶ
1234 603 1470 673 λεγεῶνα
1496 606 1817 677 πνευμάτων

258 698 338 770 τῷ
370 697 515 769 βυθῷ
542 696 721 749 δίδωσι
742 712 756 726 ο
798 693 892 747 κα)¹
930 692 1113 763 ῥύεται
1144 693 1242 764 μὲν
1274 696 1339 747 ὲκ
1384 695 1583 748 λάκκου
1613 695 1816 749 δίκαιον

256 791 438 843 λέουσι
475 786 800 858 προτεθέντα
835 785 1032 858 βορὰν,
1067 786 1160 838 καὶ
1189 786 1385 857 χειρῶν
1433 786 1652 839 ἐκτάσει
1703 786 1811 856 (86)

255 881 383 943 τοὺς
421 879 590 950 θῆρας
628 878 950 947 νικήσαντα·
982 875 1168 948 ῥύεται
1202 875 1257 928 δὲ
1291 876 1391 929 ὑπὸ
1420 879 1615 946 κήτους
1643 893 1810 930 καται-

257 972 488 1024 ποθέντα
520 969 730 1038 φυγάδα
754 971 1058 1040 προφήτην,
1094 969 1194 1021 κάν
1223 971 1333 1031 τοῖς
1363 968 1684 1039 σπλάγχνοις
1710 969 1808 1039 τὴν

252 1065 439 1117 πίστιν
477 1061 908 1130 διασωσὰμενον·
951 1057 1110 1122 σώζει
1142 1058 1198 1110 δὲ
1248 1058 1556 1130 Ἀσσυρίους
1609 1059 1716 1129 (87)
1749 1061 1806 1111 ὲν

253 1153 414 1224 φλογὶ
464 1151 690 1214 παῖδας,
737 1150 950 1219 ἀγγέλῳ
979 1148 1076 1220 τὴν
1126 1147 1303 1218 πυρὰν
1335 1147 1646 1217 καταψύξεις
1666 1187 1682 1214 ,
1716 1147 1808 1202 καὶ

248 1244 364 1305 τοῖς
389 1241 531 1312 τρισὶ
557 1238 900 1312 παραζεύξας
926 1238 1018 1290 τὸν
1045 1237 1322 1308 τέταρτον.

1916 520 2166 574 Theclam
2195 522 2472 587 servavit;
2502 520 2646 575 illam
2697 537 2726 576 a
2773 524 2929 578 stevis
2973 526 3292 594 senioribus,
3329 531 3475 588 hanc-

1915 625 1944 664 a
1982 620 2207 680 tyranno
2239 614 2402 681 ipsius
2456 628 2638 682 proco,
2691 621 2748 669 et
2790 631 2818 668 a
2863 626 3036 673 matre
3068 619 3238 674 adhuc
3269 622 3464 678 crude-

1913 701 2056 758 liori.
2086 702 2254 767 Quem
2286 703 2497 758 tandem
2529 705 2672 760 hunc
2702 720 2954 776 sponsum
2974 709 3002 762 ?.-
3036 709 3335 778 Christum,
3371 714 3464 784 qui

1911 799 1968 846 et
1998 790 2218 858 spiritus
2248 791 2506 861 increpat,
2539 803 2592 848 et
2617 808 2732 859 eos,
2779 796 2868 865 qui
2911 807 3242 868 merguntur,
3276 802 3460 858 suble-

1912 886 2004 932 vat
2033 881 2100 944 “,
2146 889 2202 934 et
2239 881 2462 950 pedibus
2505 897 2652 938 mare
2690 896 2937 955 peragrat
2967 887 3045 955 ⁸³,
3089 896 3148 943 et
3180 891 3470 960 spirituum

1912 967 2174 1039 legionem
2203 970 2255 1024 in
2288 971 2609 1041 profundum
2649 975 2814 1029 mittit
2848 976 2914 1043 “,
2959 977 3157 1047 quique
3182 989 3237 1034 et
3265 981 3472 1050 justum

1915 1061 2090 1116 virum
2119 1077 2150 1117 e
2175 1061 2295 1117 lacu
2325 1064 2507 1134 eripit,
2545 1064 2786 1122 leonibus
2819 1067 2871 1122 in
2903 1083 3082 1124 escam
3098 1071 3362 1141 objectum
3391 1073 3465 1138 ’⁵,

1915 1166 1979 1207 ac
2031 1166 2126 1221 per
2167 1167 2420 1208 manuum
2473 1158 2838 1212 extensionem
2890 1159 3166 1216 victoriam
3223 1163 3288 1217 de
3334 1163 3467 1220 feris

1915 1250 2259 1297 consecutura
2288 1281 2304 1308 ,
2337 1255 2391 1299 et
2422 1245 2702 1317 fugitivum
2750 1251 3062 1320 prophetam
3101 1269 3130 1307 a
3166 1263 3286 1310 ceto
3311 1269 3465 1309 vora-

250 1344 390 1399 tuin,
432 1333 483 1386 in
519 1331 756 1401 ipsisque
829 1331 1125 1385 visceribus
1190 1330 1348 1386 {idem
1409 1329 1672 1400 integram
1738 1341 2058 1398 servantem,
2088 1333 2281 1390 liberat
2306 1337 2371 1401 ³⁸,
2400 1346 2455 1390 et
2486 1337 2540 1391 in
2571 1339 2789 1410 Assyria
2831 1357 3024 1411 pueros
3052 1344 3192 1400 inter
3215 1346 3468 1405 ﬂammas

248 1422 552 1479 incolumes
604 1429 803 1485 servat,
869 1420 1078 1473 llainma
1126 1419 1374 1474 nimirum
1425 1435 1520 1489 per
1557 1421 1802 1490 angelum
1841 1422 2174 1492 refrigerata,
2215 1440 2278 1480 ac
2311 1435 2502 1494 quarto
2543 1427 2710 1484 tribus
2738 1431 2850 1486 illis.
2873 1435 3122 1500 adjuncto
3147 1437 3212 1493 ".

322 1515 426 1567 lA'.
459 1511 644 1566 Ταῦτα
681 1512 774 1564 καὶ
802 1509 971 1562 πλείω
1017 1509 1220 1562 τούτων
1254 1511 1676 1581 ὲπιφημίζουσα,
1717 1511 1811 1565 καὶ

244 1604 348 1676 τὴν
411 1603 685 1674 Παρθένον
738 1602 955 1672 Μαρίαν
1009 1599 1120 1670 (88)
1174 1600 1486 1654 ἱκετεύουσα
1548 1600 1809 1673 βοηθῆσαι

247 1695 505 1768 παρθένῳ
535 1693 944 1766 κινδυνευούσῃ,
976 1693 1036 1746 τὸ
1062 1695 1160 1765 τῆς
1188 1695 1439 1765 νηστείας
1478 1695 1572 1748 καὶ
1602 1712 1807 1764 χαμευ-

244 1789 370 1852 νίας
415 1785 774 1858 προϐάλλεται
826 1785 1144 1856 φάρμακονο
1188 1782 1322 1854 ὁμοῦ
1370 1784 1468 1854 μὲν
1502 1785 1564 1837 τὸ
1611 1783 1806 1847 κάλλος

1978 1511 2072 1568 XI.
2111 1513 2255 1579 Haec,
2282 1524 2445 1584 atque
2480 1515 2564 1571 his
2606 1518 2757 1586 plura
2807 1536 3253 1590 commemorans,
3289 1525 3464 1599 Virgi-

1906 1618 2139 1673 nemque
2167 1604 2385 1661 Mariam
2414 1609 2637 1678 supplex
2679 1613 2990 1679 obsecrans,
3037 1625 3098 1670 ut.
3133 1620 3462 1686 periclitanti

1905 1693 2106 1762 virgini
2133 1709 2286 1762 opem
2310 1686 2498 1762 fe'rret,
2525 1697 2714 1766 jejunii
2743 1709 2799 1755 et
2820 1703 3149 1760 chameuniaz
3168 1708 3460 1775 pbarmaco

1903 1797 2023 1838 sese
2053 1787 2391 1854 communit;
2424 1796 2534 1842 tum
2566 1790 2806 1858 quidem,
2831 1805 2888 1846 ut
2910 1793 3094 1850 formae
3125 1807 3469 1854 venustatem.

248 1881 585 1953 μαραίνουσα
625 1879 699 1942 ὡς
729 1877 1040 1942 ἐπίϐουλον,
1070 1879 1138 1930 ἵν’
1167 1878 1453 1947 ὑποσπάσῃ
1480 1876 1580 1946 τῆς
1610 1875 1804 1945 φλογὸς

1908 1885 2158 1946 tanquam
2212 1878 2527 1934 insidiosam
2586 1881 2938 1948 obscuraret,
3000 1886 3186 1955 sicque
3230 1887 3459 1946 ﬂamma:

240 1973 345 2043 τὴν
389 1970 538 2042 ῦλην,
582 1970 675 2023 κα)⁸
705 1969 988 2040 δαπανήσῃ
1017 1968 1078 2021 τὸ
1103 1969 1206 2020 τῶν
1238 1966 1424 2020 παθῶν
1453 1967 1798 2037 ὑπέκκαυμα·

241 2061 384 2133 ὁμοῦ
405 2061 460 2115 δὲ
492 2061 582 2114 τὸν
609 2059 738 2114 Θεὸν
766 2060 1048 2130 ἱλεουμένη
1076 2057 1167 2112 διὰ
1189 2057 1290 2124 τῆς
1318 2058 1549 2120 πίστεως
1578 2057 1670 2110 καὶ
1691 2056 1800 2127 (89)

240 2152 336 2207 διὰ
364 2152 463 2222 τῆς
493 2150 870 2215 ταπεινώσεως
889 2168 904 2181 ι
926 2151 1100 2203 οὐδενὶ
1124 2150 1232 2220 γὰρ
1263 2148 1406 2202 οὑτω
1431 2149 1538 2203 τῶν
1563 2149 1796 2214 πάντων,

239 2244 322 2307 ὡς
357 2243 713 2315 κακοπαθείᾳ,
748 2241 1104 2314 θεραπεύεται
1133 2241 1265 2304 Θεὸς
1291 2241 1423 2312 (90),
1457 2242 1551 2295 κα)⁸
1573 2241 1801 2313 δάκρυσι

241 2335 306 2388 τὸ
352 2335 729 2405 φιλάνθρωπον
777 2333 1118 2388 ἁντιδίδοται.
1157 2332 1378 2386 Ποθεῖτε
1417 2332 1484 2386 τὰ
1526 2334 1670 2403 ἑξῆς,
1704 2329 1801 2386 οἷδ’

238 2425 346 2489 ὅτι,
385 2424 478 2478 τοῦ
519 2411 872 2496 διηγήματος.
918 2424 1210 2492 Ἀγωνιᾶτε
1235 2422 1342 2495 γὰρ
1372 2423 1511 2493 ὑπὲρ
1533 2423 1634 2492 τῆς
1663 2440 1803 2495 παρ-

239 2515 419 2578 θένου,
455 2514 548 2568 καὶ
577 2515 671 2567 τοῦ
711 2512 941 2586 ἐραστοῦ
978 2514 1034 2566 δὲ
1060 2512 1159 2584 οὑχ
1189 2506 1382 2584 ἦττον,
1410 2511 1483 2583 μὴ
1518 2512 1597 2573 είς
1635 2512 1802 2566 κακὸν

233 2606 570 2677 ἀμφοτέροις
596 2609 624 2660 6
647 2605 807 2668 πόθος
833 2603 1038 2676 ἔληξεν.
1082 2604 1242 2658 Ἀλλά
1266 2604 1534 2676 θαρσεῖτε.
1561 2603 1802 2666 Πίστεως

235 2697 351 2769 γὰρ
387 2700 415 2751 6
443 2697 603 2760 πόθος
643 2697 898 2771 πρρξενος
929 2697 1162 2766 γίνεταιο
1196 2697 1290 2749 καὶ
1328 2695 1592 2770 παρθένον
1625 2694 1802 2767 ἐαυτῷ

242 2789 561 2862 μνηστεύων
601 2791 628 2844 6
678 2789 944 2861 ἐραστὴς,
979 2789 1084 2843 ὑπὸ
1124 2787 1361 2860 Χριστοῦ
1413 2787 1795 2859 μνηστεύεται·

235 2884 337 2939 καὶ
365 2884 399 2953 ἡ
447 2883 544 2953 μὲν
581 2881 686 2935 τῶν
712 2882 890 2935 πόθων
920 2881 1028 2952 (91)
1062 2881 1191 2950 φλὸξ
1228 2879 1637 2941 ἀποσϐέννυται,
1669 2881 1702 2950 ἡ
1742 2879 1799 2932 δὲ

232 2975 338 3044 τῆς
371 2973 624 3044 ἀληθείας
647 2973 964 3026 ἀνάπτεται.
995 2973 1120 3035 Πῶς
1149 2972 1242 3026 καὶ
1269 2971 1385 3024 τίνα
1413 2972 1642 3042 τρόπον;
1682 2971 1798 3024 Ἐν-

233 3061 415 3116 ταῦθά
449 3079 537 3133 μοι
565 3061 624 3115 τὸ
660 3060 752 3114 τοῦ
793 3061 903 3131 (9‘2)
943 3060 1276 3132 διηγήματος
1314 3059 1547 3131 ἥδιστον.
1582 3061 1728 3131 Νικᾷ
1765 3063 1798 3132 ἡ

233 3153 528 3225 παρθένος,
561 3155 778 3206 νικᾶται
807 3153 834 3205 6
864 3151 1090 3222 δαίμων.
1141 3151 1199 3204 '0
1229 3150 1527 3222 πειραστὴς
1556 3151 1800 3222 πρόσεισι

1904 1970 2184 2023 materiam
2238 1971 2606 2037 subtraheret,
2646 1987 2711 2028 ac
2762 1973 2964 2030 libidini
3013 1976 3251 2032 fomitem
3293 1980 3468 2054 444,

1901 2059 2247 2126 absumeret;
2285 2070 2394 2115 tum
2437 2077 2568 2118 vero
2601 2072 2659 2118 ut
2688 2078 2784 2134 per
2820 2067 2976 2120 [idem
3009 2077 3063 2122 et
3100 2070 3456 2126 humilitatem

1899 2149 2190 2219 propitium
2226 2151 2328 2205 sibi
2364 2152 2528 2206 Deum
2573 2153 2839 2209 redderet.
2889 2153 3074 2224 Neque
3121 2158 3263 2211 enim
3319 2157 3469 2212 Deus

1903 2241 2013 2296 ulla
2054 2257 2114 2298 re
2148 2242 2392 2312 perinde,
2418 2255 2578 2312 atque
2613 2245 2909 2301 voluntaria
2958 2249 3200 2316 corporis
3233 2249 3468 2303 amicta-

1901 2330 2070 2398 tione,
2097 2331 2437 2397 conciliatur,
2485 2331 2843 2404 lacrymisque
2893 2333 3261 2389 misericordia
3303 2335 3468 2390 vicis-

1899 2421 2000 2477 sim
2037 2423 2256 2492 rependi
2285 2423 2442 2478 solet.
2491 2423 2611 2479 Non
2637 2433 2725 2480 est
2765 2425 2905 2494 apud
2936 2440 3021 2480 me
3062 2425 3307 2492 dubium,
3332 2425 3470 2495 quin

1899 2511 2157 2581 reliquam
2185 2511 2346 2582 hujus
2383 2513 2621 2569 historiae
2654 2523 2856 2585 partem
2904 2516 3059 2570 avide
3109 2517 3467 2585 exspectetis.

1901 2601 2206 2673 Trepidatis
2241 2618 2493 2671 namque,
2525 2611 2580 2658 et
2634 2604 2785 2658 anxii
2817 2606 2946 2660 estis
2983 2620 3079 2675 pro
3109 2606 3337 2674 virgine,
3359 2621 3468 2660 nec

1900 2694 2082 2749 minus
2114 2709 2214 2763 pro
2260 2693 2430 2763 ipsius
2455 2702 2694 2757 amante,
2728 2708 2794 2748 ne
2832 2695 3068 2764 utrisque
3106 2698 3302 2748 malum
3335 2705 3458 2749 tan-

1899 2786 2020 2844 dem
2053 2795 2109 2844 et
2140 2785 2413 2840 funestum
2449 2787 2606 2839 tinem
2644 2786 2730 2840 hic
2757 2801 2908 2841 amor
2942 2787 3207 2841 habuerit.
3259 2787 3465 2842 Verum.

1901 2880 2044 2934 bono
2075 2881 2256 2934 animo
2287 2886 2478 2935 estote.
2526 2878 2713 2932 Fidem
2750 2878 2892 2932 enim
2944 2877 3032 2932 hic
3081 2893 3234 2932 amor
3279 2879 3463 2933 conci-

1909 2971 2008 3026 liat
2044 2991 2058 3028 :
2089 2987 2153 3027 ae
2201 2976 2326 3027 dum
2384 2988 2579 3041 procus
2628 2970 2851 3041 virginis
2889 2971 3102 3037 nuptias
3154 2971 3365 3036 ambit,
3420 2984 3458 3024 ιι
3533 2979 3536 2984 ’

1902 3064 2122 3120 Christo
2156 3065 2270 3134 ipse
2301 3064 2681 3133 despondetur,
2709 3074 2889 3132 atque,
2923 3061 3183 3117 exstincta
3216 3059 3454 3116 libidinis

1899 3153 2134 3220 ﬂamma,
2198 3154 2437 3208 veritatis
2484 3155 2646 3207 ardor
2703 3155 2988 3207 excitatur.
3053 3151 3169 3218 Quo
3215 3163 3369 3222 pacto
3404 3152 3463 3208 id

229 3239 316 3310 τῷ
360 3240 562 3310 ἐραστῇ
582 3281 597 3305 ,
623 3238 957 3309 καταμηνύει
998 3238 1096 3309 τὴν
1139 3233 1307 3308 ἧτταν
1329 3255 1342 3269 ·
1375 3242 1796 3310 περιφρονεῖται.
1827 3265 1832 3300 ι

1908 3244 2180 3309 acciderit,
2209 3244 2490 3312 quaeritis?
2520 3242 2613 3297 llic
2631 3241 2742 3309 jam
2774 3244 2824 3296 in
2849 3240 3235 3308 iucundissima
3271 3257 3456 3295 narra-

230 3332 590 3403 Δυσχεραίνει
635 3330 735 3401 τῆς
785 3329 1112 3401 ὑπεροψίας
1166 3327 1428 3399 ἀμύνεται
1478 3328 1570 3381 τὸν
1632 3329 1797 3400 ὑπερ-

1908 3335 2064 3390 tionis
2088 3341 2240 3403 parte
2266 3347 2472 3387 versor.
2507 3332 2670 3401 Virgo
2703 3340 2941 3399 superat,
2978 3331 3184 3384 daemon
3234 3345 3457 3399 supera-

227 3423 433 3493 ὁπτην.
470 3421 534 3473 Ἠ
570 3419 750 3490 ἄμυνα
782 3420 837 3473 δὲ
861 3419 942 3482 τίς
963 3435 978 3484 ;
1000 3420 1094 3484 Εἰς
1118 3419 1278 3473 αὑτὸν
1301 3418 1650 3482 είσοικίζεται
1687 3420 1795 3491 (95)

1908 3434 2006 3479 tur.
2049 3423 2309 3479 Tentator
2343 3423 2410 3479 ad
2455 3432 2721 3478 amantem
2765 3423 2991 3488 accedit,
3043 3437 3208 3492 seque
3263 3437 3460 3476 succu-

226 3515 328 3567 τὸν
356 3513 491 3576 τέως
520 3511 876 3583 θεραπευτὴν,
903 3509 990 3564 ἴνα
1014 3509 1168 3580 κακῷ
1191 3510 1250 3563 τὸ
1280 3509 1444 3564 κακὸν
1471 3510 1794 3581 ὲκκρουσθῇ,

1908 3519 2082 3574 buisse
2118 3518 2337 3573 indicat.
2386 3516 2571 3586 Itaque
2605 3516 2672 3572 ab
2718 3530 2782 3571 eo
2830 3515 3214 3570 contemnitur.
3276 3513 3457 3580 Quam

228 3605 334 3658 καὶ
371 3604 545 3658 λύσσα
573 3603 776 3673 λύσσης
813 3601 948 3672 ἴαμα
975 3599 1217 3673 γένηται.
1257 3601 1369 3672 Τῆς
1404 3601 1668 3673 παρθένου
1701 3603 1796 3670 μὲν

1908 3625 2010 3664 rem
2065 3609 2283 3679 indigne
2339 3607 2563 3676 ferens,
2648 3615 3076 3677 contemptorem
3151 3603 3452 3658 ulciscitur.

226 3694 630 3768 ἀποκρούεται,
657 3693 906 3764 καθάπερ
931 3710 982 3746 τι
1024 3692 1319 3764 μηχάνημα
1354 3692 1561 3763 τείχους
1602 3690 1797 3763 ὀχυροῦ

1908 3700 2152 3766 Quaenam
2199 3709 2379 3756 autem
2409 3701 2523 3756 inec
2552 3701 2682 3756 ultio
2710 3699 2836 3755 est?
2887 3700 2945 3754 In
2993 3712 3118 3754 eum
3167 3696 3362 3765 ipsum,
3416 3708 3452 3750 a

227 3787 335 3840 καὶ
371 3784 617 3854 γενναίου
637 3826 653 3851 ,
687 3785 849 3854 λόγου
895 3783 1072 3854 φυγὰς
1103 3784 1197 3836 καὶ
1231 3784 1498 3854 δεήσεως⁵
1552 3783 1628 3854 τῷ
1660 3783 1799 3854 πέμ-

1908 3806 2008 3860 quo
2070 3803 2197 3848 ante
2256 3791 2556 3858 colebatur,
2606 3791 2901 3861 immigrat,
2953 3799 3012 3843 ut
3063 3787 3257 3842 malum
3311 3784 3455 3841 malo

225 3873 403 3944 ψαντι
430 3873 486 3926 δὲ
511 3873 895 3945 προσπαλαίει,
932 3871 1012 3942 (ὢ
1041 3872 1133 3926 τοῦ
1167 3871 1510 3944 θαύματοςί)
1539 3873 1675 3944 πρὸς
1709 3873 1799 3926 τὸν

1908 3882 2298 3948 extruderetur,
2343 3892 2431 3938 ac‘
2457 3882 2624 3938 furori
2659 3881 2808 3936 furor
2838 3879 3158 3936 medicinam
3212 3876 3453 3932 aﬂ'erret.

227 3964 474 4036 βαλόντα
500 3965 658 4018 πάλιν
681 3964 1065 4037 ἀναστραφεὶς,
1109 3963 1203 4018 καὶ
1242 3964 1579 4036 συμπνίγων,
1611 3963 1798 4037 ὥσπερ

1908 3973 2175 4043 hvirgine
2204 3975 2443 4042 quidem,
2498 3989 2603 4029 non
2651 3987 2810 4028 secus
2858 3987 2922 4027 ac
2973 3971 3161 4027 bellica
3207 3968 3452 4038 quaedam

222 4055 362 4111 τινὰ
384 4056 556 4111 Σαοὺλ
581 4056 852 4127 δεύτερον.

1908 4064 2149 4120 machina
2175 4079 2206 4119 a
2235 4065 2388 4121 ﬂrmo
2420 4075 2474 4120 et
2487 4066 2661 4120 valido
2685 4079 2860 4129 muro,
2888 4062 3179 4132 repellitur,
3207 4072 3462 4114 sermone

223 4151 498 4206 nimirum
532 4161 588 4205 et
612 4151 863 4219 precibus
901 4149 1144 4218 fugatus;
1209 4163 1330 4203 cum
1401 4163 1466 4204 eo
1495 4158 1694 4215 autem,
1723 4167 1750 4205 a
1776 4168 1882 4221 quo
1914 4156 2111 4212 missus
2143 4157 2341 4225 fuerat,
2367 4158 2702 4214 colluctatur.
2751 4155 2795 4212 Ο
2851 4169 2962 4209 rem
2996 4154 3185 4207 miram
3221 4160 3276 4206 et
3298 4152 3460 4205 inau-

230 4240 450 4295 ditam!
487 4239 567 4293 Ad
599 4255 745 4306 eum,
772 4253 802 4292 a
868 4253 974 4307 quo
1009 4238 1097 4292 teli
1142 4237 1415 4306 cujusdam
1477 4238 1648 4293 instar
1689 4240 1869 4309 jactus
1903 4244 2098 4313 fuerat,
2151 4249 2331 4314 rediit,
2379 4248 2681 4318 ipsumque,
2729 4245 2879 4300 velut
2936 4243 3164 4300 alterum
3210 4243 3454 4309 Saulem,

270 4329 564 4384 refocabat
601 4330 666 4384 ’⁸.

221 4349 564 4403 praelocanat
603 4349 666 4384 π.

307 4423 413 4477 lB'.
457 4423 522 4476 Τί
569 4419 663 4476 οῦν
706 4423 734 4475 ὁ
771 4421 960 4493 ἄφρων
1005 4420 1239 4491 ἐραστὴς
1281 4418 1375 4473 καὶ
1417 4418 1648 4490 σώφρων
1685 4422 1805 4474 ἐπί-

1981 4421 2093 4477 Xll.
2126 4422 2262 4489 Quid
2301 4422 2384 4476 hic
2410 4421 2571 4489 igitur
2600 4422 2817 4476 demens
2847 4420 2935 4474 ille
2969 4427 3198 4482 amator,
3243 4425 3297 4471 et
3326 4422 3457 4485 pru-

221 4514 479 4585 ληπτος;
510 4515 671 4586 Ζητεῖ
697 4513 789 4567 τοῦ
811 4511 979 4566 κακοῦ
1004 4513 1102 4584 τὴν
1128 4510 1301 4573 λύσιν,
1338 4510 1581 4582 εὑρίσκει
1598 4528 1612 4541 °
1641 4513 1806 4585 εὐμή-

1910 4513 2040 4567 dens
2067 4511 2418 4582 arreptitius?
2445 4511 2562 4564 Mali
2593 4509 2953 4578 depulsionem
2986 4508 3196 4579 quaerit,
3222 4517 3276 4562 et
3301 4505 3451 4560 inve-

305 4608 352 4638 ⁸²
388 4604 580 4658 Matth.
627 4618 760 4667 xvu,
801 4603 863 4654 Π
889 4618 904 4666 ;
930 4600 1058 4657 Luc.
1093 4615 1207 4662 vm,
1245 4600 1337 4655 Ἡ.
1415 4602 1460 4633 ³³
1490 4601 1684 4655 Maltb.
1711 4617 1819 4666 xw,

1908 4601 1940 4656 ἰ.
2016 4601 2062 4634 ’δ
2092 4601 2256 4658 Marc.
2285 4616 2339 4668 v,
2375 4602 2461 4656 15.
2535 4601 2580 4634 ³⁸
2617 4603 2750 4656 Dan.
2783 4616 2893 4656 XIV.
2918 4599 3008 4655 50.
3084 4599 3130 4631 ’⁵
3174 4595 3296 4652 Jon.
3331 4611 3390 4662 ιι,
3413 4596 3450 4650 2

218 4694 359 4747 sqq.
437 4675 481 4707 ”
514 4674 643 4728 Dan.
683 4689 762 4736 III,
790 4672 859 4726 33
884 4685 1004 4739 sqq.
1081 4670 1169 4725 ’⁸1
1205 4671 1334 4740 lteg.
1365 4686 1475 4736 xw,
1511 4671 1596 4726 i4.

218 4766 592 4840 presbyteris.
634 4785 652 4817 ι
682 4764 854 4818 Minus
881 4761 1095 4840 quidem
1133 4772 1297 4826 recte,
1330 4778 1450 4840 cum
1478 4760 1660 4815 Daniel
1687 4760 1800 4828 ipse
1833 4765 1876 4822 D
1906 4759 2084 4840 ___(87)
2118 4759 2514 4840 Ἀσσυρίους.
2549 4748 2856 4840 legendum
2891 4757 3087 4840 potius,
3149 4755 3453 4840 Ἐϐραίουςτ

215 4821 359 4902 ἱίιῖξ
385 4821 621 4902 iuncos,
658 4852 761 4889 non
791 4854 811 4888 ι
845 4821 1205 4904 presbyteros,
1240 4853 1258 4884 ι
1283 4821 1382 4888 sed
1415 4851 1434 4882 ι
1464 4847 1620 4888 senes
1648 4849 1666 4882 ι
1701 4821 1795 4900 ap-
1834 4821 1844 4822 ί
1903 4821 2368 4904 Hi'etén’tmpue'ri
2399 4821 2528 4904 vere
2568 4821 2950 4898 in'Assyria'a
2991 4827 3206 4882 ﬂamma
3235 4821 3447 4882 liberati

215 4900 425 4981 pellet,
465 4900 522 4981 VH
566 4975 580 4981 _
847 4900 858 4904 ’
1347 4972 1360 4981 _
1449 4970 1502 4981 __
1566 4969 1606 4981 _
1899 4901 2176 4981 suntised
2210 4900 2612 4981 Hlebrae‘i'erant.

306 4965 428 5049 (85)
472 4975 584 5049 Καὶ
628 4971 1128 5049 τ-υηραννικωζέρας
1167 4972 1432 5049 μητρόςᾷ
1448 4970 1538 5025 Sic
1566 4969 1706 5049 Reg;
1739 4985 1791 5036 a,

2106 4970 2354 5049 May/ar.
2389 4967 2519 5049 Vide
2551 4967 2806 5049 monitum
2828 4983 2888 5049 Et.
2909 4965 2962 5049 5,

219 5034 353 5106 tres
391 5034 568 5110 Colb.,
629 5034 884 5114 Hervag.,
935 5034 1122 5114 ,Oion.
1167 5034 1324 5110 'apu'd
1367 5034 1612 5114 ’blontac.
1648 5034 1796 5114 ὀψε

1918 5111 1929 5114 ,
1971 5034 2081 5110 (89)
2123 5034 2232 5114 ,Αιᾶ
2255 5037 2364 5114 τῆς
2389 5039 2642 5106 πίστεως
2676 5037 2796 5091 καί.
2827 5037 2917 5092 Sic
2949 5036 3098 5094 Colb.
3126 5035 3280 5092 codd.
3325 5034 3448 5091 Haec

213 5119 398 5174 lectio
448 5117 653 5186 optima
694 5109 948 5178 videiur,'
975 5109 1267 5186 omnesque
1307 5111 1474 5164 nodos
1521 5111 1792 5179 expendit.
1899 5109 2093 5186 desunt
2123 5109 2182 5186 in
2205 5111 2292 5161 ed.

211 5175 610 5257 Nequejnim
638 5192 720 5239 a't
750 5175 922 5252 patre,
955 5183 1092 5257 {sed
1137 5175 1195 5257 _a'
1227 5198 1248 5232 ι
1286 5190 1457 5257 matre
1496 5199 1515 5233 ι
1550 5175 1793 5257 vexa-lant

1908 5250 1912 5257 _
1970 5180 2092 5257 (90)_
2129 5179 2500 5257 Kaxoaaqela
2524 5178 2935 5257 ’,θεραπεύεται
2989 5177 3166 5257 Bede;
3186 5175 3350 5257 Degg.
3396 5189 3451 5238 a,

211 5244 410 5335 fuisse
435 5254 688 5310 Theclam
717 5244 988 5334 narratur.
1005 5253 1059 5306 In
1085 5252 1194 5316 ed.,
1217 5249 1310 5333 καὶ
1329 5249 1789 5320 τυραννικωτέρου

1908 5244 2009 5335 ἱππί.
2043 5244 2133 5319 pb,
2162 5244 2489 5321 κακοπαθίᾳ,
2521 5250 2586 5304 Et
2616 5244 2815 5320 'Regg.
2849 5263 2900 5313 a,
2931 5261 2982 5315 c,
3017 5247 3072 5315 d,
3127 5244 3452 5317 Θεὺςήθερα-

1895 5336 2137 5375 πευεται.

211 5327 466 5396 πατρός,
511 5343 530 5375 ι
571 5333 800 5396 etpatre
824 5323 991 5396 magis
1026 5321 1322 5396 tirannico.
1350 5339 1370 5372 ι

1965 5390 2078 5460 (91)
2104 5394 2328 5446 Πύθων.
2355 5389 2414 5460 In
2448 5385 2982 5460 ῐιοιιιιιιιιίιι,ἰι-ιιιθῶνἷ

303 5388 459 5466 (86)”
487 5388 706 5462 Χειρῶν
744 5388 998 5446 ἐκτάοῖει.
1050 5388 1204 5466 Reg._
1233 5392 1424 5466 Cypr.,_
1474 5388 1654 5466 θηρῶν
1701 5388 1790 5440 ὲκ-

209 5452 453 5529 στᾶσεί,
492 5483 512 5516 ι
543 5452 832 5519 belluarum
857 5474 1090 5530 stupore.
1125 5452 1156 5510 ἴ
1163 5452 1294 5515 Ηαιίῖ
1307 5452 1485 5531 lectio,
1509 5452 1629 5514 licet
1648 5473 1787 5531 nova
1939 5452 2076 5531 {92)
2109 5463 2176 5516 Τὸ
2203 5460 2330 5515 τοῦ.
2367 5459 2457 5515 Sic
2485 5459 2647 5528 Regg.
2667 5474 2718 5523 c,
2737 5458 2791 5524 d,
2823 5459 2931 5522 bm,
2954 5458 3046 5512 Or.
3081 5455 3130 5521 1,
3160 5465 3264 5511 etc.
3291 5452 3452 5509 Deest

207 5551 280 5594 et
300 5528 622 5604 singularis,
653 5528 1029 5604 melior‘videri
1076 5539 1272 5599 potest.
1307 5530 1488 5582 Daniel
1540 5530 1682 5584 enim
1714 5528 1789 5582 di-
1893 5528 2165 5604 θιὼ-ξηρά.

205 5591 444 5662 ἑθιιόυυε
479 5614 562 5659 est
607 5591 809 5659 vicisse
851 5602 1052 5666 leones,
1076 5591 1204 5655 'non
1228 5618 1268 5671 _¢
1310 5615 1563 5671 manuum
1599 5608 1786 5671 exten-

1955 5591 2285 5671 ⁷(91⁷))Αὺτόινο
2301 5598 2681 5660 είσοικίζεται.
2702 5598 2792 5657 Sic
2810 5599 2974 5670 Regg.
2999 5612 3048 5664 c,
3071 5594 3126 5664 d,
3149 5595 3240 5666 ph,
3265 5592 3340 5650 0r
3393 5591 3448 5649 l.

205 5678 406 5738 tione,
438 5693 458 5726 ›
475 5675 627 5755 cujus
647 5674 791 5730 nulla
815 5673 874 5728 ﬂt
899 5673 1114 5736 mentio,
1150 5669 1242 5727 sed
1265 5687 1283 5723 ι
1306 5669 1518 5726 incussa
1544 5668 1786 5727 leonibus

209 5753 560 5799 reverentia.
591 5762 615 5798 ι

1908 5673 1947 5728 ζη
1967 5668 2074 5736 ed.,
2101 5671 2290 5726 ἑαυτὸν
2320 5671 2687 5737 είσοικίζεται.

209 5758 560 5802 reverentia.
591 5762 615 5798 3
