3914 6404
453 289 598 362 “.85

1654 296 1709 353 S.
1750 295 2077 353 GREGORII
2116 293 2466 351 TIIEOLOGI

3562 289 3686 346 “85

457 413 560 473 nit.
593 405 904 478 Ingeniosus
937 410 1082 463 enim
1113 424 1177 464 ac
1203 409 1378 466 solers
1416 425 1536 466 esse
1586 412 1744 478 solet,
1779 412 2023 481 quisquis

2138 427 2281 479 (ανον
2331 408 2440 480 γὰρ
2484 406 2628 460 ἅπαν
2661 405 2722 458 τὸ
2769 403 3104 474 πιεζόμενον.
3139 402 3232 466 Τίς
3266 403 3299 472 ἡ
3330 401 3516 466 λύσιςς
3575 403 3692 458 Ἐπῖ

453 501 738 568 premitur.
795 500 1049 566 Quaznam
1108 511 1288 556 autem
1338 501 1636 572 depellendi
1696 502 1818 556 mali
1877 504 2016 558 ratio

453 591 589 645 fuit?
616 592 694 646 Ad
718 590 939 647 Justinze
979 592 1144 648 Deum
1169 633 1184 656 ,
1232 595 1682 664 quemadmodum
1712 636 1727 660 ,
1775 593 1904 648 Saul
1951 596 2015 648 ad

453 685 672 740 Davidis
699 686 973 745 citharam
997 685 1286 755 lidiumque
1315 687 1499 756 pulsus
1531 688 1599 753 ⁸⁸,
1625 687 1870 758 confugit
1904 701 1918 740 :
1950 687 2016 741 ad

454 775 611 846 hujus
650 774 927 830 Pastorem
957 790 1017 831 se
1051 775 1299 842 confert;
1345 787 1505 845 atque
1529 817 1544 842 ,
1593 788 1651 831 ιιι
1700 792 1885 831 amore
1925 793 2020 847 per

451 878 726 938 acceptam
765 867 1017 939 plagam,
1058 867 1132 922 ita
1178 867 1318 922 malo
1355 869 1548 938 spiritu
1603 883 1699 937 per
1749 867 1906 923 ﬁdem
1963 869 2016 923 in

450 957 726 1013 Christum
778 968 1060 1028 purgatur,
1132 971 1482 1027 amoremque
1530 968 1846 1012 commutat.
1918 958 2016 1013 Diu

455 1059 633 1102 tamen
691 1050 977 1118 episcopus
1050 1049 1147 1119 ipsi
1204 1049 1360 1104 [idem
1423 1049 1724 1118 abrogavit,
1789 1063 2020 1118 eumque

451 1139 666 1207 repulit.
728 1138 1051 1195 Incredibile
1097 1140 1277 1203 enim,
1334 1153 1398 1193 ac
1445 1139 1690 1192 miraculi
1744 1138 1919 1193 simile
1969 1138 2020 1193 ei

452 1232 752 1299 videbatur,
783 1232 1108 1303 Cyprianum
1161 1231 1450 1300 aliquando
1498 1231 1641 1284 inter
1685 1230 2022 1285 Christianos

452 1324 828 1378 ascribeudum
863 1339 1003 1388 esse,
1031 1325 1240 1378 etiamsi
1273 1337 1464 1376 omnes
1490 1323 1735 1376 homines
1763 1321 1827 1374 ad
1863 1321 2020 1377 Iidem

448 1413 812 1481 pervenirent.
837 1414 907 1468 At
931 1430 1114 1469 revera
1149 1423 1386 1467 mutatus
1412 1421 1551 1478 erat,
1583 1422 1638 1467 et
1667 1413 2010 1483 perspicuum

452 1505 769 1560 mutationis
799 1517 1177 1578 argumentum
1210 1507 1341 1561 edit.
1380 1505 1619 1573 Magieos
1650 1507 1794 1560 enim
1849 1507 2020 1562 libros

451 1595 670 1663 publice
699 1598 974 1667 proponit,
1007 1613 1072 1652 ac
1098 1597 1162 1651 de
1189 1598 1338 1666 pravi
1370 1597 1610 1654 thesauri
1653 1595 2023 1653 imbecillitate

454 1686 787 1756 triumphum
828 1690 941 1759 agit
974 1707 987 1742 :
1022 1690 1313 1742 amentiam
1345 1688 1624 1758 praedicat,
1659 1687 1930 1756 ingentem
1955 1703 2021 1744 ex

2121 502 2212 554 τὸν
2256 501 2353 570 τῆς
2400 498 2668 569 παρθένου
2717 485 3054 565 καταφεύγει
3094 493 3247 558 Θεὸν,
3289 493 3475 564 ὥσπερ
3526 492 3692 547 Σαοὺλ

2120 590 2213 644 ἐπὶ
2232 589 2326 660 τὴν
2350 587 2468 642 κινύ
2477 604 2576 660 ραν
2603 587 2710 657 (94)
2725 585 2818 639 τοῦ
2840 584 3002 638 Δαῦὶδ
3019 585 3109 638 κα)⁵
3125 583 3195 638 τὰ
3215 584 3539 656 κρούσματα
3564 585 3692 654 (95)⁹

2121 682 2365 753 πρόσεισι
2392 679 2468 750 τῷ
2495 679 2697 750 ταύτης
2715 677 2942 748 Ιίοιμένι
2968 677 3078 748 (96)
3100 695 3114 709 ο
3140 675 3486 748 καθαίρεται,
3515 675 3695 749 ὥσπερ

2117 773 2212 826 τοῦ
2249 772 2411 826 πόθου
2442 771 2528 824 διὰ
2561 773 2656 841 τῆς
2686 769 2918 840 πληγῆς,
2955 769 3096 822 οὕτω
3127 768 3223 824 τοῦ
3258 768 3500 839 πονηροῦ
3537 769 3697 821 πνεύ-

2125 884 2292 938 ματος
2322 865 2410 919 διὰ
2432 866 2530 936 τῆς
2559 867 2637 928 είς
2664 865 2897 935 Χριστὸν
2925 863 3159 924 πίστεως
3178 880 3192 894 ’
3232 861 3587 933 μετατίθεται
3614 862 3697 914 τὸν

2121 957 2284 1012 πόθον
2304 976 2319 991 θ
2345 958 2437 1011 ἐπὶ
2462 957 2595 1010 πολὺ
2632 956 2730 1027 μὲν
2759 955 3156 1026 ἀπιστούμενος
3184 955 3279 1008 καὶ
3306 956 3486 1017 ἀποπε
3497 955 3700 1026 μπόμεν

2119 1067 2229 1113 νοςο
2257 1051 2350 1104 καὶ
2391 1049 2501 1122 γὰρ
2537 1049 2711 1102 ἐδόκει
2749 1047 2812 1100 τὸ
2854 1048 3086 1118 πρᾶγμα
3113 1047 3222 1101 τῶν
3263 1047 3516 1100 ἀπίστων
3568 1042 3697 1100 εἶναι

2120 1142 2216 1195 καὶ
2249 1141 2586 1212 θαυμασίων,
2623 1138 2936 1211 Κυπριανὸν
2981 1140 3037 1191 ἐν
3077 1140 3424 1210 Χριπιανοίς
3464 1137 3698 1209 ἀριθμη-

2124 1234 2284 1304 θῆναί
2318 1251 2468 1295 ποτε,
2495 1235 2544 1286 εί
2575 1232 2669 1286 καὶ
2699 1233 2900 1296 πάντες
2925 1231 3229 1304 ἄνθρωπον
3265 1230 3616 1303 μετατίθεται
3655 1230 3698 1284 δ’

2121 1324 2246 1393 οὖν,
2298 1328 2392 1383 καὶ
2436 1328 2550 1400 (97)
2605 1326 2875 1393 ἀπόδειξις
2920 1327 3019 1397 τῆς
3077 1325 3376 1396 μεταϐολῆς
3432 1326 3695 1394 ἐναργής.

2124 1418 2422 1490 Προτίθησι
2445 1416 2680 1488 δημοσίᾳ
2704 1414 2801 1478 τὰς
2825 1412 3087 1485 γοητικὰς
3113 1411 3354 1484 βίϐλουςο
3381 1409 3698 1482 θριαμϐεύει

2122 1509 2216 1563 τοῦ
2251 1507 2487 1579 πονηροῦ
2521 1505 2794 1578 θησαυροῦ
2829 1506 2925 1574 τὴν
2971 1504 3284 1561 ἀσθένειαν·
3311 1502 3582 1574 κηρύσσει
3610 1503 3700 1574 τὴν

2124 1601 2347 1661 ἄνοιαν,
2385 1599 2646 1670 λαμπρὰν
2683 1598 2744 1664 ἐξ
2776 1597 2953 1650 αὐτῶν
2990 1597 3132 1669 αἴρει
3179 1597 3276 1666 τὴν
3331 1596 3533 1664 φλόγα,
3575 1596 3701 1666 π.)ρὶ

2123 1693 2342 1764 δαπανᾷ
2378 1694 2478 1762 τὴν
2531 1691 2747 1762 μακρὰν
2791 1689 3009 1758 ἀπάτην
3032 1729 3047 1754 ,
3086 1687 3120 1758 ἢ
3161 1689 3257 1758 μιᾷ
3294 1687 3455 1756 φλογὶ
3511 1687 3703 1757 σαρκὸς

449 1779 562 1834 illis
602 1779 872 1834 ﬂammam
909 1782 1134 1847 excitat,
1175 1789 1229 1836 et
1277 1781 1590 1836 diuturnam
1644 1781 2020 1851 impostnram,

2138 1784 2222 1837 ›ύκ
2254 1784 2533 1854 ἐπήμυνεν
2555 1798 2567 1810 '
2607 1780 2901 1849 ἀφίσταται
2937 1779 3044 1833 τῶν
3073 1778 3340 1849 δαιμόνων
3362 1821 3376 1845 ,
3411 1778 3703 1832 οἰκειοῦται

451 1885 574 1940 quae
607 1886 676 1927 ne
700 1875 791 1926 uni
822 1872 1038 1942 quidem
1085 1873 1266 1926 carnis
1309 1871 1540 1926 ﬂamma:
1568 1887 1721 1941 Opem
1759 1871 1922 1944 445
1953 1868 2029 1927 al”—

451 1964 597 2019 ferre
623 1974 892 2032 potuerat,
943 1967 1062 2036 igne
1096 1966 1376 2021 absumit:
1417 1982 1446 2021 a
1493 1966 1828 2021 daemonibus
1875 1982 2025 2022 sece-

453 2056 553 2122 dit,
584 2057 691 2112 Deo
714 2058 1047 2129 adiungitur.
1077 2057 1121 2114 0
1155 2058 1439 2114 mirificam
1467 2060 1655 2130 gratia:
1683 2059 1975 2127 potentiam
2006 2060 2018 2113 !

453 2147 556 2202 I’er
584 2149 884 2218 improbum
926 2166 1164 2206 amorem
1193 2167 1258 2207 ac
1288 2152 1561 2222 spiritum,
1595 2151 1761 2206 Deum
1795 2152 2023 2217 invenit,

453 2253 509 2294 et
542 2255 697 2296 sacra
736 2242 877 2297 sacri
910 2243 1094 2314 gregis
1145 2244 1262 2299 ovis
1312 2243 1566 2312 edicitur,
1625 2253 1786 2314 atque
1837 2237 2058 2310 etiam,‘

454 2326 910 2394 quemadmodum
958 2345 985 2384 a
1035 2333 1269 2400 quodam
1302 2333 1507 2401 accepi,
1567 2333 1822 2401 :edituus,
1866 2333 2026 2400 idque

455 2418 640 2491 multis
669 2435 882 2490 quoque
913 2423 1165 2491 precibus
1195 2423 1263 2478 ab
1293 2439 1359 2479 eo
1390 2424 1667 2490 adhibitis,
1698 2434 1756 2478 ut
1785 2424 1850 2478 ad
1880 2424 2023 2488 prio-

456 2513 533 2566 ris
564 2515 890 2582 arrogantia:
930 2515 1304 2586 purgationem
1342 2517 1698 2572 humilitatem
1721 2525 2026 2579 exerceret.

455 2601 651 2657 Pastor
707 2604 902 2660 deinde
947 2613 1182 2671 creatur,
1243 2621 1306 2662 ac
1351 2617 1628 2677 pastorum
1685 2609 1916 2678 optimus
1972 2617 2027 2664 et

455 2695 892 2763 probatissimos.
941 2696 1125 2766 Neque
1182 2701 1326 2754 enim
1368 2700 1775 2770 Carthaginiensi
1816 2710 2024 2755 tantum

458 2785 738 2855 Ecclesiae,
776 2803 876 2843 nec
904 2788 1122 2854 Al’ricze,
1167 2791 1236 2846 ab
1263 2802 1430 2859 eo,.‘et
1459 2801 1680 2863 propter
1709 2808 1832 2848 eum
1862 2794 2023 2848 etiam

458 2893 604 2934 nunc
653 2879 815 2934 clarae
868 2890 923 2934 et
977 2880 1196 2945 celebri,
1257 2881 1570 2951 praeﬁcitur,
1627 2899 1811 2938 verum
1862 2883 2025 2937 etiam

2136 1873 2273 1946 Θεῷ.
2315 1874 2379 1926 Ὢ
2414 1874 2514 1944 τῆς
2566 1873 2816 1944 χάριτοςί
2851 1873 2992 1941 Ὄση
3039 1870 3170 1924 Θεὸν
3209 1870 3454 1941 εὑρίσκει

2127 1967 2283 2039 πόθῳ
2325 1966 2418 2020 καὶ
2447 1966 2736 2036 πνεύματι,
2770 1964 3042 2037 πρόϐατον
3075 1963 3218 2034 ἱερὸν
3255 1963 3351 2033 τῆς
3381 1963 3538 2034 ἱερᾶς
3565 1963 3705 2030 γίνε-

2130 2079 2221 2114 ται
2254 2061 2520 2131 ποίμνης,
2555 2059 2630 2122 ὡς
2666 2058 2721 2111 δὲ
2769 2056 2878 2126 ἐγώ
2921 2074 3064 2120 τινος
3111 2057 3352 2128 ηκουσα,
3385 2057 3482 2109 καὶ
3510 2058 3706 2109 νεωκό-

2127 2173 2217 2226 ρος
2253 2153 2388 2222 (98),
2419 2152 2588 2206 πολλὰ
2619 2151 2851 2224 δεηθεὶς,
2884 2151 2972 2203 ἵνα
3001 2149 3341 2221 φιλοσοφήσῃ
3371 2148 3431 2200 τὸ
3459 2147 3709 2200 ταπεινὸν

2124 2247 2202 2310 είς
2232 2244 2497 2313 κάθαρσιν
2531 2243 2629 2314 τῆς
2662 2242 2934 2314 προτέρας
2966 2240 3297 2306 ἀλαζονείας.
3322 2236 3460 2294 Εἶτα
3487 2240 3705 2309 ποιμὴν,

2124 2338 2218 2391 καὶ
2248 2337 2519 2408 ποιμένων
2555 2337 2582 2389 ὁ
2617 2335 2906 2407 κράτιστός
2946 2351 3007 2388 τε
3051 2332 3163 2404 (99)
3195 2335 3287 2387 καὶ
3317 2331 3705 2404 δοκιμώτατος.

2123 2428 2197 2480 Ού
2233 2426 2341 2498 γὰρ
2388 2427 2486 2496 τῆς
2530 2425 2916 2496 Καρχηδονίων
2952 2421 3350 2495 προκαθέζεται.
3395 2421 3558 2494 μόνον
3597 2422 3710 2474 Ἕκ·

2121 2519 2370 2590 κλησίας,
2389 2519 2508 2572 ούδέ
2531 2518 2630 2588 τῆς
2655 2516 2716 2582 ἐξ
2732 2516 2941 2570 ἐκείνου
2966 2515 3062 2569 καὶ
3079 2515 3146 2569 δι’
3166 2516 3372 2568 ἐκεῖνον
3389 2513 3706 2584 περιϐοήτου

2123 2611 2282 2684 μέχρι
2311 2610 2405 2664 νῦν
2432 2609 2506 2680 (1)
2541 2610 2822 2680 Ἀφρικῆς,
2857 2608 2989 2662 ἀλλὰ
3015 2607 3107 2660 καὶ
3120 2607 3298 2677 πάσης
3311 2607 3414 2675 τῆς
3440 2603 3707 2676 ἑσπερίου,

2125 2701 2306 2772 σχεδὸν
2328 2701 2384 2753 δὲ
2415 2699 2619 2770 καὶτῆς
2644 2696 2784 2768 ἑῴας
2808 2697 2882 2767 (2)
2907 2696 3096 2767 αὐτῆς,
3116 2694 3290 2748 νοτίου
3319 2693 3397 2764 (5)
3424 2710 3486 2746 τε
3514 2693 3606 2745 καὶ
3633 2693 3711 2761 βο-

2129 2791 2272 2862 ρείου
2321 2789 2560 2860 λήξεως,
2611 2787 2696 2857 ἐφ’
2735 2787 2838 2840 ὅσα
2889 2787 3096 2848 ἐκεῖνος
3141 2779 3272 2852 ἦλθε
3326 2781 3408 2853 τῷ
3460 2780 3706 2851 θαύματι.

2127 2882 2284 2940 υύτω
2322 2881 2396 2950 (4)
2435 2878 2748 2951 Κυπριανὸς
2774 2878 3041 2950 ἡμέτερος
3061 2876 3298 2945 γίνεται.

463 2970 702 3025 occiduis
790 2972 1040 3027 omnibus
1104 2975 1456 3045 regionibus,
1529 2993 1593 3032 ac
1659 2993 1825 3047 prope
1890 2976 2053 3032 etiam
2132 2975 2386 3030 orientali
2443 2975 2627 3038 omni,
2689 2985 2852 3040 atque
2920 2969 3141 3024 australi
3201 2978 3256 3024 et
3294 2962 3710 3038 septentrionali

462 3079 593 3130 arar,
631 3078 954 3134 quocunque
985 3065 1129 3122 illius
1161 3067 1300 3121 fama
1333 3078 1386 3124 et
1417 3071 1706 3127 admiratio
1733 3082 2022 3143 pervagata
2062 3080 2168 3124 est.
2206 3067 2297 3122 Sic
2322 3065 2625 3135 Cyprianus
2652 3076 2834 3118 noster
2873 3062 3119 3117 eﬂicitur.

532 3155 666 3211 XIII.
699 3159 825 3213 ch
852 3160 1126 3228 signorum
1174 3172 1230 3217 et
1274 3165 1641 3236 prodigiorum
1684 3167 1822 3221 Deus
1853 3165 1980 3220 facit
2011 3183 2023 3218 :

2202 3159 2301 3214 ιΓ’.
2326 3158 2512 3212 Ταῦτα
2556 3156 2716 3210 ὁτῶν
2768 3154 3009 3226 σημείων
3065 3153 3160 3206 καὶ
3209 3151 3316 3205 τῶν
3370 3150 3452 3221 (5)
3481 3150 3712 3221 τεράτων

461 3247 598 3312 haec,
627 3247 865 3316 inquam,
921 3248 1028 3313 ille,
1086 3252 1174 3320 qui
1226 3252 1540 3323 .Iosepbum,
1587 3255 1770 3322 iniquo
1803 3255 2028 3310 fratrum

464 3339 668 3394 scelere
706 3341 1009 3404 venditum,
1070 3341 1124 3415 in
1174 3341 1467 3415 Egyptum
1504 3347 1737 3415 duxit”,
1769 3358 1823 3402 et
1865 3349 1916 3401 in
1956 3347 2033 3401 fe-

465 3430 610 3484 mina
639 3431 938 3500 exploravit
959 3433 1026 3498 “,
1057 3445 1109 3488 et
1141 3434 1194 3488 in
1231 3434 1483 3491 frumenti
1519 3438 1801 3508 largitione
1837 3439 2033 3494 nobili-

465 3519 622 3585 tavit,
672 3527 728 3574 et
788 3519 840 3572 in
897 3521 1230 3576 somniorum
1288 3525 1516 3579 scientia
1581 3527 1833 3590 erudivit,
1884 3537 1942 3582 ut
1979 3527 2032 3581 iu

457 3619 649 3667 ettera
717 3611 934 3681 regione
995 3611 1155 3668 ﬁdem
1201 3622 1255 3666 et
1307 3618 1687 3672 auctoritatem
1743 3619 2034 3684 obtineret,

466 3711 628 3771 atque
676 3718 704 3757 a
766 3702 1057 3759 Pharaone
1114 3706 1320 3760 honore
1380 3707 1712 3774 adiceretur,
1777 3721 2039 3780 paterque

466 3793 825 3848 maximarum
887 3795 1098 3851 illarum
1168 3799 1446 3865 c0piarum
1522 3799 1754 3868 ﬁeret”,
1820 3814 2040 3871 propter

467 3901 607 3956 quas
642 3885 908 3957 ﬂigyptus
930 3889 1205 3942 cruciatur
1233 3890 1299 3956 ³³,
1326 3907 1474 3947 mare
1503 3893 1844 3957 scinditur“,
1863 3895 2036 3965 panis,

469 3976 642 4032 instar
677 3977 888 4045 pluviae,
917 3977 1162 4040 funditur
1183 3979 1250 4044 ³⁸,
1277 3981 1404 4036 solis
1459 3997 1650 4038 cursus
1678 3984 1953 4040 inhibetur
1973 3985 2038 4050 “,

471 4067 737 4136 promissa
802 4079 942 4121 terra
998 4083 1093 4139 per
1147 4079 1348 4125 sortem
1385 4071 1799 4127 distribuitur”.
1855 4074 2039 4128 Divina

472 4155 616 4212 enim
647 4155 908 4226 sapientia
940 4171 1258 4224 magnarum
1296 4175 1475 4213 rerum
1502 4159 1848 4218 fundamenta
1875 4163 2042 4218 multo

473 4256 597 4307 ante
626 4244 832 4314 jacere,
857 4261 919 4300 ac
957 4248 1232 4302 contraria
1283 4264 1381 4320 per
1431 4255 1704 4307 contraria
1756 4269 2044 4322 procurare

474 4339 660 4405 novit,
703 4345 761 4392 ut
807 4337 1065 4407 majorem
1117 4340 1200 4394 sui
1256 4341 1668 4398 admirationem
1733 4345 2045 4402 mortalibus

547 4447 634 4500 "l
668 4447 800 4524 Reg.
827 4463 936 4524 ενι,
968 4447 1060 4524 25.
1136 4448 1338 4524 ξοβετ..
1379 4467 1585 4518 xxxv",
1612 4452 1681 4505 28
1710 4469 1829 4524 sqq.

478 4519 545 4573 I7
566 4533 685 4595 sqq.
759 4517 804 4549 ³⁵
829 4518 1000 4582 Exod.
1029 4517 1151 4585 xw,
1186 4522 1249 4574 2-1
1282 4537 1403 4593 sqq.

551 4655 661 4728 (94)
682 4658 966 4732 Κινύραν.
1005 4676 1022 4708 ι
1055 4655 1352 4716 Citharam.
1389 4679 1408 4713 ι
1441 4659 1532 4717 Sic
1574 4677 1763 4718 omnes
1810 4664 1966 4720 codd.
1991 4665 2047 4717 In
2081 4677 2128 4732 ι)

481 4726 592 4788 cd.,
613 4726 868 4798 κιθᾲραν.

551 4797 663 4882 (95)
695 4797 1068 4870 Κρούσματα.
1101 4800 1267 4872 Regg.
1297 4816 1345 4864 a,
1379 4801 1433 4866 d,
1463 4801 1626 4857 Coisl.
1658 4803 1707 4863 I.
1738 4802 1888 4867 Par.,
1915 4818 2045 4867 etc.,

481 4884 614 4939 κρου
623 4885 788 4939 ματα..

555 4938 667 5009 (96)
690 4939 948 5007 Ποιμένι.
984 4961 1004 4994 ι
1036 4939 1264 5001 Pastori,
1305 4959 1323 4992 ι
1351 4942 1600 4996 nimirum
1622 4961 1640 4993 ι
1665 4943 1920 4999 Antltimo
1941 4943 2050 4998 Au-

485 5009 749 5081 tiocbenaz
776 5009 1028 5066 Ecclesiae
1061 5012 1330 5081 episcopo.
1376 5030 1394 5063 ι

557 5078 671 5220 (θὲ)
699 5083 829 5135 Καί.
868 5082 1021 5138 Deest
1058 5078 1109 5135 in
1140 5080 1308 5152 Regg.
1342 5097 1392 5149 a,
1422 5083 1531 5146 bm,
1560 5083 1652 5154 ph.
1682 5082 1748 5136 At
1777 5084 1829 5138 iu
1869 5083 1963 5140 0r.
1997 5085 2048 5148 I,

486 5165 654 5205 καιη.

558 5219 667 5290 (98)
695 5221 1019 5289 Νεωκόρος.
1061 5237 1082 5274 ι
1113 5221 1356 5276 Minister
1383 5222 1634 5291 templum
1675 5240 1932 5282 cverreus
1990 5241 2051 5281 ac

491 5303 807 5357 t'epurgans.
851 5311 870 5343 ι

561 5305 807 5360 purgans.
851 5311 870 5343 ι

561 5359 792 5434 (99)_'0
849 5363 1168 5432 κράτιστός
1231 5379 1323 5427 τε,
1388 5371 1492 5434 etc.
1557 5361 1722 5434 Reag.
1768 5364 1876 5424 bin,
1949 5365 2048 5434 pb,

489 5428 660 5513 qusl.
681 5432 740 5496 2,
767 5428 896 5488 0r.'
919 5435 971 5503 1,
993 5487 999 5498 ,
1020 5428 1166 5500 Par.,
1199 5435 1226 5488 ὃ
1277 5451 1327 5486 τι
1366 5429 1654 5504 κράτιστόν
1675 5428 1744 5498 τε
1787 5437 1880 5500 καὶ
1921 5428 2055 5489 667.!-

496 5516 760 5571 μωτατον.

506 5575 510 5579 ’
563 5570 642 5710 (lg
678 5571 861 5658 Μέχρι
890 5574 1024 5628 νῦν.
1055 5575 1189 5644 Reg.
1211 5575 1264 5642 d,
1294 5573 1454 5645 μέχρι
1478 5574 1569 5629 τοῦ
1602 5575 1714 5630 νῦν.

587 5640 620 5692 2
677 5641 876 5707 Ἐῳας.
914 5644 1046 5710 Reg.
1066 5649 1174 5709 bm,
1197 5645 1294 5701 ἐω.

587 5640 642 5713 g)
677 5640 876 5707 Ἐῴὰς.
914 5644 1046 5713 Reg.
1066 5640 1174 5709 bni,
1197 5640 1294 5701 ἐω.

567 5711 641 5782 (3)
668 5713 906 5768 Νοτίου.
937 5711 1102 5786 negg.
1131 5717 1242 5780 but,
1272 5716 1363 5785 pb.
1398 5716 1623 5772 νοτείου.

1921 4456 1962 4488 ³¹
1991 4455 2124 4513 Gen.
2164 4475 2348 4520 xxxix,
2377 4458 2407 4511 7
2429 4473 2548 4527 sqq.

1518 4524 1562 4555 ³⁵
1588 4524 1758 4582 Exod.
1798 4541 1910 4591 xvn,
1953 4528 2018 4580 14
2056 4545 2174 4598 sqq.

2138 3253 2289 3316 Θεός·
2344 3252 2538 3316 ταῦτα,
2595 3253 2622 3304 ὁ
2675 3250 2766 3302 τὸν
2811 3247 3010 3318 Ἰωσὴφ
3045 3243 3268 3315 ἀγαγὼν
3317 3245 3400 3308 είς
3447 3244 3711 3311 Αἴγυπτον

2140 3346 2296 3400 ὢνιον
2321 3344 2409 3399 διὰ
2435 3341 2679 3411 ἀδελφῶν
2709 3338 2992 3412 ἐπηρείας,
3028 3338 3123 3390 καὶ
3153 3338 3211 3389 ὲν
3243 3336 3466 3404 γυναικὶ
3493 3331 3711 3402 δοκιμα-

2141 3456 2260 3502 σας,
2285 3436 2380 3490 καὶ
2410 3437 2468 3490 ἐν
2505 3432 2776 3505 σιτοδοσίᾳ
2821 3429 2894 3502 (ϐ)
2929 3427 3183 3494 δοξάσας,
3219 3427 3314 3481 καὶ
3357 3429 3415 3481 ἐν
3452 3424 3712 3485 ἐνυπνίοις

2143 3530 2369 3599 σοφίσας
2403 3525 2502 3597 (7),
2531 3525 2598 3578 ἵν’
2639 3525 2732 3576 ἐπί
2763 3521 2918 3592 ξένης
2947 3519 3236 3590 πιστευθῇ,
3266 3517 3363 3573 καὶ
3394 3515 3503 3570 ὑπὸ
3525 3511 3713 3584 Φαραὼ

2141 3620 2367 3691 τιμηθῇ,
2389 3619 2483 3672 καὶ
2510 3615 2694 3688 πατὴρ
2722 3614 2946 3686 γένηται
2978 3610 3188 3665 πολλῶν
3229 3609 3525 3683 μυριάδων,
3552 3609 3618 3663 δι’
3653 3606 3714 3669 ἃς

2136 3713 2412 3780 Αἴγυπτος
2471 3707 2842 3779 βασανίζεται,
2907 3705 3153 3759 θάλασσα
3214 3703 3495 3774 τέμνεται,
3561 3703 3715 3772 ἄρτος

2139 3804 2314 3866 ὕεται,
2345 3802 2495 3872 ἣλιος
2522 3801 2762 3862 ἵσταται,
2793 3799 2866 3870 γῆ
2892 3797 2992 3868 τῆς
3015 3795 3348 3865 ἐπαγγελίας
3380 3793 3712 3865 κληροδοτεῖ-

2143 3912 2253 3949 ται.
2280 3889 2401 3946 Οἷδε
2419 3893 2527 3964 γὰρ
2560 3889 2848 3965 πόρρωθεν
2876 3885 3307 3946 καταϐάλλεσθαι
3329 3885 3439 3938 τῶν
3471 3885 3714 3955 μεγάλων

2148 3982 2492 4055 πραγμάτων
2529 3982 2564 4052 ἡ
2627 3979 2787 4049 σοφία
2830 3979 2928 4043 τὰς
2988 3977 3292 4042 ὑποθέσεις,
3332 3976 3427 4029 καὶ
3470 3975 3559 4029 διὰ
3609 3976 3712 4028 τῶν

2148 4073 2404 4128 ἐναντίων
2433 4071 2509 4142 (8)
2537 4069 2607 4123 τὰ
2640 4070 2855 4123 ἐναντία
2892 4068 3307 4140 οἰκονομεῖσθαι,
3344 4069 3432 4121 ἵνα
3462 4085 3526 4120 κα
3585 4069 3715 4137 μᾶλ-

2150 4166 2239 4219 λον
2265 4162 2632 4235 θαυμάζηται.
2678 4161 2916 4233 Ἀπόχρη
2938 4162 3013 4232 (9)
3047 4160 3328 4214 καὶταῦτα
3362 4160 3472 4214 τῶν
3498 4160 3714 4230 τουίιθ)

2150 4256 2467 4329 Κυπριανοῦ
2501 4254 2679 4309 καλῶν
2709 4257 2788 4319 είς
2819 4257 3012 4326 μέτρον
3043 4254 3316 4324 εὐφημίας
3337 4254 3712 4324 τελειωτάτης.

2151 4347 2264 4402 Νῦν
2310 4347 2366 4400 δὲ
2422 4345 2660 4400 τοσαῦτὰ
2708 4348 2824 4400 ἐστι
2873 4345 2940 4399 τὰ
2985 4345 3279 4417 λειπόμενα
3333 4347 3428 4398 καὶ
3476 4345 3715 4410 τοιαῦτα,

2642 4457 2686 4488 ³²
2717 4457 2853 4512 Gen.
2907 4455 3111 4523 “1,40
3139 4469 3258 4524 sqq.
3348 4454 3581 4511 “Exod.
3621 4470 3713 4520 vn,

2253 4530 2296 4560 ³⁸
2321 4528 2434 4585 Jos.
2466 4526 2522 4591 χ,
2555 4526 2624 4582 12
2646 4542 2767 4597 sqq.
2841 4527 2884 4559 ³⁷
2913 4526 3024 4582 Jos.
3054 4542 3173 4590 xm,
3205 4526 3228 4579 I
3264 4539 3417 4594 seqq.

2225 4661 2302 4731 (4)
2339 4661 2518 4716 Οὕτω.
2553 4659 2752 4731 Inima
2788 4661 2945 4731 unius
2967 4657 3117 4713 Colb.
3145 4657 3333 4731 pagina
3365 4657 3599 4731 legitur:
3626 4657 3719 4711 0-3-

2154 4729 2243 4785 τω
2285 4729 2421 4814 πρὸς
2450 4730 2682 4802 Χριστὸν
2734 4729 3129 4814 μετατίθεταιξ,
3163 4748 3182 4779 ι
3214 4730 3318 4814 δίο
3342 4729 3717 4814 adrClIristum

2159 4798 2513 4861 transferturi
2555 4819 2573 4850 ι
2611 4814 2702 4852 seu
2734 4798 2803 4853 Sit
2831 4801 2974 4852 varia
3011 4799 3200 4860 lectio,
3230 4813 3323 4850 seu
3353 4798 3643 4867 glossema.

2155 4871 2441 4991 Fibeglfz‘l'
2466 4869 2598 4924 τῶν.
2635 4872 2728 4924 Sic
2762 4870 2929 4941 llegg.
2972 4871 3093 4953 bm,
3134 4868 3204 4939 pb
3229 4876 3283 4921 et
3332 4871 3425 4922 Ur.
3474 4869 3523 4922 I.
3566 4871 3720 4924 Deest

2166 4958 2666 5094 {fui’sinzigéawze
2708 5007 2842 5081 Reg.
2875 5025 2903 5061 a
2938 5017 2990 5064 et
3039 5022 3175 5071 aes.,
3219 5007 3471 5078 σιτοδείᾳ,
3517 5023 3717 5077 «penu-

2159 5100 2436 5224 1Ἰῦ(η’-Ἐν
2468 5150 2782 5224 ἐνυπνίοις
2820 5150 3137 5224 -ᾳοερίοαςπ
3171 5147 3357 5224 Billius
3391 5163 3405 5201 :
3444 5165 3464 5200 ι
3490 5163 3594 5224 per
3643 5150 3719 5201 in.

2158 5219 2390 5277 somnia.
2423 5239 2441 5272 ι
2468 5221 2583 5274 [Non
2613 5231 2776 5276 recte.
2818 5221 2918 5274 Hic
2965 5219 3227 5288 siquidem
3259 5220 3436 5286 agitur
3471 5220 3538 5272 de
3577 5233 3718 5272 som-

2163 5297 2374 5348 niorum
2415 5292 2660 5352 scicntia,
2695 5306 2797 5358 qua
2821 5289 3016 5359 Joseplt
3040 5290 3260 5343 edoctus
3286 5298 3394 5351 est,
3429 5288 3719 5343 utsomuia

2162 5380 2260 5417 sua
2293 5362 2634 5429 intelligeret,
2654 5371 2708 5412 et
2745 5361 2968 5413 aliormn
2998 5359 3466 5480 interpretaretur.

2233 5427 2308 5480 (8i
2342 5429 2445 5480 Διὰ
2468 5429 2587 5480 τῶν
2603 5430 2909 5480 ἐναντίων.
2944 5439 3046 5480 etc.
3084 5446 3102 5478 ι
3182 5443 3240 5480 er
3262 5427 3497 5480 contrari

2233 5427 2308 5555 (8}
2342 5429 2445 5484 Διὰ
2468 5427 2587 5483 τῶν
2603 5430 2909 5491 ἐναντίων,
2944 5439 3046 5482 etc.
3084 5446 3102 5478 ι
3139 5427 3240 5481 Per
3262 5427 3590 5489 contraria,»
3615 5437 3717 5480 etc.

2206 5503 2250 5555 ic
2310 5503 2475 5555 osenb
2503 5515 2594 5555 uer
2626 5501 2934 5554 servitutem
2957 5509 3011 5553 et
3035 5497 3384 5555 ignominiam
3403 5498 3468 5553 ad
3496 5499 3717 5555 gloriam

2161 5498 2250 5556 Sic
2277 5498 2475 5582 Ioseph
2502 5515 2594 5570 per
2626 5501 2934 5554 servitutem
2957 5509 3011 5553 et
3035 5498 3384 5566 ignominiam
3403 5498 3468 5553 ad
3496 5499 3717 5566 gloriam

2162 5581 2422 5644 pervenit.

2235 5641 2313 5710 (9)
2363 5641 2638 5710 Ἀοττόχρη.
2660 5637 3055 5710 ϐιοεενηξάρκεῖ.

2240 5706 2352 5782 (10)
2386 5706 2653 5764 Τῶνὶινῦ.
2679 5710 2767 5764 Sic
2785 5706 2954 5764 Coisl.
2985 5711 3033 5762 l.
3069 5706 3227 5764 Deest
3260 5706 3371 5761 τῶν
3401 5708 3454 5763 in
3491 5707 3582 5762 sd.
