  <div class='ocr_page' id='page_1' title='image "/cluster/home/n/w/nwhite01/storage/ocr_20150623/35/hvd.32044024473308/598.png"; bbox 0 0 3914 6404; ppageno 0'>
   <div class='ocr_carea' id='block_1_1' title="bbox 245 365 380 420">
    <p class='ocr_par' dir='ltr' id='par_1_1' title="bbox 245 365 380 420">
     <span class='ocr_line' id='line_1_1' title="bbox 245 365 380 420; baseline 0.007 -1"><span class='ocrx_word' id='word_1_1' title='bbox 245 365 380 420; x_wconf 79' lang='grc'><strong>1185</strong></span> 
     </span>
    </p>
   </div>
   <div class='ocr_carea' id='block_1_2' title="bbox 1077 359 2567 428">
    <p class='ocr_par' dir='ltr' id='par_1_2' title="bbox 1077 359 2567 428">
     <span class='ocr_line' id='line_1_2' title="bbox 1077 359 2567 428; baseline 0.002 -6"><span class='ocrx_word' id='word_1_2' title='bbox 1077 359 1332 424; x_wconf 65' lang='lat' dir='ltr'><strong>ons&#39;rio</strong></span> <span class='ocrx_word' id='word_1_3' title='bbox 1369 365 1558 424; x_wconf 69' lang='lat' dir='ltr'><strong>xxxv.</strong></span> <span class='ocrx_word' id='word_1_4' title='bbox 1597 398 1662 411; x_wconf 90' lang='grc'><strong>-</strong></span> <span class='ocrx_word' id='word_1_5' title='bbox 1703 361 1768 425; x_wconf 79' lang='lat' dir='ltr'><strong>IN</strong></span> <span class='ocrx_word' id='word_1_6' title='bbox 1808 359 2089 428; x_wconf 65' lang='grc' dir='ltr'><strong>[ΑΒΜ]ιί</strong></span> <span class='ocrx_word' id='word_1_7' title='bbox 2132 373 2187 428; x_wconf 88' lang='lat' dir='ltr'><strong>s.</strong></span> <span class='ocrx_word' id='word_1_8' title='bbox 2227 370 2567 428; x_wconf 80' lang='lat' dir='ltr'><strong>CYPRIANI.</strong></span> 
     </span>
    </p>
   </div>
   <div class='ocr_carea' id='block_1_3' title="bbox 3309 363 3448 430">
    <p class='ocr_par' dir='ltr' id='par_1_3' title="bbox 3309 363 3448 430">
     <span class='ocr_line' id='line_1_3' title="bbox 3309 363 3448 430; baseline 0.029 -4"><span class='ocrx_word' id='word_1_9' title='bbox 3309 363 3448 430; x_wconf 74' lang='lat' dir='ltr'><strong>H86</strong></span> 
     </span>
    </p>
   </div>
   <div class='ocr_carea' id='block_1_4' title="bbox 242 482 1817 566">
    <p class='ocr_par' dir='ltr' id='par_1_4' title="bbox 242 482 1788 562">
     <span class='ocr_line' id='line_1_4' title="bbox 242 482 1788 562; baseline -0.019 1"><span class='ocrx_word' id='word_1_10' title='bbox 242 482 378 537; x_wconf 68' lang='grc' dir='ltr'><strong>ὥστε</strong></span> <span class='ocrx_word' id='word_1_11' title='bbox 404 483 453 534; x_wconf 64' lang='grc' dir='ltr'><strong>εί</strong></span> <span class='ocrx_word' id='word_1_12' title='bbox 485 482 576 536; x_wconf 64' lang='grc' dir='ltr'>καί</span> <span class='ocrx_word' id='word_1_13' title='bbox 605 483 768 554; x_wconf 71' lang='grc' dir='ltr'>μηδὲν</span> <span class='ocrx_word' id='word_1_14' title='bbox 810 483 956 555; x_wconf 67' lang='grc' dir='ltr'><strong>αὖτῷ</strong></span> <span class='ocrx_word' id='word_1_15' title='bbox 981 485 1087 537; x_wconf 77' lang='grc' dir='ltr'><strong>τῶν</strong></span> <span class='ocrx_word' id='word_1_16' title='bbox 1112 489 1520 559; x_wconf 84' lang='grc' dir='ltr'><strong>προειρημένων</strong></span> <span class='ocrx_word' id='word_1_17' title='bbox 1546 490 1788 562; x_wconf 79' lang='grc' dir='ltr'>ὑπῆρχεν</span> 
     </span>
    </p>
   </div>
   <div class='ocr_carea' id='block_1_5' title="bbox 1910 482 3450 566">
    <p class='ocr_par' dir='ltr' id='par_1_5' title="bbox 1910 493 3450 566">
     <span class='ocr_line' id='line_1_5' title="bbox 1910 493 3450 566; baseline 0.004 -21"><span class='ocrx_word' id='word_1_18' title='bbox 1910 494 2106 548; x_wconf 65' lang='lat' dir='ltr'><strong>rxcitet.</strong></span> <span class='ocrx_word' id='word_1_19' title='bbox 2171 493 2456 552; x_wconf 58' lang='lat' dir='ltr'><strong>Suilii-iant</strong></span> <span class='ocrx_word' id='word_1_20' title='bbox 2507 493 2724 564; x_wconf 84' lang='lat' dir='ltr'><strong>quidem</strong></span> <span class='ocrx_word' id='word_1_21' title='bbox 2780 493 2894 548; x_wconf 83' lang='lat' dir='ltr'><strong>haec</strong></span> <span class='ocrx_word' id='word_1_22' title='bbox 2941 507 3152 563; x_wconf 88' lang='lat' dir='ltr'><strong>quoque</strong></span> <span class='ocrx_word' id='word_1_23' title='bbox 3199 493 3450 566; x_wconf 80' lang='lat' dir='ltr'><strong>Cypriani</strong></span> 
     </span>
    </p>
   </div>
   <div class='ocr_carea' id='block_1_6' title="bbox 241 573 1796 649">
    <p class='ocr_par' dir='ltr' id='par_1_6' title="bbox 241 573 1796 649">
     <span class='ocr_line' id='line_1_6' title="bbox 241 573 1796 649; baseline 0.004 -21"><span class='ocrx_word' id='word_1_24' title='bbox 241 577 318 640; x_wconf 85' lang='grc' dir='ltr'><strong>είς</strong></span> <span class='ocrx_word' id='word_1_25' title='bbox 351 574 585 638; x_wconf 76' lang='grc' dir='ltr'>ἔπαινον,</span> <span class='ocrx_word' id='word_1_26' title='bbox 617 573 864 647; x_wconf 82' lang='grc' dir='ltr'>ἐξαρκεῖν</span> <span class='ocrx_word' id='word_1_27' title='bbox 887 579 998 639; x_wconf 85' lang='grc' dir='ltr'>τοῖς</span> <span class='ocrx_word' id='word_1_28' title='bbox 1026 577 1149 647; x_wconf 80' lang='grc' dir='ltr'>ἑξῆς</span> <span class='ocrx_word' id='word_1_29' title='bbox 1182 580 1335 649; x_wconf 78' lang='grc' dir='ltr'>νικᾷν</span> <span class='ocrx_word' id='word_1_30' title='bbox 1389 580 1653 644; x_wconf 78' lang='grc' dir='ltr'>ἅπαντας.</span> <span class='ocrx_word' id='word_1_31' title='bbox 1681 582 1796 634; x_wconf 85' lang='grc' dir='ltr'>Ἵνα</span> 
     </span>
    </p>
   </div>
   <div class='ocr_carea' id='block_1_7' title="bbox 239 665 1796 742">
    <p class='ocr_par' dir='ltr' id='par_1_7' title="bbox 239 665 1796 742">
     <span class='ocr_line' id='line_1_7' title="bbox 239 665 1796 742; baseline 0.004 -25"><span class='ocrx_word' id='word_1_32' title='bbox 239 666 348 737; x_wconf 79' lang='grc' dir='ltr'>γὰρ</span> <span class='ocrx_word' id='word_1_33' title='bbox 382 665 450 718; x_wconf 88' lang='grc' dir='ltr'><strong>τά</strong></span> <span class='ocrx_word' id='word_1_34' title='bbox 487 666 544 718; x_wconf 83' lang='grc' dir='ltr'>ὲν</span> <span class='ocrx_word' id='word_1_35' title='bbox 574 665 725 736; x_wconf 71' lang='grc' dir='ltr'>μέσῳ</span> <span class='ocrx_word' id='word_1_36' title='bbox 763 667 1030 738; x_wconf 80' lang='grc' dir='ltr'><strong>συντέμω,</strong></span> <span class='ocrx_word' id='word_1_37' title='bbox 1060 669 1160 737; x_wconf 83' lang='grc' dir='ltr'>τὴν</span> <span class='ocrx_word' id='word_1_38' title='bbox 1186 668 1292 722; x_wconf 81' lang='grc' dir='ltr'><strong>τῶν</strong></span> <span class='ocrx_word' id='word_1_39' title='bbox 1319 670 1615 741; x_wconf 85' lang='grc' dir='ltr'>χρημάτων</span> <span class='ocrx_word' id='word_1_40' title='bbox 1642 680 1796 742; x_wconf 83' lang='grc' dir='ltr'>περι-</span> 
     </span>
    </p>
   </div>
   <div class='ocr_carea' id='block_1_8' title="bbox 239 757 1797 833">
    <p class='ocr_par' dir='ltr' id='par_1_8' title="bbox 239 757 1797 833">
     <span class='ocr_line' id='line_1_8' title="bbox 239 757 1797 833; baseline 0.002 -21"><span class='ocrx_word' id='word_1_41' title='bbox 239 759 516 833; x_wconf 78' lang='grc' dir='ltr'><strong>φρόνησιν,</strong></span> <span class='ocrx_word' id='word_1_42' title='bbox 536 759 634 829; x_wconf 77' lang='grc' dir='ltr'><strong>τὴν</strong></span> <span class='ocrx_word' id='word_1_43' title='bbox 657 758 748 811; x_wconf 76' lang='grc' dir='ltr'><strong>τοῦ</strong></span> <span class='ocrx_word' id='word_1_44' title='bbox 777 757 944 828; x_wconf 80' lang='grc' dir='ltr'>τύφου</span> <span class='ocrx_word' id='word_1_45' title='bbox 968 759 1282 824; x_wconf 78' lang='grc' dir='ltr'><strong>κατάλυσιν,</strong></span> <span class='ocrx_word' id='word_1_46' title='bbox 1313 761 1409 832; x_wconf 77' lang='grc' dir='ltr'>τὴν</span> <span class='ocrx_word' id='word_1_47' title='bbox 1437 760 1529 814; x_wconf 81' lang='grc' dir='ltr'>τοῦ</span> <span class='ocrx_word' id='word_1_48' title='bbox 1550 759 1797 832; x_wconf 79' lang='grc' dir='ltr'>σώματος</span> 
     </span>
    </p>
   </div>
   <div class='ocr_carea' id='block_1_9' title="bbox 238 848 1796 922">
    <p class='ocr_par' dir='ltr' id='par_1_9' title="bbox 238 848 1796 922">
     <span class='ocr_line' id='line_1_9' title="bbox 238 848 1796 922; baseline 0.001 -20"><span class='ocrx_word' id='word_1_49' title='bbox 238 848 609 918; x_wconf 83' lang='grc' dir='ltr'>παιδαγωγίαν</span> <span class='ocrx_word' id='word_1_50' title='bbox 653 849 746 901; x_wconf 76' lang='grc' dir='ltr'><strong>καὶ</strong></span> <span class='ocrx_word' id='word_1_51' title='bbox 774 849 1117 920; x_wconf 81' lang='grc' dir='ltr'><strong>καθαρότητα</strong></span> <span class='ocrx_word' id='word_1_52' title='bbox 1159 851 1266 903; x_wconf 83' lang='grc' dir='ltr'><strong>τῶν</strong></span> <span class='ocrx_word' id='word_1_53' title='bbox 1308 849 1585 922; x_wconf 80' lang='grc' dir='ltr'><strong>προτέρων</strong></span> <span class='ocrx_word' id='word_1_54' title='bbox 1613 851 1796 922; x_wconf 82' lang='grc' dir='ltr'>ὁρμῶν</span> 
     </span>
    </p>
   </div>
   <div class='ocr_carea' id='block_1_10' title="bbox 235 939 1799 1012">
    <p class='ocr_par' dir='ltr' id='par_1_10' title="bbox 235 939 1799 1012">
     <span class='ocr_line' id='line_1_10' title="bbox 235 939 1799 1012; baseline 0 -18"><span class='ocrx_word' id='word_1_55' title='bbox 235 939 546 1000; x_wconf 83' lang='grc' dir='ltr'>ἀντίπαλον.</span> <span class='ocrx_word' id='word_1_56' title='bbox 581 939 640 992; x_wconf 84' lang='grc' dir='ltr'><strong>τὸ</strong></span> <span class='ocrx_word' id='word_1_57' title='bbox 677 939 802 1010; x_wconf 78' lang='grc' dir='ltr'>περὶ</span> <span class='ocrx_word' id='word_1_58' title='bbox 853 940 951 1012; x_wconf 83' lang='grc' dir='ltr'><strong>τὴν</strong></span> <span class='ocrx_word' id='word_1_59' title='bbox 983 940 1184 1012; x_wconf 81' lang='grc' dir='ltr'>ἐσθῆτα</span> <span class='ocrx_word' id='word_1_60' title='bbox 1232 941 1516 1010; x_wconf 84' lang='grc' dir='ltr'>φιλόσοφον</span> <span class='ocrx_word' id='word_1_61' title='bbox 1555 942 1687 1009; x_wconf 85' lang='grc' dir='ltr'><strong>(Η),</strong></span> <span class='ocrx_word' id='word_1_62' title='bbox 1739 940 1799 994; x_wconf 77' lang='grc' dir='ltr'><strong>τὸ</strong></span> 
     </span>
    </p>
   </div>
   <div class='ocr_carea' id='block_1_11' title="bbox 234 1025 1795 1107">
    <p class='ocr_par' dir='ltr' id='par_1_11' title="bbox 234 1025 1795 1107">
     <span class='ocr_line' id='line_1_11' title="bbox 234 1025 1795 1107; baseline 0.001 -29"><span class='ocrx_word' id='word_1_63' title='bbox 234 1027 364 1097; x_wconf 68' lang='grc' dir='ltr'>περὶ</span> <span class='ocrx_word' id='word_1_64' title='bbox 391 1025 488 1090; x_wconf 89' lang='grc' dir='ltr'><strong>τάς</strong></span> <span class='ocrx_word' id='word_1_65' title='bbox 517 1025 779 1091; x_wconf 80' lang='grc' dir='ltr'>ἐντεύξεις</span> <span class='ocrx_word' id='word_1_66' title='bbox 809 1028 1006 1098; x_wconf 67' lang='grc' dir='ltr'>ὑψηλόν</span> <span class='ocrx_word' id='word_1_67' title='bbox 1030 1046 1088 1081; x_wconf 88' lang='grc' dir='ltr'><strong>τε</strong></span> <span class='ocrx_word' id='word_1_68' title='bbox 1113 1027 1247 1100; x_wconf 77' lang='grc' dir='ltr'>ὁμοῦ</span> <span class='ocrx_word' id='word_1_69' title='bbox 1275 1029 1369 1083; x_wconf 73' lang='grc' dir='ltr'>κα).</span> <span class='ocrx_word' id='word_1_70' title='bbox 1402 1029 1795 1107; x_wconf 76' lang='grc' dir='ltr'>φιλάνθρωπον,</span> 
     </span>
    </p>
   </div>
   <div class='ocr_carea' id='block_1_12' title="bbox 238 1117 1798 1188">
    <p class='ocr_par' dir='ltr' id='par_1_12' title="bbox 238 1117 1798 1188">
     <span class='ocr_line' id='line_1_12' title="bbox 238 1117 1798 1188; baseline 0.002 -19"><span class='ocrx_word' id='word_1_71' title='bbox 238 1118 316 1182; x_wconf 85' lang='grc' dir='ltr'>ὼς</span> <span class='ocrx_word' id='word_1_72' title='bbox 345 1119 454 1170; x_wconf 73' lang='grc' dir='ltr'>ἴσον</span> <span class='ocrx_word' id='word_1_73' title='bbox 483 1117 593 1188; x_wconf 72' lang='grc'><strong>(12)</strong></span> <span class='ocrx_word' id='word_1_74' title='bbox 624 1119 844 1188; x_wconf 79' lang='grc' dir='ltr'>ἀπέχειν</span> <span class='ocrx_word' id='word_1_75' title='bbox 893 1119 1163 1184; x_wconf 81' lang='grc' dir='ltr'>εὐτελείας</span> <span class='ocrx_word' id='word_1_76' title='bbox 1211 1121 1303 1172; x_wconf 72' lang='grc' dir='ltr'><strong>καὶ</strong></span> <span class='ocrx_word' id='word_1_77' title='bbox 1347 1117 1652 1184; x_wconf 78' lang='grc' dir='ltr'>αὐθαδείας·</span> <span class='ocrx_word' id='word_1_78' title='bbox 1701 1119 1798 1184; x_wconf 80' lang='grc' dir='ltr'>τὰς</span> 
     </span>
    </p>
   </div>
   <div class='ocr_carea' id='block_1_13' title="bbox 238 1209 1801 1281">
    <p class='ocr_par' dir='ltr' id='par_1_13' title="bbox 238 1209 1801 1281">
     <span class='ocr_line' id='line_1_13' title="bbox 238 1209 1801 1281; baseline 0.001 -20"><span class='ocrx_word' id='word_1_79' title='bbox 238 1209 558 1280; x_wconf 87' lang='grc' dir='ltr'>χαμευνίας,</span> <span class='ocrx_word' id='word_1_80' title='bbox 581 1209 677 1272; x_wconf 86' lang='grc' dir='ltr'><strong>τὰς</strong></span> <span class='ocrx_word' id='word_1_81' title='bbox 713 1209 1038 1280; x_wconf 81' lang='grc' dir='ltr'>ἀγρυπνίας,</span> <span class='ocrx_word' id='word_1_82' title='bbox 1071 1209 1128 1273; x_wconf 85' lang='grc' dir='ltr'>ὃς</span> <span class='ocrx_word' id='word_1_83' title='bbox 1155 1211 1286 1281; x_wconf 86' lang='grc'><strong>(15),</strong></span> <span class='ocrx_word' id='word_1_84' title='bbox 1311 1211 1487 1264; x_wconf 87' lang='grc' dir='ltr'>καίτοι</span> <span class='ocrx_word' id='word_1_85' title='bbox 1514 1211 1620 1264; x_wconf 81' lang='grc' dir='ltr'><strong>τῶν</strong></span> <span class='ocrx_word' id='word_1_86' title='bbox 1635 1209 1801 1264; x_wconf 84' lang='grc' dir='ltr'>τοιού-</span> 
     </span>
    </p>
   </div>
   <div class='ocr_carea' id='block_1_14' title="bbox 233 1301 1799 1374">
    <p class='ocr_par' dir='ltr' id='par_1_14' title="bbox 233 1301 1799 1374">
     <span class='ocr_line' id='line_1_14' title="bbox 233 1301 1799 1374; baseline 0.002 -21"><span class='ocrx_word' id='word_1_87' title='bbox 233 1318 345 1354; x_wconf 88' lang='grc' dir='ltr'>των</span> <span class='ocrx_word' id='word_1_88' title='bbox 398 1301 670 1372; x_wconf 69' lang='grc' dir='ltr'>όψιμαθὴς</span> <span class='ocrx_word' id='word_1_89' title='bbox 723 1301 818 1364; x_wconf 81' lang='grc' dir='ltr'><strong>ὢν,</strong></span> <span class='ocrx_word' id='word_1_90' title='bbox 872 1303 1011 1355; x_wconf 88' lang='grc' dir='ltr'><strong>κατά</strong></span> <span class='ocrx_word' id='word_1_91' title='bbox 1064 1302 1198 1356; x_wconf 80' lang='grc' dir='ltr'>πολὺ</span> <span class='ocrx_word' id='word_1_92' title='bbox 1243 1303 1350 1356; x_wconf 81' lang='grc' dir='ltr'><strong>τῶν</strong></span> <span class='ocrx_word' id='word_1_93' title='bbox 1391 1303 1799 1374; x_wconf 78' lang='grc' dir='ltr'>προειληφότων</span> 
     </span>
    </p>
   </div>
   <div class='ocr_carea' id='block_1_15' title="bbox 238 1389 1799 1466">
    <p class='ocr_par' dir='ltr' id='par_1_15' title="bbox 238 1389 1799 1466">
     <span class='ocr_line' id='line_1_15' title="bbox 238 1389 1799 1466; baseline 0.001 -20"><span class='ocrx_word' id='word_1_94' title='bbox 238 1394 479 1465; x_wconf 74' lang='grc' dir='ltr'>ἐκράτειο</span> <span class='ocrx_word' id='word_1_95' title='bbox 537 1393 632 1464; x_wconf 80' lang='grc' dir='ltr'>τὴν</span> <span class='ocrx_word' id='word_1_96' title='bbox 677 1392 805 1464; x_wconf 75' lang='grc' dir='ltr'>περὶ</span> <span class='ocrx_word' id='word_1_97' title='bbox 840 1393 1028 1462; x_wconf 87' lang='grc' dir='ltr'>λόγους</span> <span class='ocrx_word' id='word_1_98' title='bbox 1075 1394 1402 1464; x_wconf 77' lang='grc' dir='ltr'>φιλοτιμίαν,</span> <span class='ocrx_word' id='word_1_99' title='bbox 1451 1394 1510 1459; x_wconf 79' lang='grc' dir='ltr'><strong>ἐξ</strong></span> <span class='ocrx_word' id='word_1_100' title='bbox 1555 1389 1628 1448; x_wconf 84' lang='grc' dir='ltr'>ὧν</span> <span class='ocrx_word' id='word_1_101' title='bbox 1669 1391 1799 1466; x_wconf 80' lang='grc' dir='ltr'>ἦθος</span> 
     </span>
    </p>
   </div>
   <div class='ocr_carea' id='block_1_16' title="bbox 237 1485 1796 1558">
    <p class='ocr_par' dir='ltr' id='par_1_16' title="bbox 237 1485 1796 1558">
     <span class='ocr_line' id='line_1_16' title="bbox 237 1485 1796 1558; baseline -0.001 -18"><span class='ocrx_word' id='word_1_102' title='bbox 237 1486 386 1540; x_wconf 74' lang='grc' dir='ltr'>ἅπαν</span> <span class='ocrx_word' id='word_1_103' title='bbox 411 1485 716 1549; x_wconf 82' lang='grc' dir='ltr'>ἐπαίδευσε,</span> <span class='ocrx_word' id='word_1_104' title='bbox 737 1485 829 1537; x_wconf 72' lang='grc' dir='ltr'><strong>καὶ</strong></span> <span class='ocrx_word' id='word_1_105' title='bbox 851 1485 1134 1556; x_wconf 80' lang='grc' dir='ltr'>δογμάτων</span> <span class='ocrx_word' id='word_1_106' title='bbox 1163 1486 1514 1540; x_wconf 77' lang='grc' dir='ltr'>ἀπαιδευσίαν</span> <span class='ocrx_word' id='word_1_107' title='bbox 1538 1485 1796 1558; x_wconf 84' lang='grc' dir='ltr'>ὲκάοηρε,</span> 
     </span>
    </p>
   </div>
   <div class='ocr_carea' id='block_1_17' title="bbox 237 1577 1801 1650">
    <p class='ocr_par' dir='ltr' id='par_1_17' title="bbox 237 1577 1801 1650">
     <span class='ocr_line' id='line_1_17' title="bbox 237 1577 1801 1650; baseline 0.001 -20"><span class='ocrx_word' id='word_1_108' title='bbox 237 1580 334 1632; x_wconf 70' lang='grc' dir='ltr'><strong>καὶ</strong></span> <span class='ocrx_word' id='word_1_109' title='bbox 358 1578 563 1650; x_wconf 85' lang='grc' dir='ltr'>ἀνδρῶν</span> <span class='ocrx_word' id='word_1_110' title='bbox 594 1577 740 1648; x_wconf 82' lang='grc' dir='ltr'>βίους</span> <span class='ocrx_word' id='word_1_111' title='bbox 779 1577 1072 1648; x_wconf 88' lang='grc' dir='ltr'>ἐκόσμησε,</span> <span class='ocrx_word' id='word_1_112' title='bbox 1125 1579 1221 1631; x_wconf 77' lang='grc' dir='ltr'><strong>καὶ</strong></span> <span class='ocrx_word' id='word_1_113' title='bbox 1262 1579 1360 1649; x_wconf 81' lang='grc' dir='ltr'>τῆς</span> <span class='ocrx_word' id='word_1_114' title='bbox 1419 1579 1649 1650; x_wconf 78' lang='grc' dir='ltr'>ἀρχικῆς</span> <span class='ocrx_word' id='word_1_115' title='bbox 1707 1580 1801 1634; x_wconf 77' lang='grc' dir='ltr'><strong>καὶ</strong></span> 
     </span>
    </p>
   </div>
   <div class='ocr_carea' id='block_1_18' title="bbox 235 1667 1800 1742">
    <p class='ocr_par' dir='ltr' id='par_1_18' title="bbox 235 1667 1800 1742">
     <span class='ocr_line' id='line_1_18' title="bbox 235 1667 1800 1742; baseline 0 -18"><span class='ocrx_word' id='word_1_116' title='bbox 235 1671 518 1742; x_wconf 76' lang='grc' dir='ltr'>βασιλικῆς</span> <span class='ocrx_word' id='word_1_117' title='bbox 544 1669 769 1740; x_wconf 81' lang='grc' dir='ltr'>Τριάδος</span> <span class='ocrx_word' id='word_1_118' title='bbox 800 1669 896 1740; x_wconf 78' lang='grc' dir='ltr'>τὴν</span> <span class='ocrx_word' id='word_1_119' title='bbox 929 1669 1157 1740; x_wconf 84' lang='grc' dir='ltr'>Θεότητα</span> <span class='ocrx_word' id='word_1_120' title='bbox 1193 1672 1550 1740; x_wconf 76' lang='grc' dir='ltr'>τεμνομένην,</span> <span class='ocrx_word' id='word_1_121' title='bbox 1583 1670 1696 1723; x_wconf 75' lang='grc' dir='ltr'>ἐστι</span> <span class='ocrx_word' id='word_1_122' title='bbox 1743 1667 1800 1724; x_wconf 80' lang='grc' dir='ltr'>δὲ</span> 
     </span>
    </p>
   </div>
   <div class='ocr_carea' id='block_1_19' title="bbox 232 1755 1800 1832">
    <p class='ocr_par' dir='ltr' id='par_1_19' title="bbox 232 1755 1800 1832">
     <span class='ocr_line' id='line_1_19' title="bbox 232 1755 1800 1832; baseline -0.001 -16"><span class='ocrx_word' id='word_1_123' title='bbox 232 1764 326 1832; x_wconf 80' lang='grc' dir='ltr'>ὑφ’</span> <span class='ocrx_word' id='word_1_124' title='bbox 353 1755 428 1816; x_wconf 82' lang='grc' dir='ltr'>ὧν</span> <span class='ocrx_word' id='word_1_125' title='bbox 483 1761 577 1814; x_wconf 73' lang='lat' dir='ltr'><strong>ml.</strong></span> <span class='ocrx_word' id='word_1_126' title='bbox 617 1759 1094 1830; x_wconf 79' lang='grc' dir='ltr'>συναλειφομένην,</span> <span class='ocrx_word' id='word_1_127' title='bbox 1145 1763 1224 1824; x_wconf 86' lang='grc' dir='ltr'>εἰς</span> <span class='ocrx_word' id='word_1_128' title='bbox 1269 1761 1332 1814; x_wconf 74' lang='grc' dir='ltr'>τὸ</span> <span class='ocrx_word' id='word_1_129' title='bbox 1373 1761 1596 1830; x_wconf 88' lang='grc' dir='ltr'>ἀρχαῖον</span> <span class='ocrx_word' id='word_1_130' title='bbox 1634 1763 1800 1814; x_wconf 83' lang='grc' dir='ltr'>ἐπαν-</span> 
     </span>
    </p>
   </div>
   <div class='ocr_carea' id='block_1_20' title="bbox 1897 584 3451 654">
    <p class='ocr_par' dir='ltr' id='par_1_20' title="bbox 1897 584 3451 654">
     <span class='ocr_line' id='line_1_20' title="bbox 1897 584 3451 654; baseline 0.003 -18"><span class='ocrx_word' id='word_1_131' title='bbox 1897 587 2090 641; x_wconf 91' lang='lat' dir='ltr'><strong>decora</strong></span> <span class='ocrx_word' id='word_1_132' title='bbox 2133 587 2197 639; x_wconf 87' lang='lat' dir='ltr'><strong>ad</strong></span> <span class='ocrx_word' id='word_1_133' title='bbox 2225 601 2414 640; x_wconf 90' lang='lat' dir='ltr'><strong>omnes</strong></span> <span class='ocrx_word' id='word_1_134' title='bbox 2446 584 2851 654; x_wconf 69' lang='lat' dir='ltr'><strong>perfectissima:</strong></span> <span class='ocrx_word' id='word_1_135' title='bbox 2895 585 3218 640; x_wconf 77' lang='lat' dir='ltr'><strong>laudationis</strong></span> <span class='ocrx_word' id='word_1_136' title='bbox 3259 601 3451 640; x_wconf 81' lang='lat' dir='ltr'><strong>nume-</strong></span> 
     </span>
    </p>
   </div>
   <div class='ocr_carea' id='block_1_21' title="bbox 1897 674 3455 746">
    <p class='ocr_par' dir='ltr' id='par_1_21' title="bbox 1897 674 3455 746">
     <span class='ocr_line' id='line_1_21' title="bbox 1897 674 3455 746; baseline 0 -16"><span class='ocrx_word' id='word_1_137' title='bbox 1897 692 1988 730; x_wconf 90' lang='lat' dir='ltr'><strong>ros</strong></span> <span class='ocrx_word' id='word_1_138' title='bbox 2016 676 2330 746; x_wconf 78' lang='lat' dir='ltr'><strong>explendas.</strong></span> <span class='ocrx_word' id='word_1_139' title='bbox 2371 674 2523 730; x_wconf 82' lang='lat' dir='ltr'><strong>Nunc</strong></span> <span class='ocrx_word' id='word_1_140' title='bbox 2562 685 2738 730; x_wconf 89' lang='lat' dir='ltr'><strong>autem</strong></span> <span class='ocrx_word' id='word_1_141' title='bbox 2801 685 2875 729; x_wconf 86' lang='lat' dir='ltr'><strong>tot</strong></span> <span class='ocrx_word' id='word_1_142' title='bbox 2923 686 3174 745; x_wconf 85' lang='lat' dir='ltr'><strong>tantaque</strong></span> <span class='ocrx_word' id='word_1_143' title='bbox 3219 675 3347 730; x_wconf 89' lang='lat' dir='ltr'><strong>mihi</strong></span> <span class='ocrx_word' id='word_1_144' title='bbox 3373 677 3455 730; x_wconf 61' lang='lat' dir='ltr'><strong>dio</strong></span> 
     </span>
    </p>
   </div>
   <div class='ocr_carea' id='block_1_22' title="bbox 1896 765 3455 835">
    <p class='ocr_par' dir='ltr' id='par_1_22' title="bbox 1896 765 3455 835">
     <span class='ocr_line' id='line_1_22' title="bbox 1896 765 3455 835; baseline 0.001 -16"><span class='ocrx_word' id='word_1_145' title='bbox 1896 766 2062 820; x_wconf 91' lang='lat' dir='ltr'><strong>cenda</strong></span> <span class='ocrx_word' id='word_1_146' title='bbox 2096 774 2381 834; x_wconf 81' lang='lat' dir='ltr'><strong>supersunt</strong></span> <span class='ocrx_word' id='word_1_147' title='bbox 2417 774 2476 820; x_wconf 89' lang='lat' dir='ltr'><strong>ut</strong></span> <span class='ocrx_word' id='word_1_148' title='bbox 2503 767 2661 820; x_wconf 84' lang='lat' dir='ltr'><strong>etiam</strong></span> <span class='ocrx_word' id='word_1_149' title='bbox 2687 765 2732 820; x_wconf 91' lang='lat' dir='ltr'><strong>si</strong></span> <span class='ocrx_word' id='word_1_150' title='bbox 2766 765 2898 819; x_wconf 88' lang='lat' dir='ltr'><strong>nihil</strong></span> <span class='ocrx_word' id='word_1_151' title='bbox 2926 781 3134 827; x_wconf 89' lang='lat' dir='ltr'><strong>eorum,</strong></span> <span class='ocrx_word' id='word_1_152' title='bbox 3164 781 3281 835; x_wconf 63' lang='lat' dir='ltr'><strong>quae</strong></span> <span class='ocrx_word' id='word_1_153' title='bbox 3305 769 3455 835; x_wconf 84' lang='lat' dir='ltr'><strong>prius</strong></span> 
     </span>
    </p>
   </div>
   <div class='ocr_carea' id='block_1_23' title="bbox 1897 857 3455 932">
    <p class='ocr_par' dir='ltr' id='par_1_23' title="bbox 1897 857 3455 932">
     <span class='ocr_line' id='line_1_23' title="bbox 1897 857 3455 932; baseline 0.002 -24"><span class='ocrx_word' id='word_1_154' title='bbox 1897 866 2305 932; x_wconf 87' lang='lat' dir='ltr'><strong>commemorata</strong></span> <span class='ocrx_word' id='word_1_155' title='bbox 2336 866 2480 920; x_wconf 89' lang='lat' dir='ltr'><strong>sunt,</strong></span> <span class='ocrx_word' id='word_1_156' title='bbox 2513 857 2614 926; x_wconf 88' lang='lat' dir='ltr'><strong>ipsi</strong></span> <span class='ocrx_word' id='word_1_157' title='bbox 2651 857 2717 911; x_wconf 90' lang='lat' dir='ltr'><strong>ad</strong></span> <span class='ocrx_word' id='word_1_158' title='bbox 2753 857 2960 911; x_wconf 89' lang='lat' dir='ltr'><strong>laudem</strong></span> <span class='ocrx_word' id='word_1_159' title='bbox 3001 866 3328 926; x_wconf 89' lang='lat' dir='ltr'><strong>suppeteret,</strong></span> <span class='ocrx_word' id='word_1_160' title='bbox 3371 857 3455 911; x_wconf 83' lang='lat' dir='ltr'><strong>his</strong></span> 
     </span>
    </p>
   </div>
   <div class='ocr_carea' id='block_1_24' title="bbox 1901 955 3454 1016">
    <p class='ocr_par' dir='ltr' id='par_1_24' title="bbox 1901 955 3454 1016">
     <span class='ocr_line' id='line_1_24' title="bbox 1901 955 3454 1016; baseline 0.003 -17"><span class='ocrx_word' id='word_1_161' title='bbox 1901 957 2098 1010; x_wconf 87' lang='lat' dir='ltr'><strong>tamen,</strong></span> <span class='ocrx_word' id='word_1_162' title='bbox 2148 963 2264 1016; x_wconf 70' lang='lat' dir='ltr'><strong>qua!</strong></span> <span class='ocrx_word' id='word_1_163' title='bbox 2313 958 2627 1016; x_wconf 84' lang='lat' dir='ltr'><strong>sequuntur,</strong></span> <span class='ocrx_word' id='word_1_164' title='bbox 2685 961 2873 1002; x_wconf 83' lang='lat' dir='ltr'><strong>omnes</strong></span> <span class='ocrx_word' id='word_1_165' title='bbox 2937 955 3194 1016; x_wconf 82' lang='lat' dir='ltr'><strong>superare</strong></span> <span class='ocrx_word' id='word_1_166' title='bbox 3248 957 3454 1016; x_wconf 58' lang='lat' dir='ltr'><strong>posset;</strong></span> 
     </span>
    </p>
   </div>
   <div class='ocr_carea' id='block_1_25' title="bbox 1897 1037 3452 1108">
    <p class='ocr_par' dir='ltr' id='par_1_25' title="bbox 1897 1037 3452 1108">
     <span class='ocr_line' id='line_1_25' title="bbox 1897 1037 3452 1108; baseline 0.001 -17"><span class='ocrx_word' id='word_1_167' title='bbox 1897 1037 2052 1100; x_wconf 84' lang='lat' dir='ltr'><strong>Nam,</strong></span> <span class='ocrx_word' id='word_1_168' title='bbox 2081 1048 2138 1090; x_wconf 91' lang='lat' dir='ltr'><strong>ut</strong></span> <span class='ocrx_word' id='word_1_169' title='bbox 2165 1039 2335 1091; x_wconf 89' lang='lat' dir='ltr'><strong>media</strong></span> <span class='ocrx_word' id='word_1_170' title='bbox 2376 1039 2628 1102; x_wconf 82' lang='lat' dir='ltr'><strong>incidam,</strong></span> <span class='ocrx_word' id='word_1_171' title='bbox 2662 1039 3003 1106; x_wconf 87' lang='lat' dir='ltr'><strong>pecuniarmu</strong></span> <span class='ocrx_word' id='word_1_172' title='bbox 3059 1049 3452 1108; x_wconf 84' lang='lat' dir='ltr'><strong>contemptum,</strong></span> 
     </span>
    </p>
   </div>
   <div class='ocr_carea' id='block_1_26' title="bbox 1900 1129 3457 1198">
    <p class='ocr_par' dir='ltr' id='par_1_26' title="bbox 1900 1129 3457 1198">
     <span class='ocr_line' id='line_1_26' title="bbox 1900 1129 3457 1198; baseline 0.001 -16"><span class='ocrx_word' id='word_1_173' title='bbox 1900 1129 2068 1182; x_wconf 81' lang='lat' dir='ltr'><strong>fastus</strong></span> <span class='ocrx_word' id='word_1_174' title='bbox 2100 1129 2574 1197; x_wconf 84' lang='lat' dir='ltr'><strong>compressiuuem,</strong></span> <span class='ocrx_word' id='word_1_175' title='bbox 2602 1131 2840 1198; x_wconf 88' lang='lat' dir='ltr'><strong>corporis</strong></span> <span class='ocrx_word' id='word_1_176' title='bbox 2875 1129 3228 1184; x_wconf 80' lang='lat' dir='ltr'><strong>frenatiouem</strong></span> <span class='ocrx_word' id='word_1_177' title='bbox 3265 1141 3317 1184; x_wconf 91' lang='lat' dir='ltr'><strong>et</strong></span> <span class='ocrx_word' id='word_1_178' title='bbox 3359 1146 3457 1198; x_wconf 80' lang='lat' dir='ltr'><strong>pu-</strong></span> 
     </span>
    </p>
   </div>
   <div class='ocr_carea' id='block_1_27' title="bbox 1899 1219 3456 1290">
    <p class='ocr_par' dir='ltr' id='par_1_27' title="bbox 1899 1219 3456 1290">
     <span class='ocr_line' id='line_1_27' title="bbox 1899 1219 3456 1290; baseline 0.004 -21"><span class='ocrx_word' id='word_1_179' title='bbox 1899 1219 2110 1272; x_wconf 90' lang='lat' dir='ltr'><strong>ritatem</strong></span> <span class='ocrx_word' id='word_1_180' title='bbox 2147 1234 2267 1273; x_wconf 91' lang='lat' dir='ltr'><strong>cum</strong></span> <span class='ocrx_word' id='word_1_181' title='bbox 2296 1221 2562 1287; x_wconf 91' lang='lat' dir='ltr'><strong>prioribus</strong></span> <span class='ocrx_word' id='word_1_182' title='bbox 2607 1220 2986 1288; x_wconf 81' lang='lat' dir='ltr'><strong>cupiditatibus</strong></span> <span class='ocrx_word' id='word_1_183' title='bbox 3021 1231 3368 1290; x_wconf 77' lang='lat' dir='ltr'><strong>pugnantem,</strong></span> <span class='ocrx_word' id='word_1_184' title='bbox 3401 1221 3456 1276; x_wconf 93' lang='lat' dir='ltr'><strong>in</strong></span> 
     </span>
    </p>
   </div>
   <div class='ocr_carea' id='block_1_28' title="bbox 1897 1309 3457 1380">
    <p class='ocr_par' dir='ltr' id='par_1_28' title="bbox 1897 1309 3457 1380">
     <span class='ocr_line' id='line_1_28' title="bbox 1897 1309 3457 1380; baseline 0.002 -20"><span class='ocrx_word' id='word_1_185' title='bbox 1897 1309 2091 1364; x_wconf 86' lang='lat' dir='ltr'><strong>vestitu</strong></span> <span class='ocrx_word' id='word_1_186' title='bbox 2151 1309 2562 1378; x_wconf 85' lang='lat' dir='ltr'><strong>philosophiam,</strong></span> <span class='ocrx_word' id='word_1_187' title='bbox 2613 1311 2663 1362; x_wconf 93' lang='lat' dir='ltr'><strong>iu</strong></span> <span class='ocrx_word' id='word_1_188' title='bbox 2718 1311 3096 1380; x_wconf 78' lang='lat' dir='ltr'><strong>congressibus</strong></span> <span class='ocrx_word' id='word_1_189' title='bbox 3140 1313 3457 1380; x_wconf 81' lang='lat' dir='ltr'><strong>gravitatem</strong></span> 
     </span>
    </p>
   </div>
   <div class='ocr_carea' id='block_1_29' title="bbox 1899 1400 3458 1470">
    <p class='ocr_par' dir='ltr' id='par_1_29' title="bbox 1899 1400 3458 1470">
     <span class='ocr_line' id='line_1_29' title="bbox 1899 1400 3458 1470; baseline 0.001 -16"><span class='ocrx_word' id='word_1_190' title='bbox 1899 1415 2020 1454; x_wconf 91' lang='lat' dir='ltr'><strong>cum</strong></span> <span class='ocrx_word' id='word_1_191' title='bbox 2066 1402 2398 1456; x_wconf 84' lang='lat' dir='ltr'><strong>humanitate</strong></span> <span class='ocrx_word' id='word_1_192' title='bbox 2423 1400 2783 1468; x_wconf 71' lang='lat' dir='ltr'><strong>coniunctam,</strong></span> <span class='ocrx_word' id='word_1_193' title='bbox 2819 1404 2932 1470; x_wconf 85' lang='lat' dir='ltr'><strong>pari</strong></span> <span class='ocrx_word' id='word_1_194' title='bbox 2969 1403 3253 1457; x_wconf 87' lang='lat' dir='ltr'><strong>intervallo</strong></span> <span class='ocrx_word' id='word_1_195' title='bbox 3275 1418 3305 1456; x_wconf 88' lang='lat' dir='ltr'><strong>a</strong></span> <span class='ocrx_word' id='word_1_196' title='bbox 3338 1403 3458 1456; x_wconf 87' lang='lat' dir='ltr'><strong>vili-</strong></span> 
     </span>
    </p>
   </div>
   <div class='ocr_carea' id='block_1_30' title="bbox 1901 1493 3458 1564">
    <p class='ocr_par' dir='ltr' id='par_1_30' title="bbox 1901 1493 3458 1564">
     <span class='ocr_line' id='line_1_30' title="bbox 1901 1493 3458 1564; baseline 0.001 -19"><span class='ocrx_word' id='word_1_197' title='bbox 1901 1501 2016 1546; x_wconf 86' lang='lat' dir='ltr'><strong>tate</strong></span> <span class='ocrx_word' id='word_1_198' title='bbox 2054 1503 2215 1562; x_wconf 88' lang='lat' dir='ltr'><strong>atque</strong></span> <span class='ocrx_word' id='word_1_199' title='bbox 2245 1493 2551 1564; x_wconf 82' lang='lat' dir='ltr'><strong>arrogantia</strong></span> <span class='ocrx_word' id='word_1_200' title='bbox 2589 1505 2870 1556; x_wconf 87' lang='lat' dir='ltr'><strong>remotam,</strong></span> <span class='ocrx_word' id='word_1_201' title='bbox 2904 1495 3254 1550; x_wconf 78' lang='lat' dir='ltr'><strong>chameunias</strong></span> <span class='ocrx_word' id='word_1_202' title='bbox 3300 1503 3352 1548; x_wconf 93' lang='lat' dir='ltr'><strong>et</strong></span> <span class='ocrx_word' id='word_1_203' title='bbox 3379 1495 3458 1546; x_wconf 79' lang='lat' dir='ltr'><strong>vi-</strong></span> 
     </span>
    </p>
   </div>
   <div class='ocr_carea' id='block_1_31' title="bbox 1899 1581 3457 1652">
    <p class='ocr_par' dir='ltr' id='par_1_31' title="bbox 1899 1581 3457 1652">
     <span class='ocr_line' id='line_1_31' title="bbox 1899 1581 3457 1652; baseline 0.002 -18"><span class='ocrx_word' id='word_1_204' title='bbox 1899 1581 2072 1650; x_wconf 78' lang='lat' dir='ltr'><strong>gilias,</strong></span> <span class='ocrx_word' id='word_1_205' title='bbox 2093 1581 2288 1650; x_wconf 88' lang='lat' dir='ltr'><strong>quibus</strong></span> <span class='ocrx_word' id='word_1_206' title='bbox 2317 1583 2497 1644; x_wconf 89' lang='lat' dir='ltr'><strong>homo,</strong></span> <span class='ocrx_word' id='word_1_207' title='bbox 2527 1583 2654 1637; x_wconf 90' lang='lat' dir='ltr'><strong>licet</strong></span> <span class='ocrx_word' id='word_1_208' title='bbox 2687 1584 2986 1652; x_wconf 87' lang='lat' dir='ltr'><strong>hujusmodi</strong></span> <span class='ocrx_word' id='word_1_209' title='bbox 3008 1599 3185 1638; x_wconf 88' lang='lat' dir='ltr'><strong>rerum</strong></span> <span class='ocrx_word' id='word_1_210' title='bbox 3222 1585 3457 1638; x_wconf 85' lang='lat' dir='ltr'><strong>studium</strong></span> 
     </span>
    </p>
   </div>
   <div class='ocr_carea' id='block_1_32' title="bbox 1899 1671 3461 1742">
    <p class='ocr_par' dir='ltr' id='par_1_32' title="bbox 1899 1671 3461 1742">
     <span class='ocr_line' id='line_1_32' title="bbox 1899 1671 3461 1742; baseline 0.002 -18"><span class='ocrx_word' id='word_1_211' title='bbox 1899 1685 2023 1726; x_wconf 90' lang='lat' dir='ltr'><strong>sero</strong></span> <span class='ocrx_word' id='word_1_212' title='bbox 2056 1671 2352 1742; x_wconf 73' lang='lat' dir='ltr'><strong>ingressus,</strong></span> <span class='ocrx_word' id='word_1_213' title='bbox 2383 1687 2476 1726; x_wconf 92' lang='lat' dir='ltr'><strong>eos</strong></span> <span class='ocrx_word' id='word_1_214' title='bbox 2509 1683 2706 1738; x_wconf 91' lang='lat' dir='ltr'><strong>tamen,</strong></span> <span class='ocrx_word' id='word_1_215' title='bbox 2737 1675 2826 1742; x_wconf 82' lang='lat' dir='ltr'><strong>qui</strong></span> <span class='ocrx_word' id='word_1_216' title='bbox 2861 1675 3068 1741; x_wconf 87' lang='lat' dir='ltr'><strong>priores</strong></span> <span class='ocrx_word' id='word_1_217' title='bbox 3094 1675 3194 1728; x_wconf 90' lang='lat' dir='ltr'><strong>hoc</strong></span> <span class='ocrx_word' id='word_1_218' title='bbox 3219 1674 3338 1727; x_wconf 75' lang='lat' dir='ltr'><strong>Viue</strong></span> <span class='ocrx_word' id='word_1_219' title='bbox 3369 1688 3461 1741; x_wconf 78' lang='lat' dir='ltr'><strong>ge-</strong></span> 
     </span>
    </p>
   </div>
   <div class='ocr_carea' id='block_1_33' title="bbox 1901 1763 3460 1837">
    <p class='ocr_par' dir='ltr' id='par_1_33' title="bbox 1901 1763 3460 1837">
     <span class='ocr_line' id='line_1_33' title="bbox 1901 1763 3460 1837; baseline 0.001 -19"><span class='ocrx_word' id='word_1_220' title='bbox 1901 1777 2002 1818; x_wconf 88' lang='lat' dir='ltr'><strong>nus</strong></span> <span class='ocrx_word' id='word_1_221' title='bbox 2033 1763 2262 1832; x_wconf 80' lang='lat' dir='ltr'><strong>amplexi</strong></span> <span class='ocrx_word' id='word_1_222' title='bbox 2303 1763 2540 1829; x_wconf 79' lang='lat' dir='ltr'><strong>fuerant,</strong></span> <span class='ocrx_word' id='word_1_223' title='bbox 2574 1765 2796 1819; x_wconf 89' lang='lat' dir='ltr'><strong>multum</strong></span> <span class='ocrx_word' id='word_1_224' title='bbox 2838 1763 3279 1837; x_wconf 65' lang='lat' dir='ltr'><strong>facilequcm</strong></span> <span class='ocrx_word' id='word_1_225' title='bbox 3301 1779 3460 1833; x_wconf 87' lang='lat' dir='ltr'><strong>supe-</strong></span> 
     </span>
    </p>
   </div>
   <div class='ocr_carea' id='block_1_34' title="bbox 228 1831 1817 1934">
    <p class='ocr_par' dir='ltr' id='par_1_34' title="bbox 228 1849 1795 1925">
     <span class='ocr_line' id='line_1_34' title="bbox 228 1849 1795 1925; baseline -0.001 -17"><span class='ocrx_word' id='word_1_226' title='bbox 228 1855 460 1925; x_wconf 81' lang='grc' dir='ltr'>ήγαγεν,</span> <span class='ocrx_word' id='word_1_227' title='bbox 488 1855 545 1905; x_wconf 86' lang='grc' dir='ltr'><strong>ἐν</strong></span> <span class='ocrx_word' id='word_1_228' title='bbox 583 1854 728 1923; x_wconf 84' lang='grc' dir='ltr'>ὅροις</span> <span class='ocrx_word' id='word_1_229' title='bbox 777 1852 965 1923; x_wconf 86' lang='grc' dir='ltr'>μείνας</span> <span class='ocrx_word' id='word_1_230' title='bbox 1005 1851 1262 1916; x_wconf 79' lang='grc' dir='ltr'>εὐσεϐοῦς</span> <span class='ocrx_word' id='word_1_231' title='bbox 1307 1851 1548 1915; x_wconf 82' lang='grc' dir='ltr'>ἐνώσεώς</span> <span class='ocrx_word' id='word_1_232' title='bbox 1595 1867 1655 1906; x_wconf 87' lang='grc' dir='ltr'><strong>τε</strong></span> <span class='ocrx_word' id='word_1_233' title='bbox 1704 1849 1795 1906; x_wconf 71' lang='grc' dir='ltr'><strong>καὶ</strong></span> 
     </span>
    </p>
   </div>
   <div class='ocr_carea' id='block_1_35' title="bbox 1910 1831 3461 1934">
    <p class='ocr_par' dir='ltr' id='par_1_35' title="bbox 1910 1831 3461 1934">
     <span class='ocr_line' id='line_1_35' title="bbox 1910 1831 3461 1934; baseline 0.001 -31"><span class='ocrx_word' id='word_1_234' title='bbox 1910 1853 2080 1934; x_wconf 70' lang='lat' dir='ltr'><strong>rabat;</strong></span> <span class='ocrx_word' id='word_1_235' title='bbox 2107 1831 2334 1908; x_wconf 86' lang='lat' dir='ltr'><strong>utetiam</strong></span> <span class='ocrx_word' id='word_1_236' title='bbox 2355 1855 2612 1909; x_wconf 79' lang='lat' dir='ltr'><strong>doctrina:</strong></span> <span class='ocrx_word' id='word_1_237' title='bbox 2628 1855 2836 1934; x_wconf 84' lang='lat' dir='ltr'><strong>copiam</strong></span> <span class='ocrx_word' id='word_1_238' title='bbox 2859 1866 2914 1909; x_wconf 93' lang='lat' dir='ltr'><strong>et</strong></span> <span class='ocrx_word' id='word_1_239' title='bbox 2937 1831 3461 1921; x_wconf 60' lang='lat' dir='ltr'><strong>libertateuisileanr,</strong></span> 
     </span>
    </p>
   </div>
   <div class='ocr_carea' id='block_1_36' title="bbox 229 1941 1792 2017">
    <p class='ocr_par' dir='ltr' id='par_1_36' title="bbox 229 1941 1792 2017">
     <span class='ocr_line' id='line_1_36' title="bbox 229 1941 1792 2017; baseline -0.002 -19"><span class='ocrx_word' id='word_1_240' title='bbox 229 1946 694 2017; x_wconf 65' lang='grc' dir='ltr'>συναριθμήσεως</span> <span class='ocrx_word' id='word_1_241' title='bbox 724 1943 811 1996; x_wconf 82' lang='grc' dir='ltr'><strong>ἵνα</strong></span> <span class='ocrx_word' id='word_1_242' title='bbox 841 1941 1011 1995; x_wconf 77' lang='grc' dir='ltr'>ταῦτα</span> <span class='ocrx_word' id='word_1_243' title='bbox 1041 1941 1243 1995; x_wconf 85' lang='grc' dir='ltr'>συνέλω</span> <span class='ocrx_word' id='word_1_244' title='bbox 1271 1941 1359 1995; x_wconf 90' lang='grc' dir='ltr'><strong>διά</strong></span> <span class='ocrx_word' id='word_1_245' title='bbox 1384 1942 1480 2014; x_wconf 81' lang='grc' dir='ltr'>τὴν</span> <span class='ocrx_word' id='word_1_246' title='bbox 1507 1943 1792 2014; x_wconf 87' lang='grc' dir='ltr'>ἀμετρίαν,</span> 
     </span>
    </p>
   </div>
   <div class='ocr_carea' id='block_1_37' title="bbox 223 2032 1686 2109">
    <p class='ocr_par' dir='ltr' id='par_1_37' title="bbox 223 2032 1686 2109">
     <span class='ocr_line' id='line_1_37' title="bbox 223 2032 1686 2109; baseline -0.002 -19"><span class='ocrx_word' id='word_1_247' title='bbox 223 2040 293 2109; x_wconf 79' lang='grc' dir='ltr'>τῇ</span> <span class='ocrx_word' id='word_1_248' title='bbox 354 2036 447 2090; x_wconf 81' lang='grc' dir='ltr'>τοῦ</span> <span class='ocrx_word' id='word_1_249' title='bbox 475 2035 586 2106; x_wconf 82' lang='grc' dir='ltr'>βίου</span> <span class='ocrx_word' id='word_1_250' title='bbox 631 2033 916 2087; x_wconf 82' lang='grc' dir='ltr'>καταλύσει</span> <span class='ocrx_word' id='word_1_251' title='bbox 955 2032 1345 2102; x_wconf 83' lang='grc' dir='ltr'>συγκαταλύσω</span> <span class='ocrx_word' id='word_1_252' title='bbox 1387 2033 1478 2086; x_wconf 85' lang='grc' dir='ltr'><strong>τὸν</strong></span> <span class='ocrx_word' id='word_1_253' title='bbox 1511 2033 1686 2102; x_wconf 83' lang='grc' dir='ltr'>λόγον.</span> 
     </span>
    </p>
   </div>
   <div class='ocr_carea' id='block_1_38' title="bbox 1901 1946 3461 2016">
    <p class='ocr_par' dir='ltr' id='par_1_38' title="bbox 1901 1946 3461 2016">
     <span class='ocr_line' id='line_1_38' title="bbox 1901 1946 3461 2016; baseline 0.004 -22"><span class='ocrx_word' id='word_1_254' title='bbox 1901 1959 2004 2012; x_wconf 86' lang='lat' dir='ltr'><strong>qua</strong></span> <span class='ocrx_word' id='word_1_255' title='bbox 2054 1955 2108 1998; x_wconf 90' lang='lat' dir='ltr'><strong>et</strong></span> <span class='ocrx_word' id='word_1_256' title='bbox 2159 1946 2395 1999; x_wconf 89' lang='lat' dir='ltr'><strong>oumium</strong></span> <span class='ocrx_word' id='word_1_257' title='bbox 2465 1962 2646 2002; x_wconf 88' lang='lat' dir='ltr'><strong>mores</strong></span> <span class='ocrx_word' id='word_1_258' title='bbox 2691 1948 2965 2010; x_wconf 81' lang='lat' dir='ltr'><strong>instruxit,</strong></span> <span class='ocrx_word' id='word_1_259' title='bbox 3033 1958 3087 2002; x_wconf 91' lang='lat' dir='ltr'><strong>et</strong></span> <span class='ocrx_word' id='word_1_260' title='bbox 3149 1949 3461 2016; x_wconf 74' lang='lat' dir='ltr'><strong>dogmatum</strong></span> 
     </span>
    </p>
   </div>
   <div class='ocr_carea' id='block_1_39' title="bbox 1901 2033 3460 2100">
    <p class='ocr_par' dir='ltr' id='par_1_39' title="bbox 1901 2033 3460 2100">
     <span class='ocr_line' id='line_1_39' title="bbox 1901 2033 3460 2100; baseline 0.003 -14"><span class='ocrx_word' id='word_1_261' title='bbox 1901 2033 2167 2087; x_wconf 85' lang='lat' dir='ltr'><strong>inscitiam</strong></span> <span class='ocrx_word' id='word_1_262' title='bbox 2227 2036 2462 2100; x_wconf 81' lang='lat' dir='ltr'><strong>sustulit,</strong></span> <span class='ocrx_word' id='word_1_263' title='bbox 2520 2046 2574 2090; x_wconf 87' lang='lat' dir='ltr'><strong>et</strong></span> <span class='ocrx_word' id='word_1_264' title='bbox 2623 2036 2893 2090; x_wconf 90' lang='lat' dir='ltr'><strong>clarorqu</strong></span> <span class='ocrx_word' id='word_1_265' title='bbox 2959 2037 3238 2093; x_wconf 88' lang='lat' dir='ltr'><strong>hominum</strong></span> <span class='ocrx_word' id='word_1_266' title='bbox 3298 2039 3460 2090; x_wconf 86' lang='lat' dir='ltr'><strong>vitam</strong></span> 
     </span>
    </p>
   </div>
   <div class='ocr_carea' id='block_1_40' title="bbox 221 2123 3462 2194">
    <p class='ocr_par' dir='ltr' id='par_1_40' title="bbox 221 2123 3462 2194">
     <span class='ocr_line' id='line_1_40' title="bbox 221 2123 3462 2194; baseline 0.001 -13"><span class='ocrx_word' id='word_1_267' title='bbox 221 2126 528 2187; x_wconf 75' lang='lat' dir='ltr'><strong>exornavit.</strong></span> <span class='ocrx_word' id='word_1_268' title='bbox 557 2134 610 2179; x_wconf 92' lang='lat' dir='ltr'><strong>et</strong></span> <span class='ocrx_word' id='word_1_269' title='bbox 637 2124 891 2194; x_wconf 86' lang='lat' dir='ltr'><strong>principis</strong></span> <span class='ocrx_word' id='word_1_270' title='bbox 954 2125 1253 2192; x_wconf 65' lang='grc' dir='ltr'>τηε-νοεῖτε</span> <span class='ocrx_word' id='word_1_271' title='bbox 1315 2123 1600 2180; x_wconf 87' lang='lat' dir='ltr'><strong>Trinitatis</strong></span> <span class='ocrx_word' id='word_1_272' title='bbox 1669 2123 2025 2190; x_wconf 81' lang='lat' dir='ltr'><strong>divinitatem,</strong></span> <span class='ocrx_word' id='word_1_273' title='bbox 2075 2142 2232 2193; x_wconf 90' lang='lat' dir='ltr'><strong>quam</strong></span> <span class='ocrx_word' id='word_1_274' title='bbox 2283 2130 2522 2182; x_wconf 90' lang='lat' dir='ltr'><strong>nonnulli</strong></span> <span class='ocrx_word' id='word_1_275' title='bbox 2579 2130 2915 2188; x_wconf 84' lang='lat' dir='ltr'><strong>scindebant,</strong></span> <span class='ocrx_word' id='word_1_276' title='bbox 2961 2131 3198 2184; x_wconf 90' lang='lat' dir='ltr'><strong>nonnulli</strong></span> <span class='ocrx_word' id='word_1_277' title='bbox 3251 2147 3462 2192; x_wconf 88' lang='lat' dir='ltr'><strong>rursum</strong></span> 
     </span>
    </p>
   </div>
   <div class='ocr_carea' id='block_1_41' title="bbox 224 2216 3465 2286">
    <p class='ocr_par' dir='ltr' id='par_1_41' title="bbox 224 2216 3465 2286">
     <span class='ocr_line' id='line_1_41' title="bbox 224 2216 3465 2286; baseline 0.002 -16"><span class='ocrx_word' id='word_1_278' title='bbox 224 2217 633 2279; x_wconf 84' lang='lat' dir='ltr'><strong>contrahebant,</strong></span> <span class='ocrx_word' id='word_1_279' title='bbox 675 2217 738 2268; x_wconf 89' lang='lat' dir='ltr'><strong>ad</strong></span> <span class='ocrx_word' id='word_1_280' title='bbox 770 2227 1001 2269; x_wconf 86' lang='lat' dir='ltr'><strong>veterem</strong></span> <span class='ocrx_word' id='word_1_281' title='bbox 1029 2225 1229 2269; x_wconf 90' lang='lat' dir='ltr'><strong>statum</strong></span> <span class='ocrx_word' id='word_1_282' title='bbox 1290 2217 1521 2279; x_wconf 81' lang='lat' dir='ltr'><strong>reduxit.</strong></span> <span class='ocrx_word' id='word_1_283' title='bbox 1582 2216 1682 2286; x_wconf 84' lang='lat' dir='ltr'><strong>piae</strong></span> <span class='ocrx_word' id='word_1_284' title='bbox 1738 2216 1982 2272; x_wconf 85' lang='lat' dir='ltr'><strong>videlicet</strong></span> <span class='ocrx_word' id='word_1_285' title='bbox 2045 2219 2258 2274; x_wconf 87' lang='lat' dir='ltr'><strong>uuionis</strong></span> <span class='ocrx_word' id='word_1_286' title='bbox 2297 2231 2351 2274; x_wconf 91' lang='lat' dir='ltr'><strong>et</strong></span> <span class='ocrx_word' id='word_1_287' title='bbox 2399 2221 2896 2275; x_wconf 89' lang='lat' dir='ltr'><strong>counumeratiouis</strong></span> <span class='ocrx_word' id='word_1_288' title='bbox 2948 2220 3142 2276; x_wconf 86' lang='lat' dir='ltr'><strong>[lnihus</strong></span> <span class='ocrx_word' id='word_1_289' title='bbox 3172 2237 3291 2277; x_wconf 87' lang='lat' dir='ltr'><strong>sese</strong></span> <span class='ocrx_word' id='word_1_290' title='bbox 3336 2238 3465 2277; x_wconf 82' lang='lat' dir='ltr'><strong>con-</strong></span> 
     </span>
    </p>
   </div>
   <div class='ocr_carea' id='block_1_42' title="bbox 225 2307 3464 2382">
    <p class='ocr_par' dir='ltr' id='par_1_42' title="bbox 225 2307 3464 2382">
     <span class='ocr_line' id='line_1_42' title="bbox 225 2307 3464 2382; baseline 0.002 -20"><span class='ocrx_word' id='word_1_291' title='bbox 225 2309 404 2363; x_wconf 90' lang='lat' dir='ltr'><strong>tinens</strong></span> <span class='ocrx_word' id='word_1_292' title='bbox 437 2326 451 2362; x_wconf 90' lang='lat'><strong>:</strong></span> <span class='ocrx_word' id='word_1_293' title='bbox 483 2318 542 2362; x_wconf 92' lang='lat' dir='ltr'><strong>ut</strong></span> <span class='ocrx_word' id='word_1_294' title='bbox 577 2308 712 2369; x_wconf 71' lang='lat' dir='ltr'><strong>haec,</strong></span> <span class='ocrx_word' id='word_1_295' title='bbox 776 2307 1016 2376; x_wconf 85' lang='lat' dir='ltr'><strong>inquam,</strong></span> <span class='ocrx_word' id='word_1_296' title='bbox 1083 2308 1285 2371; x_wconf 89' lang='lat' dir='ltr'><strong>omnia,</strong></span> <span class='ocrx_word' id='word_1_297' title='bbox 1326 2323 1392 2362; x_wconf 92' lang='lat' dir='ltr'><strong>ne</strong></span> <span class='ocrx_word' id='word_1_298' title='bbox 1425 2309 1641 2362; x_wconf 90' lang='lat' dir='ltr'><strong>modum</strong></span> <span class='ocrx_word' id='word_1_299' title='bbox 1686 2308 1860 2362; x_wconf 87' lang='lat' dir='ltr'><strong>oratio</strong></span> <span class='ocrx_word' id='word_1_300' title='bbox 1897 2309 2147 2376; x_wconf 77' lang='lat' dir='ltr'><strong>excedat,</strong></span> <span class='ocrx_word' id='word_1_301' title='bbox 2191 2311 2528 2376; x_wconf 89' lang='lat' dir='ltr'><strong>coutraham,</strong></span> <span class='ocrx_word' id='word_1_302' title='bbox 2559 2327 2662 2366; x_wconf 89' lang='lat' dir='ltr'><strong>una</strong></span> <span class='ocrx_word' id='word_1_303' title='bbox 2690 2327 2811 2367; x_wconf 90' lang='lat' dir='ltr'><strong>cum</strong></span> <span class='ocrx_word' id='word_1_304' title='bbox 2861 2313 2984 2367; x_wconf 74' lang='lat' dir='ltr'><strong>vita:</strong></span> <span class='ocrx_word' id='word_1_305' title='bbox 3017 2314 3183 2382; x_wconf 87' lang='lat' dir='ltr'><strong>ipsius</strong></span> <span class='ocrx_word' id='word_1_306' title='bbox 3208 2315 3330 2378; x_wconf 82' lang='lat' dir='ltr'><strong>ﬁne,</strong></span> <span class='ocrx_word' id='word_1_307' title='bbox 3380 2315 3464 2370; x_wconf 83' lang='lat' dir='ltr'><strong>di-</strong></span> 
     </span>
    </p>
   </div>
   <div class='ocr_carea' id='block_1_43' title="bbox 223 2397 821 2454">
    <p class='ocr_par' dir='ltr' id='par_1_43' title="bbox 223 2397 821 2454">
     <span class='ocr_line' id='line_1_43' title="bbox 223 2397 821 2454; baseline -0.005 0"><span class='ocrx_word' id='word_1_308' title='bbox 223 2399 382 2454; x_wconf 88' lang='lat' dir='ltr'><strong>cendi</strong></span> <span class='ocrx_word' id='word_1_309' title='bbox 414 2399 575 2453; x_wconf 81' lang='lat' dir='ltr'><strong>ﬁnem</strong></span> <span class='ocrx_word' id='word_1_310' title='bbox 605 2397 821 2452; x_wconf 82' lang='lat' dir='ltr'><strong>faciam.</strong></span> 
     </span>
    </p>
   </div>
   <div class='ocr_carea' id='block_1_44' title="bbox 302 2486 1797 2559">
    <p class='ocr_par' dir='ltr' id='par_1_44' title="bbox 302 2486 1797 2559">
     <span class='ocr_line' id='line_1_44' title="bbox 302 2486 1797 2559; baseline -0.001 -17"><span class='ocrx_word' id='word_1_311' title='bbox 302 2491 395 2542; x_wconf 83' lang='lat' dir='ltr'><strong>lA&#39;.</strong></span> <span class='ocrx_word' id='word_1_312' title='bbox 442 2488 720 2559; x_wconf 87' lang='grc' dir='ltr'>Ἐμαίνετο</span> <span class='ocrx_word' id='word_1_313' title='bbox 769 2487 888 2540; x_wconf 81' lang='grc' dir='ltr'>καθ’</span> <span class='ocrx_word' id='word_1_314' title='bbox 918 2486 1074 2558; x_wconf 79' lang='grc' dir='ltr'>ἡμῶν</span> <span class='ocrx_word' id='word_1_315' title='bbox 1107 2486 1289 2549; x_wconf 79' lang='grc' dir='ltr'>Δέκιος</span> <span class='ocrx_word' id='word_1_316' title='bbox 1315 2486 1446 2557; x_wconf 77' lang='grc'><strong>(14),</strong></span> <span class='ocrx_word' id='word_1_317' title='bbox 1475 2487 1568 2540; x_wconf 80' lang='grc' dir='ltr'><strong>καὶ</strong></span> <span class='ocrx_word' id='word_1_318' title='bbox 1617 2487 1797 2551; x_wconf 88' lang='grc' dir='ltr'>πάσας</span> 
     </span>
    </p>
   </div>
   <div class='ocr_carea' id='block_1_45' title="bbox 225 2578 1796 2650">
    <p class='ocr_par' dir='ltr' id='par_1_45' title="bbox 225 2578 1796 2650">
     <span class='ocr_line' id='line_1_45' title="bbox 225 2578 1796 2650; baseline -0.003 -15"><span class='ocrx_word' id='word_1_319' title='bbox 225 2581 374 2643; x_wconf 87' lang='grc' dir='ltr'>ίδέας</span> <span class='ocrx_word' id='word_1_320' title='bbox 408 2578 677 2634; x_wconf 81' lang='grc' dir='ltr'>κολάσεων</span> <span class='ocrx_word' id='word_1_321' title='bbox 708 2579 939 2644; x_wconf 80' lang='grc' dir='ltr'>ἐπενόει,</span> <span class='ocrx_word' id='word_1_322' title='bbox 974 2579 1068 2631; x_wconf 72' lang='grc' dir='ltr'><strong>καὶ</strong></span> <span class='ocrx_word' id='word_1_323' title='bbox 1098 2579 1165 2631; x_wconf 81' lang='grc' dir='ltr'><strong>τά</strong></span> <span class='ocrx_word' id='word_1_324' title='bbox 1207 2579 1304 2649; x_wconf 80' lang='grc' dir='ltr'><strong>μὲν</strong></span> <span class='ocrx_word' id='word_1_325' title='bbox 1328 2580 1427 2650; x_wconf 68' lang='grc' dir='ltr'>ἤδη</span> <span class='ocrx_word' id='word_1_326' title='bbox 1463 2579 1643 2650; x_wconf 81' lang='grc' dir='ltr'>παρῆν</span> <span class='ocrx_word' id='word_1_327' title='bbox 1689 2581 1796 2632; x_wconf 78' lang='grc' dir='ltr'><strong>τῶν</strong></span> 
     </span>
    </p>
   </div>
   <div class='ocr_carea' id='block_1_46' title="bbox 221 2669 1795 2741">
    <p class='ocr_par' dir='ltr' id='par_1_46' title="bbox 221 2669 1795 2741">
     <span class='ocr_line' id='line_1_46' title="bbox 221 2669 1795 2741; baseline -0.001 -15"><span class='ocrx_word' id='word_1_328' title='bbox 221 2672 434 2738; x_wconf 84' lang='grc' dir='ltr'>δεινῶν,</span> <span class='ocrx_word' id='word_1_329' title='bbox 468 2671 536 2725; x_wconf 88' lang='grc' dir='ltr'><strong>τά</strong></span> <span class='ocrx_word' id='word_1_330' title='bbox 580 2672 636 2725; x_wconf 82' lang='grc' dir='ltr'>δὲ</span> <span class='ocrx_word' id='word_1_331' title='bbox 680 2671 922 2741; x_wconf 77' lang='grc' dir='ltr'>ἔμελλενο</span> <span class='ocrx_word' id='word_1_332' title='bbox 981 2671 1093 2724; x_wconf 75' lang='grc' dir='ltr'>ἴσον</span> <span class='ocrx_word' id='word_1_333' title='bbox 1133 2669 1189 2722; x_wconf 78' lang='grc' dir='ltr'>δὲ</span> <span class='ocrx_word' id='word_1_334' title='bbox 1222 2669 1506 2740; x_wconf 81' lang='grc' dir='ltr'>ἀγώνισμα</span> <span class='ocrx_word' id='word_1_335' title='bbox 1537 2673 1795 2736; x_wconf 84' lang='grc' dir='ltr'>ποιεῖται,</span> 
     </span>
    </p>
   </div>
   <div class='ocr_carea' id='block_1_47' title="bbox 222 2762 1798 2838">
    <p class='ocr_par' dir='ltr' id='par_1_47' title="bbox 222 2762 1798 2838">
     <span class='ocr_line' id='line_1_47' title="bbox 222 2762 1798 2838; baseline -0.001 -19"><span class='ocrx_word' id='word_1_336' title='bbox 222 2768 320 2820; x_wconf 78' lang='grc' dir='ltr'><strong>καὶ</strong></span> <span class='ocrx_word' id='word_1_337' title='bbox 347 2764 704 2838; x_wconf 76' lang='grc' dir='ltr'>Χριστιανοὺς</span> <span class='ocrx_word' id='word_1_338' title='bbox 739 2763 897 2825; x_wconf 75' lang='grc' dir='ltr'>ἑλεῖν,</span> <span class='ocrx_word' id='word_1_339' title='bbox 951 2763 1042 2816; x_wconf 74' lang='grc' dir='ltr'><strong>καὶ</strong></span> <span class='ocrx_word' id='word_1_340' title='bbox 1072 2765 1196 2824; x_wconf 78' lang='grc' dir='ltr'>τοὺς</span> <span class='ocrx_word' id='word_1_341' title='bbox 1228 2762 1333 2834; x_wconf 79' lang='grc' dir='ltr'>πρὸ</span> <span class='ocrx_word' id='word_1_342' title='bbox 1367 2763 1530 2816; x_wconf 77' lang='grc' dir='ltr'>αὐτοῦ</span> <span class='ocrx_word' id='word_1_343' title='bbox 1568 2763 1798 2828; x_wconf 85' lang='grc' dir='ltr'>διώκτας</span> 
     </span>
    </p>
   </div>
   <div class='ocr_carea' id='block_1_48' title="bbox 222 2853 1796 2928">
    <p class='ocr_par' dir='ltr' id='par_1_48' title="bbox 222 2853 1796 2928">
     <span class='ocr_line' id='line_1_48' title="bbox 222 2853 1796 2928; baseline -0.004 -17"><span class='ocrx_word' id='word_1_344' title='bbox 222 2857 572 2928; x_wconf 80' lang='grc' dir='ltr'>ὑπερϐαλεῖν,</span> <span class='ocrx_word' id='word_1_345' title='bbox 639 2854 836 2926; x_wconf 80' lang='grc' dir='ltr'>μᾶλλον</span> <span class='ocrx_word' id='word_1_346' title='bbox 888 2853 1028 2926; x_wconf 83' lang='grc' dir='ltr'>δὲ,ἢ</span> <span class='ocrx_word' id='word_1_347' title='bbox 1079 2855 1434 2923; x_wconf 73' lang='grc' dir='ltr'>Χριστιανοὺς</span> <span class='ocrx_word' id='word_1_348' title='bbox 1492 2855 1715 2918; x_wconf 84' lang='grc' dir='ltr'>πάντας,</span> <span class='ocrx_word' id='word_1_349' title='bbox 1763 2855 1796 2926; x_wconf 81' lang='grc' dir='ltr'>ἢ</span> 
     </span>
    </p>
   </div>
   <div class='ocr_carea' id='block_1_49' title="bbox 221 2945 1800 3021">
    <p class='ocr_par' dir='ltr' id='par_1_49' title="bbox 221 2945 1800 3021">
     <span class='ocr_line' id='line_1_49' title="bbox 221 2945 1800 3021; baseline -0.003 -20"><span class='ocrx_word' id='word_1_350' title='bbox 221 2948 540 3021; x_wconf 78' lang='grc' dir='ltr'>Κυπριανδν</span> <span class='ocrx_word' id='word_1_351' title='bbox 593 2947 746 3018; x_wconf 85' lang='grc' dir='ltr'>μόνον</span> <span class='ocrx_word' id='word_1_352' title='bbox 778 2947 914 2998; x_wconf 75' lang='grc' dir='ltr'>ἑλεῖν</span> <span class='ocrx_word' id='word_1_353' title='bbox 942 2963 1002 2997; x_wconf 87' lang='grc' dir='ltr'><strong>τε</strong></span> <span class='ocrx_word' id='word_1_354' title='bbox 1031 2945 1122 2999; x_wconf 72' lang='grc' dir='ltr'><strong>καὶ</strong></span> <span class='ocrx_word' id='word_1_355' title='bbox 1151 2945 1618 3016; x_wconf 77' lang='grc' dir='ltr'>παραστήσασθαι.</span> <span class='ocrx_word' id='word_1_356' title='bbox 1651 2948 1800 3016; x_wconf 88' lang='grc' dir='ltr'><strong>Ὄσῳ</strong></span> 
     </span>
    </p>
   </div>
   <div class='ocr_carea' id='block_1_50' title="bbox 221 3033 1794 3110">
    <p class='ocr_par' dir='ltr' id='par_1_50' title="bbox 221 3033 1794 3110">
     <span class='ocr_line' id='line_1_50' title="bbox 221 3033 1794 3110; baseline -0.003 -19"><span class='ocrx_word' id='word_1_357' title='bbox 221 3039 337 3110; x_wconf 66' lang='grc' dir='ltr'><strong>γὰρ</strong></span> <span class='ocrx_word' id='word_1_358' title='bbox 387 3036 636 3107; x_wconf 80' lang='grc' dir='ltr'>εὐσεϐείᾳ</span> <span class='ocrx_word' id='word_1_359' title='bbox 666 3052 724 3088; x_wconf 86' lang='grc' dir='ltr'><strong>τε</strong></span> <span class='ocrx_word' id='word_1_360' title='bbox 764 3035 856 3087; x_wconf 70' lang='grc' dir='ltr'><strong>καὶ</strong></span> <span class='ocrx_word' id='word_1_361' title='bbox 882 3034 1004 3105; x_wconf 80' lang='grc' dir='ltr'>δόξῃ</span> <span class='ocrx_word' id='word_1_362' title='bbox 1062 3033 1339 3105; x_wconf 79' lang='grc' dir='ltr'>διαφέρειν</span> <span class='ocrx_word' id='word_1_363' title='bbox 1364 3036 1454 3087; x_wconf 80' lang='grc' dir='ltr'><strong>τὸν</strong></span> <span class='ocrx_word' id='word_1_364' title='bbox 1479 3035 1643 3106; x_wconf 83' lang='grc' dir='ltr'>ἄνδρα</span> <span class='ocrx_word' id='word_1_365' title='bbox 1679 3036 1794 3104; x_wconf 80' lang='grc' dir='ltr'>ἐγί-</span> 
     </span>
    </p>
   </div>
   <div class='ocr_carea' id='block_1_51' title="bbox 224 3125 1799 3200">
    <p class='ocr_par' dir='ltr' id='par_1_51' title="bbox 224 3125 1799 3200">
     <span class='ocr_line' id='line_1_51' title="bbox 224 3125 1799 3200; baseline 0.001 -19"><span class='ocrx_word' id='word_1_366' title='bbox 224 3128 426 3192; x_wconf 84' lang='grc' dir='ltr'>νωσκε,</span> <span class='ocrx_word' id='word_1_367' title='bbox 477 3127 711 3198; x_wconf 85' lang='grc' dir='ltr'>τοσούτῳ</span> <span class='ocrx_word' id='word_1_368' title='bbox 756 3127 864 3195; x_wconf 79' lang='grc' dir='ltr'><strong>(Ιὸ)</strong></span> <span class='ocrx_word' id='word_1_369' title='bbox 911 3127 1004 3179; x_wconf 74' lang='grc' dir='ltr'><strong>καὶ</strong></span> <span class='ocrx_word' id='word_1_370' title='bbox 1027 3126 1124 3196; x_wconf 81' lang='grc' dir='ltr'><strong>τὴν</strong></span> <span class='ocrx_word' id='word_1_371' title='bbox 1158 3125 1312 3197; x_wconf 87' lang='grc' dir='ltr'>νίκην</span> <span class='ocrx_word' id='word_1_372' title='bbox 1350 3127 1526 3198; x_wconf 81' lang='grc' dir='ltr'>ἐαυτῷ</span> <span class='ocrx_word' id='word_1_373' title='bbox 1571 3146 1799 3200; x_wconf 83' lang='grc' dir='ltr'>περιφα-</span> 
     </span>
    </p>
   </div>
   <div class='ocr_carea' id='block_1_52' title="bbox 222 3217 1798 3292">
    <p class='ocr_par' dir='ltr' id='par_1_52' title="bbox 222 3217 1798 3292">
     <span class='ocr_line' id='line_1_52' title="bbox 222 3217 1798 3292; baseline -0.001 -18"><span class='ocrx_word' id='word_1_374' title='bbox 222 3221 492 3290; x_wconf 80' lang='grc' dir='ltr'>νεστέραν</span> <span class='ocrx_word' id='word_1_375' title='bbox 525 3220 669 3290; x_wconf 81' lang='grc' dir='ltr'>ἐώρα</span> <span class='ocrx_word' id='word_1_376' title='bbox 716 3218 808 3270; x_wconf 73' lang='grc' dir='ltr'><strong>καὶ</strong></span> <span class='ocrx_word' id='word_1_377' title='bbox 839 3217 1242 3288; x_wconf 83' lang='grc' dir='ltr'>λαμπροτέραν,</span> <span class='ocrx_word' id='word_1_378' title='bbox 1269 3219 1315 3270; x_wconf 83' lang='grc' dir='ltr'>εἰ</span> <span class='ocrx_word' id='word_1_379' title='bbox 1358 3220 1544 3273; x_wconf 80' lang='grc' dir='ltr'>τούτου</span> <span class='ocrx_word' id='word_1_380' title='bbox 1596 3223 1798 3292; x_wconf 81' lang='grc' dir='ltr'>κρατή-</span> 
     </span>
    </p>
   </div>
   <div class='ocr_carea' id='block_1_53' title="bbox 1972 2481 3468 2554">
    <p class='ocr_par' dir='ltr' id='par_1_53' title="bbox 1972 2481 3468 2554">
     <span class='ocr_line' id='line_1_53' title="bbox 1972 2481 3468 2554; baseline 0.001 -17"><span class='ocrx_word' id='word_1_381' title='bbox 1972 2482 2113 2537; x_wconf 78' lang='lat' dir='ltr'><strong>XIV.</strong></span> <span class='ocrx_word' id='word_1_382' title='bbox 2161 2481 2401 2538; x_wconf 86' lang='lat' dir='ltr'><strong>Furebat</strong></span> <span class='ocrx_word' id='word_1_383' title='bbox 2448 2482 2706 2538; x_wconf 88' lang='lat' dir='ltr'><strong>adversus</strong></span> <span class='ocrx_word' id='word_1_384' title='bbox 2755 2499 2854 2539; x_wconf 88' lang='lat' dir='ltr'><strong>nos</strong></span> <span class='ocrx_word' id='word_1_385' title='bbox 2908 2485 3120 2552; x_wconf 89' lang='lat' dir='ltr'><strong>Decius,</strong></span> <span class='ocrx_word' id='word_1_386' title='bbox 3179 2486 3468 2554; x_wconf 87' lang='lat' dir='ltr'><strong>omniaque</strong></span> 
     </span>
    </p>
   </div>
   <div class='ocr_carea' id='block_1_54' title="bbox 1903 2575 3466 2646">
    <p class='ocr_par' dir='ltr' id='par_1_54' title="bbox 1903 2575 3466 2646">
     <span class='ocr_line' id='line_1_54' title="bbox 1903 2575 3466 2646; baseline 0.001 -16"><span class='ocrx_word' id='word_1_387' title='bbox 1903 2583 2292 2630; x_wconf 82' lang='lat' dir='ltr'><strong>tormentorum</strong></span> <span class='ocrx_word' id='word_1_388' title='bbox 2359 2589 2551 2643; x_wconf 77' lang='lat' dir='ltr'><strong>genera</strong></span> <span class='ocrx_word' id='word_1_389' title='bbox 2601 2575 2975 2645; x_wconf 80' lang='lat' dir='ltr'><strong>conquirebat,</strong></span> <span class='ocrx_word' id='word_1_390' title='bbox 3026 2594 3090 2630; x_wconf 90' lang='lat' dir='ltr'><strong>ac</strong></span> <span class='ocrx_word' id='word_1_391' title='bbox 3150 2577 3466 2646; x_wconf 81' lang='lat' dir='ltr'><strong>gravissima</strong></span> 
     </span>
    </p>
   </div>
   <div class='ocr_carea' id='block_1_55' title="bbox 1904 2665 3470 2736">
    <p class='ocr_par' dir='ltr' id='par_1_55' title="bbox 1904 2665 3470 2736">
     <span class='ocr_line' id='line_1_55' title="bbox 1904 2665 3470 2736; baseline 0.001 -17"><span class='ocrx_word' id='word_1_392' title='bbox 1904 2682 2131 2736; x_wconf 63' lang='lat' dir='ltr'><strong>quicque</strong></span> <span class='ocrx_word' id='word_1_393' title='bbox 2165 2665 2424 2734; x_wconf 89' lang='lat' dir='ltr'><strong>supplicia</strong></span> <span class='ocrx_word' id='word_1_394' title='bbox 2463 2667 2656 2734; x_wconf 84' lang='lat' dir='ltr'><strong>partim</strong></span> <span class='ocrx_word' id='word_1_395' title='bbox 2685 2666 2796 2734; x_wconf 86' lang='lat' dir='ltr'><strong>jam</strong></span> <span class='ocrx_word' id='word_1_396' title='bbox 2833 2666 3113 2730; x_wconf 80' lang='lat' dir='ltr'><strong>inferebat,</strong></span> <span class='ocrx_word' id='word_1_397' title='bbox 3151 2669 3343 2734; x_wconf 88' lang='lat' dir='ltr'><strong>partim</strong></span> <span class='ocrx_word' id='word_1_398' title='bbox 3386 2667 3470 2721; x_wconf 74' lang='grc' dir='ltr'><strong>ἰηά</strong></span> 
     </span>
    </p>
   </div>
   <div class='ocr_carea' id='block_1_56' title="bbox 1905 2758 3468 2827">
    <p class='ocr_par' dir='ltr' id='par_1_56' title="bbox 1905 2758 3468 2827">
     <span class='ocr_line' id='line_1_56' title="bbox 1905 2758 3468 2827; baseline 0.001 -15"><span class='ocrx_word' id='word_1_399' title='bbox 1905 2760 2171 2822; x_wconf 89' lang='lat' dir='ltr'><strong>teutabat;</strong></span> <span class='ocrx_word' id='word_1_400' title='bbox 2198 2758 2312 2827; x_wconf 91' lang='lat' dir='ltr'><strong>pari</strong></span> <span class='ocrx_word' id='word_1_401' title='bbox 2344 2759 2507 2811; x_wconf 91' lang='lat' dir='ltr'><strong>etiam</strong></span> <span class='ocrx_word' id='word_1_402' title='bbox 2549 2758 2893 2812; x_wconf 91' lang='lat' dir='ltr'><strong>conteutioue</strong></span> <span class='ocrx_word' id='word_1_403' title='bbox 2926 2758 2981 2812; x_wconf 90' lang='lat' dir='ltr'><strong>in</strong></span> <span class='ocrx_word' id='word_1_404' title='bbox 3031 2767 3314 2826; x_wconf 84' lang='lat' dir='ltr'><strong>utrumque</strong></span> <span class='ocrx_word' id='word_1_405' title='bbox 3369 2762 3468 2814; x_wconf 59' lang='lat' dir='ltr'><strong>hu»</strong></span> 
     </span>
    </p>
   </div>
   <div class='ocr_carea' id='block_1_57' title="bbox 1906 2849 3472 2920">
    <p class='ocr_par' dir='ltr' id='par_1_57' title="bbox 1906 2849 3472 2920">
     <span class='ocr_line' id='line_1_57' title="bbox 1906 2849 3472 2920; baseline 0.003 -18"><span class='ocrx_word' id='word_1_406' title='bbox 1906 2865 2022 2903; x_wconf 90' lang='lat' dir='ltr'><strong>rum</strong></span> <span class='ocrx_word' id='word_1_407' title='bbox 2056 2849 2419 2914; x_wconf 88' lang='lat' dir='ltr'><strong>incumbebat,</strong></span> <span class='ocrx_word' id='word_1_408' title='bbox 2470 2859 2528 2903; x_wconf 93' lang='lat' dir='ltr'><strong>ut</strong></span> <span class='ocrx_word' id='word_1_409' title='bbox 2575 2862 2630 2904; x_wconf 91' lang='lat' dir='ltr'><strong>et</strong></span> <span class='ocrx_word' id='word_1_410' title='bbox 2661 2849 3008 2904; x_wconf 76' lang='lat' dir='ltr'><strong>Christianos.</strong></span> <span class='ocrx_word' id='word_1_411' title='bbox 3032 2851 3378 2920; x_wconf 87' lang='lat' dir='ltr'><strong>opprimeret,</strong></span> <span class='ocrx_word' id='word_1_412' title='bbox 3419 2863 3472 2907; x_wconf 90' lang='lat' dir='ltr'><strong>et</strong></span> 
     </span>
    </p>
   </div>
   <div class='ocr_carea' id='block_1_58' title="bbox 1907 2940 3470 3011">
    <p class='ocr_par' dir='ltr' id='par_1_58' title="bbox 1907 2940 3470 3011">
     <span class='ocr_line' id='line_1_58' title="bbox 1907 2940 3470 3011; baseline 0 -17"><span class='ocrx_word' id='word_1_413' title='bbox 1907 2943 2117 3010; x_wconf 91' lang='lat' dir='ltr'><strong>priores</strong></span> <span class='ocrx_word' id='word_1_414' title='bbox 2157 2957 2347 2996; x_wconf 89' lang='lat' dir='ltr'><strong>omnes</strong></span> <span class='ocrx_word' id='word_1_415' title='bbox 2390 2953 2763 3010; x_wconf 82' lang='lat' dir='ltr'><strong>persecutores</strong></span> <span class='ocrx_word' id='word_1_416' title='bbox 2809 2940 3125 2996; x_wconf 83' lang='lat' dir='ltr'><strong>crudelitate</strong></span> <span class='ocrx_word' id='word_1_417' title='bbox 3175 2953 3470 3011; x_wconf 80' lang='lat' dir='ltr'><strong>superaret,</strong></span> 
     </span>
    </p>
   </div>
   <div class='ocr_carea' id='block_1_59' title="bbox 1906 3033 3472 3104">
    <p class='ocr_par' dir='ltr' id='par_1_59' title="bbox 1906 3033 3472 3104">
     <span class='ocr_line' id='line_1_59' title="bbox 1906 3033 3472 3104; baseline -0.001 -15"><span class='ocrx_word' id='word_1_418' title='bbox 1906 3034 2016 3089; x_wconf 87' lang='lat' dir='ltr'><strong>imo</strong></span> <span class='ocrx_word' id='word_1_419' title='bbox 2048 3035 2244 3104; x_wconf 89' lang='lat' dir='ltr'><strong>potius,</strong></span> <span class='ocrx_word' id='word_1_420' title='bbox 2265 3044 2323 3088; x_wconf 92' lang='lat' dir='ltr'><strong>ut</strong></span> <span class='ocrx_word' id='word_1_421' title='bbox 2343 3035 2425 3089; x_wconf 90' lang='lat' dir='ltr'><strong>vel</strong></span> <span class='ocrx_word' id='word_1_422' title='bbox 2450 3033 2790 3089; x_wconf 81' lang='lat' dir='ltr'><strong>Christianos</strong></span> <span class='ocrx_word' id='word_1_423' title='bbox 2813 3049 3022 3098; x_wconf 90' lang='lat' dir='ltr'><strong>omnes,</strong></span> <span class='ocrx_word' id='word_1_424' title='bbox 3042 3033 3121 3087; x_wconf 91' lang='lat' dir='ltr'><strong>vel</strong></span> <span class='ocrx_word' id='word_1_425' title='bbox 3145 3033 3472 3103; x_wconf 82' lang='lat' dir='ltr'><strong>Cyprianum</strong></span> 
     </span>
    </p>
   </div>
   <div class='ocr_carea' id='block_1_60' title="bbox 1906 3122 3470 3194">
    <p class='ocr_par' dir='ltr' id='par_1_60' title="bbox 1906 3122 3470 3194">
     <span class='ocr_line' id='line_1_60' title="bbox 1906 3122 3470 3194; baseline -0.001 -17"><span class='ocrx_word' id='word_1_426' title='bbox 1906 3139 2073 3178; x_wconf 92' lang='lat' dir='ltr'><strong>unum</strong></span> <span class='ocrx_word' id='word_1_427' title='bbox 2103 3126 2363 3190; x_wconf 85' lang='lat' dir='ltr'><strong>vinceret,</strong></span> <span class='ocrx_word' id='word_1_428' title='bbox 2403 3133 2566 3194; x_wconf 87' lang='lat' dir='ltr'><strong>atque</strong></span> <span class='ocrx_word' id='word_1_429' title='bbox 2597 3123 2648 3177; x_wconf 91' lang='lat' dir='ltr'><strong>iu</strong></span> <span class='ocrx_word' id='word_1_430' title='bbox 2673 3131 2994 3192; x_wconf 79' lang='lat' dir='ltr'><strong>potestatem</strong></span> <span class='ocrx_word' id='word_1_431' title='bbox 3026 3124 3311 3192; x_wconf 81' lang='lat' dir='ltr'><strong>redigeret.</strong></span> <span class='ocrx_word' id='word_1_432' title='bbox 3337 3122 3470 3176; x_wconf 75' lang='lat' dir='ltr'><strong>Nam</strong></span> 
     </span>
    </p>
   </div>
   <div class='ocr_carea' id='block_1_61' title="bbox 1908 3215 3472 3287">
    <p class='ocr_par' dir='ltr' id='par_1_61' title="bbox 1908 3215 3472 3287">
     <span class='ocr_line' id='line_1_61' title="bbox 1908 3215 3472 3287; baseline 0.001 -19"><span class='ocrx_word' id='word_1_433' title='bbox 1908 3226 2112 3284; x_wconf 81' lang='lat' dir='ltr'><strong>quamn</strong></span> <span class='ocrx_word' id='word_1_434' title='bbox 2141 3215 2289 3270; x_wconf 90' lang='lat' dir='ltr'><strong>illum</strong></span> <span class='ocrx_word' id='word_1_435' title='bbox 2323 3217 2524 3285; x_wconf 86' lang='lat' dir='ltr'><strong>pietate</strong></span> <span class='ocrx_word' id='word_1_436' title='bbox 2559 3225 2612 3270; x_wconf 90' lang='lat' dir='ltr'><strong>et</strong></span> <span class='ocrx_word' id='word_1_437' title='bbox 2650 3216 2817 3287; x_wconf 72' lang='lat' dir='ltr'><strong>gloria</strong></span> <span class='ocrx_word' id='word_1_438' title='bbox 2863 3217 3082 3286; x_wconf 89' lang='lat' dir='ltr'><strong>reliquis</strong></span> <span class='ocrx_word' id='word_1_439' title='bbox 3109 3228 3364 3286; x_wconf 73' lang='lat' dir='ltr'><strong>praestare</strong></span> <span class='ocrx_word' id='word_1_440' title='bbox 3389 3215 3472 3269; x_wconf 74' lang='grc' dir='ltr'><strong>ἰηά</strong></span> 
     </span>
    </p>
   </div>
   <div class='ocr_carea' id='block_1_62' title="bbox 224 3307 1817 3383">
    <p class='ocr_par' dir='ltr' id='par_1_62' title="bbox 224 3309 1798 3383">
     <span class='ocr_line' id='line_1_62' title="bbox 224 3309 1798 3383; baseline -0.001 -18"><span class='ocrx_word' id='word_1_441' title='bbox 224 3329 398 3365; x_wconf 88' lang='grc' dir='ltr'>σειεν.</span> <span class='ocrx_word' id='word_1_442' title='bbox 437 3311 690 3374; x_wconf 85' lang='grc' dir='ltr'>Ἐκείνως</span> <span class='ocrx_word' id='word_1_443' title='bbox 721 3310 834 3380; x_wconf 82' lang='grc'><strong>(16)</strong></span> <span class='ocrx_word' id='word_1_444' title='bbox 874 3309 970 3379; x_wconf 80' lang='grc' dir='ltr'><strong>μὲν</strong></span> <span class='ocrx_word' id='word_1_445' title='bbox 1001 3310 1109 3378; x_wconf 81' lang='grc' dir='ltr'>γὰρ</span> <span class='ocrx_word' id='word_1_446' title='bbox 1137 3310 1476 3381; x_wconf 79' lang='grc' dir='ltr'>Χριστιανῶν</span> <span class='ocrx_word' id='word_1_447' title='bbox 1510 3313 1664 3382; x_wconf 89' lang='grc' dir='ltr'>μόνον</span> <span class='ocrx_word' id='word_1_448' title='bbox 1690 3313 1798 3383; x_wconf 82' lang='grc'><strong>(17)</strong></span> 
     </span>
    </p>
   </div>
   <div class='ocr_carea' id='block_1_63' title="bbox 1910 3307 3469 3383">
    <p class='ocr_par' dir='ltr' id='par_1_63' title="bbox 1910 3307 3469 3378">
     <span class='ocr_line' id='line_1_63' title="bbox 1910 3307 3469 3378; baseline -0.001 -17"><span class='ocrx_word' id='word_1_449' title='bbox 1910 3308 2194 3378; x_wconf 83' lang='lat' dir='ltr'><strong>lelligebat,</strong></span> <span class='ocrx_word' id='word_1_450' title='bbox 2237 3317 2383 3362; x_wconf 90' lang='lat' dir='ltr'><strong>tanto</strong></span> <span class='ocrx_word' id='word_1_451' title='bbox 2431 3322 2642 3377; x_wconf 91' lang='lat' dir='ltr'><strong>quoque</strong></span> <span class='ocrx_word' id='word_1_452' title='bbox 2681 3307 2964 3362; x_wconf 83' lang='lat' dir='ltr'><strong>clariorem</strong></span> <span class='ocrx_word' id='word_1_453' title='bbox 3018 3317 3071 3361; x_wconf 92' lang='lat' dir='ltr'><strong>et</strong></span> <span class='ocrx_word' id='word_1_454' title='bbox 3126 3307 3469 3361; x_wconf 87' lang='lat' dir='ltr'><strong>illustriorem</strong></span> 
     </span>
    </p>
   </div>
   <div class='ocr_carea' id='block_1_64' title="bbox 219 3401 1796 3475">
    <p class='ocr_par' dir='ltr' id='par_1_64' title="bbox 219 3401 1796 3475">
     <span class='ocr_line' id='line_1_64' title="bbox 219 3401 1796 3475; baseline -0.001 -18"><span class='ocrx_word' id='word_1_455' title='bbox 219 3404 498 3475; x_wconf 80' lang='grc' dir='ltr'>ὑπάρχειν</span> <span class='ocrx_word' id='word_1_456' title='bbox 534 3405 778 3474; x_wconf 80' lang='grc' dir='ltr'>κρατεῖν,</span> <span class='ocrx_word' id='word_1_457' title='bbox 829 3401 970 3455; x_wconf 71' lang='grc' dir='ltr'>οὕτω</span> <span class='ocrx_word' id='word_1_458' title='bbox 1007 3402 1063 3454; x_wconf 79' lang='grc' dir='ltr'>δὲ</span> <span class='ocrx_word' id='word_1_459' title='bbox 1110 3404 1203 3455; x_wconf 74' lang='grc' dir='ltr'><strong>καὶ</strong></span> <span class='ocrx_word' id='word_1_460' title='bbox 1251 3403 1566 3472; x_wconf 75' lang='grc' dir='ltr'>φιλοσοφίας</span> <span class='ocrx_word' id='word_1_461' title='bbox 1607 3405 1796 3474; x_wconf 78' lang='grc' dir='ltr'>αὐτῆς,</span> 
     </span>
    </p>
   </div>
   <div class='ocr_carea' id='block_1_65' title="bbox 216 3491 1798 3563">
    <p class='ocr_par' dir='ltr' id='par_1_65' title="bbox 216 3491 1798 3563">
     <span class='ocr_line' id='line_1_65' title="bbox 216 3491 1798 3563; baseline -0.002 -16"><span class='ocrx_word' id='word_1_462' title='bbox 216 3497 324 3548; x_wconf 72' lang='grc' dir='ltr'><strong>καὶ</strong></span> <span class='ocrx_word' id='word_1_463' title='bbox 347 3495 541 3562; x_wconf 88' lang='grc' dir='ltr'>λόγων.</span> <span class='ocrx_word' id='word_1_464' title='bbox 577 3495 687 3546; x_wconf 72' lang='grc' dir='ltr'><strong>Καὶ</strong></span> <span class='ocrx_word' id='word_1_465' title='bbox 751 3492 850 3562; x_wconf 82' lang='grc' dir='ltr'>τὴν</span> <span class='ocrx_word' id='word_1_466' title='bbox 899 3491 1153 3558; x_wconf 84' lang='grc' dir='ltr'>γλῶσσαν</span> <span class='ocrx_word' id='word_1_467' title='bbox 1197 3492 1466 3562; x_wconf 84' lang='grc' dir='ltr'>περιελεῖν</span> <span class='ocrx_word' id='word_1_468' title='bbox 1515 3494 1798 3563; x_wconf 90' lang='grc' dir='ltr'>πρότερον,</span> 
     </span>
    </p>
   </div>
   <div class='ocr_carea' id='block_1_66' title="bbox 215 3581 1799 3653">
    <p class='ocr_par' dir='ltr' id='par_1_66' title="bbox 215 3581 1799 3653">
     <span class='ocr_line' id='line_1_66' title="bbox 215 3581 1799 3653; baseline -0.006 -13"><span class='ocrx_word' id='word_1_469' title='bbox 215 3584 348 3640; x_wconf 71' lang='grc' dir='ltr'>εἶτα</span> <span class='ocrx_word' id='word_1_470' title='bbox 381 3583 624 3653; x_wconf 84' lang='grc' dir='ltr'>ἀφώνους</span> <span class='ocrx_word' id='word_1_471' title='bbox 654 3584 959 3650; x_wconf 81' lang='grc' dir='ltr'>ἀπαγαγεῖν</span> <span class='ocrx_word' id='word_1_472' title='bbox 1009 3581 1117 3650; x_wconf 86' lang='grc'><strong>(18)</strong></span> <span class='ocrx_word' id='word_1_473' title='bbox 1169 3583 1261 3634; x_wconf 72' lang='grc' dir='ltr'><strong>καὶ</strong></span> <span class='ocrx_word' id='word_1_474' title='bbox 1293 3581 1519 3650; x_wconf 90' lang='grc' dir='ltr'>ἀλόγους</span> <span class='ocrx_word' id='word_1_475' title='bbox 1551 3585 1674 3646; x_wconf 69' lang='grc' dir='ltr'>τοὺς</span> <span class='ocrx_word' id='word_1_476' title='bbox 1709 3584 1799 3636; x_wconf 85' lang='grc' dir='ltr'>ὐπ’</span> 
     </span>
    </p>
   </div>
   <div class='ocr_carea' id='block_1_67' title="bbox 216 3670 1803 3748">
    <p class='ocr_par' dir='ltr' id='par_1_67' title="bbox 216 3670 1803 3748">
     <span class='ocr_line' id='line_1_67' title="bbox 216 3670 1803 3748; baseline -0.004 -16"><span class='ocrx_word' id='word_1_477' title='bbox 216 3679 448 3747; x_wconf 74' lang='grc' dir='ltr'>ἐκείνης</span> <span class='ocrx_word' id='word_1_478' title='bbox 467 3675 858 3748; x_wconf 86' lang='grc' dir='ltr'>ὲρειδομένους,</span> <span class='ocrx_word' id='word_1_479' title='bbox 898 3673 1126 3744; x_wconf 87' lang='grc' dir='ltr'>ἀρίστης</span> <span class='ocrx_word' id='word_1_480' title='bbox 1151 3670 1288 3726; x_wconf 84' lang='grc' dir='ltr'>εἶναι</span> <span class='ocrx_word' id='word_1_481' title='bbox 1321 3673 1654 3746; x_wconf 84' lang='grc' dir='ltr'>στρατηγίας</span> <span class='ocrx_word' id='word_1_482' title='bbox 1691 3675 1803 3728; x_wconf 88' lang='grc' dir='ltr'>ἐνό-</span> 
     </span>
    </p>
   </div>
   <div class='ocr_carea' id='block_1_68' title="bbox 221 3762 1802 3841">
    <p class='ocr_par' dir='ltr' id='par_1_68' title="bbox 221 3762 1802 3841">
     <span class='ocr_line' id='line_1_68' title="bbox 221 3762 1802 3841; baseline -0.002 -19"><span class='ocrx_word' id='word_1_483' title='bbox 221 3770 410 3841; x_wconf 72' lang='grc' dir='ltr'>μιξεψ</span> <span class='ocrx_word' id='word_1_484' title='bbox 437 3768 535 3821; x_wconf 87' lang='grc' dir='ltr'><strong>οὐκ</strong></span> <span class='ocrx_word' id='word_1_485' title='bbox 573 3765 745 3837; x_wconf 79' lang='grc' dir='ltr'>ὀρθῶς</span> <span class='ocrx_word' id='word_1_486' title='bbox 775 3765 890 3835; x_wconf 82' lang='grc' dir='ltr'>μὲν,</span> <span class='ocrx_word' id='word_1_487' title='bbox 925 3763 1044 3815; x_wconf 80' lang='grc' dir='ltr'>οὐδὲ</span> <span class='ocrx_word' id='word_1_488' title='bbox 1081 3762 1320 3828; x_wconf 83' lang='grc' dir='ltr'>εὐσεϐῶς</span> <span class='ocrx_word' id='word_1_489' title='bbox 1355 3763 1524 3818; x_wconf 77' lang='grc' dir='ltr'>ταῦτα</span> <span class='ocrx_word' id='word_1_490' title='bbox 1560 3765 1802 3819; x_wconf 77' lang='grc' dir='ltr'>διανοού-</span> 
     </span>
    </p>
   </div>
   <div class='ocr_carea' id='block_1_69' title="bbox 223 3855 1803 3930">
    <p class='ocr_par' dir='ltr' id='par_1_69' title="bbox 223 3855 1803 3930">
     <span class='ocr_line' id='line_1_69' title="bbox 223 3855 1803 3930; baseline -0.002 -18"><span class='ocrx_word' id='word_1_491' title='bbox 223 3877 415 3930; x_wconf 79' lang='grc' dir='ltr'>μενος,</span> <span class='ocrx_word' id='word_1_492' title='bbox 454 3859 515 3910; x_wconf 91' lang='grc' dir='ltr'>οὐ</span> <span class='ocrx_word' id='word_1_493' title='bbox 563 3857 667 3928; x_wconf 81' lang='grc' dir='ltr'>μὴν</span> <span class='ocrx_word' id='word_1_494' title='bbox 702 3855 1398 3922; x_wconf 83' lang='grc' dir='ltr'>παντάπασιν.ἀλογίστως,</span> <span class='ocrx_word' id='word_1_495' title='bbox 1438 3856 1574 3926; x_wconf 89' lang='grc' dir='ltr'>πρός</span> <span class='ocrx_word' id='word_1_496' title='bbox 1613 3873 1676 3924; x_wconf 90' lang='grc' dir='ltr'><strong>γε</strong></span> <span class='ocrx_word' id='word_1_497' title='bbox 1705 3857 1803 3928; x_wconf 79' lang='grc' dir='ltr'><strong>τὴν</strong></span> 
     </span>
    </p>
   </div>
   <div class='ocr_carea' id='block_1_70' title="bbox 217 3945 1800 4020">
    <p class='ocr_par' dir='ltr' id='par_1_70' title="bbox 217 3945 1800 4020">
     <span class='ocr_line' id='line_1_70' title="bbox 217 3945 1800 4020; baseline -0.006 -14"><span class='ocrx_word' id='word_1_498' title='bbox 217 3950 426 4006; x_wconf 76' lang='grc' dir='ltr'>ἑαυτοῦ</span> <span class='ocrx_word' id='word_1_499' title='bbox 458 3949 706 4020; x_wconf 76' lang='grc' dir='ltr'>βούλησιν</span> <span class='ocrx_word' id='word_1_500' title='bbox 736 3947 830 4001; x_wconf 73' lang='grc' dir='ltr'><strong>καὶ</strong></span> <span class='ocrx_word' id='word_1_501' title='bbox 855 3947 1218 4019; x_wconf 75' lang='grc' dir='ltr'>ἐπιχείρησιψ</span> <span class='ocrx_word' id='word_1_502' title='bbox 1255 3945 1420 4011; x_wconf 77' lang='grc' dir='ltr'>ἔδειξε</span> <span class='ocrx_word' id='word_1_503' title='bbox 1448 3946 1503 4000; x_wconf 74' lang='grc' dir='ltr'>δὲ</span> <span class='ocrx_word' id='word_1_504' title='bbox 1531 3947 1591 4000; x_wconf 74' lang='grc' dir='ltr'>τὺ</span> <span class='ocrx_word' id='word_1_505' title='bbox 1622 3947 1800 4019; x_wconf 81' lang='grc' dir='ltr'>ἔργον.</span> 
     </span>
    </p>
   </div>
   <div class='ocr_carea' id='block_1_71' title="bbox 231 4038 1802 4113">
    <p class='ocr_par' dir='ltr' id='par_1_71' title="bbox 231 4038 1802 4113">
     <span class='ocr_line' id='line_1_71' title="bbox 231 4038 1802 4113; baseline -0.004 -16"><span class='ocrx_word' id='word_1_506' title='bbox 231 4041 468 4113; x_wconf 82' lang='grc' dir='ltr'>Ἐπειδὴ</span> <span class='ocrx_word' id='word_1_507' title='bbox 498 4041 606 4110; x_wconf 81' lang='grc' dir='ltr'><strong>γὰρ</strong></span> <span class='ocrx_word' id='word_1_508' title='bbox 659 4040 874 4094; x_wconf 77' lang='grc' dir='ltr'>ἃπασαν</span> <span class='ocrx_word' id='word_1_509' title='bbox 906 4038 1211 4109; x_wconf 78' lang='grc' dir='ltr'>προσϐολήν</span> <span class='ocrx_word' id='word_1_510' title='bbox 1244 4055 1303 4089; x_wconf 88' lang='grc' dir='ltr'><strong>τε</strong></span> <span class='ocrx_word' id='word_1_511' title='bbox 1339 4039 1434 4091; x_wconf 80' lang='grc' dir='ltr'><strong>καὶ</strong></span> <span class='ocrx_word' id='word_1_512' title='bbox 1483 4041 1676 4111; x_wconf 85' lang='grc' dir='ltr'>πεῖραν</span> <span class='ocrx_word' id='word_1_513' title='bbox 1707 4041 1802 4092; x_wconf 79' lang='grc' dir='ltr'>ἀν·-</span> 
     </span>
    </p>
   </div>
   <div class='ocr_carea' id='block_1_72' title="bbox 172 4127 1804 4207">
    <p class='ocr_par' dir='ltr' id='par_1_72' title="bbox 172 4127 1804 4207">
     <span class='ocr_line' id='line_1_72' title="bbox 172 4127 1804 4207; baseline 0.002 -29"><span class='ocrx_word' id='word_1_514' title='bbox 172 4176 176 4178; x_wconf 71' lang='lat'><strong>.</strong></span> <span class='ocrx_word' id='word_1_515' title='bbox 212 4133 433 4207; x_wconf 73' lang='grc' dir='ltr'>δρικῶς</span> <span class='ocrx_word' id='word_1_516' title='bbox 472 4149 528 4184; x_wconf 89' lang='grc' dir='ltr'><strong>τε</strong></span> <span class='ocrx_word' id='word_1_517' title='bbox 551 4132 642 4184; x_wconf 75' lang='grc' dir='ltr'><strong>καὶ</strong></span> <span class='ocrx_word' id='word_1_518' title='bbox 674 4128 932 4198; x_wconf 89' lang='grc' dir='ltr'>γενναίως</span> <span class='ocrx_word' id='word_1_519' title='bbox 975 4129 1426 4196; x_wconf 85' lang='grc' dir='ltr'>ἀποσεισάμενος,</span> <span class='ocrx_word' id='word_1_520' title='bbox 1475 4127 1661 4199; x_wconf 81' lang='grc' dir='ltr'>ὥσπερ</span> <span class='ocrx_word' id='word_1_521' title='bbox 1721 4147 1804 4194; x_wconf 88' lang='grc' dir='ltr'><strong>τις</strong></span> 
     </span>
    </p>
   </div>
   <div class='ocr_carea' id='block_1_73' title="bbox 215 4218 1804 4298">
    <p class='ocr_par' dir='ltr' id='par_1_73' title="bbox 215 4218 1804 4298">
     <span class='ocr_line' id='line_1_73' title="bbox 215 4218 1804 4298; baseline -0.001 -20"><span class='ocrx_word' id='word_1_522' title='bbox 215 4228 413 4298; x_wconf 78' lang='grc' dir='ltr'>πέτρα</span> <span class='ocrx_word' id='word_1_523' title='bbox 457 4225 721 4296; x_wconf 79' lang='grc' dir='ltr'>παράλιος</span> <span class='ocrx_word' id='word_1_524' title='bbox 778 4223 888 4290; x_wconf 82' lang='grc'><strong>(19)</strong></span> <span class='ocrx_word' id='word_1_525' title='bbox 937 4221 1196 4290; x_wconf 78' lang='grc' dir='ltr'>κυμάτων</span> <span class='ocrx_word' id='word_1_526' title='bbox 1265 4218 1596 4290; x_wconf 85' lang='grc' dir='ltr'>ἐπιδρομὰς,</span> <span class='ocrx_word' id='word_1_527' title='bbox 1653 4223 1804 4286; x_wconf 87' lang='grc' dir='ltr'>τέλος</span> 
     </span>
    </p>
   </div>
   <div class='ocr_carea' id='block_1_74' title="bbox 213 4305 1832 4390">
    <p class='ocr_par' dir='ltr' id='par_1_74' title="bbox 213 4305 1832 4390">
     <span class='ocr_line' id='line_1_74' title="bbox 213 4305 1832 4390; baseline -0.004 -15"><span class='ocrx_word' id='word_1_528' title='bbox 213 4319 448 4390; x_wconf 68' lang='grc' dir='ltr'>ὖξορίαν</span> <span class='ocrx_word' id='word_1_529' title='bbox 476 4317 567 4370; x_wconf 86' lang='grc' dir='ltr'>ὐπ’</span> <span class='ocrx_word' id='word_1_530' title='bbox 612 4313 777 4368; x_wconf 84' lang='grc' dir='ltr'>αὐτοῦ</span> <span class='ocrx_word' id='word_1_531' title='bbox 823 4313 1230 4382; x_wconf 75' lang='grc' dir='ltr'>κατακρίνεταιο</span> <span class='ocrx_word' id='word_1_532' title='bbox 1259 4312 1318 4364; x_wconf 81' lang='grc' dir='ltr'><strong>οὐ</strong></span> <span class='ocrx_word' id='word_1_533' title='bbox 1349 4312 1410 4363; x_wconf 84' lang='grc' dir='ltr'><strong>τὸ</strong></span> <span class='ocrx_word' id='word_1_534' title='bbox 1436 4313 1555 4365; x_wconf 78' lang='grc' dir='ltr'>καθ’</span> <span class='ocrx_word' id='word_1_535' title='bbox 1615 4305 1832 4368; x_wconf 60' lang='grc' dir='ltr'>ἑαυτὸν</span> 
     </span>
    </p>
   </div>
   <div class='ocr_carea' id='block_1_75' title="bbox 213 4402 1805 4479">
    <p class='ocr_par' dir='ltr' id='par_1_75' title="bbox 213 4402 1805 4479">
     <span class='ocr_line' id='line_1_75' title="bbox 213 4402 1805 4479; baseline -0.009 -14"><span class='ocrx_word' id='word_1_536' title='bbox 213 4409 538 4479; x_wconf 76' lang='grc' dir='ltr'>ἐστερξενό</span> <span class='ocrx_word' id='word_1_537' title='bbox 587 4405 866 4474; x_wconf 83' lang='grc' dir='ltr'>γεννάδας,</span> <span class='ocrx_word' id='word_1_538' title='bbox 895 4402 1011 4454; x_wconf 84' lang='grc' dir='ltr'>οὐδὲ</span> <span class='ocrx_word' id='word_1_539' title='bbox 1063 4402 1251 4470; x_wconf 67' lang='grc' dir='ltr'>ἠγάπα</span> <span class='ocrx_word' id='word_1_540' title='bbox 1296 4403 1618 4473; x_wconf 81' lang='grc' dir='ltr'>σωζόμενος·</span> <span class='ocrx_word' id='word_1_541' title='bbox 1683 4405 1805 4457; x_wconf 75' lang='grc' dir='ltr'>οὐδὲ</span> 
     </span>
    </p>
   </div>
   <div class='ocr_carea' id='block_1_76' title="bbox 262 4493 1801 4570">
    <p class='ocr_par' dir='ltr' id='par_1_76' title="bbox 262 4493 1801 4570">
     <span class='ocr_line' id='line_1_76' title="bbox 262 4493 1801 4570; baseline -0.005 -15"><span class='ocrx_word' id='word_1_542' title='bbox 262 4501 531 4570; x_wconf 79' lang='grc' dir='ltr'>σφάλειαν</span> <span class='ocrx_word' id='word_1_543' title='bbox 563 4497 640 4568; x_wconf 81' lang='grc' dir='ltr'>τῷ</span> <span class='ocrx_word' id='word_1_544' title='bbox 671 4495 881 4566; x_wconf 78' lang='grc' dir='ltr'>σώματι</span> <span class='ocrx_word' id='word_1_545' title='bbox 933 4493 1129 4564; x_wconf 81' lang='grc' dir='ltr'>μᾶλλον</span> <span class='ocrx_word' id='word_1_546' title='bbox 1155 4493 1255 4564; x_wconf 81' lang='grc' dir='ltr'>τὴν</span> <span class='ocrx_word' id='word_1_547' title='bbox 1285 4493 1507 4564; x_wconf 87' lang='grc' dir='ltr'>ἀτιμίαν</span> <span class='ocrx_word' id='word_1_548' title='bbox 1534 4495 1801 4566; x_wconf 80' lang='grc' dir='ltr'>ἐνόμιζεν,</span> 
     </span>
    </p>
   </div>
   <div class='ocr_carea' id='block_1_77' title="bbox 211 4583 1802 4661">
    <p class='ocr_par' dir='ltr' id='par_1_77' title="bbox 211 4583 1802 4661">
     <span class='ocr_line' id='line_1_77' title="bbox 211 4583 1802 4661; baseline 0 -21"><span class='ocrx_word' id='word_1_549' title='bbox 211 4595 251 4661; x_wconf 80' lang='grc' dir='ltr'>ἦ</span> <span class='ocrx_word' id='word_1_550' title='bbox 290 4591 478 4661; x_wconf 70' lang='grc' dir='ltr'>ψυχῆς</span> <span class='ocrx_word' id='word_1_551' title='bbox 525 4587 762 4641; x_wconf 84' lang='grc' dir='ltr'>κίνδυνον</span> <span class='ocrx_word' id='word_1_552' title='bbox 823 4586 920 4654; x_wconf 75' lang='grc' dir='ltr'><strong>τὴν</strong></span> <span class='ocrx_word' id='word_1_553' title='bbox 975 4583 1245 4655; x_wconf 80' lang='grc' dir='ltr'>ἡσυχίαν,</span> <span class='ocrx_word' id='word_1_554' title='bbox 1298 4583 1393 4636; x_wconf 75' lang='grc' dir='ltr'><strong>καὶ</strong></span> <span class='ocrx_word' id='word_1_555' title='bbox 1448 4584 1508 4637; x_wconf 86' lang='grc' dir='ltr'><strong>τὸ</strong></span> <span class='ocrx_word' id='word_1_556' title='bbox 1544 4588 1802 4658; x_wconf 75' lang='grc' dir='ltr'>περιορᾷν</span> 
     </span>
    </p>
   </div>
   <div class='ocr_carea' id='block_1_78' title="bbox 210 4674 1803 4748">
    <p class='ocr_par' dir='ltr' id='par_1_78' title="bbox 210 4674 1803 4748">
     <span class='ocr_line' id='line_1_78' title="bbox 210 4674 1803 4748; baseline -0.008 -10"><span class='ocrx_word' id='word_1_557' title='bbox 210 4685 361 4745; x_wconf 80' lang='grc' dir='ltr'>τοὺς</span> <span class='ocrx_word' id='word_1_558' title='bbox 396 4681 584 4742; x_wconf 81' lang='grc' dir='ltr'>ἀλλους</span> <span class='ocrx_word' id='word_1_559' title='bbox 619 4677 696 4748; x_wconf 78' lang='grc' dir='ltr'><strong>τῷ</strong></span> <span class='ocrx_word' id='word_1_560' title='bbox 725 4677 898 4747; x_wconf 84' lang='grc' dir='ltr'>καιρῷ</span> <span class='ocrx_word' id='word_1_561' title='bbox 931 4675 1038 4746; x_wconf 72' lang='lat'><strong>(20)</strong></span> <span class='ocrx_word' id='word_1_562' title='bbox 1075 4674 1500 4738; x_wconf 74' lang='grc' dir='ltr'>κινδυνεύοντας,</span> <span class='ocrx_word' id='word_1_563' title='bbox 1530 4677 1628 4728; x_wconf 87' lang='grc' dir='ltr'><strong>οὐκ</strong></span> <span class='ocrx_word' id='word_1_564' title='bbox 1653 4677 1803 4740; x_wconf 77' lang='grc' dir='ltr'>ὄντος</span> 
     </span>
    </p>
   </div>
   <div class='ocr_carea' id='block_1_79' title="bbox 210 4766 1805 4843">
    <p class='ocr_par' dir='ltr' id='par_1_79' title="bbox 210 4766 1805 4843">
     <span class='ocr_line' id='line_1_79' title="bbox 210 4766 1805 4843; baseline -0.004 -14"><span class='ocrx_word' id='word_1_565' title='bbox 210 4776 323 4829; x_wconf 73' lang='grc' dir='ltr'><strong>τοῦ</strong></span> <span class='ocrx_word' id='word_1_566' title='bbox 359 4771 845 4843; x_wconf 80' lang='grc' dir='ltr'>παιδοτριϐοὖντος,</span> <span class='ocrx_word' id='word_1_567' title='bbox 877 4769 970 4820; x_wconf 69' lang='grc' dir='ltr'><strong>καὶ</strong></span> <span class='ocrx_word' id='word_1_568' title='bbox 999 4767 1132 4839; x_wconf 73' lang='grc' dir='ltr'>πρὸς</span> <span class='ocrx_word' id='word_1_569' title='bbox 1162 4767 1255 4820; x_wconf 77' lang='grc' dir='ltr'><strong>τὸν</strong></span> <span class='ocrx_word' id='word_1_570' title='bbox 1288 4766 1475 4835; x_wconf 83' lang='grc' dir='ltr'>ἀγῶνα</span> <span class='ocrx_word' id='word_1_571' title='bbox 1515 4767 1805 4839; x_wconf 71' lang='grc' dir='ltr'>θαρρύνον-</span> 
     </span>
    </p>
   </div>
   <div class='ocr_carea' id='block_1_80' title="bbox 209 4857 1806 4935">
    <p class='ocr_par' dir='ltr' id='par_1_80' title="bbox 209 4857 1806 4935">
     <span class='ocr_line' id='line_1_80' title="bbox 209 4857 1806 4935; baseline -0.005 -15"><span class='ocrx_word' id='word_1_572' title='bbox 209 4885 346 4932; x_wconf 83' lang='grc' dir='ltr'>τος.</span> <span class='ocrx_word' id='word_1_573' title='bbox 374 4866 448 4918; x_wconf 80' lang='grc' dir='ltr'>Οὐ</span> <span class='ocrx_word' id='word_1_574' title='bbox 475 4865 582 4935; x_wconf 78' lang='grc' dir='ltr'>γὰρ</span> <span class='ocrx_word' id='word_1_575' title='bbox 618 4862 806 4934; x_wconf 75' lang='grc' dir='ltr'>μικρὸν</span> <span class='ocrx_word' id='word_1_576' title='bbox 833 4858 1090 4912; x_wconf 73' lang='grc' dir='ltr'>δύνασθαι</span> <span class='ocrx_word' id='word_1_577' title='bbox 1124 4859 1216 4911; x_wconf 74' lang='grc' dir='ltr'>καὶ</span> <span class='ocrx_word' id='word_1_578' title='bbox 1243 4857 1398 4926; x_wconf 87' lang='grc' dir='ltr'>λόγον</span> <span class='ocrx_word' id='word_1_579' title='bbox 1445 4859 1523 4922; x_wconf 86' lang='grc' dir='ltr'><strong>είς</strong></span> <span class='ocrx_word' id='word_1_580' title='bbox 1555 4860 1806 4927; x_wconf 86' lang='grc' dir='ltr'>ἀνδρείας</span> 
     </span>
    </p>
   </div>
   <div class='ocr_carea' id='block_1_81' title="bbox 209 4951 1808 5036">
    <p class='ocr_par' dir='ltr' id='par_1_81' title="bbox 209 4951 1808 5036">
     <span class='ocr_line' id='line_1_81' title="bbox 209 4951 1808 5036; baseline -0.009 -19"><span class='ocrx_word' id='word_1_581' title='bbox 209 4961 556 5036; x_wconf 79' lang='grc' dir='ltr'>προσθήκην</span> <span class='ocrx_word' id='word_1_582' title='bbox 608 4961 718 5021; x_wconf 85' lang='grc' dir='ltr'>τοῖς</span> <span class='ocrx_word' id='word_1_583' title='bbox 761 4954 1142 5024; x_wconf 84' lang='grc' dir='ltr'>ἀποδυομένοις</span> <span class='ocrx_word' id='word_1_584' title='bbox 1189 4952 1324 5023; x_wconf 80' lang='grc' dir='ltr'>πρὸς</span> <span class='ocrx_word' id='word_1_585' title='bbox 1355 4951 1415 5004; x_wconf 77' lang='grc' dir='ltr'>τὸ</span> <span class='ocrx_word' id='word_1_586' title='bbox 1457 4951 1556 5020; x_wconf 77' lang='grc' dir='ltr'>τῆς</span> <span class='ocrx_word' id='word_1_587' title='bbox 1605 4951 1808 5022; x_wconf 81' lang='grc' dir='ltr'>ἀρετῆς</span> 
     </span>
    </p>
   </div>
   <div class='ocr_carea' id='block_1_82' title="bbox 215 5054 473 5108">
    <p class='ocr_par' dir='ltr' id='par_1_82' title="bbox 215 5054 473 5108">
     <span class='ocr_line' id='line_1_82' title="bbox 215 5054 473 5108; baseline -0.016 0"><span class='ocrx_word' id='word_1_588' title='bbox 215 5054 473 5108; x_wconf 86' lang='grc' dir='ltr'>στάδιον.</span> 
     </span>
    </p>
   </div>
   <div class='ocr_carea' id='block_1_83' title="bbox 297 5229 1422 5310">
    <p class='ocr_par' dir='ltr' id='par_1_83' title="bbox 297 5229 1422 5310">
     <span class='ocr_line' id='line_1_83' title="bbox 297 5229 1422 5310; baseline 0 0"><span class='ocrx_word' id='word_1_589' title='bbox 297 5238 356 5310; x_wconf 68' lang='grc' dir='ltr'><strong>(ι</strong></span> <span class='ocrx_word' id='word_1_590' title='bbox 373 5237 425 5310; x_wconf 66' lang='grc'><strong>1)</strong></span> <span class='ocrx_word' id='word_1_591' title='bbox 470 5233 823 5310; x_wconf 58' lang='grc' dir='ltr'>φθκόσρερον-</span> <span class='ocrx_word' id='word_1_592' title='bbox 847 5233 1012 5310; x_wconf 44' lang='lat' dir='ltr'><strong>Celsi.</strong></span> <span class='ocrx_word' id='word_1_593' title='bbox 1039 5231 1092 5310; x_wconf 64' lang='grc' dir='ltr'><strong>1η</strong></span> <span class='ocrx_word' id='word_1_594' title='bbox 1122 5229 1422 5310; x_wconf 67' lang='grc' dir='ltr'>φιὲιάῖιιιοντ</span> 
     </span>
    </p>
   </div>
   <div class='ocr_carea' id='block_1_84' title="bbox 299 5296 1805 5377">
    <p class='ocr_par' dir='ltr' id='par_1_84' title="bbox 299 5296 1805 5377">
     <span class='ocr_line' id='line_1_84' title="bbox 299 5296 1805 5377; baseline -0.009 -16"><span class='ocrx_word' id='word_1_595' title='bbox 299 5296 433 5377; x_wconf 67' lang='grc'><strong>(12)</strong></span> <span class='ocrx_word' id='word_1_596' title='bbox 495 5306 590 5372; x_wconf 85' lang='grc' dir='ltr'>Ὧς</span> <span class='ocrx_word' id='word_1_597' title='bbox 649 5296 801 5357; x_wconf 75' lang='grc' dir='ltr'>ἵάον.</span> <span class='ocrx_word' id='word_1_598' title='bbox 865 5304 954 5358; x_wconf 71' lang='lat' dir='ltr'><strong>Sit:</strong></span> <span class='ocrx_word' id='word_1_599' title='bbox 1020 5296 1144 5354; x_wconf 19' lang='lat' dir='ltr'><strong>«lu-0‘</strong></span> <span class='ocrx_word' id='word_1_600' title='bbox 1181 5296 1343 5353; x_wconf 54' lang='grc' dir='ltr'><strong>(ἐωξὶ.</strong></span> <span class='ocrx_word' id='word_1_601' title='bbox 1415 5299 1471 5353; x_wconf 88' lang='lat' dir='ltr'><strong>lu</strong></span> <span class='ocrx_word' id='word_1_602' title='bbox 1538 5299 1661 5362; x_wconf 92' lang='lat' dir='ltr'><strong>ed.,</strong></span> <span class='ocrx_word' id='word_1_603' title='bbox 1723 5296 1805 5360; x_wconf 72' lang='grc' dir='ltr'>ὡς</span> 
     </span>
    </p>
   </div>
   <div class='ocr_carea' id='block_1_85' title="bbox 215 5381 1808 5513">
    <p class='ocr_par' dir='ltr' id='par_1_85' title="bbox 215 5381 1808 5513">
     <span class='ocr_line' id='line_1_85' title="bbox 215 5381 1808 5513; baseline -0.008 -12"><span class='ocrx_word' id='word_1_604' title='bbox 215 5381 433 5513; x_wconf 48' lang='grc' dir='ltr'><strong>ῑσῒῖἐ)</strong></span> <span class='ocrx_word' id='word_1_605' title='bbox 453 5446 580 5511; x_wconf 87' lang='grc' dir='ltr'><strong>Ὃς.</strong></span> <span class='ocrx_word' id='word_1_606' title='bbox 595 5442 1130 5509; x_wconf 70' lang='lat' dir='ltr'><strong>Furtasselegendum</strong></span> <span class='ocrx_word' id='word_1_607' title='bbox 1149 5441 1238 5502; x_wconf 88' lang='lat' dir='ltr'><strong>sit,</strong></span> <span class='ocrx_word' id='word_1_608' title='bbox 1263 5433 1372 5503; x_wconf 76' lang='grc' dir='ltr'>αἷς,</span> <span class='ocrx_word' id='word_1_609' title='bbox 1390 5455 1578 5509; x_wconf 89' lang='lat' dir='ltr'><strong>nempe</strong></span> <span class='ocrx_word' id='word_1_610' title='bbox 1599 5453 1808 5509; x_wconf 83' lang='grc' dir='ltr'>χαμευ-</span> 
     </span>
    </p>
   </div>
   <div class='ocr_carea' id='block_1_86' title="bbox 212 5513 1082 5586">
    <p class='ocr_par' dir='ltr' id='par_1_86' title="bbox 212 5513 1082 5586">
     <span class='ocr_line' id='line_1_86' title="bbox 212 5513 1082 5586; baseline -0.01 -14"><span class='ocrx_word' id='word_1_611' title='bbox 212 5519 390 5579; x_wconf 84' lang='grc' dir='ltr'>νίαις</span> <span class='ocrx_word' id='word_1_612' title='bbox 420 5517 512 5569; x_wconf 75' lang='grc' dir='ltr'><strong>καὶ</strong></span> <span class='ocrx_word' id='word_1_613' title='bbox 540 5513 891 5586; x_wconf 65' lang='grc' dir='ltr'>ἀγρυπνίαις.</span> <span class='ocrx_word' id='word_1_614' title='bbox 925 5513 1082 5586; x_wconf 60' lang='lat' dir='ltr'><strong>Eutr.</strong></span> 
     </span>
    </p>
   </div>
   <div class='ocr_carea' id='block_1_87' title="bbox 1903 3397 3463 3468">
    <p class='ocr_par' dir='ltr' id='par_1_87' title="bbox 1903 3397 3463 3468">
     <span class='ocr_line' id='line_1_87' title="bbox 1903 3397 3463 3468; baseline -0.001 -15"><span class='ocrx_word' id='word_1_615' title='bbox 1903 3401 2006 3454; x_wconf 85' lang='lat' dir='ltr'><strong>sibi</strong></span> <span class='ocrx_word' id='word_1_616' title='bbox 2044 3401 2323 3454; x_wconf 88' lang='lat' dir='ltr'><strong>victoriam</strong></span> <span class='ocrx_word' id='word_1_617' title='bbox 2363 3399 2478 3454; x_wconf 82' lang='lat' dir='ltr'><strong>fore</strong></span> <span class='ocrx_word' id='word_1_618' title='bbox 2511 3397 2894 3468; x_wconf 79' lang='lat' dir='ltr'><strong>perSpiciebat,</strong></span> <span class='ocrx_word' id='word_1_619' title='bbox 2921 3399 2964 3454; x_wconf 92' lang='lat' dir='ltr'><strong>si</strong></span> <span class='ocrx_word' id='word_1_620' title='bbox 2999 3413 3119 3452; x_wconf 93' lang='lat' dir='ltr'><strong>eum</strong></span> <span class='ocrx_word' id='word_1_621' title='bbox 3147 3397 3463 3452; x_wconf 88' lang='lat' dir='ltr'><strong>devicisset.</strong></span> 
     </span>
    </p>
   </div>
   <div class='ocr_carea' id='block_1_88' title="bbox 1903 3489 3472 3562">
    <p class='ocr_par' dir='ltr' id='par_1_88' title="bbox 1903 3489 3472 3562">
     <span class='ocr_line' id='line_1_88' title="bbox 1903 3489 3472 3562; baseline -0.001 -17"><span class='ocrx_word' id='word_1_622' title='bbox 1903 3493 1996 3546; x_wconf 74' lang='lat' dir='ltr'><strong>illo</strong></span> <span class='ocrx_word' id='word_1_623' title='bbox 2051 3495 2193 3546; x_wconf 90' lang='lat' dir='ltr'><strong>enim</strong></span> <span class='ocrx_word' id='word_1_624' title='bbox 2247 3492 2406 3545; x_wconf 90' lang='lat' dir='ltr'><strong>modo</strong></span> <span class='ocrx_word' id='word_1_625' title='bbox 2469 3491 2693 3562; x_wconf 89' lang='lat' dir='ltr'><strong>putabat</strong></span> <span class='ocrx_word' id='word_1_626' title='bbox 2743 3505 2802 3545; x_wconf 92' lang='lat' dir='ltr'><strong>se</strong></span> <span class='ocrx_word' id='word_1_627' title='bbox 2856 3489 3113 3560; x_wconf 83' lang='lat' dir='ltr'><strong>perlicere</strong></span> <span class='ocrx_word' id='word_1_628' title='bbox 3171 3504 3351 3558; x_wconf 89' lang='lat' dir='ltr'><strong>posse,</strong></span> <span class='ocrx_word' id='word_1_629' title='bbox 3414 3498 3472 3544; x_wconf 85' lang='lat' dir='ltr'><strong>ut</strong></span> 
     </span>
    </p>
   </div>
   <div class='ocr_carea' id='block_1_89' title="bbox 1903 3579 3474 3649">
    <p class='ocr_par' dir='ltr' id='par_1_89' title="bbox 1903 3579 3474 3649">
     <span class='ocr_line' id='line_1_89' title="bbox 1903 3579 3474 3649; baseline -0.003 -12"><span class='ocrx_word' id='word_1_630' title='bbox 1903 3583 2240 3637; x_wconf 85' lang='lat' dir='ltr'><strong>Christianos</strong></span> <span class='ocrx_word' id='word_1_631' title='bbox 2273 3583 2552 3646; x_wconf 90' lang='lat' dir='ltr'><strong>vinceret;</strong></span> <span class='ocrx_word' id='word_1_632' title='bbox 2588 3582 2688 3635; x_wconf 91' lang='lat' dir='ltr'><strong>hac</strong></span> <span class='ocrx_word' id='word_1_633' title='bbox 2715 3588 2893 3634; x_wconf 89' lang='lat' dir='ltr'><strong>autem</strong></span> <span class='ocrx_word' id='word_1_634' title='bbox 2928 3579 3159 3643; x_wconf 91' lang='lat' dir='ltr'><strong>ratione,</strong></span> <span class='ocrx_word' id='word_1_635' title='bbox 3208 3588 3266 3633; x_wconf 93' lang='lat' dir='ltr'><strong>ut</strong></span> <span class='ocrx_word' id='word_1_636' title='bbox 3299 3579 3474 3649; x_wconf 88' lang='lat' dir='ltr'><strong>philo-</strong></span> 
     </span>
    </p>
   </div>
   <div class='ocr_carea' id='block_1_90' title="bbox 1904 3672 3464 3744">
    <p class='ocr_par' dir='ltr' id='par_1_90' title="bbox 1904 3672 3464 3744">
     <span class='ocr_line' id='line_1_90' title="bbox 1904 3672 3464 3744; baseline -0.004 -15"><span class='ocrx_word' id='word_1_637' title='bbox 1904 3675 2149 3744; x_wconf 89' lang='lat' dir='ltr'><strong>sophiam</strong></span> <span class='ocrx_word' id='word_1_638' title='bbox 2187 3687 2404 3742; x_wconf 88' lang='lat' dir='ltr'><strong>quoque</strong></span> <span class='ocrx_word' id='word_1_639' title='bbox 2443 3675 2615 3742; x_wconf 88' lang='lat' dir='ltr'><strong>ipsam</strong></span> <span class='ocrx_word' id='word_1_640' title='bbox 2646 3682 2702 3726; x_wconf 90' lang='lat' dir='ltr'><strong>et</strong></span> <span class='ocrx_word' id='word_1_641' title='bbox 2734 3673 3033 3727; x_wconf 87' lang='lat' dir='ltr'><strong>doctrinam</strong></span> <span class='ocrx_word' id='word_1_642' title='bbox 3073 3672 3464 3740; x_wconf 79' lang='lat' dir='ltr'><strong>exstingueret.</strong></span> 
     </span>
    </p>
   </div>
   <div class='ocr_carea' id='block_1_91' title="bbox 1903 3761 3474 3836">
    <p class='ocr_par' dir='ltr' id='par_1_91' title="bbox 1903 3761 3474 3836">
     <span class='ocr_line' id='line_1_91' title="bbox 1903 3761 3474 3836; baseline -0.002 -15"><span class='ocrx_word' id='word_1_643' title='bbox 1903 3767 2070 3822; x_wconf 76' lang='lat' dir='ltr'><strong>Porro</strong></span> <span class='ocrx_word' id='word_1_644' title='bbox 2099 3767 2335 3836; x_wconf 77' lang='lat' dir='ltr'><strong>linguam</strong></span> <span class='ocrx_word' id='word_1_645' title='bbox 2370 3767 2520 3835; x_wconf 86' lang='lat' dir='ltr'><strong>prius</strong></span> <span class='ocrx_word' id='word_1_646' title='bbox 2543 3774 2840 3833; x_wconf 86' lang='lat' dir='ltr'><strong>amputare,</strong></span> <span class='ocrx_word' id='word_1_647' title='bbox 2872 3772 3033 3832; x_wconf 89' lang='lat' dir='ltr'><strong>atque</strong></span> <span class='ocrx_word' id='word_1_648' title='bbox 3074 3761 3147 3815; x_wconf 90' lang='lat' dir='ltr'><strong>ita</strong></span> <span class='ocrx_word' id='word_1_649' title='bbox 3189 3773 3368 3816; x_wconf 89' lang='lat' dir='ltr'><strong>mutos</strong></span> <span class='ocrx_word' id='word_1_650' title='bbox 3417 3772 3474 3818; x_wconf 85' lang='lat' dir='ltr'><strong>et</strong></span> 
     </span>
    </p>
   </div>
   <div class='ocr_carea' id='block_1_92' title="bbox 1902 3854 3471 3927">
    <p class='ocr_par' dir='ltr' id='par_1_92' title="bbox 1902 3854 3471 3927">
     <span class='ocr_line' id='line_1_92' title="bbox 1902 3854 3471 3927; baseline -0.003 -14"><span class='ocrx_word' id='word_1_651' title='bbox 1902 3859 2143 3927; x_wconf 79' lang='lat' dir='ltr'><strong>elingues</strong></span> <span class='ocrx_word' id='word_1_652' title='bbox 2195 3873 2314 3924; x_wconf 86' lang='lat' dir='ltr'><strong>eos,</strong></span> <span class='ocrx_word' id='word_1_653' title='bbox 2361 3857 2451 3926; x_wconf 87' lang='lat' dir='ltr'><strong>qui</strong></span> <span class='ocrx_word' id='word_1_654' title='bbox 2501 3859 2569 3911; x_wconf 91' lang='lat' dir='ltr'><strong>ab</strong></span> <span class='ocrx_word' id='word_1_655' title='bbox 2619 3872 2680 3910; x_wconf 91' lang='lat' dir='ltr'><strong>ea</strong></span> <span class='ocrx_word' id='word_1_656' title='bbox 2733 3855 3128 3919; x_wconf 86' lang='lat' dir='ltr'><strong>iniciebantur,</strong></span> <span class='ocrx_word' id='word_1_657' title='bbox 3179 3854 3471 3923; x_wconf 84' lang='lat' dir='ltr'><strong>abducere,</strong></span> 
     </span>
    </p>
   </div>
   <div class='ocr_carea' id='block_1_93' title="bbox 1904 3948 3473 4020">
    <p class='ocr_par' dir='ltr' id='par_1_93' title="bbox 1904 3948 3473 4020">
     <span class='ocr_line' id='line_1_93' title="bbox 1904 3948 3473 4020; baseline -0.002 -17"><span class='ocrx_word' id='word_1_658' title='bbox 1904 3951 2358 4020; x_wconf 60' lang='lat' dir='ltr'><strong>praestantissima:</strong></span> <span class='ocrx_word' id='word_1_659' title='bbox 2395 3949 2673 4020; x_wconf 87' lang='lat' dir='ltr'><strong>cujusdam</strong></span> <span class='ocrx_word' id='word_1_660' title='bbox 2707 3948 2954 4001; x_wconf 91' lang='lat' dir='ltr'><strong>militaris</strong></span> <span class='ocrx_word' id='word_1_661' title='bbox 2979 3948 3185 4001; x_wconf 67' lang='lat' dir='ltr'><strong>astutiae</strong></span> <span class='ocrx_word' id='word_1_662' title='bbox 3201 3963 3321 4002; x_wconf 88' lang='lat' dir='ltr'><strong>esse</strong></span> <span class='ocrx_word' id='word_1_663' title='bbox 3344 3963 3473 4002; x_wconf 75' lang='lat' dir='ltr'><strong>ceu-</strong></span> 
     </span>
    </p>
   </div>
   <div class='ocr_carea' id='block_1_94' title="bbox 1908 4039 3466 4110">
    <p class='ocr_par' dir='ltr' id='par_1_94' title="bbox 1908 4039 3466 4110">
     <span class='ocr_line' id='line_1_94' title="bbox 1908 4039 3466 4110; baseline -0.003 -12"><span class='ocrx_word' id='word_1_664' title='bbox 1908 4042 2100 4106; x_wconf 87' lang='lat' dir='ltr'><strong>sebat;</strong></span> <span class='ocrx_word' id='word_1_665' title='bbox 2143 4057 2249 4098; x_wconf 90' lang='lat' dir='ltr'><strong>non</strong></span> <span class='ocrx_word' id='word_1_666' title='bbox 2275 4051 2418 4096; x_wconf 90' lang='lat' dir='ltr'><strong>recte</strong></span> <span class='ocrx_word' id='word_1_667' title='bbox 2444 4043 2657 4110; x_wconf 88' lang='lat' dir='ltr'><strong>quidem</strong></span> <span class='ocrx_word' id='word_1_668' title='bbox 2685 4041 2775 4096; x_wconf 91' lang='lat' dir='ltr'><strong>ille</strong></span> <span class='ocrx_word' id='word_1_669' title='bbox 2806 4055 2904 4094; x_wconf 90' lang='lat' dir='ltr'><strong>nec</strong></span> <span class='ocrx_word' id='word_1_670' title='bbox 2935 4041 3020 4108; x_wconf 85' lang='lat' dir='ltr'><strong>pie</strong></span> <span class='ocrx_word' id='word_1_671' title='bbox 3055 4039 3466 4108; x_wconf 76' lang='lat' dir='ltr'><strong>haec&#39;cogitans.</strong></span> 
     </span>
    </p>
   </div>
   <div class='ocr_carea' id='block_1_95' title="bbox 1904 4133 3468 4203">
    <p class='ocr_par' dir='ltr' id='par_1_95' title="bbox 1904 4133 3468 4203">
     <span class='ocr_line' id='line_1_95' title="bbox 1904 4133 3468 4203; baseline -0.001 -14"><span class='ocrx_word' id='word_1_672' title='bbox 1904 4151 2008 4190; x_wconf 91' lang='lat' dir='ltr'><strong>non</strong></span> <span class='ocrx_word' id='word_1_673' title='bbox 2041 4145 2220 4190; x_wconf 88' lang='lat' dir='ltr'><strong>tamen</strong></span> <span class='ocrx_word' id='word_1_674' title='bbox 2247 4135 2466 4190; x_wconf 90' lang='lat' dir='ltr'><strong>omnino</strong></span> <span class='ocrx_word' id='word_1_675' title='bbox 2496 4144 2697 4190; x_wconf 91' lang='lat' dir='ltr'><strong>temere</strong></span> <span class='ocrx_word' id='word_1_676' title='bbox 2749 4143 2821 4191; x_wconf 78' lang='lat' dir='ltr'><strong>et,</strong></span> <span class='ocrx_word' id='word_1_677' title='bbox 2846 4133 3173 4198; x_wconf 91' lang='lat' dir='ltr'><strong>inconsulte,-</strong></span> <span class='ocrx_word' id='word_1_678' title='bbox 3199 4142 3468 4203; x_wconf 88' lang='lat' dir='ltr'><strong>quantum</strong></span> 
     </span>
    </p>
   </div>
   <div class='ocr_carea' id='block_1_96' title="bbox 1903 4225 3472 4298">
    <p class='ocr_par' dir='ltr' id='par_1_96' title="bbox 1903 4225 3472 4298">
     <span class='ocr_line' id='line_1_96' title="bbox 1903 4225 3472 4298; baseline -0.001 -18"><span class='ocrx_word' id='word_1_679' title='bbox 1903 4228 2116 4298; x_wconf 89' lang='lat' dir='ltr'><strong>quidem</strong></span> <span class='ocrx_word' id='word_1_680' title='bbox 2149 4229 2215 4282; x_wconf 92' lang='lat' dir='ltr'><strong>ad</strong></span> <span class='ocrx_word' id='word_1_681' title='bbox 2249 4227 2415 4296; x_wconf 91' lang='lat' dir='ltr'><strong>ipsius</strong></span> <span class='ocrx_word' id='word_1_682' title='bbox 2439 4226 2721 4282; x_wconf 90' lang='lat' dir='ltr'><strong>consilium</strong></span> <span class='ocrx_word' id='word_1_683' title='bbox 2766 4233 2821 4280; x_wconf 91' lang='lat' dir='ltr'><strong>et</strong></span> <span class='ocrx_word' id='word_1_684' title='bbox 2875 4234 3129 4279; x_wconf 91' lang='lat' dir='ltr'><strong>conatum</strong></span> <span class='ocrx_word' id='word_1_685' title='bbox 3186 4225 3472 4288; x_wconf 76' lang='lat' dir='ltr'><strong>attinebat,</strong></span> 
     </span>
    </p>
   </div>
   <div class='ocr_carea' id='block_1_97' title="bbox 1905 4317 3472 4389">
    <p class='ocr_par' dir='ltr' id='par_1_97' title="bbox 1905 4317 3472 4389">
     <span class='ocr_line' id='line_1_97' title="bbox 1905 4317 3472 4389; baseline -0.001 -18"><span class='ocrx_word' id='word_1_686' title='bbox 1905 4319 2352 4389; x_wconf 89' lang='lat' dir='ltr'><strong>quemadmodum</strong></span> <span class='ocrx_word' id='word_1_687' title='bbox 2397 4334 2484 4374; x_wconf 89' lang='lat' dir='ltr'><strong>res</strong></span> <span class='ocrx_word' id='word_1_688' title='bbox 2538 4319 2650 4386; x_wconf 88' lang='lat' dir='ltr'><strong>ipsa</strong></span> <span class='ocrx_word' id='word_1_689' title='bbox 2697 4318 3010 4372; x_wconf 85' lang='lat' dir='ltr'><strong>declaravit.</strong></span> <span class='ocrx_word' id='word_1_690' title='bbox 3048 4317 3178 4369; x_wconf 81' lang='lat' dir='ltr'><strong>Nam</strong></span> <span class='ocrx_word' id='word_1_691' title='bbox 3217 4331 3362 4383; x_wconf 90' lang='lat' dir='ltr'><strong>cum,</strong></span> <span class='ocrx_word' id='word_1_692' title='bbox 3409 4325 3472 4370; x_wconf 88' lang='lat' dir='ltr'><strong>ut</strong></span> 
     </span>
    </p>
   </div>
   <div class='ocr_carea' id='block_1_98' title="bbox 1906 4405 3472 4480">
    <p class='ocr_par' dir='ltr' id='par_1_98' title="bbox 1906 4405 3472 4480">
     <span class='ocr_line' id='line_1_98' title="bbox 1906 4405 3472 4480; baseline -0.003 -16"><span class='ocrx_word' id='word_1_693' title='bbox 1906 4411 2158 4480; x_wconf 91' lang='lat' dir='ltr'><strong>scopulus</strong></span> <span class='ocrx_word' id='word_1_694' title='bbox 2208 4411 2426 4479; x_wconf 89' lang='lat' dir='ltr'><strong>quidam</strong></span> <span class='ocrx_word' id='word_1_695' title='bbox 2465 4410 2806 4464; x_wconf 89' lang='lat' dir='ltr'><strong>incursantes</strong></span> <span class='ocrx_word' id='word_1_696' title='bbox 2843 4408 3057 4469; x_wconf 83' lang='lat' dir='ltr'><strong>ﬂuctus,</strong></span> <span class='ocrx_word' id='word_1_697' title='bbox 3101 4407 3183 4461; x_wconf 92' lang='lat' dir='ltr'><strong>sic</strong></span> <span class='ocrx_word' id='word_1_698' title='bbox 3227 4405 3316 4462; x_wconf 90' lang='lat' dir='ltr'><strong>ille</strong></span> <span class='ocrx_word' id='word_1_699' title='bbox 3370 4407 3472 4460; x_wconf 59' lang='lat' dir='ltr'><strong>ima</strong></span> 
     </span>
    </p>
   </div>
   <div class='ocr_carea' id='block_1_99' title="bbox 1905 4500 3471 4572">
    <p class='ocr_par' dir='ltr' id='par_1_99' title="bbox 1905 4500 3471 4572">
     <span class='ocr_line' id='line_1_99' title="bbox 1905 4500 3471 4572; baseline -0.002 -16"><span class='ocrx_word' id='word_1_700' title='bbox 1905 4513 2061 4572; x_wconf 85' lang='lat' dir='ltr'><strong>pctus</strong></span> <span class='ocrx_word' id='word_1_701' title='bbox 2104 4516 2292 4556; x_wconf 86' lang='lat' dir='ltr'><strong>omnes</strong></span> <span class='ocrx_word' id='word_1_702' title='bbox 2327 4511 2383 4554; x_wconf 93' lang='lat' dir='ltr'><strong>et</strong></span> <span class='ocrx_word' id='word_1_703' title='bbox 2417 4500 2654 4556; x_wconf 91' lang='lat' dir='ltr'><strong>assultus</strong></span> <span class='ocrx_word' id='word_1_704' title='bbox 2686 4514 2879 4569; x_wconf 77' lang='lat' dir='ltr'><strong>magno</strong></span> <span class='ocrx_word' id='word_1_705' title='bbox 2911 4507 3239 4566; x_wconf 88' lang='lat' dir='ltr'><strong>strenuoque</strong></span> <span class='ocrx_word' id='word_1_706' title='bbox 3278 4500 3471 4553; x_wconf 90' lang='lat' dir='ltr'><strong>animo</strong></span> 
     </span>
    </p>
   </div>
   <div class='ocr_carea' id='block_1_100' title="bbox 1907 4588 3473 4664">
    <p class='ocr_par' dir='ltr' id='par_1_100' title="bbox 1907 4588 3473 4664">
     <span class='ocr_line' id='line_1_100' title="bbox 1907 4588 3473 4664; baseline -0.002 -17"><span class='ocrx_word' id='word_1_707' title='bbox 1907 4593 2290 4664; x_wconf 85' lang='lat' dir='ltr'><strong>propulsassct,</strong></span> <span class='ocrx_word' id='word_1_708' title='bbox 2343 4607 2406 4647; x_wconf 89' lang='lat' dir='ltr'><strong>ac</strong></span> <span class='ocrx_word' id='word_1_709' title='bbox 2445 4593 2659 4646; x_wconf 88' lang='lat' dir='ltr'><strong>tandem</strong></span> <span class='ocrx_word' id='word_1_710' title='bbox 2705 4592 2774 4644; x_wconf 87' lang='lat' dir='ltr'><strong>ab</strong></span> <span class='ocrx_word' id='word_1_711' title='bbox 2815 4605 2880 4644; x_wconf 95' lang='lat' dir='ltr'><strong>eo</strong></span> <span class='ocrx_word' id='word_1_712' title='bbox 2917 4591 2967 4643; x_wconf 89' lang='lat' dir='ltr'><strong>iu</strong></span> <span class='ocrx_word' id='word_1_713' title='bbox 3019 4588 3268 4644; x_wconf 80' lang='lat' dir='ltr'><strong>exsilium</strong></span> <span class='ocrx_word' id='word_1_714' title='bbox 3318 4599 3473 4644; x_wconf 89' lang='lat' dir='ltr'><strong>actus</strong></span> 
     </span>
    </p>
   </div>
   <div class='ocr_carea' id='block_1_101' title="bbox 1908 4681 3473 4752">
    <p class='ocr_par' dir='ltr' id='par_1_101' title="bbox 1908 4681 3473 4752">
     <span class='ocr_line' id='line_1_101' title="bbox 1908 4681 3473 4752; baseline -0.004 -14"><span class='ocrx_word' id='word_1_715' title='bbox 1908 4695 2074 4750; x_wconf 88' lang='lat' dir='ltr'><strong>esset,</strong></span> <span class='ocrx_word' id='word_1_716' title='bbox 2117 4684 2526 4752; x_wconf 86' lang='lat' dir='ltr'><strong>haudquaquam</strong></span> <span class='ocrx_word' id='word_1_717' title='bbox 2557 4683 2611 4736; x_wconf 86' lang='lat' dir='ltr'><strong>in</strong></span> <span class='ocrx_word' id='word_1_718' title='bbox 2642 4681 2848 4751; x_wconf 86' lang='lat' dir='ltr'><strong>privata</strong></span> <span class='ocrx_word' id='word_1_719' title='bbox 2879 4682 3055 4735; x_wconf 86' lang='lat' dir='ltr'><strong>salute</strong></span> <span class='ocrx_word' id='word_1_720' title='bbox 3087 4696 3180 4734; x_wconf 79' lang='lat' dir='ltr'><strong>sua</strong></span> <span class='ocrx_word' id='word_1_721' title='bbox 3215 4681 3296 4732; x_wconf 88' lang='lat' dir='ltr'><strong>vir</strong></span> <span class='ocrx_word' id='word_1_722' title='bbox 3317 4695 3473 4748; x_wconf 80' lang='lat' dir='ltr'><strong>egre-</strong></span> 
     </span>
    </p>
   </div>
   <div class='ocr_carea' id='block_1_102' title="bbox 1912 4770 3470 4845">
    <p class='ocr_par' dir='ltr' id='par_1_102' title="bbox 1912 4770 3470 4845">
     <span class='ocr_line' id='line_1_102' title="bbox 1912 4770 3470 4845; baseline -0.005 -17"><span class='ocrx_word' id='word_1_723' title='bbox 1912 4775 2030 4845; x_wconf 77' lang='lat' dir='ltr'><strong>gius</strong></span> <span class='ocrx_word' id='word_1_724' title='bbox 2059 4773 2459 4843; x_wconf 88' lang='lat' dir='ltr'><strong>acquiescebat,</strong></span> <span class='ocrx_word' id='word_1_725' title='bbox 2491 4783 2584 4827; x_wconf 89' lang='lat' dir='ltr'><strong>aut</strong></span> <span class='ocrx_word' id='word_1_726' title='bbox 2609 4771 2862 4841; x_wconf 66' lang='lat' dir='ltr'><strong>praeclare</strong></span> <span class='ocrx_word' id='word_1_727' title='bbox 2893 4786 3076 4826; x_wconf 87' lang='lat' dir='ltr'><strong>secum</strong></span> <span class='ocrx_word' id='word_1_728' title='bbox 3101 4770 3187 4839; x_wconf 77' lang='lat' dir='ltr'><strong>agi</strong></span> <span class='ocrx_word' id='word_1_729' title='bbox 3227 4771 3470 4836; x_wconf 84' lang='lat' dir='ltr'><strong>putabat.</strong></span> 
     </span>
    </p>
   </div>
   <div class='ocr_carea' id='block_1_103' title="bbox 1913 4859 3475 4936">
    <p class='ocr_par' dir='ltr' id='par_1_103' title="bbox 1913 4859 3475 4936">
     <span class='ocr_line' id='line_1_103' title="bbox 1913 4859 3475 4936; baseline -0.006 -18"><span class='ocrx_word' id='word_1_730' title='bbox 1913 4867 2055 4936; x_wconf 89' lang='lat' dir='ltr'><strong>quod</strong></span> <span class='ocrx_word' id='word_1_731' title='bbox 2085 4865 2192 4918; x_wconf 86' lang='lat' dir='ltr'><strong>vita</strong></span> <span class='ocrx_word' id='word_1_732' title='bbox 2231 4864 2332 4934; x_wconf 83' lang='lat' dir='ltr'><strong>ipsi</strong></span> <span class='ocrx_word' id='word_1_733' title='bbox 2375 4872 2561 4933; x_wconf 89' lang='lat' dir='ltr'><strong>erepta</strong></span> <span class='ocrx_word' id='word_1_734' title='bbox 2599 4878 2704 4916; x_wconf 91' lang='lat' dir='ltr'><strong>non</strong></span> <span class='ocrx_word' id='word_1_735' title='bbox 2740 4859 2949 4924; x_wconf 83' lang='lat' dir='ltr'><strong>fuisset,</strong></span> <span class='ocrx_word' id='word_1_736' title='bbox 2992 4874 3090 4915; x_wconf 87' lang='lat' dir='ltr'><strong>nec</strong></span> <span class='ocrx_word' id='word_1_737' title='bbox 3126 4861 3475 4912; x_wconf 88' lang='lat' dir='ltr'><strong>securitatem</strong></span> 
     </span>
    </p>
   </div>
   <div class='ocr_carea' id='block_1_104' title="bbox 1914 4943 3477 5025">
    <p class='ocr_par' dir='ltr' id='par_1_104' title="bbox 1914 4943 3477 5025">
     <span class='ocr_line' id='line_1_104' title="bbox 1914 4943 3477 5025; baseline -0.004 -18"><span class='ocrx_word' id='word_1_738' title='bbox 1914 4955 2158 5024; x_wconf 90' lang='lat' dir='ltr'><strong>corporis</strong></span> <span class='ocrx_word' id='word_1_739' title='bbox 2190 4955 2366 5025; x_wconf 90' lang='lat' dir='ltr'><strong>potius</strong></span> <span class='ocrx_word' id='word_1_740' title='bbox 2399 4954 2536 5008; x_wconf 89' lang='lat' dir='ltr'><strong>hanc</strong></span> <span class='ocrx_word' id='word_1_741' title='bbox 2574 4943 2942 5023; x_wconf 75' lang='lat' dir='ltr'><strong>ignominiam,</strong></span> <span class='ocrx_word' id='word_1_742' title='bbox 2970 4965 3132 5020; x_wconf 83' lang='lat' dir='ltr'><strong>quam</strong></span> <span class='ocrx_word' id='word_1_743' title='bbox 3163 4949 3354 5002; x_wconf 70' lang='lat' dir='ltr'><strong>auium</strong></span> <span class='ocrx_word' id='word_1_744' title='bbox 3383 4964 3477 5017; x_wconf 82' lang='lat' dir='ltr'><strong>pe-</strong></span> 
     </span>
    </p>
   </div>
   <div class='ocr_carea' id='block_1_105' title="bbox 1917 5037 3477 5116">
    <p class='ocr_par' dir='ltr' id='par_1_105' title="bbox 1917 5037 3477 5116">
     <span class='ocr_line' id='line_1_105' title="bbox 1917 5037 3477 5116; baseline -0.007 -16"><span class='ocrx_word' id='word_1_745' title='bbox 1917 5045 2145 5101; x_wconf 89' lang='lat' dir='ltr'><strong>riculum</strong></span> <span class='ocrx_word' id='word_1_746' title='bbox 2195 5045 2665 5116; x_wconf 89' lang='lat' dir='ltr'><strong>interpretabatur,</strong></span> <span class='ocrx_word' id='word_1_747' title='bbox 2700 5043 2744 5098; x_wconf 86' lang='lat' dir='ltr'><strong>si</strong></span> <span class='ocrx_word' id='word_1_748' title='bbox 2788 5042 2897 5097; x_wconf 90' lang='lat' dir='ltr'><strong>otio</strong></span> <span class='ocrx_word' id='word_1_749' title='bbox 2926 5052 2981 5096; x_wconf 92' lang='lat' dir='ltr'><strong>et</strong></span> <span class='ocrx_word' id='word_1_750' title='bbox 3029 5040 3246 5096; x_wconf 89' lang='lat' dir='ltr'><strong>silentio</strong></span> <span class='ocrx_word' id='word_1_751' title='bbox 3289 5037 3477 5092; x_wconf 86' lang='lat' dir='ltr'><strong>indul-</strong></span> 
     </span>
    </p>
   </div>
   <div class='ocr_carea' id='block_1_106' title="bbox 1983 5171 3478 5296">
    <p class='ocr_par' dir='ltr' id='par_1_106' title="bbox 1983 5171 3478 5296">
     <span class='ocr_line' id='line_1_106' title="bbox 1983 5171 3478 5296; baseline -0.008 -18"><span class='ocrx_word' id='word_1_752' title='bbox 1983 5226 2122 5296; x_wconf 64' lang='grc' dir='ltr'><strong>(16)Δ</strong></span> <span class='ocrx_word' id='word_1_753' title='bbox 2146 5221 2454 5296; x_wconf 38' lang='grc' dir='ltr'>Ἑκείνως..</span> <span class='ocrx_word' id='word_1_754' title='bbox 2478 5217 2568 5296; x_wconf 77' lang='lat' dir='ltr'><strong>Sic</strong></span> <span class='ocrx_word' id='word_1_755' title='bbox 2619 5217 2787 5296; x_wconf 55' lang='grc' dir='ltr'><strong>[ἷξες.</strong></span> <span class='ocrx_word' id='word_1_756' title='bbox 2823 5231 2876 5280; x_wconf 85' lang='lat' dir='ltr'><strong>a,</strong></span> <span class='ocrx_word' id='word_1_757' title='bbox 2902 5230 2971 5296; x_wconf 9' lang='lat' dir='ltr'><strong>7c,</strong></span> <span class='ocrx_word' id='word_1_758' title='bbox 3004 5171 3069 5296; x_wconf 44' lang='grc' dir='ltr'>ὁ,</span> <span class='ocrx_word' id='word_1_759' title='bbox 3095 5215 3218 5296; x_wconf 84' lang='lat' dir='ltr'><strong>bm,_</strong></span> <span class='ocrx_word' id='word_1_760' title='bbox 3247 5213 3346 5296; x_wconf 81' lang='lat' dir='ltr'><strong>ph,_</strong></span> <span class='ocrx_word' id='word_1_761' title='bbox 3387 5213 3478 5296; x_wconf 72' lang='lat' dir='ltr'><strong>de-</strong></span> 
     </span>
    </p>
   </div>
   <div class='ocr_carea' id='block_1_107' title="bbox 1911 5285 3478 5355">
    <p class='ocr_par' dir='ltr' id='par_1_107' title="bbox 1911 5285 3478 5355">
     <span class='ocr_line' id='line_1_107' title="bbox 1911 5285 3478 5355; baseline -0.008 -6"><span class='ocrx_word' id='word_1_762' title='bbox 1911 5285 2027 5352; x_wconf 79' lang='lat' dir='ltr'><strong>cem</strong></span> <span class='ocrx_word' id='word_1_763' title='bbox 2075 5285 2260 5355; x_wconf 56' lang='lat' dir='ltr'><strong>&#39;Colb.,</strong></span> <span class='ocrx_word' id='word_1_764' title='bbox 2315 5285 2478 5344; x_wconf 62' lang='grc' dir='ltr'>(λοισι.</span> <span class='ocrx_word' id='word_1_765' title='bbox 2544 5290 2596 5353; x_wconf 77' lang='grc'><strong>1,</strong></span> <span class='ocrx_word' id='word_1_766' title='bbox 2653 5285 2802 5354; x_wconf 55' lang='lat' dir='ltr'><strong>Pan,</strong></span> <span class='ocrx_word' id='word_1_767' title='bbox 2861 5295 2969 5341; x_wconf 88' lang='lat' dir='ltr'><strong>etc.</strong></span> <span class='ocrx_word' id='word_1_768' title='bbox 3035 5288 3091 5340; x_wconf 91' lang='lat' dir='ltr'><strong>In</strong></span> <span class='ocrx_word' id='word_1_769' title='bbox 3152 5286 3264 5352; x_wconf 90' lang='lat' dir='ltr'><strong>ed.,</strong></span> <span class='ocrx_word' id='word_1_770' title='bbox 3329 5285 3478 5337; x_wconf 73' lang='grc' dir='ltr'><strong>ἐκείι</strong></span> 
     </span>
    </p>
   </div>
   <div class='ocr_carea' id='block_1_108' title="bbox 1908 5383 3198 5504">
    <p class='ocr_par' dir='ltr' id='par_1_108' title="bbox 1908 5383 3198 5504">
     <span class='ocr_line' id='line_1_108' title="bbox 1908 5383 3198 5504; baseline -0.008 -16"><span class='ocrx_word' id='word_1_771' title='bbox 1908 5383 2090 5504; x_wconf 56' lang='grc' dir='ltr'><strong>νοῗ17)</strong></span> <span class='ocrx_word' id='word_1_772' title='bbox 2133 5431 2353 5485; x_wconf 76' lang='grc' dir='ltr'><strong>Μόνον.</strong></span> <span class='ocrx_word' id='word_1_773' title='bbox 2388 5429 2636 5504; x_wconf 32' lang='grc' dir='ltr'><strong>κλῦθι-ξι,</strong></span> <span class='ocrx_word' id='word_1_774' title='bbox 2667 5443 2705 5504; x_wconf 61' lang='grc' dir='ltr'><strong>οΔ</strong></span> <span class='ocrx_word' id='word_1_775' title='bbox 2721 5437 2774 5480; x_wconf 88' lang='lat' dir='ltr'><strong>et</strong></span> <span class='ocrx_word' id='word_1_776' title='bbox 2800 5426 2891 5481; x_wconf 82' lang='lat' dir='ltr'><strong>Or.</strong></span> <span class='ocrx_word' id='word_1_777' title='bbox 2921 5425 2972 5486; x_wconf 79' lang='grc'><strong>1,</strong></span> <span class='ocrx_word' id='word_1_778' title='bbox 3001 5426 3198 5504; x_wconf 58' lang='grc' dir='ltr'>μόνων,</span> 
     </span>
    </p>
   </div>
   <div class='ocr_carea' id='block_1_109' title="bbox 1982 5492 3479 5578">
    <p class='ocr_par' dir='ltr' id='par_1_109' title="bbox 1982 5492 3479 5578">
     <span class='ocr_line' id='line_1_109' title="bbox 1982 5492 3479 5578; baseline -0.007 -19"><span class='ocrx_word' id='word_1_779' title='bbox 1982 5492 2092 5574; x_wconf 78' lang='grc'><strong>(18)</strong></span> <span class='ocrx_word' id='word_1_780' title='bbox 2128 5492 2527 5578; x_wconf 58' lang='grc' dir='ltr'><strong>’.ιὶῖτειγαγιςῖνῖ⁷</strong></span> <span class='ocrx_word' id='word_1_781' title='bbox 2544 5499 2636 5553; x_wconf 81' lang='lat' dir='ltr'><strong>Sic</strong></span> <span class='ocrx_word' id='word_1_782' title='bbox 2683 5498 2793 5551; x_wconf 83' lang='lat' dir='ltr'><strong>fere</strong></span> <span class='ocrx_word' id='word_1_783' title='bbox 2821 5492 3014 5578; x_wconf 73' lang='lat' dir='ltr'><strong>clunes</strong></span> <span class='ocrx_word' id='word_1_784' title='bbox 3070 5497 3222 5550; x_wconf 88' lang='lat' dir='ltr'><strong>codd.</strong></span> <span class='ocrx_word' id='word_1_785' title='bbox 3257 5492 3314 5548; x_wconf 86' lang='lat' dir='ltr'><strong>lu</strong></span> <span class='ocrx_word' id='word_1_786' title='bbox 3363 5495 3479 5559; x_wconf 72' lang='grc' dir='ltr'>ειΙο,</span> 
     </span>
    </p>
   </div>
   <div class='ocr_carea' id='block_1_110' title="bbox 303 5575 1817 5657">
    <p class='ocr_par' dir='ltr' id='par_1_110' title="bbox 303 5575 1812 5657">
     <span class='ocr_line' id='line_1_110' title="bbox 303 5575 1812 5657; baseline -0.009 -17"><span class='ocrx_word' id='word_1_787' title='bbox 303 5575 433 5657; x_wconf 47' lang='grc'><strong>(1⁷4)</strong></span> <span class='ocrx_word' id='word_1_788' title='bbox 479 5575 700 5651; x_wconf 83' lang='grc' dir='ltr'><strong>Δέκὶὁς.</strong></span> <span class='ocrx_word' id='word_1_789' title='bbox 728 5582 839 5636; x_wconf 84' lang='lat' dir='ltr'><strong>Non</strong></span> <span class='ocrx_word' id='word_1_790' title='bbox 874 5587 971 5636; x_wconf 91' lang='lat' dir='ltr'><strong>sub</strong></span> <span class='ocrx_word' id='word_1_791' title='bbox 1001 5581 1180 5657; x_wconf 58' lang='lat' dir='ltr'><strong>llecio,</strong></span> <span class='ocrx_word' id='word_1_792' title='bbox 1217 5581 1309 5633; x_wconf 88' lang='lat' dir='ltr'><strong>sed</strong></span> <span class='ocrx_word' id='word_1_793' title='bbox 1345 5579 1444 5632; x_wconf 90' lang='lat' dir='ltr'><strong>sub</strong></span> <span class='ocrx_word' id='word_1_794' title='bbox 1481 5577 1812 5657; x_wconf 48' lang='lat' dir='ltr'><strong>Diocletiano</strong></span> 
     </span>
    </p>
   </div>
   <div class='ocr_carea' id='block_1_111' title="bbox 1910 5575 2304 5657">
    <p class='ocr_par' dir='ltr' id='par_1_111' title="bbox 1911 5575 2304 5657">
     <span class='ocr_line' id='line_1_111' title="bbox 1911 5575 2304 5657; baseline -0.008 -29"><span class='ocrx_word' id='word_1_795' title='bbox 1911 5575 2304 5657; x_wconf 57' lang='grc' dir='ltr'>ἐπαναγαγεῖν.</span> 
     </span>
    </p>
   </div>
   <div class='ocr_carea' id='block_1_112' title="bbox 211 5645 1816 5723">
    <p class='ocr_par' dir='ltr' id='par_1_112' title="bbox 211 5645 1816 5723">
     <span class='ocr_line' id='line_1_112' title="bbox 211 5645 1816 5723; baseline -0.007 -9"><span class='ocrx_word' id='word_1_796' title='bbox 211 5670 281 5714; x_wconf 84' lang='lat' dir='ltr'><strong>et</strong></span> <span class='ocrx_word' id='word_1_797' title='bbox 309 5645 670 5710; x_wconf 50' lang='lat' dir='ltr'><strong>‘Maximiano&#39;</strong></span> <span class='ocrx_word' id='word_1_798' title='bbox 695 5669 883 5723; x_wconf 88' lang='lat' dir='ltr'><strong>passus</strong></span> <span class='ocrx_word' id='word_1_799' title='bbox 910 5651 1328 5722; x_wconf 83' lang='lat' dir='ltr'><strong>estCyprianus,</strong></span> <span class='ocrx_word' id='word_1_800' title='bbox 1357 5665 1498 5702; x_wconf 90' lang='lat' dir='ltr'><strong>anno</strong></span> <span class='ocrx_word' id='word_1_801' title='bbox 1523 5648 1646 5702; x_wconf 68' lang='grc'><strong>304.</strong></span> <span class='ocrx_word' id='word_1_802' title='bbox 1678 5645 1816 5702; x_wconf 80' lang='lat' dir='ltr'><strong>Vide</strong></span> 
     </span>
    </p>
   </div>
   <div class='ocr_carea' id='block_1_113' title="bbox 212 5723 1588 5796">
    <p class='ocr_par' dir='ltr' id='par_1_113' title="bbox 212 5723 1588 5796">
     <span class='ocr_line' id='line_1_113' title="bbox 212 5723 1588 5796; baseline 0.013 -18"><span class='ocrx_word' id='word_1_803' title='bbox 212 5726 531 5785; x_wconf 76' lang='lat' dir='ltr'><strong>Manilum,</strong></span> <span class='ocrx_word' id='word_1_804' title='bbox 559 5743 608 5776; x_wconf 86' lang='grc' dir='ltr'>ιι.</span> <span class='ocrx_word' id='word_1_805' title='bbox 643 5723 696 5796; x_wconf 47' lang='grc'>4,</span> <span class='ocrx_word' id='word_1_806' title='bbox 814 5793 841 5796; x_wconf 27' lang='grc' dir='ltr'>ν</span> <span class='ocrx_word' id='word_1_807' title='bbox 1015 5793 1024 5796; x_wconf 90' lang='lat'>_</span> <span class='ocrx_word' id='word_1_808' title='bbox 1167 5790 1197 5796; x_wconf 84' lang='lat'>_</span> <span class='ocrx_word' id='word_1_809' title='bbox 1237 5790 1249 5796; x_wconf 88' lang='lat'>_</span> <span class='ocrx_word' id='word_1_810' title='bbox 1285 5789 1296 5796; x_wconf 90' lang='lat'>_</span> <span class='ocrx_word' id='word_1_811' title='bbox 1357 5790 1368 5796; x_wconf 91' lang='lat'><strong>_</strong></span> <span class='ocrx_word' id='word_1_812' title='bbox 1564 5785 1588 5796; x_wconf 92' lang='grc'><strong>..</strong></span> 
     </span>
    </p>
   </div>
   <div class='ocr_carea' id='block_1_114' title="bbox 297 5789 1673 5869">
    <p class='ocr_par' dir='ltr' id='par_1_114' title="bbox 297 5789 1673 5869">
     <span class='ocr_line' id='line_1_114' title="bbox 297 5789 1673 5869; baseline -0.007 -20"><span class='ocrx_word' id='word_1_813' title='bbox 297 5796 432 5869; x_wconf 70' lang='grc'><strong>(15)</strong></span> <span class='ocrx_word' id='word_1_814' title='bbox 504 5795 787 5860; x_wconf 83' lang='grc' dir='ltr'><strong>Τοσούτῳ.</strong></span> <span class='ocrx_word' id='word_1_815' title='bbox 813 5793 942 5864; x_wconf 72' lang='grc' dir='ltr'>ιιρε.</span> <span class='ocrx_word' id='word_1_816' title='bbox 977 5793 1045 5862; x_wconf 88' lang='lat' dir='ltr'><strong>ph</strong></span> <span class='ocrx_word' id='word_1_817' title='bbox 1083 5800 1136 5846; x_wconf 87' lang='lat' dir='ltr'><strong>et</strong></span> <span class='ocrx_word' id='word_1_818' title='bbox 1160 5789 1318 5857; x_wconf 84' lang='lat' dir='ltr'><strong>Coisl.</strong></span> <span class='ocrx_word' id='word_1_819' title='bbox 1351 5790 1403 5856; x_wconf 85' lang='lat' dir='ltr'><strong>-l,</strong></span> <span class='ocrx_word' id='word_1_820' title='bbox 1436 5789 1673 5842; x_wconf 74' lang='grc' dir='ltr'>τοσοῦτο.</span> 
     </span>
    </p>
   </div>
   <div class='ocr_carea' id='block_1_115' title="bbox 1983 5634 3444 5716">
    <p class='ocr_par' dir='ltr' id='par_1_115' title="bbox 1983 5634 3444 5716">
     <span class='ocr_line' id='line_1_115' title="bbox 1983 5634 3444 5716; baseline 0.003 -29"><span class='ocrx_word' id='word_1_821' title='bbox 1983 5634 2602 5716; x_wconf 49' lang='lat' dir='ltr'><strong>(i9)&#39;n&#39;apd:1tocz_lleg.</strong></span> <span class='ocrx_word' id='word_1_822' title='bbox 2629 5652 2658 5691; x_wconf 92' lang='lat' dir='ltr'><strong>c</strong></span> <span class='ocrx_word' id='word_1_823' title='bbox 2688 5638 2854 5699; x_wconf 91' lang='lat' dir='ltr'><strong>addit,</strong></span> <span class='ocrx_word' id='word_1_824' title='bbox 2888 5634 3106 5716; x_wconf 78' lang='grc' dir='ltr'>πολλάς.</span> 
     </span>
    </p>
   </div>
   <div class='ocr_carea' id='block_1_116' title="bbox 1983 5707 3477 5783">
    <p class='ocr_par' dir='ltr' id='par_1_116' title="bbox 1983 5707 3477 5783">
     <span class='ocr_line' id='line_1_116' title="bbox 1983 5707 3477 5783; baseline -0.014 -4"><span class='ocrx_word' id='word_1_825' title='bbox 1983 5707 2096 5783; x_wconf 65' lang='grc'><strong>(20)</strong></span> <span class='ocrx_word' id='word_1_826' title='bbox 2123 5707 2335 5778; x_wconf 73' lang='grc' dir='ltr'>Καὶρῷι</span> <span class='ocrx_word' id='word_1_827' title='bbox 2371 5727 2389 5760; x_wconf 74' lang='grc' dir='ltr'><strong>ι</strong></span> <span class='ocrx_word' id='word_1_828' title='bbox 2429 5707 2694 5776; x_wconf 84' lang='lat' dir='ltr'><strong>Tempore</strong></span> <span class='ocrx_word' id='word_1_829' title='bbox 2717 5707 3164 5783; x_wconf 63' lang='lat' dir='ltr'><strong>persecutionis,»</strong></span> <span class='ocrx_word' id='word_1_830' title='bbox 3187 5719 3308 5760; x_wconf 92' lang='lat' dir='ltr'><strong>cum</strong></span> <span class='ocrx_word' id='word_1_831' title='bbox 3332 5707 3477 5760; x_wconf 65' lang='grc' dir='ltr'><strong>θοὶρἱ</strong></span> 
     </span>
    </p>
   </div>
   <div class='ocr_carea' id='block_1_117' title="bbox 1916 5781 3024 5847">
    <p class='ocr_par' dir='ltr' id='par_1_117' title="bbox 1916 5781 3024 5847">
     <span class='ocr_line' id='line_1_117' title="bbox 1916 5781 3024 5847; baseline -0.012 -5"><span class='ocrx_word' id='word_1_832' title='bbox 1916 5781 2000 5842; x_wconf 84' lang='lat' dir='ltr'><strong>cet</strong></span> <span class='ocrx_word' id='word_1_833' title='bbox 2037 5781 2092 5840; x_wconf 88' lang='lat' dir='ltr'><strong>iu</strong></span> <span class='ocrx_word' id='word_1_834' title='bbox 2124 5783 2463 5838; x_wconf 85' lang='lat' dir='ltr'><strong>Christianos</strong></span> <span class='ocrx_word' id='word_1_835' title='bbox 2481 5782 2692 5834; x_wconf 77' lang='lat' dir='ltr'><strong>saeviret</strong></span> <span class='ocrx_word' id='word_1_836' title='bbox 2715 5781 3024 5847; x_wconf 75' lang='lat' dir='ltr'><strong>imperator.</strong></span> 
     </span>
    </p>
   </div>
  </div>
