3914 6404
2261 205 2290 228 Ὁ

454 304 585 360 H87
1636 295 1692 354 S.
1735 292 2019 353 GREGOR1

2126 290 2443 350 THEOLOCI
2926 322 2931 325 -
3536 296 3559 348 1
3576 290 3667 349 188

452 428 621 489 geret.
678 431 967 486 eorumque
1025 416 1252 471 salutem
1310 414 1623 486 negligeret,
1656 414 1746 484 qui
1791 412 2109 483 gravissimo
2151 422 2393 481 tempore
2434 406 2895 480 periclitabantur,
2961 414 3021 461 ut
3082 408 3172 477 qui
3238 423 3507 464 neminem
3578 411 3673 463 ha-

452 510 659 577 berent,
693 511 783 580 qui
826 512 967 579 ipsos
994 512 1059 564 ad
1088 520 1356 565 certamen
1396 509 1657 573 erudiret,
1717 507 2018 574 animisque
2051 505 2378 560 obﬁrmarct.
2440 504 2547 558 Nec
2592 504 2758 569 enim,
2823 503 2890 556 ad
2942 504 3242 572 augendum
3292 504 3456 559 animi
3490 506 3675 570 robur,

451 599 569 673 leve
617 610 942 654 momentum
982 600 1045 654 iis
1082 598 1237 654 all‘ert
1269 600 1464 665 oratio,
1525 599 1616 669 qui
1671 599 1739 652 ad
1800 597 2015 650 virtutis
2049 597 2283 652 stadium
2317 596 2688 661 accinguntur.

523 692 636 746 XV.
665 692 890 747 Proinde
946 694 1193 762 quamvis
1241 709 1467 763 corpore
1521 697 1758 758 abesset,
1809 690 2004 764 .spiritu

2176 691 2275 744 IE'.
2308 688 2406 742 Διά
2429 689 2586 742 τοῦτο
2608 686 2686 759 τῷ
2724 686 2937 758 σώματι
2979 686 3076 759 μὲν
3106 688 3272 758 ἀπῆν,
3308 687 3384 759 τῷ
3411 688 3680 757 πνεύματι

454 789 629 836 tamen
661 784 869 863 aderat,
899 783 952 837 in
994 783 1290 852 eodemque
1340 798 1461 839 cum
1521 783 1627 849 bis,
1682 783 1769 851 qui
1811 786 2014 854 pugna-

2126 783 2169 837 Βὲ
2193 782 2392 853 παρῆν,
2438 781 2670 844 καὶτοῖς
2722 779 2943 833 ἀθλοῦσι
2996 779 3414 850 συνηγωνίζετοο
3464 780 3562 834 καὶ
3610 782 3675 852 τῇ

453 872 602 935 bant,
632 873 927 926 certamine
967 875 1326 927 versabatur:
1366 883 1419 928 et
1448 874 1642 943 quibus
1672 873 1849 942 lingua
1892 872 2011 940 opi-

2126 873 2330 946 γλώσσῃ
2373 872 2470 943 μὲν
2505 870 2716 943 βοηθεῖν
2744 872 2844 925 οὐκ
2888 866 3053 941 εἶχεν,
3089 871 3273 941 βοηθεῖ
3310 870 3369 924 δὲ
3396 870 3476 943 τῷ
3500 872 3678 942 γράμ-

455 962 612 1015 tulari
638 978 740 1016 non
764 973 993 1033 poterat,
1026 966 1220 1020 iisdem
1247 964 1407 1036 M7
1423 980 1517 1033 per
1552 966 1757 1019 litteras
1790 978 2013 1018 succur-

452 1055 626 1109 rebat.
656 1054 772 1120 Quo
796 1056 991 1123 pacto?
1018 1056 1248 1126 Aliptem
1281 1058 1446 1121 enim,
1485 1057 1694 1110 tametsi
1734 1060 1784 1109 in
1821 1055 2008 1110 exsilio

453 1146 682 1217 positus,
705 1160 822 1200 sese
856 1156 1094 1215 praestat,
1140 1149 1535 1203 cohortatorias
1578 1148 1852 1203 orationes
1880 1163 2012 1201 con-

454 1245 715 1311 scribens,
762 1244 1120 1313 pietatemque
1161 1245 1462 1298 litterarum
1503 1241 1863 1297 monumentis
1890 1256 2016 1310 pro-

456 1337 591 1391 dens
628 1351 643 1389 :
672 1351 732 1389 ac
761 1335 939 1403 plures
972 1336 1357 1405 pr0pemodum
1387 1335 1535 1388 solus
1572 1335 1681 1403 ipse
1700 1347 1794 1401 per
1815 1332 2017 1400 episto-

454 1426 536 1482 las
565 1426 632 1480 ad
662 1426 998 1481 subeundum
1030 1425 1345 1495 martyrium
1380 1424 1606 1491 inducit,
1638 1438 1800 1493 quam
1830 1420 2014 1476 caeteri

456 1533 554 1588 per
582 1533 641 1573 se
667 1534 874 1581 omnes,
907 1518 997 1587 qui
1044 1528 1154 1571 tum
1190 1518 1570 1573 dimicantibus
1621 1522 2015 1588 praestoerant.

456 1612 722 1666 Admonet
764 1611 929 1677 enim,
967 1626 1035 1663 ne
1078 1610 1333 1679 patriam,
1390 1622 1460 1663 ne
1508 1623 1700 1678 genus,
1742 1584 2016 1660 ne'facul-

458 1712 595 1757 tates
621 1710 674 1756 et
711 1700 913 1770 capias,
945 1715 1013 1754 ne
1068 1715 1197 1769 opes
1243 1709 1297 1754 et
1341 1700 1661 1769 potentiam,
1715 1705 1809 1750 aut
1867 1694 2014 1749 aliud

458 1794 728 1863 quidpiam
765 1807 971 1854 eorum,
998 1806 1117 1861 quae
1157 1792 1303 1845 humi
1338 1798 1507 1845 strata
1537 1799 1590 1843 et
1625 1788 1843 1843 caduca.
1870 1796 2017 1852 sunt,

457 1882 672 1937 veritati
729 1882 1072 1952 praemiisque
1116 1882 1239 1945 illis,
1284 1896 1403 1950 quze
1435 1881 1649 1935 virtutis
1684 1894 1843 1935 causa
1879 1880 2021 1948 peri-

456 1975 633 2030 culum
680 1975 1009 2029 adeuntibus
1044 1975 1097 2028 in
1131 1974 1269 2029 caelo
1307 1972 1583 2028 recondita
1612 1981 1757 2036 sunt,
1795 1980 2021 2040 antepo—

2116 982 2265 1038 ματι.
2296 964 2419 1027 Πῶς
2446 964 2592 1034 (2Ι);
2639 963 2923 1034 ’Λλείπτης
2971 964 3256 1035 ὑπερόριος
3293 964 3526 1031 γίνεται,
3560 966 3681 1027 τούς

2113 1058 2539 1131 προτρεπτικοὺς
2601 1056 2929 1128 συγγράφων
2956 1095 2971 1117 ,
3030 1054 3123 1107 καὶ
3170 1055 3528 1126 λογογραφῶν
3587 1056 3682 1125 τὴν

2113 1150 2411 1213 εὐσέϐειαν,
2467 1150 2562 1202 καὶ
2613 1148 2831 1211 πλείους
2858 1148 3060 1210 ἐκεῖνος
3095 1146 3205 1217 (22)
3248 1148 3433 1218 σχεδὸν
3462 1147 3526 1211 ἐξ
3566 1149 3683 1200 ὲπι-

2116 1242 2315 1297 στολῶν
2341 1243 2574 1294 ποιεῖται
2626 1239 2738 1310 (25)
2787 1239 3068 1311 μάρτυρας
3098 1239 3273 1309 μόνος,
3306 1239 3339 1309 ἦ
3395 1239 3595 1301 πάντες
3617 1235 3682 1292 δι’

2116 1336 2323 1391 ἑαυτῶν
2388 1336 2436 1388 οἱ
2494 1332 2758 1403 παρόντες
2816 1334 2929 1394 τοῖς
2972 1332 3093 1385 τότε
3148 1330 3436 1402 κάμνουσι.
3503 1332 3682 1385 Πείθει

2115 1430 2241 1500 γὰρ,
2308 1427 2381 1498 μὴ
2425 1425 2677 1497 πατρίδα,
2739 1424 2812 1497 μὴ
2863 1424 3039 1493 γένος,
3090 1424 3165 1495 μὴ
3218 1424 3558 1495 περιουσίαν,
3611 1426 3683 1496 μὴ

2114 1516 2449 1578 δυναστείαν,
2513 1514 2586 1586 μὴ
2640 1514 2765 1570 ἄλλο
2807 1533 2861 1568 τι
2890 1515 2999 1569 τῶν
3046 1516 3217 1585 χαμαὶ
3256 1516 3549 1586 κειμένων,
3586 1516 3681 1585 ἐμ-

2117 1609 2346 1680 προσθεν
2386 1608 2536 1678 ἄγειν
2590 1608 2689 1677 τῆς
2739 1606 2990 1678 ἀληθείας
3019 1608 3161 1678 (24),
3194 1608 3287 1661 καὶ
3329 1608 3437 1661 τῶν
3478 1608 3683 1660 ἐκεῖθεν

2117 1700 2492 1771 ἀποκειμένων
2544 1698 2716 1753 ἄθλων
2774 1700 2871 1770 τῆς
2938 1700 3157 1770 ἀρετῆς,
3216 1701 3327 1761 τοῖς
3385 1698 3530 1769 ὑπὲρ
3592 1696 3681 1751 τοῦ

2117 1792 2281 1846 καλοῖ»
2312 1790 2710 1846 κινδυνεύουσι.
2748 1792 2856 1843 Καὶ
2888 1789 3088 1861 ταύτην
3121 1786 3255 1843 εἶναι
3295 1791 3684 1861 πραγματειῶν

2117 1883 2213 1954 τὴν
2251 1884 2477 1955 ἀρίστην
2529 1881 2664 1953 (25),
2714 1882 2942 1953 αἵματος
2986 1881 3164 1949 ὀλίγου
3212 1882 3487 1951 βασιλείαν
3525 1881 3685 1951 οὐρα-ι

2119 1976 2224 2030 νῶν
2281 1975 2632 2047 ὠνήσασθαι,
2674 1976 2767 2028 καὶ
2822 1975 2977 2044 δόξης
3036 1974 3308 2044 ἀϊδιότητα
3358 1975 3468 2027 τῶν
3524 1990 3687 2043 προσο

454 2081 668 2121 namus.
688 2065 837 2120 Hauc
870 2066 1011 2121 enim
1035 2066 1451 2133 negotiationem
1484 2065 1720 2117 omnium
1760 2071 2018 2132 praestan-

2126 2067 2328 2138 καίρων
2381 2041 2703 2119 ’ἀντιλαϐεῖν
2762 2041 3003 2135 ἀγαθῶν.
3050 2065 3191 2117 Μίαν
3229 2041 3343 2135 ’μὲν
3392 2065 3505 2135 γὰρ
3550 2041 3687 2117 εἶναι

454 2158 718 2212 tissimam
742 2172 883 2221 esse,
915 2172 1020 2225 qua
1062 2157 1241 2222 exigui
1284 2155 1560 2224 sanguinis
1592 2154 1764 2221 pretio
1802 2152 2019 2206 caeleste

456 2265 678 2319 regnum
707 2250 924 2315 emitur,
947 2264 1009 2303 ac
1030 2249 1215 2303 brevia
1241 2260 1294 2301 et
1321 2246 1529 2315 fragilia
1561 2247 1695 2299 bona
1727 2259 1848 2297 cum
1880 2257 2021 2297 sem-

453 2344 664 2414 piterna
726 2343 890 2414 gloria
930 2352 1349 2396 commutantur.
1390 2338 1565 2394 Unam
1612 2337 1755 2391 enim
1808 2335 2022 2400 magnis

455 2444 512 2491 et
565 2436 791 2491 excelsis
834 2434 967 2488 viris
1013 2434 1240 2501 patriam
1293 2444 1432 2496 esse,
1490 2442 1681 2497 nempe
1726 2425 2021 2481 Jerusalem

455 2529 601 2584 illam
634 2520 775 2596 quas
834 2535 1010 2580 mente
1064 2524 1381 2593 percipitur,
1424 2537 1529 2575 non
1577 2535 1693 2583 eas,
1754 2534 1889 2587 quas
1932 2518 2021 2571 hic

457 2619 702 2688 angustis
734 2618 930 2671 finibus
962 2614 1400 2683 circumscriptas
1434 2625 1577 2676 esse,
1605 2618 1767 2680 atque
1797 2609 1862 2663 ab
1893 2608 2014 2662 aliis

458 2711 685 2779 aliisque
722 2708 1028 2763 hominibus
1057 2706 1282 2761 subinde
1329 2704 1487 2758 incoli
1528 2703 1808 2757 videmus:
1848 2715 2017 2754 unum

458 2803 586 2858 item
616 2801 829 2870 generis
858 2797 1195 2868 splendorem
1245 2796 1298 2849 in
1330 2809 1395 2849 eo
1441 2795 1760 2858 consistere,
1789 2800 1847 2845 ut
1884 2791 2021 2846 divi-

458 2905 585 2945 nam
649 2889 936 2958 imaginem
1008 2898 1427 2951 conservemus,
1512 2893 1674 2951 atque
1746 2879 2023 2949 exemplar

456 2990 701 3036 nostrum
754 2978 1057 3044 imitemur,
1108 2984 1367 3047 quantum
1421 2974 1638 3044 quidem
1700 2972 1768 3027 iis
1810 2969 2023 3039 assequi

458 3072 637 3139 datur,
667 3070 760 3139 qui
800 3069 980 3124 carnis
1013 3068 1243 3122 vinculis
1272 3066 1478 3121 astricti
1518 3075 1663 3127 sunt,
1698 3079 1762 3118 ac
1802 3062 2015 3133 perexi-

458 3176 593 3233 guos
619 3157 1137 3228 duntaxatprimarii
1157 3156 1282 3211 boni
1306 3154 1505 3210 rivulos
1532 3153 1777 3224 accipere
1790 3160 2019 3222 queunt:

457 3269 623 3308 unum
656 3266 817 3322 porro
862 3249 1218 3319 principatum
1256 3247 1309 3301 in
1359 3247 1463 3300 hoc
1513 3245 1744 3313 positum
1787 3259 1927 3309 esse,
1964 3251 2024 3297 ut

456 3346 691 3416 palmam
736 3343 994 3396 adversus
1037 3338 1338 3407 improbum
1384 3336 1530 3390 illum
1561 3336 1923 3398 obtineamus,
1958 3348 2021 3388 ac

458 3452 529 3492 ne
568 3438 621 3491 in
664 3435 730 3490 iis
757 3432 1165 3494 certaminibus,
1208 3444 1328 3499 qua:
1379 3427 1594 3496 pietatis
1644 3441 1807 3480 causa
1851 3426 2020 3481 susci-

456 3529 695 3597 piuntur,
721 3526 927 3579 animos
961 3534 1175 3578 nostros
1224 3520 1397 3591 frangi
1428 3528 1587 3589 atque
1618 3517 1910 3588 expugnari
1944 3516 2018 3570 si-

458 3632 675 3680 namus,
708 3615 795 3670 ubi
827 3613 1009 3667 vitium
1041 3627 1161 3667 cum
1191 3611 1389 3664 virtute
1404 3608 1660 3678 confligit,
1688 3617 1742 3661 et
1764 3607 1939 3660 ﬂuxus
1958 3620 2023 3660 ac

458 3710 668 3780 fragilis
699 3706 934 3761 mundus
964 3720 1084 3760 cum
1119 3704 1274 3758 ﬁrmo
1301 3714 1355 3757 et
1377 3702 1555 3757 stabili
1580 3718 1595 3765 ;
1632 3709 1686 3754 et
1706 3698 1931 3754 acerbus
1959 3713 2023 3753 ac

459 3799 797 3854 truculentus
823 3793 1133 3850 certaminis
1155 3807 1351 3861 praeses
1376 3807 1496 3847 cum
1516 3790 1746 3845 fortibus
1773 3788 2009 3851 athletis,

460 3900 516 3946 et
576 3886 743 3942 Belial
795 3886 1055 3939 adversus
1106 3883 1381 3938 Christum
1436 3881 1607 3935 aciem
1670 3880 1904 3935 instruit.
1943 3879 2023 3935 Ob

461 3993 665 4050 easque
713 3992 905 4033 causas
947 3985 1002 4029 et
1043 3974 1249 4044 gladios
1296 3981 1660 4035 contemnere,
1690 3982 1744 4026 et
1772 3970 2022 4041 frigidum

462 4072 662 4141 ignem,
690 4082 757 4123 ac
796 4067 938 4121 feras
969 4064 1265 4135 quamlibet
1295 4064 1559 4118 immanes
1589 4070 1645 4117 et
1669 4061 2022 4127 truculentas,

462 4163 624 4217 mites
648 4160 982 4224 existimare,
1007 4165 1058 4211 et
1089 4157 1281 4209 famem
1307 4169 1404 4222 pro
1441 4153 1666 4208 summis
1701 4152 1905 4208 deliciis
1932 4152 2028 4206 du-

462 4268 612 4318 cere,
655 4251 949 4305 amicorum
980 4257 1158 4301 autem
1194 4256 1249 4300 et
1286 4245 1709 4314 prepiuquorum
1738 4244 2024 4314 lacrymas,

2122 2157 2357 2228 πατρίδα
2397 2159 2509 2219 τοῖς
2540 2156 2779 2228 ὑψηλοῖς,
2818 2156 2916 2226 τὴν
2963 2156 3257 2227 νοουμένην
3310 2154 3684 2226 Ἰερουσαλὴμ,

2118 2249 2178 2300 οὐ
2233 2248 2330 2311 τὰς
2392 2250 2605 2319 μικροῖς
2646 2248 2814 2318 ὁρίοις
2862 2246 3093 2299 ἐνταῦθα
3136 2245 3545 2317 διειλημμένας,
3597 2247 3688 2299 καὶ

2120 2337 2345 2401 πολλοὺς
2413 2337 2744 2408 ἀμειϐοὐσας
2823 2339 3129 2407 οἰκήτορας·
3198 2336 3324 2407 μίαν
3384 2336 3441 2389 δὲ
3502 2338 3689 2405 γένους

2120 2429 2496 2501 λαμπρότητα,
2545 2430 2643 2501 τὴν
2702 2430 2800 2501 τῆς
2858 2430 3067 2493 εἰκόνος
3114 2430 3363 2499 τήρησιν,
3414 2430 3511 2482 κα)⁵
3556 2430 3689 2500 πρὸς

2118 2521 2180 2574 τὸ
2227 2521 2528 2592 ἀρχέτυπον
2586 2521 2922 2593 ἐξομοίωσιν,
2974 2522 3095 2575 ὅσον
3141 2522 3358 2591 ἐφικτὸν
3404 2526 3518 2586 τοῖς
3563 2540 3688 2593 σαρ-

2120 2612 2214 2676 κὸς
2263 2612 2523 2683 δεσμίοις,
2579 2614 2673 2666 καὶ
2732 2612 2992 2684 βραχεῖαν
3048 2614 3322 2685 ἀπορροὴν
3372 2614 3469 2668 τοῦ
3526 2616 3686 2669 καλοῦ

2120 2705 2367 2775 δέχεσθαι
2413 2704 2756 2775 δυναμένοιςο
2793 2704 2922 2776 μίαν
2979 2705 3037 2758 δὲ
3080 2706 3417 2773 δυναστείαν,
3454 2706 3516 2760 τὸ
3552 2708 3688 2760 κατά

2120 2796 2213 2849 τοῦ
2262 2798 2495 2867 πονηροῦ
2543 2798 2763 2868 κράτος,
2818 2797 2914 2851 καὶ
2964 2798 3025 2851 τὸ
3053 2799 3150 2868 τῆς
3204 2798 3384 2869 ψυχῆς
3419 2799 3687 2853 ἀνάλωτον

2123 2888 2214 2941 καὶ
2240 2888 2508 2959 ἀήττητον
2563 2890 2620 2941 ὲν
2675 2891 2791 2953 τοῖς
2840 2889 2980 2961 ὑπὲρ
3012 2889 3289 2955 εὐσεϐείας
3318 2890 3433 2962 (26)
3462 2891 3685 2960 ἀγῶσιν,

2122 2979 2284 3051 ἡνίκα
2355 2981 2523 3033 κακία
2587 2982 2723 3053 πρὸς
2781 2981 2979 3054 ἀρετὴν
3032 2982 3353 3051 ἀγωνίζεται
3415 2983 3553 3053 (27),
3600 2985 3685 3036 καὶ

2122 3070 2325 3141 κόσμος
2375 3071 2510 3143 πρὸς
2566 3071 2789 3142 κόσμον,
2828 3076 2857 3127 ὁ
2904 3073 3160 3144 λυόμενος
3215 3075 3352 3147 πρὸς
3390 3075 3481 3128 τὸν
3526 3076 3687 3129 ἑστῶ-

2121 3178 2190 3214 τα
2244 3163 2378 3235 (28),
2438 3163 2531 3217 καὶ
2581 3166 2775 3237 πικρὸς
2834 3166 3175 3239 ἀγωνοθέτης
3224 3168 3360 3239 πρὸς
3411 3168 3687 3237 γενναίους

2124 3253 2459 3320 ἀγωνιστὰς,
2514 3256 2608 3309 καὶ
2658 3256 2853 3328 Βελίαρ
2898 3257 3033 3326 πρὸς
3067 3256 3300 3328 Χριστὸν
3342 3258 3687 3328 παρατάσσεο

2122 3360 2207 3396 ται
2259 3345 2389 3416 (29).
2437 3348 2535 3401 Διά
2572 3349 2741 3403 ταῦτα
2799 3356 3153 3424 καταφρονεῖν
3196 3354 3294 3423 μὲν
3339 3352 3512 3422 ξιφῶν
3568 3354 3686 3407 ἀνέ-

2128 3433 2298 3499 πειθε,
2351 3436 2555 3509 ψυχρὸν
2617 3440 2673 3493 δὲ
2737 3443 2977 3512 νομίζειν
3022 3444 3081 3497 τὸ
3138 3443 3283 3516 πῦρ,
3344 3446 3586 3515 ἡμέρους
3633 3446 3686 3499 δὲ

2128 3525 2331 3578 οἴεσθαι
2378 3526 2557 3599 θηρῶν
2609 3532 2733 3595 τούς
2790 3532 3201 3602 ἀγριωτάτους,
3250 3534 3406 3604 λιμὸν
3452 3535 3509 3587 δὲ
3564 3535 3687 3588 ὐπο-

2129 3616 2422 3689 λαμδάνειν
2445 3622 2544 3692 τὴν
2587 3623 2844 3679 ἀνωτάτω
2870 3625 3098 3695 τρυφὴν,
3129 3625 3338 3697 δάκρυα
3370 3627 3429 3680 δὲ
3450 3626 3558 3679 τῶν
3578 3627 3687 3695 (50)

2128 3706 2361 3769 οἰκείων,
2436 3711 2526 3762 καὶ
2572 3710 2820 3782 θρήνους,
2871 3714 2963 3766 καὶ
3008 3716 3252 3785 οἰμωγὰς
3300 3718 3686 3788 παρατρέχειν.

2129 3795 2203 3859 ὡς
2256 3798 2348 3851 τοῦ
2400 3801 2631 3872 πονηροῦ
2682 3803 3042 3876 δελεάσματα,
3080 3808 3169 3861 καὶ
3234 3807 3530 3877 κωλύματα
3594 3808 3690 3877 τῆς

2122 3886 2267 3951 θείας
2316 3890 2639 3964 ὁδοιπορίας.
2677 3895 2861 3949 Ταῦτα
2907 3898 3014 3968 γάρ
3044 3892 3179 3950 εἶναι
3215 3898 3481 3970 ἀνδρικῶν
3504 3898 3690 3968 ψυχῶν

2122 3979 2215 4032 καὶ
2263 3983 2541 4049 γενναίων,
2574 3987 2667 4039 καὶ
2704 3986 2963 4063 λογισμοῦ
3015 3989 3304 4063 σώφρονος.
3345 3991 3456 4043 Καὶ
3496 3990 3558 4043 τὸ
3588 4008 3689 4042 πα·-

2124 4070 2390 4143 ράδειγμα
2442 4076 2673 4144 ἐγγύθεν
2723 4080 2938 4144 αὐτὸςὸ
2976 4081 3147 4135 ταῦτα
3197 4081 3369 4151 λέγων
3427 4084 3522 4136 καὶ
3556 4083 3689 4152 γράο

2123 4178 2255 4230 φων,
2314 4166 2489 4221 πάντα
2555 4171 2898 4242 ἡγησάμενος
2961 4173 3224 4239 σκύὄαλα,
3295 4174 3383 4228 ἴνα
3457 4175 3692 4245 Χριστὸν

2125 4256 2382 4328 κερδήσῃ.

462 4352 519 4399 et
543 4343 738 4406 luctus,
765 4350 819 4397 et
855 4339 1107 4410 gemitus,
1144 4345 1202 4392 ut
1229 4334 1428 4390 diaboli
1463 4333 1765 4399 illecebras,
1811 4333 2017 4402 viaeque

2160 4342 2324 4399 Deum
2349 4347 2571 4404 ferentis
2591 4350 2989 4420 impedimenta,
3054 4353 3330 4423 praeterire
3398 4353 3684 4409 suadebat.

463 4439 591 4495 Haec
620 4436 764 4493 enim
786 4432 1020 4487 virilium
1046 4441 1099 4485 et
1127 4438 1467 4485 strenuarum
1500 4426 1826 4493 animarum,
1858 4435 2019 4497 atque
2056 4435 2333 4500 prudentis
2370 4442 2575 4496 consilii
2620 4456 2739 4498 esse
2801 4443 3050 4499 ducebat.
3121 4442 3318 4498 Harum
3366 4454 3547 4498 autem
3589 4461 3675 4498 re-

462 4544 584 4583 rum
642 4526 1001 4598 propinquum
1085 4520 1390 4590 exemplum
1453 4517 1541 4573 ille
1602 4518 1715 4587 ipse
1769 4526 1905 4583 erat,
1953 4522 2046 4590 qui
2121 4525 2234 4583 haec
2282 4529 2491 4589 dicebat
2538 4549 2601 4590 ac
2651 4536 2943 4601 scribebat,
2983 4543 3168 4606 utpote
3217 4535 3309 4605 qui
3365 4538 3551 4591 omnia
3592 4551 3691 4607 pro

466 4620 796 4677 stercoribus
830 4616 1090 4680 duxisset,
1123 4622 1182 4667 ut
1205 4612 1477 4668 Christum
1512 4610 1894 4666 lucraretur”.

538 4711 677 4766 XVI.
710 4709 824 4769 Hoc
863 4709 1044 4761 animo
1079 4705 1333 4775 praeditus
1365 4703 1689 4775 Cyprianus,
1725 4711 1887 4773 atque
1920 4706 2019 4759 hu.

2202 4708 2318 4773 ἶς’.
2366 4708 2520 4762 Οὕτω
2570 4709 2943 4781 διανοούμενος
2986 4711 3318 4782 Κυπριανὸς,
3376 4713 3472 4765 καὶ
3519 4710 3689 4776 οὕτως

461 4802 692 4873 jnsmodi
739 4799 1076 4855 sermonibus
1126 4795 1461 4851 Christianos
1507 4794 1574 4847 ad
1610 4804 1886 4849 certamen
1928 4811 2017 4849 ar-

462 4908 639 4957 mans,
688 4891 985 4963 permultos
1038 4889 1105 4943 ad
1155 4896 1380 4944 mortem
1428 4901 1524 4956 pro
1564 4884 1764 4940 Christi
1800 4888 2018 4942 nomine

549 5006 594 5038 ³⁸
611 5002 844 5072 Philipp.
871 5015 975 5093 om,
1000 4999 1055 5054 8.

536 5115 648 5187 (2i)
678 5112 810 5187 Πῶς
817 5128 843 5187 ,-
881 5130 900 5162 ι
934 5110 1242 5187 Quomodo?
1262 5128 1305 5187 3
1334 5112 1376 5162 A
1399 5108 1549 5187 Billio
1574 5109 1850 5165 omissum.

536 5182 648 5258 (22)
683 5182 964 5258 Ἐκεῖνος.
993 5183 1147 5258 l_)eest
1176 5182 1229 5234 in
1262 5182 1395 5258 Reg.
1429 5182 1588 5251 Cypr.

559 5252 650 5325 25)
680 5253 953 5325 Ποιεῖται.
972 5252 1081 5325 Or.
1122 5252 1367 5325 heroici".

559 5259 650 5325 25)
680 5259 953 5307 ΙΙοιεῖται.
986 5259 1081 5307 Ur.
1122 5259 1174 5315 1,
1204 5259 1367 5305 ποιεῖ.

500 5259 652 5408 ,(ᾋ)
691 5323 803 5408 Τῇς
827 5324 1131 5390 ἀληθείας.
1152 5321 1241 5377 Sic
1260 5323 1426 5391 Regg.
1458 5335 1509 5385 a,
1534 5334 1583 5383 c,
1611 5318 1719 5383 bm,
1750 5318 1842 5387 ph.
1871 5318 2027 5373 Deest

678 5394 814 5545 εἶ’ἧν
834 5463 1109 5531 ἀρίστην.
1156 5460 1245 5515 Sic
1296 5459 1426 5529 Reg.
1453 5459 1508 5525 d,
1542 5466 1596 5514 et
1645 5457 1833 5513 Comb.
1866 5456 2025 5513 Deest

465 5534 1002 5672 ἓιύσεόείας.
1026 5599 1116 5672 Sic
1129 5599 1296 5671 Regg.
1320 5599 1431 5672 bm,
1450 5598 1540 5668 ph,
1559 5596 1721 5656 Colsl.
1735 5598 1831 5655 ﬂet
1849 5598 1941 5656 0r.
1964 5598 2015 5651 l.

470 5670 640 5729 Pravé
659 5673 713 5728 in
737 5672 843 5728 ed..
868 5671 1141 5739 ἀσεϐείας,
1164 5688 1183 5723 ι
1218 5670 1525 5741 impietatis.
1552 5687 1570 5720 ι

2123 4800 2354 4864 ὁπλίζων
2392 4804 2503 4863 τοῖς
2546 4800 2723 4869 λόγοις
2762 4803 2896 4874 πρὸς
2923 4802 3011 4856 τὸν
3042 4803 3245 4872 ἀγῶνα,
3272 4803 3501 4867 πολλοὺς
3530 4804 3691 4872 ἀθλη-

2124 4889 2222 4952 τὰς
2265 4890 2628 4963 ἀπειργάζετο
2663 4892 2795 4962 (51).
2849 4894 3091 4946 Καὶτίνα
3128 4893 3316 4964 μισθὸν
3343 4894 3549 4947 τούτων
3597 4912 3689 4947 κο-

2200 5106 2311 5178 (27)
2357 5107 2735 5181 Ἀπωνιζεται.
2772 5109 2861 5165 Sic
2894 5108 3060 5181 Regg.
3098 5125 3148 5176 a,
3179 5125 3227 5174 c,
3258 5110 3289 5166 d
3320 5121 3376 5165 et
3408 5110 3503 5167 Or.
3552 5114 3601 5167 l.
3630 5111 3689 5167 lu

2130 5177 2248 5256 ett,
2261 5177 2624 5256 ἀγψίζηται.

2199 5248 2310 5315 (28)
2352 5248 2626 5303 Ἐστώτα.
2661 5248 2861 5317 Reg.d,
2902 5249 3189 5303 ἐνεστῶτα.

2199 5318 2794 5391 (ΞΨΠαραι-άσσεται.
2818 5322 2907 5374 Sic
2930 5320 3096 5390 liegg.
3122 5336 3172 5387 a,
3203 5320 3424 5391 bm,plt,
3454 5332 3509 5375 et
3524 5318 3615 5376 Or.
3636 5320 3684 5373 1.

2130 5402 2183 5440 ιη
2213 5389 2323 5460 (ξᾴε,
2355 5390 2790 5460 παρατάσσηται.

2200 5456 2311 5526 (30)
2348 5456 2486 5511 Τῶὸο.
2522 5460 2611 5514 Sic
2643 5456 2795 5512 codd.
2822 5458 2990 5514 Prave
3011 5460 3189 5523 ined.,
3217 5462 3329 5515 τόν.

2203 5527 2313 5608 (51)
2354 5528 2766 5608 ’ἀπειργᾴζετα
2806 5529 2862 5584 lu
2905 5530 3242 5600 quibusdam,
3291 5535 3687 5605 ἀπεργάζεται,

2128 5594 2185 5652 In
2215 5594 2361 5667 aliis,
2387 5594 2773 5669 ἀπειργάσατο.
