3914 6404
156 354 279 410 “89

976 350 1233 411 ORATIO
1273 354 1472 410 XXIV;
1497 384 1564 397 -
1598 355 1671 410 ὶΝ
1712 352 1993 411 LAUDEM
2034 354 2091 410 S.
2132 352 2477 411 CYPRlANl.

3228 357 3365 420 “90

156 468 392 539 μίζεταις
447 468 533 532 Ὠς
584 466 777 539 δαψιλῆ
822 466 915 521 καὶ
980 468 1289 538 φιλότιμονί
1339 470 1561 541 Μάρτυς
1608 472 1699 525 ἐπὶ

1809 471 2151 540 appetendam
2187 471 2511 540 impellebat.
2558 470 2835 539 Quodnam
2875 481 3052 530 autem
3094 474 3254 545 hujus
3283 485 3363 538 ret

153 562 304 613 πᾶσιν
348 553 430 622 οἷς
481 558 794 630 προέπεμψε
848 557 1079 625 γίνεται,
1129 560 1275 629 ξίφει
1314 560 1411 631 τὴν
1460 560 1699 631 κεφαλὴν

151 650 368 721 τμηθεὶς
428 649 540 720 (52)
588 650 682 703 καὶ
736 650 857 711 ταῖς
909 650 1128 713 πολλαῖς
1197 651 1447 721 βασάνοις
1498 652 1700 723 ταύτην

150 740 413 811 ἐπιτίθησι
456 740 554 811 τὴν
589 740 699 811 (55)
740 739 1024 812 κορωνίδα.
1065 740 1219 794 υῦτω
1267 742 1486 813 Χριστῷ
1538 759 1703 813 προσ-

151 832 350 900 ἀγεται,
419 830 559 883 οὕτω
612 829 748 901 πρὸς
789 831 1022 902 Χριστὸν
1080 833 1441 901 μετατίθεται,
1477 835 1505 886 6
1537 833 1701 896 πολὺς

149 924 204 974 ὲν
256 919 492 991 ἀσεϐείᾳ,
528 919 621 972 καὶ
666 919 864 971 πλείων
906 921 963 972 ὲν
1016 918 1265 989 εὐσεϐείᾳ
1294 919 1626 989 Κυπριανὸς,
1676 920 1704 971 6

150 1012 313 1082 μέγας
366 1012 458 1065 καὶ
505 1010 735 1081 διώκτης
781 1011 876 1063 καὶ
922 1010 1274 1079 στεφανίτης,
1321 1011 1349 1061 6
1399 1010 1497 1080 τὴν
1531 1027 1698 1078 μετα-

154 1102 298 1173 ϐολὴν
327 1103 425 1171 οὐχ
471 1096 632 1173 ἦττον
661 1100 693 1171 ἦ
721 1100 819 1170 τὴν
846 1100 1045 1171 ἀρετὴν
1096 1100 1413 1169 θαυμάσιος.
1465 1100 1539 1152 Οὐ
1591 1100 1700 1171 γὰρ

152 1191 280 1245 οὕτω
316 1191 455 1261 μέγα
496 1189 665 1244 τύπον
698 1190 903 1259 ἀγαθοῦ
928 1190 1316 1254 διασώσασθαι,
1345 1192 1419 1255 ὡς
1440 1191 1502 1244 τὸ
1525 1210 1704 1245 καινο-

154 1283 369 1354 τομῆται
414 1282 739 1335 θεοσέϐειαν.
769 1283 841 1335 T6
868 1282 966 1352 μὲν
1002 1282 1110 1353 γὰρ
1132 1282 1229 1352 τῆς
1263 1282 1700 1353 συνηθείαςῶί),

155 1374 203 1427 τὸ
233 1374 285 1426 δὲ
310 1370 405 1445 τῆς
432 1374 726 1437 εὐϐουλίας
758 1375 852 1427 καὶ
888 1372 949 1425 τὸ
984 1373 1083 1443 μὲν
1131 1374 1239 1426 τῶν
1291 1374 1503 1437 πολλοῖς
1530 1376 1703 1446 ὑπαρ-

152 1464 360 1533 χόντων,
391 1463 483 1517 τοῦ
514 1465 571 1517 δὲ
619 1463 774 1531 ὀλίγα
804 1463 870 1517 τὰ
922 1464 1332 1535 παραδείγματα
1359 1466 1490 1536 (55).

1796 560 2073 628 praemium
2107 559 2273 631 ωε
2305 562 2467 616 tulit?
2498 562 2673 629 Quam
2719 563 2997 631 copiosum
3031 576 3189 636 atque
3238 585 3363 639 pro-

1798 648 2011 701 fusum!
2057 647 2185 704 Post
2234 664 2327 704 eos
2380 651 2525 706 enim
2572 666 2779 717 omnes,
2815 669 2949 722 quos
3001 658 3365 727 praemiserat,

1798 740 1988 808 capitis
2017 741 2430 798 obtruncatione
2469 744 2714 813 martyrii
2761 745 2993 811 palmam
3025 748 3361 818 adipiscitur,

1799 829 2092 900 multisque
2139 834 2424 887 tormentis
2452 833 2591 887 hanc
2618 836 2929 889 coronidem
2962 837 3207 906 imponit.
3268 842 3362 897 Sic

1805 921 2021 977 Christo
2041 922 2281 989 ollertnr,
2306 924 2383 979 sic
2402 926 2467 979 ad
2498 927 2769 981 Christum
2801 927 2995 997 migrat
3028 929 3116 984 ille
3136 947 3361 1001 magnus

1804 1013 1858 1066 in
1890 1013 2183 1081 impietate,
2215 1018 2389 1083 major
2441 1028 2621 1073 autem
2673 1021 2723 1072 in
2772 1021 2974 1088 pietate
3025 1020 3359 1091 Cyprianus;

1805 1101 1914 1165 ille,
1947 1102 2187 1172 inquam.
2220 1120 2447 1175 magnus
2478 1117 2587 1161 tum
2624 1119 2957 1176 persecutor,
2998 1120 3107 1165 tum
3150 1112 3361 1179 victor;

1806 1208 1911 1246 non
1944 1194 2119 1249 minus
2141 1196 2209 1249 ob
2234 1198 2354 1250 vita:
2395 1199 2773 1267 mutationem,
2815 1216 2976 1270 quam
3014 1202 3084 1256 ob
3111 1203 3365 1259 virtutem

1806 1285 2171 1341 admirandus.
2204 1287 2389 1357 Neque
2439 1291 2584 1345 enim
2624 1302 2730 1345 tam
2772 1294 3007 1363 amplum
3036 1309 3101 1348 ac
3145 1296 3367 1365 praecla-

1808 1390 1924 1429 rum
1966 1386 2049 1430 est
2095 1377 2219 1431 boni
2271 1377 2497 1433 formam
2537 1381 2860 1437 incolumem
2900 1398 3166 1450 servasse,
3199 1402 3361 1454 quam

1808 1476 2009 1520 mutata
2060 1469 2184 1521 vitae
2228 1469 2433 1523 ratione
2482 1472 2716 1526 animum
2748 1474 2815 1527 ad
2857 1474 3073 1542 pietatis
3125 1478 3365 1531 studium

150 1562 445 1616 contulisse.
481 1559 611 1613 lllud
651 1559 793 1613 enim
831 1560 1240 1615 consuetudinis
1299 1570 1401 1625 est,
1468 1560 1569 1615 hoc
1612 1558 1764 1630 probi
1803 1570 1859 1616 et
1903 1562 2182 1630 prudentis
2228 1564 2474 1629 consilii;
2542 1565 2669 1620 illud
2709 1566 2963 1637 frequens
3018 1582 3081 1623 ac
3122 1570 3361 1640 vulgare,

150 1659 248 1715 hoc
282 1658 392 1712 rari
426 1658 646 1711 omnino
674 1656 925 1725 exempli.

218 1755 313 1807 IZ'.
361 1752 498 1805 Ἀλλ’
546 1747 656 1806 οἷον
700 1754 765 1824 δὴ
813 1754 1030 1807 κάκεῖνο
1082 1752 1190 1807 τῶν
1247 1752 1454 1806 ἐκείνου
1489 1751 1701 1821 θαυμά-

1875 1748 2036 1805 XVII.
2063 1748 2180 1804 Jam
2222 1749 2377 1819 quale
2409 1750 2536 1805 illud
2574 1766 2787 1822 quoque
2841 1753 3008 1822 ipsius
3048 1755 3363 1809 miraculum

148 1862 280 1911 των;
315 1843 526 1915 Μικρὸν
563 1844 676 1913 (56)
710 1843 791 1897 ἔτι
843 1844 920 1915 τῷ
946 1845 1087 1916 λόγῳ
1114 1846 1698 1916 προσκαρτερήσωμεν,

146 1937 228 1989 ἵνα
276 1934 353 2006 τῷ
399 1934 601 2004 ἀθλητῇ
661 1934 1030 2009 χαρισώμεθα.
1095 1934 1328 2005 Τοιαύτη
1399 1935 1496 2005 μὲν
1538 1936 1571 2004 η
1608 1932 1701 1985 τοῦ

145 2027 330 2097 ἀνδρὸς
366 2025 626 2087 πολιτεία,
654 2026 893 2089 τοιοῦτος
936 2026 991 2079 δὲ
1012 2027 1039 2078 6
1059 2027 1156 2097 τῆς
1182 2026 1459 2097 ἀθλήσεως
1480 2026 1698 2096 τρόπος.

152 2119 302 2172 Ἐπεὶ
339 2118 395 2171 δὲ
438 2117 691 2171 καταλύει
737 2118 828 2170 τὸν
858 2118 970 2187 βίον
1016 2118 1086 2185 (εί
1133 2116 1287 2187 θέμις
1316 2116 1473 2169 τοῦτο
1508 2119 1700 2179 εἰπεῖν,

144 2210 276 2263 ἀλλὰ
308 2211 380 2281 μὴ
422 2210 557 2280 πρὸς
605 2210 735 2263 Θεὸν
776 2208 1039 2279 ἐκδημίαν
1087 2209 1348 2278 ὀνομάσαι
1384 2208 1444 2261 τὸ
1493 2209 1700 2260 ἐκείνου

142 2304 388 2373 πρᾶγμα,
450 2301 483 2371 ἢ
538 2300 703 2354 πόθου
755 2300 1051 2371 πλήρωσιν,
1104 2300 1135 2371 ἢ
1198 2300 1410 2370 δεσμῶν
1446 2300 1616 2360 λύσιν,
1666 2300 1699 2369 ἢ

144 2395 338 2465 βάρους
387 2392 699 2463 διάζευξιν),
770 2391 1259 2462 θαυματουργεῖταί
1324 2409 1374 2443 τι
1428 2390 1704 2444 κάνταῦθα

141 2488 247 2539 τῶν
306 2486 705 2557 προειληφότων
770 2485 937 2550 ἄξιον
981 2483 1039 2536 τὸ
1077 2482 1173 2552 μὲν
1201 2482 1369 2552 ὄνομα
1396 2481 1528 2535 πολὺ
1554 2482 1704 2551 παρά

142 2580 275 2631 πᾶσι
318 2577 655 2650 Κυπριανοῦ,
718 2576 811 2629 καὶ
858 2575 918 2628 οὐ
972 2577 1316 2647 Χριστιανοῖς
1362 2574 1539 2644 μόνον,
1570 2573 1705 2627 ἀλλὰ

143 2671 234 2722 καὶ
288 2671 397 2732 τοῖς
449 2670 546 2741 τὴν
583 2667 826 2721 ἐναντίαν
873 2667 984 2737 (57)
1011 2668 1143 2736 ἡμῖν
1166 2665 1515 2735 τεταγμένοις
1547 2665 1704 2734 (πᾶσι

141 2762 248 2832 γὰρ
296 2761 496 2831 ὁμοίως
545 2760 655 2830 (38)
698 2759 759 2811 τὸ
802 2758 963 2812 καλὸν
1000 2756 1313 2826 αἰδέσιμον)·
1362 2756 1422 2808 τὸ
1463 2754 1620 2825 σῶμα
1648 2754 1704 2807 δὲ

140 2852 341 2919 ἀφανὲς
382 2846 449 2921 ἦν
476 2851 610 2919 ((59),
663 2846 758 2902 καὶ
800 2851 828 2902 6
875 2848 1143 2918 θησαυρὸς
1201 2845 1349 2917 παρά
1372 2862 1474 2898 τινι
1502 2844 1703 2913 γυναίῳ

139 2941 246 2993 τῶν
294 2940 510 3012 θερμῶν
558 2942 637 3004 είς
686 2938 985 3005 εὐσέϐειαν,
1027 2938 1119 2990 καί
1149 2936 1305 2990 τοῦτο
1331 2936 1422 2988 ἐπὶ
1472 2934 1699 3007 μακρόν·

138 3034 239 3086 οὐκ
288 3028 381 3085 οἶδ’
440 3032 551 3103 (40)
595 3034 705 3086 εἴτε
771 3029 1037 3102 τιμῶντος
1090 3028 1182 3081 τοῦ
1228 3027 1362 3081 Θεοῦ
1412 3026 1509 3098 τὴν
1555 3025 1702 3097 φιλό-

1803 1844 1921 1898 est?
1964 1842 2157 1896 Parum
2189 1842 2330 1897 enim
2372 1843 2544 1899 adhuc
2596 1844 2647 1897 in
2684 1846 2785 1899 hac
2814 1846 3058 1900 oratione
3106 1847 3362 1901 immora-

1802 1934 2000 1995 bimur,
2052 1942 2110 1986 ut
2154 1947 2184 1985 a
2237 1942 2477 2003 martyre
2531 1935 2755 2002 gratiam
2801 1937 3061 1990 ineamus.
3097 1936 3221 1991 Haec
3260 1936 3362 1991 fuit

1803 2022 1973 2090 ipsius
1999 2022 2121 2075 vita:
2148 2022 2309 2087 ratio,
2338 2022 2425 2075 hic
2450 2021 2809 2077 dimicationis
2854 2024 3064 2080 modus.
3112 2024 3245 2079 Cum
3274 2040 3365 2080 au-

1803 2122 1909 2169 tem
1970 2124 2269 2169 extremum
2321 2115 2445 2169 vita:
2498 2115 2637 2169 diem
2676 2116 2874 2183 egisset
2928 2117 2995 2183 (si
3036 2125 3212 2172 tamen
3260 2117 3362 2172 hoc

1802 2207 1965 2261 verbo
2007 2207 2080 2260 uti
2115 2205 2198 2259 fas
2235 2214 2338 2268 est,
2370 2221 2431 2262 ac
2460 2223 2565 2261 non
2601 2208 2776 2276 potius
2800 2222 2886 2262 res
2915 2223 2997 2274 ea,
3036 2209 3120 2263 vel
3161 2209 3364 2265 disces-

1800 2314 1895 2353 sus
1925 2300 1990 2353 ad
2028 2299 2213 2365 Deum,
2246 2298 2329 2353 vel
2373 2299 2622 2354 desiderii
2670 2300 2933 2363 cumulus,
2985 2302 3066 2354 vel
3121 2302 3365 2357 vinculo-

1802 2406 1919 2444 rum
1964 2391 2177 2456 solutio,
2220 2392 2304 2447 vel
2350 2393 2529 2447 oneris
2578 2394 2828 2449 excussio
2860 2393 3171 2462 appellanda
3210 2397 3315 2465 est)
3341 2434 3361 2460 ,

1802 2482 1893 2537 hic
1950 2476 2163 2551 quoque
2212 2482 2430 2553 dignum
2490 2484 2613 2538 vitae
2669 2485 3011 2540 sanctissime
3073 2494 3364 2542 transacta:

1805 2571 2121 2625 miraculum
2169 2573 2506 2642 designatur.
2562 2573 2696 2626 Nam
2750 2589 3054 2643 quanquam
3106 2576 3361 2646 Cypriani

1804 2678 1995 2717 nomen
2030 2664 2171 2732 apud
2201 2678 2411 2725 omnes,
2455 2678 2558 2717 non
2596 2664 2756 2719 modo
2781 2666 3142 2729 Christianos,
3177 2681 3363 2721 verum

1802 2755 1966 2810 etiam
1998 2770 2112 2819 eos,
2139 2755 2230 2826 qui
2266 2756 2507 2810 adversae
2547 2756 2738 2810 classis
2783 2767 2958 2821 erant,
3004 2758 3362 2813 clarissimum

1803 2859 1866 2898 ac
1897 2843 2307 2899 celeberrimum
2341 2854 2485 2899 esset
2513 2846 2707 2917 (virtus
2743 2847 2886 2899 enim
2922 2848 3174 2903 omnibus
3212 2850 3367 2903 simi-

1803 2934 1924 2990 liter
1959 2936 2289 2990 venerationi
2316 2936 2420 3005 est)
2451 2954 2463 2990 :
2502 2951 2697 3006 corpus
2731 2947 2906 2993 tamen
2960 2939 3180 3003 latebat,
3204 2950 3366 3008 atque

1804 3028 1891 3083 hic
1959 3027 2239 3083 thesaurus
2303 3029 2442 3096 apud
2502 3028 2775 3083 mulierem
2836 3030 3120 3099 quamdam
3169 3031 3367 3099 pietate

140 3124 262 3176 θεον
311 3093 459 3193 (Ill);
504 3093 599 3175 καὶ
647 3122 734 3175 διὰ
785 3093 943 3174 τοῦτο
1002 3119 1394 3191 περιεχομένην
1442 3093 1700 3190 (inito?)

1809 3119 2064 3174 fervidam
2130 3093 2539 3184 occultabatur,
2598 3120 2755 3189 idque
2821 3093 3185 3190 pei'diuturno-
3227 3131 3366 3176 tem-

140 3217 440 3286 μάρτυρος,
488 3215 597 3268 εἴτε
645 3214 735 3268 τὸν
782 3213 943 3267 πόθον
992 3212 1150 3282 ἡμῶν
1210 3212 1597 3282 γυμνάζοντος,
1652 3212 1702 3264 εί

140 3304 217 3375 μὴ
269 3304 525 3376 φέροιμεν
574 3302 943 3375 ζημιούμενοι,
997 3304 1091 3354 καὶ
1141 3301 1250 3355 τῶν
1304 3302 1473 3369 ἀγίων
1517 3301 1702 3369 λειψά-

135 3415 244 3451 νων
270 3395 750 3467 ἀποστερούμενοι.
785 3394 933 3447 Ἐπεὶ
966 3394 1023 3446 δὲ
1056 3394 1155 3446 οὐκ
1194 3394 1450 3464 ἠνέσχετο
1482 3394 1542 3445 τὸ
1566 3392 1701 3445 πάν-

132 3505 246 3540 των
307 3486 509 3556 ἀγαθὸν
557 3487 685 3539 ῐδιον
743 3485 965 3555 ποιῆσαί
1018 3502 1161 3547 τινος
1193 3485 1220 3535 ὁ
1253 3482 1361 3536 τῶν
1410 3481 1703 3553 μαρτύρων

133 3579 292 3641 Θεὸς,
350 3578 468 3631 οὐδὲ
529 3578 589 3630 τὸ
644 3578 821 3630 κοινὸν
878 3574 1151 3647 ζημιῶσαι
1203 3576 1268 3644 τῇ
1312 3573 1447 3643 πρὸς
1489 3573 1701 3642 ἐκείνην

130 3670 344 3741 χάριτι,
390 3667 698 3740 δημοσιεύει
750 3667 810 3720 τὸ
864 3667 1021 3736 σῶμα
1066 3665 1133 3717 δι’
1168 3663 1580 3731 ἀποκαλύψεως,
1608 3662 1703 3714 καὶ

127 3761 343 3831 ταύτην
394 3761 598 3829 γυναίῳ
639 3759 745 3811 τιν).
986 3756 1091 3809 τῶν
1157 3756 1321 3821 ἀξίων
1378 3755 1476 3824 τὴν
1538 3752 1701 3823 τιμὴν

129 3853 521 3920 καταθέμενος·
582 3853 647 3904 ἵν’
694 3849 995 3919 ἁγιασθῶσι
1031 3848 1126 3901 καὶ
1179 3850 1453 3917 γυναῖκες,
1516 3844 1701 3915 ὥσπερ

124 3944 223 3997 τὸν
257 3943 491 4013 Χριστὸν
532 3943 626 3995 καὶ
678 3940 930 3994 τεκοῦσαι
977 3940 1087 4010 (44)
1133 3939 1415 4010 πρότερον,
1464 3938 1702 3999 καὶτοῖς

128 4035 407 4105 μαθηταῖς
452 4033 848 4101 ἀπαγγείλασαι
907 4031 1042 4103 μετὰ
1098 4030 1197 4102 τὴν
1224 4031 1289 4083 ὲκ
1339 4029 1545 4101 νεκρῶν
1574 4028 1701 4081 ἀνά-

125 4144 349 4187 στασιν,
380 4124 519 4178 οὐτω
578 4125 669 4178 κα).
728 4122 821 4177 νῦν
877 4120 1266 4193 Κυπριανὸν,ή
1322 4120 1417 4191 μὲν
1454 4118 1702 4190 παραδεί-

122 4220 300 4286 ξασα,
349 4218 382 4287 ἡ
426 4217 482 4269 δὲ
534 4217 850 4287 παραδοῦσα
903 4214 962 4267 τὸ
1017 4212 1194 4267 κοινὸν
1254 4212 1463 4281 ὄφελος.
1531 4211 1702 4265 Τοῦτο

122 4311 246 4363 τῶν
280 4308 490 4362 ἐκείνου
543 4306 723 4360 καλῶν
774 4307 835 4359 τὸ
876 4306 1200 4359 τελευταῖον.
1252 4304 1434 4366 Οὐτως
1471 4304 1551 4367 είς
1602 4304 1701 4375 μέ·-

1806 3224 1967 3280 pore;
2004 3209 2118 3266 sive
2148 3209 2292 3279 quod
2324 3207 2464 3264 Deus
2502 3209 2601 3263 hac
2629 3211 2837 3264 ratione
2876 3210 3019 3279 piam
3058 3220 3362 3266 matronam

1803 3304 2007 3357 honore
2065 3302 2204 3357 allici
2244 3301 2420 3368 vellet,
2474 3315 2537 3355 ac
2602 3312 2880 3370 propterea
2935 3300 3020 3354 illa
3067 3311 3359 3372 martyrem

1805 3393 2095 3462 complexu
2136 3408 2234 3449 suo
2284 3401 2518 3458 teneret;
2548 3392 2663 3447 sive
2713 3392 2874 3445 etiam
2926 3401 2985 3446 ut
3032 3392 3359 3447 desiderium

1802 3495 2046 3538 nostrum
2081 3492 2381 3548 exerceret,
2422 3498 2546 3536 num
2584 3482 2789 3537 scilicet
2814 3484 2914 3537 huc
2958 3483 3152 3537 damno
3198 3498 3361 3554 ange-

1803 3588 2008 3639 remur,
2049 3575 2345 3642 acerbeque
2394 3573 2658 3628 ferremus
2702 3589 2798 3629 nos
2864 3575 3225 3631 sacrosanctis
3275 3591 3362 3631 re—

1802 3666 1991 3735 liquiis
2020 3666 2237 3734 privari.
2268 3667 2338 3721 At
2373 3681 2499 3721 vero
2543 3677 2893 3736 posteaquam
2932 3667 3023 3722 ille
3061 3679 3357 3738 martyrum

1804 3758 1944 3812 Deus
2011 3772 2293 3811 commune
2354 3757 2596 3811 omnium
2647 3757 2844 3812 bonum
2904 3758 3063 3811 alicui
3107 3759 3358 3828 privatim

1802 3848 2117 3914 concedere,
2150 3863 2217 3902 ac
2262 3848 2517 3917 singulari
2563 3864 2687 3917 erga
2723 3849 2865 3902 illam
2903 3850 3099 3918 gratia,
3133 3850 3361 3918 publicis

1802 3940 2098 3995 commodis
2138 3939 2518 3993 detrimentum
2567 3940 2759 3993 allerre
2812 3940 3034 3994 minime
3079 3941 3359 4005 sustinuit,

1802 4047 1897 4102 per
1926 4031 2305 4086 revelationem
2336 4046 2535 4100 corpus
2562 4030 2614 4084 in
2656 4030 2823 4085 lucem
2853 4031 2981 4093 edit,
3020 4041 3180 4100 atque
3217 4031 3362 4085 hunc

1802 4138 1993 4177 rursus
2028 4123 2286 4178 honorem
2317 4124 2498 4194 probae
2529 4122 2745 4177 cuidam
2790 4122 2997 4176 mulieri
3027 4121 3270 4187 confert;
3302 4130 3362 4175 ut

1800 4216 2057 4269 mulieres
2084 4228 2298 4284 quoque
2345 4229 2409 4270 ex
2441 4229 2507 4269 eo
2543 4214 2965 4277 sanctificentur,
2989 4216 3131 4282 quod
3172 4227 3361 4282 quem-

1801 4307 2086 4359 admodum
2128 4305 2401 4359 Christum
2456 4314 2581 4358 ante
2613 4312 2955 4372 pepererunt,
3012 4302 3359 4357 resurrectiov

122 4418 228 4455 σον
273 4400 490 4471 ἔρχεται
546 4401 575 4452 6
617 4396 710 4450 τοῦ
770 4397 843 4467 μὴ
892 4395 1071 4449 λαθεῖν
1123 4394 1232 4463 (45)
1276 4392 1443 4456 ἄξιος,
1499 4395 1590 4447 καὶ
1637 4397 1697 4448 οὐ

1809 4396 1992 4461 nisque
2043 4394 2210 4463 ipsius
2260 4395 2502 4448 nuntium
2541 4395 2817 4463 discipulis
2848 4393 3235 4459 attulerunt”,
3283 4393 3359 4448 ita

120 4493 499 4562 συγχωρεῖται
554 4488 909 4559 φιλοσοφῆσαι
958 4486 1056 4558 τὴν
1086 4483 1276 4537 ἑαυτοῦ
1302 4482 1525 4554 κλοπὴν,
1556 4485 1699 4536 ἐπει-

116 4585 190 4653 δὴ
237 4582 335 4635 καὶ
383 4582 489 4634 τῶν
537 4581 629 4633 ἐπὶ
687 4581 799 4640 τοῖς
835 4576 1048 4647 σώμασι
1088 4574 1259 4644 τιμῶν
1296 4574 1559 4646 κρείσσων
1587 4574 1695 4645 (46)

117 4678 345 4737 ἐκεῖνος
376 4675 469 4726 καὶ
498 4671 844 4742 ὑψηλότερος.

201 4767 254 4797 ²⁹
287 4765 414 4818 Luc.
438 4779 585 4826 xxrv,
608 4764 662 4819 9.

201 4856 327 4923 (ὄὲ)
361 4856 621 4923 Τμηθείς.
654 4852 811 4907 Cnisl.
847 4854 901 4916 ‘2,
934 4852 1285 4924 ἀποτμηθείς.

199 4927 323 4996 (55)
361 4924 492 4996 Τήν.
525 4926 685 4996 lleest
709 4926 759 4977 in
799 4928 1030 4996 quinque
1058 4924 1221 4996 [{egg.

203 4990 329 5063 (54⁷)
371 4993 441 5048 Τὸ
487 4993 603 5062 μὲν
626 4993 736 5062 γὰρ
779 4992 889 5058 τῆς
943 4990 1286 5059 συνηθείας.
1328 5010 1347 5043 ‹
1388 4990 1697 5059 Ilujusmodi

117 5068 283 5122 enim
309 5065 521 5117 virtutis
540 5066 751 5117 habitus
773 5064 923 5132 longa
944 5066 1330 5116 consuetudine
1351 5065 1690 5129 acquiritnrn

116 5136 246 5198 vel,
285 5152 305 5184 ι
358 5134 409 5188 id
441 5148 725 5187 commune
762 5142 861 5197 est,
905 5148 1007 5186 non
1058 5146 1233 5183 rarum
1270 5142 1323 5185 et
1354 5132 1641 5186 insuetum.
1671 5153 1688 5183 ι

122 5206 232 5260 Sic
259 5202 484 5258 Graecus
517 5203 799 5270 interpres.

206 5272 329 5343 (55)
365 5268 921 5343 Τὰγπαρᾳδὲίγματα.
967 5270 1053 5343 Sic
1084 5268 1251 5340 chg.
1286 5284 1335 5334 a,
1368 5285 1421 5335 c,
1444 5270 1498 5335 d,
1526 5273 1610 5325 blll
1641 5282 1694 5327 et

121 5341 391 5399 undecim
419 5342 569 5397 Colb.
608 5342 762 5395 lncd.
797 5345 943 5395 deest
981 5341 1067 5393 τά.

205 5413 327 5479 (56)
350 5412 587 5478 Μικρόν.
614 5414 703 5466 Sic
731 5410 1289 5480 pluresllegg.,Coisl.
1315 5411 1363 5474 l,
1393 5409 1485 5465 Or.
1516 5411 1702 5475 l,Par.

120 5486 185 5539 In
230 5485 347 5544 eil.,
386 5482 608 5551 μακρόν,
644 5499 661 5531 ι
707 5482 951 5551 multum.
985 5498 1003 5531 ι

202 5551 327 5635 (5⁵7)
367 5549 475 5606 Καὶ
503 5549 635 5616 τοῖς
681 5549 793 5619 τὴν
831 5550 1131 5605 ἐναντίαν.
1162 5550 1323 5606 Cnisl.
1374 5550 1426 5615 2,
1466 5550 1555 5603 καὶ
1595 5554 1707 5613 τοῖς

117 5627 420 5682 ἐναντίοις.

204 5691 328 5762 (58)
365 5690 626 5762 ΪΟμοίῳς.
650 5689 817 5762 peest
847 5693 898 5747 in
918 5692 1174 5762 pluribus.

80 5758 107 5832 ἱ
205 5756 328 5832 (59)
362 5756 610 5830 Ἀέρανὲς
637 5756 733 5831 ἦν.
765 5763 879 5819 Bill.
914 5756 933 5815 ἶ
968 5784 983 5815 ι
1018 5765 1298 5819 obscurum
1323 5774 1457 5819 erat.
1497 5782 1513 5815 ι

1805 4500 1947 4538 nunc
2012 4486 2173 4539 etiam
2229 4486 2577 4554 Cyprianum,
2618 4486 2717 4539 hoc
2763 4496 2845 4539 est
2894 4486 3166 4553 publicum
3208 4485 3359 4541 orbis

1803 4576 2023 4640 bonum,
2069 4578 2235 4631 altera
2289 4577 2505 4646 quidem
2556 4577 2833 4640 indicavit,
2874 4577 3043 4629 altera
3082 4591 3207 4630 vero
3247 4586 3359 4629 tra-

1806 4671 1954 4723 didit.
1994 4669 2121 4725 Haec
2146 4670 2364 4725 laudum
2406 4670 2550 4724 illius
2580 4680 2846 4724 postrema
2874 4680 2975 4723 est.
3006 4669 3095 4724 Sic
3138 4669 3191 4722 in
3242 4684 3355 4723 nte--

1874 4854 2138 4975 (40)R06x
2166 4848 2296 4907 οἷδ’.
2327 4870 2346 4905 ι
2379 4851 2528 4907 Haud
2560 4853 2693 4908 scio.
2736 4872 2753 4903 ι
2783 4851 2905 4905 llaec
2933 4852 3123 4905 desunt
3157 4851 3209 4905 in
3242 4849 3360 4920 plu-

1874 4942 1950 4975 IIIS
2029 4939 2146 4975 ερςζ.
2414 4962 2421 4969 ο

1803 4926 1950 4979 ribus
1983 4926 2146 4979 [ἱερεῖ.
2414 4962 2421 4969 ο

1871 4939 2311 5063 (Ἠ)ιῖιῗὲῗύθεον.
2342 4962 2758 5063 Ιηοίιιιίϋιιςίιοιιι,
2787 4990 3143 5063 φιλᾴχριστον.

1872 5060 1982 5136 (42)
2043 5063 2496 5131 Περιεχομένην.
2560 5061 2615 5115 ln
2683 5061 2973 5124 nonnullis,
3028 5060 3354 5131 περισχομέ-

1799 5153 1913 5187 νην.

1831 5153 1981 5275 ηἷρίὸ)
2008 5204 2248 5275 Γυναίῳ
2269 5218 2405 5275 τινι.
2434 5203 2523 5254 oic
2555 5196 2791 5275 llcg_g.a_,
2819 5216 2868 5263 c,
2896 5201 2948 5265 d,
2972 5201 3061 5275 bm
3101 5210 3154 5255 et
3180 5199 3271 5275 O_r.
3305 5233 3354 5253 ..

1802 5271 1959 5328 Deest
1995 5274 2100 5327 τινί
2130 5276 2179 5325 in
2207 5273 2573 5327 ed.C;eterum
2597 5290 2615 5323 ι
2660 5272 2921 5325 llullinam
2959 5289 2977 5321 ι
3014 5271 3357 5325 dicunthanc

1803 5347 2076 5398 mulierem
2100 5354 2257 5411 atque
2288 5356 2317 5393 e
2346 5341 2549 5411 Cla_udii
2579 5341 2912 5409 imperatoris
2929 5354 3144 5409 genere.

1872 5415 1982 5483 (Η)
2044 5407 2346 5467 Τεκόῦιῖναι.
2421 5409 2599 5483 Forte.
2657 5407 2971 5482 τρέχουσαί,
3010 5412 3114 5473 νει,
3169 5407 3357 5483 εὐροῇ..

1804 5501 1913 5546 σαι,
1946 5480 1971 5533 ι’
1999 5499 2117 5552 qua:
2137 5485 2345 5549 priores
2378 5484 2442 5533 ad
2467 5480 2737 5535 Christum
2766 5480 3141 5545 cucurrerunt,
3177 5500 3196 5532 ι
3248 5481 3355 5544 vel,

1809 5574 1826 5605 ς
1869 5553 2509 5607 Cliristnminvenerunt.
2542 5571 2559 5602 ι

1872 5623 1983 5693 (45)
2011 5620 2246 5693 Λᾳβεῐνξ.
2288 5638 2306 5670 ‹
2339 5620 2505 5693 Quem
2532 5622 2745 5693 dignum
2779 5636 2884 5675 non
2906 5629 3021 5678 erat
3049 5621 3102 5677 in
3125 5618 3359 5676 obscuro

1802 5690 1989 5747 latere.
2028 5710 2046 5742 ι
2076 5690 2324 5744 Mendose
2351 5692 2402 5742 in
2424 5690 2510 5744 ed.
2542 5690 2751 5745 παθεῖν.

1871 5762 1981 5833 (46)
2009 5761 2335 5829 Κρείσσων.
2361 5758 2491 5828 Reg.
2524 5775 2552 5815 c
2574 5761 2717 5816 addit
2749 5761 2865 5831 μέν.
