3914 6404
575 342 707 400 H91

1757 340 1813 397 s.
1855 320 2183 396 Caecum:
2223 334 2571 396 THEOLOGI

3659 344 3774 406 “91

575 460 722 516 dium
745 444 1236 527 prodit,mqui
1286 452 1535 523 indignus
1561 461 1699 517 erat,
1750 464 1807 507 ιιι
1849 453 1902 505 in
1943 452 2177 507 obscuro
2218 450 2444 519 jaceret,
2489 466 2588 506 nec
2620 451 2697 505 sui
2752 449 2949 506 furtum
3008 452 3237 511 tolerare
3287 456 3506 524 sinitur,
3552 467 3776 531 quando;

575 552 788 624 quidem
824 549 907 603 his
947 546 1253 610 honoribus,
1294 545 1488 614 quibus
1514 558 1735 613 corpora
1776 542 1911 596 allici
1947 542 2139 607 solent,
2179 541 2294 609 ipse
2316 541 2651 609 praestantior
2679 555 2742 595 ac
2771 540 3052 595 sublimior
3082 552 3215 596 erat.

645 642 826 699 XVIII.
855 641 977 695 Haec
1004 648 1151 703 sunt,
1196 652 1316 707 quae
1361 638 1585 692 dicenda
1626 637 1929 699 habuimus.
1960 646 2127 706 atque

2296 636 2402 690 ΠΡ.
2441 634 2521 687 Τά
2557 634 2657 704 μὲν
2678 631 2769 688 οὖν
2799 635 2927 706 παρ’
2957 636 3114 706 ἡμῶν
3144 638 3401 705 τοσαῦτα,
3429 642 3527 694 καὶ
3549 642 3652 696 οὐκ
3675 642 3778 711 οἷδ’,

578 735 716 791 haud
740 734 851 787 scio
896 749 964 785 an
1012 732 1162 800 plura
1199 730 1379 783 dicere
1430 744 1563 798 opus
1611 731 1698 783 sit.
1732 728 1915 799 Neque
1939 728 2079 783 enim
2112 767 2128 794 ,

574 825 784 882 etiamsi
842 823 1142 877 orationem
1175 822 1227 875 in
1266 822 1481 889 longum
1511 822 1941 890 produxerimus,
1968 821 2128 890 quid;

574 930 734 986 quam
777 924 951 966 tamen
986 911 1177 964 allerre
1225 925 1510 979 queamus,
1539 910 1681 981 quod
1742 911 1883 963 illius
1915 910 2131 963 virtuti-

576 1009 674 1062 bus
706 1013 760 1060 et
784 1001 1188 1067 existimationi,
1222 1015 1383 1069 quam
1420 1001 1483 1054 de
1514 1015 1578 1053 eo
1610 1001 1976 1068 unusquisque
2000 1016 2129 1053 con-

576 1099 736 1168 cepit,
784 1096 888 1150 ulla
922 1110 989 1151 ex
1022 1105 1175 1164 parte
1215 1092 1552 1160 respondeat.
1606 1092 1780 1159 Atque
1823 1092 1935 1145 hmc
1968 1096 2127 1145 etiam

573 1205 639 1245 eo
672 1188 1039 1249 disseruimus,
1095 1192 1151 1238 ut
1208 1185 1444 1237 debitum
1490 1182 1563 1235 illi
1598 1183 1819 1237 honoris
1871 1184 2126 1236 tributum

574 1292 841 1349 utcunque
865 1277 1309 1346 persolveremus.
1338 1274 1585 1329 Vestrum
1640 1280 1722 1329 est
1760 1274 1869 1343 jam
1904 1288 1966 1328 ea
2010 1288 2128 1341 quae

574 1379 907 1441 supersunta
943 1367 1339 1435 vobismetipsis
1361 1365 1673 1433 adjungere,
1722 1372 1780 1417 ut
1805 1364 2125 1418 nonnullum

573 1463 676 1531 ipsi
707 1474 920 1531 quoque
979 1458 1205 1528 martyri
1260 1472 1454 1511 munus
1508 1456 1783 1521 offeratis,
1827 1457 2126 1511 daemonum

572 1556 822 1610 nimirum
880 1554 1287 1622 oppressionem
1317 1588 1331 1611 ,
1373 1548 1682 1602 morborum
1736 1548 2125 1616 depulsionem,

572 1644 871 1699 futurarum
906 1657 1079 1697 rerum
1101 1639 1485 1707 praenotionem
1515 1655 1529 1703 ;
1561 1654 1677 1707 quae
1704 1639 1915 1707 quidem
1945 1638 2128 1693 omnia

571 1732 655 1787 vel
690 1733 787 1800 ipsi
838 1734 1047 1786 cineres
1103 1728 1381 1798 Cypriani,
1434 1727 1591 1781 modo
1640 1728 1781 1781 adsit
1836 1728 1986 1791 ﬁdes,
2017 1728 2129 1780 elli-

572 1823 740 1886 ciunt,
774 1821 1219 1891 quemadmodum
1249 1826 1466 1882 norunt,
1496 1817 1587 1886 qui
1620 1818 1776 1886 hujus
1803 1817 1880 1871 rei
1909 1818 2126 1888 pericu-

572 1913 680 1966 lum
711 1913 971 1977 fecerunt,
1003 1926 1064 1964 ac
1093 1909 1411 1993 miraculum
1443 1908 1508 1961 ad
1537 1923 1635 1963 nos
1666 1922 1835 1976 usque
1870 1910 2126 1979 transmi-

2228 728 2309 780 ὅτι
2366 727 2446 780 δεῖ
2492 727 2602 797 (47)
2649 726 2867 780 πλείονα
2922 725 3115 795 λέγειν.
3155 730 3288 783 Οὐδὲ
3331 731 3460 803 γὰρ,
3503 735 3554 786 εἰ
3590 738 3783 806 μακρὸν

2230 817 2611 887 ἀποτείναιμεν
2652 816 2761 886 (48)
2796 816 2970 886 λόγον,
3008 820 3254 889 εἴποιμεν
3282 820 3347 873 ἄν
3371 839 3423 875 τι
3457 824 3569 875 τῶν
3606 827 3783 897 ἐκείνῳ

2230 908 2536 980 προσόντων
2587 907 2754 973 ἄξιον,
2811 908 2903 961 καὶ
2938 902 3012 962 ὧν
3047 910 3273 974 ἕκαστος
3308 914 3437 984 περὶ
3481 915 3578 967 τοῦ
3609 916 3784 988 mea;

2230 999 2544 1069 ὑπείληφεν.
2581 1000 2689 1051 Καὶ
2718 997 2912 1064 ταῦτα,
2936 1001 3057 1053 ὅσον
3090 1002 3495 1068 ἀφοσιώσασθαι
3534 1005 3635 1077 τὴν
3655 1010 3786 1076 ὀφει-

2227 1089 2455 1160 λομένην
2483 1089 2671 1160 ἐκείνῳ
2706 1090 2893 1161 τιμὴν,
2918 1092 3231 1163 διήλθομεν·
3263 1096 3331 1147 τὰ
3370 1096 3429 1148 δὲ
3467 1096 3634 1150 λοιπά
3670 1102 3785 1172 παρ’

2228 1180 2381 1251 ὑμῶν
2409 1180 2585 1233 αὐτῶν
2610 1180 2948 1251 προσθετέον,
2983 1182 3068 1235 ἵνα
3094 1201 3146 1235 τι
3184 1185 3452 1241 καὶαύτοὶ
3476 1187 3555 1257 τῷ
3594 1190 3786 1258 μάρτυ-

2232 1292 2283 1344 ρι
2315 1273 2743 1344 προσενέγκητε,
2776 1274 2874 1345 τὴν
2905 1274 3014 1327 τῶν
3038 1276 3305 1347 δαιμόνων
3331 1278 3676 1349 καθαίρεσιν,
3700 1283 3785 1353 τὴν

2226 1362 2332 1417 τῶν
2361 1364 2528 1418 νόσων
2555 1364 2866 1430 κατάλυσιν,
2894 1366 2993 1437 τὴν
3014 1366 3107 1419 τοῦ
3141 1367 3420 1437 μέλλοντος
3450 1370 3751 1441 πρόγνωσιν
3769 1387 3783 1404 ·

2226 1454 2261 1507 ἃ
2292 1455 2466 1508 πάντα
2504 1454 2725 1508 δύναται
2760 1457 3072 1527 Κυπριανοῦ
3115 1459 3207 1511 καὶ
3246 1461 3278 1529 ἡ
3328 1462 3475 1524 κόνις
3525 1458 3664 1532 μετᾶ
3697 1466 3785 1535 τῆς

2227 1547 2479 1610 πίστεως,
2526 1547 2601 1610 ὡς
2643 1549 2818 1602 ἴσασιν
2860 1551 2909 1601 οί
2954 1554 3363 1622 πεπειραμένοι,
3403 1554 3499 1605 καὶ
3528 1554 3593 1605 τὸ
3615 1555 3783 1624 θαῦμα

2230 1640 2424 1710 μέχρις
2449 1640 2605 1710 ἡμῶν
2636 1641 3120 1713 παραπέμψαντες,
3154 1646 3249 1697 καὶ
3291 1645 3370 1714 τῷ
3400 1646 3651 1715 μέλλοντι
3692 1666 3783 1701 πα-

2230 1731 2557 1802 ραδώσοντες
2588 1734 2784 1804 χρόνῳ.
2814 1734 3027 1788 Μᾶλλον
3054 1736 3110 1788 δὲ
3138 1737 3205 1789 τὰ
3230 1736 3396 1806 μείζω
3426 1738 3635 1791 τούτων
3668 1758 3782 1812 προ-

2227 1820 2588 1889 εισενέγκατε,
2616 1822 2710 1875 καὶ
2743 1817 2828 1875 οἶα
2853 1824 2976 1886 τοὺς
3000 1824 3206 1875 ἐκεῖνον
3244 1827 3479 1897 γνησίως
3525 1829 3783 1897 τιμῶντας

2227 1910 2391 1975 εἰκὸς,
2418 1909 2662 1979 σώματος
2684 1911 2930 1973 κένωσιν,
2950 1911 3125 1981 ψυχῆς
3147 1913 3407 1967 ἀνάϐασιν
3434 1914 3571 1984 (49),
3602 1916 3781 1980 κακῶς

572 2013 793 2070 serunt,
842 2004 1188 2073 ejusdemque
1254 2000 1567 2054 memoriam
1615 2000 1845 2069 posteris
1912 2014 2125 2069 quoque

2233 2002 2531 2070 ἀποφυγὴν,
2561 2001 2760 2072 ἀρετῆς
2787 2001 3024 2055 ἐπίδοσιν
3043 2019 3055 2032 ·
3098 1998 3451 2073 αίπαροένοι
3490 2006 3592 2075 τὴν
3624 2008 3781 2076 ἀσαρ-

575 2097 819 2151 tradituri
853 2104 997 2148 sunt.
1030 2095 1139 2146 lmo
1169 2107 1294 2146 vero
1324 2092 1407 2144 his
1453 2092 1655 2159 majora
1689 2090 1898 2154 oll'erte,
1924 2093 2127 2159 qualia-

572 2204 678 2259 que
708 2203 802 2243 oos
828 2185 1021 2242 oll‘erre
1065 2201 1161 2254 par
1186 2193 1300 2247 est,
1350 2184 1441 2253 qui
1476 2198 1597 2236 eum
1654 2198 1781 2237 vere
1822 2198 1885 2236 ac
1915 2185 2126 2237 sincere

572 2279 788 2343 colunt;
829 2277 1071 2347 corporis
1088 2276 1294 2330 scilicet
1317 2279 1756 2338 macerationem,
1783 2281 1975 2328 animae
2001 2291 2124 2341 pro-

504 2438 534 2445 ”
572 2373 899 2443 gressionem
929 2411 944 2434 ,
984 2370 1101 2424 vitii
1160 2369 1379 2438 fugam,
1428 2368 1638 2421 virtutis
1688 2366 2076 2422 incrementum
2108 2386 2122 2434 ;

500 2480 517 2507 ς
571 2466 803 2534 virgines
826 2462 1007 2517 carnis
1036 2462 1279 2525 maciem,
1308 2473 1507 2512 uxores
1531 2458 1745 2511 virtutis
1762 2459 1940 2527 potius
1968 2474 2124 2529 quam

571 2554 811 2624 corporis
863 2552 1280 2607 concinnitatem
1329 2557 1382 2603 et
1429 2548 1773 2619 elegantiam,
1799 2548 2031 2617 juvenes.
2073 2549 2125 2603 in

571 2644 989 2713 comprimendis
1013 2642 1176 2695 animi
1208 2639 1705 2710 perturbationibus
1732 2639 2124 2706 fortitudinem,

572 2747 729 2788 senes
756 2730 1035 2785 consilium
1068 2740 1123 2782 et
1147 2729 1509 2797 prudentiam,
1556 2741 1805 2795 proceres
1840 2727 1893 2781 in
1923 2731 2127 2783 consti-

573 2822 785 2876 tuendis
816 2818 1019 2885 legibus
1052 2816 1381 2885 aequitatem,
1414 2816 1488 2870 rei
1516 2814 1763 2868 militaris
1793 2814 1955 2869 duces
1974 2828 2125 2868 man-

576 2912 952 2971 suetudinem.
1001 2908 1257 2963 doctrina:
1309 2912 1471 2975 atque
1531 2894 2125 2973 eloquentiae'studiosi

573 3012 752 3071 aptam
794 3008 849 3054 et
881 2998 1075 3053 rationi
1098 3006 1518 3051 consentaneam
1554 2996 1849 3050 orationem
1879 3011 1893 3060 ;
1930 3007 2125 3065 atque,

572 3105 631 3149 ut
660 3094 724 3147 de
772 3092 933 3146 rebus
968 3089 1167 3144 nostris
1198 3087 1399 3156 aliquid
1433 3088 1607 3141 dicam
1630 3123 1645 3149 ,
1687 3088 1995 3141 sacerdotes
2042 3104 2128 3142 red-

572 3200 690 3240 rum
724 3197 997 3238 sacrarum
1025 3180 1392 3250 disciplinam,
1428 3178 1576 3247 plebs
1613 3178 1998 3242 obedientiam,
2037 3195 2126 3248 qm

2224 2091 2345 2143 κίαν
2378 2091 2512 2161 (50),
2549 2094 2604 2144 αἱ
2628 2094 2881 2159 γυναῖκες
2905 2093 3002 2163 τὴν
3036 2093 3329 2163 εὐκοσμίαν
3363 2096 3567 2165 ἀρετῆς
3595 2098 3781 2165 μᾶλλον

2220 2181 2253 2251 ἢ
2291 2182 2535 2252 σώματος
2568 2183 2703 2251 (51),
2751 2186 2799 2236 οἱ
2840 2184 2951 2236 νέοι
2981 2184 3077 2254 τὴν
3110 2186 3253 2237 κατὰ
3301 2186 3410 2239 τῶν
3461 2188 3652 2240 παθῶν
3697 2191 3780 2243 ἀν-

2220 2273 2371 2343 δρίαν
2420 2274 2559 2342 (52),
2600 2275 2650 2326 οἱ
2690 2274 2987 2345 πρεσϐῦται
3027 2276 3125 2345 τὴν
3169 2275 3471 2341 εὐὸουλίαν,
3518 2279 3567 2329 οί
3611 2280 3668 2330 ὲν
3702 2279 3781 2331 δυ-

2222 2364 2442 2434 ναστείᾳ
2457 2366 2554 2433 τὴν
2576 2365 2851 2435 εὐνομίαν,
2878 2368 2924 2419 οἱ
2945 2368 3001 2418 ὲν
3019 2367 3321 2438 στρατηγίᾳ
3336 2367 3446 2437 (55)
3468 2368 3567 2438 τὴν
3587 2371 3777 2440 ἡμερὸο

2220 2471 2377 2525 τητα,
2400 2457 2448 2508 οἱ
2474 2457 2531 2507 ὲν
2554 2454 2731 2524 λόγοις
2758 2456 2818 2509 τὸ
2856 2456 3073 2525 εὐλογον
3100 2473 3113 2485 ⁸
3148 2458 3286 2511 εἴπω
3310 2476 3362 2511 τι
3395 2458 3493 2511 καὶ
3526 2460 3636 2512 τῶν
3657 2463 3779 2529 ἠμε-

2221 2546 2415 2615 τέρων,
2444 2546 2493 2598 οἱ
2529 2548 2691 2619 ἱερεῖς
2718 2547 2816 2617 τὴν
2853 2548 3238 2617 μυσταγωγίαν
3260 2548 3411 2618 ((54),
3455 2550 3507 2602 οἱ
3542 2548 3637 2602 τοῦ
3664 2550 3776 2602 λαοῦ

2218 2636 2317 2706 τὴν
2348 2637 2672 2701 εὐπείθειαν,
2720 2640 2767 2691 οἱ
2809 2639 2867 2691 ἐν
2914 2638 3095 2691 πενθει
3134 2639 3230 2710 τὴν
3262 2641 3627 2712 παράκλησιν,
3653 2645 3700 2694 οἱ
3728 2644 3778 2694 ἐν

2220 2728 2487 2799 εὐημερίᾳ
2530 2730 2621 2781 τὸν
2654 2730 2837 2798 φόϐον,
2881 2732 2930 2782 ot
2982 2731 3223 2784 πλούσιοι
3268 2732 3365 2803 τὴν
3409 2734 3777 2802 μετάδοσιν,οί

2225 2820 2455 2890 πένητες
2491 2821 2588 2891 τὴν
2613 2822 2958 2891 εὐχαριστίαν
2983 2838 2997 2850 ⁶
3040 2823 3241 2885 πάντες
3268 2822 3365 2895 τὴν
3407 2824 3553 2878 κατά
3574 2826 3667 2878 τοῦ
3693 2843 3777 2878 πο-

2225 2912 2390 2983 νηροῦ
2426 2913 2519 2965 καὶ
2542 2914 2739 2984 πικροῦ
2769 2912 2997 2967 διὼκτου
3028 2915 3349 2986 παράταξιν,
3383 2917 3469 2969 ἵνα
3500 2918 3575 2988 μὴ
3610 2922 3779 2986 φαινό-

2229 3019 2397 3072 μενος
2419 3002 2604 3076 βάλλῃ,
2641 3004 2712 3075 μὴ
2745 3004 2937 3076 τοξεύῃ
2964 3008 3356 3077 κρυπτόμενος,
3390 3010 3465 3080 μὴ
3502 3010 3576 3073 ὡς
3607 3011 3780 3073 σκότος

2228 3094 2457 3165 πολεμῇ,
2497 3096 2571 3167 μὴ
2620 3097 2696 3159 ὡς
2736 3096 2963 3165 ἄγγελος
2996 3098 3171 3166 φωτὸς
3210 3100 3401 3173 παίζῃ,
3447 3102 3546 3155 καὶ

2229 3184 2364 3255 πρὸς
2393 3186 2453 3238 τὸ
2473 3186 2570 3255 τῆς
2602 3187 2873 3250 ἀπωλείας
2903 3186 3191 3259 βάραθρον.

573 3283 627 3337 in
658 3293 889 3333 mterore
912 3278 1041 3333 estis
1077 3275 1531 3339 consolationem,
1596 3274 1687 3345 qui
1760 3274 1811 3329 in
1846 3272 2058 3328 ﬂorenti
2107 3287 2285 3330 rerum
2332 3287 2477 3334 statu
2523 3282 2768 3335 timorem
2796 3320 2813 3346 ,
2875 3284 3069 3339 divites
3120 3285 3483 3352 largitionem,
3533 3302 3783 3357 pauperes

572 3372 864 3442 gratiarum
898 3370 1200 3432 actionem;
1231 3379 1418 3420 omnes
1463 3364 1732 3434 denique,
1769 3365 2008 3419 muneris
2054 3367 2329 3435 eujusdatn
2395 3370 2590 3435 instar,
2643 3372 3043 3429 dimicationem
3096 3376 3356 3429 adversus
3397 3391 3620 3444 pravum
3648 3378 3784 3430 illum

571 3482 627 3527 et
655 3481 850 3524 savum
876 3475 1271 3534 persecutorem
1300 3460 1549 3524 offerant,
1588 3468 1645 3514 ut
1679 3475 1777 3514 nec
1806 3470 1990 3528 aperte
2014 3476 2111 3515 nos
2152 3461 2415 3529 vulneret,
2446 3482 2545 3521 nec
2570 3466 2777 3522 occulte
2805 3469 3019 3537 sagittis
3064 3469 3308 3537 impetat,
3336 3485 3436 3525 nec
3504 3480 3563 3525 ut
3620 3472 3784 3539 caligo

573 3564 770 3620 bellum
825 3559 1043 3626 inferat,
1095 3572 1193 3612 nec
1233 3564 1289 3610 ut
1333 3555 1467 3611 lucis
1516 3554 1739 3623 angelus
1790 3554 1963 3619 fallat,
2013 3555 2303 3614 furtimque
2367 3563 2436 3615 ad
2504 3561 2818 3632 sempiterni
2888 3564 3039 3619 exitii
3124 3565 3441 3619 barathrum
3486 3566 3786 3626 'raacinites

574 3663 717 3727 agat.

644 3748 785 3803 XIX.
808 3747 985 3801 Grave
1022 3759 1085 3799 ac
1120 3742 1481 3813 periculosum
1508 3752 1592 3798 est
1619 3757 1715 3811 per
1741 3741 1926 3797 oculos
1981 3746 2121 3814 capi,
2153 3759 2195 3817 ο

572 3854 669 3912 per
695 3841 928 3908 linguam
959 3836 1209 3898 sauciari,
1243 3850 1337 3904 per
1376 3849 1537 3889 aures
1564 3834 1816 3895 inescari,
1857 3849 1951 3903 per
1976 3837 2129 3891 ebul-

575 3935 792 3988 lientem
840 3931 972 3985 iram
1024 3926 1371 3990 inﬂammari,
1420 3940 1514 3995 per
1542 3934 1755 3995 gustum
1790 3925 1973 3993 dejici,
2029 3942 2128 3996 per

574 4033 775 4079 tactum
799 4019 1048 4079 emolliri,
1083 4029 1246 4089 atque
1275 4032 1423 4071 arma
1455 4016 1647 4071 salutis
1676 4018 1733 4072 in
1759 4018 1949 4072 mortis
1974 4032 2127 4071 arma

572 4122 917 4178 convertere;
949 4101 1113 4183 450'
1155 4124 1277 4166 cum
1326 4116 1572 4177 oporteat
1623 4119 1863 4172 econtra,
1893 4118 1953 4163 ut
2002 4108 2125 4164 ﬁdei

574 4207 763 4277 clypeo
795 4200 1171 4258 communiti“
1195 4238 1209 4263 ,
1244 4199 1500 4253 adversus
1528 4198 1725 4253 diaboli
1790 4199 2020 4253 astutias
2069 4200 2123 4254 in

574 4297 854 4370 procinctu
879 4304 1115 4359 stemus,
1145 4291 1533 4360 victoriamque
1576 4304 1695 4344 cum
1736 4290 1952 4346 Christo
1978 4306 2127 4347 asse-

574 4392 706 4455 cuti,
739 4400 792 4445 et
816 4390 927 4458 pari
954 4402 1015 4443 ac
1046 4396 1313 4457 martyres
1343 4387 1637 4440 certamine
1683 4384 1983 4454 perfuncti,
2013 4402 2127 4441 ma-

574 4496 731 4550 gnam
788 4482 929 4536 illam
984 4494 1166 4538 vocem
1222 4478 1805 4542 audiamus:Venite,
1860 4478 2125 4534 benedicti

574 4570 751 4626 Patris
798 4572 925 4635 mei,
976 4586 1196 4642 regnum
1227 4570 1380 4625 vobis
1435 4570 1757 4639 promissum
1816 4569 2129 4623 hazredilate

574 4660 836 4729 percipite
858 4661 925 4727 “,
953 4661 1005 4713 in
1039 4675 1143 4727 quo
1176 4659 1470 4714 laetantium
1500 4658 1738 4711 omnium
1770 4658 2129 4725 choreamque

574 4752 959 4819 sempiternam
990 4750 1260 4820 agentium
1288 4749 1548 4803 habitatio
1585 4758 1669 4803 est
1692 4747 1735 4779 "
1763 4763 1775 4800 :
1802 4748 1851 4801 in
1890 4762 1998 4816 quo
2037 4763 2123 4802 so-

642 4842 689 4874 “
720 4841 914 4909 Ephes.
949 4856 1021 4904 vi,
1062 4839 1149 4896 I6.
1253 4839 1296 4871 “
1329 4838 1517 4893 Matth.
1551 4855 1676 4907 xxv,
1707 4841 1796 4895 54.

644 4935 757 5006 (47)
794 4934 907 5006 Δεῖ.
941 4935 1095 4988 Deest
1120 4936 1171 4987 in
1214 4935 1433 5006 Regna.

644 5005 754 5075 (48)
832 5004 1313 5070 Ἀποτείναιμεν.’
1348 5005 1408 5071 In
1471 5005 1767 5070 nonnullis,
1823 5006 2123 5059 ἀποτείνοι-

493 5084 500 5091 ’
575 5092 694 5147 μεντ

647 5144 756 5215 (49)
817 5143 1153 5197 Ἀνάϐασιν.
1209 5142 1339 5212 Reg.
1390 5143 1553 5214 Cypr.
1582 5154 1662 5215 get
1726 5146 1817 5214 ph,
1884 5145 2125 5199 ἀναϐίω-

574 5213 679 5278 σιν,
725 5213 746 5265 ι
778 5216 967 5267 animae
1014 5213 1481 5268 resurrectionem.
1522 5232 1540 5264 ι
1577 5213 1765 5269 Dillius
1806 5233 1821 5270 :
1862 5233 1881 5266 ι
1924 5217 2115 5271 anima:

572 5284 961 5340 ascensionem.
1003 5302 1022 5335 ι

644 5355 755 5424 (50)
774 5353 901 5424 ΔΤὴν
921 5354 1235 5421 ἀσαρκίαν.
1274 5371 1295 5403 ι
1332 5351 1521 5408 Carnis
1543 5354 1790 5421 maciem,
1834 5371 1852 5405 ι
1910 5354 1962 5408 id
2018 5362 2119 5418 est,

578 5440 599 5475 ι
634 5422 925 5491 angelicam
982 5425 1102 5478 vita:
1161 5424 1443 5486 rationem,
1505 5432 1557 5476 et
1605 5427 1783 5479 carnis
1843 5439 1978 5494 pene
2022 5440 2118 5477 ex-

644 5504 798 5545 rtem.
838 5513 857 5546 ι

572 5503 798 5562 pertem.
838 5513 857 5546 ι

646 5564 756 5635 (ﬁt)
782 5562 1074 5635 Σώματος.
1102 5563 1232 5635 Reg.
1257 5564 1307 5625 d,
1344 5559 1439 5635 τοῦ
1470 5558 1736 5631 σώματος.

646 5564 756 5699 ξεί)
782 5564 1074 5635 Σῶματοςο
1102 5564 1232 5630 Βρπ.
1257 5564 1307 5625 d,
1344 5564 1436 5615 τοῦ
1470 5564 1736 5631 σώματος.

572 5629 771 5750 δοεξίὲ).
796 5634 1083 5703 Ἀνδρίαν,
1138 5632 1302 5704 Regg.
1335 5648 1385 5701 c,
1430 5632 1538 5697 bm,
1571 5636 1640 5702 ph
1682 5644 1734 5687 et
1774 5629 1865 5688 0r.
1918 5632 1970 5697 1,
2031 5632 2123 5686 ἀν-

602 5715 771 5771 ρειαν.

2299 3744 2399 3797 ιθ.
2439 3743 2618 3797 Δεινὸν
2639 3744 2933 3815 ὀφθαλμοῖς
2965 3746 3185 3811 ἁλῶναι,
3217 3748 3309 3801 καὶ
3335 3749 3554 3821 γλώσσῃ
3584 3751 3778 3822 τρωθῆ

2231 3852 2337 3899 ναι,
2367 3837 2462 3889 καὶ
2499 3837 2633 3907 ἀκοῇ
2659 3838 3028 3907 δελεασθῆναι,
3062 3839 3155 3892 καὶ
3198 3840 3286 3893 διὰ
3326 3840 3504 3911 θυμοῦ
3539 3842 3787 3906 ζέσαντος

2232 3928 2631 3999 ἐμπρησθῆναι,
2658 3930 2751 3982 καὶ
2774 3930 2956 3997 γεύσει
2986 3933 3391 4001 κατενεχθῆναι,
3417 3936 3511 3986 καὶ
3542 3937 3655 4006 ἀφῇ
3694 3953 3780 4006 μσ-

2230 4018 2568 4088 λακισθῆναι,
2616 4019 2707 4072 καὶ
2762 4022 2877 4083 τοῖς
2908 4021 3089 4085 ὅπλοις
3134 4024 3233 4093 τῆς
3280 4024 3573 4095 σωτηρίας,
3609 4026 3785 4088 ὅπλοις

2233 4108 2459 4161 θανάτου
2483 4108 2784 4179 χρήσασθαι
2800 4126 2813 4140 ο
2847 4109 2963 4163 δέον
2988 4111 3064 4182 τῷ
3091 4111 3267 4183 θυρεῴ
3296 4114 3677 4184 φραξαμένους
3697 4118 3786 4184 τῆς

2230 4202 2483 4264 πίστεως,
2520 4201 2707 4271 στῆναι
2759 4202 2894 4272 πρὸς
2940 4202 3038 4267 τὰς
3075 4204 3353 4275 μεθοόείας
3390 4207 3483 4260 τοῦ
3512 4209 3787 4281 Πονηροῦδ

2228 4293 2321 4346 καὶ
2350 4291 2485 4362 μετὰ
2518 4291 2750 4364 Χριστοῦ
2777 4295 3122 4365 νικήσαντας,
3152 4298 3245 4350 καὶ
3276 4300 3415 4368 μετά
3443 4301 3553 4353 τῶν
3586 4304 3786 4372 μαρτύ·

2235 4401 2338 4454 ρων
2364 4383 2475 4453 (55)
2508 4384 2863 4454 ἀθλήσαντας,
2903 4387 3002 4455 τῆς
3040 4389 3280 4459 μεγάλης
3320 4391 3536 4461 ἐκείνης
3561 4394 3788 4447 ἀκοῦσαι

2233 4475 2445 4545 φωνῆς’
2475 4474 2657 4537 Δεῦτε,
2684 4476 2733 4528 οἱ
2761 4476 3110 4553 εὐλογημένοι
3142 4481 3232 4532 τοῦ
3266 4482 3479 4552 Πατρός
3502 4502 3628 4553 μου,
3668 4486 3793 4553 x11;-

2236 4571 2563 4638 ρονομήσατε
2602 4569 2699 4638 τὴν
2742 4570 3153 4643 ἐπηγγελμένην
3182 4573 3293 4643 (56)
3328 4575 3459 4645 ὑμῖν
3494 4576 3791 4645 βασιλείαν,

2231 4658 2355 4710 ἔνθα
2378 4657 2807 4729 εὐφραινομένων
2836 4661 3049 4715 πάντων
3079 4665 3110 4732 ἡ
3142 4667 3409 4729 κατοικία,
3437 4669 3529 4720 καὶ
3549 4670 3794 4739 χορευόν⁶

2230 4766 2337 4802 των
2364 4750 2580 4821 χορείαν
2616 4754 2714 4822 τὴν
2746 4752 3075 4807 ἀκατάλυτον
3103 4771 3115 4783 ⁸
3160 4755 3285 4808 ἔνθα
3328 4752 3462 4828 ἦχος
3506 4759 3792 4829 ἑορταζὸνο

1890 4841 1936 4870 ⁸⁸
1967 4840 2111 4895 Psal.
2143 4853 2354 4902 Lxxxvl,
2391 4842 2442 4895 7.

2157 4938 2203 4996 D
2298 4936 2412 5017 (55)
2450 4938 2609 5017 orer
2633 4939 2976 5017 στρατηγίᾳ.
3014 4940 3176 5017 Regg.
3211 4943 3402 5017 a,_c,_d_
3431 4951 3488 5017 et
3508 4944 3606 5011 ph,
3643 4958 3793 5017 erasa

2231 5007 2803 5082 priuri’_script_r_1ra,_ol
2856 5007 3219 5082 ἐνστρατέίᾳ.
3261 5012 3421 5066 Coisl.
3458 5007 3594 5067 B'et
3652 5013 3791 5074 Pan,

2227 5076 2471 5147 στρατίᾳ.
2514 5076 2549 5127 «ἡ
2576 5077 2827 5132 Homines
2852 5076 3127 5140 militares.
3153 5076 3301 5134 {tum
3332 5082 3516 5143 duces,
3552 5095 3675 5135 tum
3704 5086 3795 5137 mi-

2227 5144 2372 5216 lites,
2404 5147 2596 5214 quibus
2625 5149 2825 5216 pariter
2856 5150 3279 5204 commendanda
3310 5165 3389 5205 εει
3415 5152 3640 5205 lenitas.

2290 5214 2885 5296 (54)]Ι1υᾳξτὰγωγίαν.
2941 5216 3158 5274 Nicetas
3213 5221 3452 5285 exponit,
3514 5222 3795 5274 δικαιοσύ-

2229 5298 2345 5353 νην,
2374 5303 2391 5335 ι
2426 5286 2709 5353 justitiam.
2750 5305 2768 5337 ι

2298 5354 2409 5421 (55)
2436 5355 2545 5407 Καὶ
2564 5356 2713 5429 μετὰ
2735 5355 2851 5429 τῶν
2873 5360 3204 5429 μαρτύρων.
3248 5358 3364 5412 Bill.
3397 5371 3413 5411 :
3449 5377 3467 5411 ι
3520 5360 3793 5426 simulque

2228 5427 2989 5499 suminartyrijvusrolluctati
3049 5427 3261 5483 {Deest
3292 5429 3399 5481 τῶν
3447 5429 3499 5483 in
3546 5432 3794 5499 pluribus

2222 5489 2387 5556 Regg.
2406 5502 2458 5548 et
2489 5489 2539 5545 in
2572 5493 2663 5548 Or.
2690 5496 2738 5548 l.

2975 5566 3137 5623 COial.
3184 5567 3209 5621 1
3254 5578 3308 5625 et
3339 5567 3432 5625 Or.
3471 5568 3520 5635 I,
3570 5570 3787 5641 ἡτοιμα-

2225 5631 2446 5702 σμένην,
2482 5650 2501 5683 r
2539 5631 2798 5701 paratum.
2830 5652 2852 5688 ι
