3932 6520
529 401 666 457 H99

1729 399 1787 456 S.
1820 397 2148 457 GREGORII
2190 397 2533 457 THEOLOGI

3586 407 3687 465 1200

521 515 686 583 hujus
713 514 925 569 animus
954 514 1268 578 abhorreat,
1299 528 1363 570 ac
1393 524 1653 586 praeterea
1701 531 1768 572 ne
1815 515 2090 570 cumulum

2220 534 2275 568 τι
2305 515 2691 588 περιφρονήσει
2719 514 3023 585 φιλοσοφία,
3115 535 3176 586 γε
3201 517 3262 570 ea
3287 512 3343 572 εῦ
3380 522 3530 574 ποιεῖν
3556 539 3602 576 τι
3623 523 3691 579 τδν

519 607 736 676 quidem
774 606 938 659 ullum
973 605 1132 661 rebus
1157 607 1335 662 oratio
1368 606 1610 671 all'erret,
1640 609 1748 663 imo
1782 609 1973 672 etiam,
2023 608 2093 663 ob

2220 607 2465 679 γμέτερον
2501 606 2632 677 βίον,
2669 606 2828 678 ἔργον
2859 608 2953 661 καὶ
2977 609 3309 680 σπούδασμα.
3342 612 3518 684 Πρώτη
3543 615 3590 668 δὲ
3611 617 3694 669 τῶν

521 699 942 755 imbecillitatem
977 715 1128 753 suam
1165 699 1367 768 aliquid
1396 701 1460 753 de
1481 699 1742 768 dignitate
1772 699 2045 768 detrahet)
2071 715 2088 766 ;

522 793 710 847 verum
749 802 810 846 ut
857 792 1014 846 nobis
1039 792 1168 860 ipsis
1193 791 1484 861 prosimus.
1515 791 1628 846 Hoc
1655 793 1797 846 enim
1851 791 2095 860 philoso-

523 885 647 955 phia
686 899 791 938 non
822 883 934 953 jam
984 893 1326 948 contemnet,
1357 900 1420 938 ac
1471 899 1568 953 pro
1617 883 1786 938 nihilo
1839 883 2091 952 putabit,

525 979 722 1048 quippe
757 977 910 1045 cujus
954 977 1058 1032 hoc
1103 993 1298 1031 munus
1321 985 1376 1033 et
1405 977 1641 1031 studium
1673 977 1764 1042 sit,
1795 986 1850 1029 ut
1881 977 1946 1031 de
1980 977 2090 1030 vita

2200 703 2551 774 εὐεργεσιῶν,
2579 702 2640 756 τὸ
2664 702 3002 757 ἐπαινεῖσθαι
3028 703 3096 756 τὰ
3128 704 3284 758 καλά.
3319 705 3474 776 Ζήλου
3495 707 3586 779 γὰρ
3611 709 3694 781 (78)

2199 797 2228 849 ὁ
2284 795 2501 862 ἔπαινος
2546 796 2840 868 πρόξενος·
2891 796 3050 867 ζῆλος
3095 797 3169 861 δέ,
3201 799 3427 869 ἀρετῆς·
3465 801 3606 871 ἁρετὴ
3637 803 3697 864 δέ,

2206 888 2601 959 μακαριότητος
2619 906 2632 920 ·
2669 892 2702 961 ἡ
2734 889 2810 953 δέ,
2843 890 2903 944 τὸ
2932 891 3096 961 ἄκρον
3121 891 3227 944 τῶν
3254 891 3467 961 ἐφετῶν.
3496 893 3574 945 καὶ
3597 893 3699 966 πῂ

2201 979 2230 1032 ὃ
2261 980 2424 1033 τείνει
2448 983 2595 1034 πᾶσα
2619 983 2904 1038 σπουδαίου
2929 983 3160 1055 κίνησις.

527 1073 759 1125 humana
786 1069 1362 1139 praeclaretnereatur.
1409 1067 1590 1123 Prima
1629 1083 1792 1137 porro
1817 1067 1953 1120 bene
2014 1070 2257 1122 merendi
2329 1073 2469 1125 ratio
2537 1083 2643 1138 est,
2707 1090 2886 1128 rerum
2943 1078 3289 1130 honestarum
3343 1078 3698 1131 commendatio.

525 1163 670 1220 Laus
717 1163 864 1218 enim
921 1162 1095 1216 zelum
1130 1164 1271 1231 parit
1308 1181 1322 1216 :
1380 1162 1528 1217 zelus
1579 1171 1758 1215 autent
1812 1162 2068 1214 virtutem
2105 1176 2118 1212 ε
2163 1162 2337 1216 virtus
2382 1179 2542 1234 porro
2592 1166 2981 1223 beatitudinem
3011 1187 3026 1222 :
3057 1168 3170 1223 haec
3212 1183 3334 1222 vero
3382 1184 3546 1223 rerum
3577 1185 3704 1240 expe-

527 1257 810 1311 tendarum
858 1255 1071 1310 culmen
1104 1265 1224 1321 est,
1259 1257 1326 1310 ad
1379 1256 1521 1325 quod
1571 1255 1771 1310 omnis
1806 1253 1959 1323 probi
2009 1252 2113 1306 viri
2153 1254 2375 1323 agitatio
2408 1259 2600 1312 tendit.

595 1352 659 1406 ll.
681 1353 949 1407 Adesdum
983 1354 1167 1423 igitur,
1194 1354 1658 1425 philosophorum,
1693 1353 1885 1406 addam
1905 1351 2095 1416 etiam,

527 1446 772 1500 veritatis
794 1447 1331 1517 martyrum,optime
1355 1461 1417 1500 ac
1443 1444 1905 1515 pra-stantissime.
1925 1442 2098 1497 Ades-

528 1537 682 1604 dum,
713 1539 1020 1593 confutator
1043 1539 1360 1594 adulterina:
1395 1537 1536 1592 illius
1571 1536 1867 1606 sapientiar,
1893 1549 2014 1605 quae
2045 1533 2100 1588 in

526 1633 708 1687 verbis
737 1633 834 1686 sita
864 1642 966 1698 est,
1006 1647 1068 1688 ac
1102 1648 1198 1702 per
1235 1633 1429 1702 lingua:
1466 1631 1732 1686 lenocinia
1789 1629 1930 1684 velut
1959 1643 2100 1698 prte-

528 1726 714 1795 stigias
771 1723 1018 1790 offundit,
1079 1739 1236 1794 supra
1278 1725 1379 1779 hoc
1421 1732 1598 1777 autem
1647 1721 1813 1776 attolli
1845 1736 1946 1776 nec
1989 1719 2103 1775 vult

2279 1353 2353 1408 B’.
2392 1356 2560 1428 Δεῦρο
2583 1358 2645 1428 δὴ
2674 1353 2788 1419 οῦν,
2823 1352 2867 1411 ὦ
2901 1357 3206 1428 φιλοσόφων
3233 1357 3413 1428 ἄριστε
3445 1357 3529 1410 καὶ
3556 1357 3707 1410 τελεώ-

2208 1464 2335 1500 τατε
2357 1464 2369 1477 ·
2403 1449 2694 1518 προσθήσω
2721 1449 2796 1514 δὲ,
2825 1451 2903 1502 ὅτι
2928 1450 3020 1503 καὶ
3055 1448 3341 1521 μαρτύρων
3371 1450 3462 1519 τῆς
3483 1448 3704 1518 ἀληθείας.

2208 1537 2377 1609 Δεῦρό
2418 1557 2506 1610 μοι
2553 1542 2648 1611 τῆς
2684 1541 2837 1594 νόθου
2886 1542 3074 1610 σοφίας
3124 1541 3328 1612 ἔλεγχε,
3371 1540 3463 1610 τῆς
3509 1542 3560 1593 ὲν
3594 1541 3703 1610 λόγῳ

2208 1630 2484 1702 κειμένης,
2519 1634 2610 1685 καὶ
2638 1634 2702 1686 δι’
2726 1635 3053 1703 εὐγλωττίας
3080 1635 3191 1704 (79)
3223 1633 3579 1705 γοητευούσης,
3603 1633 3708 1704 ὑπὲρ

2207 1719 2263 1772 δέ
2296 1719 2452 1773 τοῦτο
2491 1723 2652 1795 μηδὲν
2680 1724 2982 1796 διαρθῆναι,
3017 1727 3151 1796 μήτε
3173 1725 3484 1797 δυναμένης.
3517 1727 3628 1796 μήτ
3649 1723 3709 1777 θε-

527 1832 629 1872 nec
662 1825 855 1886 potest.
883 1815 1176 1883 Adesdum,
1226 1817 1424 1870 virtute
1476 1816 1686 1881 dexter,
1721 1825 1828 1868 tam
1873 1827 1995 1883 qua:
2046 1812 2099 1866 in

2220 1817 2430 1888 ίούσης“
2465 1819 2492 1872 ὁ
2543 1817 2841 1888 περιδέξιος
2885 1817 2981 1888 τὴν
3019 1819 3242 1890 ἀρετὴν,
3275 1819 3369 1889 ὅση
3409 1835 3464 1871 τε
3506 1817 3707 1888 Θεωρίας,

530 1907 1002 1978 contemplatione,
1033 1924 1192 1976 quam
1233 1923 1350 1976 qua:
1381 1907 1430 1960 in
1471 1907 1690 1961 actione
1714 1914 1984 1970 versatur,
2013 1906 2104 1975 qui

529 2001 585 2054 in
642 1999 817 2054 alieno
857 1999 1044 2054 habitu
1078 2008 1258 2052 nostra
1302 1998 1608 2068 proﬁteris;
1645 2013 1707 2052 ac
1743 2012 1809 2052 ne
1846 1997 1897 2051 in
1929 1997 2108 2052 alieno

531 2093 748 2163 quidem
796 2092 1051 2154 fortasse,
1089 2091 1358 2159 siquidem
1393 2091 1702 2160 angelicum
1745 2098 1848 2154 est,
1879 2089 2108 2143 vestitus

532 2185 735 2240 candor
771 2192 824 2239 et
851 2183 1130 2254 Splendor,
1163 2199 1282 2237 cum
1315 2197 1577 2252 corporea
1606 2182 1773 2235 forma
1807 2181 1968 2253 455
1992 2183 2109 2251 pin-

532 2287 764 2347 guntur;
802 2277 866 2330 ad
898 2277 1305 2345 designandum,
1339 2276 1389 2329 ni
1445 2276 1625 2339 fallor,
1667 2276 1984 2328 naturalem
2030 2276 2109 2345 ip-

531 2382 712 2421 sorum
741 2368 1048 2436 puritatem.
1077 2365 1370 2430 Adesdum,
1396 2365 1717 2436 phiIoSOphc
1750 2373 1804 2420 et
1841 2368 2057 2435 sapiens
2093 2388 2108 2425 :

534 2475 814 2530 quousque
849 2460 992 2513 enim
1030 2459 1118 2513 ille
1152 2458 1430 2525 sapientia:
1489 2474 1642 2512 amor
1683 2456 2004 2526 jactabitur,
2063 2459 2109 2514 si

533 2568 800 2620 nusquam
831 2552 900 2605 sit
933 2552 1192 2620 sapientia
1221 2551 1243 2604 ?
1268 2551 1558 2616 Adesdum,
1585 2551 1756 2612 canis,
1792 2565 1895 2603 non
1939 2550 2114 2620 impu-

537 2645 738 2709 dentia,
761 2645 853 2698 sed
876 2645 986 2698 oris
1013 2644 1293 2706 libertate;
1332 2659 1435 2694 non
1469 2643 1724 2710 ingluvie,
1759 2643 1854 2696 sed
1887 2642 2013 2712 quia
2051 2642 2105 2696 in

536 2737 678 2790 diem
711 2735 881 2800 vivis;
922 2750 1025 2787 non
1069 2733 1284 2796 latratu,
1318 2734 1412 2786 sed
1457 2733 1581 2786 boni
1621 2733 1889 2799 custodia,
1938 2747 2000 2788 ac
2029 2735 2114 2788 vi-

539 2829 683 2899 giliis
713 2844 809 2897 pro
847 2827 1151 2880 animarum
1182 2827 1354 2880 salute
1385 2826 1676 2894 susceptis,
1705 2833 1868 2895 atque
1924 2827 2111 2894 etiam,

539 2920 670 2990 quia
732 2917 944 2972 virtutis
1004 2917 1221 2986 quidem
1286 2915 1582 2970 familiares
1646 2933 1708 2971 ac
1788 2918 2116 2976 domesticos

539 3013 766 3076 mulces,
793 3011 982 3064 alienis
1007 3020 1186 3064 autem
1223 3009 1485 3063 oblatras.
1521 3009 1822 3074 Adesdum,
1861 3012 1927 3064 ad
1955 3027 2112 3066 sacra

539 3104 677 3168 haec,
703 3112 758 3158 et
797 3118 1034 3158 mensam
1083 3103 1224 3157 hanc
1268 3103 1576 3172 mysticam,
1601 3114 1762 3173 atque
1792 3105 1856 3158 ad
1890 3120 1996 3170 me,
2025 3105 2114 3174 qui

2209 1909 2301 1963 κᾶὶ
2336 1910 2432 1981 ὅση
2465 1908 2714 1982 πράξεως
2734 1924 2745 1937 ·
2777 1911 2805 1962 ὁ
2829 1908 2897 1961 τὰ
2926 1909 3171 1979 ἡμέτερα
3202 1909 3488 1978 φιλοσοφῶν
3514 1911 3564 1962 ὲν
3591 1908 3710 1961 ἀλλο-

2207 2001 2342 2072 τρίῳ
2367 2001 2446 2072 τῷ
2481 2003 2718 2072 σχήματι
2743 2019 2756 2030 ·
2789 2001 2926 2071 τάχα
2953 2001 3009 2055 δὲ
3037 2002 3153 2055 οὐδὲ
3182 2002 3455 2072 ἀλλοτρίῳ,
3479 2003 3611 2070 εἴπερ
3636 2001 3711 2067 d1-

2209 2094 2422 2163 γελικὸν
2450 2094 2582 2164 (80),
2629 2096 2661 2165 ἠ
2693 2076 3100 2166 λαμπροφορία,
3129 2094 3226 2147 καὶ
3255 2095 3290 2164 ἡ
3319 2093 3584 2163 φαιδρότης
3609 2093 3708 2162 (81),

2211 2191 2336 2243 ὅταν
2357 2189 2643 2242 ’τυπῶνται
2687 2187 3013 2260 σωματικῶς
3041 2203 3052 2216 ·
3095 2187 3154 2240 σύ
3165 2186 3378 2258 μεολον,
3412 2181 3565 2256 οἶμαι,
3594 2183 3712 2236 τοῦτο

2210 2282 2308 2352 τῆς
2334 2279 2472 2334 κατὰ
2492 2279 2588 2350 τὴν
2624 2278 2784 2348 φύσιν
2823 2278 3001 2332 αὐτῶν
3037 2277 3422 2349 καθαρότητος.
3457 2275 3600 2346 Δεῦρο
3629 2290 3712 2344 μοι,

2213 2369 2490 2441 φιλόσοφε,
2520 2368 2615 2421 καὶ
2647 2367 2797 2436 σοφέ,
2845 2368 3032 2438 (μέχρι
3071 2367 3182 2438 γὰρ
3219 2367 3360 2430 τίνος
3391 2365 3446 2419 τὸ
3477 2366 3618 2434 φιλεῖν
3651 2379 3715 2415 σο·

2213 2463 2364 2532 φίαν,
2394 2464 2442 2514 εί
2481 2460 2730 2532 μηδαμοῦ
2769 2461 2958 2528 σοφία;
2984 2461 3002 2529 )
3033 2461 3125 2514 καὶ
3154 2460 3302 2514 κύων
3327 2460 3452 2529 (82),
3477 2461 3530 2513 οὐ
3558 2459 3636 2529 τὴν
3653 2459 3716 2510 ἁν-

2214 2555 2546 2627 αισχυντίαν,
2597 2553 2730 2608 ἀλλὰ
2780 2553 2876 2624 τὴν
2920 2554 3266 2625 παρρησίανο
3309 2554 3423 2608 οὐδὲ
3453 2554 3506 2606 τὺ
3543 2551 3716 2621 γαστρί-

2219 2659 2447 2713 μαργον,
2484 2641 2617 2695 ἀλλὰ
2646 2641 2707 2694 τὸ
2737 2642 3012 2713 ἐφήμερον
3029 2659 3043 2672 ε
3093 2642 3216 2696 οὐδέ
3251 2645 3346 2712 τὴν
3376 2643 3579 2713 ὑλακὴν,
3615 2639 3714 2694 am

2215 2732 2313 2803 τὴν
2366 2732 2612 2804 φυλακὴν
2665 2732 2757 2784 τοῦ
2808 2731 2994 2795 καλοῦ,
3034 2733 3126 2785 καὶ
3177 2733 3239 2785 τὸ
3287 2735 3419 2806 ύπέρ
3457 2733 3550 2786 τῶν
3574 2732 3715 2802 φυχῶν

2217 2825 2512 2895 ἄγρυπνον,
2557 2826 2650 2877 καὶ
2678 2823 2736 2876 τὸ
2771 2824 2971 2877 σαίνειν
3017 2825 3114 2895 μὲν
3155 2826 3279 2878 ὅσον
3320 2826 3432 2878 κατ’
3468 2825 3633 2895 ἀρετὴν
3661 2825 3716 2875 oi-

2218 2919 2383 2981 κεῖον,
2420 2916 2667 2968 ὑλακτεῖν
2707 2915 2762 2968 δὲ
2795 2917 2915 2969 ὅσον
2946 2917 3244 2986 ἀλλότριον.
3284 2917 3444 2988 Δεῦρο
3485 2935 3562 2986 μοι
3602 2913 3716 2983 στῆθι

2218 3008 2325 3062 τῶν
2364 3007 2522 3080 ἱερῶν
2565 3007 2676 3079 (85)
2719 3009 2962 3080 πλησίον,
3011 3011 3102 3062 καὶ
3136 3009 3240 3080 τῆς
3285 3009 3532 3080 μυστικῆς
3562 3005 3718 3074 ταύτης

2219 3101 2516 3175 τραπέζης,
2553 3101 2730 3172 κάμοῦ
2781 3101 2874 3155 τοῦ
2918 3102 3004 3154 διὰ
3049 3102 3256 3156 τούτων
3308 3099 3719 3173 μυσταγωγοῦντος

540 3213 638 3268 per
665 3197 778 3251 inec
805 3211 1017 3251 sacrum
1055 3194 1412 3248 deiﬁcationis
1467 3211 1662 3249 munus
1697 3197 1855 3261 obeo,
1893 3201 2112 3267 propius

2220 3195 2311 3266 τὴν
2335 3194 2546 3258 θέωσιν,
2570 3189 2650 3256 οἷς
2686 3209 2743 3245 σε
2773 3193 3033 3262 προσάγει
3054 3193 3215 3260 λόγος
3243 3194 3333 3246 καὶ
3359 3192 3481 3262 βίος,
3511 3189 3588 3243 καὶ
3609 3190 3634 3258 η
3657 3185 3721 3238 διὰ

541 3291 758 3355 accede,
791 3289 854 3342 ad
886 3304 1004 3360 qua:
1033 3303 1232 3349 sermo,
1269 3296 1321 3342 et
1349 3289 1482 3352 vita,
1504 3298 1558 3342 et
1590 3289 1839 3358 purgatio
1873 3304 1961 3356 ea,
1993 3307 2112 3361 quae

543 3399 640 3454 per
668 3381 940 3438 cruciatus
987 3388 1352 3448 comparatur,
1397 3389 1449 3435 te
1495 3381 1788 3436 adducunt.
1820 3383 2116 3450 Adesdum‘,

545 3485 596 3529 te
641 3474 854 3529 coronis
880 3473 1078 3527 nostris
1101 3471 1426 3538 devinciant,
1454 3489 1516 3528 ac
1548 3474 1691 3528 clara
1726 3491 1883 3541 voce,
1915 3493 2017 3532 non
2061 3479 2114 3533 in

545 3565 720 3621 media
767 3564 1032 3636 Olympia,
1058 3579 1156 3619 nec
1199 3565 1249 3618 in
1280 3565 1476 3633 exiguo
1505 3565 1728 3621 Gracia:
1755 3569 1988 3635 theatro,
2020 3571 2116 3626 sed

545 3672 730 3712 coram
760 3655 902 3720 Deo,
933 3665 983 3710 et
1005 3656 1208 3725 angelis
1236 3697 1252 3722 ,
1287 3665 1340 3712 et
1382 3661 1638 3714 universo
1672 3660 1928 3715 Ecclesiae
1968 3675 2111 3718 cmtu

545 3750 806 3803 victorem
854 3747 1234 3818 proclamabo;
1289 3753 1491 3820 utqui,
1522 3769 1627 3806 non
1663 3754 1967 3820 pancratio,
2023 3764 2118 3809 aut

546 3848 719 3905 cestu,
755 3850 847 3894 aut
879 3855 1063 3908 cursu,
1100 3852 1194 3896 aut
1237 3842 1340 3897 alio
1373 3845 1606 3914 quodam
1645 3859 1832 3913 parvo,
1863 3857 2022 3916 atque
2050 3848 2117 3902 ob

547 3948 713 4002 parva
762 3934 985 4002 prmmia
1044 3935 1199 4002 inito,
1234 3937 1548 3991 certaminis
1579 3952 1775 4007 genere
1803 3938 2116 4006 dimicaris,

552 4041 653 4080 nec
692 4026 758 4080 ad
787 4028 1006 4080 heroum
1050 4029 1350 4098 cuiuspiam
1388 4040 1479 4083 aut
1505 4030 1810 4084 dannonum
1837 4031 2118 4094 honorem,

551 4118 749 4185 quibus
793 4117 1125 4172 calamitates
1152 4126 1361 4172 tantum
1413 4131 1467 4174 et
1499 4120 1691 4175 fabula:
1717 4122 1949 4174 nominis
1980 4121 2124 4176 cele-

550 4207 803 4263 britatem
835 4219 1163 4276 pepererunt
1189 4210 1514 4279 (huiusmodi
1549 4213 1692 4266 enim
1725 4222 1871 4276 sunt,
1905 4229 2024 4282 quae
2057 4214 2123 4268 de

551 4297 659 4354 illis
677 4298 974 4355 honorifice
1005 4301 1386 4370 prtedicantur,
1412 4312 1760 4372 posteaquam
1792 4305 1842 4358 in
1878 4303 2121 4360 stultitia:

627 4478 738 4550 (78)
765 4477 966 4546 Ζήλου
997 4480 1127 4548 γάρ,
1157 4491 1262 4535 etc.
1308 4500 1326 4532 ι
1350 4484 1488 4536 Laus
1511 4482 1652 4536 enim
1683 4484 1821 4550 parit
1869 4484 2063 4539 zelum.
2098 4502 2117 4536 ι

553 4549 736 4606 Schol.
753 4569 780 4623 _:
806 4551 962 4623 Κατὰ
993 4553 1195 4623 ταύτην
1229 4551 1324 4622 τὴν
1360 4549 1710 4623 ἐννοιανηκα).
1739 4555 1796 4605 ἐν
1823 4553 1899 4623 τῷ
1932 4555 2124 4606 ἐπιτα-

553 4594 781 4706 ᾷῖῷἓξῖξ
806 4594 1060 4706 ﬂiam?
1069 4594 1820 4706 suasit.gaza-fagi;
1834 4594 2129 4706 Eioé'giéeft-
2158 4594 2202 4648 ι)

551 4687 678 4756 νοῦς
705 4687 840 4753 οἶδα,
866 4687 1068 4746 τούτων
1100 4693 1284 4762 σαφῶς
1337 4687 1550 4756 καὶτὰς
1591 4687 1854 4756 ἐπιδόσεις
1877 4709 1888 4722 ο
1926 4712 1943 4743 t
1967 4693 2127 4747 Juxta

555 4762 798 4833 eamdem
821 4765 1162 4828 sententiam,
1191 4767 1241 4816 in
1274 4762 1480 4817 funebri
1512 4779 1722 4833 quoque
1747 4762 1924 4817 Basilii
1953 4763 2128 4832 Magni

552 4831 797 4886 oratione
846 4834 965 4886 ait:
1003 4835 1239 4899 Quorum
1287 4835 1428 4886 enim
1495 4831 1876 4896 novi‘laudes,
1937 4831 2126 4889 horum

555 4916 768 4971 quoque
796 4904 971 4970 palam
1034 4906 1359 4958 incrementa
1415 4904 1687 4970 explorata
1733 4904 1965 4958 habeo.»
2005 4902 2130 4958 llaec

555 4973 740 5042 ultima
792 4973 979 5029 scholii
1011 4974 1168 5027 verba
1206 4973 1542 5042 reperiuntur
1569 4975 1661 5025 Ur.
1695 4973 1782 5037 45,
1816 4989 1867 5027 n.
1897 4973 1944 5030 i.

627 5041 738 5111 (79)
770 5043 848 5095 Δι’
873 5041 1316 5113 εὐγλωττίαςίι
1348 5041 1447 5096 Per
1485 5043 1677 5112 lingua:
1705 5044 1987 5107 lenocinia,
2016 5062 2033 5094 ι
2077 5043 2128 5097 id

557 5124 660 5171 est.
698 5129 839 5194 t_per
869 5113 1485 5194 ser‘ntonisclegantiatn
1520 5125 1574 5168 et
1609 5114 1907 5169 illecebras.
1940 5133 1958 5166 ι
1981 5114 2126 5179 Bill.,

561 5200 581 5234 ι
612 5199 704 5252 pur
732 5182 921 5252 lingua:
946 5183 1268 5238 facundiam.
1299 5201 1318 5233 ι

632 5252 740 5324 (80)
779 5254 962 5322 Εἴπερ
996 5254 1331 5322 ἀγγελικόν,
1383 5261 1488 5307 etc.
1553 5252 1686 5324 Reg.
1720 5258 1812 5318 Itu,
1867 5253 2030 5309 Coisl.
2074 5253 2125 5318 1,

559 5323 728 5387 I’ass.,
764 5333 894 5387 etc.,
927 5327 1122 5394 habent
1159 5340 1172 5377 :
1210 5325 1382 5393 Εἴπερ
1411 5323 1722 5394 Ναζιραίων
1759 5326 1855 5394 μὲν
1890 5325 1922 5394 ἡ
1959 5324 2125 5394 κόμη,

555 5395 650 5447 καὶ
683 5395 730 5480 η
764 5395 862 5465 τῆς
892 5392 1132 5480 κεφαλῆς
1176 5389 1523 5480 καθιέρωσις,
1557 5389 1632 5480 ῶν
1674 5389 1887 5480 σίδηρον

555 5411 650 5447 και
683 5411 730 5480 η
764 5411 862 5465 της
892 5411 1132 5462 κεφαλης
1176 5411 1523 5480 καυιερωσις,
1558 5412 1632 5446 ων
1674 5411 1887 5466 σιοηρον
1915 5411 1992 5447 αι..
2033 5412 2128 5462 γα-

554 5482 672 5536 γεν,
699 5482 886 5536 ωσπερ
920 5465 1013 5536 καὶ
1037 5462 1511 5536 θυσιαστηριωνλό
1543 5465 1724 5534 νόμος.
1759 5411 2048 5535 mnsit->31
2072 5463 2128 5517 δὲ

553 5537 586 5606 ὴ
625 5533 1030 5606 λαμπροφορία.
1063 5533 1175 5606 καί,
1208 5533 1319 5589 etc.
1348 5553 1361 5588 :
1410 5553 1430 5585 ι
1457 5533 1731 5606 Siquidem
1767 5550 1919 5588 conta
1959 5544 2015 5606 et
2037 5533 2130 5606 ca-

555 5604 681 5674 pitis
702 5604 1037 5659 consecratio
1066 5605 1559 5668 Nazarteorutuest,
1595 5619 1622 5657 a
1643 5605 1857 5671 quibus,
1895 5604 2037 5658 velut
2063 5605 2129 5659 ab

552 5675 738 5736 altari,
768 5676 847 5729 lett
885 5675 1084 5729 ferrum
1112 5676 1414 5736 amovebat,
1443 5694 1460 5726 ι
1494 5685 1598 5729 etc.
1627 5674 1911 5738 Maximus,
1937 5682 2129 5728 tamet-

556 5745 604 5798 si
646 5745 1008 5816 Christianam
1044 5745 1354 5814 religionem
1387 5745 1753 5812 proﬁteretur,
1793 5743 2130 5816 philosophi-

555 5828 678 5869 cum
715 5825 892 5868 tamen
925 5815 1167 5868 habitum
1193 5831 1295 5868 non
1325 5825 1568 5871 exuerat.
1828 5867 1840 5878 _

631 5884 744 5954 (8|)
765 5885 1107 5952 Φαιδρότης.
1147 5883 1203 5937 In
1233 5885 1574 5953 quihusdam,
1603 5883 1947 5957 λαμπρότης.

2222 3285 2316 3340 τοῦ
2351 3286 2539 3339 παθεῖν
2573 3285 2858 3357 κάθαρσις.
2895 3285 3062 3356 Δεῦρό
3091 3303 3146 3338 σε
3171 3285 3417 3355 ἀναδήσω
3444 3287 3542 3346 τοῖς
3567 3278 3722 3352 ἡμετέο

2228 3395 2338 3450 ροις
2370 3379 2676 3448 στεφάνοις,
2729 3379 2821 3431 καὶ
2876 3377 3206 3447 ἁνακηρύξω
3249 3378 3468 3447 λαμπρᾷ
3499 3377 3555 3445 τῇ
3589 3375 3722 3443 φωνῇ,

2223 3471 2322 3524 οὐκ
2371 3473 2426 3524 ἐν
2485 3469 2752 3540 Ὀλυμπίᾳ
2784 3469 2941 3540 μέσῃ,
2973 3469 3090 3522 ούδέ
3133 3471 3192 3522 ἐν
3243 3469 3445 3546 θεατρῳ
3476 3466 3626 3538 μικρῷ
3653 3467 3726 3536 τῆς

2235 3561 2501 3625 Ἑλλάδος,
2531 3560 2652 3613 οὑδέ
2677 3560 3045 3630 ἠγωνισμένον
3079 3561 3435 3629 παγκράτιον,
3472 3557 3500 3627 ἦ
3531 3555 3723 3624 πυγμὴν,

2219 3654 2252 3726 ἢ
2287 3653 2517 3718 δίαυλον,
2566 3653 2598 3722 ἦ
2628 3669 2678 3704 τι
2717 3651 2822 3704 τῶν
2876 3650 3082 3722 μικρῶν
3111 3651 3515 3720 ἀγωνισμάτων,
3543 3648 3618 3702 καὶ
3656 3645 3725 3698 ἐπὶ

2223 3749 2437 3819 μικροῖς
2469 3748 2580 3807 τοῖς
2605 3744 2804 3808 ἄθλοις,
2830 3743 2949 3796 ούδέ
2975 3744 3054 3805 είς
3084 3742 3254 3813 τιμὴν
3285 3742 3468 3814 ἡρώων
3492 3740 3615 3801 τινος
3639 3736 3724 3805 (8i)

2222 3839 2254 3910 ἢ
2283 3838 2570 3909 δαιμόνων,
2603 3837 2853 3906 συμφορᾷ
2877 3836 2969 3888 καὶ
3006 3833 3159 3905 μύθῳ
3189 3833 3548 3904 τετιμημένων
3572 3825 3728 3901 (τοιαῦ-

2222 3952 2288 3988 τα
2313 3935 2421 4006 γὰρ
2449 3931 2668 3984 ἐκείνων
2705 3931 2771 3984 τὰ
2804 3928 2972 3998 σεμνά
2998 3946 3056 3980 τε
3090 3928 3186 3981 καὶ
3215 3928 3388 3999 τίμια,
3419 3926 3584 3997 χρόνον
3610 3936 3731 3990 προσ·

2223 4027 2452 4081 λαϐόντα
2502 4029 2612 4100 (85)
2661 4026 2762 4095 τῆς
2804 4023 2986 4085 ἀνοίας
3023 4023 3332 4095 ἐπίκουρον,
3371 4021 3459 4074 καὶ
3501 4014 3730 4086 συνήθειαν

2222 4121 2493 4192 ἐννομον)·
2525 4121 2638 4174 ἀλλ’
2673 4117 2908 4172 ἐναντίον
2929 4115 3084 4179 Θεοῦ,
3115 4117 3210 4168 καὶ
3244 4115 3498 4183 ἀγγέλων,
3528 4110 3608 4163 καὶ
3633 4122 3731 4158 παν-

2219 4214 2310 4277 τὸς
2334 4213 2424 4266 τοῦ
2448 4213 2547 4284 τῆς
2589 4211 2910 4282 Ἐκκλησίας
2937 4207 3299 4279 πληρώματος
3319 4225 3331 4237 ·
3364 4206 3453 4260 καὶ
3472 4197 3732 4269 νενικηκότα

2222 4304 2412 4377 ψεῦδος
2436 4304 2715 4376 αἱρέσεων,
2741 4305 2819 4366 εἰς
2858 4303 3020 4372 τιμὴν
3051 4301 3185 4354 Θεοῦ
3217 4301 3434 4367 ζῶντος,
3464 4297 3548 4351 καὶ
3579 4295 3731 4346 16:1-

2299 4483 2412 4555 (82)
2447 4484 2637 4556 Κύων.
2689 4480 2820 4556 Reg.
2853 4497 2902 4546 τι,
2935 4479 3084 4535 κύον.
3114 4499 3142 4556 _t
3173 4479 3218 4535 Ο
3249 4483 3416 4536 canis.
3437 4498 3454 4530 ι
3483 4472 3733 4556 Philospphi

2232 4552 2404 4622 cynici
2438 4555 2516 4608 sic
2574 4554 2928 4615 vocabantur,
2985 4552 3126 4619 quod
3166 4567 3360 4606 canum
3415 4552 3731 4622 vorat-natent,

2232 4615 2518 4690 ingluviem
2546 4632 2598 4676 et
2627 4623 2926 4676 oblatrandi
2991 4615 3288 4685 libidinem,
3324 4633 3448 4683 etc.,
3473 4615 3735 4692 aemularen-

2233 4683 2336 4744 tur.
2368 4694 2498 4747 Cum
2529 4693 2787 4746 Maximus
2816 4705 2956 4747 esset
2984 4694 3222 4762 cynicus,
3261 4683 3323 4745 ac
3368 4689 3544 4760 cynico
3589 4683 3734 4762 habili!

2232 4764 2566 4824 indueretur,
2618 4773 2799 4831 utpote
2829 4764 2918 4831 qui
2950 4761 3246 4817 electttattt
3291 4763 3472 4820 aleret,
3504 4765 3552 4809 τι
3573 4761 3734 4831 )‘eslt‘m

2235 4832 2409 4885 albam
2441 4827 2693 4901 gereret;
2720 4827 2940 4900 opponit
2982 4834 3066 4886 hic
3125 4832 3418 4900 Gregorius
3476 4827 3732 4898 cynicoruln

2234 4903 2379 4956 vitiis
2431 4901 2539 4955 veri
2576 4901 2874 4970 pllilOSOplti
2935 4914 3109 4957 notas.
3170 4903 3321 4958 Unde
3362 4901 3602 4971 Maximus
3632 4907 3735 4971 tea-

2234 4975 2315 5026 nis
2337 4991 2353 5022 ι
2380 4973 2698 5042 appellatur,
2723 4974 2890 5038 inquit
2916 4971 3076 5037 Elius,
3109 4992 3126 5024 t
3155 4989 3258 5026 non
3279 4975 3347 5025 ob
3383 4969 3732 5042 impudentiam,

2231 5056 2288 5096 ut
2317 5031 2500 5107 can-0's,
2523 5043 2628 5096 sed
2650 5031 2717 5096 oh
2749 5031 3092 5109 libertatein;
3128 5060 3230 5098 nou
3257 5043 3327 5097 ob
3367 5031 3736 5108 ἱιιείυνίειιιιδεδ

2228 5115 2375 5184 quod
2408 5114 2461 5165 itt
2490 5113 2630 5184 diem
2656 5113 2816 5184 vivat,
2847 5131 2865 5161 ι
2897 5125 3003 5184 etc.

2301 5183 2412 5256 (85)
2439 5181 2619 5256 Στῆθι
2650 5183 2768 5256 τῶν
2804 5173 3014 5252 Ἱερῶν,
3065 5195 3168 5256 etc.
3198 5183 3444 5256 AV'idetur
3491 5173 3740 5246 Theologtts

2229 5252 2320 5308 his
2355 5252 2533 5308 verbis
2567 5254 2825 5324 Cynicum
2892 5255 3094 5308 hortari
3143 5253 3208 5306 ad
3260 5252 3622 5324 sacerdotium,
3648 5256 3737 5324 lem.

2232 5334 2342 5377 tttm
2375 5327 2500 5388 vita,
2557 5315 2666 5380 tuin
2697 5326 2936 5380 doctrina
2967 5341 3087 5378 euut
3117 5338 3234 5377 esse
3295 5324 3532 5375 idoneum
3558 5315 3740 5368 arbitra-

2229 5397 2405 5447 batur.

2300 5464 2412 5533 (84)
2457 5465 2640 5530 Τινός.
2671 5462 2836 5519 Coisl.
2869 5463 2919 5527 1,
2953 5473 3006 5516 et
3031 5463 3204 5526 P.tss.,
3230 5461 3411 5533 τινῶν.

2435 5521 2662 5602 Χρόνον
2683 5521 3124 5606 προσλαϐόντα,
3155 5521 3257 5587 etc.
3297 5532 3497 5606 Billius,
3527 5543 3549 5606 ι.
3568 5521 3741 5606 Postea-

2229 5598 2402 5671 quant
2421 5598 2750 5671 temporibus
2793 5619 2858 5659 ac
2888 5604 3137 5674 legitima:
3189 5598 3579 5674 consuetudinis
3618 5602 3739 5674 auxli-

2229 5660 2358 5726 lium
2386 5660 2813 5740 assutitpseruut.
2840 5693 2859 5726 ι
2901 5660 3121 5727 Ιὶῖεοιίιιε
3151 5673 3365 5741 quidem
3404 5666 3632 5741 inprima
3657 5660 3741 5741 ed}-

2232 5745 2376 5798 tione
2404 5739 2708 5798 reddiderat
2743 5763 2758 5799 :
2795 5763 2814 5797 t
2838 5739 3190 5812 Posteaquam
3245 5740 3496 5812 temporis
3542 5739 3737 5812 antiqui:

2231 5822 2336 5878 tas,
2394 5817 2608 5888 vimque
2668 5815 2805 5888 legis
2851 5801 3101 5874 obtinens
3146 5801 3496 5873 consuetudo,
3545 5801 3738 5860 εωιιιιιε

2231 5899 2385 5955 opem
2416 5887 2552 5941 tulit.
2583 5905 2602 5938 ι
