3914 6404
218 351 344 406 1201

214 555 396 620 ἆθλον,
431 555 674 627 οὐρανῶν
703 552 968 626 βασῖλεία,
995 555 1089 608 καὶ
1118 556 1250 608 Θεὸν
1271 555 1520 624 γενέσθαι
1550 554 1643 608 τοῦ
1672 574 1778 609 πα-

214 650 327 702 θεῖν
363 648 592 720 ὐψηλότε
602 664 712 720 ρον.

1022 349 1280 406 ORATIO
1323 349 1485 404 XXV.
1527 381 1596 391 —
1636 349 1702 404 IN
1743 350 2029 409 LAUDEM
2070 351 2374 409 HERONIS
2410 354 2674 428 PIIILOS.

115 487 119 492 ·
217 467 327 520 θεῖν
378 466 490 527 τοῖς
539 463 756 526 οἰκείοις
811 462 1038 516 πάθεσιν
1084 463 1506 528 ὲκδιδὰσκοντος,
1565 464 1659 518 καὶ
1711 457 1786 518 ὧν

1905 467 2272 534 Jatrocinium,
2304 479 2536 539 tempus.
2567 483 2620 526 et
2653 487 2752 541 pro
2793 485 2852 527 re
2892 471 3131 543 legitima
3159 487 3453 530 consuetu-

3313 361 3452 417 1202

1890 555 2068 610 dinem
2095 570 2564 631 assumpserunt);
2593 577 2778 616 verum
2823 563 3087 618 liaeresnm
3119 567 3452 621 mendacium

1886 647 2170 713 deviceris,
2197 648 2248 700 iu
2286 649 2545 704 honorem
2584 651 2678 706 Dei
2719 652 2973 719 viventis,
2999 654 3089 722 qui
3121 670 3217 708 nos
3243 671 3456 724 quoque

213 759 310 813 per
337 759 462 798 suos
487 743 761 796 cruciatus
803 740 871 794 ad
915 739 1222 794 subeundos
1273 739 1544 795 cruciatus
1582 738 1782 804 erudit,
1823 752 2050 807 quorum
2082 739 2247 794 etiam
2289 743 2646 796 certaminum
2717 744 3016 813 praemium,
3075 745 3194 800 coeli
3231 761 3453 815 regnum

213 847 316 901 est,
361 854 423 890 ac
454 838 618 890 Deum
649 835 810 898 cl'lici,
843 835 986 888 omni
1022 835 1221 889 doloris
1275 848 1438 890 sensu
1495 833 1889 889 sublimiorem.

283 935 360 988 1".
396 929 556 985 Ἀλλὰ
590 929 672 994 τίς
697 932 729 1001 ἡ
761 930 1090 1001 ἀνάρῤησις;
1118 929 1178 981 Εἰ
1203 928 1299 999 μὲν
1321 928 1418 999 τὴν
1452 926 1787 997 συντομωτέ-

215 1043 316 1100 ραν
343 1023 559 1078 ποθεῖτε
589 1023 681 1075 καὶ
706 1021 1131 1092 γνωριμωτέραν
1151 1037 1165 1051 ·
1202 1011 1369 1083 Οὗτος
1402 1019 1502 1088 τῆς
1532 1018 1786 1089 ἀληθείας

214 1117 521 1187 ἀγωνιστὴς
549 1114 962 1184 ἀψευδέστατος,
987 1113 1078 1165 καὶ
1100 1112 1200 1182 τῆς
1225 1111 1451 1182 Τριὰδος
1471 1111 1788 1182 ὑπέρμαχος

215 1211 373 1282 ἄχρις
408 1209 658 1278 αἵματος,
695 1206 790 1259 καὶ
817 1205 923 1258 τῶν
953 1204 1250 1258 διωκόντων
1277 1203 1355 1273 τῷ
1381 1206 1550 1256 ποιεῖν
1577 1203 1784 1265 κακῶς,

213 1301 294 1371 τῷ
322 1298 553 1368 πάσχειν
580 1295 875 1368 προθύμως
893 1293 1125 1364 διώκτης
1143 1309 1157 1323 ⁸
1185 1294 1334 1347 οὐδὲν
1363 1292 1470 1366 γὰρ
1491 1293 1631 1346 οὕτω
1661 1294 1786 1364 νικᾷ

214 1394 306 1446 τὸν
331 1390 616 1453 διώκοντα,
646 1389 722 1452 ὡς
753 1387 1030 1459 προθυμία
1053 1387 1145 1440 τοῦ
1174 1387 1490 1456 πάσχοντος.
1517 1387 1578 1438 Εἰ
1599 1385 1654 1438 δὲ
1686 1385 1786 1455 τὴν

215 1484 550 1555 τελεωτέραν
581 1480 690 1553 (86)
714 1482 805 1534 καὶ
833 1480 1175 1550 πλατυτέραν
1197 1496 1211 1509 ο
1251 1471 1416 1542 Οὗτος
1444 1479 1664 1549 ἄριστος
1689 1478 1786 1549 μὲν

216 1576 280 1642 ἐξ
306 1576 561 1649 ἀρίστων,
586 1575 682 1628 καὶ
719 1573 778 1640 ἐξ
801 1572 1036 1641 εὐγενῶν
1065 1571 1467 1639 εὐγενέστατος.
1499 1571 1787 1640 Εὐγένειαν

212 1673 273 1726 δὲ
317 1671 479 1740 λέγω,
519 1671 618 1740 οὐχ
653 1669 720 1738 ἣν
763 1669 812 1721 οἱ
847 1667 1030 1720 πολλοὶ
1076 1665 1414 1736 νομίζουσιν·
1455 1665 1666 1734 ἄπαγεῐ
1711 1665 1785 1716 Οὐ

1964 928 2048 983 lll.
2087 927 2366 994 Quodnam
2413 938 2590 984 autem
2626 930 2728 986 hoc
2758 932 3084 998 praeconium
3113 936 3239 990 est?
3274 935 3455 1006 Siqui-

1891 1022 2011 1075 dem
2063 1021 2281 1076 brevius
2337 1029 2392 1075 et
2446 1023 2627 1077 notius
2665 1025 2926 1092 quaeritis,
2960 1027 3063 1079 erit
3100 1026 3453 1097 hujusmodl:
3516 1015 3522 1022 ’

1891 1111 1989 1168 llic
2023 1120 2108 1175 est,
2140 1112 2388 1168 veritatis
2434 1114 2633 1168 athleta
2671 1116 2996 1172 verissimus
3019 1157 3034 1183 ,
3070 1131 3125 1173 et
3175 1119 3456 1176 Trinitatis

1890 1205 1956 1259 ad
2013 1204 2328 1273 sanguinem
2385 1220 2558 1275 usque
2613 1221 2996 1278 prupngnator,
3040 1223 3200 1282 atque
3245 1229 3453 1280 eorum,

1890 1296 1981 1366 qui
2034 1297 2227 1368 ipsum,
2257 1295 2467 1378 injuriae
2518 1298 2811 1355 inferendae
2839 1318 3020 1368 causa,
3055 1309 3456 1375 persequeban-

1893 1400 2000 1454 tur,
2029 1406 2125 1460 per
2150 1391 2390 1459 patiendi
2423 1390 2755 1446 alacritatem
2789 1403 3116 1462 persecutor.
3150 1397 3289 1451 Nihil
3311 1400 3454 1452 enim

1891 1493 2300 1554 persecutorem
2334 1483 2407 1538 ita
2433 1492 2672 1554 superat,
2707 1495 2763 1540 ut
2797 1488 3047 1556 patientis
3098 1489 3368 1546 alacritas.
3395 1491 3455 1546 Si

1893 1589 2020 1630 vero
2070 1573 2359 1644 perfectius
2392 1583 2447 1629 et
2491 1575 2651 1630 latius
2686 1580 3003 1647 postulatis,
3035 1581 3139 1634 tale
3178 1583 3323 1638 erit:
3359 1582 3456 1638 llic

1891 1681 1956 1720 ex
1985 1665 2204 1735 optimis
2249 1666 2508 1736 Optimus,
2545 1675 2599 1721 et
2647 1683 2714 1723 ex
2750 1671 3020 1726 nobilibus
3070 1673 3454 1730 nobilissimus.

215 1763 356 1852 πρδς
386 1762 539 1834 ἡμῶν
563 1760 704 1814 οὕτω
726 1758 1024 1831 θαυμάζειν
1052 1758 1185 1830 (87),
1217 1758 1336 1812 οὐδὲ
1367 1756 1671 1826 φιλόσοφον,
1691 1754 1789 1827 τὴν

1905 1755 2238 1814 Nobilitatem
2291 1767 2468 1813 autem
2497 1759 2636 1824 dico,
2675 1776 2780 1815 non
2814 1760 2978 1834 456
3014 1779 3171 1833 quam
3217 1765 3459 1835 plerique

214 1856 283 1909 ὲκ
309 1847 491 1926 μύθων
513 1853 607 1907 καὶ
633 1853 816 1921 τάφων
841 1851 1140 1922 ἐρχομένην
1173 1851 1267 1903 καὶ
1289 1849 1456 1902 πάλαι
1491 1847 1789 1919 σεσηπυίας

214 1946 449 2019 ὀφρύος”
491 1945 612 1999 οὐδὲ
652 1946 751 2016 τὴν
786 1943 845 2008 ἐξ
883 1944 1128 2012 αἱμάτων
1175 1942 1268 1995 καὶ
1306 1941 1648 2014 γραμμάτων
1678 1940 1788 2009 (88)

215 2040 676 2114 προσγινομένην,
705 2040 772 2108 ἣν
794 2038 988 2102 νύκτες
1017 2039 1126 2110 (89)
1159 2036 1490 2122 χαρίζονται,
1517 2035 1610 2089 καὶ
1640 2033 1791 2122 βασι-

214 2131 356 2185 λέων
390 2130 518 2193 ἴσως
548 2129 668 2182 οὐδὲ
695 2127 932 2196 εὐγενῶν
951 2131 1151 2198 χεῖρες,
1185 2115 1651 2196 προστασσόντων,
1685 2121 1789 2174 ὥσ·
1832 2145 1837 2150 ι

215 2242 327 2297 περ
367 2223 493 2275 άλλο
534 2240 606 2286 τι,
652 2221 748 2292 τὴν
799 2219 1107 2288 εὐγένειαν·
1165 2219 1280 2272 ἀλλ’
1312 2208 1397 2290 ἦν’
1423 2216 1672 2287 εὐσέϐεια
1697 2233 1794 2286 χα-

219 2313 538 2387 ρακτηρίζει
561 2313 652 2365 καὶ
678 2311 897 2382 τρόπος,
925 2311 1015 2365 καὶ
1038 2312 1070 2381 ἡ
1100 2310 1235 2382 πρὸς
1268 2309 1328 2363 τὸ
1355 2309 1566 2380 πρῶτον
1593 2307 1793 2376 ἀγαθὸν

215 2405 426 2467 ἄνοδος,
476 2403 596 2456 ὅθεν
631 2401 952 2472 γεγόναμεν.
993 2401 1210 2471 Ταύτης
1255 2398 1528 2463 ἀπόδειξις
1566 2399 1662 2469 μία
1689 2399 1793 2468 τῆς

213 2497 517 2565 εὐγενείας.
550 2495 623 2548 Οὐ
668 2494 775 2565 γὰρ
812 2493 1049 2564 ἀθλητὴς
1087 2495 1244 2564 μόνον
1281 2494 1411 2562 ἡμῖν
1443 2495 1470 2545 ὁ
1511 2489 1789 2561 γεννάδας,

214 2588 358 2642 ἀλλὰ
398 2589 491 2641 καὶ
531 2589 595 2640 ὲκ
626 2585 948 2657 μαρτύρων⁹
987 2583 1126 2637 ὥστε
1156 2583 1366 2637 οἴκοθεν
1402 2582 1550 2652 αὐτῷ
1598 2582 1658 2636 τὸ
1694 2585 1792 2654 τῆς

215 2679 426 2750 ἀρετῆς
455 2678 818 2750 παράδειγμα.
853 2674 1080 2743 Πολίτης
1114 2675 1192 2738 δὲ,
1233 2674 1392 2744 σοφία
1429 2673 1548 2744 μὲν,
1583 2677 1681 2744 τῆς
1718 2677 1796 2726 ol-

216 2770 494 2840 κουμένης
536 2769 754 2836 ἁπάσης
795 2766 934 2837 (οὐδὲ
971 2764 1078 2835 γὰρ
1115 2765 1363 2834 ἀνέχεται
1402 2767 1614 2836 μικροῖς
1647 2767 1794 2834 ὅροις

217 2859 434 2930 Κυνικὴ
473 2855 962 2930 περιγράφεσθαι)·
1023 2854 1235 2926 σώματι
1285 2855 1362 2920 δὲ,
1404 2855 1505 2925 τῆς
1549 2855 1796 2920 Ἀλεξαν-

214 2952 395 3023 δρέων
425 2950 651 3016 πόλεως,
694 2949 794 3020 τῆς
834 2948 930 3002 σὺν
961 2949 1090 3019 ὑμῖν
1113 2947 1244 3020 (90),
1276 2948 1308 3018 ἢ
1352 2948 1470 3018 μεθ’
1500 2949 1643 3019 ὑμᾶς
1685 2947 1793 3015 (91)

217 3043 428 3106 εὐθέως
462 3041 873 3113 ἀριθμουμένης
895 3057 908 3072 ’
942 3037 1009 3113 ἧς
1039 3042 1170 3095 πᾶσι
1212 3039 1428 3094 πάντων
1467 3040 1792 3112 κρατούσης,

218 3135 498 3207 θερμότης
543 3134 604 3186 τὸ
651 3134 939 3188 ἰδιαίτατον
971 3132 1102 3202 (92),
1137 3133 1232 3186 καὶ
1268 3132 1472 3204 ταύτης
1510 3133 1570 3186 τὸ
1619 3132 1800 3187 κάλλι-

1890 1850 2206 1905 exiStimant
2232 1870 2246 1905 :
2284 1851 2425 1906 absit
2450 1852 2462 1904 ξ
2499 1851 2614 1906 Non
2643 1853 2785 1906 enim
2813 1865 3056 1908 nostrum
3083 1865 3184 1920 est,
3223 1872 3318 1911 nec
3344 1858 3460 1926 phi-

1892 1940 2248 2011 losophicum,
2281 1957 2402 1997 eam
2440 1943 2716 2007 admirari,
2748 1958 2866 2011 quae
2891 1960 2919 1996 a
2949 1944 3142 1999 fabulis
3183 1956 3238 2000 et
3279 1948 3460 2017 sepul-

1891 2035 2036 2100 eris,
2073 2049 2138 2089 ac
2181 2035 2470 2104 supercilio
2523 2037 2840 2105 jampridem
2895 2036 3194 2106 putrefacto
3229 2050 3408 2092 manat
3441 2057 3455 2093 :

1893 2139 1992 2181 nec
2048 2140 2194 2192 eam,
2231 2141 2350 2196 quze
2402 2142 2470 2181 ex
2522 2129 2876 2197 sanguinibus
2920 2137 2974 2183 et
3027 2129 3218 2183 litteris
3265 2132 3457 2197 oritur,

1891 2232 2052 2287 quam
2082 2227 2266 2272 noctes
2296 2218 2614 2286 largiuntur,
2650 2235 2713 2274 ac
2761 2235 2944 2287 regum
2979 2220 3288 2290 ignobilium
3320 2237 3458 2291 quo-

1893 2323 1998 2377 que
2045 2307 2275 2364 fortasse
2332 2325 2526 2366 manus
2553 2351 2568 2377 ,
2601 2310 2935 2364 nobilitatem
2964 2351 2979 2376 ,
3009 2312 3154 2366 velut
3205 2315 3457 2384 quiddam

1893 2402 2060 2467 aliud,
2089 2401 2392 2472 jubentium
2421 2417 2435 2454 :
2462 2405 2553 2457 sed
2586 2419 2744 2470 quam
2784 2406 2957 2474 pietas
2985 2413 3040 2459 et
3070 2421 3248 2460 mores
3272 2413 3461 2460 notant

1895 2503 2061 2560 atque
2088 2492 2352 2555 indicant,
2385 2502 2441 2548 et
2468 2493 2535 2548 ad
2567 2495 2798 2564 primum
2836 2497 2964 2550 illud
3018 2498 3236 2564 bonum,
3261 2515 3324 2553 ex
3356 2515 3461 2568 quo

1895 2584 2163 2654 originem
2203 2584 2491 2649 traximus,
2522 2601 2799 2642 ascensus.
2843 2588 3011 2659 l‘lnjus
3041 2590 3337 2644 nobilitatis
3361 2592 3463 2645 hoc

1896 2691 2059 2729 unum
2091 2686 2466 2746 argumentum
2493 2687 2596 2735 est.
2630 2679 2838 2734 Etenim
2880 2697 2982 2735 non
3016 2692 3217 2736 tantum
3262 2693 3464 2752 martyr

1896 2769 2010 2837 ipse
2051 2784 2348 2839 generosus
2376 2771 2603 2836 exstitit,
2637 2773 2728 2826 sed
2790 2775 2955 2827 etiam
3007 2789 3071 2828 ex
3109 2775 3462 2846 martyribus.

1897 2860 2082 2928 Itaque
2111 2861 2325 2916 virtutis
2364 2862 2673 2931 exemplum
2727 2865 2842 2934 ipse
2891 2867 3032 2919 domi
3083 2867 3287 2921 habuit.
3323 2865 3465 2935 Jam,

1897 2950 2036 3020 quod
2063 2952 2128 3006 ad
2163 2953 2437 3007 civitatem
2467 2955 2677 3020 attinet,
2705 2956 2749 3010 si
2782 2957 2996 3024 quidem
3023 2957 3298 3024 sapientia:
3331 2959 3467 3011 ratio

1900 3045 2178 3109 habeatur,
2209 3045 2369 3100 totius
2403 3047 2550 3101 orbis
2582 3056 2841 3101 terrarum
2878 3059 2960 3102 est
2989 3049 3126 3103 civis
3163 3068 3175 3103 :
3205 3064 3300 3103 nec
3323 3051 3464 3103 enim

1903 3135 2233 3207 cynicismus
2262 3137 2469 3207 exiguis
2496 3138 2690 3192 finibus
2717 3139 3089 3194 circumscribi
3117 3143 3372 3207 snsdnet;
3419 3142 3464 3196 si

224 3243 373 3289 στον,
397 3224 838 3297 Χριστιανισμὸς,
871 3226 963 3278 καὶ
995 3227 1028 3294 ἡ
1066 3225 1196 3295 περὶ
1217 3223 1374 3278 τοῦτο
1401 3223 1512 3294 (95)
1541 3222 1798 3289 διάθεσις,

1905 3242 2028 3284 vero
2082 3241 2277 3297 corpus
2311 3237 2642 3296 spectemus,
2673 3228 2996 3284 Alexandria
3039 3240 3190 3285 ortus
3238 3239 3342 3294 est,
3399 3247 3468 3286 ex

218 3321 291 3373 ὲκ
343 3319 712 3391 προαιρέσεως
772 3319 871 3390 μὲν
929 3319 1226 3390 ἀρχομένη,
1278 3322 1342 3391 τῇ
1401 3319 1458 3372 δὲ
1506 3320 1666 3389 φύσει
1717 3319 1798 3390 βε-

1905 3334 1964 3374 ea
1999 3320 2254 3374 nimirum
2288 3320 2524 3385 civitate,
2553 3335 2672 3389 qua:
2703 3320 2787 3375 vel
2821 3337 2940 3376 cum
2967 3332 3178 3391 vestra,
3216 3323 3297 3376 vel
3321 3331 3468 3377 certe

223 3411 551 3483 δαιουμένη.
611 3413 690 3484 Τῇ
760 3411 867 3486 γὰρ
926 3412 1176 3483 εὐσεϐείᾳ
1238 3412 1301 3466 τὸ
1365 3413 1562 3483 θερμὸν
1631 3429 1798 3483 προσ-

1905 3411 2081 3466 statim
2135 3420 2256 3481 post
2299 3425 2416 3465 eam
2474 3420 2792 3465 numeratur
2827 3427 3004 3478 :qute,
3049 3428 3169 3466 eum
3220 3412 3469 3468 omnibus

223 3505 509 3578 χωρῆσαν,
562 3504 722 3576 ζῆλος
779 3503 1025 3572 ἐγένετο·
1073 3502 1236 3568 ζῆλος
1283 3505 1361 3570 δὲ,
1410 3503 1677 3573 ἀσφάλεια
1715 3502 1776 3556 πί

1905 3504 2060 3559 rebus
2094 3503 2256 3558 urbes
2287 3517 2473 3558 omnes
2495 3502 2810 3569 antecellat,
2835 3504 2965 3556 nihil
3008 3512 3184 3557 tamen
3218 3513 3322 3556 tam
3349 3518 3469 3570 pro-

230 3613 426 3658 στεως.
1901 3591 2076 3662 prium
2109 3593 2291 3656 habet,
2327 3608 2486 3660 quam
2509 3592 2846 3645 ‘animorum
2882 3593 3174 3658 fervorem,
3209 3601 3284 3658 et,
3328 3592 3470 3660 quod

226 3689 284 3742 in
339 3700 404 3741 eo
453 3684 926 3755 pratclarissimum
961 3694 1080 3750 est,
1133 3683 1454 3739 acerrimum
1537 3697 1668 3753 erga
1728 3679 2091 3736 Christianam
2134 3681 2449 3750 religionem
2513 3683 2748 3736 studium
2779 3722 2794 3746 ,
2839 3697 2867 3735 a
2923 3682 3196 3737 voluntate
3252 3683 3470 3750 qttidcm

226 3791 396 3849 atque
428 3779 593 3833 animi
626 3778 904 3848 proposito
931 3761 1516 3846 principium-ducens,
1549 3786 1800 3832 cmterum
1843 3789 1871 3827 a
1906 3783 2098 3828 natura
2135 3782 2320 3842 postea
2383 3773 2788 3829 confirmatum.
2847 3775 3032 3830 Animi
3086 3776 3230 3829 enim
3267 3775 3469 3842 fervor,

226 3887 356 3930 cum
392 3871 458 3925 ad
491 3872 744 3940 pietatem
773 3869 1090 3931 accesserit,
1124 3868 1296 3924 zelum
1327 3869 1500 3937 parit:
1527 3868 1675 3924 zelus
1705 3876 1882 3922 autem
1907 3866 2028 3921 fidei
2053 3866 2360 3934 prazsidium
2393 3875 2495 3922 est.

303 3965 378 4016 A'.
413 3961 653 4033 Τραφεὶς
682 3960 739 4012 δὲ
775 3958 915 4013 οὕτω
949 3958 1044 4012 καὶ
1074 3957 1401 4022 παιδευθεὶς,
1435 3957 1510 4022 ὡς
1539 3958 1684 4020 εἰκὸς
1714 3959 1804 4010 τὸν

229 4059 300 4112 ἐκ
332 4054 587 4109 τοιούτων
627 4053 888 4123 γεγονότα
915 4052 1005 4107 καὶ
1032 4050 1271 4104 τοιοῦτον
1305 4050 1580 4121 ἐσόμενον,
1620 4049 1805 4119 ἐπειδὴ

232 4149 367 4221 βίων
414 4148 520 4220 (94)
561 4147 824 4218 αἱρέσεως
883 4144 1074 4217 καιρὸς
1116 4145 1289 4198 ἐδόκει
1325 4143 1412 4214 (ἢν
1449 4141 1684 4214 κρηπῖδα
1710 4140 1804 4194 τοῦ

231 4241 495 4314 πράττειν
523 4235 580 4293 εὖ
610 4236 846 4309 ἢκακῶς
875 4236 983 4305 ἐγὼ
1015 4236 1276 4306 τίθεμαι),
1299 4231 1405 4288 εἶδέ
1432 4235 1543 4305 (95)
1564 4251 1615 4288 τι
1644 4233 1804 4305 μέγα,

1979 3956 2068 4014 lV.
2094 3958 2383 4014 Enimvero
2421 3975 2543 4014 cum
2575 3959 2668 4025 ita,
2703 3969 2763 4015 ut
2788 3974 2910 4015 eum
2946 3961 3190 4028 decebat,
3220 3963 3309 4032 qui
3349 3964 3470 4019 tali-

1907 4055 2009 4110 bus
2035 4061 2212 4118 ortus,
2241 4065 2305 4106 ac
2345 4051 2475 4107 talis.
2500 4050 2714 4107 futurus
2754 4059 2905 4116 erat,
2944 4053 3202 4109 educatus
3251 4054 3473 4111 institu-

1911 4153 2101 4213 tusque
2131 4143 2342 4206 fuisset,
2364 4141 2588 4211 jamque
2614 4151 2825 4213 tempus
2869 4144 3144 4212 postulare
3175 4146 3472 4211 videretur,

1910 4245 1968 4290 ut
2000 4243 2210 4289 certum
2259 4234 2360 4288 sibi
2392 4235 2512 4287 vita:
2555 4248 2724 4304 genus
2767 4234 3119 4290 constitueret
3152 4239 3314 4306 (quod
3375 4253 3474 4306 ego

231 4335 332 4388 καὶ
349 4332 610 4393 νεανικὸν,
631 4331 724 4383 καί.)⁹
749 4329 857 4382 τῶν
874 4328 1082 4382 πολλῶν
1101 4327 1446 4397 ὑψηλότερον.
1465 4325 1687 4397 Τρυφήν
1707 4325 1798 4397 μὲν

1910 4329 2042 4382 tanti
2078 4328 2332 4382 momenti
2358 4341 2476 4381 esse
2510 4326 2668 4390 duco,
2714 4337 2772 4379 ut
2821 4327 2984 4380 tutius
3016 4326 3155 4390 vitae,
3194 4327 3272 4380 vel
3307 4340 3472 4391 recte,

233 4424 492 4496 ἀτιμάζει
541 4423 635 4477 καὶ
675 4420 1012 4493 περιουσίαν,
1059 4420 1152 4473 καὶ
1192 4418 1509 4472 δυνάστειαν
1545 4417 1727 4481 πλέον,
1769 4417 1802 4487 ἦ

233 4518 364 4581 τοὺς
419 4516 610 4578 ἄλλους
652 4515 702 4566 οἱ
747 4512 920 4566 ταῦτα
962 4512 1308 4583 προέχοντες·
1348 4509 1444 4562 καὶ
1474 4509 1571 4580 τὴν
1607 4509 1703 4579 μὲν
1733 4509 1808 4572 ὠς

236 4607 461 4682 πρώτην
484 4604 871 4668 κακοπάθειαν,
903 4603 1001 4673 τὴν
1031 4603 1088 4655 δὲ
1115 4601 1189 4665 ὼς
1211 4601 1442 4670 ἐσχάτην
1477 4599 1683 4660 πενίαν,
1708 4598 1806 4668 τὴν

235 4701 294 4754 δὲ
344 4699 418 4762 ὡς
467 4697 747 4752 ἀσθένειαν
791 4694 886 4765 τὴν
936 4693 1214 4757 ἀνωτάτω,
1258 4691 1506 4745 διαπτύει
1544 4688 1637 4742 καὶ
1675 4688 1809 4740 ἀπο-

241 4787 542 4858 πέμπεται.
573 4785 738 4839 Οὐδὲν
777 4783 882 4855 γὰρ
913 4781 1115 4852 ἀγαθὸν
1146 4777 1306 4844 εἶναι,
1348 4780 1376 4833 ὃ
1412 4781 1545 4850 μήτε
1577 4775 1814 4847 βελτίους

241 4884 389 4935 ποιεῖ
430 4882 554 4944 τοὺς
604 4879 993 4949 κεκτημένους,
1035 4877 1170 4931 ἀλλὰ
1229 4876 1324 4930 καὶ¹
1375 4875 1588 4944 χείρους
1624 4871 1699 4935 ὠς
1744 4870 1814 4924 τὰ

241 4973 446 5029 πολλά·
487 4974 619 5044 μήτε
646 4972 733 5026 διὰ
760 4971 945 5034 τέλους
979 4968 1280 5042 παραμένει
1302 4969 1415 5030 τοῖς
1434 4965 1639 5036 έχουσι.
1671 4963 1817 5016 Φιλο-

242 5066 441 5136 σοφίαν
479 5064 536 5117 δὲ
570 5063 894 5134 προΐσταται
930 5062 1027 5134 τὴν
1053 5061 1339 5115 δέσποιναν
1377 5057 1484 5111 τῶν
1507 5055 1692 5109 παθῶν
1722 5055 1815 5108 καὶ

241 5158 320 5230 τῷ
347 5155 498 5228 καλῷ
520 5154 837 5228 προσϐαίνει
865 5153 1146 5220 νεανικῶς,
1183 5151 1278 5206 καὶ
1303 5149 1413 5204 ἀπὸ
1432 5149 1530 5220 τῆς
1560 5147 1690 5220 ὕλης
1718 5146 1806 5202 τέ-

345 5292 432 5358 86)
466 5291 853 5358 Τελεωτέραν.
892 5293 949 5345 In
978 5288 1266 5352 nonnullis,
1293 5284 1624 5357 τελεωτέραν
1653 5302 1736 5342 τε.

345 5296 412 5348 86
466 5296 853 5358 Τελεωτὲραν.
892 5296 949 5345 In
978 5296 1266 5352 nonnullis,
1293 5296 1410 5340 τελε

318 5296 432 5434 ί87)
462 5361 801 5434 Θαυμάζζςιν.
828 5360 1066 5434 Coisl.},
1088 5358 1410 5434 φιλοσοφεῖν.

315 5425 428 5505 (88)
461 5425 846 5505 Γραὶιμάτων.
875 5499 887 5505 Α
910 5425 1182 5505 _¢__Litt_eris.
1206 5446 1226 5480 ι
1260 5425 1371 5505 _Hic
1405 5427 1694 5505 observare
1721 5425 1808 5494 ju-

242 5497 358 5569 vat,
403 5497 544 5558 i'nte'r
576 5497 754 5566 varias
804 5499 1096 5555 nobilitatis
1129 5498 1356 5569 species,
1391 5512 1572 5569 eam_a
1598 5497 1803 5569 Grego-

248 5566 660 5630 rio'numerari.
710 5586 829 5640 qua:
866 5570 1164 5640 principum
1216 5566 1396 5623 favore
1419 5578 1474 5623 et
1503 5566 1806 5637 diplomati-

247 5645 346 5698 bus
371 5653 733 5711 comparatur.

284 5713 432 5836 ι(89)
463 5707 711 5779 Νύκτες.
746 5709 928 5768 Schol.
954 5725 970 5766 :
993 5709 1321 5781 Νυκτεριναι
1345 5707 1605 5778 σωμάτων
1627 5723 1812 5764 συνου-

305 5801 383 5836 αι.

250 5799 383 5838 σιαι.

410 5292 432 5505 ξ

1912 4422 1996 4475 vel
2033 4421 2172 4475 male
2217 4419 2558 4474 traducenda:
2592 4417 2997 4472 fundamentum
3055 4419 3107 4472 in
3141 4433 3204 4471 eo
3236 4419 3472 4485 positum

1911 4526 2031 4566 esse
2060 4510 2290 4580 putem),
2333 4509 2505 4578 majus
2533 4509 2784 4576 quiddam
2813 4516 2972 4574 atque
3001 4506 3284 4571 excelsius,
3311 4523 3473 4576 quam

1911 4604 2101 4672 vulgus
2136 4601 2326 4665 soleat,
2353 4600 2535 4653 animo
2566 4599 2770 4668 agitare
2809 4599 2990 4666 carpit.
3036 4598 3262 4652 Delicias
3305 4603 3473 4662 enim,

1911 4703 1964 4748 et
1985 4708 2134 4763 opes,
2169 4699 2224 4748 et
2254 4691 2548 4762 potentiam
2574 4689 2744 4758 magis
2773 4699 3117 4758 aspernatur,
3147 4704 3306 4758 quam
3340 4689 3476 4743 alios

1911 4785 2188 4854 aspernari
2215 4784 2390 4839 solent
2420 4783 2479 4846 ii,
2519 4772 2611 4850 qui
2653 4781 2739 4836 his
2769 4781 2925 4834 rebus
2955 4779 3245 4834 excellunt.
3274 4780 3350 4834 Ac
3381 4780 3476 4834 de-

1914 4875 2069 4930 licias
2090 4874 2330 4943 quidem,
2365 4880 2422 4927 ut
2443 4871 2672 4941 primam
2699 4885 2990 4924 aerumnam
3021 4880 3074 4924 et
3107 4868 3475 4933 alllictionem,

1910 4981 2038 5037 opes
2064 4976 2263 5030 autem,
2298 4972 2354 5017 ut
2406 4974 2702 5018 extremam
2751 4973 3143 5032 paupertatem,
3185 4962 3478 5031 potentiam

1909 5074 2061 5126 vero,
2104 5066 2164 5113 ut
2211 5072 2474 5112 summam
2519 5057 2939 5112 imbecillitatem
2995 5057 3262 5126 despicit,
3316 5065 3479 5124 atque

1914 5149 2186 5205 amolitur.
2217 5147 2402 5218 Neque
2438 5149 2580 5202 enim
2617 5147 2910 5216 quidquam
2952 5145 3078 5200 boni
3111 5159 3305 5199 nomen
3339 5141 3481 5198 obti—

2008 5284 2096 5355 90)
2130 5283 2306 5353 Ὑμῖν.
2363 5280 2455 5336 Sic
2481 5281 2555 5336 Re
2598 5320 2612 5336 .
2646 5279 2756 5347 bm,
2791 5277 2954 5334 Coisl.
2985 5278 3036 5347 l,
3065 5277 3209 5333 Eltas
3240 5285 3297 5332 et
3315 5277 3477 5331 Com-

1984 5284 2020 5407 i.
2055 5357 2126 5407 Ita
2160 5355 2286 5407 lecit
2317 5351 2520 5405 Billins.
2555 5297 2610 5404 ﬁt
2645 5352 2754 5407 ed.,
2785 5352 2938 5407 ἡμῖν.

1912 5353 2020 5411 hef.
2055 5353 2126 5408 Ita
2160 5355 2286 5422 legit
2317 5353 2520 5405 Billins.
2555 5353 2610 5404 In
2645 5353 2754 5414 ed.,
2785 5353 2938 5420 ἡμῖν.

1921 5497 1935 5510 θ
1983 5425 2092 5510 (91)
2126 5423 2264 5478 Μεθ’
2301 5421 2478 5492 ὑμᾶς.
2512 5422 2602 5476 Sic
2628 5421 2756 5490 Reg.
2784 5423 2894 5485 bm,
2926 5428 2981 5474 et
3007 5417 3171 5475 Coisl.
3198 5416 3250 5471 1.
3278 5415 3338 5471 In
3367 5417 3479 5483 ed.,

2136 5563 2492 5636 Ἰδιαίταζοκτ
2535 5560 2783 5636 Coisl._l,
2818 5559 3105 5614 ίδιότατον..

1987 5630 2098 5705 (95)
2128 5633 2516 5705 Τοῦτοη-Οοίδι.
2537 5633 2593 5705 _l_,
2623 5630 2832 5705 1013500.

1988 5699 2096 5773 (9i)
2123 5705 2293 5773 Βίων.
2321 5703 2496 5761 Forte,
2533 5701 2665 5771 βίου.
2689 5700 2856 5773 Eutr.

1991 5767 2100 5846 (95)
2129 5771 2285 5833 Εἶδες.
2311 5773 2440 5841 Reg.
2473 5767 2657 5841 Cypr.,
2687 5769 2782 5837 ἴδε,
2815 5788 2836 5821 ι
2861 5767 3001 5837 vide,
3026 5787 3053 5822 ι
3075 5778 3180 5834 etc.
