3914 6404
459 337 597 392 1203

1650 343 1707 399 S.
1750 343 2073 399 GREGORII
2117 345 2461 402 THEOLOGI

3558 344 3683 396 £201

461 467 592 506 nere
628 466 784 518 posse
808 455 1101 520 statuebat,
1132 458 1273 525 quod
1299 458 1544 513 dominos
1577 473 1704 513 suos
1744 460 2021 527 haudqua-

2142 476 2338 525 ινεται,
2380 460 2509 528 πρὶν
2549 457 2927 528 διαζευχθῆναι
2967 456 3076 528 (96)
3103 457 3213 533 ,τῆς
3254 454 3416 525 ὕλης·
3450 455 3546 507 καὶ
3584 454 3686 506 τῶν

463 560 625 614 quam
654 546 923 611 meliores,
949 547 1056 602 imo
1082 550 1245 603 etiam
1287 564 1526 619 persaepe
1572 551 1873 606 deteriores
1913 548 2026 602 etii-

466 647 634 702 ceret,
678 651 775 690 nec
806 646 1120 695 constanter
1140 656 1261 696 cum
1290 643 1395 709 his,
1416 658 1444 696 a
1472 643 1670 712 quibus
1697 642 2023 711 possidetur,

469 738 731 782 maneret.
756 726 1157 799 Philosophiam
1185 742 1364 786 autem
1399 732 1868 801 perturbationum
1912 731 2026 785 ani-

464 820 536 873 mi
570 819 839 874 dominam
887 820 990 875 sibi
1031 823 1292 892 przeficit,
1326 835 1652 893 strenueque
1678 824 1743 878 ad
1772 824 2024 877 virtutem

466 910 765 976 contendit,
789 922 971 981 atque,
1011 925 1300 984 antequam
1325 932 1355 967 a
1383 916 1626 984 corporis
1654 915 1793 969 mole
1819 914 2027 982 disjun-

467 1008 643 1065 gatur,
677 1017 705 1052 a
730 1004 973 1070 corporis
998 1004 1136 1058 mole
1168 1018 1291 1060 sese
1312 1004 1602 1069 abscindit,
1633 1020 1697 1059 ac
1742 1020 1904 1074 supra
1939 1019 2025 1068 ea,

466 1103 586 1156 qua:
626 1090 801 1145 oculis
831 1103 1146 1158 cernuntur,
1184 1093 1345 1165 457
1397 1098 1649 1165 assurgit,
1681 1103 1850 1149 totum
1886 1110 2024 1157 sese,

468 1179 669 1235 indolis
718 1182 1129 1249 magnitudine,
1186 1199 1250 1237 ac
1304 1184 1598 1238 voluntatis
1643 1184 2025 1253 generositate,

471 1268 636 1324 rebus
662 1270 837 1325 ﬁrmis
868 1280 924 1326 et
955 1272 1235 1328 stabilibns
1273 1276 1553 1329 addicens.
1577 1273 1930 1344 Posteaquam
1956 1276 2027 1328 ita

468 1360 649 1413 animo
678 1361 981 1427 constituit,
1020 1363 1072 1418 id
1104 1380 1171 1418 ne
1216 1366 1433 1434 quidem
1481 1366 1533 1420 in
1586 1365 2028 1420 deliberationem

468 1451 723 1516 admisit,
756 1462 932 1507 utram
989 1454 1169 1523 potius
1222 1454 1615 1523 philosophiam
1685 1464 2029 1523 sequeretur,

468 1552 856 1613 externamque
915 1559 982 1599 ac
1026 1543 1307 1615 profanam
1336 1584 1353 1611 ,
1398 1555 1559 1614 atque
1604 1546 1657 1599 in
1686 1545 2032 1614 philosophiae

471 1635 658 1689 habitu
704 1646 760 1692 et
791 1638 1013 1692 obtentu
1054 1637 1299 1693 veritatis
1346 1638 1565 1691 umbras
1603 1637 2028 1703 assimulantem,

468 1740 538 1779 an
571 1742 700 1782 vero
729 1736 992 1795 nostram,
1025 1728 1282 1784 humilem
1328 1729 1474 1782 illam
1515 1728 1731 1796 quidem
1773 1729 1825 1783 in
1854 1731 2031 1798 specie

2125 550 2415 621 ὁρωμένων
2444 550 2911 616 κατεξανίσταται,
2946 548 3164 619 μεγέθει
3192 547 3404 615 φύσεως
3440 546 3537 598 καὶ
3571 563 3697 615 προ-

2125 658 2180 691 αι
2190 640 2389 710 ρέσεως
2413 639 2682 710 εὐγενείᾳ,
2704 641 2815 702 τοῖς
2842 639 3037 691 ἑστῶσι
3060 637 3449 708 προσθέμενος.
3483 637 3696 707 Ἐπειδὴ

2127 729 2268 782 οὕτω
2304 728 2571 799 διενοήθη,
2597 728 2757 782 τοῦτο
2784 729 2881 799 μὲν
2903 727 3021 781 οὐδὲ
3057 726 3255 797 βουλῆς
3286 726 3509 795 ἠξίωσε,
3544 727 3698 778 ποτέ-

2131 840 2229 892 ραν
2254 821 2336 873 δεῖ
2369 820 2477 874 τῶν
2510 820 2836 890 φιλοσοφιῶν
2862 818 3075 873 ἑλέσθαι
3106 817 3327 889 μᾶλλον,
3356 816 3455 888 τὴν
3477 817 3584 882 ἔξω
3612 820 3701 870 καὶ

2128 915 2425 978 παίζουσαν
2451 913 2552 977 τὰς
2582 916 2680 984 τῆς
2703 911 2958 983 ἀληθείας
2983 911 3140 973 σκιὰς
3171 913 3228 963 ἐν
3248 909 3327 979 τῷ
3356 912 3458 979 τῆς
3485 909 3699 978 φιλοσο-

2130 1006 2257 1073 φίας
2288 1006 2524 1075 σχήματι
2555 1002 2649 1057 καὶ
2684 1001 3048 1074 προϐλήματι,
3087 1001 3121 1071 ἢ
3167 1000 3265 1070 τὴν
3290 1000 3405 1068 (97)
3429 999 3700 1069 ἡμετέραν

2130 1097 2225 1149 καὶ
2250 1094 2513 1165 ταπεινὴν
2543 1094 2640 1165 μὲν
2667 1093 2746 1163 τῷ
2772 1091 3100 1163 φαινομένῳ,
3129 1089 3337 1160 ὑψηλὴν
3369 1088 3427 1142 δὲ
3459 1087 3542 1158 τῷ
3571 1106 3701 1159 κρυ-

2130 1188 2406 1258 πτομένῳ,
2441 1188 2535 1240 καὶ
2563 1185 2699 1257 πρὸς
2727 1184 2859 1239 Θεὸν
2892 1185 3127 1251 ἄγουσαν
3145 1199 3159 1211 ⁸
3195 1182 3329 1235 ἀλλὰ
3362 1181 3571 1243 πάσαις
3601 1181 3699 1252 ψή-

2132 1299 2249 1350 φοις
2279 1283 2510 1351 αἱρεῖται
2528 1278 2627 1350 τὴν
2649 1277 2944 1349 ἡμετέραν,
2979 1274 3143 1345 μηδὲν
3162 1273 3298 1335 ὅλως
3317 1272 3409 1324 ἐπὶ
3435 1272 3508 1324 τὰ
3536 1272 3697 1341 χείρω

2131 1371 2509 1443 παρατραπεὶς
2543 1369 2640 1441 τὴν
2672 1369 2929 1432 διάνοιαν,
2966 1366 3100 1437 μηδὲ
3133 1365 3237 1417 ὑπὸ
3265 1368 3364 1435 τῆς
3392 1364 3504 1415 τῶν
3532 1362 3695 1429 λόγων

2132 1462 2397 1533 κομψείας
2444 1460 2799 1531 παρασυρεὶς,
2908 1457 3050 1527 μέγα
3086 1455 3373 1526 φρονοῦσιν
3406 1453 3523 1524 (98)
3560 1454 3608 1504 οἱ
3637 1452 3701 1504 τὰ

2144 1553 2411 1624 Ἐλλήνων
2451 1550 2883 1620 φιλοσοφοῦντες.
2931 1549 3136 1601 Ἐκεῖνο
3156 1546 3211 1598 δὲ
3246 1546 3463 1616 πρῶτον
3496 1544 3703 1612 φιλοσο-

2134 1647 2242 1714 φεῖ,
2266 1643 2468 1712 γνῶναι
2495 1641 2604 1694 τῶν
2627 1640 2910 1712 ἡμετέρων
2933 1638 3043 1710 (99)
3064 1637 3196 1692 ὁδῶν
3214 1639 3311 1709 τὴν
3335 1636 3703 1708 αἱρετωτέραν

2131 1754 2191 1790 τε
2221 1735 2316 1789 καὶ
2338 1731 2777 1803 λυσιτελεστέραν
2799 1730 2993 1801 ἐπίσης
3021 1729 3169 1799 αὑτῴ
3194 1747 3253 1782 τε
3281 1728 3374 1780 καὶ
3402 1730 3541 1780 πᾶσι
3573 1728 3701 1796 Χρι-

469 1826 523 1870 et
552 1817 843 1887 abjectam,
862 1829 1116 1875 caeterum
1144 1821 1197 1875 in
1217 1820 1428 1874 occulto
1453 1819 1760 1887 sublimem,
1785 1831 1945 1891 atque
1965 1824 2031 1877 ad

2142 1830 2389 1891 στιανοῖς.
2422 1825 2705 1897 Πανταχοῦ
2735 1825 2842 1895 γὰρ
2874 1824 2952 1895 τῷ
2985 1822 3103 1876 καθ’
3134 1821 3320 1875 ἑαυτὸν
3350 1823 3445 1873 καὶ
3474 1819 3568 1873 τὸν
3596 1837 3705 1871 κοι-

474 1907 638 1962 Deum
676 1911 1002 1977 ducentem;
1034 1926 1220 1966 verum
1262 1921 1506 1966 nostram
1548 1911 1822 1979 omnibus,
1856 1923 1911 1968 ut
1959 1915 2031 1968 ita

467 1998 668 2063 dicam,
694 2000 967 2072 suffragiis
1010 2003 1193 2057 statim
1241 2002 1431 2073 eligit,
1471 2012 1808 2073 nequaquam
1842 2020 2033 2076 passus

469 2102 702 2148 mentem
742 2108 894 2149 suam
925 2094 991 2149 ad
1047 2095 1315 2151 deteriora
1363 2105 1735 2152 transversam
1785 2098 1908 2168 agi,
1940 2110 2034 2154 aut

464 2197 696 2255 compta}
728 2188 993 2244 orationis
1041 2189 1307 2259 elegantia
1357 2189 1628 2254 distrahi,
1671 2189 1741 2245 ob
1776 2204 1937 2258 quam
1971 2192 2029 2257 ii,

471 2278 562 2345 qui
594 2282 872 2350 gentilium
897 2281 1093 2351 placita
1123 2283 1464 2351 profitentur,
1510 2282 1722 2337 animos
1761 2283 2029 2337 attollunt.

2135 1919 2224 1973 νὸν
2249 1916 2666 1987 συλλαμϐάνειν,
2696 1914 2874 1984 ψυχῆς
2898 1908 3037 1965 εἷναι
3054 1911 3388 1979 τελεωτάτης
3413 1928 3474 1963 τε
3499 1912 3595 1962 καὶ
3624 1926 3705 1977 φι-

2137 2007 2519 2079 λοσοφωτάτης
2575 2003 2843 2076 ἐνόμιζεν.
2900 2002 3035 2057 Οὐδὲ
3084 2001 3193 2072 γὰρ
3248 2000 3427 2070 ἑαυτῷ
3479 2000 3705 2070 γεγενῆ-

2141 2101 2264 2155 σθαι
2306 2100 2381 2171 (1)
2418 2098 2576 2170 μόνον
2615 2095 2843 2149 ἕκαστον
2876 2093 3054 2165 ἡμῶν,
3096 2092 3345 2147 ἀλλὰκαὶ
3374 2094 3563 2155 πᾶσιν,
3600 2092 3706 2143 ὅσοι

2138 2193 2237 2262 τῆς
2275 2190 2445 2261 αὐτῆς
2479 2188 2762 2260 μετέχουσι
2802 2185 3036 2255 φύσεως,
3070 2184 3164 2237 καὶ
3196 2182 3347 2255 παρὰ
3388 2181 3486 2235 τοῦ
3522 2180 3702 2245 αὑτοῦ,

2140 2283 2234 2336 καὶ
2259 2282 2352 2336 ἐπὶ
2378 2282 2491 2343 τοῖς
2514 2280 2695 2342 αὐτοῖς
2722 2277 3028 2347 γεγόνασιν.

468 2371 583 2432 Hoc
647 2384 825 2429 autem
877 2375 1109 2445 primum
1164 2374 1594 2444 philosophatur,
1629 2382 1710 2439 ut,
1745 2388 1811 2429 ex
1863 2374 2073 2430 duobus
2110 2373 2311 2428 nostris
2373 2372 2497 2427 vitae
2540 2370 2850 2441 generibus,
2898 2377 3077 2421 utrum
3104 2374 3449 2435 praestantius
3483 2376 3574 2429 Sil,
3624 2374 3703 2419 at-

468 2481 593 2534 que,
660 2478 715 2522 et
749 2467 892 2535 sibi,
956 2477 1011 2524 et
1061 2469 1311 2523 omnibus
1364 2467 1691 2523 Christianis
1732 2468 2110 2537 fructuosius,
2151 2468 2432 2536 intelligat.
2488 2466 2702 2520 Etenim
2765 2462 3143 2534 perfectissimi
3197 2476 3263 2515 ac
3318 2461 3705 2530 sapientissimi

469 2557 637 2611 animi
707 2573 827 2614 esse
849 2559 1150 2630 judicabat,
1184 2565 1409 2631 privata:
1438 2564 1690 2619 utilitatis
1724 2579 1844 2619 cum
1885 2563 2113 2634 publicis
2144 2561 2442 2618 commodis
2491 2558 2832 2628 conjunclam
2896 2556 3095 2610 habere
3168 2556 3460 2608 rationem.
3526 2551 3707 2622 Neque

465 2642 609 2701 enim
667 2664 992 2719 quemquam
1034 2660 1274 2707 nostrum
1328 2653 1431 2709 sibi
1479 2653 1581 2709 soli
1627 2662 1810 2707 natum
1859 2668 2016 2719 esse,
2056 2653 2151 2708 sed
2215 2651 2466 2705 omnibus
2495 2649 2682 2716 etiam,
2722 2646 2813 2717 qui
2870 2643 3108 2716 ejusdem
3155 2652 3365 2697 natura:
3408 2644 3699 2713 participes

466 2727 632 2803 ιἰηιῑ,
677 2749 841 2809 atque
891 2741 960 2795 ab
1007 2744 1191 2797 eodem
1221 2782 1236 2809 ,
1285 2754 1340 2799 et
1392 2743 1459 2798 ad
1514 2743 1700 2799 eadem
1762 2745 2029 2814 procreati
2070 2754 2215 2799 sunt.

538 2829 604 2884 ν.
641 2830 775 2886 Cum
835 2841 1016 2889 autem
1074 2835 1337 2904 privatam
1396 2838 1561 2892 vitam
1611 2848 1666 2893 et
1703 2838 2027 2904 solitariam,

467 2930 630 2992 atque
652 2938 682 2976 a
716 2924 859 2994 vulgi
886 2929 1213 2984 commercio
1260 2938 1521 2984 semotam
1552 2937 1607 2985 et
1638 2930 1890 2997 alienam,
1919 2947 2032 2985 ma-

469 3026 629 3079 gnam
659 3013 878 3083 quidem
909 3022 963 3068 et
997 3015 1330 3086 praeclaram,
1385 3027 1545 3089 atque
1594 3019 1845 3075 humanis
1873 3022 2031 3076 rebus

469 3104 839 3161 sublimiorem
868 3121 989 3162 esse
1019 3108 1262 3171 videret,
1304 3117 1555 3164 czeterum
1603 3110 1746 3165 intra
1789 3125 1905 3176 eos,
1940 3112 2031 3181 qui

470 3196 574 3253 hoc
602 3197 730 3251 vita:
775 3212 971 3268 genere
998 3213 1121 3253 cum
1167 3198 1325 3253 laude
1367 3198 1761 3269 fungerentur,‘
1800 3202 2030 3257 deﬁxam

469 3303 613 3356 esse,
632 3297 795 3359 atque
820 3291 1105 3345 charitatis
1127 3292 1557 3347 communionem
1576 3303 1628 3347 et
1646 3293 2032 3347 humanitatem

471 3379 798 3449 repudiare,
847 3395 1010 3450 quam
1061 3380 1115 3434 in
1165 3382 1731 3449 przestantissimarum
1773 3383 2033 3437 virtutum

472 3484 701 3525 numero
732 3484 855 3525 esse
904 3470 1143 3535 sciebat;
1194 3472 1355 3540 idque
1416 3482 1676 3541 praeterea
1710 3474 2034 3529 incommodi

475 3561 697 3625 habere,
731 3562 875 3631 quod
918 3576 1105 3617 eorum
1136 3563 1335 3629 virtus,
1372 3564 1462 3632 qui
1505 3565 1583 3619 sic
1630 3564 1894 3630 viverent,
1941 3581 2037 3620 ex-

472 3652 674 3722 plorari
707 3669 813 3709 non
843 3653 1263 3723 posset,qnippe
1297 3669 1417 3723 quae
1451 3669 1549 3709 nec
1581 3656 1633 3710 in
1668 3657 1828 3712 rebus
1849 3671 2037 3727 geren-

473 3750 555 3802 dis
602 3758 968 3814 exerceretur,
1018 3764 1119 3803 nec
1169 3765 1289 3804 cum
1321 3749 1442 3805 aliis
1472 3749 1524 3803 in
1580 3751 2034 3818 comparationem

474 3842 715 3896 veniret:
774 3856 893 3895 eam
943 3850 1134 3897 contra
1162 3884 1177 3909 ,
1213 3858 1332 3912 quae
1373 3842 1645 3898 hominum
1698 3845 1954 3900 societate
1985 3856 2039 3899 et

477 3934 786 4005 frequentia
817 3935 1039 4006 gaudet,
1095 3945 1454 4006 prmterquam
1484 3938 1625 4006 quod
1659 3938 1825 3991 multa
1862 3938 2039 4007 quoti-

473 4028 563 4082 die
591 4038 905 4094 occurrunt,
965 4028 1021 4082 in
1076 4027 1271 4096 quibus
1331 4029 1550 4083 virtutis
1596 4044 1706 4084 sua:
1742 4029 2038 4098 periculum

474 4118 655 4174 facere
700 4130 894 4189 queat,
939 4119 1008 4174 ad
1043 4119 1336 4178 multorum
1387 4122 1677 4175 utilitatem
1726 4122 1888 4175 etiam
1923 4137 2040 4176 esse

475 4208 749 4277 diffusam,
784 4218 945 4280 atque
996 4212 1063 4264 ad
1104 4210 1340 4265 divinam
1396 4212 1851 4280 dispensationem
1877 4227 2040 4283 prope

483 4305 764 4369 accedere,
794 4317 915 4372 qua:
946 4302 1253 4356 universam
1316 4317 1495 4357 rerum
1548 4302 1742 4357 molem
1781 4303 2038 4367 condidit,

2210 2839 2287 2894 E'.
2333 2835 2507 2907 Ὁρῶν
2528 2836 2584 2889 δὲ
2608 2835 2700 2888 τὸν
2732 2834 2833 2906 μὲν
2857 2832 3120 2906 ὲρημικὸν
3142 2830 3253 2902 βίον
3282 2830 3379 2883 καὶ
3416 2830 3706 2894 ἰδιάζοντα.

2138 2932 2231 2987 καὶ
2262 2931 2370 2985 τῶν
2393 2929 2600 2984 πολλῶν
2652 2926 2880 2997 ἔκφυλον
2933 2926 3028 2980 καὶ
3056 2925 3352 2995 ἀλλότριον,
3411 2923 3588 2991 μέγαν
3616 2923 3709 2991 μὲν

2137 3026 2226 3079 καί
2271 3025 2492 3097 ὑψηλὸν,
2520 3023 2615 3077 καὶ
2672 3021 2812 3092 ὑπὲρ
2842 3020 2912 3073 τὰ
2937 3018 3267 3091 ἀνθρώπινα,
3301 3017 3499 3088 μέχρις
3534 3015 3707 3067 αὐτῶν

2134 3118 2191 3171 δὲ
2224 3120 2400 3188 μόνων
2446 3117 2553 3170 τῶν
2584 3113 2989 3185 κατορθούντων
3042 3111 3347 3181 ἱστάμενον,
3395 3109 3492 3163 καὶ
3531 3108 3595 3160 τὸ
3616 3108 3709 3175 τῆς

2134 3208 2353 3278 ἀγάπης
2384 3207 2693 3262 κοινωνικὸν
2714 3205 2789 3277 (2)
2818 3188 2921 3258 καί
2950 3200 3335 3293 φιλανθρωξον
3364 3197 3710 3267 ἁπαρνοὺμε-

2136 3318 2245 3365 νον,
2276 3301 2343 3372 ἣν
2376 3301 2433 3353 ὲν
2469 3299 2706 3372 πρώτοις
2738 3296 2875 3352 εῖναι
2930 3296 3038 3351 τῶν
3083 3290 3485 3364 ἐπαινουμένων
3518 3290 3709 3358 ἐγίνω·

2139 3409 2266 3447 σκε·
2294 3392 2429 3465 πρὸς
2455 3392 2511 3447 δὲ
2543 3393 2635 3445 καὶ
2662 3392 3039 3462 ἀδοκίμαστον,
3075 3389 3149 3451 ὡς
3174 3386 3295 3443 οὔτε
3327 3387 3385 3437 ὲν
3423 3386 3539 3445 τοῖς
3571 3382 3708 3451 πρά-

2136 3498 2308 3554 γμασι
2327 3479 2754 3552 γυμναζόμενον,
2798 3478 2919 3532 οὔτε
2945 3478 3123 3540 ἄλλοις
3155 3473 3672 3547 παραμετροῦμενον
3695 3489 3708 3499 ο

2138 3575 2196 3628 τὸ
2214 3573 2270 3626 δὲ
2295 3571 2601 3628 κοινωνικὸν
2635 3573 2727 3624 καὶ¹
2756 3570 3060 3641 ἐπίμικτον,
3093 3569 3227 3640 πρὸς
3257 3570 3322 3637 τῇ
3364 3566 3584 3637 βασάνῳ
3614 3562 3714 3631 τῆς

2137 3667 2355 3740 ἀρετῆς,
2386 3664 2464 3718 ἔτι
2494 3665 2588 3718 καὶ
2617 3665 2696 3725 είς
2722 3665 2846 3726 τοὺς
2877 3662 3101 3724 πολλοὺς
3126 3661 3403 3723 διατεῖνον,
3445 3660 3542 3712 καὶ
3568 3656 3713 3717 θείας

2137 3758 2445 3827 οἰκονομίας
2477 3757 2642 3824 ἐγγὺς
2672 3754 2773 3824 (5),
2829 3754 2864 3823 ἣ
2894 3754 2987 3806 καὶ
3033 3751 3297 3822 πεποίηκε
3340 3750 3401 3802 τὸ
3434 3750 3565 3810 πᾶν,
3622 3748 3714 3799 καὶ

2140 3849 2291 3920 φιλίᾳ
2336 3849 2410 3920 (4)
2445 3848 2723 3919 συνέδησε,
2755 3849 2847 3902 καὶ
2895 3846 2955 3899 τὸ
2996 3845 3263 3916 ἡμέτερον
3302 3841 3459 3912 γένος
3483 3838 3713 3892 ἐκπεσὸν

2137 3939 2231 3992 τοῦ
2276 3938 2440 3993 καλοῦ
2493 3937 2580 3992 διὰ
2633 3938 2733 4010 τὴν
2779 3935 3197 3990 ἐπεισελθοῦσαν
3246 3932 3465 3995 κακίαν,
3502 3933 3569 3983 ὲκ
3616 3930 3714 3997 τῆς

2140 4031 2274 4103 πρὸς
2306 4031 2451 4102 ἡμᾶς
2490 4029 2769 4102 ἐπιμιξίας
2786 4030 2876 4083 καὶ
2900 4028 3115 4097 ὁμιλίας
3141 4025 3299 4080 πάλιν
3319 4023 3707 4078 ἀνεκαλέσατο·

2138 4124 2310 4177 ταῦτα
2333 4122 2635 4192 διανοηθείς
2658 4139 2716 4175 τε
2765 4122 2857 4175 καὶ
2886 4120 3187 4191 διελόμενος
3208 4118 3303 4187 (5),
3348 4116 3445 4169 καὶ
3478 4115 3594 4183 ἅμα
3624 4112 3709 4163 τὸν

2154 4216 2461 4287 Ἑλληνικὸν
2490 4212 2656 4284 τῦφον
2702 4214 2924 4268 κολάσαι
2957 4212 3064 4266 τῶν
3097 4210 3274 4266 καλῶν
3298 4204 3438 4261 εἶναι
3469 4206 3707 4277 νομίσας.

2140 4306 2188 4359 οἳ
2217 4305 2294 4376 τῷ
2322 4306 2543 4377 τρίϐωνι
2564 4305 2657 4358 καὶ
2675 4307 2742 4376 τῇ
2763 4306 2937 4375 ὑπήνῃ
2959 4303 3020 4355 τὸ
3049 4301 3244 4372 σεμνὸν
3277 4298 3595 4352 ὑποδύονται
3616 4296 3710 4364 (6)·

475 4395 840 4463 amicitiasque
865 4394 1094 4449 vinculis
1116 4394 1462 4460 constrinxit,
1490 4408 1767 4464 genusque
1795 4404 2033 4450 nostrum

2142 4398 2191 4449 τί
2254 4400 2415 4461 ποιεῖ,
2476 4397 2570 4449 καὶ
2636 4395 2752 4458 πῶς
2809 4394 2905 4465 τὴν
2977 4392 3290 4463 φιλοσοφίαν
3355 4386 3711 4461 μεταχειρίζε-

473 4496 695 4555 propter
744 4485 860 4538 vitii
914 4499 1192 4539 accessum
1226 4500 1255 4537 a
1303 4485 1445 4540 bono
1489 4484 1834 4540 deturbatum
1874 4496 2035 4555 atque

473 4575 766 4644 dejectum,
800 4588 894 4644 per
920 4574 1343 4628 familiaritatem
1379 4573 1523 4628 illam
1560 4575 1791 4643 vitaeque
1814 4590 2041 4630 consue-

479 4669 755 4731 tudinem,
813 4683 973 4737 quam
1029 4668 1314 4723 nobiscum
1365 4668 1589 4735 habuit,
1640 4670 1706 4724 ad
1759 4671 2039 4739 pristinam

478 4760 795 4830 dignitatem
848 4762 1151 4814 revocavit:
1220 4760 1355 4825 haec,
1412 4760 1654 4830 inquam,
1705 4776 1829 4815 cum
1861 4762 2041 4815 animo

2145 4506 2231 4540 ται
2256 4504 2269 4553 ;
2297 4488 2484 4559 Μέσην
2521 4486 2640 4541 τινὰ
2690 4486 2854 4556 χωρεῖ
2898 4485 2993 4555 τῆς
3026 4499 3085 4535 τε
3127 4482 3346 4534 ἐκείνων
3380 4477 3709 4541 ἁλαζονείκ,

2148 4580 2241 4631 καὶ
2276 4579 2376 4649 τῆς
2399 4578 2673 4650 ἡμετέρας
2699 4576 2907 4645 σοφίας,
2941 4574 3161 4629 καὶτῶν
3195 4572 3293 4643 μὲν
3321 4572 3382 4624 τὸ
3408 4571 3595 4639 σχῆμα
3622 4568 3713 4620 καὶ

2146 4671 2245 4742 τὴν
2281 4672 2505 4742 σκηνὴν,
2529 4672 2561 4741 ἡ
2570 4671 2684 4742 μῶν
2718 4669 2775 4723 δὲ
2795 4669 2893 4740 τὴν
2936 4666 3189 4738 ἀλήθειαν
3210 4666 3302 4718 καὶ
3327 4662 3388 4716 τὸ
3419 4663 3553 4733 ὕψος

2149 4780 2321 4832 σοφει.

476 4855 716 4910 volveret
748 4870 811 4910 ac
840 4854 1217 4925 perpenderet,
1286 4854 1554 4926 simulque
1592 4854 1922 4920 Graacornm,
1973 4856 2063 4923 qui
2104 4855 2262 4925 pallio
2330 4865 2381 4910 et
2447 4853 2708 4924 promissa
2748 4853 2939 4917 barba,
2962 4850 3237 4922 gravitatis
3258 4848 3490 4919 speciem
3521 4861 3627 4914 pra:
3656 4862 3711 4899 se

476 4949 679 5017 ferunt,
712 4949 909 5005 fastum
941 4959 1102 5020 atque
1144 4950 1486 5005 insolentiam
1541 4951 1835 5020 reprimere
1874 4948 2040 5022 458
2079 4965 2255 5020 operae
2323 4950 2550 5020 pretium
2624 4962 2743 5003 esse
2796 4954 3080 5003 censeret:
3134 4945 3391 5013 quidnam
3453 4942 3615 5007 facit,
3659 4951 3709 4994 et

550 5134 661 5203 (96)
688 5134 838 5201 Πρὶεν
880 5133 1314 5206 διαζευχθῆναι.
1354 5135 1433 5206 lla
1460 5135 1617 5206 Reg.,
1653 5145 1708 5188 et
1751 5134 1901 5189 Cnlb.
1932 5135 2049 5205 plu-

479 5223 587 5269 res,
619 5206 782 5259 Coisl.
816 5207 839 5259 1
875 5218 931 5259 et
955 5205 1009 5267 2,
1036 5206 1131 5258 Or.
1160 5205 1209 5269 1,
1240 5206 1388 5273 Par.,
1418 5205 1569 5261 Pass.
1604 5224 1623 5256 ι
1658 5209 1695 5258 Α
1726 5208 1955 5264 terrenis
1990 5221 2050 5259 se

2217 5135 2292 5209 (ἱ)
2317 5132 2708 5209 ςεγεγῆσθᾳι.
2747 5132 2861 5209 ρυο
2880 5130 3039 5209 ΚΘΕ..
3061 5131 3433 5209 γεγεννησθαι.
3454 5200 3465 5209 _
3538 5199 3549 5209 ε
3609 5196 3619 5209 Ι

2217 5199 2697 5275 (2)Κοὶνωνικόν.
2756 5202 2889 5275 Reg.
2947 5199 3324 5275 (lypr._addit,
3382 5200 3477 5249 καὶ
3533 5199 3711 5266 ἐπίμι‹

485 5275 938 5347 abscinditdante
975 5269 1387 5347 disjunctionem
1449 5295 1478 5331 a
1533 5292 1779 5347 corpore.
1810 5295 1829 5327 ι
1892 5276 2051 5333 Deest
2146 5269 2295 5347 κτὸν,
2331 5275 2697 5347 ιγιηὶειιιωρυθ
2729 5269 3010 5347 charitatis
3034 5269 3366 5324 societatem.
3398 5290 3422 5321 ι

481 5346 616 5418 πρίν
632 5347 686 5399 in
712 5345 844 5399 edit.

553 5416 783 5487 (91)}‘11
804 5414 939 5483 τήν.
972 5417 1061 5471 Sic
1092 5426 1199 5471 tres
1231 5416 1387 5487 Reg,
1426 5418 1529 5471 duo
1568 5415 1757 5481 Coisl.,
1798 5426 1849 5471 et
1873 5414 1967 5470 Or.
1998 5416 2047 5473 l.

484 5486 641 5557 Deest
664 5486 776 5557 fLiII
800 5490 931 5557 edit.

555 5549 949 5676 ’ἔξιμῖᾟῇ
965 5557 1315 5626 φρονοῦσιν.
1347 5558 1437 5612 Sic
1471 5556 1564 5613 Or.
1594 5557 1650 5621 2,
1679 5567 1731 5609 et
1758 5557 1908 5611 Pass.
1942 5554 2044 5609 De-

483 5642 539 5678 es
588 5631 728 5692 μέγα
760 5631 809 5677 in
842 5631 971 5679 edit.

563 5695 666 5762 [99)
706 5694 825 5747 Τῶν
849 5697 1162 5766 ἡμετέρων.
1194 5700 1282 5755 Sic
1318 5699 1441 5773 Reg.
1470 5715 1520 5767 a,
1561 5698 1671 5766 bm,
1697 5696 1788 5752 Or.
1818 5698 1867 5763 l,
1896 5696 2044 5751 Pass.

488 5764 642 5829 liccat
670 5764 778 5825 τῶν
806 5766 856 5819 in
880 5768 1009 5822 edit.

532 5782 642 5827 ιδιιξι
670 5782 778 5825 των
806 5782 856 5819 ιη
880 5782 1009 5822 eant.

2218 5346 2296 5410 ('5)
2333 5337 2741 5413 ‘quanss.
2778 5342 2948 5413 addit,
2972 5337 3124 5413 ἧκον.

2222 5408 2297 5485 (4)
2333 5408 2533 5485 eam;
2552 5411 2644 5468 Or.
2669 5415 2739 5485 71,
2766 5408 3162 5485 φιλανθρωπίᾳ,
3192 5428 3209 5458 ι
3236 5408 3587 5485 humanitate.
3607 5428 3625 5458 ι

2226 5478 2301 5553 (5)
2354 5478 2875 5551 Καϊδιελόμεκος.
2938 5478 3029 5535 Sic
3080 5478 3310 5553 quatuor
3373 5478 3714 5553 Colb.,_tlno

2155 5546 2343 5639 (ξοςὶδὶη
2382 5556 2477 5609 0r.
2504 5554 2557 5616 1,
2598 5546 2773 5618 Pass,
2808 5546 3064 5620 Hervag.,
3099 5546 3207 5604 etc.
3243 5547 3299 5601 ln
3349 5551 3463 5614 ed.,
3504 5548 3597 5600 καὶ
3626 5546 3715 5599 ἄνη

2157 5627 2427 5694 ελὸμενος.

2229 5696 2304 5766 (6)
2341 5696 2737 5750 Ὑποδιόονῖται.
2766 5694 2939 5759 Pass.,
2975 5689 3311 5746 ἁποδύονται.
