  <div class='ocr_page' id='page_1' title='image "/cluster/home/n/w/nwhite01/storage/ocr_20150623/35/hvd.32044024473308/608.png"; bbox 0 0 3914 6404; ppageno 0'>
   <div class='ocr_carea' id='block_1_1' title="bbox 251 362 3465 422">
    <p class='ocr_par' dir='ltr' id='par_1_1' title="bbox 251 362 3465 422">
     <span class='ocr_line' id='line_1_1' title="bbox 251 362 3465 422; baseline -0.002 -1"><span class='ocrx_word' id='word_1_1' title='bbox 251 367 386 422; x_wconf 73' lang='grc'>1205</span> <span class='ocrx_word' id='word_1_2' title='bbox 1057 363 1316 422; x_wconf 83' lang='lat' dir='ltr'><strong>ORATIO</strong></span> <span class='ocrx_word' id='word_1_3' title='bbox 1354 364 1518 420; x_wconf 77' lang='lat' dir='ltr'><strong>XXV.</strong></span> <span class='ocrx_word' id='word_1_4' title='bbox 1560 395 1628 405; x_wconf 88' lang='lat'>—</span> <span class='ocrx_word' id='word_1_5' title='bbox 1663 365 1733 420; x_wconf 85' lang='lat' dir='ltr'><strong>1N</strong></span> <span class='ocrx_word' id='word_1_6' title='bbox 1779 364 2062 421; x_wconf 83' lang='lat' dir='ltr'><strong>LAUDEM</strong></span> <span class='ocrx_word' id='word_1_7' title='bbox 2102 363 2400 420; x_wconf 70' lang='lat' dir='ltr'><strong>HERONIS</strong></span> <span class='ocrx_word' id='word_1_8' title='bbox 2438 362 2700 418; x_wconf 85' lang='lat' dir='ltr'><strong>PlllLOS.</strong></span> <span class='ocrx_word' id='word_1_9' title='bbox 3330 363 3465 418; x_wconf 75' lang='grc'><strong>1206</strong></span> 
     </span>
    </p>
   </div>
   <div class='ocr_carea' id='block_1_2' title="bbox 249 476 3468 550">
    <p class='ocr_par' dir='ltr' id='par_1_2' title="bbox 249 476 3468 550">
     <span class='ocr_line' id='line_1_2' title="bbox 249 476 3468 550; baseline 0.001 -19"><span class='ocrx_word' id='word_1_10' title='bbox 249 493 481 548; x_wconf 74' lang='lat' dir='ltr'><strong>qvunatn</strong></span> <span class='ocrx_word' id='word_1_11' title='bbox 516 486 673 548; x_wconf 92' lang='lat' dir='ltr'><strong>pacto</strong></span> <span class='ocrx_word' id='word_1_12' title='bbox 707 476 1097 547; x_wconf 79' lang='lat' dir='ltr'><strong>philosophiam</strong></span> <span class='ocrx_word' id='word_1_13' title='bbox 1146 480 1378 534; x_wconf 86' lang='lat' dir='ltr'><strong>tractat?</strong></span> <span class='ocrx_word' id='word_1_14' title='bbox 1429 479 1636 535; x_wconf 82' lang='lat' dir='ltr'><strong>Medius</strong></span> <span class='ocrx_word' id='word_1_15' title='bbox 1705 482 2102 550; x_wconf 88' lang='lat' dir='ltr'><strong>quodammodo</strong></span> <span class='ocrx_word' id='word_1_16' title='bbox 2168 486 2308 538; x_wconf 88' lang='lat' dir='ltr'><strong>inter</strong></span> <span class='ocrx_word' id='word_1_17' title='bbox 2380 482 2590 537; x_wconf 91' lang='lat' dir='ltr'><strong>illorum</strong></span> <span class='ocrx_word' id='word_1_18' title='bbox 2658 479 2970 545; x_wconf 83' lang='lat' dir='ltr'><strong>vanitatem,</strong></span> <span class='ocrx_word' id='word_1_19' title='bbox 3015 488 3070 535; x_wconf 91' lang='lat' dir='ltr'><strong>et</strong></span> <span class='ocrx_word' id='word_1_20' title='bbox 3109 491 3347 536; x_wconf 86' lang='lat' dir='ltr'><strong>nostram</strong></span> <span class='ocrx_word' id='word_1_21' title='bbox 3380 496 3468 535; x_wconf 85' lang='lat' dir='ltr'><strong>Sa-</strong></span> 
     </span>
    </p>
   </div>
   <div class='ocr_carea' id='block_1_3' title="bbox 252 569 3466 642">
    <p class='ocr_par' dir='ltr' id='par_1_3' title="bbox 252 569 3466 642">
     <span class='ocr_line' id='line_1_3' title="bbox 252 569 3466 642; baseline -0 -15"><span class='ocrx_word' id='word_1_22' title='bbox 252 571 506 641; x_wconf 66' lang='lat' dir='ltr'><strong>pientiam</strong></span> <span class='ocrx_word' id='word_1_23' title='bbox 541 569 760 635; x_wconf 88' lang='lat' dir='ltr'><strong>incedit,</strong></span> <span class='ocrx_word' id='word_1_24' title='bbox 790 579 950 638; x_wconf 85' lang='lat' dir='ltr'><strong>atque</strong></span> <span class='ocrx_word' id='word_1_25' title='bbox 987 569 1198 625; x_wconf 91' lang='lat' dir='ltr'><strong>illorum</strong></span> <span class='ocrx_word' id='word_1_26' title='bbox 1230 571 1442 642; x_wconf 85' lang='lat' dir='ltr'><strong>quidem</strong></span> <span class='ocrx_word' id='word_1_27' title='bbox 1507 571 1746 626; x_wconf 88' lang='lat' dir='ltr'><strong>habitum</strong></span> <span class='ocrx_word' id='word_1_28' title='bbox 1806 584 1860 628; x_wconf 85' lang='lat' dir='ltr'><strong>et</strong></span> <span class='ocrx_word' id='word_1_29' title='bbox 1905 574 2140 642; x_wconf 84' lang='lat' dir='ltr'><strong>larvam,</strong></span> <span class='ocrx_word' id='word_1_30' title='bbox 2175 583 2478 630; x_wconf 90' lang='lat' dir='ltr'><strong>nostrorum</strong></span> <span class='ocrx_word' id='word_1_31' title='bbox 2529 581 2706 628; x_wconf 91' lang='lat' dir='ltr'><strong>autem</strong></span> <span class='ocrx_word' id='word_1_32' title='bbox 2744 571 3024 626; x_wconf 80' lang='lat' dir='ltr'><strong>veritatem</strong></span> <span class='ocrx_word' id='word_1_33' title='bbox 3071 581 3125 626; x_wconf 86' lang='lat' dir='ltr'><strong>et</strong></span> <span class='ocrx_word' id='word_1_34' title='bbox 3167 573 3466 628; x_wconf 85' lang='lat' dir='ltr'><strong>sublimita-</strong></span> 
     </span>
    </p>
   </div>
   <div class='ocr_carea' id='block_1_4' title="bbox 245 661 686 730">
    <p class='ocr_par' dir='ltr' id='par_1_4' title="bbox 245 661 686 730">
     <span class='ocr_line' id='line_1_4' title="bbox 245 661 686 730; baseline -0.011 -13"><span class='ocrx_word' id='word_1_35' title='bbox 245 672 350 718; x_wconf 89' lang='lat' dir='ltr'><strong>tem</strong></span> <span class='ocrx_word' id='word_1_36' title='bbox 387 661 686 730; x_wconf 88' lang='lat' dir='ltr'><strong>prolitetur.</strong></span> 
     </span>
    </p>
   </div>
   <div class='ocr_carea' id='block_1_5' title="bbox 315 750 1804 826">
    <p class='ocr_par' dir='ltr' id='par_1_5' title="bbox 315 750 1804 826">
     <span class='ocr_line' id='line_1_5' title="bbox 315 750 1804 826; baseline 0.001 -20"><span class='ocrx_word' id='word_1_37' title='bbox 315 756 404 820; x_wconf 69' lang='grc' dir='ltr'><strong>ς’.</strong></span> <span class='ocrx_word' id='word_1_38' title='bbox 435 753 533 805; x_wconf 89' lang='grc' dir='ltr'>Διά</span> <span class='ocrx_word' id='word_1_39' title='bbox 583 750 738 806; x_wconf 89' lang='grc' dir='ltr'>τοῦτο</span> <span class='ocrx_word' id='word_1_40' title='bbox 789 751 1124 822; x_wconf 76' lang='grc' dir='ltr'>Περιπάτους</span> <span class='ocrx_word' id='word_1_41' title='bbox 1170 753 1288 824; x_wconf 80' lang='grc' dir='ltr'>μὲν,</span> <span class='ocrx_word' id='word_1_42' title='bbox 1331 755 1423 806; x_wconf 73' lang='grc' dir='ltr'>καὶ</span> <span class='ocrx_word' id='word_1_43' title='bbox 1460 754 1804 826; x_wconf 76' lang='grc' dir='ltr'><strong>Ἀκαδημίας,</strong></span> 
     </span>
    </p>
   </div>
   <div class='ocr_carea' id='block_1_6' title="bbox 1910 750 3438 826">
    <p class='ocr_par' dir='ltr' id='par_1_6' title="bbox 1992 751 3438 824">
     <span class='ocr_line' id='line_1_6' title="bbox 1992 751 3438 824; baseline 0.001 -18"><span class='ocrx_word' id='word_1_44' title='bbox 1992 754 2076 810; x_wconf 87' lang='lat' dir='ltr'><strong>Vl.</strong></span> <span class='ocrx_word' id='word_1_45' title='bbox 2103 755 2461 822; x_wconf 77' lang='lat' dir='ltr'><strong>Quamobrem</strong></span> <span class='ocrx_word' id='word_1_46' title='bbox 2494 753 2968 824; x_wconf 86' lang='lat' dir='ltr'><strong>Peripateticorum</strong></span> <span class='ocrx_word' id='word_1_47' title='bbox 2991 751 3223 816; x_wconf 88' lang='lat' dir='ltr'><strong>scholas,</strong></span> <span class='ocrx_word' id='word_1_48' title='bbox 3248 759 3301 805; x_wconf 91' lang='lat' dir='ltr'><strong>et</strong></span> <span class='ocrx_word' id='word_1_49' title='bbox 3331 754 3438 808; x_wconf 85' lang='lat' dir='ltr'><strong>Aea</strong></span> 
     </span>
    </p>
   </div>
   <div class='ocr_carea' id='block_1_7' title="bbox 242 843 1807 918">
    <p class='ocr_par' dir='ltr' id='par_1_7' title="bbox 242 843 1807 918">
     <span class='ocr_line' id='line_1_7' title="bbox 242 843 1807 918; baseline -0.001 -18"><span class='ocrx_word' id='word_1_50' title='bbox 242 845 333 900; x_wconf 80' lang='grc' dir='ltr'>καὶ</span> <span class='ocrx_word' id='word_1_51' title='bbox 358 846 454 916; x_wconf 81' lang='grc' dir='ltr'>τὴν</span> <span class='ocrx_word' id='word_1_52' title='bbox 489 845 688 914; x_wconf 81' lang='grc' dir='ltr'>σεμνὴν</span> <span class='ocrx_word' id='word_1_53' title='bbox 721 843 908 908; x_wconf 78' lang='grc' dir='ltr'>Στοὰν,</span> <span class='ocrx_word' id='word_1_54' title='bbox 940 845 1031 898; x_wconf 79' lang='grc' dir='ltr'>καὶ</span> <span class='ocrx_word' id='word_1_55' title='bbox 1059 845 1121 898; x_wconf 84' lang='grc' dir='ltr'><strong>τὸ</strong></span> <span class='ocrx_word' id='word_1_56' title='bbox 1145 845 1446 916; x_wconf 80' lang='grc' dir='ltr'>αὐτόματον</span> <span class='ocrx_word' id='word_1_57' title='bbox 1491 845 1807 918; x_wconf 87' lang='grc' dir='ltr'>Ἐπικούρου</span> 
     </span>
    </p>
   </div>
   <div class='ocr_carea' id='block_1_8' title="bbox 245 937 1806 1009">
    <p class='ocr_par' dir='ltr' id='par_1_8' title="bbox 245 937 1806 1009">
     <span class='ocr_line' id='line_1_8' title="bbox 245 937 1806 1009; baseline -0.001 -19"><span class='ocrx_word' id='word_1_58' title='bbox 245 937 380 1009; x_wconf 80' lang='grc' dir='ltr'>μετὰ</span> <span class='ocrx_word' id='word_1_59' title='bbox 418 938 522 990; x_wconf 82' lang='grc' dir='ltr'><strong>τῶν</strong></span> <span class='ocrx_word' id='word_1_60' title='bbox 552 937 766 1007; x_wconf 82' lang='grc' dir='ltr'><strong>ἀτόμων</strong></span> <span class='ocrx_word' id='word_1_61' title='bbox 805 937 898 989; x_wconf 74' lang='grc' dir='ltr'><strong>καὶ</strong></span> <span class='ocrx_word' id='word_1_62' title='bbox 928 937 1024 1006; x_wconf 77' lang='grc' dir='ltr'>τῆς</span> <span class='ocrx_word' id='word_1_63' title='bbox 1058 937 1270 1006; x_wconf 78' lang='grc' dir='ltr'><strong>ἡδονῆς,</strong></span> <span class='ocrx_word' id='word_1_64' title='bbox 1313 937 1444 1008; x_wconf 78' lang='grc' dir='ltr'>ἐρίῳ</span> <span class='ocrx_word' id='word_1_65' title='bbox 1473 937 1668 1006; x_wconf 73' lang='grc' dir='ltr'>στέψας</span> <span class='ocrx_word' id='word_1_66' title='bbox 1708 939 1806 1008; x_wconf 82' lang='grc'>(7),</span> 
     </span>
    </p>
   </div>
   <div class='ocr_carea' id='block_1_9' title="bbox 242 1026 1807 1099">
    <p class='ocr_par' dir='ltr' id='par_1_9' title="bbox 242 1026 1807 1099">
     <span class='ocr_line' id='line_1_9' title="bbox 242 1026 1807 1099; baseline -0.001 -17"><span class='ocrx_word' id='word_1_67' title='bbox 242 1029 316 1092; x_wconf 81' lang='grc' dir='ltr'><strong>ὣς</strong></span> <span class='ocrx_word' id='word_1_68' title='bbox 343 1045 424 1091; x_wconf 89' lang='grc' dir='ltr'><strong>τις</strong></span> <span class='ocrx_word' id='word_1_69' title='bbox 455 1027 673 1080; x_wconf 75' lang='grc' dir='ltr'><strong>ἐκείνων</strong></span> <span class='ocrx_word' id='word_1_70' title='bbox 702 1028 792 1080; x_wconf 80' lang='grc' dir='ltr'><strong>τὸν</strong></span> <span class='ocrx_word' id='word_1_71' title='bbox 827 1028 1050 1096; x_wconf 83' lang='grc' dir='ltr'>ποιητὴν</span> <span class='ocrx_word' id='word_1_72' title='bbox 1076 1026 1173 1096; x_wconf 86' lang='grc'>(8),</span> <span class='ocrx_word' id='word_1_73' title='bbox 1203 1027 1277 1090; x_wconf 88' lang='grc' dir='ltr'>ὼς</span> <span class='ocrx_word' id='word_1_74' title='bbox 1311 1028 1643 1099; x_wconf 78' lang='grc' dir='ltr'>πορρωτάτω</span> <span class='ocrx_word' id='word_1_75' title='bbox 1667 1029 1807 1098; x_wconf 88' lang='grc' dir='ltr'>πέμ-</span> 
     </span>
    </p>
   </div>
   <div class='ocr_carea' id='block_1_10' title="bbox 243 1117 1808 1188">
    <p class='ocr_par' dir='ltr' id='par_1_10' title="bbox 243 1117 1808 1188">
     <span class='ocr_line' id='line_1_10' title="bbox 243 1117 1808 1188; baseline 0 -16"><span class='ocrx_word' id='word_1_76' title='bbox 243 1137 333 1172; x_wconf 87' lang='grc' dir='ltr'><strong>πει</strong></span> <span class='ocrx_word' id='word_1_77' title='bbox 372 1120 463 1172; x_wconf 77' lang='grc' dir='ltr'>καὶ</span> <span class='ocrx_word' id='word_1_78' title='bbox 493 1117 870 1188; x_wconf 85' lang='grc' dir='ltr'>ἀποκρούεται.</span> <span class='ocrx_word' id='word_1_79' title='bbox 900 1117 1136 1187; x_wconf 82' lang='grc' dir='ltr'><strong>Κυνικῆς</strong></span> <span class='ocrx_word' id='word_1_80' title='bbox 1170 1117 1245 1181; x_wconf 79' lang='grc' dir='ltr'><strong>δὲ,</strong></span> <span class='ocrx_word' id='word_1_81' title='bbox 1294 1119 1354 1170; x_wconf 83' lang='grc' dir='ltr'><strong>τὸ</strong></span> <span class='ocrx_word' id='word_1_82' title='bbox 1382 1118 1480 1188; x_wconf 86' lang='grc' dir='ltr'><strong>μὲν</strong></span> <span class='ocrx_word' id='word_1_83' title='bbox 1505 1117 1660 1171; x_wconf 79' lang='grc' dir='ltr'>ἄθεον</span> <span class='ocrx_word' id='word_1_84' title='bbox 1691 1118 1808 1173; x_wconf 87' lang='grc' dir='ltr'>δια-</span> 
     </span>
    </p>
   </div>
   <div class='ocr_carea' id='block_1_11' title="bbox 241 1207 1807 1279">
    <p class='ocr_par' dir='ltr' id='par_1_11' title="bbox 241 1207 1807 1279">
     <span class='ocr_line' id='line_1_11' title="bbox 241 1207 1807 1279; baseline -0.001 -16"><span class='ocrx_word' id='word_1_85' title='bbox 241 1211 470 1272; x_wconf 83' lang='grc' dir='ltr'>πτύσας,</span> <span class='ocrx_word' id='word_1_86' title='bbox 495 1210 553 1261; x_wconf 79' lang='grc' dir='ltr'><strong>τὸ</strong></span> <span class='ocrx_word' id='word_1_87' title='bbox 577 1209 630 1261; x_wconf 83' lang='grc' dir='ltr'><strong>δὲ</strong></span> <span class='ocrx_word' id='word_1_88' title='bbox 654 1208 942 1279; x_wconf 76' lang='grc' dir='ltr'><strong>ἀπέριττον</strong></span> <span class='ocrx_word' id='word_1_89' title='bbox 982 1207 1288 1272; x_wconf 78' lang='grc' dir='ltr'><strong>ἐπαινέσας,</strong></span> <span class='ocrx_word' id='word_1_90' title='bbox 1315 1207 1471 1262; x_wconf 87' lang='grc' dir='ltr'>τοῦτό</span> <span class='ocrx_word' id='word_1_91' title='bbox 1496 1210 1640 1261; x_wconf 74' lang='grc' dir='ltr'>ἐστιν</span> <span class='ocrx_word' id='word_1_92' title='bbox 1667 1209 1696 1261; x_wconf 82' lang='grc' dir='ltr'><strong>ὃ</strong></span> <span class='ocrx_word' id='word_1_93' title='bbox 1717 1210 1807 1262; x_wconf 90' lang='grc' dir='ltr'>νῦν</span> 
     </span>
    </p>
   </div>
   <div class='ocr_carea' id='block_1_12' title="bbox 240 1297 1808 1371">
    <p class='ocr_par' dir='ltr' id='par_1_12' title="bbox 240 1297 1808 1371">
     <span class='ocr_line' id='line_1_12' title="bbox 240 1297 1808 1371; baseline -0.001 -18"><span class='ocrx_word' id='word_1_94' title='bbox 240 1301 400 1371; x_wconf 81' lang='grc' dir='ltr'>ὁρᾶτε</span> <span class='ocrx_word' id='word_1_95' title='bbox 437 1298 533 1368; x_wconf 89' lang='lat'><strong>(9),</strong></span> <span class='ocrx_word' id='word_1_96' title='bbox 567 1297 712 1350; x_wconf 90' lang='grc' dir='ltr'>κύων</span> <span class='ocrx_word' id='word_1_97' title='bbox 739 1298 878 1350; x_wconf 78' lang='grc' dir='ltr'>κατὰ</span> <span class='ocrx_word' id='word_1_98' title='bbox 921 1297 1027 1350; x_wconf 83' lang='grc' dir='ltr'>τῶν</span> <span class='ocrx_word' id='word_1_99' title='bbox 1058 1297 1225 1360; x_wconf 76' lang='grc' dir='ltr'>ὅντως</span> <span class='ocrx_word' id='word_1_100' title='bbox 1249 1297 1446 1361; x_wconf 81' lang='grc' dir='ltr'>κυνῶν,</span> <span class='ocrx_word' id='word_1_101' title='bbox 1484 1299 1576 1351; x_wconf 66' lang='grc' dir='ltr'><strong>κα)⁹</strong></span> <span class='ocrx_word' id='word_1_102' title='bbox 1600 1298 1808 1368; x_wconf 79' lang='grc' dir='ltr'>φιλόσο-</span> 
     </span>
    </p>
   </div>
   <div class='ocr_carea' id='block_1_13' title="bbox 243 1385 1806 1458">
    <p class='ocr_par' dir='ltr' id='par_1_13' title="bbox 243 1385 1806 1458">
     <span class='ocr_line' id='line_1_13' title="bbox 243 1385 1806 1458; baseline -0.001 -17"><span class='ocrx_word' id='word_1_103' title='bbox 243 1406 341 1458; x_wconf 90' lang='grc' dir='ltr'><strong>φος</strong></span> <span class='ocrx_word' id='word_1_104' title='bbox 397 1387 534 1441; x_wconf 82' lang='grc' dir='ltr'>κατὰ</span> <span class='ocrx_word' id='word_1_105' title='bbox 569 1387 676 1440; x_wconf 85' lang='grc' dir='ltr'><strong>τῶν</strong></span> <span class='ocrx_word' id='word_1_106' title='bbox 708 1387 946 1455; x_wconf 84' lang='grc' dir='ltr'>ἁσόφων,</span> <span class='ocrx_word' id='word_1_107' title='bbox 985 1385 1078 1440; x_wconf 78' lang='grc' dir='ltr'><strong>καὶ</strong></span> <span class='ocrx_word' id='word_1_108' title='bbox 1127 1387 1448 1454; x_wconf 82' lang='grc' dir='ltr'>Χριστιανὸς</span> <span class='ocrx_word' id='word_1_109' title='bbox 1505 1387 1643 1458; x_wconf 83' lang='grc' dir='ltr'>ὑπὲρ</span> <span class='ocrx_word' id='word_1_110' title='bbox 1669 1388 1806 1440; x_wconf 83' lang='grc' dir='ltr'>πάν-</span> 
     </span>
    </p>
   </div>
   <div class='ocr_carea' id='block_1_14' title="bbox 241 1477 1805 1550">
    <p class='ocr_par' dir='ltr' id='par_1_14' title="bbox 241 1477 1805 1550">
     <span class='ocr_line' id='line_1_14' title="bbox 241 1477 1805 1550; baseline -0.001 -17"><span class='ocrx_word' id='word_1_111' title='bbox 241 1497 368 1544; x_wconf 87' lang='grc' dir='ltr'>των,</span> <span class='ocrx_word' id='word_1_112' title='bbox 404 1479 498 1532; x_wconf 72' lang='grc' dir='ltr'>καὶ</span> <span class='ocrx_word' id='word_1_113' title='bbox 547 1477 709 1532; x_wconf 82' lang='grc' dir='ltr'>νικῶν</span> <span class='ocrx_word' id='word_1_114' title='bbox 739 1479 836 1550; x_wconf 81' lang='grc' dir='ltr'>τὴν</span> <span class='ocrx_word' id='word_1_115' title='bbox 871 1479 964 1548; x_wconf 85' lang='grc' dir='ltr'>μὲν</span> <span class='ocrx_word' id='word_1_116' title='bbox 1021 1478 1242 1530; x_wconf 83' lang='grc' dir='ltr'>ἐκείνων</span> <span class='ocrx_word' id='word_1_117' title='bbox 1291 1479 1574 1532; x_wconf 73' lang='grc' dir='ltr'>αὐθάδειαν</span> <span class='ocrx_word' id='word_1_118' title='bbox 1618 1483 1684 1550; x_wconf 81' lang='grc' dir='ltr'>τῇ</span> <span class='ocrx_word' id='word_1_119' title='bbox 1713 1481 1805 1533; x_wconf 87' lang='grc' dir='ltr'><strong>τοῦ</strong></span> 
     </span>
    </p>
   </div>
   <div class='ocr_carea' id='block_1_15' title="bbox 243 1568 1806 1645">
    <p class='ocr_par' dir='ltr' id='par_1_15' title="bbox 243 1568 1806 1645">
     <span class='ocr_line' id='line_1_15' title="bbox 243 1568 1806 1645; baseline 0.001 -20"><span class='ocrx_word' id='word_1_120' title='bbox 243 1574 517 1643; x_wconf 80' lang='grc' dir='ltr'>σχήματος</span> <span class='ocrx_word' id='word_1_121' title='bbox 545 1572 840 1643; x_wconf 82' lang='grc' dir='ltr'>ὁμοιότητι,</span> <span class='ocrx_word' id='word_1_122' title='bbox 894 1572 999 1625; x_wconf 82' lang='grc' dir='ltr'>τῶν</span> <span class='ocrx_word' id='word_1_123' title='bbox 1027 1573 1082 1625; x_wconf 84' lang='grc' dir='ltr'>δὲ</span> <span class='ocrx_word' id='word_1_124' title='bbox 1132 1573 1258 1643; x_wconf 84' lang='grc' dir='ltr'>παρ’</span> <span class='ocrx_word' id='word_1_125' title='bbox 1286 1574 1416 1642; x_wconf 80' lang='grc' dir='ltr'>ἡμῖν</span> <span class='ocrx_word' id='word_1_126' title='bbox 1435 1575 1578 1628; x_wconf 79' lang='grc' dir='ltr'>ἔστιν</span> <span class='ocrx_word' id='word_1_127' title='bbox 1606 1568 1678 1627; x_wconf 81' lang='grc' dir='ltr'>ὧν</span> <span class='ocrx_word' id='word_1_128' title='bbox 1709 1574 1806 1645; x_wconf 77' lang='grc' dir='ltr'>τὴν</span> 
     </span>
    </p>
   </div>
   <div class='ocr_carea' id='block_1_16' title="bbox 240 1661 1803 1733">
    <p class='ocr_par' dir='ltr' id='par_1_16' title="bbox 240 1661 1803 1733">
     <span class='ocr_line' id='line_1_16' title="bbox 240 1661 1803 1733; baseline 0.002 -18"><span class='ocrx_word' id='word_1_129' title='bbox 240 1661 630 1732; x_wconf 83' lang='grc' dir='ltr'><strong>ἀπειροκαλίαν</strong></span> <span class='ocrx_word' id='word_1_130' title='bbox 676 1665 742 1731; x_wconf 84' lang='grc' dir='ltr'>τῇ</span> <span class='ocrx_word' id='word_1_131' title='bbox 784 1662 1055 1733; x_wconf 82' lang='grc' dir='ltr'><strong>καινότητι</strong></span> <span class='ocrx_word' id='word_1_132' title='bbox 1095 1661 1186 1714; x_wconf 91' lang='grc' dir='ltr'><strong>τοῦ</strong></span> <span class='ocrx_word' id='word_1_133' title='bbox 1217 1663 1528 1733; x_wconf 78' lang='grc' dir='ltr'>ἐνδύματος,</span> <span class='ocrx_word' id='word_1_134' title='bbox 1574 1664 1803 1729; x_wconf 82' lang='grc' dir='ltr'>δεικνὺς,</span> 
     </span>
    </p>
   </div>
   <div class='ocr_carea' id='block_1_17' title="bbox 239 1754 1808 1828">
    <p class='ocr_par' dir='ltr' id='par_1_17' title="bbox 239 1754 1808 1828">
     <span class='ocr_line' id='line_1_17' title="bbox 239 1754 1808 1828; baseline 0 -18"><span class='ocrx_word' id='word_1_135' title='bbox 239 1758 322 1810; x_wconf 86' lang='grc' dir='ltr'>ὃτι</span> <span class='ocrx_word' id='word_1_136' title='bbox 355 1757 428 1828; x_wconf 86' lang='grc' dir='ltr'>μὴ</span> <span class='ocrx_word' id='word_1_137' title='bbox 459 1757 514 1808; x_wconf 84' lang='grc' dir='ltr'>ὲν</span> <span class='ocrx_word' id='word_1_138' title='bbox 539 1756 749 1825; x_wconf 83' lang='grc' dir='ltr'>μικροῖς</span> <span class='ocrx_word' id='word_1_139' title='bbox 781 1754 842 1807; x_wconf 80' lang='grc' dir='ltr'>τὸ</span> <span class='ocrx_word' id='word_1_140' title='bbox 881 1755 1116 1821; x_wconf 72' lang='grc' dir='ltr'>εὐσεϐὲς,</span> <span class='ocrx_word' id='word_1_141' title='bbox 1148 1754 1282 1826; x_wconf 81' lang='grc' dir='ltr'>μηδὲ</span> <span class='ocrx_word' id='word_1_142' title='bbox 1309 1757 1364 1808; x_wconf 75' lang='grc' dir='ltr'>ὲν</span> <span class='ocrx_word' id='word_1_143' title='bbox 1400 1757 1474 1827; x_wconf 79' lang='grc' dir='ltr'>τῷ</span> <span class='ocrx_word' id='word_1_144' title='bbox 1495 1760 1725 1828; x_wconf 88' lang='grc' dir='ltr'>κατηφεῖ</span> <span class='ocrx_word' id='word_1_145' title='bbox 1748 1757 1808 1810; x_wconf 79' lang='grc' dir='ltr'><strong>τὸ</strong></span> 
     </span>
    </p>
   </div>
   <div class='ocr_carea' id='block_1_18' title="bbox 240 1846 1807 1921">
    <p class='ocr_par' dir='ltr' id='par_1_18' title="bbox 240 1846 1807 1921">
     <span class='ocr_line' id='line_1_18' title="bbox 240 1846 1807 1921; baseline 0.003 -21"><span class='ocrx_word' id='word_1_146' title='bbox 240 1847 547 1917; x_wconf 80' lang='grc' dir='ltr'>φιλόσοφον,</span> <span class='ocrx_word' id='word_1_147' title='bbox 601 1846 714 1900; x_wconf 83' lang='grc' dir='ltr'>ἀλλ’</span> <span class='ocrx_word' id='word_1_148' title='bbox 740 1849 798 1900; x_wconf 80' lang='grc' dir='ltr'><strong>ἐν</strong></span> <span class='ocrx_word' id='word_1_149' title='bbox 835 1847 1011 1919; x_wconf 72' lang='grc' dir='ltr'>ψυχῆς</span> <span class='ocrx_word' id='word_1_150' title='bbox 1065 1851 1383 1921; x_wconf 76' lang='grc' dir='ltr'>στερρότητι</span> <span class='ocrx_word' id='word_1_151' title='bbox 1445 1853 1536 1904; x_wconf 80' lang='grc' dir='ltr'><strong>καὶ</strong></span> <span class='ocrx_word' id='word_1_152' title='bbox 1573 1852 1807 1916; x_wconf 83' lang='grc' dir='ltr'>διανοίας</span> 
     </span>
    </p>
   </div>
   <div class='ocr_carea' id='block_1_19' title="bbox 239 1940 1803 2014">
    <p class='ocr_par' dir='ltr' id='par_1_19' title="bbox 239 1940 1803 2014">
     <span class='ocr_line' id='line_1_19' title="bbox 239 1940 1803 2014; baseline 0.001 -18"><span class='ocrx_word' id='word_1_153' title='bbox 239 1940 590 2012; x_wconf 83' lang='grc' dir='ltr'><strong>καθαρότητι,</strong></span> <span class='ocrx_word' id='word_1_154' title='bbox 639 1941 732 1993; x_wconf 78' lang='grc' dir='ltr'>κα).</span> <span class='ocrx_word' id='word_1_155' title='bbox 763 1941 961 2012; x_wconf 71' lang='grc' dir='ltr'>γνησία</span> <span class='ocrx_word' id='word_1_156' title='bbox 1021 1944 1084 2011; x_wconf 81' lang='grc' dir='ltr'>τῇ</span> <span class='ocrx_word' id='word_1_157' title='bbox 1127 1943 1261 2014; x_wconf 75' lang='grc' dir='ltr'>πρὸς</span> <span class='ocrx_word' id='word_1_158' title='bbox 1298 1945 1358 1999; x_wconf 86' lang='grc' dir='ltr'><strong>τὸ</strong></span> <span class='ocrx_word' id='word_1_159' title='bbox 1413 1945 1570 1997; x_wconf 81' lang='grc' dir='ltr'>καλὸν</span> <span class='ocrx_word' id='word_1_160' title='bbox 1603 1944 1803 2010; x_wconf 87' lang='grc' dir='ltr'>νεύσει,</span> 
     </span>
    </p>
   </div>
   <div class='ocr_carea' id='block_1_20' title="bbox 236 2032 1807 2108">
    <p class='ocr_par' dir='ltr' id='par_1_20' title="bbox 236 2032 1807 2108">
     <span class='ocr_line' id='line_1_20' title="bbox 236 2032 1807 2108; baseline 0.003 -22"><span class='ocrx_word' id='word_1_161' title='bbox 236 2033 385 2096; x_wconf 83' lang='grc' dir='ltr'>ὅπως</span> <span class='ocrx_word' id='word_1_162' title='bbox 429 2032 494 2086; x_wconf 87' lang='grc' dir='ltr'>ἂν</span> <span class='ocrx_word' id='word_1_163' title='bbox 526 2032 616 2085; x_wconf 89' lang='grc' dir='ltr'><strong>τοῦ</strong></span> <span class='ocrx_word' id='word_1_164' title='bbox 647 2034 922 2103; x_wconf 82' lang='grc' dir='ltr'>σχήματος</span> <span class='ocrx_word' id='word_1_165' title='bbox 954 2034 1186 2106; x_wconf 76' lang='grc' dir='ltr'>ἔχωμεν,</span> <span class='ocrx_word' id='word_1_166' title='bbox 1213 2038 1308 2090; x_wconf 76' lang='grc' dir='ltr'>καὶ</span> <span class='ocrx_word' id='word_1_167' title='bbox 1348 2035 1572 2091; x_wconf 78' lang='grc' dir='ltr'>οἷστισιν</span> <span class='ocrx_word' id='word_1_168' title='bbox 1596 2039 1660 2092; x_wconf 85' lang='grc' dir='ltr'><strong>ἂν</strong></span> <span class='ocrx_word' id='word_1_169' title='bbox 1686 2041 1807 2108; x_wconf 82' lang='grc' dir='ltr'>ὁμι-</span> 
     </span>
    </p>
   </div>
   <div class='ocr_carea' id='block_1_21' title="bbox 1911 843 3463 910">
    <p class='ocr_par' dir='ltr' id='par_1_21' title="bbox 1911 843 3463 910">
     <span class='ocr_line' id='line_1_21' title="bbox 1911 843 3463 910; baseline -0.001 -11"><span class='ocrx_word' id='word_1_170' title='bbox 1911 846 2134 908; x_wconf 88' lang='lat' dir='ltr'><strong>demias,</strong></span> <span class='ocrx_word' id='word_1_171' title='bbox 2171 858 2224 900; x_wconf 91' lang='lat' dir='ltr'><strong>et</strong></span> <span class='ocrx_word' id='word_1_172' title='bbox 2272 845 2631 899; x_wconf 88' lang='lat' dir='ltr'><strong>venerandam</strong></span> <span class='ocrx_word' id='word_1_173' title='bbox 2677 844 2856 898; x_wconf 90' lang='lat' dir='ltr'><strong>Stoam</strong></span> <span class='ocrx_word' id='word_1_174' title='bbox 2885 885 2901 909; x_wconf 91' lang='lat'><strong>,</strong></span> <span class='ocrx_word' id='word_1_175' title='bbox 2959 853 3011 897; x_wconf 90' lang='lat' dir='ltr'><strong>et</strong></span> <span class='ocrx_word' id='word_1_176' title='bbox 3044 843 3252 910; x_wconf 89' lang='lat' dir='ltr'><strong>Epicuri</strong></span> <span class='ocrx_word' id='word_1_177' title='bbox 3283 859 3463 898; x_wconf 89' lang='lat' dir='ltr'><strong>casum</strong></span> 
     </span>
    </p>
   </div>
   <div class='ocr_carea' id='block_1_22' title="bbox 1910 936 3466 1005">
    <p class='ocr_par' dir='ltr' id='par_1_22' title="bbox 1910 936 3466 1005">
     <span class='ocr_line' id='line_1_22' title="bbox 1910 936 3466 1005; baseline 0 -17"><span class='ocrx_word' id='word_1_178' title='bbox 1910 952 1972 990; x_wconf 90' lang='lat' dir='ltr'><strong>ac</strong></span> <span class='ocrx_word' id='word_1_179' title='bbox 2003 936 2360 990; x_wconf 78' lang='lat' dir='ltr'><strong>temeritatem</strong></span> <span class='ocrx_word' id='word_1_180' title='bbox 2389 950 2490 988; x_wconf 91' lang='lat' dir='ltr'><strong>una</strong></span> <span class='ocrx_word' id='word_1_181' title='bbox 2520 950 2642 988; x_wconf 90' lang='lat' dir='ltr'><strong>cum</strong></span> <span class='ocrx_word' id='word_1_182' title='bbox 2672 937 2865 990; x_wconf 87' lang='lat' dir='ltr'><strong>atomis</strong></span> <span class='ocrx_word' id='word_1_183' title='bbox 2911 946 2963 990; x_wconf 88' lang='lat' dir='ltr'><strong>et</strong></span> <span class='ocrx_word' id='word_1_184' title='bbox 3009 936 3274 1005; x_wconf 83' lang='lat' dir='ltr'><strong>voluptate</strong></span> <span class='ocrx_word' id='word_1_185' title='bbox 3297 975 3312 1000; x_wconf 94' lang='lat'><strong>,</strong></span> <span class='ocrx_word' id='word_1_186' title='bbox 3375 949 3466 988; x_wconf 83' lang='lat' dir='ltr'><strong>co-</strong></span> 
     </span>
    </p>
   </div>
   <div class='ocr_carea' id='block_1_23' title="bbox 1911 1026 3462 1095">
    <p class='ocr_par' dir='ltr' id='par_1_23' title="bbox 1911 1026 3462 1095">
     <span class='ocr_line' id='line_1_23' title="bbox 1911 1026 3462 1095; baseline 0 -15"><span class='ocrx_word' id='word_1_187' title='bbox 1911 1043 2037 1080; x_wconf 77' lang='lat' dir='ltr'><strong>rona</strong></span> <span class='ocrx_word' id='word_1_188' title='bbox 2061 1027 2212 1080; x_wconf 86' lang='lat' dir='ltr'><strong>lanea</strong></span> <span class='ocrx_word' id='word_1_189' title='bbox 2255 1026 2477 1095; x_wconf 81' lang='lat' dir='ltr'><strong>cingens</strong></span> <span class='ocrx_word' id='word_1_190' title='bbox 2499 1027 2968 1094; x_wconf 85' lang='lat' dir='ltr'><strong>(quemadmodum</strong></span> <span class='ocrx_word' id='word_1_191' title='bbox 2993 1027 3202 1095; x_wconf 85' lang='lat' dir='ltr'><strong>quidam</strong></span> <span class='ocrx_word' id='word_1_192' title='bbox 3233 1028 3462 1094; x_wconf 88' lang='lat' dir='ltr'><strong>ipsorum</strong></span> 
     </span>
    </p>
   </div>
   <div class='ocr_carea' id='block_1_24' title="bbox 1909 1119 3461 1188">
    <p class='ocr_par' dir='ltr' id='par_1_24' title="bbox 1909 1119 3461 1188">
     <span class='ocr_line' id='line_1_24' title="bbox 1909 1119 3461 1188; baseline 0.001 -17"><span class='ocrx_word' id='word_1_193' title='bbox 1909 1131 2122 1188; x_wconf 87' lang='lat' dir='ltr'><strong>poetam</strong></span> <span class='ocrx_word' id='word_1_194' title='bbox 2143 1119 2400 1186; x_wconf 84' lang='lat' dir='ltr'><strong>ornavit),</strong></span> <span class='ocrx_word' id='word_1_195' title='bbox 2425 1135 2582 1186; x_wconf 87' lang='lat' dir='ltr'><strong>quam</strong></span> <span class='ocrx_word' id='word_1_196' title='bbox 2603 1119 2908 1187; x_wconf 78' lang='lat' dir='ltr'><strong>longissime</strong></span> <span class='ocrx_word' id='word_1_197' title='bbox 2929 1119 3135 1188; x_wconf 81' lang='lat' dir='ltr'><strong>ablegat</strong></span> <span class='ocrx_word' id='word_1_198' title='bbox 3157 1128 3211 1173; x_wconf 89' lang='lat' dir='ltr'><strong>et</strong></span> <span class='ocrx_word' id='word_1_199' title='bbox 3239 1119 3461 1188; x_wconf 88' lang='lat' dir='ltr'><strong>repellit.</strong></span> 
     </span>
    </p>
   </div>
   <div class='ocr_carea' id='block_1_25' title="bbox 1911 1209 3468 1279">
    <p class='ocr_par' dir='ltr' id='par_1_25' title="bbox 1911 1209 3468 1279">
     <span class='ocr_line' id='line_1_25' title="bbox 1911 1209 3468 1279; baseline 0 -16"><span class='ocrx_word' id='word_1_200' title='bbox 1911 1209 2128 1279; x_wconf 74' lang='lat' dir='ltr'><strong>Cynicae</strong></span> <span class='ocrx_word' id='word_1_201' title='bbox 2155 1218 2332 1261; x_wconf 90' lang='lat' dir='ltr'><strong>autem</strong></span> <span class='ocrx_word' id='word_1_202' title='bbox 2369 1220 2550 1272; x_wconf 74' lang='lat' dir='ltr'><strong>sectae,</strong></span> <span class='ocrx_word' id='word_1_203' title='bbox 2597 1209 2927 1278; x_wconf 74' lang='lat' dir='ltr'><strong>impietatem</strong></span> <span class='ocrx_word' id='word_1_204' title='bbox 2959 1211 3171 1279; x_wconf 85' lang='lat' dir='ltr'><strong>quidem</strong></span> <span class='ocrx_word' id='word_1_205' title='bbox 3211 1217 3264 1264; x_wconf 89' lang='lat' dir='ltr'><strong>et</strong></span> <span class='ocrx_word' id='word_1_206' title='bbox 3293 1209 3468 1263; x_wconf 83' lang='lat' dir='ltr'><strong>numi-</strong></span> 
     </span>
    </p>
   </div>
   <div class='ocr_carea' id='block_1_26' title="bbox 1909 1299 3464 1370">
    <p class='ocr_par' dir='ltr' id='par_1_26' title="bbox 1909 1299 3464 1370">
     <span class='ocr_line' id='line_1_26' title="bbox 1909 1299 3464 1370; baseline -0.002 -15"><span class='ocrx_word' id='word_1_207' title='bbox 1909 1302 1993 1356; x_wconf 89' lang='lat' dir='ltr'><strong>nis</strong></span> <span class='ocrx_word' id='word_1_208' title='bbox 2049 1308 2412 1369; x_wconf 89' lang='lat' dir='ltr'><strong>contemptum</strong></span> <span class='ocrx_word' id='word_1_209' title='bbox 2484 1310 2818 1365; x_wconf 80' lang='lat' dir='ltr'><strong>exsecratus,</strong></span> <span class='ocrx_word' id='word_1_210' title='bbox 2878 1299 3238 1370; x_wconf 79' lang='lat' dir='ltr'><strong>frugalitatem</strong></span> <span class='ocrx_word' id='word_1_211' title='bbox 3286 1308 3464 1353; x_wconf 90' lang='lat' dir='ltr'><strong>autem</strong></span> 
     </span>
    </p>
   </div>
   <div class='ocr_carea' id='block_1_27' title="bbox 1909 1392 3466 1463">
    <p class='ocr_par' dir='ltr' id='par_1_27' title="bbox 1909 1392 3466 1463">
     <span class='ocr_line' id='line_1_27' title="bbox 1909 1392 3466 1463; baseline 0 -17"><span class='ocrx_word' id='word_1_212' title='bbox 1909 1393 2156 1448; x_wconf 81' lang='lat' dir='ltr'><strong>laudibus</strong></span> <span class='ocrx_word' id='word_1_213' title='bbox 2211 1400 2549 1463; x_wconf 88' lang='lat' dir='ltr'><strong>prosecutus,</strong></span> <span class='ocrx_word' id='word_1_214' title='bbox 2601 1393 2708 1447; x_wconf 92' lang='lat' dir='ltr'><strong>hoc</strong></span> <span class='ocrx_word' id='word_1_215' title='bbox 2740 1393 2991 1460; x_wconf 89' lang='lat' dir='ltr'><strong>estquod</strong></span> <span class='ocrx_word' id='word_1_216' title='bbox 3046 1392 3285 1458; x_wconf 85' lang='lat' dir='ltr'><strong>cernitis,</strong></span> <span class='ocrx_word' id='word_1_217' title='bbox 3315 1392 3466 1446; x_wconf 89' lang='lat' dir='ltr'><strong>canis</strong></span> 
     </span>
    </p>
   </div>
   <div class='ocr_carea' id='block_1_28' title="bbox 1909 1482 3468 1552">
    <p class='ocr_par' dir='ltr' id='par_1_28' title="bbox 1909 1482 3468 1552">
     <span class='ocr_line' id='line_1_28' title="bbox 1909 1482 3468 1552; baseline -0.001 -13"><span class='ocrx_word' id='word_1_218' title='bbox 1909 1485 2166 1539; x_wconf 89' lang='lat' dir='ltr'><strong>adversus</strong></span> <span class='ocrx_word' id='word_1_219' title='bbox 2192 1498 2351 1537; x_wconf 89' lang='lat' dir='ltr'><strong>veros</strong></span> <span class='ocrx_word' id='word_1_220' title='bbox 2384 1498 2566 1547; x_wconf 91' lang='lat' dir='ltr'><strong>canes,</strong></span> <span class='ocrx_word' id='word_1_221' title='bbox 2610 1491 2664 1537; x_wconf 91' lang='lat' dir='ltr'><strong>et</strong></span> <span class='ocrx_word' id='word_1_222' title='bbox 2709 1482 3054 1552; x_wconf 87' lang='lat' dir='ltr'><strong>philosophus</strong></span> <span class='ocrx_word' id='word_1_223' title='bbox 3101 1483 3357 1538; x_wconf 88' lang='lat' dir='ltr'><strong>adversus</strong></span> <span class='ocrx_word' id='word_1_224' title='bbox 3386 1484 3468 1538; x_wconf 81' lang='lat' dir='ltr'><strong>in-</strong></span> 
     </span>
    </p>
   </div>
   <div class='ocr_carea' id='block_1_29' title="bbox 1910 1576 3466 1647">
    <p class='ocr_par' dir='ltr' id='par_1_29' title="bbox 1910 1576 3466 1647">
     <span class='ocr_line' id='line_1_29' title="bbox 1910 1576 3466 1647; baseline 0.001 -16"><span class='ocrx_word' id='word_1_225' title='bbox 1910 1578 2193 1647; x_wconf 87' lang='lat' dir='ltr'><strong>sipientes,</strong></span> <span class='ocrx_word' id='word_1_226' title='bbox 2231 1587 2285 1631; x_wconf 90' lang='lat' dir='ltr'><strong>et</strong></span> <span class='ocrx_word' id='word_1_227' title='bbox 2313 1576 2657 1630; x_wconf 88' lang='lat' dir='ltr'><strong>Christianus</strong></span> <span class='ocrx_word' id='word_1_228' title='bbox 2689 1577 2754 1628; x_wconf 94' lang='lat' dir='ltr'><strong>ad</strong></span> <span class='ocrx_word' id='word_1_229' title='bbox 2786 1578 2920 1630; x_wconf 84' lang='lat' dir='ltr'><strong>bene</strong></span> <span class='ocrx_word' id='word_1_230' title='bbox 2953 1579 3018 1630; x_wconf 90' lang='lat' dir='ltr'><strong>de</strong></span> <span class='ocrx_word' id='word_1_231' title='bbox 3053 1578 3301 1632; x_wconf 89' lang='lat' dir='ltr'><strong>omnibus</strong></span> <span class='ocrx_word' id='word_1_232' title='bbox 3355 1591 3466 1632; x_wconf 89' lang='lat' dir='ltr'><strong>me-</strong></span> 
     </span>
    </p>
   </div>
   <div class='ocr_carea' id='block_1_30' title="bbox 1911 1669 3466 1740">
    <p class='ocr_par' dir='ltr' id='par_1_30' title="bbox 1911 1669 3466 1740">
     <span class='ocr_line' id='line_1_30' title="bbox 1911 1669 3466 1740; baseline -0.002 -14"><span class='ocrx_word' id='word_1_233' title='bbox 1911 1671 2137 1726; x_wconf 91' lang='lat' dir='ltr'><strong>rendum</strong></span> <span class='ocrx_word' id='word_1_234' title='bbox 2173 1680 2413 1740; x_wconf 87' lang='lat' dir='ltr'><strong>paratus,</strong></span> <span class='ocrx_word' id='word_1_235' title='bbox 2441 1680 2607 1738; x_wconf 85' lang='lat' dir='ltr'><strong>atque</strong></span> <span class='ocrx_word' id='word_1_236' title='bbox 2634 1669 2840 1723; x_wconf 88' lang='lat' dir='ltr'><strong>illorum</strong></span> <span class='ocrx_word' id='word_1_237' title='bbox 2865 1669 3076 1739; x_wconf 89' lang='lat' dir='ltr'><strong>quidem</strong></span> <span class='ocrx_word' id='word_1_238' title='bbox 3103 1671 3466 1738; x_wconf 79' lang='lat' dir='ltr'><strong>arrogantiam</strong></span> 
     </span>
    </p>
   </div>
   <div class='ocr_carea' id='block_1_31' title="bbox 1907 1761 3466 1834">
    <p class='ocr_par' dir='ltr' id='par_1_31' title="bbox 1907 1761 3466 1834">
     <span class='ocr_line' id='line_1_31' title="bbox 1907 1761 3466 1834; baseline -0.001 -16"><span class='ocrx_word' id='word_1_239' title='bbox 1907 1778 2006 1834; x_wconf 88' lang='lat' dir='ltr'><strong>per</strong></span> <span class='ocrx_word' id='word_1_240' title='bbox 2035 1761 2250 1818; x_wconf 91' lang='lat' dir='ltr'><strong>habitus</strong></span> <span class='ocrx_word' id='word_1_241' title='bbox 2287 1762 2726 1826; x_wconf 87' lang='lat' dir='ltr'><strong>similitudinem,</strong></span> <span class='ocrx_word' id='word_1_242' title='bbox 2785 1761 3158 1815; x_wconf 89' lang='lat' dir='ltr'><strong>nonnullorum</strong></span> <span class='ocrx_word' id='word_1_243' title='bbox 3198 1772 3374 1815; x_wconf 87' lang='lat' dir='ltr'><strong>autem</strong></span> <span class='ocrx_word' id='word_1_244' title='bbox 3399 1777 3466 1816; x_wconf 79' lang='lat' dir='ltr'><strong>ex</strong></span> 
     </span>
    </p>
   </div>
   <div class='ocr_carea' id='block_1_32' title="bbox 1908 1853 3462 1923">
    <p class='ocr_par' dir='ltr' id='par_1_32' title="bbox 1908 1853 3462 1923">
     <span class='ocr_line' id='line_1_32' title="bbox 1908 1853 3462 1923; baseline 0 -15"><span class='ocrx_word' id='word_1_245' title='bbox 1908 1855 2110 1910; x_wconf 87' lang='lat' dir='ltr'><strong>nostris</strong></span> <span class='ocrx_word' id='word_1_246' title='bbox 2161 1854 2417 1923; x_wconf 86' lang='lat' dir='ltr'><strong>ineptiam</strong></span> <span class='ocrx_word' id='word_1_247' title='bbox 2480 1870 2571 1922; x_wconf 90' lang='lat' dir='ltr'><strong>per</strong></span> <span class='ocrx_word' id='word_1_248' title='bbox 2625 1855 2789 1908; x_wconf 86' lang='lat' dir='ltr'><strong>vestis</strong></span> <span class='ocrx_word' id='word_1_249' title='bbox 2840 1855 3130 1907; x_wconf 79' lang='lat' dir='ltr'><strong>novitatem</strong></span> <span class='ocrx_word' id='word_1_250' title='bbox 3184 1853 3462 1908; x_wconf 78' lang='lat' dir='ltr'><strong>refutans:</strong></span> 
     </span>
    </p>
   </div>
   <div class='ocr_carea' id='block_1_33' title="bbox 1908 1945 3465 2016">
    <p class='ocr_par' dir='ltr' id='par_1_33' title="bbox 1908 1945 3465 2016">
     <span class='ocr_line' id='line_1_33' title="bbox 1908 1945 3465 2016; baseline 0.001 -16"><span class='ocrx_word' id='word_1_251' title='bbox 1908 1946 2036 2000; x_wconf 91' lang='lat' dir='ltr'><strong>illud</strong></span> <span class='ocrx_word' id='word_1_252' title='bbox 2067 1945 2280 2000; x_wconf 84' lang='lat' dir='ltr'><strong>scilicet</strong></span> <span class='ocrx_word' id='word_1_253' title='bbox 2335 1947 2648 2010; x_wconf 90' lang='lat' dir='ltr'><strong>ostendens,</strong></span> <span class='ocrx_word' id='word_1_254' title='bbox 2705 1960 2804 2000; x_wconf 90' lang='lat' dir='ltr'><strong>nec</strong></span> <span class='ocrx_word' id='word_1_255' title='bbox 2866 1947 3119 2014; x_wconf 84' lang='lat' dir='ltr'><strong>pietatem</strong></span> <span class='ocrx_word' id='word_1_256' title='bbox 3174 1946 3225 1998; x_wconf 92' lang='lat' dir='ltr'><strong>in</strong></span> <span class='ocrx_word' id='word_1_257' title='bbox 3257 1946 3465 2016; x_wconf 74' lang='lat' dir='ltr'><strong>exiguis</strong></span> 
     </span>
    </p>
   </div>
   <div class='ocr_carea' id='block_1_34' title="bbox 1908 2037 3465 2107">
    <p class='ocr_par' dir='ltr' id='par_1_34' title="bbox 1908 2037 3465 2107">
     <span class='ocr_line' id='line_1_34' title="bbox 1908 2037 3465 2107; baseline 0 -15"><span class='ocrx_word' id='word_1_258' title='bbox 1908 2039 2088 2102; x_wconf 87' lang='lat' dir='ltr'><strong>rebus,</strong></span> <span class='ocrx_word' id='word_1_259' title='bbox 2122 2053 2219 2093; x_wconf 90' lang='lat' dir='ltr'><strong>nec</strong></span> <span class='ocrx_word' id='word_1_260' title='bbox 2258 2037 2648 2107; x_wconf 85' lang='lat' dir='ltr'><strong>philosophiam</strong></span> <span class='ocrx_word' id='word_1_261' title='bbox 2685 2037 2737 2091; x_wconf 92' lang='lat' dir='ltr'><strong>in</strong></span> <span class='ocrx_word' id='word_1_262' title='bbox 2790 2037 2968 2091; x_wconf 77' lang='lat' dir='ltr'><strong>vultus</strong></span> <span class='ocrx_word' id='word_1_263' title='bbox 3017 2038 3255 2104; x_wconf 90' lang='lat' dir='ltr'><strong>tristitia,</strong></span> <span class='ocrx_word' id='word_1_264' title='bbox 3279 2054 3465 2093; x_wconf 89' lang='lat' dir='ltr'><strong>verum</strong></span> 
     </span>
    </p>
   </div>
   <div class='ocr_carea' id='block_1_35' title="bbox 236 2117 1804 2198">
    <p class='ocr_par' dir='ltr' id='par_1_35' title="bbox 236 2124 1804 2196">
     <span class='ocr_line' id='line_1_35' title="bbox 236 2124 1804 2196; baseline 0.006 -20"><span class='ocrx_word' id='word_1_265' title='bbox 236 2124 438 2194; x_wconf 84' lang='grc' dir='ltr'>λῶμεν.</span> <span class='ocrx_word' id='word_1_266' title='bbox 475 2125 581 2177; x_wconf 80' lang='grc' dir='ltr'>εἴτε</span> <span class='ocrx_word' id='word_1_267' title='bbox 605 2127 736 2194; x_wconf 84' lang='grc' dir='ltr'>ἡμῖν</span> <span class='ocrx_word' id='word_1_268' title='bbox 760 2126 940 2188; x_wconf 79' lang='grc' dir='ltr'>αὐτοῖς</span> <span class='ocrx_word' id='word_1_269' title='bbox 971 2127 1150 2196; x_wconf 83' lang='grc' dir='ltr'>μόνοις</span> <span class='ocrx_word' id='word_1_270' title='bbox 1173 2129 1544 2193; x_wconf 82' lang='grc' dir='ltr'>συστέλλοντες</span> <span class='ocrx_word' id='word_1_271' title='bbox 1569 2131 1658 2184; x_wconf 80' lang='grc' dir='ltr'><strong>τὸν</strong></span> <span class='ocrx_word' id='word_1_272' title='bbox 1686 2131 1804 2185; x_wconf 85' lang='grc' dir='ltr'>νοῦν</span> 
     </span>
    </p>
   </div>
   <div class='ocr_carea' id='block_1_36' title="bbox 1910 2117 3466 2198">
    <p class='ocr_par' dir='ltr' id='par_1_36' title="bbox 1913 2129 3466 2198">
     <span class='ocr_line' id='line_1_36' title="bbox 1913 2129 3466 2198; baseline 0.001 -15"><span class='ocrx_word' id='word_1_273' title='bbox 1913 2129 1963 2183; x_wconf 93' lang='lat' dir='ltr'><strong>in</strong></span> <span class='ocrx_word' id='word_1_274' title='bbox 1997 2130 2164 2184; x_wconf 91' lang='lat' dir='ltr'><strong>animi</strong></span> <span class='ocrx_word' id='word_1_275' title='bbox 2193 2129 2450 2184; x_wconf 87' lang='lat' dir='ltr'><strong>ﬁrmitate</strong></span> <span class='ocrx_word' id='word_1_276' title='bbox 2504 2145 2567 2182; x_wconf 92' lang='lat' dir='ltr'><strong>ac</strong></span> <span class='ocrx_word' id='word_1_277' title='bbox 2615 2129 2811 2183; x_wconf 87' lang='lat' dir='ltr'><strong>mentis</strong></span> <span class='ocrx_word' id='word_1_278' title='bbox 2871 2129 3121 2198; x_wconf 89' lang='lat' dir='ltr'><strong>puritate,</strong></span> <span class='ocrx_word' id='word_1_279' title='bbox 3149 2129 3466 2198; x_wconf 90' lang='lat' dir='ltr'><strong>sinceraque</strong></span> 
     </span>
    </p>
   </div>
   <div class='ocr_carea' id='block_1_37' title="bbox 235 2217 1799 2292">
    <p class='ocr_par' dir='ltr' id='par_1_37' title="bbox 235 2217 1799 2292">
     <span class='ocr_line' id='line_1_37' title="bbox 235 2217 1799 2292; baseline 0.003 -21"><span class='ocrx_word' id='word_1_280' title='bbox 235 2217 346 2271; x_wconf 84' lang='grc' dir='ltr'><strong>ἀπὸ</strong></span> <span class='ocrx_word' id='word_1_281' title='bbox 384 2217 488 2270; x_wconf 85' lang='grc' dir='ltr'>τῶν</span> <span class='ocrx_word' id='word_1_282' title='bbox 530 2217 849 2285; x_wconf 78' lang='grc' dir='ltr'>αἰσθήσεων,</span> <span class='ocrx_word' id='word_1_283' title='bbox 890 2218 998 2272; x_wconf 83' lang='grc' dir='ltr'>εἴτε</span> <span class='ocrx_word' id='word_1_284' title='bbox 1049 2223 1159 2284; x_wconf 86' lang='grc' dir='ltr'>τοῖς</span> <span class='ocrx_word' id='word_1_285' title='bbox 1194 2221 1304 2292; x_wconf 86' lang='grc'>(10)</span> <span class='ocrx_word' id='word_1_286' title='bbox 1355 2222 1566 2282; x_wconf 82' lang='grc' dir='ltr'>πολλοῖς</span> <span class='ocrx_word' id='word_1_287' title='bbox 1603 2240 1661 2275; x_wconf 89' lang='grc' dir='ltr'><strong>τε</strong></span> <span class='ocrx_word' id='word_1_288' title='bbox 1707 2225 1799 2276; x_wconf 77' lang='grc' dir='ltr'>καὶ</span> 
     </span>
    </p>
   </div>
   <div class='ocr_carea' id='block_1_38' title="bbox 233 2306 1806 2382">
    <p class='ocr_par' dir='ltr' id='par_1_38' title="bbox 233 2306 1806 2382">
     <span class='ocr_line' id='line_1_38' title="bbox 233 2306 1806 2382; baseline 0.003 -21"><span class='ocrx_word' id='word_1_289' title='bbox 233 2308 527 2380; x_wconf 78' lang='grc' dir='ltr'>ὁμοφύλοις</span> <span class='ocrx_word' id='word_1_290' title='bbox 553 2307 838 2372; x_wconf 75' lang='grc' dir='ltr'>ἰδιάζοντες</span> <span class='ocrx_word' id='word_1_291' title='bbox 867 2310 922 2362; x_wconf 79' lang='grc' dir='ltr'>ἐν</span> <span class='ocrx_word' id='word_1_292' title='bbox 951 2309 1028 2379; x_wconf 83' lang='grc' dir='ltr'><strong>τῷ</strong></span> <span class='ocrx_word' id='word_1_293' title='bbox 1059 2310 1239 2381; x_wconf 81' lang='grc' dir='ltr'>κοινῷ,</span> <span class='ocrx_word' id='word_1_294' title='bbox 1273 2314 1364 2364; x_wconf 81' lang='grc' dir='ltr'><strong>καὶ</strong></span> <span class='ocrx_word' id='word_1_295' title='bbox 1397 2306 1806 2382; x_wconf 82' lang='grc' dir='ltr'>φιλοσοφοῦντες</span> 
     </span>
    </p>
   </div>
   <div class='ocr_carea' id='block_1_39' title="bbox 234 2383 1819 2472">
    <p class='ocr_par' dir='ltr' id='par_1_39' title="bbox 234 2383 1819 2472">
     <span class='ocr_line' id='line_1_39' title="bbox 234 2383 1819 2472; baseline 0.002 -20"><span class='ocrx_word' id='word_1_296' title='bbox 234 2402 294 2452; x_wconf 84' lang='grc' dir='ltr'>ἐν</span> <span class='ocrx_word' id='word_1_297' title='bbox 327 2400 388 2453; x_wconf 88' lang='grc' dir='ltr'><strong>ού</strong></span> <span class='ocrx_word' id='word_1_298' title='bbox 417 2398 791 2468; x_wconf 80' lang='grc' dir='ltr'>φιλοσοφοῦσιν</span> <span class='ocrx_word' id='word_1_299' title='bbox 819 2400 912 2467; x_wconf 76' lang='grc' dir='ltr'><strong>(ὡς</strong></span> <span class='ocrx_word' id='word_1_300' title='bbox 940 2402 972 2471; x_wconf 83' lang='grc' dir='ltr'>ἡ</span> <span class='ocrx_word' id='word_1_301' title='bbox 1000 2401 1120 2453; x_wconf 80' lang='grc' dir='ltr'>Νῶε</span> <span class='ocrx_word' id='word_1_302' title='bbox 1150 2401 1376 2464; x_wconf 75' lang='grc' dir='ltr'>κιϐωτὸς</span> <span class='ocrx_word' id='word_1_303' title='bbox 1398 2403 1600 2472; x_wconf 85' lang='grc' dir='ltr'>ἐκείνη,</span> <span class='ocrx_word' id='word_1_304' title='bbox 1631 2404 1686 2455; x_wconf 80' lang='grc' dir='ltr'>ἐν</span> <span class='ocrx_word' id='word_1_305' title='bbox 1708 2383 1819 2455; x_wconf 28' lang='grc' dir='ltr'>και-Ι</span> 
     </span>
    </p>
   </div>
   <div class='ocr_carea' id='block_1_40' title="bbox 232 2489 1802 2562">
    <p class='ocr_par' dir='ltr' id='par_1_40' title="bbox 232 2489 1802 2562">
     <span class='ocr_line' id='line_1_40' title="bbox 232 2489 1802 2562; baseline 0 -18"><span class='ocrx_word' id='word_1_306' title='bbox 232 2491 531 2561; x_wconf 82' lang='grc' dir='ltr'>τακλυσμῷ</span> <span class='ocrx_word' id='word_1_307' title='bbox 563 2489 943 2560; x_wconf 78' lang='grc' dir='ltr'>κατακλυσμοῦ</span> <span class='ocrx_word' id='word_1_308' title='bbox 988 2491 1099 2559; x_wconf 93' lang='grc'>(11)</span> <span class='ocrx_word' id='word_1_309' title='bbox 1133 2492 1464 2562; x_wconf 70' lang='grc' dir='ltr'>κουφοτέρασ</span> <span class='ocrx_word' id='word_1_310' title='bbox 1503 2491 1595 2544; x_wconf 73' lang='grc' dir='ltr'>καὶ</span> <span class='ocrx_word' id='word_1_311' title='bbox 1644 2494 1676 2561; x_wconf 85' lang='grc' dir='ltr'>ἡ</span> <span class='ocrx_word' id='word_1_312' title='bbox 1709 2492 1802 2544; x_wconf 91' lang='grc' dir='ltr'><strong>τοῦ</strong></span> 
     </span>
    </p>
   </div>
   <div class='ocr_carea' id='block_1_41' title="bbox 233 2580 1805 2653">
    <p class='ocr_par' dir='ltr' id='par_1_41' title="bbox 233 2580 1805 2653">
     <span class='ocr_line' id='line_1_41' title="bbox 233 2580 1805 2653; baseline 0 -19"><span class='ocrx_word' id='word_1_313' title='bbox 233 2583 396 2652; x_wconf 73' lang='grc' dir='ltr'>ὅρους</span> <span class='ocrx_word' id='word_1_314' title='bbox 426 2580 604 2651; x_wconf 81' lang='grc' dir='ltr'>βάτος,</span> <span class='ocrx_word' id='word_1_315' title='bbox 637 2581 704 2652; x_wconf 80' lang='grc' dir='ltr'><strong>ἣν</strong></span> <span class='ocrx_word' id='word_1_316' title='bbox 757 2583 908 2634; x_wconf 86' lang='grc' dir='ltr'>καῖον</span> <span class='ocrx_word' id='word_1_317' title='bbox 941 2580 1000 2634; x_wconf 83' lang='grc' dir='ltr'>τὸ</span> <span class='ocrx_word' id='word_1_318' title='bbox 1029 2581 1138 2652; x_wconf 88' lang='grc' dir='ltr'><strong>πῦρ</strong></span> <span class='ocrx_word' id='word_1_319' title='bbox 1170 2582 1228 2634; x_wconf 83' lang='grc' dir='ltr'><strong>ού</strong></span> <span class='ocrx_word' id='word_1_320' title='bbox 1261 2581 1538 2649; x_wconf 77' lang='grc' dir='ltr'>κατέκαιε,</span> <span class='ocrx_word' id='word_1_321' title='bbox 1578 2581 1639 2634; x_wconf 84' lang='grc' dir='ltr'><strong>τὸ</strong></span> <span class='ocrx_word' id='word_1_322' title='bbox 1666 2581 1805 2653; x_wconf 91' lang='grc' dir='ltr'>μέγα</span> 
     </span>
    </p>
   </div>
   <div class='ocr_carea' id='block_1_42' title="bbox 233 2670 1806 2744">
    <p class='ocr_par' dir='ltr' id='par_1_42' title="bbox 233 2670 1806 2744">
     <span class='ocr_line' id='line_1_42' title="bbox 233 2670 1806 2744; baseline 0.001 -19"><span class='ocrx_word' id='word_1_323' title='bbox 233 2673 512 2735; x_wconf 83' lang='grc' dir='ltr'>Μωῦσέως</span> <span class='ocrx_word' id='word_1_324' title='bbox 539 2673 718 2743; x_wconf 83' lang='grc' dir='ltr'>ὅραμα</span> <span class='ocrx_word' id='word_1_325' title='bbox 751 2670 911 2742; x_wconf 67' lang='grc'>[12]),</span> <span class='ocrx_word' id='word_1_326' title='bbox 937 2671 1059 2724; x_wconf 71' lang='grc' dir='ltr'>οὔτε</span> <span class='ocrx_word' id='word_1_327' title='bbox 1084 2673 1234 2727; x_wconf 72' lang='grc' dir='ltr'>αὐτοί</span> <span class='ocrx_word' id='word_1_328' title='bbox 1268 2691 1320 2725; x_wconf 91' lang='grc' dir='ltr'><strong>τι</strong></span> <span class='ocrx_word' id='word_1_329' title='bbox 1357 2674 1466 2744; x_wconf 77' lang='grc'>(15)</span> <span class='ocrx_word' id='word_1_330' title='bbox 1512 2674 1806 2744; x_wconf 82' lang='grc' dir='ltr'>πάσχοντες</span> 
     </span>
    </p>
   </div>
   <div class='ocr_carea' id='block_1_43' title="bbox 231 2762 1803 2834">
    <p class='ocr_par' dir='ltr' id='par_1_43' title="bbox 231 2762 1803 2834">
     <span class='ocr_line' id='line_1_43' title="bbox 231 2762 1803 2834; baseline 0.003 -20"><span class='ocrx_word' id='word_1_331' title='bbox 231 2765 349 2825; x_wconf 79' lang='grc' dir='ltr'>τοῖς</span> <span class='ocrx_word' id='word_1_332' title='bbox 373 2762 604 2827; x_wconf 86' lang='grc' dir='ltr'>πολλοῖς,</span> <span class='ocrx_word' id='word_1_333' title='bbox 646 2762 706 2814; x_wconf 81' lang='grc' dir='ltr'><strong>οὐ</strong></span> <span class='ocrx_word' id='word_1_334' title='bbox 755 2763 952 2833; x_wconf 80' lang='grc' dir='ltr'>μᾶλλόν</span> <span class='ocrx_word' id='word_1_335' title='bbox 989 2781 1051 2832; x_wconf 91' lang='grc' dir='ltr'><strong>γε</strong></span> <span class='ocrx_word' id='word_1_336' title='bbox 1096 2764 1128 2834; x_wconf 84' lang='grc' dir='ltr'>ἢ</span> <span class='ocrx_word' id='word_1_337' title='bbox 1163 2764 1372 2834; x_wconf 82' lang='grc' dir='ltr'>ἀδάμας</span> <span class='ocrx_word' id='word_1_338' title='bbox 1425 2768 1534 2828; x_wconf 89' lang='grc' dir='ltr'>τοῖς</span> <span class='ocrx_word' id='word_1_339' title='bbox 1567 2767 1803 2828; x_wconf 85' lang='grc' dir='ltr'>παίουσι,</span> 
     </span>
    </p>
   </div>
   <div class='ocr_carea' id='block_1_44' title="bbox 232 2852 1806 2923">
    <p class='ocr_par' dir='ltr' id='par_1_44' title="bbox 232 2852 1806 2923">
     <span class='ocr_line' id='line_1_44' title="bbox 232 2852 1806 2923; baseline 0.003 -17"><span class='ocrx_word' id='word_1_340' title='bbox 232 2853 332 2906; x_wconf 76' lang='grc' dir='ltr'>καὶ</span> <span class='ocrx_word' id='word_1_341' title='bbox 353 2852 421 2905; x_wconf 83' lang='grc' dir='ltr'>δι’</span> <span class='ocrx_word' id='word_1_342' title='bbox 449 2852 653 2906; x_wconf 84' lang='grc' dir='ltr'>ἑαυτῶν</span> <span class='ocrx_word' id='word_1_343' title='bbox 680 2853 806 2915; x_wconf 80' lang='grc' dir='ltr'>τοὺς</span> <span class='ocrx_word' id='word_1_344' title='bbox 833 2852 1024 2916; x_wconf 84' lang='grc' dir='ltr'>ἄλλους</span> <span class='ocrx_word' id='word_1_345' title='bbox 1051 2854 1287 2923; x_wconf 76' lang='grc' dir='ltr'>βελτίους</span> <span class='ocrx_word' id='word_1_346' title='bbox 1308 2854 1584 2920; x_wconf 87' lang='grc' dir='ltr'>ποιοῦντες</span> <span class='ocrx_word' id='word_1_347' title='bbox 1614 2859 1690 2921; x_wconf 83' lang='grc' dir='ltr'><strong>είς</strong></span> <span class='ocrx_word' id='word_1_348' title='bbox 1718 2858 1806 2911; x_wconf 89' lang='grc' dir='ltr'>δύ-</span> 
     </span>
    </p>
   </div>
   <div class='ocr_carea' id='block_1_45' title="bbox 232 2943 1804 3018">
    <p class='ocr_par' dir='ltr' id='par_1_45' title="bbox 232 2943 1804 3018">
     <span class='ocr_line' id='line_1_45' title="bbox 232 2943 1804 3018; baseline 0.001 -20"><span class='ocrx_word' id='word_1_349' title='bbox 232 2961 421 3014; x_wconf 88' lang='grc' dir='ltr'>ναμιν.</span> <span class='ocrx_word' id='word_1_350' title='bbox 451 2943 666 3014; x_wconf 79' lang='grc' dir='ltr'>Ταύτης</span> <span class='ocrx_word' id='word_1_351' title='bbox 689 2944 900 3016; x_wconf 80' lang='grc' dir='ltr'>καρπὸς</span> <span class='ocrx_word' id='word_1_352' title='bbox 927 2944 1025 3013; x_wconf 81' lang='grc' dir='ltr'>τῆς</span> <span class='ocrx_word' id='word_1_353' title='bbox 1053 2945 1391 3015; x_wconf 83' lang='grc' dir='ltr'>φιλοσοφίας,</span> <span class='ocrx_word' id='word_1_354' title='bbox 1428 2947 1486 2999; x_wconf 83' lang='grc' dir='ltr'><strong>ού</strong></span> <span class='ocrx_word' id='word_1_355' title='bbox 1516 2947 1660 3018; x_wconf 84' lang='grc' dir='ltr'>λόγῳ</span> <span class='ocrx_word' id='word_1_356' title='bbox 1691 2948 1804 3018; x_wconf 72' lang='grc'>(14)</span> 
     </span>
    </p>
   </div>
   <div class='ocr_carea' id='block_1_46' title="bbox 235 3035 1802 3110">
    <p class='ocr_par' dir='ltr' id='par_1_46' title="bbox 235 3035 1802 3110">
     <span class='ocr_line' id='line_1_46' title="bbox 235 3035 1802 3110; baseline 0.004 -22"><span class='ocrx_word' id='word_1_357' title='bbox 235 3035 598 3105; x_wconf 86' lang='grc' dir='ltr'>πλαττόμεναι</span> <span class='ocrx_word' id='word_1_358' title='bbox 627 3035 808 3098; x_wconf 85' lang='grc' dir='ltr'>πόλεις</span> <span class='ocrx_word' id='word_1_359' title='bbox 837 3035 1138 3106; x_wconf 74' lang='grc' dir='ltr'>(σκινδαψοί</span> <span class='ocrx_word' id='word_1_360' title='bbox 1189 3055 1354 3102; x_wconf 87' lang='grc' dir='ltr'>τινες,</span> <span class='ocrx_word' id='word_1_361' title='bbox 1384 3040 1457 3102; x_wconf 89' lang='grc' dir='ltr'>ὡς</span> <span class='ocrx_word' id='word_1_362' title='bbox 1477 3041 1627 3094; x_wconf 83' lang='grc' dir='ltr'>αὐτοί</span> <span class='ocrx_word' id='word_1_363' title='bbox 1652 3059 1802 3110; x_wconf 90' lang='grc' dir='ltr'>φασι,</span> 
     </span>
    </p>
   </div>
   <div class='ocr_carea' id='block_1_47' title="bbox 235 3125 1852 3202">
    <p class='ocr_par' dir='ltr' id='par_1_47' title="bbox 235 3125 1852 3202">
     <span class='ocr_line' id='line_1_47' title="bbox 235 3125 1852 3202; baseline 0.005 -24"><span class='ocrx_word' id='word_1_364' title='bbox 235 3125 335 3178; x_wconf 72' lang='grc' dir='ltr'>καὶ</span> <span class='ocrx_word' id='word_1_365' title='bbox 366 3125 695 3197; x_wconf 83' lang='grc' dir='ltr'>τραγέλαφοι</span> <span class='ocrx_word' id='word_1_366' title='bbox 728 3125 862 3195; x_wconf 82' lang='grc'>(15),</span> <span class='ocrx_word' id='word_1_367' title='bbox 921 3125 956 3179; x_wconf 81' lang='grc' dir='ltr'><strong>δι</strong></span> <span class='ocrx_word' id='word_1_368' title='bbox 993 3125 1214 3194; x_wconf 82' lang='grc' dir='ltr'>γλῶσσα</span> <span class='ocrx_word' id='word_1_369' title='bbox 1270 3127 1403 3199; x_wconf 88' lang='grc' dir='ltr'>μόνη</span> <span class='ocrx_word' id='word_1_370' title='bbox 1439 3129 1764 3202; x_wconf 83' lang='grc' dir='ltr'>συντίθησιν)</span> <span class='ocrx_word' id='word_1_371' title='bbox 1789 3148 1802 3162; x_wconf 78' lang='grc'><strong><em>⁸</em></strong></span> <span class='ocrx_word' id='word_1_372' title='bbox 1849 3135 1852 3139; x_wconf 83' lang='grc'><em>’</em></span> 
     </span>
    </p>
   </div>
   <div class='ocr_carea' id='block_1_48' title="bbox 234 3215 1801 3291">
    <p class='ocr_par' dir='ltr' id='par_1_48' title="bbox 234 3215 1801 3291">
     <span class='ocr_line' id='line_1_48' title="bbox 234 3215 1801 3291; baseline 0.005 -23"><span class='ocrx_word' id='word_1_373' title='bbox 234 3215 359 3269; x_wconf 75' lang='grc' dir='ltr'>οὐδὲ</span> <span class='ocrx_word' id='word_1_374' title='bbox 403 3218 725 3287; x_wconf 86' lang='grc' dir='ltr'>κατηγορίαι</span> <span class='ocrx_word' id='word_1_375' title='bbox 771 3218 934 3281; x_wconf 83' lang='grc' dir='ltr'>τινὲς,</span> <span class='ocrx_word' id='word_1_376' title='bbox 975 3219 1069 3271; x_wconf 71' lang='grc' dir='ltr'>καὶ</span> <span class='ocrx_word' id='word_1_377' title='bbox 1125 3219 1428 3284; x_wconf 87' lang='grc' dir='ltr'>ἀναλύσεις,</span> <span class='ocrx_word' id='word_1_378' title='bbox 1461 3221 1550 3276; x_wconf 68' lang='grc' dir='ltr'><strong>καὶ</strong></span> <span class='ocrx_word' id='word_1_379' title='bbox 1603 3223 1801 3291; x_wconf 83' lang='grc' dir='ltr'>μίξεις’</span> 
     </span>
    </p>
   </div>
   <div class='ocr_carea' id='block_1_49' title="bbox 233 3303 1808 3382">
    <p class='ocr_par' dir='ltr' id='par_1_49' title="bbox 233 3303 1808 3382">
     <span class='ocr_line' id='line_1_49' title="bbox 233 3303 1808 3382; baseline 0.003 -25"><span class='ocrx_word' id='word_1_380' title='bbox 233 3304 357 3358; x_wconf 79' lang='grc' dir='ltr'>οὐδὲ</span> <span class='ocrx_word' id='word_1_381' title='bbox 390 3303 716 3375; x_wconf 77' lang='grc' dir='ltr'>συμϐάματα</span> <span class='ocrx_word' id='word_1_382' title='bbox 743 3305 852 3375; x_wconf 77' lang='grc'>(16)</span> <span class='ocrx_word' id='word_1_383' title='bbox 883 3307 976 3360; x_wconf 72' lang='grc' dir='ltr'>κα).</span> <span class='ocrx_word' id='word_1_384' title='bbox 1002 3309 1505 3379; x_wconf 78' lang='grc' dir='ltr'>παρασυμϐἀματα,</span> <span class='ocrx_word' id='word_1_385' title='bbox 1549 3311 1640 3363; x_wconf 76' lang='grc' dir='ltr'>κα).</span> <span class='ocrx_word' id='word_1_386' title='bbox 1667 3314 1699 3382; x_wconf 81' lang='grc' dir='ltr'>ἡ</span> <span class='ocrx_word' id='word_1_387' title='bbox 1722 3330 1808 3365; x_wconf 65' lang='grc' dir='ltr'><strong>τεν</strong></span> 
     </span>
    </p>
   </div>
   <div class='ocr_carea' id='block_1_50' title="bbox 235 3397 1806 3474">
    <p class='ocr_par' dir='ltr' id='par_1_50' title="bbox 235 3397 1806 3474">
     <span class='ocr_line' id='line_1_50' title="bbox 235 3397 1806 3474; baseline 0.005 -26"><span class='ocrx_word' id='word_1_388' title='bbox 235 3397 628 3468; x_wconf 84' lang='grc' dir='ltr'>χνολογουμένη</span> <span class='ocrx_word' id='word_1_389' title='bbox 653 3399 810 3468; x_wconf 85' lang='grc' dir='ltr'>σοφία</span> <span class='ocrx_word' id='word_1_390' title='bbox 830 3416 844 3431; x_wconf 78' lang='grc' dir='ltr'><strong><em>ο</em></strong></span> <span class='ocrx_word' id='word_1_391' title='bbox 868 3399 986 3452; x_wconf 80' lang='grc' dir='ltr'>οὐδὲ</span> <span class='ocrx_word' id='word_1_392' title='bbox 1005 3401 1256 3471; x_wconf 86' lang='grc' dir='ltr'>γραμμαί</span> <span class='ocrx_word' id='word_1_393' title='bbox 1272 3419 1414 3466; x_wconf 87' lang='grc' dir='ltr'>τινες</span> <span class='ocrx_word' id='word_1_394' title='bbox 1441 3403 1670 3474; x_wconf 82' lang='grc' dir='ltr'>οὐδαμοῦ</span> <span class='ocrx_word' id='word_1_395' title='bbox 1694 3405 1806 3458; x_wconf 81' lang='grc' dir='ltr'>κεί-</span> 
     </span>
    </p>
   </div>
   <div class='ocr_carea' id='block_1_51' title="bbox 241 3487 1805 3567">
    <p class='ocr_par' dir='ltr' id='par_1_51' title="bbox 241 3487 1805 3567">
     <span class='ocr_line' id='line_1_51' title="bbox 241 3487 1805 3567; baseline 0.006 -27"><span class='ocrx_word' id='word_1_396' title='bbox 241 3505 421 3558; x_wconf 89' lang='grc' dir='ltr'>μεναι,</span> <span class='ocrx_word' id='word_1_397' title='bbox 459 3487 578 3541; x_wconf 76' lang='grc' dir='ltr'>οὐδὲ</span> <span class='ocrx_word' id='word_1_398' title='bbox 617 3489 857 3560; x_wconf 83' lang='grc' dir='ltr'>ἀστέρων</span> <span class='ocrx_word' id='word_1_399' title='bbox 887 3490 1085 3544; x_wconf 77' lang='grc' dir='ltr'>πλοκα).</span> <span class='ocrx_word' id='word_1_400' title='bbox 1128 3492 1221 3544; x_wconf 70' lang='grc' dir='ltr'>καὶ</span> <span class='ocrx_word' id='word_1_401' title='bbox 1252 3494 1504 3564; x_wconf 85' lang='grc' dir='ltr'>σχήματα</span> <span class='ocrx_word' id='word_1_402' title='bbox 1537 3496 1676 3549; x_wconf 78' lang='grc' dir='ltr'>κατὰ</span> <span class='ocrx_word' id='word_1_403' title='bbox 1707 3497 1805 3567; x_wconf 84' lang='grc' dir='ltr'><strong>τῆς</strong></span> 
     </span>
    </p>
   </div>
   <div class='ocr_carea' id='block_1_52' title="bbox 238 3578 1809 3656">
    <p class='ocr_par' dir='ltr' id='par_1_52' title="bbox 238 3578 1809 3656">
     <span class='ocr_line' id='line_1_52' title="bbox 238 3578 1809 3656; baseline 0.005 -24"><span class='ocrx_word' id='word_1_404' title='bbox 238 3578 498 3650; x_wconf 88' lang='grc' dir='ltr'>Προνοίας</span> <span class='ocrx_word' id='word_1_405' title='bbox 550 3580 922 3651; x_wconf 80' lang='grc' dir='ltr'>ὲπινοούμενα.</span> <span class='ocrx_word' id='word_1_406' title='bbox 961 3581 1145 3637; x_wconf 84' lang='grc' dir='ltr'>Ταῦτα</span> <span class='ocrx_word' id='word_1_407' title='bbox 1177 3583 1275 3654; x_wconf 76' lang='grc' dir='ltr'>μὲν</span> <span class='ocrx_word' id='word_1_408' title='bbox 1310 3584 1416 3656; x_wconf 82' lang='grc' dir='ltr'>γὰρ</span> <span class='ocrx_word' id='word_1_409' title='bbox 1449 3585 1594 3656; x_wconf 84' lang='grc' dir='ltr'>αύτῷ</span> <span class='ocrx_word' id='word_1_410' title='bbox 1632 3587 1809 3640; x_wconf 85' lang='grc' dir='ltr'>δευτέ-</span> 
     </span>
    </p>
   </div>
   <div class='ocr_carea' id='block_1_53' title="bbox 241 3669 1804 3747">
    <p class='ocr_par' dir='ltr' id='par_1_53' title="bbox 241 3669 1804 3747">
     <span class='ocr_line' id='line_1_53' title="bbox 241 3669 1804 3747; baseline 0.004 -25"><span class='ocrx_word' id='word_1_411' title='bbox 241 3687 336 3740; x_wconf 89' lang='grc' dir='ltr'><strong>ρου</strong></span> <span class='ocrx_word' id='word_1_412' title='bbox 366 3669 520 3738; x_wconf 88' lang='grc' dir='ltr'>λόγου</span> <span class='ocrx_word' id='word_1_413' title='bbox 548 3673 639 3724; x_wconf 76' lang='grc' dir='ltr'>καὶ</span> <span class='ocrx_word' id='word_1_414' title='bbox 665 3671 934 3743; x_wconf 84' lang='grc' dir='ltr'>πάρεργα,</span> <span class='ocrx_word' id='word_1_415' title='bbox 965 3673 1058 3726; x_wconf 72' lang='grc' dir='ltr'>καὶ</span> <span class='ocrx_word' id='word_1_416' title='bbox 1077 3673 1323 3727; x_wconf 91' lang='grc' dir='ltr'>τοσοῦτον</span> <span class='ocrx_word' id='word_1_417' title='bbox 1356 3675 1653 3747; x_wconf 78' lang='grc' dir='ltr'>παιζόμενα</span> <span class='ocrx_word' id='word_1_418' title='bbox 1674 3676 1804 3747; x_wconf 86' lang='grc'>(17),</span> 
     </span>
    </p>
   </div>
   <div class='ocr_carea' id='block_1_54' title="bbox 241 3763 1809 3839">
    <p class='ocr_par' dir='ltr' id='par_1_54' title="bbox 241 3763 1809 3839">
     <span class='ocr_line' id='line_1_54' title="bbox 241 3763 1809 3839; baseline 0.003 -23"><span class='ocrx_word' id='word_1_419' title='bbox 241 3763 362 3817; x_wconf 82' lang='grc' dir='ltr'>ὅσον</span> <span class='ocrx_word' id='word_1_420' title='bbox 395 3765 467 3834; x_wconf 80' lang='grc' dir='ltr'>μὴ</span> <span class='ocrx_word' id='word_1_421' title='bbox 521 3763 806 3828; x_wconf 73' lang='grc' dir='ltr'>παίζεσθαι</span> <span class='ocrx_word' id='word_1_422' title='bbox 837 3766 984 3836; x_wconf 84' lang='grc' dir='ltr'><strong>παρά</strong></span> <span class='ocrx_word' id='word_1_423' title='bbox 1027 3765 1132 3819; x_wconf 81' lang='grc' dir='ltr'>τῶν</span> <span class='ocrx_word' id='word_1_424' title='bbox 1173 3766 1367 3820; x_wconf 76' lang='grc' dir='ltr'>εἰδέναι</span> <span class='ocrx_word' id='word_1_425' title='bbox 1420 3768 1809 3839; x_wconf 85' lang='grc' dir='ltr'>προσποιουμέ-</span> 
     </span>
    </p>
   </div>
   <div class='ocr_carea' id='block_1_55' title="bbox 241 3869 368 3906">
    <p class='ocr_par' dir='ltr' id='par_1_55' title="bbox 241 3869 368 3906">
     <span class='ocr_line' id='line_1_55' title="bbox 241 3869 368 3906; baseline 0.016 -2"><span class='ocrx_word' id='word_1_426' title='bbox 241 3869 368 3906; x_wconf 89' lang='grc' dir='ltr'>νων.</span> 
     </span>
    </p>
   </div>
   <div class='ocr_carea' id='block_1_56' title="bbox 1911 2216 3464 2288">
    <p class='ocr_par' dir='ltr' id='par_1_56' title="bbox 1911 2216 3464 2288">
     <span class='ocr_line' id='line_1_56' title="bbox 1911 2216 3464 2288; baseline -0.003 -13"><span class='ocrx_word' id='word_1_427' title='bbox 1911 2220 1976 2275; x_wconf 91' lang='lat' dir='ltr'><strong>ad</strong></span> <span class='ocrx_word' id='word_1_428' title='bbox 2001 2221 2198 2274; x_wconf 91' lang='lat' dir='ltr'><strong>bonum</strong></span> <span class='ocrx_word' id='word_1_429' title='bbox 2254 2220 2609 2288; x_wconf 87' lang='lat' dir='ltr'><strong>propensionc</strong></span> <span class='ocrx_word' id='word_1_430' title='bbox 2662 2217 3006 2272; x_wconf 84' lang='lat' dir='ltr'><strong>consistere:</strong></span> <span class='ocrx_word' id='word_1_431' title='bbox 3054 2217 3186 2271; x_wconf 86' lang='lat' dir='ltr'><strong>nihil</strong></span> <span class='ocrx_word' id='word_1_432' title='bbox 3239 2216 3464 2282; x_wconf 83' lang='lat' dir='ltr'><strong>referre,</strong></span> 
     </span>
    </p>
   </div>
   <div class='ocr_carea' id='block_1_57' title="bbox 1907 2306 3464 2381">
    <p class='ocr_par' dir='ltr' id='par_1_57' title="bbox 1907 2306 3464 2381">
     <span class='ocr_line' id='line_1_57' title="bbox 1907 2306 3464 2381; baseline -0.003 -17"><span class='ocrx_word' id='word_1_433' title='bbox 1907 2325 2017 2381; x_wconf 89' lang='lat' dir='ltr'><strong>quo</strong></span> <span class='ocrx_word' id='word_1_434' title='bbox 2060 2310 2246 2364; x_wconf 86' lang='lat' dir='ltr'><strong>habitu</strong></span> <span class='ocrx_word' id='word_1_435' title='bbox 2303 2310 2494 2375; x_wconf 88' lang='lat' dir='ltr'><strong>simus,</strong></span> <span class='ocrx_word' id='word_1_436' title='bbox 2551 2317 2752 2363; x_wconf 92' lang='lat' dir='ltr'><strong>etcum</strong></span> <span class='ocrx_word' id='word_1_437' title='bbox 2797 2309 2994 2377; x_wconf 87' lang='lat' dir='ltr'><strong>quibus</strong></span> <span class='ocrx_word' id='word_1_438' title='bbox 3023 2306 3464 2362; x_wconf 77' lang='lat' dir='ltr'><strong>consuetudinem</strong></span> 
     </span>
    </p>
   </div>
   <div class='ocr_carea' id='block_1_58' title="bbox 1909 2396 3465 2468">
    <p class='ocr_par' dir='ltr' id='par_1_58' title="bbox 1909 2396 3465 2468">
     <span class='ocr_line' id='line_1_58' title="bbox 1909 2396 3465 2468; baseline -0.004 -14"><span class='ocrx_word' id='word_1_439' title='bbox 1909 2401 2226 2467; x_wconf 89' lang='lat' dir='ltr'><strong>habeamus,</strong></span> <span class='ocrx_word' id='word_1_440' title='bbox 2250 2399 2410 2455; x_wconf 90' lang='lat' dir='ltr'><strong>modo</strong></span> <span class='ocrx_word' id='word_1_441' title='bbox 2437 2414 2537 2454; x_wconf 92' lang='lat' dir='ltr'><strong>nos</strong></span> <span class='ocrx_word' id='word_1_442' title='bbox 2566 2400 2638 2452; x_wconf 91' lang='lat' dir='ltr'><strong>ita</strong></span> <span class='ocrx_word' id='word_1_443' title='bbox 2689 2413 3085 2468; x_wconf 89' lang='lat' dir='ltr'><strong>comparemus,</strong></span> <span class='ocrx_word' id='word_1_444' title='bbox 3128 2408 3186 2451; x_wconf 92' lang='lat' dir='ltr'><strong>ut</strong></span> <span class='ocrx_word' id='word_1_445' title='bbox 3224 2397 3338 2452; x_wconf 85' lang='lat' dir='ltr'><strong>sive</strong></span> <span class='ocrx_word' id='word_1_446' title='bbox 3366 2396 3465 2452; x_wconf 82' lang='lat' dir='ltr'><strong>soli</strong></span> 
     </span>
    </p>
   </div>
   <div class='ocr_carea' id='block_1_59' title="bbox 1907 2491 3465 2556">
    <p class='ocr_par' dir='ltr' id='par_1_59' title="bbox 1907 2491 3465 2556">
     <span class='ocr_line' id='line_1_59' title="bbox 1907 2491 3465 2556; baseline -0.001 -12"><span class='ocrx_word' id='word_1_447' title='bbox 1907 2492 2076 2546; x_wconf 90' lang='lat' dir='ltr'><strong>simus</strong></span> <span class='ocrx_word' id='word_1_448' title='bbox 2098 2530 2112 2554; x_wconf 94' lang='lat'><strong>,</strong></span> <span class='ocrx_word' id='word_1_449' title='bbox 2138 2502 2370 2546; x_wconf 90' lang='lat' dir='ltr'><strong>mentem</strong></span> <span class='ocrx_word' id='word_1_450' title='bbox 2405 2506 2434 2544; x_wconf 93' lang='lat' dir='ltr'><strong>a</strong></span> <span class='ocrx_word' id='word_1_451' title='bbox 2467 2493 2721 2546; x_wconf 87' lang='lat' dir='ltr'><strong>sensibus</strong></span> <span class='ocrx_word' id='word_1_452' title='bbox 2753 2491 3154 2556; x_wconf 88' lang='lat' dir='ltr'><strong>contrahamus,</strong></span> <span class='ocrx_word' id='word_1_453' title='bbox 3197 2491 3312 2545; x_wconf 85' lang='lat' dir='ltr'><strong>sive</strong></span> <span class='ocrx_word' id='word_1_454' title='bbox 3343 2505 3465 2546; x_wconf 89' lang='lat' dir='ltr'><strong>cum</strong></span> 
     </span>
    </p>
   </div>
   <div class='ocr_carea' id='block_1_60' title="bbox 1907 2582 3464 2647">
    <p class='ocr_par' dir='ltr' id='par_1_60' title="bbox 1907 2582 3464 2647">
     <span class='ocr_line' id='line_1_60' title="bbox 1907 2582 3464 2647; baseline 0.001 -11"><span class='ocrx_word' id='word_1_455' title='bbox 1907 2583 2026 2637; x_wconf 90' lang='lat' dir='ltr'><strong>aliis</strong></span> <span class='ocrx_word' id='word_1_456' title='bbox 2049 2582 2354 2647; x_wconf 82' lang='lat' dir='ltr'><strong>versemur,</strong></span> <span class='ocrx_word' id='word_1_457' title='bbox 2395 2584 2447 2637; x_wconf 90' lang='lat' dir='ltr'><strong>in</strong></span> <span class='ocrx_word' id='word_1_458' title='bbox 2499 2585 2771 2638; x_wconf 89' lang='lat' dir='ltr'><strong>communi</strong></span> <span class='ocrx_word' id='word_1_459' title='bbox 2825 2583 3098 2638; x_wconf 89' lang='lat' dir='ltr'><strong>hominum</strong></span> <span class='ocrx_word' id='word_1_460' title='bbox 3150 2594 3292 2639; x_wconf 65' lang='lat' dir='ltr'><strong>coetu</strong></span> <span class='ocrx_word' id='word_1_461' title='bbox 3345 2593 3464 2638; x_wconf 92' lang='lat' dir='ltr'><strong>tan-</strong></span> 
     </span>
    </p>
   </div>
   <div class='ocr_carea' id='block_1_61' title="bbox 1907 2674 3468 2746">
    <p class='ocr_par' dir='ltr' id='par_1_61' title="bbox 1907 2674 3468 2746">
     <span class='ocr_line' id='line_1_61' title="bbox 1907 2674 3468 2746; baseline -0.001 -16"><span class='ocrx_word' id='word_1_462' title='bbox 1907 2692 2064 2746; x_wconf 89' lang='lat' dir='ltr'><strong>quam</strong></span> <span class='ocrx_word' id='word_1_463' title='bbox 2089 2677 2140 2730; x_wconf 93' lang='lat' dir='ltr'><strong>in</strong></span> <span class='ocrx_word' id='word_1_464' title='bbox 2164 2685 2372 2730; x_wconf 89' lang='lat' dir='ltr'><strong>secreto</strong></span> <span class='ocrx_word' id='word_1_465' title='bbox 2396 2675 2658 2740; x_wconf 83' lang='lat' dir='ltr'><strong>vivamus,</strong></span> <span class='ocrx_word' id='word_1_466' title='bbox 2684 2682 2844 2742; x_wconf 90' lang='lat' dir='ltr'><strong>atque</strong></span> <span class='ocrx_word' id='word_1_467' title='bbox 2872 2675 3012 2727; x_wconf 91' lang='lat' dir='ltr'><strong>inter</strong></span> <span class='ocrx_word' id='word_1_468' title='bbox 3026 2690 3118 2729; x_wconf 88' lang='lat' dir='ltr'><strong>eos</strong></span> <span class='ocrx_word' id='word_1_469' title='bbox 3142 2676 3229 2742; x_wconf 91' lang='lat' dir='ltr'><strong>qui</strong></span> <span class='ocrx_word' id='word_1_470' title='bbox 3248 2674 3468 2728; x_wconf 84' lang='lat' dir='ltr'><strong>minimc</strong></span> 
     </span>
    </p>
   </div>
   <div class='ocr_carea' id='block_1_62' title="bbox 1908 2766 3468 2840">
    <p class='ocr_par' dir='ltr' id='par_1_62' title="bbox 1908 2766 3468 2840">
     <span class='ocr_line' id='line_1_62' title="bbox 1908 2766 3468 2840; baseline -0.003 -16"><span class='ocrx_word' id='word_1_471' title='bbox 1908 2770 2390 2840; x_wconf 89' lang='lat' dir='ltr'><strong>philosophantur,</strong></span> <span class='ocrx_word' id='word_1_472' title='bbox 2446 2767 2792 2837; x_wconf 78' lang='lat' dir='ltr'><strong>philosophia:</strong></span> <span class='ocrx_word' id='word_1_473' title='bbox 2843 2767 3018 2821; x_wconf 78' lang='lat' dir='ltr'><strong>Studia</strong></span> <span class='ocrx_word' id='word_1_474' title='bbox 3092 2766 3349 2821; x_wconf 85' lang='lat' dir='ltr'><strong>colamus.</strong></span> <span class='ocrx_word' id='word_1_475' title='bbox 3401 2771 3468 2820; x_wconf 78' lang='lat' dir='ltr'><strong>Et</strong></span> 
     </span>
    </p>
   </div>
   <div class='ocr_carea' id='block_1_63' title="bbox 1908 2857 3464 2931">
    <p class='ocr_par' dir='ltr' id='par_1_63' title="bbox 1908 2857 3464 2931">
     <span class='ocr_line' id='line_1_63' title="bbox 1908 2857 3464 2931; baseline -0.003 -16"><span class='ocrx_word' id='word_1_476' title='bbox 1908 2862 2360 2931; x_wconf 89' lang='lat' dir='ltr'><strong>quemadmodum</strong></span> <span class='ocrx_word' id='word_1_477' title='bbox 2393 2876 2516 2915; x_wconf 83' lang='lat' dir='ltr'><strong>arca</strong></span> <span class='ocrx_word' id='word_1_478' title='bbox 2559 2859 2645 2913; x_wconf 91' lang='lat' dir='ltr'><strong>illa</strong></span> <span class='ocrx_word' id='word_1_479' title='bbox 2673 2859 2786 2914; x_wconf 76' lang='lat' dir='ltr'><strong>Noe</strong></span> <span class='ocrx_word' id='word_1_480' title='bbox 2812 2859 2878 2924; x_wconf 74' lang='lat'><strong>“,</strong></span> <span class='ocrx_word' id='word_1_481' title='bbox 2911 2873 3028 2928; x_wconf 62' lang='lat' dir='ltr'><strong>quae</strong></span> <span class='ocrx_word' id='word_1_482' title='bbox 3062 2858 3115 2912; x_wconf 91' lang='lat' dir='ltr'><strong>in</strong></span> <span class='ocrx_word' id='word_1_483' title='bbox 3145 2857 3342 2912; x_wconf 89' lang='lat' dir='ltr'><strong>diluvio</strong></span> <span class='ocrx_word' id='word_1_484' title='bbox 3360 2857 3464 2910; x_wconf 89' lang='lat' dir='ltr'><strong>vim</strong></span> 
     </span>
    </p>
   </div>
   <div class='ocr_carea' id='block_1_64' title="bbox 1909 2949 3467 3022">
    <p class='ocr_par' dir='ltr' id='par_1_64' title="bbox 1909 2949 3467 3022">
     <span class='ocr_line' id='line_1_64' title="bbox 1909 2949 3467 3022; baseline -0.004 -14"><span class='ocrx_word' id='word_1_485' title='bbox 1909 2952 2088 3008; x_wconf 89' lang='lat' dir='ltr'><strong>diluvii</strong></span> <span class='ocrx_word' id='word_1_486' title='bbox 2123 2952 2336 3017; x_wconf 89' lang='lat' dir='ltr'><strong>evasit;</strong></span> <span class='ocrx_word' id='word_1_487' title='bbox 2369 2962 2531 3022; x_wconf 85' lang='lat' dir='ltr'><strong>atque</strong></span> <span class='ocrx_word' id='word_1_488' title='bbox 2565 2951 2755 3021; x_wconf 80' lang='lat' dir='ltr'><strong>ingens</strong></span> <span class='ocrx_word' id='word_1_489' title='bbox 2789 2951 2917 3006; x_wconf 89' lang='lat' dir='ltr'><strong>illud</strong></span> <span class='ocrx_word' id='word_1_490' title='bbox 2964 2949 3162 3020; x_wconf 81' lang='lat' dir='ltr'><strong>Moysis</strong></span> <span class='ocrx_word' id='word_1_491' title='bbox 3189 2957 3467 3020; x_wconf 86' lang='lat' dir='ltr'><strong>spectacu-</strong></span> 
     </span>
    </p>
   </div>
   <div class='ocr_carea' id='block_1_65' title="bbox 1908 3038 3465 3108">
    <p class='ocr_par' dir='ltr' id='par_1_65' title="bbox 1908 3038 3465 3108">
     <span class='ocr_line' id='line_1_65' title="bbox 1908 3038 3465 3108; baseline -0.003 -14"><span class='ocrx_word' id='word_1_492' title='bbox 1908 3041 2037 3108; x_wconf 90' lang='lat' dir='ltr'><strong>lum,</strong></span> <span class='ocrx_word' id='word_1_493' title='bbox 2067 3041 2169 3096; x_wconf 75' lang='lat' dir='ltr'><strong>hoc</strong></span> <span class='ocrx_word' id='word_1_494' title='bbox 2193 3049 2296 3106; x_wconf 90' lang='lat' dir='ltr'><strong>est,</strong></span> <span class='ocrx_word' id='word_1_495' title='bbox 2327 3041 2414 3095; x_wconf 92' lang='lat' dir='ltr'><strong>ille</strong></span> <span class='ocrx_word' id='word_1_496' title='bbox 2437 3041 2636 3095; x_wconf 90' lang='lat' dir='ltr'><strong>montis</strong></span> <span class='ocrx_word' id='word_1_497' title='bbox 2653 3041 2817 3094; x_wconf 90' lang='lat' dir='ltr'><strong>rubus</strong></span> <span class='ocrx_word' id='word_1_498' title='bbox 2844 3040 2912 3102; x_wconf 74' lang='grc'><strong>⁸⁵,</strong></span> <span class='ocrx_word' id='word_1_499' title='bbox 2939 3053 3100 3108; x_wconf 90' lang='lat' dir='ltr'><strong>quem</strong></span> <span class='ocrx_word' id='word_1_500' title='bbox 3136 3038 3273 3107; x_wconf 80' lang='lat' dir='ltr'><strong>ignis</strong></span> <span class='ocrx_word' id='word_1_501' title='bbox 3305 3052 3465 3091; x_wconf 89' lang='lat' dir='ltr'><strong>urens</strong></span> 
     </span>
    </p>
   </div>
   <div class='ocr_carea' id='block_1_66' title="bbox 1909 3133 3462 3204">
    <p class='ocr_par' dir='ltr' id='par_1_66' title="bbox 1909 3133 3462 3204">
     <span class='ocr_line' id='line_1_66' title="bbox 1909 3133 3462 3204; baseline -0.003 -17"><span class='ocrx_word' id='word_1_502' title='bbox 1909 3149 2016 3188; x_wconf 92' lang='lat' dir='ltr'><strong>non</strong></span> <span class='ocrx_word' id='word_1_503' title='bbox 2064 3135 2380 3204; x_wconf 88' lang='lat' dir='ltr'><strong>perurebat,</strong></span> <span class='ocrx_word' id='word_1_504' title='bbox 2434 3133 2622 3188; x_wconf 91' lang='lat' dir='ltr'><strong>eodem</strong></span> <span class='ocrx_word' id='word_1_505' title='bbox 2682 3133 2839 3187; x_wconf 85' lang='lat' dir='ltr'><strong>modo</strong></span> <span class='ocrx_word' id='word_1_506' title='bbox 2879 3146 2974 3186; x_wconf 90' lang='lat' dir='ltr'><strong>nos</strong></span> <span class='ocrx_word' id='word_1_507' title='bbox 3011 3143 3240 3199; x_wconf 89' lang='lat' dir='ltr'><strong>quoque,</strong></span> <span class='ocrx_word' id='word_1_508' title='bbox 3274 3143 3370 3182; x_wconf 88' lang='lat' dir='ltr'><strong>nec</strong></span> <span class='ocrx_word' id='word_1_509' title='bbox 3397 3143 3462 3184; x_wconf 82' lang='lat' dir='ltr'><strong>ex</strong></span> 
     </span>
    </p>
   </div>
   <div class='ocr_carea' id='block_1_67' title="bbox 1907 3220 3464 3296">
    <p class='ocr_par' dir='ltr' id='par_1_67' title="bbox 1907 3220 3464 3296">
     <span class='ocr_line' id='line_1_67' title="bbox 1907 3220 3464 3296; baseline -0.002 -19"><span class='ocrx_word' id='word_1_510' title='bbox 1907 3223 2050 3296; x_wconf 77' lang='lat' dir='ltr'><strong>vulgi</strong></span> <span class='ocrx_word' id='word_1_511' title='bbox 2087 3225 2404 3291; x_wconf 83' lang='lat' dir='ltr'><strong>contagione</strong></span> <span class='ocrx_word' id='word_1_512' title='bbox 2430 3225 2814 3278; x_wconf 89' lang='lat' dir='ltr'><strong>detrimentum</strong></span> <span class='ocrx_word' id='word_1_513' title='bbox 2849 3222 3017 3276; x_wconf 93' lang='lat' dir='ltr'><strong>ullum</strong></span> <span class='ocrx_word' id='word_1_514' title='bbox 3059 3220 3464 3284; x_wconf 75' lang='lat' dir='ltr'><strong>contrahemus,</strong></span> 
     </span>
    </p>
   </div>
   <div class='ocr_carea' id='block_1_68' title="bbox 1907 3312 3464 3385">
    <p class='ocr_par' dir='ltr' id='par_1_68' title="bbox 1907 3312 3464 3385">
     <span class='ocr_line' id='line_1_68' title="bbox 1907 3312 3464 3385; baseline -0.003 -17"><span class='ocrx_word' id='word_1_515' title='bbox 1907 3316 2351 3385; x_wconf 89' lang='lat' dir='ltr'><strong>quemadmodum</strong></span> <span class='ocrx_word' id='word_1_516' title='bbox 2408 3330 2508 3369; x_wconf 89' lang='lat' dir='ltr'><strong>nec</strong></span> <span class='ocrx_word' id='word_1_517' title='bbox 2539 3314 2762 3369; x_wconf 91' lang='lat' dir='ltr'><strong>adamas</strong></span> <span class='ocrx_word' id='word_1_518' title='bbox 2816 3315 2883 3368; x_wconf 89' lang='lat' dir='ltr'><strong>ab</strong></span> <span class='ocrx_word' id='word_1_519' title='bbox 2916 3313 3003 3377; x_wconf 91' lang='lat' dir='ltr'><strong>iis,</strong></span> <span class='ocrx_word' id='word_1_520' title='bbox 3037 3326 3064 3366; x_wconf 91' lang='lat' dir='ltr'><strong>a</strong></span> <span class='ocrx_word' id='word_1_521' title='bbox 3101 3312 3296 3382; x_wconf 90' lang='lat' dir='ltr'><strong>quibus</strong></span> <span class='ocrx_word' id='word_1_522' title='bbox 3340 3327 3464 3380; x_wconf 83' lang='lat' dir='ltr'><strong>per-</strong></span> 
     </span>
    </p>
   </div>
   <div class='ocr_carea' id='block_1_69' title="bbox 1909 3404 3464 3476">
    <p class='ocr_par' dir='ltr' id='par_1_69' title="bbox 1909 3404 3464 3476">
     <span class='ocr_line' id='line_1_69' title="bbox 1909 3404 3464 3476; baseline -0.004 -14"><span class='ocrx_word' id='word_1_523' title='bbox 1909 3407 2191 3474; x_wconf 86' lang='lat' dir='ltr'><strong>cutitur,et</strong></span> <span class='ocrx_word' id='word_1_524' title='bbox 2218 3422 2315 3476; x_wconf 87' lang='lat' dir='ltr'><strong>pro</strong></span> <span class='ocrx_word' id='word_1_525' title='bbox 2345 3407 2487 3462; x_wconf 90' lang='lat' dir='ltr'><strong>virili</strong></span> <span class='ocrx_word' id='word_1_526' title='bbox 2524 3413 2714 3461; x_wconf 89' lang='lat' dir='ltr'><strong>nostra</strong></span> <span class='ocrx_word' id='word_1_527' title='bbox 2743 3420 3016 3469; x_wconf 91' lang='lat' dir='ltr'><strong>curemus,</strong></span> <span class='ocrx_word' id='word_1_528' title='bbox 3042 3414 3097 3458; x_wconf 91' lang='lat' dir='ltr'><strong>ut</strong></span> <span class='ocrx_word' id='word_1_529' title='bbox 3130 3404 3218 3457; x_wconf 89' lang='lat' dir='ltr'><strong>alii</strong></span> <span class='ocrx_word' id='word_1_530' title='bbox 3253 3417 3346 3472; x_wconf 86' lang='lat' dir='ltr'><strong>per</strong></span> <span class='ocrx_word' id='word_1_531' title='bbox 3367 3418 3464 3456; x_wconf 92' lang='lat' dir='ltr'><strong>nos</strong></span> 
     </span>
    </p>
   </div>
   <div class='ocr_carea' id='block_1_70' title="bbox 1909 3493 3463 3565">
    <p class='ocr_par' dir='ltr' id='par_1_70' title="bbox 1909 3493 3463 3565">
     <span class='ocr_line' id='line_1_70' title="bbox 1909 3493 3463 3565; baseline -0.003 -15"><span class='ocrx_word' id='word_1_532' title='bbox 1909 3495 2163 3552; x_wconf 90' lang='lat' dir='ltr'><strong>meliores</strong></span> <span class='ocrx_word' id='word_1_533' title='bbox 2184 3496 2502 3552; x_wconf 84' lang='lat' dir='ltr'><strong>elliciantur.</strong></span> <span class='ocrx_word' id='word_1_534' title='bbox 2525 3495 2694 3565; x_wconf 89' lang='lat' dir='ltr'><strong>llujus</strong></span> <span class='ocrx_word' id='word_1_535' title='bbox 2719 3495 3069 3565; x_wconf 65' lang='lat' dir='ltr'><strong>philosophiae</strong></span> <span class='ocrx_word' id='word_1_536' title='bbox 3099 3493 3326 3557; x_wconf 86' lang='lat' dir='ltr'><strong>fructus,</strong></span> <span class='ocrx_word' id='word_1_537' title='bbox 3356 3507 3463 3546; x_wconf 89' lang='lat' dir='ltr'><strong>n0n</strong></span> 
     </span>
    </p>
   </div>
   <div class='ocr_carea' id='block_1_71' title="bbox 1907 3586 3464 3658">
    <p class='ocr_par' dir='ltr' id='par_1_71' title="bbox 1907 3586 3464 3658">
     <span class='ocr_line' id='line_1_71' title="bbox 1907 3586 3464 3658; baseline -0.003 -15"><span class='ocrx_word' id='word_1_538' title='bbox 1907 3602 2160 3644; x_wconf 80' lang='lat' dir='ltr'><strong>sermone</strong></span> <span class='ocrx_word' id='word_1_539' title='bbox 2193 3590 2334 3644; x_wconf 61' lang='lat' dir='ltr'><strong>ﬁcta:</strong></span> <span class='ocrx_word' id='word_1_540' title='bbox 2395 3589 2640 3643; x_wconf 84' lang='lat' dir='ltr'><strong>civitates</strong></span> <span class='ocrx_word' id='word_1_541' title='bbox 2671 3589 2961 3658; x_wconf 86' lang='lat' dir='ltr'><strong>(scindapsi</strong></span> <span class='ocrx_word' id='word_1_542' title='bbox 2987 3589 3227 3657; x_wconf 87' lang='lat' dir='ltr'><strong>quidam,</strong></span> <span class='ocrx_word' id='word_1_543' title='bbox 3261 3594 3318 3640; x_wconf 92' lang='lat' dir='ltr'><strong>ut</strong></span> <span class='ocrx_word' id='word_1_544' title='bbox 3360 3586 3464 3655; x_wconf 82' lang='lat' dir='ltr'><strong>ipsi</strong></span> 
     </span>
    </p>
   </div>
   <div class='ocr_carea' id='block_1_72' title="bbox 1911 3679 3461 3751">
    <p class='ocr_par' dir='ltr' id='par_1_72' title="bbox 1911 3679 3461 3751">
     <span class='ocr_line' id='line_1_72' title="bbox 1911 3679 3461 3751; baseline -0.001 -20"><span class='ocrx_word' id='word_1_545' title='bbox 1911 3679 2082 3746; x_wconf 89' lang='lat' dir='ltr'><strong>aiunt,</strong></span> <span class='ocrx_word' id='word_1_546' title='bbox 2113 3689 2166 3735; x_wconf 91' lang='lat' dir='ltr'><strong>et</strong></span> <span class='ocrx_word' id='word_1_547' title='bbox 2192 3681 2509 3751; x_wconf 86' lang='lat' dir='ltr'><strong>tragclaphi,</strong></span> <span class='ocrx_word' id='word_1_548' title='bbox 2544 3696 2662 3750; x_wconf 69' lang='lat' dir='ltr'><strong>qum</strong></span> <span class='ocrx_word' id='word_1_549' title='bbox 2687 3681 2868 3749; x_wconf 78' lang='lat' dir='ltr'><strong>lingua</strong></span> <span class='ocrx_word' id='word_1_550' title='bbox 2893 3679 3004 3734; x_wconf 87' lang='lat' dir='ltr'><strong>sola</strong></span> <span class='ocrx_word' id='word_1_551' title='bbox 3033 3679 3340 3746; x_wconf 87' lang='lat' dir='ltr'><strong>construit),</strong></span> <span class='ocrx_word' id='word_1_552' title='bbox 3360 3691 3461 3731; x_wconf 89' lang='lat' dir='ltr'><strong>nec</strong></span> 
     </span>
    </p>
   </div>
   <div class='ocr_carea' id='block_1_73' title="bbox 1909 3769 3464 3850">
    <p class='ocr_par' dir='ltr' id='par_1_73' title="bbox 1909 3769 3464 3850">
     <span class='ocr_line' id='line_1_73' title="bbox 1909 3769 3464 3850; baseline -0.001 -28"><span class='ocrx_word' id='word_1_553' title='bbox 1909 3769 2193 3839; x_wconf 77' lang='lat' dir='ltr'><strong>categorize</strong></span> <span class='ocrx_word' id='word_1_554' title='bbox 2215 3772 2456 3840; x_wconf 65' lang='lat' dir='ltr'><strong>quaedam</strong></span> <span class='ocrx_word' id='word_1_555' title='bbox 2481 3781 2533 3824; x_wconf 91' lang='lat' dir='ltr'><strong>et</strong></span> <span class='ocrx_word' id='word_1_556' title='bbox 2585 3771 2855 3841; x_wconf 85' lang='lat' dir='ltr'><strong>analyses,</strong></span> <span class='ocrx_word' id='word_1_557' title='bbox 2905 3785 2968 3823; x_wconf 91' lang='lat' dir='ltr'><strong>ac</strong></span> <span class='ocrx_word' id='word_1_558' title='bbox 3025 3769 3332 3850; x_wconf 65' lang='lat' dir='ltr'><strong>mistiones,</strong></span> <span class='ocrx_word' id='word_1_559' title='bbox 3365 3782 3464 3821; x_wconf 92' lang='lat' dir='ltr'><strong>nec</strong></span> 
     </span>
    </p>
   </div>
   <div class='ocr_carea' id='block_1_74' title="bbox 1910 3862 3462 3935">
    <p class='ocr_par' dir='ltr' id='par_1_74' title="bbox 1910 3862 3462 3935">
     <span class='ocr_line' id='line_1_74' title="bbox 1910 3862 3462 3935; baseline -0.002 -19"><span class='ocrx_word' id='word_1_560' title='bbox 1910 3863 2241 3932; x_wconf 85' lang='lat' dir='ltr'><strong>symbamata</strong></span> <span class='ocrx_word' id='word_1_561' title='bbox 2269 3874 2321 3919; x_wconf 91' lang='lat' dir='ltr'><strong>et</strong></span> <span class='ocrx_word' id='word_1_562' title='bbox 2343 3864 2834 3935; x_wconf 84' lang='lat' dir='ltr'><strong>parasymbamata,</strong></span> <span class='ocrx_word' id='word_1_563' title='bbox 2855 3872 2909 3919; x_wconf 89' lang='lat' dir='ltr'><strong>et</strong></span> <span class='ocrx_word' id='word_1_564' title='bbox 2934 3865 3232 3933; x_wconf 73' lang='lat' dir='ltr'><strong>argutatrix</strong></span> <span class='ocrx_word' id='word_1_565' title='bbox 3250 3862 3462 3930; x_wconf 86' lang='lat' dir='ltr'><strong>sapien-</strong></span> 
     </span>
    </p>
   </div>
   <div class='ocr_carea' id='block_1_75' title="bbox 242 3941 3456 4025">
    <p class='ocr_par' dir='ltr' id='par_1_75' title="bbox 242 3941 3456 4025">
     <span class='ocr_line' id='line_1_75' title="bbox 242 3941 3456 4025; baseline 0.004 -31"><span class='ocrx_word' id='word_1_566' title='bbox 242 3941 339 4000; x_wconf 87' lang='lat' dir='ltr'><strong>tia.</strong></span> <span class='ocrx_word' id='word_1_567' title='bbox 372 3956 469 3996; x_wconf 91' lang='lat' dir='ltr'><strong>nec</strong></span> <span class='ocrx_word' id='word_1_568' title='bbox 504 3942 657 3997; x_wconf 62' lang='lat' dir='ltr'><strong>lineae</strong></span> <span class='ocrx_word' id='word_1_569' title='bbox 696 3944 939 4012; x_wconf 66' lang='lat' dir='ltr'><strong>quazdam</strong></span> <span class='ocrx_word' id='word_1_570' title='bbox 1005 3959 1268 4014; x_wconf 88' lang='lat' dir='ltr'><strong>nusquam</strong></span> <span class='ocrx_word' id='word_1_571' title='bbox 1314 3945 1650 4012; x_wconf 76' lang='lat' dir='ltr'><strong>exsistentes,</strong></span> <span class='ocrx_word' id='word_1_572' title='bbox 1690 3961 1786 4002; x_wconf 91' lang='lat' dir='ltr'><strong>nec</strong></span> <span class='ocrx_word' id='word_1_573' title='bbox 1825 3949 2058 4005; x_wconf 89' lang='lat' dir='ltr'><strong>siderum</strong></span> <span class='ocrx_word' id='word_1_574' title='bbox 2122 3969 2310 4018; x_wconf 75' lang='lat' dir='ltr'><strong>nexus,</strong></span> <span class='ocrx_word' id='word_1_575' title='bbox 2353 3964 2407 4010; x_wconf 89' lang='lat' dir='ltr'><strong>et</strong></span> <span class='ocrx_word' id='word_1_576' title='bbox 2435 3955 2615 4024; x_wconf 85' lang='lat' dir='ltr'><strong>ﬁgura:</strong></span> <span class='ocrx_word' id='word_1_577' title='bbox 2642 3954 2806 4025; x_wconf 67' lang='grc'><strong>459</strong></span> <span class='ocrx_word' id='word_1_578' title='bbox 2857 3955 3114 4010; x_wconf 89' lang='lat' dir='ltr'><strong>adversus</strong></span> <span class='ocrx_word' id='word_1_579' title='bbox 3144 3954 3234 4008; x_wconf 88' lang='lat' dir='ltr'><strong>Dei</strong></span> <span class='ocrx_word' id='word_1_580' title='bbox 3269 3953 3456 4022; x_wconf 82' lang='lat' dir='ltr'><strong>provi-</strong></span> 
     </span>
    </p>
   </div>
   <div class='ocr_carea' id='block_1_76' title="bbox 241 4033 3462 4117">
    <p class='ocr_par' dir='ltr' id='par_1_76' title="bbox 241 4033 3462 4117">
     <span class='ocr_line' id='line_1_76' title="bbox 241 4033 3462 4117; baseline 0.002 -29"><span class='ocrx_word' id='word_1_581' title='bbox 241 4033 479 4088; x_wconf 87' lang='lat' dir='ltr'><strong>dentiam</strong></span> <span class='ocrx_word' id='word_1_582' title='bbox 533 4036 864 4105; x_wconf 47' lang='lat' dir='ltr'><strong>excogitata).</strong></span> <span class='ocrx_word' id='word_1_583' title='bbox 905 4035 1029 4090; x_wconf 67' lang='lat' dir='ltr'><strong>Haec</strong></span> <span class='ocrx_word' id='word_1_584' title='bbox 1074 4038 1214 4090; x_wconf 87' lang='lat' dir='ltr'><strong>enim</strong></span> <span class='ocrx_word' id='word_1_585' title='bbox 1263 4037 1350 4091; x_wconf 90' lang='lat' dir='ltr'><strong>ille</strong></span> <span class='ocrx_word' id='word_1_586' title='bbox 1403 4040 1640 4094; x_wconf 88' lang='lat' dir='ltr'><strong>secundo</strong></span> <span class='ocrx_word' id='word_1_587' title='bbox 1671 4040 1787 4095; x_wconf 90' lang='lat' dir='ltr'><strong>loco</strong></span> <span class='ocrx_word' id='word_1_588' title='bbox 1825 4056 2040 4113; x_wconf 79' lang='lat' dir='ltr'><strong>seraper</strong></span> <span class='ocrx_word' id='word_1_589' title='bbox 2069 4046 2278 4112; x_wconf 88' lang='lat' dir='ltr'><strong>habuit,</strong></span> <span class='ocrx_word' id='word_1_590' title='bbox 2311 4047 2593 4117; x_wconf 90' lang='lat' dir='ltr'><strong>obiterque</strong></span> <span class='ocrx_word' id='word_1_591' title='bbox 2624 4063 2687 4101; x_wconf 91' lang='lat' dir='ltr'><strong>ac</strong></span> <span class='ocrx_word' id='word_1_592' title='bbox 2753 4047 2896 4102; x_wconf 88' lang='lat' dir='ltr'><strong>velut</strong></span> <span class='ocrx_word' id='word_1_593' title='bbox 2943 4062 3039 4115; x_wconf 88' lang='lat' dir='ltr'><strong>per</strong></span> <span class='ocrx_word' id='word_1_594' title='bbox 3082 4045 3265 4099; x_wconf 90' lang='lat' dir='ltr'><strong>ludum</strong></span> <span class='ocrx_word' id='word_1_595' title='bbox 3332 4044 3462 4097; x_wconf 84' lang='lat' dir='ltr'><strong>atti-</strong></span> 
     </span>
    </p>
   </div>
   <div class='ocr_carea' id='block_1_77' title="bbox 242 4125 3462 4206">
    <p class='ocr_par' dir='ltr' id='par_1_77' title="bbox 242 4125 3462 4206">
     <span class='ocr_line' id='line_1_77' title="bbox 242 4125 3462 4206; baseline 0.004 -28"><span class='ocrx_word' id='word_1_596' title='bbox 242 4128 337 4195; x_wconf 71' lang='lat' dir='ltr'><strong>git,</strong></span> <span class='ocrx_word' id='word_1_597' title='bbox 370 4125 736 4196; x_wconf 89' lang='lat' dir='ltr'><strong>hactenusque</strong></span> <span class='ocrx_word' id='word_1_598' title='bbox 767 4128 1045 4195; x_wconf 79' lang='lat' dir='ltr'><strong>duntaxat,</strong></span> <span class='ocrx_word' id='word_1_599' title='bbox 1072 4141 1137 4181; x_wconf 89' lang='lat' dir='ltr'><strong>ne</strong></span> <span class='ocrx_word' id='word_1_600' title='bbox 1169 4126 1387 4192; x_wconf 90' lang='lat' dir='ltr'><strong>abillis,</strong></span> <span class='ocrx_word' id='word_1_601' title='bbox 1413 4130 1502 4196; x_wconf 88' lang='lat' dir='ltr'><strong>qui</strong></span> <span class='ocrx_word' id='word_1_602' title='bbox 1571 4144 1631 4185; x_wconf 87' lang='lat' dir='ltr'><strong>se</strong></span> <span class='ocrx_word' id='word_1_603' title='bbox 1691 4145 1876 4186; x_wconf 92' lang='lat' dir='ltr'><strong>earum</strong></span> <span class='ocrx_word' id='word_1_604' title='bbox 1914 4149 2096 4191; x_wconf 89' lang='lat' dir='ltr'><strong>rerum</strong></span> <span class='ocrx_word' id='word_1_605' title='bbox 2155 4138 2441 4194; x_wconf 87' lang='lat' dir='ltr'><strong>scientiam</strong></span> <span class='ocrx_word' id='word_1_606' title='bbox 2500 4148 2682 4194; x_wconf 89' lang='lat' dir='ltr'><strong>tenere</strong></span> <span class='ocrx_word' id='word_1_607' title='bbox 2734 4137 3077 4206; x_wconf 86' lang='lat' dir='ltr'><strong>proﬁtentur,</strong></span> <span class='ocrx_word' id='word_1_608' title='bbox 3121 4135 3270 4190; x_wconf 90' lang='lat' dir='ltr'><strong>illudi</strong></span> <span class='ocrx_word' id='word_1_609' title='bbox 3301 4145 3462 4192; x_wconf 47' lang='lat' dir='ltr'><strong>atrue</strong></span> 
     </span>
    </p>
   </div>
   <div class='ocr_carea' id='block_1_78' title="bbox 240 4218 741 4287">
    <p class='ocr_par' dir='ltr' id='par_1_78' title="bbox 240 4218 741 4287">
     <span class='ocr_line' id='line_1_78' title="bbox 240 4218 741 4287; baseline -0.002 -14"><span class='ocrx_word' id='word_1_610' title='bbox 240 4218 502 4285; x_wconf 78' lang='lat' dir='ltr'><strong>exagitari</strong></span> <span class='ocrx_word' id='word_1_611' title='bbox 539 4226 741 4287; x_wconf 88' lang='lat' dir='ltr'><strong>posset.</strong></span> 
     </span>
    </p>
   </div>
   <div class='ocr_carea' id='block_1_79' title="bbox 309 4309 1240 4377">
    <p class='ocr_par' dir='ltr' id='par_1_79' title="bbox 309 4309 1240 4377">
     <span class='ocr_line' id='line_1_79' title="bbox 309 4309 1240 4377; baseline 0 -13"><span class='ocrx_word' id='word_1_612' title='bbox 309 4311 354 4342; x_wconf 76' lang='lat'><strong>“</strong></span> <span class='ocrx_word' id='word_1_613' title='bbox 376 4309 509 4370; x_wconf 88' lang='lat' dir='ltr'><strong>Gen.</strong></span> <span class='ocrx_word' id='word_1_614' title='bbox 539 4326 613 4374; x_wconf 82' lang='lat' dir='ltr'><strong>vi,</strong></span> <span class='ocrx_word' id='word_1_615' title='bbox 644 4312 729 4365; x_wconf 68' lang='grc'><strong>14.</strong></span> <span class='ocrx_word' id='word_1_616' title='bbox 805 4311 850 4342; x_wconf 68' lang='grc'><strong>⁸⁸</strong></span> <span class='ocrx_word' id='word_1_617' title='bbox 877 4311 1044 4365; x_wconf 84' lang='lat' dir='ltr'><strong>Exou.</strong></span> <span class='ocrx_word' id='word_1_618' title='bbox 1093 4327 1154 4377; x_wconf 87' lang='grc' dir='ltr'><strong>ιι,</strong></span> <span class='ocrx_word' id='word_1_619' title='bbox 1189 4345 1240 4364; x_wconf 81' lang='grc'><strong>...</strong></span> 
     </span>
    </p>
   </div>
   <div class='ocr_carea' id='block_1_80' title="bbox 309 4403 1794 4476">
    <p class='ocr_par' dir='ltr' id='par_1_80' title="bbox 309 4403 1794 4476">
     <span class='ocr_line' id='line_1_80' title="bbox 309 4403 1794 4476; baseline 0.001 -18"><span class='ocrx_word' id='word_1_620' title='bbox 309 4406 385 4476; x_wconf 90' lang='lat'><strong>(7)</strong></span> <span class='ocrx_word' id='word_1_621' title='bbox 408 4404 660 4476; x_wconf 66' lang='grc' dir='ltr'>Στέψας.</span> <span class='ocrx_word' id='word_1_622' title='bbox 711 4403 800 4458; x_wconf 89' lang='lat' dir='ltr'><strong>Or.</strong></span> <span class='ocrx_word' id='word_1_623' title='bbox 836 4405 972 4476; x_wconf 11' lang='lat' dir='ltr'><strong>{1,7et</strong></span> <span class='ocrx_word' id='word_1_624' title='bbox 1029 4403 1199 4468; x_wconf 89' lang='lat' dir='ltr'><strong>Pass.,</strong></span> <span class='ocrx_word' id='word_1_625' title='bbox 1233 4403 1597 4474; x_wconf 85' lang='grc' dir='ltr'>στεφανώσας.</span> <span class='ocrx_word' id='word_1_626' title='bbox 1659 4405 1794 4460; x_wconf 84' lang='lat' dir='ltr'><strong>Addi</strong></span> 
     </span>
    </p>
   </div>
   <div class='ocr_carea' id='block_1_81' title="bbox 236 4474 1875 4570">
    <p class='ocr_par' dir='ltr' id='par_1_81' title="bbox 236 4474 1875 4570">
     <span class='ocr_line' id='line_1_81' title="bbox 236 4474 1875 4570; baseline -0.002 -40"><span class='ocrx_word' id='word_1_627' title='bbox 236 4474 440 4570; x_wconf 62' lang='lat' dir='ltr'><strong>posset,</strong></span> <span class='ocrx_word' id='word_1_628' title='bbox 466 4477 561 4528; x_wconf 70' lang='grc' dir='ltr'>καὶ</span> <span class='ocrx_word' id='word_1_629' title='bbox 595 4475 749 4556; x_wconf 73' lang='grc' dir='ltr'>μύρῳ</span> <span class='ocrx_word' id='word_1_630' title='bbox 802 4474 1045 4544; x_wconf 66' lang='grc' dir='ltr'>ἀλείψας,</span> <span class='ocrx_word' id='word_1_631' title='bbox 1099 4494 1116 4525; x_wconf 79' lang='grc' dir='ltr'><strong>ι</strong></span> <span class='ocrx_word' id='word_1_632' title='bbox 1142 4483 1485 4558; x_wconf 31' lang='grc' dir='ltr'>ειηιιιιειιοιιιο</span> <span class='ocrx_word' id='word_1_633' title='bbox 1512 4490 1743 4557; x_wconf 67' lang='grc' dir='ltr'>μιιςειιδ.</span> <span class='ocrx_word' id='word_1_634' title='bbox 1772 4494 1790 4526; x_wconf 76' lang='grc' dir='ltr'><strong>ι</strong></span> <span class='ocrx_word' id='word_1_635' title='bbox 1832 4516 1875 4570; x_wconf 77' lang='lat' dir='ltr'><strong>D</strong></span> 
     </span>
    </p>
   </div>
   <div class='ocr_carea' id='block_1_82' title="bbox 243 4546 1798 4614">
    <p class='ocr_par' dir='ltr' id='par_1_82' title="bbox 243 4546 1798 4614">
     <span class='ocr_line' id='line_1_82' title="bbox 243 4546 1798 4614; baseline -0.001 -14"><span class='ocrx_word' id='word_1_636' title='bbox 243 4547 529 4613; x_wconf 88' lang='lat' dir='ltr'><strong>Utriusque</strong></span> <span class='ocrx_word' id='word_1_637' title='bbox 579 4547 721 4598; x_wconf 86' lang='lat' dir='ltr'><strong>enim</strong></span> <span class='ocrx_word' id='word_1_638' title='bbox 775 4561 1005 4610; x_wconf 67' lang='lat' dir='ltr'><strong>coronae,</strong></span> <span class='ocrx_word' id='word_1_639' title='bbox 1059 4555 1112 4605; x_wconf 86' lang='lat' dir='ltr'><strong>et</strong></span> <span class='ocrx_word' id='word_1_640' title='bbox 1157 4565 1174 4596; x_wconf 82' lang='grc' dir='ltr'><strong>ι</strong></span> <span class='ocrx_word' id='word_1_641' title='bbox 1204 4546 1555 4614; x_wconf 83' lang='lat' dir='ltr'><strong>impositionis</strong></span> <span class='ocrx_word' id='word_1_642' title='bbox 1607 4554 1659 4598; x_wconf 90' lang='lat' dir='ltr'><strong>et</strong></span> <span class='ocrx_word' id='word_1_643' title='bbox 1701 4562 1798 4600; x_wconf 87' lang='lat' dir='ltr'><strong>un-</strong></span> 
     </span>
    </p>
   </div>
   <div class='ocr_carea' id='block_1_83' title="bbox 238 4615 1478 4679">
    <p class='ocr_par' dir='ltr' id='par_1_83' title="bbox 238 4615 1478 4679">
     <span class='ocr_line' id='line_1_83' title="bbox 238 4615 1478 4679; baseline -0.002 -8"><span class='ocrx_word' id='word_1_644' title='bbox 238 4617 432 4673; x_wconf 89' lang='lat' dir='ltr'><strong>ctionis</strong></span> <span class='ocrx_word' id='word_1_645' title='bbox 453 4636 470 4666; x_wconf 77' lang='grc' dir='ltr'>ι</span> <span class='ocrx_word' id='word_1_646' title='bbox 503 4616 743 4668; x_wconf 91' lang='lat' dir='ltr'><strong>meminit</strong></span> <span class='ocrx_word' id='word_1_647' title='bbox 777 4615 943 4676; x_wconf 89' lang='lat' dir='ltr'><strong>Plato,</strong></span> <span class='ocrx_word' id='word_1_648' title='bbox 971 4616 1063 4673; x_wconf 87' lang='lat' dir='ltr'><strong>lib.</strong></span> <span class='ocrx_word' id='word_1_649' title='bbox 1090 4633 1148 4670; x_wconf 89' lang='grc' dir='ltr'><strong>ιιι</strong></span> <span class='ocrx_word' id='word_1_650' title='bbox 1181 4615 1257 4669; x_wconf 88' lang='lat' dir='ltr'><strong>De</strong></span> <span class='ocrx_word' id='word_1_651' title='bbox 1285 4616 1478 4679; x_wconf 84' lang='lat' dir='ltr'><strong>republ.</strong></span> 
     </span>
    </p>
   </div>
   <div class='ocr_carea' id='block_1_84' title="bbox 311 4683 1797 4755">
    <p class='ocr_par' dir='ltr' id='par_1_84' title="bbox 311 4683 1797 4755">
     <span class='ocr_line' id='line_1_84' title="bbox 311 4683 1797 4755; baseline -0.001 -15"><span class='ocrx_word' id='word_1_652' title='bbox 311 4687 386 4755; x_wconf 88' lang='lat'><strong>(8)</strong></span> <span class='ocrx_word' id='word_1_653' title='bbox 423 4686 528 4751; x_wconf 76' lang='grc' dir='ltr'><strong>’Ὧς</strong></span> <span class='ocrx_word' id='word_1_654' title='bbox 556 4702 642 4750; x_wconf 82' lang='grc' dir='ltr'><strong>τις</strong></span> <span class='ocrx_word' id='word_1_655' title='bbox 697 4685 940 4739; x_wconf 79' lang='grc' dir='ltr'><strong>ἐκείνων</strong></span> <span class='ocrx_word' id='word_1_656' title='bbox 969 4686 1075 4743; x_wconf 77' lang='grc' dir='ltr'><strong>τὸν</strong></span> <span class='ocrx_word' id='word_1_657' title='bbox 1106 4684 1377 4752; x_wconf 75' lang='grc' dir='ltr'>ποιητήν.</span> <span class='ocrx_word' id='word_1_658' title='bbox 1443 4705 1460 4737; x_wconf 81' lang='grc' dir='ltr'><strong>ι</strong></span> <span class='ocrx_word' id='word_1_659' title='bbox 1489 4685 1557 4741; x_wconf 90' lang='lat' dir='ltr'><strong>Ut</strong></span> <span class='ocrx_word' id='word_1_660' title='bbox 1581 4683 1797 4755; x_wconf 87' lang='lat' dir='ltr'><strong>quidam</strong></span> 
     </span>
    </p>
   </div>
   <div class='ocr_carea' id='block_1_85' title="bbox 237 4754 1796 4827">
    <p class='ocr_par' dir='ltr' id='par_1_85' title="bbox 237 4754 1796 4827">
     <span class='ocr_line' id='line_1_85' title="bbox 237 4754 1796 4827; baseline -0.003 -14"><span class='ocrx_word' id='word_1_661' title='bbox 237 4754 476 4827; x_wconf 83' lang='lat' dir='ltr'><strong>ipsOrum</strong></span> <span class='ocrx_word' id='word_1_662' title='bbox 526 4765 733 4827; x_wconf 87' lang='lat' dir='ltr'><strong>poetam</strong></span> <span class='ocrx_word' id='word_1_663' title='bbox 778 4757 1014 4827; x_wconf 88' lang='lat' dir='ltr'><strong>ornavit.</strong></span> <span class='ocrx_word' id='word_1_664' title='bbox 1049 4779 1066 4811; x_wconf 72' lang='grc' dir='ltr'>ι</span> <span class='ocrx_word' id='word_1_665' title='bbox 1113 4758 1408 4827; x_wconf 6' lang='lat' dir='ltr'><strong>Platogipse</strong></span> <span class='ocrx_word' id='word_1_666' title='bbox 1445 4765 1544 4819; x_wconf 90' lang='lat' dir='ltr'><strong>est,</strong></span> <span class='ocrx_word' id='word_1_667' title='bbox 1573 4754 1796 4827; x_wconf 77' lang='lat' dir='ltr'><strong>quiﬂo-</strong></span> 
     </span>
    </p>
   </div>
   <div class='ocr_carea' id='block_1_86' title="bbox 239 4825 1796 4895">
    <p class='ocr_par' dir='ltr' id='par_1_86' title="bbox 239 4825 1796 4895">
     <span class='ocr_line' id='line_1_86' title="bbox 239 4825 1796 4895; baseline -0.001 -14"><span class='ocrx_word' id='word_1_668' title='bbox 239 4825 470 4890; x_wconf 75' lang='lat' dir='ltr'><strong>lucrum,</strong></span> <span class='ocrx_word' id='word_1_669' title='bbox 496 4840 564 4879; x_wconf 91' lang='lat' dir='ltr'><strong>ne</strong></span> <span class='ocrx_word' id='word_1_670' title='bbox 589 4825 875 4895; x_wconf 86' lang='lat' dir='ltr'><strong>juvenibus</strong></span> <span class='ocrx_word' id='word_1_671' title='bbox 903 4829 1091 4884; x_wconf 81' lang='lat' dir='ltr'><strong>noxius</strong></span> <span class='ocrx_word' id='word_1_672' title='bbox 1119 4839 1173 4880; x_wconf 91' lang='lat' dir='ltr'><strong>et</strong></span> <span class='ocrx_word' id='word_1_673' title='bbox 1203 4825 1461 4881; x_wconf 77' lang='lat' dir='ltr'><strong>exitiosus</strong></span> <span class='ocrx_word' id='word_1_674' title='bbox 1487 4834 1648 4887; x_wconf 87' lang='lat' dir='ltr'><strong>esset,</strong></span> <span class='ocrx_word' id='word_1_675' title='bbox 1677 4825 1796 4880; x_wconf 87' lang='lat' dir='ltr'><strong>lana</strong></span> 
     </span>
    </p>
   </div>
   <div class='ocr_carea' id='block_1_87' title="bbox 236 4895 1798 4952">
    <p class='ocr_par' dir='ltr' id='par_1_87' title="bbox 236 4895 1798 4952">
     <span class='ocr_line' id='line_1_87' title="bbox 236 4895 1798 4952; baseline 0 -4"><span class='ocrx_word' id='word_1_676' title='bbox 236 4897 485 4951; x_wconf 80' lang='lat' dir='ltr'><strong>coronari</strong></span> <span class='ocrx_word' id='word_1_677' title='bbox 524 4903 577 4950; x_wconf 89' lang='lat' dir='ltr'><strong>et</strong></span> <span class='ocrx_word' id='word_1_678' title='bbox 629 4895 820 4950; x_wconf 89' lang='lat' dir='ltr'><strong>dimitti</strong></span> <span class='ocrx_word' id='word_1_679' title='bbox 880 4899 1084 4952; x_wconf 86' lang='lat' dir='ltr'><strong>statuit.</strong></span> <span class='ocrx_word' id='word_1_680' title='bbox 1121 4896 1228 4950; x_wconf 85' lang='lat' dir='ltr'><strong>llac</strong></span> <span class='ocrx_word' id='word_1_681' title='bbox 1253 4896 1602 4950; x_wconf 85' lang='lat' dir='ltr'><strong>similitudine</strong></span> <span class='ocrx_word' id='word_1_682' title='bbox 1627 4895 1798 4948; x_wconf 87' lang='lat' dir='ltr'><strong>utitur</strong></span> 
     </span>
    </p>
   </div>
   <div class='ocr_carea' id='block_1_88' title="bbox 235 4965 1798 5034">
    <p class='ocr_par' dir='ltr' id='par_1_88' title="bbox 235 4965 1798 5034">
     <span class='ocr_line' id='line_1_88' title="bbox 235 4965 1798 5034; baseline -0.003 -12"><span class='ocrx_word' id='word_1_683' title='bbox 235 4966 552 5034; x_wconf 85' lang='lat' dir='ltr'><strong>Gregorius,</strong></span> <span class='ocrx_word' id='word_1_684' title='bbox 591 4975 648 5020; x_wconf 90' lang='lat' dir='ltr'><strong>ut</strong></span> <span class='ocrx_word' id='word_1_685' title='bbox 676 4965 953 5019; x_wconf 87' lang='lat' dir='ltr'><strong>sublimem</strong></span> <span class='ocrx_word' id='word_1_686' title='bbox 999 4967 1213 5022; x_wconf 79' lang='lat' dir='ltr'><strong>Maximi</strong></span> <span class='ocrx_word' id='word_1_687' title='bbox 1262 4965 1650 5034; x_wconf 85' lang='lat' dir='ltr'><strong>philosOphiam</strong></span> <span class='ocrx_word' id='word_1_688' title='bbox 1705 4980 1798 5019; x_wconf 81' lang='lat' dir='ltr'><strong>ex-</strong></span> 
     </span>
    </p>
   </div>
   <div class='ocr_carea' id='block_1_89' title="bbox 238 5034 1794 5105">
    <p class='ocr_par' dir='ltr' id='par_1_89' title="bbox 238 5034 1794 5105">
     <span class='ocr_line' id='line_1_89' title="bbox 238 5034 1794 5105; baseline -0.002 -16"><span class='ocrx_word' id='word_1_689' title='bbox 238 5037 410 5099; x_wconf 85' lang='lat' dir='ltr'><strong>tollat,</strong></span> <span class='ocrx_word' id='word_1_690' title='bbox 433 5037 544 5104; x_wconf 89' lang='lat' dir='ltr'><strong>qui,</strong></span> <span class='ocrx_word' id='word_1_691' title='bbox 579 5035 790 5091; x_wconf 90' lang='lat' dir='ltr'><strong>scholas</strong></span> <span class='ocrx_word' id='word_1_692' title='bbox 811 5034 1306 5105; x_wconf 85' lang='lat' dir='ltr'><strong>Peripateticorum,</strong></span> <span class='ocrx_word' id='word_1_693' title='bbox 1332 5035 1794 5099; x_wconf 81' lang='lat' dir='ltr'><strong>Academicorum,</strong></span> 
     </span>
    </p>
   </div>
   <div class='ocr_carea' id='block_1_90' title="bbox 237 5104 1796 5175">
    <p class='ocr_par' dir='ltr' id='par_1_90' title="bbox 237 5104 1796 5175">
     <span class='ocr_line' id='line_1_90' title="bbox 237 5104 1796 5175; baseline 0.001 -19"><span class='ocrx_word' id='word_1_694' title='bbox 237 5108 542 5161; x_wconf 77' lang='lat' dir='ltr'><strong>Stoicorum</strong></span> <span class='ocrx_word' id='word_1_695' title='bbox 573 5117 628 5160; x_wconf 90' lang='lat' dir='ltr'><strong>et</strong></span> <span class='ocrx_word' id='word_1_696' title='bbox 677 5104 894 5174; x_wconf 89' lang='lat' dir='ltr'><strong>Epicuri</strong></span> <span class='ocrx_word' id='word_1_697' title='bbox 922 5104 1118 5162; x_wconf 84' lang='lat' dir='ltr'><strong>corona</strong></span> <span class='ocrx_word' id='word_1_698' title='bbox 1152 5107 1301 5159; x_wconf 90' lang='lat' dir='ltr'><strong>lanea</strong></span> <span class='ocrx_word' id='word_1_699' title='bbox 1349 5106 1586 5175; x_wconf 86' lang='lat' dir='ltr'><strong>cingens,</strong></span> <span class='ocrx_word' id='word_1_700' title='bbox 1637 5118 1796 5172; x_wconf 91' lang='lat' dir='ltr'><strong>quam</strong></span> 
     </span>
    </p>
   </div>
   <div class='ocr_carea' id='block_1_91' title="bbox 235 5175 1116 5244">
    <p class='ocr_par' dir='ltr' id='par_1_91' title="bbox 235 5175 1116 5244">
     <span class='ocr_line' id='line_1_91' title="bbox 235 5175 1116 5244; baseline 0.005 -16"><span class='ocrx_word' id='word_1_701' title='bbox 235 5175 546 5244; x_wconf 86' lang='lat' dir='ltr'><strong>longissime</strong></span> <span class='ocrx_word' id='word_1_702' title='bbox 574 5175 786 5244; x_wconf 85' lang='lat' dir='ltr'><strong>ablegat</strong></span> <span class='ocrx_word' id='word_1_703' title='bbox 810 5183 864 5229; x_wconf 92' lang='lat' dir='ltr'><strong>et</strong></span> <span class='ocrx_word' id='word_1_704' title='bbox 891 5179 1116 5242; x_wconf 86' lang='lat' dir='ltr'><strong>repellit.</strong></span> 
     </span>
    </p>
   </div>
   <div class='ocr_carea' id='block_1_92' title="bbox 329 5243 1081 5316">
    <p class='ocr_par' dir='ltr' id='par_1_92' title="bbox 329 5243 1081 5316">
     <span class='ocr_line' id='line_1_92' title="bbox 329 5243 1081 5316; baseline 0 -15"><span class='ocrx_word' id='word_1_705' title='bbox 329 5243 383 5316; x_wconf 85' lang='lat'>9)</span> <span class='ocrx_word' id='word_1_706' title='bbox 404 5243 640 5316; x_wconf 69' lang='lat' dir='ltr'><strong>_&#39;0péz&#39;e.</strong></span> <span class='ocrx_word' id='word_1_707' title='bbox 781 5245 836 5316; x_wconf 75' lang='grc'>1,</span> <span class='ocrx_word' id='word_1_708' title='bbox 869 5245 1081 5316; x_wconf 82' lang='grc' dir='ltr'>ὁρᾶται.</span> 
     </span>
    </p>
   </div>
   <div class='ocr_carea' id='block_1_93' title="bbox 333 5314 1582 5385">
    <p class='ocr_par' dir='ltr' id='par_1_93' title="bbox 333 5314 1582 5385">
     <span class='ocr_line' id='line_1_93' title="bbox 333 5314 1582 5385; baseline -0.001 -16"><span class='ocrx_word' id='word_1_709' title='bbox 333 5314 419 5385; x_wconf 85' lang='grc'>10)</span> <span class='ocrx_word' id='word_1_710' title='bbox 457 5316 594 5369; x_wconf 78' lang='grc' dir='ltr'>Εἴτε</span> <span class='ocrx_word' id='word_1_711' title='bbox 625 5314 769 5380; x_wconf 85' lang='grc' dir='ltr'>τοῖς.</span> <span class='ocrx_word' id='word_1_712' title='bbox 793 5314 848 5367; x_wconf 85' lang='grc' dir='ltr'>1η</span> <span class='ocrx_word' id='word_1_713' title='bbox 876 5314 1164 5381; x_wconf 81' lang='lat' dir='ltr'><strong>nonnullis,</strong></span> <span class='ocrx_word' id='word_1_714' title='bbox 1193 5315 1298 5368; x_wconf 80' lang='grc' dir='ltr'>εἴτε</span> <span class='ocrx_word' id='word_1_715' title='bbox 1328 5317 1422 5370; x_wconf 79' lang='grc' dir='ltr'><strong>σὺν</strong></span> <span class='ocrx_word' id='word_1_716' title='bbox 1455 5319 1582 5378; x_wconf 86' lang='grc' dir='ltr'>τοῖς.</span> 
     </span>
    </p>
   </div>
   <div class='ocr_carea' id='block_1_94' title="bbox 307 5385 1799 5456">
    <p class='ocr_par' dir='ltr' id='par_1_94' title="bbox 307 5385 1799 5456">
     <span class='ocr_line' id='line_1_94' title="bbox 307 5385 1799 5456; baseline 0 -18"><span class='ocrx_word' id='word_1_717' title='bbox 307 5385 416 5456; x_wconf 91' lang='grc'>(11)</span> <span class='ocrx_word' id='word_1_718' title='bbox 461 5385 870 5453; x_wconf 77' lang='grc' dir='ltr'>Κατακλυσμῷ</span> <span class='ocrx_word' id='word_1_719' title='bbox 906 5386 1365 5456; x_wconf 74' lang='grc' dir='ltr'>κατακλυσμοῦ.</span> <span class='ocrx_word' id='word_1_720' title='bbox 1410 5387 1497 5442; x_wconf 84' lang='lat' dir='ltr'><strong>Sic</strong></span> <span class='ocrx_word' id='word_1_721' title='bbox 1558 5385 1704 5456; x_wconf 80' lang='lat' dir='ltr'><strong>Regii</strong></span> <span class='ocrx_word' id='word_1_722' title='bbox 1745 5394 1799 5439; x_wconf 87' lang='lat' dir='ltr'><strong>et</strong></span> 
     </span>
    </p>
   </div>
   <div class='ocr_carea' id='block_1_95' title="bbox 235 5455 1797 5578">
    <p class='ocr_par' dir='ltr' id='par_1_95' title="bbox 235 5455 1797 5578">
     <span class='ocr_line' id='line_1_95' title="bbox 235 5455 1797 5578; baseline 0.001 -72"><span class='ocrx_word' id='word_1_723' title='bbox 235 5456 531 5578; x_wconf 51' lang='lat' dir='ltr'><strong>Cflberljni</strong></span> <span class='ocrx_word' id='word_1_724' title='bbox 555 5456 753 5526; x_wconf 87' lang='lat' dir='ltr'><strong>plures,</strong></span> <span class='ocrx_word' id='word_1_725' title='bbox 776 5455 936 5512; x_wconf 79' lang='lat' dir='ltr'><strong>Coisl.</strong></span> <span class='ocrx_word' id='word_1_726' title='bbox 959 5459 982 5512; x_wconf 86' lang='grc'><strong>1</strong></span> <span class='ocrx_word' id='word_1_727' title='bbox 1008 5458 1131 5524; x_wconf 80' lang='lat' dir='ltr'><strong>et‘2,</strong></span> <span class='ocrx_word' id='word_1_728' title='bbox 1156 5466 1258 5512; x_wconf 90' lang='lat' dir='ltr'><strong>etc.</strong></span> <span class='ocrx_word' id='word_1_729' title='bbox 1284 5458 1340 5509; x_wconf 91' lang='lat' dir='ltr'><strong>ln</strong></span> <span class='ocrx_word' id='word_1_730' title='bbox 1357 5456 1442 5511; x_wconf 89' lang='lat' dir='ltr'><strong>ed.</strong></span> <span class='ocrx_word' id='word_1_731' title='bbox 1468 5459 1615 5511; x_wconf 89' lang='lat' dir='ltr'><strong>deest</strong></span> <span class='ocrx_word' id='word_1_732' title='bbox 1637 5455 1797 5510; x_wconf 86' lang='grc' dir='ltr'>κατα-</span> 
     </span>
     <span class='ocr_line' id='line_1_96' title="bbox 235 5542 1479 5578; baseline -0.007 0"><span class='ocrx_word' id='word_1_733' title='bbox 235 5543 267 5578; x_wconf 88' lang='grc' dir='ltr'>κ</span> <span class='ocrx_word' id='word_1_734' title='bbox 304 5542 498 5578; x_wconf 73' lang='grc' dir='ltr'>υσιιου.</span> <span class='ocrx_word' id='word_1_735' title='bbox 1473 5564 1479 5569; x_wconf 91' lang='grc'><strong>.</strong></span> 
     </span>
    </p>
   </div>
   <div class='ocr_carea' id='block_1_96' title="bbox 233 5542 1479 5595">
    <p class='ocr_par' dir='ltr' id='par_1_96' title="bbox 233 5542 1479 5595">
     <span class='ocr_line' id='line_1_97' title="bbox 233 5542 1479 5595; baseline -0.007 -17"><span class='ocrx_word' id='word_1_736' title='bbox 233 5542 498 5595; x_wconf 73' lang='grc' dir='ltr'>κλυσμου.</span> <span class='ocrx_word' id='word_1_737' title='bbox 1473 5564 1479 5569; x_wconf 90' lang='grc'><strong>.</strong></span> 
     </span>
    </p>
   </div>
   <div class='ocr_carea' id='block_1_97' title="bbox 307 5594 1188 5735">
    <p class='ocr_par' dir='ltr' id='par_1_97' title="bbox 307 5594 1188 5735">
     <span class='ocr_line' id='line_1_98' title="bbox 307 5594 1188 5735; baseline 0.001 -87"><span class='ocrx_word' id='word_1_738' title='bbox 307 5594 419 5735; x_wconf 64' lang='grc'>(12)</span> <span class='ocrx_word' id='word_1_739' title='bbox 444 5595 691 5664; x_wconf 64' lang='grc' dir='ltr'>’Ὀραμω</span> <span class='ocrx_word' id='word_1_740' title='bbox 718 5595 879 5650; x_wconf 84' lang='lat' dir='ltr'><strong>Coisl.</strong></span> <span class='ocrx_word' id='word_1_741' title='bbox 913 5597 971 5672; x_wconf 90' lang='grc'><strong>1,</strong></span> <span class='ocrx_word' id='word_1_742' title='bbox 992 5597 1188 5668; x_wconf 85' lang='grc' dir='ltr'>Θέαμα.</span> 
     </span>
     <span class='ocr_line' id='line_1_99' title="bbox 307 5665 1188 5735; baseline 0.002 -17"><span class='ocrx_word' id='word_1_743' title='bbox 307 5665 396 5735; x_wconf 78' lang='grc'>(15</span> <span class='ocrx_word' id='word_1_744' title='bbox 468 5667 648 5735; x_wconf 84' lang='grc' dir='ltr'>Αὐτοί</span> <span class='ocrx_word' id='word_1_745' title='bbox 696 5681 769 5719; x_wconf 87' lang='grc' dir='ltr'><strong>τι.</strong></span> <span class='ocrx_word' id='word_1_746' title='bbox 831 5666 920 5720; x_wconf 87' lang='lat' dir='ltr'><strong>Sic</strong></span> <span class='ocrx_word' id='word_1_747' title='bbox 965 5679 1188 5734; x_wconf 87' lang='lat' dir='ltr'><strong>quatuor</strong></span> 
     </span>
    </p>
   </div>
   <div class='ocr_carea' id='block_1_98' title="bbox 306 5665 1794 5736">
    <p class='ocr_par' dir='ltr' id='par_1_98' title="bbox 306 5665 1794 5736">
     <span class='ocr_line' id='line_1_100' title="bbox 306 5665 1794 5736; baseline 0.001 -17"><span class='ocrx_word' id='word_1_748' title='bbox 306 5665 419 5736; x_wconf 79' lang='grc'>(15)</span> <span class='ocrx_word' id='word_1_749' title='bbox 468 5667 648 5736; x_wconf 76' lang='grc' dir='ltr'>Αὺτρί</span> <span class='ocrx_word' id='word_1_750' title='bbox 696 5681 769 5719; x_wconf 87' lang='grc' dir='ltr'><strong>τι.</strong></span> <span class='ocrx_word' id='word_1_751' title='bbox 831 5666 920 5736; x_wconf 83' lang='lat' dir='ltr'><strong>Sic</strong></span> <span class='ocrx_word' id='word_1_752' title='bbox 965 5665 1192 5736; x_wconf 75' lang='lat' dir='ltr'><strong>Quatuor</strong></span> <span class='ocrx_word' id='word_1_753' title='bbox 1233 5665 1404 5730; x_wconf 88' lang='lat' dir='ltr'><strong>Colb.,</strong></span> <span class='ocrx_word' id='word_1_754' title='bbox 1467 5665 1570 5736; x_wconf 88' lang='lat' dir='ltr'><strong>duo</strong></span> <span class='ocrx_word' id='word_1_755' title='bbox 1609 5665 1794 5729; x_wconf 85' lang='lat' dir='ltr'><strong>Coisl.,</strong></span> 
     </span>
    </p>
   </div>
   <div class='ocr_carea' id='block_1_99' title="bbox 239 5733 1794 5805">
    <p class='ocr_par' dir='ltr' id='par_1_99' title="bbox 239 5733 1794 5805">
     <span class='ocr_line' id='line_1_101' title="bbox 239 5733 1794 5805; baseline 0.005 -20"><span class='ocrx_word' id='word_1_756' title='bbox 239 5733 542 5801; x_wconf 70' lang='lat' dir='ltr'><strong>P:iss.,etc.</strong></span> <span class='ocrx_word' id='word_1_757' title='bbox 585 5734 678 5790; x_wconf 91' lang='lat' dir='ltr'><strong>Sic</strong></span> <span class='ocrx_word' id='word_1_758' title='bbox 721 5736 879 5789; x_wconf 90' lang='lat' dir='ltr'><strong>etiam</strong></span> <span class='ocrx_word' id='word_1_759' title='bbox 906 5733 1065 5792; x_wconf 85' lang='lat' dir='ltr'><strong>habet</strong></span> <span class='ocrx_word' id='word_1_760' title='bbox 1092 5735 1342 5805; x_wconf 83' lang='lat' dir='ltr'><strong>Hervag.,</strong></span> <span class='ocrx_word' id='word_1_761' title='bbox 1388 5735 1451 5790; x_wconf 87' lang='lat' dir='ltr'><strong>ad</strong></span> <span class='ocrx_word' id='word_1_762' title='bbox 1480 5735 1630 5794; x_wconf 81' lang='lat' dir='ltr'><strong>cuius</strong></span> <span class='ocrx_word' id='word_1_763' title='bbox 1653 5751 1794 5793; x_wconf 88' lang='lat' dir='ltr'><strong>mar-</strong></span> 
     </span>
    </p>
   </div>
   <div class='ocr_carea' id='block_1_100' title="bbox 236 5805 1397 5874">
    <p class='ocr_par' dir='ltr' id='par_1_100' title="bbox 236 5805 1397 5874">
     <span class='ocr_line' id='line_1_102' title="bbox 236 5805 1397 5874; baseline 0.006 -19"><span class='ocrx_word' id='word_1_764' title='bbox 236 5808 414 5874; x_wconf 78' lang='lat' dir='ltr'><strong>ginem</strong></span> <span class='ocrx_word' id='word_1_765' title='bbox 448 5805 663 5874; x_wconf 88' lang='lat' dir='ltr'><strong>scripsit</strong></span> <span class='ocrx_word' id='word_1_766' title='bbox 689 5805 871 5862; x_wconf 90' lang='lat' dir='ltr'><strong>Billius</strong></span> <span class='ocrx_word' id='word_1_767' title='bbox 902 5825 914 5860; x_wconf 88' lang='lat'><strong>:</strong></span> <span class='ocrx_word' id='word_1_768' title='bbox 967 5806 1099 5874; x_wconf 82' lang='lat' dir='ltr'><strong>forte</strong></span> <span class='ocrx_word' id='word_1_769' title='bbox 1149 5807 1305 5861; x_wconf 78' lang='grc' dir='ltr'>αὐτόν</span> <span class='ocrx_word' id='word_1_770' title='bbox 1330 5824 1397 5862; x_wconf 85' lang='grc' dir='ltr'><strong>τι.</strong></span> 
     </span>
    </p>
   </div>
   <div class='ocr_carea' id='block_1_101' title="bbox 1979 4399 3458 4477">
    <p class='ocr_par' dir='ltr' id='par_1_101' title="bbox 1979 4399 3458 4477">
     <span class='ocr_line' id='line_1_103' title="bbox 1979 4399 3458 4477; baseline -0.005 -17"><span class='ocrx_word' id='word_1_771' title='bbox 1979 4407 2091 4477; x_wconf 78' lang='grc'>(14)</span> <span class='ocrx_word' id='word_1_772' title='bbox 2119 4409 2198 4460; x_wconf 84' lang='grc' dir='ltr'><strong>Οὐ</strong></span> <span class='ocrx_word' id='word_1_773' title='bbox 2226 4408 2404 4475; x_wconf 76' lang='grc' dir='ltr'>λόγῳ,</span> <span class='ocrx_word' id='word_1_774' title='bbox 2429 4415 2531 4460; x_wconf 92' lang='lat' dir='ltr'><strong>etc.</strong></span> <span class='ocrx_word' id='word_1_775' title='bbox 2575 4403 2680 4477; x_wconf 90' lang='lat' dir='ltr'><strong>llic</strong></span> <span class='ocrx_word' id='word_1_776' title='bbox 2711 4403 2985 4459; x_wconf 87' lang='lat' dir='ltr'><strong>Platonem</strong></span> <span class='ocrx_word' id='word_1_777' title='bbox 3015 4400 3204 4477; x_wconf 85' lang='lat' dir='ltr'><strong>carpit,</strong></span> <span class='ocrx_word' id='word_1_778' title='bbox 3249 4399 3335 4466; x_wconf 91' lang='lat' dir='ltr'><strong>qui</strong></span> <span class='ocrx_word' id='word_1_779' title='bbox 3365 4399 3458 4453; x_wconf 86' lang='lat' dir='ltr'><strong>lib.</strong></span> 
     </span>
    </p>
   </div>
   <div class='ocr_carea' id='block_1_102' title="bbox 1904 4474 3105 4545">
    <p class='ocr_par' dir='ltr' id='par_1_102' title="bbox 1904 4474 3105 4545">
     <span class='ocr_line' id='line_1_104' title="bbox 1904 4474 3105 4545; baseline -0.005 -13"><span class='ocrx_word' id='word_1_780' title='bbox 1904 4486 1941 4532; x_wconf 84' lang='lat' dir='ltr'><strong>il</strong></span> <span class='ocrx_word' id='word_1_781' title='bbox 1976 4474 2048 4530; x_wconf 88' lang='lat' dir='ltr'><strong>De</strong></span> <span class='ocrx_word' id='word_1_782' title='bbox 2073 4474 2186 4545; x_wconf 79' lang='lat' dir='ltr'><strong>rep.</strong></span> <span class='ocrx_word' id='word_1_783' title='bbox 2211 4474 2458 4530; x_wconf 88' lang='lat' dir='ltr'><strong>sermone</strong></span> <span class='ocrx_word' id='word_1_784' title='bbox 2484 4476 2750 4529; x_wconf 84' lang='lat' dir='ltr'><strong>civitatem</strong></span> <span class='ocrx_word' id='word_1_785' title='bbox 2787 4474 3105 4545; x_wconf 59' lang='lat' dir='ltr'><strong>construsit.</strong></span> 
     </span>
    </p>
   </div>
   <div class='ocr_carea' id='block_1_103' title="bbox 1981 4540 3462 4618">
    <p class='ocr_par' dir='ltr' id='par_1_103' title="bbox 1981 4540 3462 4618">
     <span class='ocr_line' id='line_1_105' title="bbox 1981 4540 3462 4618; baseline -0.006 -18"><span class='ocrx_word' id='word_1_786' title='bbox 1981 4546 2088 4618; x_wconf 79' lang='grc'>(15)</span> <span class='ocrx_word' id='word_1_787' title='bbox 2121 4540 2449 4618; x_wconf 74' lang='grc' dir='ltr'>Σκινδαψοί</span> <span class='ocrx_word' id='word_1_788' title='bbox 2569 4545 2942 4618; x_wconf 47' lang='grc' dir='ltr'>τραγέλαφοι.</span> <span class='ocrx_word' id='word_1_789' title='bbox 2994 4541 3256 4610; x_wconf 84' lang='lat' dir='ltr'><strong>Apollonii</strong></span> <span class='ocrx_word' id='word_1_790' title='bbox 3296 4540 3462 4618; x_wconf 31' lang='lat' dir='ltr'><strong>inter-A-</strong></span> 
     </span>
    </p>
   </div>
   <div class='ocr_carea' id='block_1_104' title="bbox 1906 4613 3458 4687">
    <p class='ocr_par' dir='ltr' id='par_1_104' title="bbox 1906 4613 3458 4687">
     <span class='ocr_line' id='line_1_106' title="bbox 1906 4613 3458 4687; baseline -0.005 -17"><span class='ocrx_word' id='word_1_791' title='bbox 1906 4613 2029 4687; x_wconf 86' lang='lat' dir='ltr'><strong>pres</strong></span> <span class='ocrx_word' id='word_1_792' title='bbox 2058 4613 2220 4671; x_wconf 81' lang='lat' dir='ltr'><strong>tradit</strong></span> <span class='ocrx_word' id='word_1_793' title='bbox 2255 4617 2595 4687; x_wconf 81' lang='lat' dir='ltr'><strong>scindapsum</strong></span> <span class='ocrx_word' id='word_1_794' title='bbox 2645 4615 3016 4687; x_wconf 23' lang='lat' dir='ltr'><strong>esscAplantae</strong></span> <span class='ocrx_word' id='word_1_795' title='bbox 3072 4627 3258 4680; x_wconf 86' lang='lat' dir='ltr'><strong>genus,</strong></span> <span class='ocrx_word' id='word_1_796' title='bbox 3318 4613 3458 4687; x_wconf 78' lang='lat' dir='ltr'><strong>quod</strong></span> 
     </span>
    </p>
   </div>
   <div class='ocr_carea' id='block_1_105' title="bbox 1905 4682 3461 4757">
    <p class='ocr_par' dir='ltr' id='par_1_105' title="bbox 1905 4682 3461 4757">
     <span class='ocr_line' id='line_1_107' title="bbox 1905 4682 3461 4757; baseline -0.006 -14"><span class='ocrx_word' id='word_1_797' title='bbox 1905 4682 2045 4754; x_wconf 72' lang='lat' dir='ltr'><strong>apud</strong></span> <span class='ocrx_word' id='word_1_798' title='bbox 2095 4687 2320 4757; x_wconf 80' lang='lat' dir='ltr'><strong>Nyssum</strong></span> <span class='ocrx_word' id='word_1_799' title='bbox 2364 4686 2418 4739; x_wconf 91' lang='lat' dir='ltr'><strong>in</strong></span> <span class='ocrx_word' id='word_1_800' title='bbox 2445 4682 2610 4757; x_wconf 25' lang='lat' dir='ltr'><strong>ilndia</strong></span> <span class='ocrx_word' id='word_1_801' title='bbox 2658 4684 2914 4757; x_wconf 81' lang='lat' dir='ltr'><strong>nascitur.</strong></span> <span class='ocrx_word' id='word_1_802' title='bbox 2957 4682 3089 4736; x_wconf 78' lang='lat' dir='ltr'><strong>Cum</strong></span> <span class='ocrx_word' id='word_1_803' title='bbox 3138 4691 3314 4757; x_wconf 72' lang='lat' dir='ltr'><strong>autem</strong></span> <span class='ocrx_word' id='word_1_804' title='bbox 3347 4683 3461 4757; x_wconf 72' lang='lat' dir='ltr'><strong>haec</strong></span> 
     </span>
    </p>
   </div>
   <div class='ocr_carea' id='block_1_106' title="bbox 1902 4749 3456 4825">
    <p class='ocr_par' dir='ltr' id='par_1_106' title="bbox 1902 4749 3456 4825">
     <span class='ocr_line' id='line_1_108' title="bbox 1902 4749 3456 4825; baseline -0.006 -14"><span class='ocrx_word' id='word_1_805' title='bbox 1902 4749 2080 4825; x_wconf 86' lang='lat' dir='ltr'><strong>planta</strong></span> <span class='ocrx_word' id='word_1_806' title='bbox 2111 4749 2374 4822; x_wconf 67' lang='lat' dir='ltr'><strong>nusquam</strong></span> <span class='ocrx_word' id='word_1_807' title='bbox 2422 4754 2546 4808; x_wconf 91' lang='lat' dir='ltr'><strong>alibi</strong></span> <span class='ocrx_word' id='word_1_808' title='bbox 2603 4755 2921 4825; x_wconf 71' lang='lat' dir='ltr'><strong>reperiatur,</strong></span> <span class='ocrx_word' id='word_1_809' title='bbox 2963 4749 3456 4825; x_wconf 78' lang='lat' dir='ltr'><strong>puta_t_Grcg0r_ius,</strong></span> 
     </span>
    </p>
   </div>
   <div class='ocr_carea' id='block_1_107' title="bbox 1901 4818 3454 4889">
    <p class='ocr_par' dir='ltr' id='par_1_107' title="bbox 1901 4818 3454 4889">
     <span class='ocr_line' id='line_1_109' title="bbox 1901 4818 3454 4889; baseline -0.008 -7"><span class='ocrx_word' id='word_1_810' title='bbox 1901 4818 2038 4882; x_wconf 81' lang='lat' dir='ltr'><strong>hanc</strong></span> <span class='ocrx_word' id='word_1_811' title='bbox 2072 4818 2255 4881; x_wconf 84' lang='lat' dir='ltr'><strong>vocem</strong></span> <span class='ocrx_word' id='word_1_812' title='bbox 2294 4826 2506 4879; x_wconf 90' lang='lat' dir='ltr'><strong>inanem</strong></span> <span class='ocrx_word' id='word_1_813' title='bbox 2543 4818 2681 4888; x_wconf 73' lang='lat' dir='ltr'><strong>esse,</strong></span> <span class='ocrx_word' id='word_1_814' title='bbox 2719 4835 2772 4877; x_wconf 90' lang='lat' dir='ltr'><strong>et</strong></span> <span class='ocrx_word' id='word_1_815' title='bbox 2799 4823 2926 4876; x_wconf 87' lang='lat' dir='ltr'><strong>nihil</strong></span> <span class='ocrx_word' id='word_1_816' title='bbox 2961 4818 3281 4889; x_wconf 78' lang='lat' dir='ltr'><strong>Signiﬁcare.</strong></span> <span class='ocrx_word' id='word_1_817' title='bbox 3319 4818 3454 4871; x_wconf 86' lang='lat' dir='ltr'><strong>Tra-</strong></span> 
     </span>
    </p>
   </div>
   <div class='ocr_carea' id='block_1_108' title="bbox 1902 4889 3462 4966">
    <p class='ocr_par' dir='ltr' id='par_1_108' title="bbox 1902 4889 3462 4966">
     <span class='ocr_line' id='line_1_110' title="bbox 1902 4889 3462 4966; baseline -0.01 -13"><span class='ocrx_word' id='word_1_818' title='bbox 1902 4899 2158 4966; x_wconf 83' lang='lat' dir='ltr'><strong>gelaphus</strong></span> <span class='ocrx_word' id='word_1_819' title='bbox 2201 4911 2347 4958; x_wconf 90' lang='lat' dir='ltr'><strong>vero,</strong></span> <span class='ocrx_word' id='word_1_820' title='bbox 2384 4904 2466 4948; x_wconf 90' lang='lat' dir='ltr'><strong>est</strong></span> <span class='ocrx_word' id='word_1_821' title='bbox 2504 4895 2697 4966; x_wconf 83' lang='lat' dir='ltr'><strong>animal</strong></span> <span class='ocrx_word' id='word_1_822' title='bbox 2729 4910 2790 4948; x_wconf 84' lang='lat' dir='ltr'><strong>ex</strong></span> <span class='ocrx_word' id='word_1_823' title='bbox 2825 4894 2974 4946; x_wconf 88' lang='lat' dir='ltr'><strong>hirco</strong></span> <span class='ocrx_word' id='word_1_824' title='bbox 3001 4903 3051 4944; x_wconf 88' lang='lat' dir='ltr'><strong>et</strong></span> <span class='ocrx_word' id='word_1_825' title='bbox 3078 4905 3236 4966; x_wconf 77' lang='lat' dir='ltr'><strong>cervo</strong></span> <span class='ocrx_word' id='word_1_826' title='bbox 3259 4889 3428 4943; x_wconf 86' lang='lat' dir='ltr'><strong>conﬁa</strong></span> <span class='ocrx_word' id='word_1_827' title='bbox 3457 4919 3462 4927; x_wconf 89' lang='lat'><em>-</em></span> 
     </span>
    </p>
   </div>
   <div class='ocr_carea' id='block_1_109' title="bbox 1904 4962 3457 5035">
    <p class='ocr_par' dir='ltr' id='par_1_109' title="bbox 1904 4962 3457 5035">
     <span class='ocr_line' id='line_1_111' title="bbox 1904 4962 3457 5035; baseline -0.006 -16"><span class='ocrx_word' id='word_1_828' title='bbox 1904 4962 2039 5030; x_wconf 69' lang='lat' dir='ltr'><strong>tum,</strong></span> <span class='ocrx_word' id='word_1_829' title='bbox 2079 4967 2218 5035; x_wconf 91' lang='lat' dir='ltr'><strong>quod</strong></span> <span class='ocrx_word' id='word_1_830' title='bbox 2252 4965 2415 5022; x_wconf 85' lang='lat' dir='ltr'><strong>etiam</strong></span> <span class='ocrx_word' id='word_1_831' title='bbox 2460 4979 2488 5035; x_wconf 86' lang='lat' dir='ltr'><strong>a</strong></span> <span class='ocrx_word' id='word_1_832' title='bbox 2524 4965 2703 5017; x_wconf 90' lang='lat' dir='ltr'><strong>multis</strong></span> <span class='ocrx_word' id='word_1_833' title='bbox 2730 4979 2997 5035; x_wconf 81' lang='lat' dir='ltr'><strong>nunquam</strong></span> <span class='ocrx_word' id='word_1_834' title='bbox 3033 4962 3305 5035; x_wconf 65' lang='lat' dir='ltr'><strong>exstitisse</strong></span> <span class='ocrx_word' id='word_1_835' title='bbox 3339 4973 3457 5011; x_wconf 84' lang='lat' dir='ltr'><strong>crc-</strong></span> 
     </span>
    </p>
   </div>
   <div class='ocr_carea' id='block_1_110' title="bbox 1901 5029 3462 5104">
    <p class='ocr_par' dir='ltr' id='par_1_110' title="bbox 1901 5029 3462 5104">
     <span class='ocr_line' id='line_1_112' title="bbox 1901 5029 3462 5104; baseline -0.005 -14"><span class='ocrx_word' id='word_1_836' title='bbox 1901 5029 2065 5090; x_wconf 88' lang='lat' dir='ltr'><strong>ditur.</strong></span> <span class='ocrx_word' id='word_1_837' title='bbox 2097 5029 2186 5090; x_wconf 55' lang='lat' dir='ltr'><strong>&#39;De</strong></span> <span class='ocrx_word' id='word_1_838' title='bbox 2222 5034 2552 5104; x_wconf 78' lang='lat' dir='ltr'><strong>tragelapho_</strong></span> <span class='ocrx_word' id='word_1_839' title='bbox 2580 5042 2754 5104; x_wconf 78' lang='lat' dir='ltr'><strong>tamen</strong></span> <span class='ocrx_word' id='word_1_840' title='bbox 2810 5029 3009 5104; x_wconf 76' lang='lat' dir='ltr'><strong>mentio</strong></span> <span class='ocrx_word' id='word_1_841' title='bbox 3056 5043 3137 5104; x_wconf 71' lang='lat' dir='ltr'><strong>est</strong></span> <span class='ocrx_word' id='word_1_842' title='bbox 3186 5031 3240 5083; x_wconf 82' lang='lat' dir='ltr'><strong>in&quot;</strong></span> <span class='ocrx_word' id='word_1_843' title='bbox 3270 5029 3462 5104; x_wconf 83' lang='lat' dir='ltr'><strong>Dcute-</strong></span> 
     </span>
    </p>
   </div>
   <div class='ocr_carea' id='block_1_111' title="bbox 1903 5098 3456 5172">
    <p class='ocr_par' dir='ltr' id='par_1_111' title="bbox 1903 5098 3456 5172">
     <span class='ocr_line' id='line_1_113' title="bbox 1903 5098 3456 5172; baseline -0.006 -12"><span class='ocrx_word' id='word_1_844' title='bbox 1903 5123 2022 5160; x_wconf 92' lang='lat' dir='ltr'><strong>ron.</strong></span> <span class='ocrx_word' id='word_1_845' title='bbox 2056 5121 2164 5170; x_wconf 80' lang='lat' dir='ltr'><strong>xlv,</strong></span> <span class='ocrx_word' id='word_1_846' title='bbox 2218 5098 2398 5169; x_wconf 58' lang='lat' dir='ltr'><strong>5;&#39;et</strong></span> <span class='ocrx_word' id='word_1_847' title='bbox 2426 5098 2506 5157; x_wconf 58' lang='lat' dir='ltr'><strong>&#39;iu</strong></span> <span class='ocrx_word' id='word_1_848' title='bbox 2542 5102 2678 5158; x_wconf 91' lang='lat' dir='ltr'><strong>libro</strong></span> <span class='ocrx_word' id='word_1_849' title='bbox 2725 5101 2845 5170; x_wconf 88' lang='lat' dir='ltr'><strong>Job,</strong></span> <span class='ocrx_word' id='word_1_850' title='bbox 2891 5102 3041 5172; x_wconf 74' lang='lat' dir='ltr'><strong>juxta</strong></span> <span class='ocrx_word' id='word_1_851' title='bbox 3087 5098 3456 5169; x_wconf 84' lang='lat' dir='ltr'><strong>Septuaginta,</strong></span> 
     </span>
    </p>
   </div>
   <div class='ocr_carea' id='block_1_112' title="bbox 1900 5177 2162 5231">
    <p class='ocr_par' dir='ltr' id='par_1_112' title="bbox 1900 5177 2162 5231">
     <span class='ocr_line' id='line_1_114' title="bbox 1900 5177 2162 5231; baseline -0.008 0"><span class='ocrx_word' id='word_1_852' title='bbox 1900 5193 2085 5231; x_wconf 69' lang='lat' dir='ltr'><strong>xuix.</strong></span> <span class='ocrx_word' id='word_1_853' title='bbox 2114 5177 2162 5229; x_wconf 85' lang='lat' dir='ltr'><strong>l.</strong></span> 
     </span>
    </p>
   </div>
   <div class='ocr_carea' id='block_1_113' title="bbox 1971 5217 3455 5316">
    <p class='ocr_par' dir='ltr' id='par_1_113' title="bbox 1971 5217 3455 5316">
     <span class='ocr_line' id='line_1_115' title="bbox 1971 5217 3455 5316; baseline -0.007 -16"><span class='ocrx_word' id='word_1_854' title='bbox 2110 5217 2483 5316; x_wconf 59' lang='grc' dir='ltr'>ἔυμᾷάματα,</span> <span class='ocrx_word' id='word_1_855' title='bbox 2517 5252 2619 5297; x_wconf 86' lang='lat' dir='ltr'><strong>etc.</strong></span> <span class='ocrx_word' id='word_1_856' title='bbox 2649 5241 3064 5316; x_wconf 82' lang='lat' dir='ltr'><strong>Propositiones,</strong></span> <span class='ocrx_word' id='word_1_857' title='bbox 3095 5254 3212 5309; x_wconf 66' lang='lat' dir='ltr'><strong>quae</strong></span> <span class='ocrx_word' id='word_1_858' title='bbox 3239 5251 3455 5292; x_wconf 86' lang='lat' dir='ltr'><strong>sensum</strong></span> 
     </span>
    </p>
   </div>
   <div class='ocr_carea' id='block_1_114' title="bbox 1900 5314 3458 5386">
    <p class='ocr_par' dir='ltr' id='par_1_114' title="bbox 1900 5314 3458 5386">
     <span class='ocr_line' id='line_1_116' title="bbox 1900 5314 3458 5386; baseline -0.006 -17"><span class='ocrx_word' id='word_1_859' title='bbox 1900 5314 2165 5386; x_wconf 81' lang='lat' dir='ltr'><strong>integrum</strong></span> <span class='ocrx_word' id='word_1_860' title='bbox 2217 5314 2470 5386; x_wconf 84' lang='lat' dir='ltr'><strong>eﬂiciunt,</strong></span> <span class='ocrx_word' id='word_1_861' title='bbox 2531 5314 2943 5386; x_wconf 38' lang='lat' dir='ltr'><strong>csymbama‘ta)</strong></span> <span class='ocrx_word' id='word_1_862' title='bbox 3016 5317 3300 5373; x_wconf 91' lang='lat' dir='ltr'><strong>vocantur;</strong></span> <span class='ocrx_word' id='word_1_863' title='bbox 3338 5322 3458 5386; x_wconf 62' lang='lat' dir='ltr'><strong>quae</strong></span> 
     </span>
    </p>
   </div>
   <div class='ocr_carea' id='block_1_115' title="bbox 1901 5379 3456 5448">
    <p class='ocr_par' dir='ltr' id='par_1_115' title="bbox 1901 5379 3456 5448">
     <span class='ocr_line' id='line_1_117' title="bbox 1901 5379 3456 5448; baseline -0.006 -10"><span class='ocrx_word' id='word_1_864' title='bbox 1901 5379 2041 5440; x_wconf 59' lang='lat' dir='ltr'><strong>vero&#39;</strong></span> <span class='ocrx_word' id='word_1_865' title='bbox 2059 5400 2274 5440; x_wconf 89' lang='lat' dir='ltr'><strong>sensum</strong></span> <span class='ocrx_word' id='word_1_866' title='bbox 2318 5385 2582 5448; x_wconf 83' lang='lat' dir='ltr'><strong>integrum</strong></span> <span class='ocrx_word' id='word_1_867' title='bbox 2604 5379 2735 5436; x_wconf 55' lang='lat' dir='ltr'><strong>&#39;nou</strong></span> <span class='ocrx_word' id='word_1_868' title='bbox 2781 5379 3034 5445; x_wconf 80' lang='lat' dir='ltr'><strong>eﬁiciunt,</strong></span> <span class='ocrx_word' id='word_1_869' title='bbox 3066 5399 3084 5432; x_wconf 78' lang='grc' dir='ltr'>ι</span> <span class='ocrx_word' id='word_1_870' title='bbox 3109 5380 3456 5448; x_wconf 85' lang='lat' dir='ltr'><strong>parasymba-</strong></span> 
     </span>
    </p>
   </div>
   <div class='ocr_carea' id='block_1_116' title="bbox 1899 5451 3462 5526">
    <p class='ocr_par' dir='ltr' id='par_1_116' title="bbox 1899 5451 3462 5526">
     <span class='ocr_line' id='line_1_118' title="bbox 1899 5451 3462 5526; baseline -0.004 -17"><span class='ocrx_word' id='word_1_871' title='bbox 1899 5467 2112 5526; x_wconf 56' lang='lat' dir='ltr'><strong>mata.)</strong></span> <span class='ocrx_word' id='word_1_872' title='bbox 2170 5454 2376 5526; x_wconf 73' lang='lat' dir='ltr'><strong>Alludit</strong></span> <span class='ocrx_word' id='word_1_873' title='bbox 2430 5451 2717 5526; x_wconf 76' lang='lat' dir='ltr'><strong>Gregorius</strong></span> <span class='ocrx_word' id='word_1_874' title='bbox 2750 5453 2819 5526; x_wconf 81' lang='lat' dir='ltr'><strong>ad</strong></span> <span class='ocrx_word' id='word_1_875' title='bbox 2853 5451 3228 5526; x_wconf 68' lang='lat' dir='ltr'><strong>Chrysippum,</strong></span> <span class='ocrx_word' id='word_1_876' title='bbox 3267 5462 3462 5526; x_wconf 65' lang='lat' dir='ltr'><strong>quem,</strong></span> 
     </span>
    </p>
   </div>
   <div class='ocr_carea' id='block_1_117' title="bbox 1901 5517 3459 5590">
    <p class='ocr_par' dir='ltr' id='par_1_117' title="bbox 1901 5517 3459 5590">
     <span class='ocr_line' id='line_1_119' title="bbox 1901 5517 3459 5590; baseline -0.006 -12"><span class='ocrx_word' id='word_1_877' title='bbox 1901 5527 2042 5579; x_wconf 88' lang='lat' dir='ltr'><strong>inter</strong></span> <span class='ocrx_word' id='word_1_878' title='bbox 2065 5525 2218 5590; x_wconf 91' lang='lat' dir='ltr'><strong>alios,</strong></span> <span class='ocrx_word' id='word_1_879' title='bbox 2254 5523 2521 5578; x_wconf 88' lang='lat' dir='ltr'><strong>Lucianus</strong></span> <span class='ocrx_word' id='word_1_880' title='bbox 2541 5517 2614 5576; x_wconf 59' lang='lat' dir='ltr'><strong>&#39;in</strong></span> <span class='ocrx_word' id='word_1_881' title='bbox 2659 5521 2869 5590; x_wconf 87' lang='lat' dir='ltr'><strong>dialogo</strong></span> <span class='ocrx_word' id='word_1_882' title='bbox 2901 5517 2977 5574; x_wconf 75' lang='lat' dir='ltr'><strong>De</strong></span> <span class='ocrx_word' id='word_1_883' title='bbox 3006 5517 3246 5573; x_wconf 72' lang='lat' dir='ltr'><strong>auctione</strong></span> <span class='ocrx_word' id='word_1_884' title='bbox 3293 5517 3459 5584; x_wconf 83' lang='lat' dir='ltr'><strong>philo-</strong></span> 
     </span>
    </p>
   </div>
   <div class='ocr_carea' id='block_1_118' title="bbox 1900 5591 3458 5664">
    <p class='ocr_par' dir='ltr' id='par_1_118' title="bbox 1900 5591 3458 5664">
     <span class='ocr_line' id='line_1_120' title="bbox 1900 5591 3458 5664; baseline -0.006 -15"><span class='ocrx_word' id='word_1_885' title='bbox 1900 5596 2183 5664; x_wconf 77' lang='lat' dir='ltr'><strong>sophorum</strong></span> <span class='ocrx_word' id='word_1_886' title='bbox 2237 5595 2442 5658; x_wconf 89' lang='lat' dir='ltr'><strong>irridet,</strong></span> <span class='ocrx_word' id='word_1_887' title='bbox 2475 5603 2528 5646; x_wconf 90' lang='lat' dir='ltr'><strong>et</strong></span> <span class='ocrx_word' id='word_1_888' title='bbox 2567 5591 2730 5664; x_wconf 83' lang='lat' dir='ltr'><strong>stulta</strong></span> <span class='ocrx_word' id='word_1_889' title='bbox 2783 5591 3019 5664; x_wconf 87' lang='lat' dir='ltr'><strong>ipsorum</strong></span> <span class='ocrx_word' id='word_1_890' title='bbox 3055 5591 3322 5664; x_wconf 76' lang='lat' dir='ltr'><strong>dogmata,</strong></span> <span class='ocrx_word' id='word_1_891' title='bbox 3354 5597 3458 5664; x_wconf 33' lang='grc' dir='ltr'>,ιιι-</span> 
     </span>
    </p>
   </div>
   <div class='ocr_carea' id='block_1_119' title="bbox 1899 5657 3456 5734">
    <p class='ocr_par' dir='ltr' id='par_1_119' title="bbox 1899 5657 3456 5734">
     <span class='ocr_line' id='line_1_121' title="bbox 1899 5657 3456 5734; baseline -0.005 -16"><span class='ocrx_word' id='word_1_892' title='bbox 1899 5657 2002 5734; x_wconf 83' lang='lat' dir='ltr'><strong>que</strong></span> <span class='ocrx_word' id='word_1_893' title='bbox 2042 5666 2094 5718; x_wconf 94' lang='lat' dir='ltr'><strong>in</strong></span> <span class='ocrx_word' id='word_1_894' title='bbox 2155 5665 2334 5720; x_wconf 89' lang='lat' dir='ltr'><strong>verbis</strong></span> <span class='ocrx_word' id='word_1_895' title='bbox 2385 5657 2644 5718; x_wconf 89' lang='lat' dir='ltr'><strong>novandis</strong></span> <span class='ocrx_word' id='word_1_896' title='bbox 2699 5657 3064 5716; x_wconf 81' lang='lat' dir='ltr'><strong>curiositatem</strong></span> <span class='ocrx_word' id='word_1_897' title='bbox 3113 5657 3456 5715; x_wconf 83' lang='lat' dir='ltr'><strong>deridendam</strong></span> 
     </span>
    </p>
   </div>
   <div class='ocr_carea' id='block_1_120' title="bbox 1897 5735 2166 5804">
    <p class='ocr_par' dir='ltr' id='par_1_120' title="bbox 1897 5735 2166 5804">
     <span class='ocr_line' id='line_1_122' title="bbox 1897 5735 2166 5804; baseline -0.007 -15"><span class='ocrx_word' id='word_1_898' title='bbox 1897 5735 2166 5804; x_wconf 88' lang='lat' dir='ltr'><strong>propinat.</strong></span> 
     </span>
    </p>
   </div>
   <div class='ocr_carea' id='block_1_121' title="bbox 1976 5802 2934 5876">
    <p class='ocr_par' dir='ltr' id='par_1_121' title="bbox 1976 5802 2934 5876">
     <span class='ocr_line' id='line_1_123' title="bbox 1976 5802 2934 5876; baseline 0 -18"><span class='ocrx_word' id='word_1_899' title='bbox 1976 5802 2088 5873; x_wconf 86' lang='grc'>(17)</span> <span class='ocrx_word' id='word_1_900' title='bbox 2124 5803 2463 5876; x_wconf 78' lang='grc' dir='ltr'>Παιζόμενα.</span> <span class='ocrx_word' id='word_1_901' title='bbox 2506 5803 2621 5873; x_wconf 88' lang='lat' dir='ltr'><strong>0r.,</strong></span> <span class='ocrx_word' id='word_1_902' title='bbox 2655 5802 2934 5867; x_wconf 76' lang='grc' dir='ltr'>παίζοντα.</span> 
     </span>
    </p>
   </div>
  </div>
