3932 6536
600 390 729 447 12H

1761 397 1818 453 S.
1859 393 2182 454 GREGORII
2221 393 2562 450 TllEOLOGl

3638 399 3739 453 l‘2l2

597 536 827 602 accepit,
847 541 1094 602 recteque
1114 532 1297 588 Persia
1321 548 1538 589 causam
1561 544 1796 587 nostram
1817 535 2150 604 disceptavit,

2260 532 2452 601 Περσὶς
2479 530 2655 597 καλῶς
2692 532 2821 602 ἡμῖν
2852 530 3063 583 ἐδίκασε
3089 530 3180 583 τὸν
3216 528 3478 600 ἀλιτήριον
3496 531 3741 588 καταλύσα-

597 640 854 694 0ppresso
888 626 1141 680 nimirum
1190 635 1242 682 et
1286 628 1554 682 exstincto
1599 627 1761 696 impio
1794 625 1884 680 illo
1920 634 1973 680 et
2003 640 2156 698 exse-

599 717 822 780 crando,
882 729 944 770 ac
993 716 1281 771 multorum
1347 717 1665 787 sanguinum
1698 719 1882 786 omnis
1936 718 2003 772 ab
2052 733 2156 772 uno

599 808 857 877 sanguine
893 809 1147 877 repetitis.
1181 807 1332 864 Nunc
1377 821 1556 863 autem
1605 811 1772 879 turpis
1800 819 1854 864 et
1907 809 2156 864 indecora

612 907 914 967 persecutio
982 900 1250 967 cooritur,
1298 915 1438 971 quae,
1489 899 1916 956 Christianorum
1974 911 2158 970 patro-

600 989 797 1041 ciuium
849 989 914 1042 ad
967 989 1330 1046 defensionem
1385 994 1676 1063 impietatis
1705 1009 1814 1047 sua:
1836 1003 2155 1063 praetexens,

598 1092 758 1134 veros
812 1078 1146 1136 Christianos
1207 1085 1515 1152 aggreditur
1563 1103 1576 1138 :
1625 1085 1722 1138 hoc
1761 1085 1944 1153 utique
1990 1085 2158 1138 nomi-

601 1183 670 1222 ne
736 1171 1011 1240 superiore
1079 1174 1448 1243 persecutione
1501 1175 1777 1237 acerbior,
1847 1176 1986 1243 quod
2044 1183 2156 1226 tum

602 1258 813 1327 quidem
886 1263 1101 1317 minime
1166 1265 1322 1319 dubia
1375 1275 1429 1320 et
1489 1267 1713 1320 obscura
1786 1277 1902 1318 erat
1959 1275 2159 1334 marty-

604 1364 722 1404 rum
766 1353 1080 1418 decertatio,
1105 1371 1246 1409 nunc
1274 1371 1401 1411 vero
1449 1373 1536 1412 res
1565 1372 1629 1412 eo
1653 1358 1832 1422 rediit,
1859 1367 1915 1411 ut
1948 1360 2157 1412 crucia-

603 1449 690 1495 tus
736 1445 1075 1516 quoqueipsi
1131 1446 1288 1502 laude
1346 1458 1586 1513 careant,
1640 1449 1826 1503 saltem
1869 1449 2006 1517 apud
2060 1449 2161 1503 ini-

603 1547 738 1602 quos
812 1536 1142 1592 cruciatuum
1215 1540 1444 1608 judices.
1529 1540 1698 1596 Vultis
1759 1541 2005 1596 omnibus
2069 1542 2159 1611 qui

604 1626 818 1689 adsunt,
851 1637 1011 1698 atque
1061 1631 1183 1685 huic
1237 1635 1400 1687 etiam
1427 1633 1702 1702 fortasse,..
1723 1635 2012 1704 quamlibet
2081 1635 2162 1688 in-

605 1714 744 1782 signi
797 1718 962 1772 animi
1035 1721 1224 1776 robore
1287 1737 1350 1776 ac
1415 1726 1695 1778 tolerantia
1743 1726 1987 1794 praedito,
2043 1739 2160 1795 per-

607 1806 1110 1878 turbationibusque
1143 1812 1309 1866 animi
1352 1814 1674 1881 sublimiori,
1709 1817 1869 1870 unius
1905 1816 2161 1870 duntaxat

606 1908 669 1948 ex
704 1895 812 1961 his,
844 1912 961 1966 qua:
992 1908 1101 1953 tum
1160 1912 1465 1971 perpetrata
1504 1912 1649 1969 sunt,
1708 1905 2034 1970 narratione,
2089 1905 2160 1960 la-

605 2001 816 2056 crymas
869 1991 1201 2044 extundam?
1237 1993 1425 2050 Testes
1473 2006 1647 2049 autem
1695 1995 1850 2063 hujus
1900 1998 2162 2052 sermonis

604 2076 900 2144 permultos
956 2078 1146 2133 habeo.
1193 2079 1328 2134 Nam
1361 2081 1426 2134 ad
1479 2084 1671 2139 multos
1717 2085 1874 2154 hujus
1921 2087 2162 2156 supplicii

607 2170 866 2238 tragmdia
913 2171 1208 2226 dimanavit
1249 2193 1262 2227 :
1308 2174 1555 2244 illiusque
1591 2178 1750 2232 etiam
1784 2181 2035 2248 temporis
2082 2182 2164 2236 hi—

604 2258 847 2323 storiam,
880 2260 980 2314 nisi
1013 2278 1099 2316 me
1139 2263 1322 2332 opinio
1361 2264 1515 2334 fallit,
1570 2271 1807 2323 omnium
1847 2272 2162 2327 saeculorum

605 2349 891 2418 posteritas
912 2362 1200 2421 exceptura
1236 2366 1338 2410 est.
1377 2355 1560 2421 Navis,
1589 2361 1962 2430 presbyterum
2000 2379 2160 2417 unum

605 2451 846 2509 portans,
872 2458 1106 2514 eumque
1129 2459 1239 2500 non
1269 2448 1492 2503 sceleris
1517 2449 1698 2516 ullius,
1730 2452 1823 2506 sed
1853 2453 1970 2508 fidei
2001 2469 2161 2508 causa

606 2535 1019 2602 periclitantem,
1074 2539 1209 2592 mari
1239 2542 1614 2608 committitur,
1664 2559 1767 2599 non
1808 2555 1865 2600 ut
1895 2531 2162 2602 vectorem

605 2636 802 2707 servet,
827 2627 922 2680 sed
954 2637 1012 2680 ut
1035 2631 1246 2697 perdat.
1278 2632 1450 2698 Atque
1480 2632 1526 2686 is
1551 2634 1765 2701 quidem
1799 2636 1892 2706 qui
1930 2639 2164 2693 veheba-

607 2727 713 2781 tur,
745 2726 924 2784 utpote
945 2718 1026 2771 vir
1047 2719 1243 2788 pietate
1274 2731 1552 2789 praestans,
1604 2725 1780 2781 animo
1825 2737 1940 2782 erat
1986 2745 2166 2800 prom-

603 2817 697 2876 pto
733 2819 787 2861 et
824 2809 1007 2864 alacri.
1073 2808 1266 2866 Comes
1295 2822 1469 2866 autem
1501 2814 1573 2868 illi
1629 2815 1767 2884 ignis
1807 2817 2113 2890 adjungitur
2147 2840 2159 2876 :

606 2916 672 2954 ac
707 2900 946 2956 novitate
974 2913 1145 2969 ptena:
1177 2899 1342 2984 ‘62
1376 2905 1629 2974 majorem
1673 2908 1724 2960 in
1758 2910 1971 2964 modum
2021 2912 2165 2968 laeta-

608 3001 694 3044 tur
749 2999 1081 3060 persecutor.
1157 2990 1297 3046 Proh
1350 2993 1714 3061 spectaculum
1765 3000 1958 3065 grave!
2024 2999 2164 3055 Proh

604 3097 823 3150 gravem
879 3083 1218 3152 tragoediam!
1268 3081 1431 3136 Navis
1481 3084 1616 3138 mari
1647 3084 1866 3142 fertur:
1923 3098 2166 3156 spectan-

607 3175 741 3228 tium
806 3173 1090 3228 multitudo
1130 3174 1198 3228 ad
1244 3174 1393 3229 littus
1442 3175 1766 3243 eﬂunditur;
1809 3179 1897 3234 alii
1946 3181 2159 3249 quidem

607 3264 876 3330 laetantur,
929 3264 1017 3319 alii
1074 3275 1252 3320 autem
1312 3265 1513 3337 lugent.
1556 3267 1796 3334 Quonam
1851 3281 2005 3339 pacto
2050 3287 2160 3327 rem

605 3365 808 3410 tantam
843 3358 1026 3426 paucis
1060 3357 1356 3426 exprimam
1387 3367 1548 3428 atque
1585 3359 1637 3413 in
1668 3373 1889 3428 aspectu
1935 3363 2163 3417 colloca-

602 3451 709 3506 bo?
763 3449 906 3522 Ignis
954 3451 1288 3515 accenditur,
1331 3450 1482 3507 navis
1539 3465 1644 3506 una
1683 3467 1805 3508 cum
1853 3471 2016 3512 onere
2065 3474 2230 3549 suoc

604 3543 927 3606 absumitur,
961 3541 1099 3611 ignis
1142 3557 1293 3611 aqua;
1338 3543 1614 3608 miscetur,
1670 3559 1862 3613 resque
1911 3547 2051 3603 inter
2104 3565 2163 3605 se

606 3633 894 3688 contraria:
930 3633 997 3688 ad
1031 3634 1100 3703 pii
1134 3635 1234 3688 viri
1285 3635 1604 3704 supplicium
1640 3650 1989 3706 concurrunt,
2037 3641 2168 3696 duo-

604 3740 711 3794 que
742 3725 1008 3782 elementa
1037 3741 1230 3796 corpus
1261 3743 1422 3780 unum
1468 3729 1791 3797 partiuntur,
1823 3740 1874 3785 et
1919 3747 2056 3787 novo
2086 3743 2166 3790 at-

612 3832 717 3886 que
752 3817 993 3872 inaudito
1035 3833 1186 3872 more
1212 3817 1298 3872 fax
1346 3833 1507 3889 super
1539 3835 1687 3876 mare
1719 3822 1980 3878 attollitur
2030 3843 2044 3879 :
2098 3827 2165 3881 ad

607 3924 791 3978 quam,
824 3917 880 3963 ut
917 3909 1202 3980 benignam
1225 3919 1277 3964 et
1299 3909 1608 3978 humanam,
1641 3911 1866 3969 fortasse
1901 3917 2162 3986 quispiam

609 4000 867 4064 accessit;
910 4000 1127 4068 propior
1151 4011 1326 4056 autem
1385 4001 1582 4070 factus,
1611 4005 1969 4070 miserandum
2005 4021 2164 4080 atque

2258 642 2344 684 σα,
2375 624 2466 676 καὶ
2518 622 2726 675 πολλῶν
2781 623 3022 692 αἱμάτων
3086 621 3481 693 είσπραξαμένη
3523 623 3652 695 δίκην
3692 627 3740 681 δι’

2257 712 2371 775 ἑνὸς
2395 713 2648 782 αἵματοςο
2671 712 2788 783 ἄρτι
2814 713 2869 765 δὲ
2896 713 2923 764 ὁ
2947 713 3198 781 ἀπρεπὴς
3221 711 3458 783 ἄρχεται,
3477 716 3558 768 καὶ
3575 716 3624 768 τὸ
3637 718 3743 788 aps.

2257 823 2364 858 νειν
2392 807 2736 875 Χριστιανοῖς
2791 806 3080 876 πρόσχημα
3118 807 3256 877 ἔχων
3286 805 3380 874 τῆς
3406 805 3641 875 ἀσεϐείας,
3659 815 3741 875 τοῖς

2256 896 2466 966 ἀληθῶς
2486 898 2826 969 Χριστιανοῖς
2856 897 3139 964 ἐπιφύεται
3160 914 3172 928 ⁸
3211 897 3304 949 καὶ
3328 895 3558 948 τοσοῦτον
3581 899 3742 952 ἐκείνου

2257 985 2628 1058 χαλεπώτερος
2651 987 2876 1056 γίνεται,
2907 989 3016 1058 ὅσῳ
3058 987 3176 1040 τότε
3206 987 3304 1057 μὲν
3342 988 3374 1057 ἡ
3411 985 3607 1057 ἄθλησις
3630 1006 3745 1059 περι-

2261 1079 2561 1150 φανεστέρα
2596 1078 2688 1131 καὶ
2743 1078 3113 1148 λαμπροτέρα,
3161 1076 3257 1130 νῦν
3308 1075 3479 1129 δὲκαὶ
3515 1077 3568 1129 τὺ
3596 1077 3746 1132 παθεῖν

2258 1169 2588 1240 ἀφιλότιμον,
2625 1170 2775 1240 παρά
2804 1187 2867 1238 γε
2895 1171 3005 1232 τοῖς
3025 1169 3085 1221 οὐ
3123 1167 3359 1248 δικαίοις.
3372 1167 3472 1220 τῶν
3499 1167 3656 1221 παθῶν
3678 1170 3743 1222 λο-

2258 1265 2487 1330 γισταῖς.
2523 1260 2784 1314 Βούλεσθε
2817 1261 3020 1332 δάκρυα
3075 1260 3152 1332 τῷ
3186 1259 3394 1330 θεάτρῳ
3438 1262 3619 1331 κινήσω
3644 1263 3744 1332 (54),

2260 1352 2352 1405 καὶ
2403 1353 2550 1424 αὐτῷ
2574 1370 2635 1422 γε
2673 1352 2800 1416 ἴσως
2831 1353 2909 1423 τῷ
2957 1352 3425 1424 καρτερικωτάτῳ,
3450 1353 3535 1405 καὶ
3558 1353 3645 1406 τῶν
3669 1373 3746 1407 πα-

2261 1444 2367 1498 θῶν
2393 1444 2683 1515 κρείσσονι,
2713 1445 2828 1507 ὲνδς
2843 1437 2948 1497 τῶν
2969 1444 3087 1496 τότε
3109 1443 3412 1515 γενομένων
3431 1443 3744 1515 ἐπιμνησθείς

2260 1536 2548 1608 Μάρτυρες
2584 1537 2640 1589 δὲ
2663 1535 2841 1589 πολλοὶ
2873 1536 2966 1590 τοῦ
2990 1536 3146 1607 λόγου
3169 1553 3183 1568 ·
3216 1537 3308 1590 καὶ
3331 1536 3436 1608 (55)
3468 1537 3564 1608 γὰρ
3592 1538 3667 1589 καὶ
3689 1540 3745 1600 εἰς

2262 1629 2487 1692 πολλοὺς
2508 1624 2666 1700 ἦλθεν
2699 1631 2730 1699 ὴ
2766 1629 3035 1700 τραγῳδία
3060 1628 3153 1681 τοῦ
3185 1629 3388 1690 πάθους
3407 1646 3418 1657 ⁸
3450 1625 3584 1699 οἶμαι
3613 1627 3657 1680 δὲ
3679 1629 3746 1680 καὶ

2260 1721 2287 1771 ὁ
2323 1718 2527 1790 μέλλων
2562 1718 2886 1788 ὑπολήψεται
2912 1719 3096 1789 χρόνος
3121 1717 3218 1770 τοῦ
3245 1716 3428 1789 καιροῦ
3457 1719 3513 1771 τὸ
3528 1714 3742 1788 διήγημα.

2190 1850 2233 1904 Β
2264 1811 2406 1874 Ναῦς
2430 1812 2622 1882 φόρτον
2656 1810 2850 1880 ἔχουσα
2879 1809 2984 1861 τῶν
3022 1809 3403 1880 πρεσϐυτέρων
3427 1807 3515 1860 ἕνα
3547 1807 3656 1878 ('56),
3679 1810 3746 1859 καὶ

2261 1901 2445 1954 τοῦτον
2498 1900 2616 1952 οὐδὲ
2648 1899 2785 1971 ὑπὲρ
2844 1899 3012 1951 κακοῦ
3042 1915 3206 1964 τινος,
3259 1897 3370 1952 ἀλλ’
3399 1897 3526 1968 ὑπὲρ
3570 1897 3746 1958 πίστεως

2263 1991 2652 2055 κινδυνεύοντα,
2701 1990 2841 2044 κατὰ
2882 1988 3147 2057 πελάγους
3201 1988 3412 2056 ἀφίεται
3441 1986 3558 2056 (57),
3584 1987 3663 2055 οὐχ
3685 1986 3747 2036 ἶνα

2265 2084 2413 2156 σώσῃ
2442 2082 2530 2135 τὸν
2563 2081 2847 2151 ἐπιϐάτην,
2881 2081 2993 2134 ἀλλ’
3036 2082 3121 2134 ἵνα
3147 2080 3404 2152 ἀπολέσῃ.
3433 2079 3532 2132 Καὶ
3554 2081 3578 2130 ὀ
3603 2078 3748 2147 φόρτος

2263 2173 2538 2244 πρόθυμος
2560 2189 2573 2202 ·
2603 2171 2830 2241 εὐσεϐὴς
2875 2170 3000 2242 γάρ.
3033 2170 3141 2224 Καὶ
3177 2169 3288 2240 πῦρ
3314 2169 3388 2239 τῷ
3418 2168 3579 2238 φόρτῳ
3600 2168 3747 2236 συνέμ-

2265 2283 2428 2337 πορον
2450 2280 2464 2294 °
2501 2265 2594 2318 καὶ
2638 2265 2815 2334 τρυφᾷ
2847 2263 2905 2316 τὸ
2953 2262 3133 2316 καινὸν
3162 2262 3272 2331 (58)
3326 2262 3422 2328 τῆς
3472 2259 3697 2320 κολάσεως
3728 2260 3747 2310 ὁ

2262 2356 2511 2427 διώκτης.
2540 2358 2644 2411 Φεῦ
2694 2357 2786 2409 τοῦ
2819 2356 3118 2425 θεάματοςὲ
3149 2353 3256 2422 (Ιξεῦ
3290 2353 3380 2405 τοῦ
3411 2351 3666 2422 δράματοςὲ
3701 2350 3747 2400 Ἦ

2263 2449 2394 2513 ναῦς
2415 2450 2670 2518 πελάγιος
2695 2467 2709 2480 ο
2742 2450 2803 2502 τὸ
2830 2449 3052 2520 θέατρον
3079 2448 3172 2500 ἐπὶ
3201 2451 3319 2509 ταῖς
3343 2447 3539 2509 ἀκταῖς,
3568 2444 3652 2496 τῶν
3678 2443 3748 2512 μὲν

2263 2539 2623 2610 ἐφηδομένων,
2659 2540 2766 2594 τῶν
2793 2540 2847 2592 δὲ
2873 2539 3229 2610 ὀδυρομένων.
3271 2538 3390 2600 Πῶς
3411 2536 3471 2589 ἂν
3491 2537 3540 2588 ὲν
3559 2535 3687 2603 ὀλίγῳ
3703 2531 3747 2583 τὸ

2264 2634 2396 2687 πολὺ
2445 2634 2896 2705 παραστήσαιμις
2947 2631 3244 2685 ἀνάπτεται
3274 2631 3332 2684 τὸ
3365 2629 3484 2701 πῦρ,
3511 2629 3746 2681 δαπανᾶται

2262 2729 2294 2796 ἠ
2321 2727 2471 2791 ναῦς,
2501 2725 2897 2778 συνδαπανᾶται.
2921 2724 2950 2775 ὁ
2978 2723 3196 2795 φόρτος,
3231 2722 3340 2794 πῦρ
3372 2721 3508 2775 ῦδατι
3535 2718 3745 2790 μίγνυται,

2264 2819 2356 2872 καὶ
2398 2817 2673 2888 συντρέχει
2701 2815 2769 2870 τὰ
2798 2815 3013 2870 ἐναντία
3053 2816 3132 2878 εἰς
3180 2813 3431 2876 εὐσεϐοῦς
3457 2811 3655 2874 κόλασιν,
3680 2809 3746 2861 καὶ

2263 2910 2354 2963 δύο
2383 2911 2619 2978 στοιχεῖα
2663 2907 2718 2960 ἓν
2748 2907 2906 2978 σῶμα
2948 2907 3248 2978 μερίζεται,
3295 2905 3386 2958 καὶ
3433 2902 3608 2975 πυρσὸς
3644 2900 3746 2969 ὑπὲρ

2265 3001 2537 3072 θαλάσσης
2580 2998 2790 3071 αἴρεται
2823 2998 2990 3066 ξένος.
3015 2994 3085 3068 ᾯ
3118 2996 3391 3069 προσῆλθε
3416 2995 3502 3066 μὲν
3530 2995 3642 3062 τάχα
3671 3007 3745 3054 τις,

2263 3091 2337 3155 ὼς
2362 3091 2550 3162 ἡμέρῳ
2579 3091 2670 3143 καὶ
2693 3087 3082 3172 φιλανθ-ρ-εῦ-πῳι
3115 3084 3421 3159 προσελθὼν
3445 3085 3514 3147 δὲ,
3535 3078 3748 3172 εὗρεθέα-

2270 3201 2344 3254 μα
2382 3183 2608 3236 ἐλεεινόν
2641 3200 2699 3236 τε
2717 3169 2822 3234 καὶ
2852 3169 3096 3245 ἄπιστον,
3130 3180 3261 3232 ἄνευ
3288 3177 3585 3248 κυϐερνήτου
3607 3170 3745 3232 πλοῦν,

2267 3277 2392 3331 ἄνευ
2425 3275 2690 3347 χειμῶνος
2727 3273 3013 3343 ναυάγιον·
3063 3272 3155 3326 καὶ
3190 3272 3220 3324 ὁ
3252 3268 3584 3341 πρεσϐύτερος
3623 3263 3744 3323 κόνις,

2268 3369 2360 3422 καὶ
2381 3368 2500 3421 οὐδὲ
2531 3368 2696 3431 κόνις,
2730 3366 2958 3438 σπαρεὶς
3000 3366 3056 3418 ὲν
3082 3366 3197 3428 τοῖς
3235 3363 3401 3416 ὕδασι.
3436 3360 3541 3427 ,Καὶ
3567 3355 3661 3408 οὐδὲ
3680 3368 3744 3403 το·

2268 3461 2454 3515 σοῦτον
2496 3462 2528 3531 ἡ
2574 3457 2838 3530 ἱερωσύνη
2873 3456 3005 3528 (59),
3037 3457 3158 3510 ὅσον
3194 3454 3437 3524 τελευτῆς
3465 3449 3576 3519 γοῦν
3601 3448 3746 3514 εὐσχη-

2273 3553 2600 3625 μονεστέρας
2626 3553 2805 3620 τυχεῖν
2825 3566 2840 3582 ο
2864 3550 2910 3602 εί
2950 3549 3006 3602 δὲ
3065 3548 3136 3618 μὴ
3192 3545 3456 3614 τελευτῆς,
3480 3539 3594 3596 ἀλλὰ
3616 3536 3746 3604 ταφῆς

2269 3663 2333 3713 γε
2368 3645 2596 3705 πάντως,
2641 3644 2672 3713 ἣ
2703 3641 2794 3694 καὶ
2826 3643 2936 3702 τοῖς
2976 3637 3228 3691 ἀσεϐέσιν
3256 3636 3522 3705 ὀφείλεται.
3556 3626 3746 3684 Τοιοῦτος

2269 3738 2297 3788 ὁ
2326 3735 2417 3789 τοῦ
2443 3733 2668 3796 ἀσεϐοῦς
2704 3732 2882 3793 στόλος
2907 3747 2920 3761 ·
2955 3727 3197 3782 τοιοῦτον
3235 3727 3325 3780 τοῦ
3368 3721 3591 3783 εὐσεϐοῦς
3616 3718 3662 3770 τὸ
3685 3714 3746 3766 τέ-

2269 3828 2357 3891 λος
2375 3845 2388 3857 ·
2413 3826 2507 3880 καὶ
2528 3824 2758 3894 οὐδαμοῦ
2793 3823 2901 3894 πῦρ
2924 3821 3034 3891 (40)
3063 3820 3268 3872 ἄνωθεν
3304 3817 3634 3885 εὐαγέστερον,
3657 3805 3745 3860 οῦδὲ

2273 3918 2587 3975 κολαστικὸν
2613 3916 2705 3969 τοῦ
2736 3914 2958 3968 τοιαῦτα
2987 3912 3362 3984 πυρσεύοντος.

603 4093 916 4147 incredibile
939 4092 1296 4161 spectaculum
1317 4094 1532 4160 reperit,
1563 4095 1952 4164 navigationem
1981 4103 2095 4159 sine
2117 4106 2492 4176 gubernatore,
2523 4096 2851 4166 naufragium
2901 4095 3014 4149 sine
3041 4100 3373 4160 tempestate.
3413 4088 3492 4142 Sic
3529 4080 3742 4176 ρτεξυῐιθτ

603 4187 742 4241 Cinis
763 4183 1008 4248 emCillﬂ'.
1030 4183 1136 4237 Ῐιιιο
1166 4199 1231 4236 ηο
1253 4182 1387 4236 Ciuis
1416 4183 1647 4251 (Ιυίάθων
1671 4196 1855 4256 υιρυιο
1892 4192 1942 4245 in
1971 4174 2373 4268 aquisﬁsparsus.
2403 4191 2512 4246 Nec
2542 4203 2667 4244 vero
2690 4187 2968 4242 sacerdotii
2997 4185 3227 4255 dignitas
3262 4182 3386 4236 tanti
3411 4180 3518 4242 fuit,
3555 4182 3601 4228 ut
3623 4174 3738 4272 hanc.

604 4282 822 4334 sliorem
845 4276 1030 4330 saltem
1064 4283 1289 4327 martem
1316 4285 1769 4342 consequeretur;
1799 4289 1891 4334 aut
1919 4284 1962 4337 si
1995 4301 2097 4339 non
2130 4297 2377 4349 mortem,
2410 4299 2472 4338 ac
2501 4293 2645 4336 certe
2670 4278 3017 4348 sepulturam,
3040 4291 3156 4346 quae
3179 4275 3352 4343 impiis
3379 4273 3524 4327 etiam
3549 4277 3592 4322 et
3617 4277 3742 4320 sacri-

605 4378 741 4446 legis
772 4372 1076 4431 Ῑιοπηῖηῖδυδ
1111 4371 1354 4424 ἀθδθιυτο
1386 4366 1506 4422 "33°
1546 4370 1691 4440 impii
1731 4373 1960 4433 hominis
2020 4383 2222 4436 marina
2248 4379 2512 4452 expeditio
2537 4377 2634 4431 fuit
2666 4395 2678 4430 :
2727 4375 2812 4429 hic
2859 4374 2930 4442 pii
2981 4372 3076 4425 viri
3152 4371 3292 4424 linis.
3350 4367 3451 4423 Nec
3474 4373 3658 4431 usquam
3686 4353 3740 4456 de

604 4445 744 4524 coelo
798 4463 1072 4519 descendit
1119 4476 1271 4517 sacer
1305 4463 1460 4532 ignis,
1503 4479 1598 4518 nec
1625 4467 1690 4520 ab
1753 4482 1836 4533 eo,
1897 4475 1987 4540 qui
2019 4445 2332 4544 hujusmodi
2355 4473 2520 4526 facem
2571 4468 2944 4537 navigantibus
2975 4465 3311 4532 praeferebat,
3342 4473 3512 4530 ρωπος
3536 4445 3736 4544 sumpsit!

675 4559 764 4614 XI.
796 4558 901 4612 Sed
935 4559 1061 4627 quid
1094 4567 1316 4611 externa
1355 4558 1579 4628 colligo?
1628 4561 1705 4615 Ad
1761 4539 2154 4622 dimicationem

2325 4569 2426 4621 IA’.
2472 4565 2630 4620 ’Λλλὰ
2659 4565 2711 4618 τί
2775 4562 2864 4634 μοὶ
2912 4561 3020 4614 τῶν
3072 4557 3301 4624 ἕξωθεν;
3368 4554 3471 4607 Ἐπ’
3502 4547 3640 4616 αὐτὴν
3668 4539 3738 4634 ἡᾷη

605 4661 749 4705 tuam
805 4650 914 4718 jam
969 4649 1327 4705 accedendum
1359 4659 1462 4714 est,
1518 4661 1677 4720 atque
1716 4657 1780 4708 ad
1811 4665 1896 4708 tua
1953 4659 2162 4725 pietatis

501 4765 509 4774 κ
603 4757 764 4796 causa
796 4741 1018 4796 tolerata
1058 4741 1373 4803 certamina,
1403 4757 1522 4810 qua:
1570 4743 1812 4812 pristinis
1848 4747 1950 4802 tuis
1992 4750 2158 4804 virtu-

574 4835 762 4906 Itibus,
797 4842 1049 4902 tanquam
1081 4833 1389 4901 praeclarum
1445 4835 1709 4902 quoddam
1753 4837 2004 4908 sigillum,
2054 4841 2157 4895 im-

603 4925 852 4998 posuisti.
890 4924 1117 4994 Vigebat
1149 4924 1381 4980 lhmresis
1410 4925 1608 4980 malum
1659 4925 1712 4980 in
1743 4935 1828 4982 tua
1861 4929 2094 4998 civitate,
2123 4947 2152 4985 a

674 5103 782 5176 (54)
815 5102 1074 5176 Κιοςήσῳ.
1119 5101 1208 5156 Sic
1258 5102 1434 5176 plures
1465 5099 1653 5171 Regg.,
1697 5101 1858 5158 Coisl.
1895 5106 1943 5170 l,
1967 5103 2066 5159 ‘Or.
2099 5105 2151 5173 ἰ,

602 5173 878 5235 Ροεηειρ.
910 5173 964 5225 ln
994 5173 1148 5237 edit.,
1187 5174 1408 5242 νικήσω.

676 5245 786 5314 (55)
818 5244 948 5314 Kal.
975 5243 1136 5296 Deest
1164 5244 1216 5294 in
1237 5240 1328 5314 Or.
1361 5241 1412 5303 1,
1439 5250 1505 5314 ἐι
1531 5240 1684 5314 Pass.

700 5315 787 5384 56)
824 5313 944 5368 Τῶν
966 5310 1407 5384 ηπρεοῖϐυτέρωῂ
1431 5311 1557 5366 ἕνα.
1614 5312 1798 5384 Schol.
1841 5311 1991 5368 Colb.
2039 5333 2053 5368 :
2093 5317 2156 5368 Οἱ

675 5321 787 5438 (56)
824 5321 944 5368 Teir
993 5321 1401 5379 πρεσϐυτέρων
1431 5321 1557 5366 ἕνα.
1614 5321 1792 5365 Schol.
1841 5321 1991 5368 Colb.
2039 5333 2053 5368 :
2093 5321 2156 5368 υἱ

603 5407 672 5463 κα
703 5402 822 5463 ντες
845 5387 901 5436 ὲν
921 5383 1212 5463 τῷηπλοίῳ,
1239 5380 1556 5463 ’Ἡλιόδωρος
1598 5382 1976 5463 πρεσϐύτερος.
1993 5403 2156 5463 ,περι-

601 5455 840 5524 οδευτὴς,
857 5449 981 5535 ’.και
995 5449 1272 5535 Θεόδουλος
1300 5449 1722 5535 πρεσϐύτερος-,Λ
1746 5449 2156 5535 ᾋπέτμήθησαν

599 5529 657 5582 δὲ
679 5520 823 5581 ἄλλοι
854 5524 895 5594 β’
919 5524 1256 5594 ἀναγνῶσται
1275 5520 1366 5594 καὶ
1387 5520 1611 5588 ψάλται·
1641 5540 1659 5594 ι
1683 5520 1780 5586 Qui
1800 5523 1848 5575 in
1868 5520 1987 5594 navi
2010 5520 2158 5578 cont-

606 5597 743 5651 bu3ti
775 5592 918 5657 sunt,
960 5593 1108 5647 fuere
1155 5592 1470 5646 Heliodorus
1520 5592 1792 5661 presbyter
1830 5593 2101 5661 circuitor,
2135 5613 2153 5646 ι

605 5667 658 5719 id
709 5673 812 5735 est.
838 5665 1111 5735 inspector,
1141 5665 1401 5735 uisitator,
1445 5677 1465 5735 ι
1506 5670 1560 5735 et
1599 5661 1903 5735 Theodulus
1953 5666 2162 5735 presby-

610 5747 709 5788 ter.
749 5732 885 5788 (Σωεὶ
920 5730 1044 5788 sunt
1082 5733 1265 5796 etiam,
1322 5730 1580 5787 abscissis
1612 5732 1894 5801 capitibus,
1942 5730 2030 5788 alii
2057 5730 2159 5788 duo

609 5805 834 5861 lectores
871 5813 922 5858 et
959 5813 1222 5858 cantores.
1253 5822 1270 5854 ι

2268 4657 2544 4730 βαδιστέον
2581 4657 2678 4727 τὴν
2715 4655 2810 4725 σὴν
2838 4653 3080 4724 ἄθλησιν,
3133 4649 3375 4710 καὶτοὺς
3421 4643 3531 4703 σοὺς
3553 4635 3740 4733 ευ⁶

2268 4728 2477 4815 σεϐείας
2525 4748 2636 4820 (41)
2681 4746 2915 4815 ἀγῶνας,
2954 4743 3047 4807 οὓς
3094 4744 3225 4796 πᾶσι
3275 4743 3382 4802 τοῖς
3431 4728 3739 4832 πρθ)“αεῗῦσῗ’

2263 4842 2448 4914 ὥσπερ
2470 4841 2590 4895 τινὰ
2614 4837 2880 4910 σφραγῖδα
2907 4835 3095 4907 καλὴν,
3124 4833 3406 4902 ἐπέθηκας.
3437 4826 3738 4916 Ἥκμαςεῃμεν

2257 4932 2314 4983 ὲν
2344 4935 2410 4995 τῆ
2441 4932 2508 5000 σῇ
2549 4929 2698 4981 πόλει
2732 4929 2792 4980 τὸ
2828 4930 2926 5000 τῆς
2951 4926 3212 4999 αἱρέσεως
3249 4920 3440 4987 ταύτης
3466 4909 3624 4970 κακδν›
3651 4899 3738 4954 οθεν

2334 5103 2634 5186 (57).Κατὰ
2684 5102 2982 5171 πελάγους
3032 5101 3274 5170 ἀφίεται.
3307 5095 3417 5150 Bill.
3470 5110 3481 5145 :
3515 5108 3531 5141 ι
3556 5089 3600 5142 in
3627 5091 3736 5136 mare

2266 5176 2808 5372 deégill)m'1l‘g.a:anfdr.
2836 5241 3080 5326 Nonnulli
3103 5241 3276 5305 codd.,
3307 5235 3379 5305 τῷ
3407 5227 3575 5296 καινῷ.
3634 5292 3734 5336 θεοῦ.

2353 5313 2440 5372 59)
2495 5316 2807 5372 Ιερωσυνη.
2873 5313 2962 5368 btc
3015 5312 3192 5372 plures
3252 5306 3398 5362 codd.
3445 5298 3681 5357 lnednh.

2310 5298 2440 5398 ias)
2486 5315 2807 5384 Ἶερωσύνη.
2873 5313 2962 5368 Sic
3015 5312 3192 5381 plures
3252 5298 3398 5362 codd.
3445 5302 3498 5354 In
3522 5298 3612 5356 οὐ..
3634 5298 3718 5357 is.”

2264 5399 2439 5524 συῖιῖιθ)
2471 5454 2574 5532 Καὶ
2601 5453 2864 5532 οὐδαμοῦ
2887 5451 3156 5532 πῦρηοιο.
3197 5434 3733 5532 Ειίαεγ-ξῇιὲςοῆξξξευῇξ

2263 5508 2483 5594 ιιεᾲιιοήι
2526 5525 2662 5593 ignis
2688 5508 2904 5594 sahctus
2940 5508 3226 5594 aejustus,
3247 5525 3300 5570 et
3327 5513 3503 5594 vindex
3517 5508 3730 5594 ξξιιείἠεξξ

2262 5576 2498 5676 adfixum
2531 5576 3148 5663 modumnavigant'ibus
3178 5576 3435 5645 il'lucebat.
3461 5598 3476 5629 ι
3517 5576 3592 5632 Sic
3611 5576 3728 5624 etiam

2260 5663 2811 5806 ΒηέῢῗἘύσεϐείας.
2851 5731 3024 5795 Pass,
3056 5729 3151 5799 τῆς
3179 5722 3454 5786 εὐσεϐείας.
