3914 6404
234 342 360 398 1213

1032 337 1289 393 ORATIO
1330 336 1495 393 XXV.
1527 369 1595 379 —
1629 338 1695 391 lN
1730 338 2015 418 LAUDEM
2056 336 2351 393 HEROle
2384 336 2649 393 PHILOS.

3312 336 3445 390 1214

225 454 313 508 καὶ
340 448 555 522 ἤρξατο.
608 448 756 500 Ἐπεὶ
803 448 860 501 δὲ
890 448 981 503 τὸν
1031 449 1129 519 μὲν
1161 450 1461 518 ἁγιώτατον
1489 450 1586 521 τῆς
1615 452 1783 503 οίκου-

1889 466 1993 519 qua
2029 451 2188 505 etiam
2253 460 2427 503 ortum
2475 451 2716 503 duxerat.
2771 448 3056 517 Postquam
3094 456 3267 502 autem
3325 465 3444 502 san-

226 545 384 616 μένης
440 539 734 611 ὀφθαλμὸν,
762 541 855 594 καὶ
896 541 1153 611 ἀρχιερέα
1183 542 1291 594 τῶν
1330 542 1537 613 ἱερέων,
1564 542 1654 596 τὸν
1682 543 1779 615 τῆς

223 636 315 705 σῆς
341 631 625 703 ὁμολογίας
649 630 963 701 καθηγητὴν
993 630 1086 684 καὶ
1118 630 1430 684 διδάσκαλον
1451 635 1561 695 τοῖς
1586 632 1776 685 ἑαυτοῦ

221 724 341 795 περὶ
389 721 488 791 τῆς
540 721 816 784 εὐσεϐείας
846 720 1043 789 ἀγῶσι,
1086 720 1183 791 τὴν
1219 721 1457 793 μεγάλην
1492 722 1692 793 φωνὴν,
1719 723 1778 775 τὸ

116 806 117 811 “
217 814 312 883 τῆς
341 812 578 875 πίστεως
621 811 871 882 ἔρεισμα,
904 812 994 866 τὸν
1041 812 1288 882 δεύτερον
1320 813 1555 883 Χριστοῦ
1587 813 1776 884 λύχνον

218 904 307 958 καὶ
337 902 659 973 πρόδρομον,
688 904 736 955 εί
778 901 935 973 θέμις
967 903 1123 956 τοῦτο
1150 904 1343 967 εἰπεῖν,
1369 905 1426 957 ὲν
1454 906 1601 976 γήρᾳ
1628 905 1776 976 καλῷ

216 992 561 1063 κοιμηθέντα,
591 993 685 1046 καὶ
710 993 888 1064 πλήρη
910 992 1018 1048 τῶν
1045 994 1181 1048 κατά
1213 994 1342 1048 Θεὸν
1367 995 1609 1067 ἡμερῶν,
1635 996 1774 1067 μετὰ

214 1084 308 1147 τὰς
334 1082 710 1152 συκοφαντίας,
759 1083 895 1154 μετά
938 1085 1066 1148 τοὺς
1101 1084 1311 1149 ἄθλους,
1342 1084 1478 1156 μετά
1500 1086 1599 1157 τήν
1620 1104 1772 1159 περι-

213 1174 401 1244 ϐόητον
454 1175 610 1244 χεῖρα
640 1172 772 1242 (42),
837 1173 973 1245 μετά
1014 1175 1139 1239 τοὺς
1194 1175 1399 1239 ζῶντας
1443 1179 1685 1247 νεκροὺς,
1738 1180 1771 1249 η

211 1264 376 1336 Τριάς
416 1264 550 1336 πρὸς
601 1265 797 1336 ἑαυτὴν
857 1265 1220 1337 μετατίθησιν,
1279 1260 1625 1338 ᾖσυνέζησε,
1677 1269 1772 1322 καὶ

208 1358 344 1428 ὑπὲρ
369 1350 439 1428 ἦς
486 1356 855 1410 ἐκινδύνευσεν
884 1355 1230 1427 (Ἃθανάσιον
1258 1353 1350 1411 οἶδ’
1383 1359 1464 1411 ὅτι
1485 1359 1683 1422 πάντες
1711 1360 1770 1412 ὲν

205 1450 315 1511 τοῖς
359 1445 537 1514 λόγοις
569 1444 858 1516 ἀνέγνωτε)
884 1462 898 1475 ο
956 1445 1181 1517 δευτέρα
1235 1446 1291 1500 δέ
1348 1463 1434 1511 τις
1486 1447 1766 1515 Αἰγύπτου

205 1538 383 1609 πληγὴ
412 1537 509 1590 καὶ
540 1535 736 1608 μάστιξ
767 1536 875 1607 (45,)
907 1537 1097 1591 ἑαυτὸν
1126 1539 1407 1606 ἐπεισάγει
1431 1541 1497 1609 τῇ
1543 1539 1766 1610 Ἐκκλη-

204 1628 293 1700 σία
318 1629 347 1680 6
379 1627 480 1698 τῆς
510 1626 766 1699 ἀληθείας
789 1626 1071 1697 προδότης,
1099 1630 1127 1681 6
1147 1628 1253 1681 τῶν
1283 1628 1460 1685 λύκων
1483 1629 1706 1700 ποιμὴν,
1738 1632 1767 1682 6

198 1718 283 1770 διὰ
299 1716 400 1787 τῆς
423 1716 594 1786 αὐλῆς
615 1716 953 1787 ὑπερϐαίνων
975 1716 1195 1788 λῃστὴς,
1213 1718 1505 1791 όοδεύτερος
1528 1721 1764 1791 Ἀρειος,

1883 541 2176 594 ctissimum
2210 539 2355 592 illum
2377 539 2523 593 orbis
2546 539 2779 603 oculum,
2815 548 2868 592 et
2933 539 3269 593 sacerdotum
3317 540 3444 590 anti-

1881 630 2082 692 stitem,
2115 629 2261 682 illum
2288 638 2390 682 ture
2416 628 2795 691 confessionis,
2831 644 2927 697 per
2953 644 3015 683 ea
3040 628 3295 697 pericula,
3328 642 3444 695 qua:

1881 735 1975 790 pro
2006 720 2125 774 iidei
2166 720 2479 775 orthodoxae
2518 719 2827 774 defensione
2886 721 3141 787 suscepit,
3174 719 3361 773 ducem
3390 729 3443 771 et

1882 811 2226 880 magistrum,
2259 810 2402 864 illam
2442 809 2725 864 sublimem
2761 824 2968 873 vocem,
2992 809 3119 864 illud
3158 808 3443 864 ﬁdeicolu-

1876 917 2019 964 men,
2054 902 2344 955 secundam
2378 901 2520 955 illam
2559 898 2755 955 Christi
2824 901 3093 955 lucernam
3122 909 3176 954 et
3210 916 3443 969 praecur-

1875 1004 2074 1056 sorem,
2112 990 2155 1043 si
2190 990 2262 1043 ita
2296 990 2444 1061 loqui
2471 990 2553 1045 fas
2583 1000 2689 1056 est,
2723 991 2773 1042 in
2806 990 2942 1043 bona
2987 998 3257 1044 senectute
3292 1004 3437 1043 mor-

1876 1086 2044 1145 tuum,
2072 1093 2134 1132 ac
2165 1079 2371 1132 dierum
2404 1094 2613 1145 eorum,
2638 1080 2727 1148 qui
2759 1079 3053 1133 secundum
3082 1078 3247 1133 Deum
3292 1086 3437 1141 sunt,

1873 1170 2106 1239 plenum,
2137 1179 2258 1239 post
2294 1169 2618 1235 calumnias,
2652 1180 2772 1239 post
2800 1170 3115 1234 certamina,
3144 1178 3264 1239 post
3292 1170 3434 1223 illam

1871 1259 2110 1314 omnium
2162 1274 2257 1315 ore
2325 1260 2650 1315 celebratam
2699 1276 2955 1327 manum,
3024 1271 3143 1329 post
3199 1261 3439 1314 viventes

1869 1360 2125 1419 mortuos,
2192 1348 2449 1416 Trinitas,
2501 1365 2659 1420 quam
2713 1366 2810 1419 per
2866 1365 3024 1405 omne
3066 1353 3189 1405 vitae
3228 1362 3436 1421 tempus

1866 1441 2123 1506 coluerat,
2154 1452 2208 1518 et
2260 1457 2357 1512 pro
2387 1457 2489 1512 qua
2549 1444 2801 1512 periculis
2855 1458 2974 1498 sese
3022 1443 3313 1511 obiecerat,
3369 1445 3433 1497 ad

1866 1548 1926 1588 se
1992 1532 2265 1588 transtulit
2325 1535 2452 1597 (non
2522 1542 2606 1588 est
2680 1535 2818 1602 apud
2868 1550 2951 1587 me
3006 1535 3246 1601 dubium,
3305 1535 3431 1603 quin

1866 1644 1931 1683 ex
1994 1628 2077 1683 his
2145 1627 2325 1682 verbis
2417 1628 2768 1681 Athanasium
2861 1628 3226 1697 agnoscatis);
3324 1639 3431 1681 tum

1867 1721 2098 1775 secunda
2151 1720 2397 1789 quaedam
2449 1719 2663 1790 Egypti
2705 1720 2856 1790 plaga
2910 1729 2964 1775 et
3002 1720 3289 1789 ﬂagellum,
3324 1720 3431 1783 ille,

198 1812 229 1880 ή
261 1807 460 1880 θολερὰ
485 1808 579 1861 καὶ
610 1808 806 1871 ἄποτος
831 1808 939 1880 (44)
965 1809 1264 1880 ἀνατροπὴ,
1298 1812 1327 1863 6
1357 1814 1454 1882 τῆς
1475 1811 1634 1865 ἀθέου
1665 1831 1769 1885 πη-

1878 1813 2110 1881 inquam,
2138 1811 2383 1866 veritatis
2416 1811 2675 1879 proditor,
2717 1811 2804 1866 ille
2831 1812 3073 1881 luporum
3115 1817 3318 1879 pastor,
3348 1810 3435 1863 ille

195 1902 298 1970 γῆς
321 1898 710 1971 δαψιλέστερος
736 1900 977 1971 ποταμός
995 1915 1009 1929 ο
1040 1900 1180 1953 ὀκνῶ
1202 1902 1299 1972 μὲν
1320 1901 1419 1965 τὰς
1444 1902 1563 1955 τότε
1597 1921 1765 1976 παρα-

195 1992 388 2062 νομίας
420 1994 595 2045 εἰπεῖν
624 1992 718 2045 καὶ
750 1994 1078 2062 μιαιφονίας,
1111 1993 1228 2064 μεθ’
1258 1986 1331 2047 ὧν
1358 1994 1446 2049 τὸν
1484 1994 1633 2064 ἅγιον
1671 2014 1761 2049 κα-

190 2082 533 2153 ταλαμϐάνει
562 2082 746 2155 θρόνον
786 2085 816 2135 6
864 2084 986 2155 θὴρ,
1018 2084 1243 2155 καὶτῆς
1284 2088 1524 2158 πονηρᾶς
1564 2087 1765 2141 εἰσόδου

189 2173 256 2225 τὰ
284 2173 704 2245 προτελέσματα
727 2192 740 2205 ·
776 2174 1036 2245 ὀδύρομαι
1080 2175 1126 2228 δ’
1158 2176 1306 2247 ὅμως
1333 2175 1490 2245 ὀλίγα
1534 2178 1598 2230 ὲκ
1642 2179 1767 2231 πολ-

191 2266 296 2319 λῶν
322 2266 384 2336 (ἃ
414 2267 512 2320 καὶ
552 2266 711 2337 ὑμεῖς
742 2265 997 2338 ὀδύρεσθε
1053 2264 1165 2336 (45)
1210 2282 1269 2318 τε
1329 2266 1423 2318 καὶ
1454 2266 1766 2338 προωδύρα-

190 2357 330 2428 σθε),
366 2357 450 2428 τῷ
479 2356 609 2429 θείῳ
657 2356 819 2412 Δαϐὶδ
850 2356 1296 2428 συγχρησάμενος
1321 2354 1430 2427 (46)
1458 2374 1472 2389 ο
1512 2359 1576 2410 '0
1599 2358 1762 2423 Θεὸς,

188 2448 476 2518 ἦλθοσαν
498 2450 641 2517 ἔθνη
672 2452 759 2514 εἰς
790 2448 904 2518 τὴν
929 2448 1331 2518 κληρονομίαν
1357 2466 1492 2513 σου,
1517 2448 1767 2518 ἐμίαναν

186 2541 295 2596 τὸν
310 2542 472 2597 ναὸν
492 2541 599 2595 τὸν
628 2541 796 2611 ἅγιόν
824 2556 959 2607 σου,
988 2540 1164 2594 καὶτὰ
1186 2542 1277 2593 ἐπὶ
1297 2540 1532 2605 τούτοιςο
1570 2543 1766 2596 Ἔθεν-

187 2649 251 2687 το
282 2632 358 2686 τὰ
395 2632 721 2702 θνησιμαῖα
758 2632 867 2702 (47)
906 2630 1022 2687 τῶν
1052 2631 1285 2687 δούλων
1316 2647 1452 2697 σου,
1482 2634 1766 2687 πετεινῶν

182 2720 500 2792 βρώματα,
533 2721 631 2775 καί
687 2722 902 2790 θηρίων
932 2720 1342 2791 σπαράγματα.
1386 2706 1685 2794 Προσθτήσω
1709 2724 1765 2776 δὲ

185 2816 319 2885 παρ’
346 2814 520 2869 αὐτοῦ
572 2814 796 2867 κάκεῖνα
852 2812 911 2877 ἐξ
974 2812 1132 2867 ἄλλου
1182 2813 1378 2885 θρήνου
1437 2816 1531 2868 καὶ
1575 2816 1765 2887 ἐτέρας

182 2904 332 2976 ᾠδῆς
356 2921 372 2937 ο
408 2903 571 2956 ’Ὅσα
600 2902 1043 2970 ὲπονηρεὺσατο
1097 2904 1130 2955 ό
1168 2901 1375 2972 ἐχθρὸς
1403 2902 1475 2955 ἐν
1503 2900 1582 2967 τῷ
1621 2903 1765 2972 ἁγίῳ

183 3012 327 3059 σου,
368 2995 476 3049 καὶ
500 2992 988 3063 ἐνεκαυχήσαντο
1022 2996 1075 3048 οἱ
1102 2992 1426 3064 μισοῦντές
1469 3009 1542 3048 σε
1567 2995 1637 3048 ἐν
1662 2994 1764 3063 μέ-

181 3102 273 3149 σῳ
303 3085 425 3153 τῆς
462 3082 671 3163 ἑορτῆς
700 3099 835 3138 σου.
868 3084 993 3148 Πῶς
1019 3084 1127 3157 γάρ
1151 3086 1251 3138 οὐκ
1291 3086 1760 3156 ὲνεκαυχήσαντο;

182 3176 304 3241 πῶς
342 3176 405 3230 δὲ
453 3176 555 3229 οὐκ
585 3175 813 3247 ἐμίαναν
864 3175 955 3230 τὸν
1006 3175 1132 3230 ναὸν
1182 3176 1272 3230 τὸν
1324 3178 1477 3246 ἆγιόν
1530 3194 1622 3230 σου
1653 3178 1764 3249 (48)

180 3269 507 3340 συμφοραῖς
536 3266 891 3339 πολυτρόποις
920 3267 1015 3323 καὶ
1038 3268 1308 3333 παντοίοις
1341 3270 1559 3336 κακοῖς;

176 3359 545 3415 solemnitatis
597 3369 701 3429 tua:
749 3360 816 3415 ⁸ο.
878 3359 1016 3426 Quid
1081 3362 1262 3417 enim?
1328 3361 1411 3416 An
1465 3378 1572 3417 non
1619 3363 1830 3434 gloriati
1902 3372 2063 3427 sunt?

1870 1919 1965 1974 per
1991 1904 2201 1958 caulam
2232 1905 2614 1958 transcendcns
2654 1903 2815 1967 latro,
2852 1904 3115 1959 secundus
3139 1903 3224 1957 ille
3251 1902 3431 1964 Arius,

1870 1996 2077 2051 turbida
2105 1996 2192 2050 illa
2231 2004 2285 2051 et
2315 2010 2499 2050 amara
2527 1997 2758 2061 eversio,
2785 1996 2872 2050 ille
2906 1996 3070 2063 impio
3119 1996 3265 2048 l'onte
3310 1996 3434 2048 uhc-

1875 2088 1987 2144 rior
2023 2086 2234 2155 ﬂuvius,
2271 2089 2505 2156 seipsum
2554 2087 2605 2141 in
2643 2087 2935 2142 Ecclesiam
2986 2086 3297 2140 introduxit.
3354 2084 3433 2138 Pi-

1865 2188 1953 2251 get
1980 2181 2232 2249 equidem
2274 2180 2473 2250 ﬂagitia
2515 2195 2601 2245 ea,
2635 2196 2753 2250 quae
2808 2190 2932 2234 tunc
2974 2178 3250 2246 designata
3286 2187 3431 2245 sunt,

1850 2281 1918 2347 get
1943 2271 2103 2343 463
2142 2270 2372 2327 nefarias
2395 2272 2589 2337 caedes,
2621 2284 2742 2326 cum
2766 2271 2961 2340 quibus
2989 2268 3103 2324 l‘era
3136 2268 3226 2324 illa
3254 2284 3435 2323 sacro-

1866 2373 2109 2420 sanctum
2135 2364 2324 2419 solium
2352 2364 2569 2431 invasit,
2599 2378 2662 2417 ac
2680 2363 2916 2431 pestiferi
2946 2361 3217 2431 ingressus
3243 2359 3433 2430 praelu-

1864 2456 1953 2510 dia
1986 2456 2227 2512 referre:
2262 2472 2328 2512 ex
2375 2455 2558 2510 multis
2594 2466 2775 2509 tamen
2834 2469 3010 2523 pauca
3041 2454 3280 2523 deploro,
3317 2468 3434 2522 qua:

1864 2560 1961 2600 vos
1987 2560 2198 2615 quoque
2220 2559 2429 2599 mecum
2455 2542 2765 2613 deploratis,
2799 2552 2854 2596 et
2877 2541 2986 2610 jam
3040 2554 3165 2596 ante
3192 2541 3433 2611 deplora-

1864 2636 1983 2704 stis,
2056 2635 2221 2690 divini
2267 2634 2484 2689 Davidis
2533 2633 2713 2688 verbis
2784 2642 2941 2687 utens
2991 2632 3076 2686 ":
3134 2631 3296 2696 Deus,
3352 2647 3434 2684 ue-

1864 2739 2048 2785 nerunt
2082 2739 2253 2799 gentes
2285 2728 2342 2781 in
2381 2725 2732 2782 hwteditatem
2764 2740 2906 2777 mam
2937 2740 2955 2776 :
2992 2722 3281 2790 polluerunt
3309 2731 3436 2775 tem—

1862 2820 2005 2889 plum
2044 2830 2281 2874 sanclum
2332 2826 2513 2882 tuum;
2560 2826 2612 2873 ει
2629 2832 2746 2885 quae
2770 2824 3097 2885 sequuntur:
3137 2813 3431 2867 Posuerunt

1861 2911 2161 2964 morticinia
2212 2925 2475 2963 servorum
2534 2916 2747 2960 tuorum
2812 2923 2983 2960 escam
3029 2905 3342 2969 volatilibus,
3385 2916 3431 2957 et

1865 3003 1989 3071 feris
2018 3004 2072 3055 in
2110 3001 2493 3055 lacerationem.
2538 2999 2676 3065 Quin
2712 2998 2839 3052 illud
2889 2997 3105 3065 insuper
3146 2994 3416 3065 adjiciam,

1873 3093 2015 3163 quod
2044 3092 2182 3147 idem
2211 3090 2470 3161 propheta
2497 3090 2550 3144 in
2580 3090 2744 3144 altera
2772 3088 3149 3142 lamentatione
3205 3085 3417 3155 alioque

1874 3186 2080 3255 psalnto
2106 3184 2299 3239 cecinit
2332 3201 2346 3237 :
2384 3182 2591 3248 Quanta
2633 3182 2951 3251 malignatus
2984 3191 3056 3233 est
3096 3180 3337 3232 inimicus
3368 3178 3422 3231 in

1796 3271 1843 3331 C
1872 3287 2050 3332 sancto
2074 3288 2183 3343 tuo,
2209 3288 2255 3331 et
2278 3276 2488 3347 gloriati
2529 3287 2645 3329 sunt
2678 3276 2766 3345 qui
2797 3274 3013 3327 oderunt
3052 3281 3119 3334 te,
3160 3273 3214 3324 in
3242 3271 3412 3323 medio

2147 3371 2283 3438 Quid
2350 3369 2567 3425 autem?
2623 3368 2814 3421 Annon
2874 3376 3120 3421 sanctqu
3185 3362 3435 3433 templum

178 3452 538 3507 tnnm'variis
560 3452 979 3518 calamitatibus,
1004 3463 1164 3522 atque
1190 3454 1333 3506 omni
1379 3453 1639 3509 malorum
1690 3473 1884 3526 genere
1922 3460 2390 3518 contaminarunt?

247 3548 355 3601 IB’.
415 3546 776 3617 Ἐστρατήγει
824 3547 920 3617 μὲν
964 3546 1100 3619 ἀνὴρ
1130 3546 1282 3610 ἄθεος
1327 3548 1436 3619 (49)
1465 3550 1558 3602 κα)¹
1589 3556 1767 3624 παρά-

173 3656 369 3709 νομος,
432 3638 563 3691 οὐδὲ
614 3638 786 3709 ὄνομα
836 3637 1160 3711 Χριστιανοῦ
1222 3638 1333 3710 (50)
1384 3642 1761 3713 περικείμενος

172 3731 365 3801 (τοῦτο
419 3729 539 3801 γὰρ
564 3730 664 3799 τῆς
693 3730 899 3802 ὕϐρεως
928 3731 988 3783 τὸ
1016 3731 1359 3800 δεινότατον),
1420 3734 1534 3787 ἀλλ’
1566 3736 1630 3788 ἐκ
1652 3736 1758 3789 τῶν

169 3823 423 3877 εἰδώλων
456 3822 559 3875 ἐπὶ
589 3822 679 3875 τὸν
707 3822 799 3876 τοῦ
833 3822 968 3876 Θεοῦ
1010 3823 1133 3877 ναὸν
1165 3825 1535 3895 ἐπειγόμενος,
1569 3829 1633 3880 ὲκ
1663 3826 1770 3881 τῶν

166 3916 528 3985 ἀκαθάρτων
558 3913 802 3985 αἱμάτων
832 3914 924 3967 ἐπὶ
958 3914 1029 3968 τὰ
1062 3915 1422 3988 μυσαρὼτερά
1448 3936 1508 3971 τε
1541 3920 1632 3973 καὶ
1663 3919 1771 3990 βδε-

165 4009 524 4080 λυκτότερα,
553 4005 827 4060 καὶτοῦτο
850 4006 1145 4079 ίερουργων
1174 4008 1305 4070 ἴσως
1341 4007 1438 4079 τὴν
1465 4009 1585 4063 καθ’
1616 4010 1770 4081 ἡμῶν

168 4103 336 4175 ὓϐριν
366 4103 501 4163 τοῖς
553 4099 800 4170 δαίμοσιο
850 4099 1224 4171 παρετάσσετο
1247 4099 1302 4153 δὲ
1360 4100 1588 4171 δύναμις
1616 4101 1771 4173 θυμῷ

170 4194 409 4258 ζέουσα,
443 4189 679 4261 στρατὸς
705 4188 986 4253 ἀλλόκοτος
1013 4189 1125 4260 (51)
1177 4191 1270 4243 καὶ
1320 4191 1589 4262 ἀνήμερος
1632 4191 1771 4245 κατὰ

165 4286 284 4338 τῶν
320 4283 557 4338 ἀόπλων
581 4281 675 4333 καὶ
716 4281 1023 4352 ἀπολέμων.
1062 4280 1339 4345 Ἐξωθεῖτο
1364 4282 1474 4351 (52)
1504 4284 1598 4352 μὲν
1621 4284 1648 4334 6
1676 4280 1770 4335 τοῦ

169 4379 338 4448 ἁγίου
384 4374 639 4444 διάδοχος
683 4374 880 4445 ἱερεὺς,
917 4376 944 4427 6
976 4374 1125 4444 νόμῳ
1153 4374 1247 4427 καὶ
1270 4374 1428 4440 ’τάξει
1459 4376 1771 4446 Πνεύματος

1951 3557 2062 3615 XII.
2133 3558 2291 3612 Ducis
2345 3570 2568 3611 munere
2624 3555 2951 3625 fungebatur
2997 3554 3082 3607 vir
3143 3552 3338 3622 impius
3384 3562 3438 3605 et

1875 3652 2295 3716 consceleratus,
2327 3666 2393 3705 ne
2419 3649 2706 3705 Christiani
2734 3648 2948 3717 quidem
2994 3661 3187 3701 nomen
3228 3660 3420 3715 gerens

1875 3746 1998 3815 (hoc
2044 3745 2186 3799 enim
2223 3743 2382 3797 totius
2426 3741 2761 3797 contumeliae.
2818 3739 3246 3809 indignissimum
3289 3737 3419 3803 est).

1878 3852 2063 3892 verum
2099 3837 2166 3892 ab
2198 3836 2353 3891 idolis
2388 3836 2454 3889 ad
2482 3836 2572 3890 Dei
2602 3832 2883 3903 templum,
2922 3833 2990 3886 ab
3026 3830 3250 3899 impuris
3283 3844 3440 3883 cruo—

1878 3927 2028 3982 ribus
2099 3928 2165 3981 ad
2205 3926 2653 3985 exsecrabiliores
2693 3935 2746 3980 et
2773 3922 3199 3979 detestabiliores
3243 3934 3437 3988 prope-

1878 4032 2031 4082 rans;
2074 4032 2138 4072 ac
2166 4016 2397 4073 fortasse
2450 4014 2754 4085 huiusmodi
2805 4012 3063 4068 adversus
3107 4024 3204 4063 nos
3253 4019 3441 4063 contu.

1866 4104 2050 4168 melia,
2083 4106 2231 4174 quasi
2288 4106 2507 4161 victima
2554 4106 2808 4173 quadam,
2853 4100 3186 4156 daemonibus
3241 4098 3427 4153 litans.

1868 4192 2163 4249 Prodibant
2202 4194 2254 4247 in
2292 4193 2463 4248 aciem
2510 4191 2697 4259 copiae,
2732 4188 2917 4244 furore
2944 4187 3220 4249 ardentes,
3253 4185 3438 4238 imma-

1877 4282 1962 4335 nis
2000 4291 2055 4334 et
2085 4280 2231 4336 ferus
2262 4281 2532 4336 exercitus
2585 4280 2842 4333 adversus
2879 4278 3110 4331 inermes
3164 4273 3428 4335 homines,

1869 4386 1932 4425 ac
1966 4371 2042 4425 rei
2080 4372 2283 4426 bellicae
2318 4372 2551 4441 ignaros.
2604 4368 2976 4435 Expellebatur
3005 4364 3273 4427 sacerdos,
3306 4364 3409 4416 viri

164 4466 556 4540 κεχρισμένος
581 4463 716 4533 (55),
746 4464 839 4517 καὶ
866 4465 1025 4535 πολιᾷ
1058 4466 1151 4518 καὶ
1180 4466 1437 4536 φρονήσει
1474 4467 1763 4536 τετιμημέο

1878 4462 2044 4516 sancti
2076 4477 2374 4527 successor,
2430 4461 2688 4531 legitime,
2717 4470 2895 4528 atque,
2922 4467 2979 4510 ut
3009 4455 3239 4525 Spiritus
3286 4454 3418 4508 ordo

164 4577 260 4623 νος
293 4558 418 4631 (54)
448 4574 465 4587 ο
525 4554 802 4607 ἐϐασίλευε
857 4554 914 4608 δὲ
937 4554 1149 4626 Ταϐεὴλ
1199 4554 1331 4624 (55),
1374 4555 1401 4607 6
1437 4554 1766 4626 κληρονόμος

234 4652 286 4684 ⁴⁹
313 4648 478 4707 Psal.
530 4662 761 4711 Lxxvnt,
795 4647 847 4710 1,
878 4646 930 4701 2.
1006 4648 1052 4679 ⁵ο
1083 4647 1224 4702 Psal.
1264 4664 1455 4718 Lsstn,
1496 4648 1549 4713 5,
1592 4647 1645 4703 4.

240 4764 369 4837 (42)
401 4761 574 4837 Μετά
600 4761 713 4829 τὴν
736 4760 1084 4837 περιϐόητον
1113 4760 1299 4837 χεῖρα,
1328 4769 1434 4813 etc.
1486 4758 1765 4832 Signiﬁcat

162 4831 263 4891 hic
314 4833 631 4903 Gregorius
672 4831 999 4903 suppositam
1046 4831 1267 4903 Arsenii‘
1303 4831 1573 4903 manum,_
1603 4846 1762 4903 quam

176 4906 328 4961 falso
353 4900 762 4957 alt'Athanasio
789 4909 1117 4966 amputatam
1146 4900 1461 4954 dictitabant
1484 4900 1688 4954 Ariani.

238 4972 521 5046 (43)_Kal
565 4969 809 5046 gciatié'.
847 4968 1276 5046 ¢_Et‘ﬂag_el_lum.
1298 4989 1316 5021 ι
1358 4970 1542 5046 Schol.
1575 4970 1763 5046 :_Aoti-

157 5039 312 5108 κιον,
344 5039 543 5113 οἶμαι,
568 5040 781 5113 λέγειν,
827 5040 917 5113 τρν
954 5039 1046 5113 επὶ
1073 5039 1278 5113 Πέτρου
1308 5039 1445 5113 μετά
1475 5039 1768 5113 τδνβΑθαέ

157 5116 366 5169 νάσιον
398 5109 755 5180 εἰσέλθοντατ
807 5128 825 5161 ι
850 5109 1093 5180 Lucium,
1127 5109 1337 5176 opinor,
1379 5110 1647 5180 intelligit,
1675 5112 1763 5180 qui

156 5186 320 5243 Petri
351 5181 704 5239 successoris
730 5177 1009 5234 Athanasii
1042 5181 1223 5249 sedem
1252 5177 1595 5249 occupavit.)

234 5255 364 5323 (44)
404 5250 830 5323 Ἀποτοςᾷβῇε
864 5250 994 5323 Reg.
1026 5247 1211 5323 Cypra,
1236 5247 1586 5323 _Par..‘_Pass.,
1614 5249 1773 5323 Com-

156 5319 279 5380 hei‘.
342 5319 450 5378 Sic
511 5322 626 5389 ipse
673 5320 862 5376 Billius
889 5320 1100 5374 videtur
1148 5319 1358 5390 legisse.
1396 5319 1448 5372 ln
1482 5322 1611 5375 edit.
1645 5320 1770 5375 ἄτο-

152 5415 290 5451 στος.

232 5434 363 5535 (15)
407 5462 751 5535 Ὀὃύρεσθε.
788 5459 921 5528 Reg.
948 5458 1134 5530 Cypr.,
1166 5458 1547 5529 προοδύρεσθε,
1585 5478 1603 5511 ι
1630 5460 1771 5530 prio-

152 5532 255 5593 res
288 5532 404 5602 ipsi
447 5532 762 5602 deploratis.
792 5550 811 5582 ι

231 5596 363 5671 (46)
398 5596 1126 5671 vaxpnadyeroc_._(_l_oisl_.
1161 5600 1210 5663 1,
1238 5599 1692 5671 συγχρησάμενοι,

232 5667 363 5742 (47)
396 5667 762 5740 Θνὴᾶἰμαῖιὶ.
790 5667 1067 5742 SicLXX.
1102 5669 1158 5742 In
1187 5668 1299 5742 ed._,
1323 5667 1620 5742 θνισιμαία.

234 5677 338 5742 (47
396 5677 762 5740 Θνησιμαῐα.
790 5677 880 5724 Sic
904 5677 1067 5722 LXX.
1102 5677 1158 5723 In
1187 5677 1298 5732 ed.,
1323 5677 1620 5742 υνισιμαῐα.

234 5677 365 5823 (48)
416 5743 634 5816 "Aridi-
669 5758 800 5797 σου.
837 5740 926 5797 Sic
961 5739 1090 5811 Reg.
1128 5740 1235 5795 bm.
1272 5738 1431 5796 Deest
1475 5757 1565 5793 σου
1597 5744 1644 5795 in
1676 5739 1761 5795 ed.

1871 4554 2192 4622 postulabat,
2232 4554 2503 4616 inunctus,
2537 4567 2600 4607 ac
2630 4551 2825 4606 canitie
2856 4559 2909 4604 et
2939 4547 3219 4619 prudentia
3247 4561 3411 4601 orna-

1944 4752 2053 4826 (49)
2091 4750 2269 4826 ῘΑνξὴρ
2290 4750 2481 4826 ᾄθεος.
2537 4747 2970 4826 Sic___designatur
3006 4743 3273 4826 Palladius
3313 4742 3439 4826 qui-

1872 4815 2137 4889 dani,'vit'
2182 4815 2375 4888 impius
2403 4830 2455 4873 et
2489 4818 2723 4889 gentilis,
2751 4818 2865 4889 qui,
2912 4826 2969 4868 ut
3012 4816 3078 4869 ab
3104 4815 3440 4889 jiitperatore

1874 4906 1929 4951 et
1970 4883 2035 4947 ab
2061 4883 2273 4945 Arianis
2320 4889 2545 4959 gratiam
2593 4883 2780 4954 iniret,
2804 4888 3060 4941 adversus
3095 4883 3433 4938 Ortltodoxos

1876 4962 2169 5020 crudeliter
2193 4963 2463 5014 satviebat.

1949 5032 2060 5104 (50)
2086 5029 2465 5104 Χριστιανοῦ.
2496 5028 2657 5104 C_oisl.
2685 5028 2756 5104 1ζ
2762 5021 3202 5104 Χριστιαπρσμοῦ.

1947 5092 2059 5173 (51)
2103 5092 2477 5164 ’Ᾰλλόκοτοᾳ
2531 5100 2686 5168 Beg.,
2719 5092 2879 5167 Cypr.
2922 5104 2976 5150 et
2998 5092 3092 5149 Or.
3123 5095 3175 5161 1,
3201 5092 3437 5147 ἀλλοκώ-

1876 5192 2052 5236 τατος.

1947 5233 2060 5313 (52)
2103 5238 2418 5313 ΪΕξωθεῖτο.
2473 5237 2571 5291 llic
2622 5237 2931 5313 intelligitur
2971 5234 3160 5313 Petrus
3213 5233 3441 5313 Alexan-

1876 5304 2065 5370 drinus
2093 5310 2379 5364 Athanasii
2410 5323 2711 5371 successor,
2741 5308 2829 5375 qui
2861 5324 2891 5361 ε
2936 5307 3060 5360 sede
3091 5322 3118 5358 a
3144 5304 3311 5375 Lucio
3339 5318 3437 5375 ex—

1878 5386 2068 5454 pulsus
2094 5391 2195 5433 est.
2222 5377 2352 5454 Tota
2380 5379 2492 5454 haec
2526 5374 2784 5454 tragcedia
2812 5377 3023 5454 abjpso
3050 5375 3205 5428 Petro
3234 5374 3441 5441 depicta

1878 5446 2073 5524 legitur
2102 5449 2241 5516 apud
2277 5449 2524 5524 Niceph.,
2553 5448 2657 5524 lib.
2676 5463 2752 5510 ix,
2780 5461 2833 5524 Ac.
2858 5446 2945 5499 28.

1949 5513 2540 5596 (55)_K§7,ptg;iétrog.
2604 5517 2692 5596 Sic
2740 5520 2916 5583 plures
2953 5516 3121 5596 .Reg”
3162 5525 3215 5569 et
3260 5513 3438 5574 Coll»,

1881 5586 2051 5649 Coisl:
2076 5594 2127 5653 1,
2164 5586 2257 5644 0r.
2293 5586 2350 5650 1,
2375 5600 2478 5642 etc.
2506 5589 2558 5641 lu
2595 5588 2704 5651 ed.,
2734 5586 3072 5656 κεκριμένος.

1952 5661 2063 5734 (54)
2102 5656 3112 5734 ΤετιμημένοςῙ-Ιξρεξηκεκραμένος..
3206 5724 3218 5734 _
3287 5721 3298 5732 ο

1953 5724 2063 5804 (55)
2102 5724 2436 5787 Ἐϐασίλειέ
2473 5728 2537 5781 δὲ
2566 5724 2804 5793 Ταϐεήλ.
2836 5724 3028 5782 Lurius
3064 5725 3147 5780 hic
3189 5724 3436 5791 designa-
