3914 6404
474 284 614 341 I215

1639 283 1699 342 S.
1741 281 2067 340 GREGORII
2107 282 2448 340 TIIEOLOGI

3570 279 3696 332 lilii

478 412 583 455 tus.
616 398 890 471 Regnabat
922 410 1100 456 autem
1149 401 1366 466 Tabeel,
1415 402 1604 458 alienae
1653 405 1798 459 sedis
1845 404 2036 459 hmres.

2154 402 2248 454 τῶν
2280 400 2592 472 ἀλλοτρίων.
2647 400 2802 454 Κατὰ
2852 399 2958 453 τῶν
2992 397 3162 468 ἁγίων
3207 398 3365 461 ὅπλα,
3421 395 3562 450 κατά
3605 395 3706 448 τῶν

479 493 752 547 Adversus
818 501 1035 548 sanctos
1082 509 1258 556 arma,
1300 495 1559 549 adversus
1618 511 1704 548 res
1755 509 1870 560 eas,
1907 509 2042 563 quas

479 585 636 654 diripi
679 585 826 638 nefas
854 594 993 647 eral,
1047 587 1270 654 impurae
1323 601 1538 651 manus,
1591 587 1846 640 adversus
1898 585 2043 656 psal-

481 693 597 732 mos
635 679 884 730 tuharum
935 677 1176 748 clangor.
1215 678 1330 734 Jam
1371 693 1489 748 qua:
1525 685 1822 747 sequuntur
1863 677 2042 732 cousi-

481 767 630 830 dera,
679 768 931 821 cadentes
984 768 1132 823 viros
1183 767 1236 821 in
1322 767 1453 823 locis
1522 768 1748 832 Sanctis,
1818 766 2042 837 pedibus

481 858 737 923 protritas
789 857 1066 924 mulieres,
1127 858 1412 913 nonnullas
1466 858 1630 913 etiam
1676 873 1796 913 cum
1838 869 2043 913 natura:

479 961 669 1010 onere,
724 958 1072 1016 prae-maturos
1125 958 1330 1020 partus,
1363 949 1464 1016 vel,
1520 961 1579 1004 ul.
1616 950 1790 1020 aptius
1841 950 2040 1016 dicam,

480 1053 584 1092 non
632 1047 852 1108 partus;
904 1041 1138 1110 virgines
1173 1041 1537 1097 miserabilem
1589 1041 1642 1096 in
1673 1042 1882 1096 modum
1932 1042 2042 1096 dis-

482 1137 700 1196 tractas,
731 1131 921 1186 fmdius
974 1131 1134 1185 etiam
1180 1135 1447 1187 cruciatas
1489 1132 1633 1201 (nam
1681 1142 1736 1186 et
1775 1132 1842 1185 ob
1895 1131 2044 1185 femi-

481 1239 598 1289 nas,
634 1232 688 1277 et
717 1225 784 1278 ob
819 1226 984 1292 viros,
1036 1225 1240 1294 pudore
1280 1226 1560 1295 impedior,
1595 1226 1880 1294 quominus
1917 1241 2042 1279 cru-

481 1315 715 1368 delitatis
747 1317 960 1370 modum
1001 1332 1288 1385 exponam,
1324 1325 1483 1387 atque
1529 1317 1735 1371 occulta
1767 1316 2044 1370 dedecoris

481 1421 730 1460 sermone
750 1407 1037 1473 denudent,
1055 1417 1237 1477 utpote
1261 1411 1328 1463 ob
1341 1423 1473 1478 quas
1486 1409 1649 1462 etiam
1676 1417 1784 1462 tum
1805 1409 2044 1463 denuda-

417 1485 424 1492 ’
482 1506 563 1549 tas
579 1499 914 1559 erubescam)
936 1517 950 1565 ;
974 1499 1107 1554 alias
1135 1501 1184 1553 in
1210 1501 1492 1556 interiores
1517 1500 1693 1570 templi
1713 1509 1900 1569 puteos
1928 1516 2044 1556 sese

483 1587 649 1660 464
681 1589 1012 1658 dejieicntes,
1043 1591 1177 1646 alias
1205 1607 1269 1646 ex
1306 1594 1532 1648 editiore
1582 1593 1698 1648 loco
1728 1609 1783 1648 se
1827 1593 1879 1647 in
1910 1609 2046 1663 prte-

484 1696 612 1748 ceps
647 1682 859 1750 dantes,
920 1695 1136 1752 propter
1182 1701 1366 1739 earum
1415 1701 1616 1748 rerum,
1674 1701 1806 1756 quas
1859 1701 2044 1741 cerne-

2143 493 2356 547 ἀσύλων
2391 493 2584 564 μιαραὶ
2635 496 2832 564 χεῖρες,
2871 491 3011 545 κατὰ
3050 490 3158 543 τῶν
3201 488 3350 559 ᾠδῶν
3393 487 3706 554 σάλπιγγες.

2107 611 2120 627 ι
2143 585 2342 638 Σκόπει
2373 601 2461 655 μοι
2519 582 2588 636 τὰ
2633 582 2840 646 τούτοις
2882 581 3144 652 ἑπόμενα,
3182 581 3476 641 πίπτοντας
3513 578 3712 648 ἄνδρας

2145 679 2202 730 ὲν
2236 680 2345 740 τοῖς
2374 676 2568 746 ἁγίοις,
2603 675 3057 746 συμπατουμένας
3114 677 3398 744 γυναῖκας,
3451 673 3600 725 ἐστιν
3648 672 3713 734 ἃς

2143 769 2234 821 καὶ
2267 767 2404 839 μετά
2427 770 2518 820 τοῦ
2555 767 2750 838 φόρτου
2775 769 2872 837 τῆς
2900 765 2968 836 φύ
2981 783 3130 830 τεως,
3164 766 3290 828 τοὶς
3317 763 3602 834 προώρους
3633 763 3714 813 τό-

2142 877 2270 922 κους
2310 859 2404 913 καὶ
2453 859 2697 922 ἀτόκους.
2743 859 2918 910 εἰπεῖν
2958 858 3311 927 οἰκειότερον·
3363 854 3714 923 διελκομένας

2142 951 2442 1023 παρθένους
2470 951 2718 1021 οἰκτρῶς,
2743 949 3092 1019 αἰκιζομένας
3124 949 3476 1018 αἰσχρότερον
3507 944 3715 1015 (αἰσχύο

2143 1060 2302 1112 νομαι
2331 1043 2422 1096 καὶ
2461 1045 2722 1111 γυναῖκας
2777 1040 2870 1094 καὶ
2918 1041 3115 1111 ἄνδρας
3149 1042 3320 1091 εἰπεῖν
3375 1038 3468 1090 τὸν
3495 1036 3714 1106 τρὸπον,

2142 1135 2235 1189 καὶ
2257 1135 2541 1204 γυμνῶσαι
2571 1133 2646 1204 τῷ
2685 1134 2826 1204 λόγῳ
2861 1133 2928 1186 τὰ
2957 1131 3175 1202 κρυπτά
3202 1131 3297 1199 τῆς
3323 1128 3612 1198 αἰσχύνης,
3641 1121 3721 1190 οἷς

2144 1227 2237 1279 καὶ
2285 1227 2404 1278 τότε
2443 1225 2801 1295 γυμνωθεῖσιν
2857 1221 3222 1294 αἰσχύνομαι),
3267 1220 3365 1283 τὰς
3414 1219 3515 1289 μὲν
3573 1218 3712 1269 κατὰ

2145 1317 2392 1388 φρεάτων
2440 1317 2741 1387 φερομένας
2796 1315 2902 1367 τῶν
2936 1315 3080 1367 ἔνδον
3111 1313 3202 1366 τοῦ
3234 1312 3404 1383 ἱεροῦ,
3440 1312 3540 1373 τὰς
3565 1310 3620 1362 δὲ
3651 1313 3711 1361 ἐκ

2143 1409 2249 1462 τῶν
2273 1407 2533 1480 ὑπερῴων
2560 1407 2668 1476 (56)
2695 1405 3135 1477 κρημνιζομένας
3165 1405 3256 1456 ἐπὶ
3281 1406 3346 1474 τῇ
3378 1402 3584 1471 ἀτοπία
3608 1401 3713 1453 τῶν

2145 1496 2452 1568 ὁρωμένων,
2496 1495 2593 1560 τὰς
2639 1496 2695 1549 δὲ
2728 1498 2844 1557 ταῖς
2878 1493 3152 1564 κειμέναις
3202 1490 3714 1562 ἐπισωρευομένας·

2143 1588 2269 1651 τοὺς
2315 1588 2408 1640 ἐπὶ
2442 1589 2553 1650 τοῖς
2586 1586 2765 1656 φόνοις
2820 1585 3032 1654 φόνους,
3087 1583 3156 1635 τά
3199 1583 3291 1634 ἐπ).
3313 1585 3427 1645 τοῖς
3465 1580 3719 1650 πτώμασι

2145 1679 2429 1750 πτώματα,
2463 1678 2774 1748 πατούμενα
2809 1677 3054 1747 βεϐήλοις
3080 1677 3205 1729 ποσὶ
3239 1675 3306 1728 τὰ
3335 1675 3489 1743 ἆγια,
3535 1673 3720 1726 θυσια-

484 1768 632 1834 hanl,
681 1771 1070 1838 indignitatem,
1117 1773 1250 1828 alias
1309 1775 1539 1844 denique
1582 1791 1744 1845 super
1782 1791 1891 1842 eas,
1924 1791 2041 1846 qua!

2154 1773 2338 1842 ςτήρια
2369 1769 2804 1841 καθυϐριζόμενα
2836 1771 3105 1839 σχήμασιν
3142 1767 3393 1835 ἀσελγέσι
3425 1766 3522 1818 καὶ
3546 1765 3722 1836 ᾆσμα-

483 1859 750 1928 iacebant,
780 1866 1070 1918 acervatim
1121 1867 1477 1933 collabeutes;
1520 1869 1657 1923 adde
1692 1869 1864 1924 cmdes
1892 1871 2044 1925 caedi-

484 1953 602 2014 hus,
639 1969 795 2010 casus
827 1956 1040 2011 casibus
1065 1961 1433 2024 succedentes,
1467 1971 1649 2014 sancta
1688 1960 1923 2030 profanis
1954 1977 2045 2030 pe-

483 2044 644 2101 dibus
674 2047 899 2115 calcata,
928 2051 1118 2104 altaria
1167 2053 1364 2121 probro
1415 2054 1593 2108 habita
1643 2069 1737 2123 per
1785 2054 2046 2110 obscenos

486 2149 668 2202 gestus
723 2147 776 2194 et
826 2140 1122 2210 impudicas
1172 2144 1475 2208 cautiones,
1521 2156 1704 2214 atque,
1762 2155 1820 2200 ut
1865 2147 2043 2214 audio,

486 2229 738 2298 (hoccine
773 2230 952 2301 lingua
987 2233 1159 2287 audax
1195 2232 1489 2303 proferet?)
1520 2251 1680 2305 super
1711 2251 1770 2290 ea
1804 2237 2046 2292 saltatio-

485 2333 580 2372 ues
605 2328 661 2373 et
691 2321 918 2390 tripudia
944 2339 960 2389 ;
991 2324 1125 2378 adde
1150 2324 1492 2394 blasphemas
1523 2327 1735 2397 linguas
1770 2327 1821 2381 in
1858 2313 2057 2384 sacro:

485 2413 689 2468 sauctis
740 2416 952 2471 thronis
1019 2418 1429 2480 concionantes.
1477 2422 1732 2490 mysteria
1779 2424 2045 2494 sugillala,

486 2505 815 2574 psalmodias
839 2509 1058 2563 silentio
1097 2527 1452 2579 compressus,
1484 2514 1714 2580 gemitus
1755 2515 1808 2568 in
1860 2531 2046 2570 earum

487 2595 662 2652 locum
707 2601 991 2666 excitatos,
1026 2603 1252 2658 [luentes
1281 2605 1556 2674 sanguinis
1586 2607 1748 2669 rivos,
1785 2607 2050 2678 lacryma-

486 2705 606 2744 rum
640 2691 838 2756 fontes,
894 2695 1212 2750 sacerdotes
1257 2711 1352 2764 per
1383 2697 1487 2750 vim
1531 2699 1809 2763 obductos,
1861 2715 2049 2754 mona-
2105 2688 2107 2690 ’

487 2781 622 2836 chos
676 2782 963 2849 laceratos,
999 2802 1306 2855 expressam
1342 2787 1573 2855 denique
1623 2790 1946 2846 incursionis
1987 2793 2051 2846 il-

488 2869 591 2924 lius
614 2871 920 2942 imaginem,
955 2892 1056 2944 qua
1091 2879 1358 2946 quondam
1391 2882 1594 2952 Assyrii
1629 2892 1868 2936 sanctam
1899 2883 2052 2940 Jero—

489 2962 752 3032 solymam
813 2967 1050 3036 populati
1097 2979 1222 3022 sunt
1250 2971 1334 3035 δίς
1393 2987 1552 3040 quam
1604 2989 1702 3028 nec
1751 2976 1944 3042 oratio,
1994 2987 2052 3032 ut

489 3053 708 3122 dignum
761 3065 862 3120 est,
905 3059 1227 3127 exprimere,
1262 3075 1359 3116 nec
1405 3062 1552 3115 auris
1597 3079 1789 3132 capere
1842 3075 2047 3136 potest;

488 3151 560 3218 ita
606 3152 662 3197 ut
697 3145 835 3198 alter
867 3145 1128 3203 Jeremias
1151 3152 1216 3204 ad
1256 3167 1373 3204 eam
1428 3153 1784 3208 calamitatem
1831 3171 1927 3225 pro
1965 3157 2047 3210 di-

2147 1881 2250 1926 σιν,
2275 1863 2349 1925 ὡς
2381 1862 2437 1915 δὲ
2463 1862 2662 1927 ἀκούω,
2695 1862 2766 1931 (τί
2791 1861 2945 1914 τοῦτο
2979 1864 3012 1931 ἡ
3038 1859 3283 1931 τολμηρὰ
3307 1859 3533 1928 γλῶσσα
3562 1857 3722 1925 $053-

2148 1955 2348 2024 ξεται;)
2383 1955 2475 2008 καὶ
2505 1957 2614 2018 τοῖς
2647 1953 2788 2024 ὑπὲρ
2815 1952 2991 2005 αὐτῶν
3020 1953 3294 2023 ὀρχήμασι
3332 1953 3427 2004 καὶ
3456 1950 3723 2018 λυγίσμα-

2149 2065 2200 2100 σι
2223 2064 2238 2077 ·
2284 2046 2697 2118 δημηγορούσας
2738 2045 2828 2097 ἐπὶ
2865 2044 2971 2097 τῶν
3015 2043 3173 2114 ἱερῶν
3221 2042 3423 2113 θρόνων
3472 2040 3721 2109 γλώσσας

2151 2139 2523 2209 βλασφήμους,
2573 2138 2843 2208 μυστήρια
2887 2134 3308 2207 κωμῳδούμενα,
3361 2133 3723 2203 σιωπωμένας

2145 2230 2487 2301 ψαλμῳδίας,
2535 2231 2780 2302 οἰμωγάς
2809 2228 3279 2298 ἀντεγειρομένας,
3315 2227 3569 2296 αἱμάτων
3611 2225 3725 2294 ὀχε-

2146 2324 2293 2387 τοὺς,
2324 2323 2571 2392 δακρύων
2603 2321 2801 2394 πηγὰς,
2828 2323 2989 2394 ἱερεῖς
3013 2319 3330 2390 ἀγομένους,
3360 2318 3724 2389 μονοτρόπως

2151 2415 2654 2487 σπαρασσομένους,
2693 2417 2873 2468 πᾶσαν
2906 2414 3005 2483 τῆς
3051 2411 3346 2482 Ἀσσυρίων
3381 2409 3724 2479 καταδρομῆς

2147 2508 2245 2578 τὴν
2276 2508 2478 2569 εἰκόνα.
2511 2509 2577 2578 ἦν
2613 2525 2741 2560 ποτε
2766 2507 2865 2578 τὴν
2891 2507 3052 2575 ἁγίαν
3083 2504 3434 2576 Ἰερουσαλὴμ
3473 2502 3727 2572 κατέδρα-

2154 2616 2252 2669 μον
2279 2617 2291 2629 ·
2324 2598 2390 2669 ἢν
2423 2600 2560 2670 μήτε
2605 2599 2761 2667 λόγος
2788 2598 2952 2663 ἀξίως
2985 2597 3348 2669 παραστῆσαι,
3390 2597 3527 2666 μήτε
3593 2595 3722 2664 ἀκοὴ

2152 2691 2400 2762 χωρῆσαι
2426 2691 2669 2756 δύναται,
2705 2692 2870 2762 μόνης
2893 2691 2949 2744 δὲ
2977 2691 3074 2761 τῆς
3111 2689 3376 2760 Ἰερεμίου
3424 2689 3520 2741 καὶ
3556 2687 3726 2756 ψυχῆς

2152 2783 2244 2837 καὶ
2286 2784 2466 2852 φωνῆς
2501 2783 2636 2854 πρὸς
2667 2783 2820 2848 ἀξίαν
2853 2781 3145 2854 ὀδύρασθαι
3170 2797 3184 2812 ·
3225 2780 3281 2843 ὃς
3309 2780 3404 2833 κα)⁵
3433 2779 3617 2850 πηγὰς
3641 2779 3727 2830 δα-

2155 2873 2340 2945 κρύων
2372 2873 2637 2945 ἐπιζητεῖ,
2688 2875 2781 2928 καὶ
2839 2876 2902 2928 ὲκ
2929 2874 3123 2944 τειχῶν
3155 2872 3504 2943 προκαλεῖται
3537 2872 3727 2941 θρῆνον

2152 2965 2245 3017 ἐπὶ
2267 2966 2530 3029 τοιούτοις
2575 2966 2790 3029 πάθεσι,
2838 2967 2932 3018 καὶ
2953 2965 3090 3028 ὁδοῖς
3117 2963 3252 3018 Σιὼν
3287 2964 3570 3018 ἐπιϐάλλει
3609 2963 3729 3018 πέν-

2155 3051 2266 3118 θος,
2295 3055 2394 3108 οὐκ
2421 3056 2680 3124 ἀγούσαις
2701 3057 2825 3120 τοὺς
2847 3055 3216 3128 ἑορτάζοντας.

488 3237 690 3303 gnitate
719 3239 1156 3307 complorandam
1214 3244 1553 3298 adhibendus
1583 3245 1685 3311 sit;
1742 3247 1831 3316 qui
1886 3249 2045 3302 etiam
2087 3250 2448 3324 lacrymarum
2477 3255 2651 3309 fontes
2711 3262 2975 3324 exposcit,
3041 3264 3201 3323 atque
3237 3270 3302 3309 ex
3343 3256 3491 3310 urbis
3538 3256 3733 3311 maeni-

489 3327 591 3382 bus
631 3329 700 3382 ob
756 3331 971 3384 easdem
1026 3333 1379 3387 calamitates
1414 3334 1480 3388 ad
1542 3336 1741 3389 luctum
1803 3339 2049 3394 homines
2124 3343 2409 3411 hortatur,
2483 3347 2690 3415 viisque
2757 3345 2884 3399 Sion
2939 3345 3138 3399 luctum
3193 3346 3414 3413 indicit,
3471 3361 3536 3400 eo
3588 3349 3727 3414 quod

490 3421 686 3486 nullos,
721 3439 748 3475 a
779 3425 973 3491 quibus
1002 3425 1133 3479 festa
1170 3427 1531 3494 celebrentur,
1556 3431 1824 3486 adducant
1849 3434 1917 3488 ".

559 3513 698 3568 XIII.
741 3513 890 3570 Hane
947 3519 1262 3584 tragoediam
1313 3519 1505 3576 Oriens
1543 3523 1758 3590 quidem
1815 3525 1966 3589 vidit,
2001 3535 2053 3581 at

2158 3552 2160 3554 ν
2228 3530 2325 3583 1Γ’.
2357 3529 2526 3581 Τοῦτο
2558 3529 2619 3581 τὸ
2649 3529 2832 3600 δρᾶμα
2865 3524 2971 3581 εἶδε
3006 3529 3102 3598 μὲν
3135 3527 3243 3599 ἑῴα
3269 3528 3440 3597 λῆξις,
3469 3529 3734 3600 ἐθρήνησε

491 3606 756 3663 Occidens
787 3623 1001 3678 quoque
1043 3609 1278 3678 deﬂevit,
1314 3613 1399 3666 cui
1434 3614 1788 3669 immanitatis
1829 3616 2054 3684 hujusce

491 3698 644 3768 signa
684 3697 944 3767 fugitivus
978 3701 1207 3754 antistes
1257 3701 1467 3770 publice
1515 3706 1806 3772 spectanda
1857 3722 2054 3776 propo-

493 3789 621 3844 8uit.
663 3789 779 3856 Quo
808 3792 1000 3858 pacto?
1048 3791 1153 3846 Pro
1200 3794 1555 3848 cadaveribus
1597 3806 1848 3850 cruentas
1882 3808 2058 3853 vestes

494 3883 749 3937 Ecclesiae
785 3883 1039 3938 Romanae.
1072 3885 1312 3954 protulit,
1348 3901 1412 3940 ac
1445 3903 1540 3956 per
1584 3888 1802 3941 tacitam
1832 3905 2055 3942 accusa-

498 3978 696 4031 tionem
751 3979 1001 4032 omnihus
1052 3979 1320 4048 lacrymas
1380 3981 1568 4045 movit,
1613 3992 1671 4035 ut
1732 3981 2058 4037 calamitatis

500 4069 921 4137 magnitudinem
952 4070 1003 4122 iu
1037 4070 1209 4124 oculis
1242 4082 1296 4125 et
1325 4084 1543 4141 aspectu
1583 4075 1858 4142 deligeret,
1899 4083 2059 4142 atque

495 4159 751 4212 auxilium
790 4161 1214 4225 nancisceretur,
1263 4163 1707 4231 quemadmodum
1762 4166 1923 4219 etiam
1960 4181 2057 4219 na-

497 4261 645 4306 ctum
677 4267 796 4306 esse
814 4254 1033 4308 scimus.
1058 4252 1142 4306 Fit
1164 4270 1305 4308 enim
1327 4257 1456 4319 fere,
1479 4257 1641 4325 utqui
1669 4258 1861 4325 opibus
1881 4273 1944 4312 ac
1968 4272 2059 4327 po-

500 4345 665 4398 tentia
693 4346 973 4414 praecellit,
1005 4349 1070 4400 ad
1094 4347 1286 4400 inlirmi
1317 4346 1606 4416 alIIictique
1635 4350 1910 4403 miseriam
1935 4349 2061 4404 sub-

499 4437 776 4490 levandam
815 4439 1046 4492 maxime
1122 4439 1444 4505 iullectatur,
1499 4456 1561 4495 ac
1621 4453 1914 4510 spontaneo
1970 4444 2062 4496 be-

499 4528 812 4583 nevolentia:
846 4530 1060 4594 affectu,
1095 4531 1160 4583 ad
1193 4544 1337 4596 eum,
1373 4532 1462 4598 qui
1507 4532 1764 4602 dignitate
1811 4533 2063 4587 imminu-

503 4630 589 4674 tus
627 4630 733 4685 est,
768 4636 826 4675 se
850 4621 1121 4692 adiungat.
1186 4622 1296 4676 IIoc
1344 4623 1557 4691 quidem
1619 4638 1804 4678 omnes
1857 4624 1927 4692 pii
1965 4624 2060 4678 viri

501 4712 820 4782 gravissime
855 4713 1118 4774 tulerunt;
1159 4723 1213 4766 tu
1243 4729 1390 4778 vero,
1430 4722 1575 4767 tanto
1607 4715 1777 4783 magis
1827 4731 2064 4770 commo-

505 4813 590 4858 tus
623 4819 703 4870 es,
729 4815 929 4873 quanto
956 4815 1007 4858 et
1053 4805 1262 4859 dicendi
1298 4805 1552 4860 facultate
1581 4816 1739 4873 atque
1793 4806 2060 4870 doctrina,

2155 3621 2212 3674 δὲ
2246 3621 2341 3675 καὶ
2371 3623 2646 3693 ἑσπέριος,
2759 3620 2826 3673 τὰ
2861 3621 3103 3690 σύμϐολα
3150 3621 3248 3690 τῆς
3287 3621 3542 3684 ἀπονοίας
3573 3623 3603 3672 ὁ
3640 3639 3740 3688 φυ-

2156 3712 2257 3778 γὰς
2291 3713 2464 3780 ἱερεὺς
2508 3711 2617 3781 (57)
2651 3710 3030 3782 ἐθριάμϐευσε.
3091 3710 3222 3762 Τίνα
3270 3711 3507 3781 τρόπον;
3566 3710 3736 3782 11ῳῦ-

2159 3797 2290 3871 θὴκε
2317 3804 2380 3870 τῇ
2441 3800 2735 3870 Ἐκκλησία
2773 3800 3080 3870 Ῥωμαίων,
3111 3799 3229 3852 ἀντὶ
3255 3799 3361 3852 τῶν
3383 3801 3615 3871 νεκρῶν,
3641 3800 3735 3869 τὴν

2157 3889 2480 3960 ᾑμαγμένην
2521 3887 2743 3958 ἐσθῆτα,
2779 3890 2872 3942 καὶ
2929 3890 3069 3942 κινεῖ
3103 3887 3356 3958 πάνδημα
3401 3888 3613 3960 δάκρυα
3650 3890 3737 3944 διὰ

2157 3984 2257 4053 τῆς
2303 3981 2595 4052 σιωπώσης
2644 3982 3000 4053 κατηγορίας,
3049 3982 3134 4034 ἵνα
3167 3981 3261 4034 καὶ
3311 3983 3634 4052 παραπίπτῃ
3677 3982 3737 4034 τὸ

2159 4075 2355 4139 πάθος,
2387 4075 2480 4127 καὶ
2505 4075 2611 4128 τῶν
2652 4073 2837 4127 δεινῶν
2883 4073 3169 4144 ἐπίκουρον
3220 4073 3330 4143 (58)
3361 4073 3521 4144 λάϐῃ,
3553 4073 3736 4144 ὥσπερ

2160 4164 2253 4221 οὖν
2310 4168 2400 4221 καὶ
2453 4167 2711 4238 είληφότα
2765 4166 3042 4237 ἔγνωμενο
3103 4165 3288 4235 ἐπειδὴ
3325 4165 3468 4234 φιλεῖ
3511 4167 3739 4237 μάλιστα

2161 4258 2510 4328 κάμπτεσθαι
2545 4258 2607 4311 τὸ
2644 4257 2872 4330 προέχον
2908 4257 3042 4327 πρὸς
3071 4257 3131 4309 τὸ
3156 4256 3398 4319 ἀσθενὲς,
3438 4258 3532 4309 καὶ
3556 4257 3619 4308 δι’
3647 4256 3738 4307 εὖ·

2161 4349 2308 4412 νοίας
2349 4347 2592 4401 ἑκουσίου
2625 4345 2702 4416 τῷ
2729 4345 3100 4415 ὲλαττουμένῳ
3140 4341 3543 4414 προστίθεσθαι.
3580 4342 3740 4422 Τούτο

2161 4443 2357 4512 ἤνεγκε
2405 4440 2502 4511 μὲν
2535 4439 2654 4492 οὐδὲ
2697 4437 2806 4493 τῶν
2861 4436 3033 4490 ἄλλων
3087 4435 3326 4488 εὐσεϐῶν
3369 4433 3489 4486 οὐδὲ
3519 4427 3629 4494 εἶς’
3684 4433 3738 4483 σὲ

2161 4532 2216 4586 δὲ
2275 4535 2415 4586 κινεῖ
2475 4533 2570 4585 καὶ
2609 4531 2790 4598 πλέον,
2854 4530 2963 4599 ὅσῳ
2997 4529 3092 4580 καὶ
3148 4527 3238 4579 τὸν
3287 4526 3445 4593 λόγον
3488 4524 3737 4576 τελεώτε-

2165 4643 2276 4697 ρος,
2333 4625 2427 4678 καὶ
2479 4623 2568 4678 τὸν
2618 4622 2775 4694 ζῆλον
2822 4620 3169 4691 θερμότερος.
3233 4618 3334 4670 Διὰ.
3397 4615 3556 4668 τοῦτο
3591 4615 3740 4666 zela-

2167 4720 2284 4787 μεῖς
2333 4717 2430 4787 μὲν
2488 4716 2626 4787 ὑπὲρ
2694 4712 2787 4767 τοῦ
2833 4713 3029 4782 Λόγου,
3093 4710 3301 4780 πολεμῇ
3362 4709 3419 4762 δὲ
3486 4707 3591 4760 ὑπὸ
3647 4707 3739 4774 τῆς

2165 4809 2415 4872 ἀσεϐείας
2466 4808 2605 4879 (59)⁶
2666 4805 2930 4876 καὶπρὸς
2985 4803 3198 4865 πολλοῖς
3231 4802 3428 4864 ἄλλοις,
3479 4795 3561 4862 οἷς
3611 4799 3740 4868 ὑπὲρ

500 4907 556 4953 et
591 4899 690 4952 zeli
722 4896 932 4952 fervore
955 4895 1559 4952 ca'terisantecellebas.
1591 4896 1849 4962 Quocirca
1881 4905 1937 4950 ut
1965 4912 2053 4964 pro

2164 4901 2256 4954 τοῦ
2286 4901 2450 4954 καλοῦ
2483 4899 2733 4971 πράττων
2770 4899 2863 4951 καὶ
2904 4895 3076 4963 λέγων
3126 4883 3412 4964 ἠγώνισαι,
3462 4893 3735 4953 διδάσκων,

505 4990 681 5045 Verbo
710 4990 904 5044 bellum
941 4991 1107 5058 geris,
1143 4991 1214 5043 ita
1260 4991 1420 5042 etiam
1450 4991 1516 5042 ab
1557 4990 1827 5058 impietate
1859 4990 2057 5045 bellum

603 5085 620 5116 ⁸
660 5083 768 5138 Jer.
803 5100 876 5148 lx,
909 5084 959 5137 l.
1032 5085 1078 5115 ⁸³
1115 5083 1384 5146 Thren.-t,
1435 5085 1455 5137 1
1495 5099 1614 5152 sqq.

506 5191 610 5236 tur.
635 5181 829 5234 Alludit
853 5181 994 5234 enim
1018 5180 1308 5247 Gregorius
1339 5179 1400 5232 ad
1437 5179 1549 5231 lucc
1581 5177 1731 5232 Isaia:
1752 5175 1944 5238 verba,
1973 5191 2070 5236 vn.

503 5254 536 5307 6
568 5271 581 5306 :
612 5252 961 5304 Ascendamus
1015 5252 1082 5304 ad
1140 5249 1356 5313 Jmlam,
1397 5259 1442 5301 et
1500 5249 1802 5300 suscitemus
1841 5262 1978 5307 eum,
2020 5255 2070 5299 et

503 5322 785 5376 at-ellamus
811 5338 928 5373 eum
967 5321 1034 5372 ad
1071 5339 1183 5387 nos,
1224 5330 1270 5374 et
1301 5335 1552 5388 ponamus
1608 5333 1773 5386 regem
1815 5317 1866 5369 in
1898 5316 2066 5369 medio

503 5392 614 5462 ejus
640 5392 811 5458 ﬁlium
847 5390 1050 5462 Tabeel.

577 5455 687 5530 (56)
759 5458 1085 5528 ’Υπερῴων.
1143 5479 1161 5511 ‹
1213 5460 1254 5513 Ε
1309 5456 1674 5530 superioribus
1732 5455 1884 5530 locis,
1924 5474 1942 5506 ι
2015 5464 2069 5508 et

510 5527 660 5598 quasi
686 5527 994 5594 cenaculis,
1023 5531 1161 5586 unde
1191 5530 1370 5584 Sacris
1399 5529 1720 5592 intererant;
1746 5527 1851 5589 vel,
1879 5541 1910 5580 e.
1939 5540 2067 5580 can-

510 5600 658 5671 cellis
678 5617 771 5667 per
799 5617 932 5671 quos
959 5602 1264 5656 audiebant.

586 5665 713 5794 857).
757 5665 1036 5742 ’θ’φυγὰς
1084 5672 1292 5740 ἱερεύς.
1354 5669 1534 5751 Schol.
1582 5685 1596 5720 :
1637 5665 1840 5738 Πέτρος
1888 5668 1916 5719 ὁ
1951 5665 2066 5746 μετ’

622 5753 838 5794 ανασιον
865 5758 877 5772 ο
948 5760 964 5793 ι
995 5741 1182 5794 I’etrus
1229 5742 1508 5794 Athanasn
1545 5753 1846 5794 successor.
1874 5754 1894 5790 ι
1923 5752 2013 5794 qut
2035 5752 2066 5791 e

525 5740 838 5794 Ἀθανάσιον
865 5758 877 5772 ο
939 5740 964 5793 ”‹
995 5741 1182 5798 Petrus
1229 5741 1508 5796 Athanasii
1545 5753 1846 5803 successor,
1874 5754 1894 5790 ι
1923 5740 2013 5806 qui
2035 5752 2067 5791 e

2164 4991 2448 5058 νουθετῶν,
2502 4989 2902 5060 ἐξαιρούμενος,
2955 4985 3213 5055 ἐλέγχων,
3272 4983 3567 5054 ἐπιτιμῶν,
3619 4996 3738 5048 συγ-

2183 5176 2306 5230 sede
2325 5173 2545 5239 eiectus,
2571 5169 2796 5243 Romam
2819 5167 3000 5237 petiit;
3033 5167 3176 5220 unde
3198 5173 3317 5234 post
3344 5163 3590 5243 Valentis
3609 5179 3741 5243 mor:

2177 5235 2712 5306 tem,Alexaudriam
2774 5235 3023 5292 reversus
3068 5247 3173 5301 est,
3232 5249 3340 5290 non
3383 5237 3502 5288 sine
3538 5235 3736 5287 Damasi

2175 5315 2368 5370 litteris
2395 5315 2460 5366 ad
2496 5310 2902 5364 Alexandrinos.

2247 5385 2356 5454 (58)
2416 5381 2536 5435 Τῶν
2583 5379 2793 5454 δεινῶν
2843 5377 3186 5454 ἐπίκουρον.
3251 5375 3515 5454 Damasus
3571 5373 3739 5427 Romae

2174 5446 2417 5524 pontilex
2445 5454 2535 5507 hic
2563 5451 2892 5519 designatur,
2922 5448 3014 5517 qui
3055 5447 3272 5501 Petrum
3300 5446 3537 5516 benigne
3590 5458 3738 5498 cxce-

2214 5527 2270 5579 it.

2173 5543 2358 5665 pll(.59)
2379 5591 2534 5665 ,Ὑπὸ
2564 5589 2671 5665 τῆς
2702 5587 3000 5665 ἀσεϐείας.
3051 5584 3109 5638 In
3142 5585 3436 5665 nonnullis,
3478 5583 3618 5637 ὑπὲρ
3653 5582 3739 5651 τῆς

2175 5656 2475 5734 εὐσεϐείας,
2507 5681 2525 5716 ι
2550 5656 2764 5733 pietatis
2789 5673 2952 5716 causa
2975 5656 3325 5728 impugnatis.
3356 5673 3378 5709 ι
