3914 6404
215 301 348 356 121⁸1

1012 302 1270 360 ORATIO
1309 303 1472 358 XXV.
1505 334 1565 345 ——
1616 303 1681 360 IN
1721 305 2008 364 LAUDEM
2045 306 2345 369 HERONIS
2386 311 2645 368 PHILOS.

3320 312 3455 368 1218

212 418 368 493 χέων,
403 415 634 482 ἰδιώτας,
669 418 953 490 ἄρχοντας,
992 419 1116 491 ἰδίᾳ,
1155 420 1408 493 δημοσίᾳ,
1438 420 1577 475 κατά
1611 421 1773 477 πάντα

1891 428 1983 482 tibi
2013 428 2243 485 infertur
2277 445 2293 484 :
2335 446 2398 486 ac
2430 441 2625 499 praeter
2645 429 2749 484 alia
2781 428 2945 483 multa
2991 427 3306 496 certamina,
3334 445 3454 499 quae

209 509 399 581 καιρὸν
430 508 523 562 καὶ
551 509 742 564 τόπονο
773 511 945 574 τέλος,
980 513 1145 583 μανία
1177 513 1575 583 συναρπασθεὶς
1606 514 1792 568 δυσσε-

207 601 332 664 ϐοῦς
354 600 618 666 ἐξουσίας,
642 603 708 670 (ὣ
730 603 826 674 τῆς
851 604 1104 672 εὐγενοῦς
1137 604 1246 674 (60)
1279 608 1588 676 συμφορᾶςῐ
1615 605 1660 658 ὣ
1683 607 1788 660 τῶν

205 691 366 763 ιερῶν
401 710 494 745 σου
544 695 930 766 τραυμάτωνί)
989 695 1144 767 ξαίνῃ
1205 697 1301 767 μὲν
1332 698 1393 750 τὸ
1424 697 1584 750 καλὸν
1627 697 1784 768 σῶμα

203 786 323 846 ταῖς
357 783 622 854 μάστιξιν,
658 784 845 856 ὥσπερ
875 785 930 837 δὲ
976 785 1087 857 (61)
1132 786 1292 840 ἄλλου
1323 787 1517 859 θεατὴς
1543 788 1782 858 πάσχον-

203 892 321 939 τος·
359 876 451 929 καὶ
481 877 707 948 κάμπτῃ
745 879 840 948 μὲν
865 879 924 932 τὸ
958 878 1254 951 ὁρώμενον,
1282 881 1342 932 οὐ
1382 879 1695 950 καταϐάλλῃ
1727 879 1783 933 δὲ

202 965 264 1018 τὸ
291 966 574 1036 νοούμενον
594 984 606 997 ·
639 968 971 1039 στηλιτεύεις
1022 970 1132 1042 (62)
1167 969 1262 1042 τὴν
1292 971 1541 1043 ἀνδρείαν
1575 973 1631 1023 ἐν
1665 973 1784 1035 ταῖς

204 1057 458 1111 ἁπάντων
529 1059 716 1128 ὅψεσν
764 1061 886 1132 γίνῃ
942 1061 1000 1116 δὲ
1054 1063 1147 1116 καὶ
1195 1063 1362 1131 σιγῶν
1433 1064 1532 1133 τῆς
1584 1080 1783 1135 καρτε-

203 1149 327 1220 ρίας
381 1150 717 1219 διδάσκαλος,
773 1154 957 1225 ἐπειδή
1012 1170 1076 1222 γε
1134 1156 1168 1224 ἡ
1205 1154 1424 1224 γλῶσσα
1471 1155 1685 1226 παρῆκε
1724 1152 1786 1206 τὸ

205 1241 560 1310 φθέγγεσθαι.

199 1359 514 1427 percipitur,
569 1348 983 1429 haudquaquam
1034 1359 1284 1429 dejiceris
1340 1381 1353 1419 :

1896 523 2103 579 honesti
2136 538 2320 589 causa,
2351 538 2514 593 opere
2542 532 2594 575 et
2626 536 2876 577 sermone
2910 521 3150 586 subiisti,
3182 522 3308 575 dum
3341 524 3452 592 pri-

1892 624 2045 669 vatos
2075 624 2130 669 et
2157 615 2449 684 principes,
2485 615 2737 684 privatim
2787 623 2841 669 et
2873 613 3100 681 publice,
3133 614 3322 682 quovis
3372 614 3458 668 de-

1892 706 2054 776 nique
2095 716 2334 776 tempore
2367 718 2419 761 et
2453 708 2565 762 luco
2599 708 2782 772 doces,
2820 707 3100 769 admones,
3133 709 3333 776 arguis,
3369 708 3452 760 in-

1887 814 2100 868 crepas,
2133 799 2446 867 confundis;
2501 798 2566 852 ad
2597 809 2896 854 extremum
2950 802 3126 869 impiae
3177 799 3455 868 potestatis

1888 891 2072 946 furore
2122 895 2543 962 comprehensus
2601 895 2654 964 (ο
2689 894 2920 948 nobilem
2977 894 3378 947 calamitatem!
3421 909 3454 946 ο

1890 1001 2044 1043 sacra
2071 996 2156 1040 tua
2177 988 2394 1041 vulnera
2412 987 2477 1056 ι),
2497 987 2661 1056 virgis
2686 988 2904 1055 quidem
2935 986 3164 1058 eleganti
3195 985 3355 1057 465
3390 1001 3453 1039 ac

1891 1077 2087 1132 decoro
2118 1092 2342 1144 corpore
2374 1076 2654 1142 laceraris,
2685 1077 2777 1132 sed
2811 1077 2902 1144 ita,
2941 1093 3004 1132 ac
3038 1079 3081 1132 si
3113 1080 3451 1146 vapulantem

1887 1169 2113 1224 alterum
2142 1179 2417 1239 spectares
2450 1189 2464 1224 :
2509 1180 2563 1224 et
2609 1185 2912 1239 quanquam
2950 1185 3011 1223 ea
3042 1171 3114 1224 tui
3140 1179 3308 1240 parte,
3334 1185 3454 1240 quae

1887 1265 1938 1318 in
1973 1273 2247 1332 aspectum
2271 1263 2433 1325 cadit,
2459 1261 2770 1330 inllectaris,
2798 1279 2858 1318 ea
2889 1274 3090 1329 tamen,
3125 1279 3241 1333 qua:
3275 1276 3454 1320 mente

1409 1363 1536 1432 quin
1597 1363 1775 1432 potius
1815 1361 2186 1415 fortitudinem
2244 1359 2312 1413 ob
2385 1361 2623 1413 omnium
2710 1360 2895 1416 oculos
2952 1373 3204 1432 tanquam
3267 1363 3319 1416 ιιι
3361 1378 3454 1418 co-

199 1445 381 1501 lumna
435 1450 662 1518 sculpis;
720 1461 879 1519 alque
931 1451 1094 1504 etiam
1149 1462 1348 1519 tacens,
1396 1455 1595 1526 (neque
1629 1455 1770 1509 enim
1813 1467 2006 1506 munus
2061 1450 2172 1520 jam
2237 1466 2391 1506 suum
2428 1453 2647 1520 exsequi
2682 1451 2859 1522 lingua
2908 1455 3453 1524 poterat,)constau-

202 1537 293 1590 tite
337 1538 650 1605 magistrum
679 1548 728 1591 te
757 1540 985 1606 praebes.

270 1635 364 1688 IA'.
415 1629 549 1686 Εἶτα
592 1634 673 1697 τί;
732 1635 842 1706 Τῆς
890 1635 1146 1707 πατρίδος
1188 1636 1503 1712 ὐπερορίζῃ,
1547 1640 1574 1691 ὁ
1611 1638 1762 1710 μηδεο

1939 1633 2080 1688 XIV.
2113 1631 2250 1698 Quid
2306 1631 2526 1701 postea?
2568 1631 2608 1684 E
2648 1630 2835 1700 patriae
2871 1633 3065 1684 finibus
3112 1634 3453 1687 extermina-

198 1725 330 1796 μίαν
363 1726 473 1796 (65)
503 1725 656 1788 εἰδὼς
700 1727 904 1780 οἰκείαν
939 1729 1033 1780 καὶ
1075 1727 1378 1800 ἀλλοτρίαν,
1425 1730 1545 1800 ἐμοὶ
1579 1731 1775 1795 δοκεῖν,

196 1815 286 1868 ἵνα
323 1817 412 1868 καὶ
465 1817 612 1870 ἄλλοι
659 1818 986 1871 παιδευθῶσι
1031 1818 1118 1872 διὰ
1159 1819 1254 1871 σοῦ
1308 1819 1405 1891 τὴν
1457 1820 1773 1875 εὐσέϐειαν·

198 1909 396 1971 Ὀασίς
427 1926 506 1962 σοι
552 1909 660 1981 (64)
694 1911 756 1963 τὸ
816 1911 1273 1983 φυγαδευτήριον,
1325 1915 1358 1984 ἡ
1406 1913 1776 1985 ἀπάνθρωπος

193 2000 424 2072 ἐρημία,
465 2001 523 2053 τὸ
551 2001 638 2054 διὰ
675 2002 733 2055 σέ
776 2002 962 2056 λοιπὸν
989 2005 1182 2073 εὐαγὲς
1211 2005 1321 2074 (65)
1345 2007 1564 2077 χωρίον.
1595 2009 1778 2061 Μετά-

190 2091 284 2156 δος
307 2095 437 2161 ἡμῖν
461 2093 554 2145 καὶ
594 2091 700 2145 τῶν
745 2094 843 2163 τῆς
891 2094 1186 2165 ὑπερορίας
1218 2113 1308 2148 σου
1349 2096 1546 2161 καλῶν,
1589 2098 1772 2169 ἐπειδή

190 2198 262 2252 γε
291 2182 398 2234 τῶν
432 2183 530 2253 τῆς
569 2183 825 2235 ἐπανόδου
860 2184 1187 2253 μετέδωκας.
1234 2186 1463 2257 Ποίησον
1488 2189 1618 2258 ἡμῖν
1649 2186 1774 2240 θέα-

189 2292 325 2346 τρον
357 2275 454 2346 τὴν
496 2274 772 2327 ἐπάνοδον.
803 2275 966 2338 Τίνας
1008 2277 1123 2328 ἐκεῖ
1165 2276 1470 2347 φιλοσοφεῖν
1495 2277 1772 2344 ἐδίδαξας;

189 2367 348 2431 τίνας
390 2367 664 2437 ἐκάθηρας
706 2367 812 2420 τῶν
858 2368 1068 2420 ἀσεϐῶν
1106 2369 1458 2439 ὐπολήψεωκ
1507 2371 1659 2434 τίνας
1705 2375 1772 2442 τῇ

189 2459 453 2530 εὐσεϐείᾳ
487 2460 831 2530 προσήγαγες
861 2476 874 2524 ;
922 2461 1082 2530 Ὀρᾷν
1119 2476 1207 2530 μοι
1236 2460 1378 2512 δοκῶ
1404 2461 1462 2513 τὸ
1497 2463 1613 2514 ἐκεῖ
1647 2479 1771 2514 παι-

187 2551 496 2623 δευτήριον,
520 2553 616 2622 τὴν
653 2554 779 2622 περὶ
825 2553 881 2605 σὲ
916 2553 1136 2621 τελετὴν
1171 2552 1280 2620 (66)
1323 2553 1413 2605 καὶ
1443 2554 1770 2625 πανήγυριν.

189 2641 332 2693 Εἰπέ
364 2643 456 2694 καὶ
490 2641 674 2693 τοῦτο’
713 2637 870 2712 Εἷχές
903 2659 1026 2694 τινα
1059 2641 1409 2713 παραμυθίαν
1442 2649 1551 2706 τοῖς
1589 2643 1775 2712 λειψά-

188 2752 306 2797 νοις
333 2734 425 2786 τοῦ
460 2735 737 2804 σώματοςς
790 2735 821 2806 ἢ
869 2735 963 2786 καὶ
1008 2736 1104 2806 τὴν
1141 2735 1251 2805 (67)
1294 2736 1481 2789 πενίαν
1529 2737 1773 2806 ἐςριλοςιό⁸

188 2843 353 2895 φειςς
389 2821 544 2896 Εἷχές
581 2843 732 2889 τινας
781 2827 1068 2889 κοινωνοὺς
1112 2826 1210 2896 τῆς
1260 2825 1572 2898 ἀθλήσεως;
1617 2827 1775 2897 ἦκα).

186 2918 356 2972 τοῦτο
383 2919 673 2989 πενόμενος
698 2919 932 2988 ἤνεγκας
955 2935 968 2981 ;
1007 2919 1251 2982 Ἐπόθεις
1274 2919 1372 2982 τὰς
1399 2919 1646 2988 ἀδελφὰς,
1675 2920 1773 2983 τὰς

1889 1729 1984 1792 ris,
2019 1727 2109 1794 qui
2152 1742 2250 1779 nec
2281 1726 2548 1794 propriam
2578 1723 2760 1790 ullam,
2791 1739 2890 1777 nec
2915 1724 3145 1778 alienam
3179 1727 3450 1793 agnoscis,

1881 1829 1938 1873 ut
1976 1820 2088 1884 alii,
2123 1833 2237 1871 mea
2276 1817 2487 1885 quidem
2544 1815 2830 1878 sententia,
2884 1829 2978 1883 per
3028 1825 3078 1869 te
3121 1817 3185 1870 ad
3233 1818 3453 1885 pietatis

1879 1912 2112 1964 stmlium
2139 1909 2474 1963 erudiantur.
2517 1906 2692 1973 Oasis,
2731 1907 3049 1972 inhumana,
3084 1907 3322 1981 inquam,
3360 1909 3449 1962 illa

1878 2003 2134 2066 solitudo,
2168 2003 2260 2055 sed
2282 2001 2392 2070 jam
2431 2011 2653 2069 propter
2682 2009 2733 2055 te
2757 2010 2938 2055 sancta
2973 2001 3149 2064 sedes,
3182 2003 3247 2055 ad
3286 2017 3448 2056 exsu~

1877 2094 2092 2148 landum
2125 2093 2216 2147 tibi
2248 2093 2578 2147 decernitur.
2606 2093 2716 2161 Age
2749 2092 2930 2160 igitur,
2989 2095 3206 2161 quando
3241 2094 3450 2149 reditus

1879 2186 1954 2240 tui
1996 2187 2133 2240 bona
2173 2184 2428 2254 erogasti,
2459 2183 2542 2238 fac
2583 2184 2758 2239 exsilii
2787 2200 3006 2254 quoque
3047 2185 3098 2238 in
3124 2185 3260 2239 bona
3293 2186 3450 2242 nobis

1877 2277 2222 2346 impcrtiaris.
2267 2277 2511 2331 lieditum
2543 2286 2688 2329 tuum
2725 2277 2775 2329 iit
2825 2277 3088 2330 theatrum
3123 2278 3279 2331 nobis
3320 2294 3450 2334 con-

1877 2379 2046 2421 verte.
2079 2368 2349 2434 Quosnam
2399 2364 2525 2422 illic‘
2561 2366 2931 2436 phil050phari
2983 2368 3254 2421 docuisti?
3285 2369 3451 2436 Quos-

1875 2474 1997 2512 nam
2034 2459 2104 2512 ah
2155 2459 2333 2526 impiis
2379 2459 2722 2527 Opinionibus
2770 2459 3108 2528 repurgasti?
3173 2457 3446 2526 Quosuam

1876 2550 1940 2603 ad
2013 2550 2269 2618 pietatem
2361 2550 2682 2602 adduxisti?
2766 2549 2959 2603 Videre
3015 2549 3143 2602 mihi
3198 2553 3446 2620 equidem

1875 2642 2059 2695 videor
2137 2641 2376 2696 scholam
2452 2642 2630 2706 illam,
2695 2650 2749 2696 et
2802 2643 3214 2708 cacrcmoniam,
3275 2648 3448 2701 maxi-

1877 2749 2124 2802 tuamque
2185 2735 2327 2787 circa
2411 2743 2462 2787 te
2541 2735 2814 2786 hominum
2882 2732 3258 2804 frequentiam.
3317 2737 3446 2791 lllml

1875 2825 2034 2878 etiam
2068 2826 2216 2880 dicas
2265 2825 2395 2878 mihi
2438 2825 2638 2879 velim:
2695 2824 2969 2880 Prmslone
3007 2828 3098 2881 tibi
3143 2839 3316 2893 erant,
3356 2831 3446 2900 qui

1876 2916 2116 2984 corporis
2149 2914 2221 2969 tui
2269 2915 2510 2984 reliquiis
2557 2915 2732 2969 solatii
2784 2916 2982 2983 aliquid
3031 2917 3323 2975 alfcrrent?
3364 2923 3445 2974 An

187 3009 486 3072 κοινωνούς
518 3027 597 3062 σοι
629 3010 722 3062 καὶ
762 3009 862 3078 τῆς
885 3009 1123 3077 ἁγνείας,
1161 3011 1255 3062 καὶ
1303 3011 1400 3082 τῆς
1445 3012 1770 3083 καρτερίας;

1882 3009 2036 3062 ctiam
2071 3016 2437 3076 paupertatem
2475 3008 2691 3061 colebas
2723 3008 2745 3060 ’ἓ
2775 3007 2967 3062 Utrum
3002 3013 3311 3067 certaminis
3360 3028 3448 3067 so-

187 3102 224 3172 ἧ
271 3102 365 3154 καὶ
394 3102 491 3169 τῆς
536 3101 738 3154 τούτων
770 3100 1056 3182 συνηθείας
1076 3097 1143 3172 ἧς
1173 3101 1534 3173 ὐψηλότεροςς
1567 3103 1773 3173 ’Ἑκαμ-

187 3191 299 3246 πτέ
335 3211 391 3246 σε
423 3195 659 3264 γηραιᾶς
684 3193 881 3264 μητρὸς
911 3192 1200 3264 ἐρημία;ἣ
1233 3194 1322 3246 καὶ
1354 3192 1472 3246 λίαν
1499 3192 1771 3264 ἐθάρῤεις,

186 3287 273 3349 ὡς
311 3287 565 3356 μέγιστον
599 3287 678 3348 εἰς
732 3285 1032 3355 ἀσφάλειαν
1083 3285 1398 3340 καταλιπὼν
1454 3287 1642 3350 αὐταῖς
1677 3287 1772 3357 τὴν

188 3379 506 3443 εὐσέὸειαν;
555 3377 693 3430 Ἀλλ’
729 3377 913 3448 ἐπειδή
945 3393 1008 3445 γε
1052 3376 1231 3440 καλῶς
1275 3377 1444 3430 ποιῶν
1478 3380 1773 3450 ἐπανήκεις

187 3471 350 3541 ἡμῖν,
378 3468 470 3521 καί
498 3485 557 3520 σε
588 3471 700 3531 τοῖς
728 3468 952 3521 ποθοῦσι
987 3467 1256 3521 ποθοῦντα
1295 3469 1453 3522 πάλιν
1489 3470 1772 3524 ἀπέδωκεν

186 3561 221 3612 6
256 3558 493 3623 δοξάζων
540 3558 666 3621 τοὺς
708 3556 1027 3622 δοξάζοντας
1074 3557 1266 3622 αὐτὸν,
1309 3561 1402 3613 καὶ
1447 3560 1772 3632 παραζηλῶν

185 3651 324 3716 τούς
363 3650 828 3722 παραζηλοῦντας,
858 3654 886 3704 6
913 3651 1124 3722 θέλημα
1168 3652 1277 3705 τῶν
1303 3652 1649 3724 φοϐουμένων
1672 3655 1772 3707 αὐ-

185 3745 289 3799 τὸν
325 3745 509 3809 ποιῶν,
543 3746 636 3798 καὶ
688 3748 799 3808 τοῖς
847 3747 1058 3816 νεκροῖς
1103 3745 1352 3814 ἐμπνέων
1386 3745 1711 3800 ἀνάστασιν·
1745 3749 1773 3800 ὁ

188 3837 448 3910 Λάζαρον
480 3839 574 3909 μέν
602 3839 996 3909 τετραήμερον,
1031 3838 1088 3890 σέ
1118 3838 1174 3890 δὲ
1206 3841 1467 3910 τετραετῆ
1498 3838 1771 3902 ζωοποιῶν

188 3927 330 3998 παρ’
376 3927 615 3990 ἐλπίδας,
661 3927 755 3980 καὶ
803 3926 1047 3994 συνάγων
1099 3927 1231 3978 ὀστᾶ
1283 3927 1418 3998 πρὸς
1471 3929 1622 3990 ὀστᾶ,
1680 3928 1772 3981 καὶ

190 4019 467 4091 ἁρμονίαν
519 4019 654 4090 πρὸς
703 4019 986 4090 ἁρμονίαν,
1037 4017 1136 4089 τὴν
1195 4017 1446 4091 Ἰεζεχιὴλ
1488 4018 1628 4087 ὄψιν,
1678 4019 1771 4072 τοῦ

189 4112 494 4184 προφητῶν
525 4112 970 4182 θαυμασιωτάτου
1001 4111 1095 4164 καὶ
1128 4109 1458 4181 ὑψηλοτάτου
1479 4127 1494 4142 ο
1529 4110 1651 4180 ἔχου
1684 4129 1772 4182 μοι

188 4203 363 4255 πάλιν
399 4202 497 4272 τῆς
538 4203 705 4271 αὐτῆς
749 4202 1028 4271 ἐργασίας,
1075 4201 1170 4254 καὶ
1219 4201 1546 4272 παρρησίας,
1580 4202 1664 4254 ἵνα
1698 4203 1771 4276 μὴ

187 4293 357 4367 δόξῃς
385 4294 713 4363 ἐγκεκόφθαι
753 4297 865 4357 τοῖς
901 4292 1118 4357 πάθεσι,
1156 4293 1290 4364 μηδὲ
1334 4293 1634 4365 προδιδόναι
1662 4295 1772 4348 δει-

1879 3098 1990 3150 cios
2019 3095 2297 3150 habebas?
2327 3095 2407 3149 An
2449 3094 2607 3166 hujus
2635 3111 2848 3165 quoque
2876 3099 2949 3150 rei
2983 3101 3261 3167 penuriam
3295 3116 3446 3165 aequo

1874 3187 2053 3268 animo
2090 3187 2340 3242 ferebas?
2392 3185 2582 3241 Utrum
2625 3203 2896 3254 sororum,
2923 3204 3077 3259 quas,
3102 3200 3157 3244 et
3183 3193 3446 3248 castitatis

1873 3289 1926 3332 et
1993 3279 2322 3336 fortitudinis
2397 3291 2557 3348 atque
2635 3281 2958 3335 constantiae
3027 3283 3204 3336 socias
3277 3283 3441 3338 habe-

1873 3372 2000 3438 bas,
2060 3371 2328 3426 desiderio
2381 3372 2685 3426 tenebaris?
2741 3373 2822 3426 An
2883 3383 3070 3428 contra
3131 3375 3446 3433 sublimiore

1874 3466 2052 3518 animo
2083 3481 2224 3528 eras,
2261 3479 2420 3534 quam
2471 3475 2529 3517 ut
2559 3480 2745 3519 earum
2788 3467 3232 3520 consuetudinem
3279 3477 3448 3538 atque

1879 3558 2185 3611 convictum
2229 3557 2566 3625 requireres?
2597 3555 2786 3612 Utrum
2823 3566 2872 3611 te
2904 3558 3093 3612 matris
3127 3568 3284 3614 aetate
3315 3577 3446 3616 con-

1874 3647 2030 3704 fecta:
2058 3649 2290 3704 solitudo
2315 3649 2601 3704 ﬂectebat?
2633 3649 2714 3703 An
2745 3651 2919 3718 potius
2966 3652 3180 3706 firmum
3207 3668 3270 3707 ac
3305 3669 3442 3723 pra»

1874 3740 2128 3797 fidentem
2169 3744 2403 3796 animmn
2430 3743 2676 3812 gerebas,
2697 3751 2753 3796 ut
2778 3743 2868 3812 qui
2897 3743 3168 3810 pietatem,
3190 3758 3443 3816 tanquam

1873 3837 2169 3890 maximum
2216 3837 2337 3889 vita:
2384 3835 2715 3905 praesidium,
2745 3834 2818 3888 illi
2849 3835 3200 3904 reliquisses?
3251 3838 3437 3893 Enim-

1872 3944 2021 3995 vero,
2052 3929 2266 3998 quando
2309 3938 2378 3994 te,
2408 3936 2466 3982 ut
2506 3943 2604 3997 par
2635 3937 2777 3992 erat,
2814 3931 2880 3982 ad
2904 3943 3002 3983 nos
3030 3931 3308 3998 recepisti,
3357 3943 3442 3986 at-

1873 4038 1977 4092 que
2019 4023 2126 4086 ille,
2158 4022 2246 4092 qui
2305 4021 2668 4090 gloriﬁcantes
2723 4034 2782 4073 se
2815 4020 3081 4088 glorificat
3107 4021 3175 4089 ⁸³,
3212 4034 3266 4077 et
3313 4023 3442 4078 irri-

1873 4125 2048 4172 tantes
2085 4130 2142 4169 se
2176 4115 2355 4169 irritat
2386 4113 2472 4180 “;
2543 4123 2621 4178 et,
2679 4113 3011 4168 voluntatem
3054 4114 3356 4169 timentium
3384 4131 3445 4170 se

1875 4211 2002 4264 facit
2031 4209 2100 4271 ",
2127 4218 2180 4262 et
2217 4207 2446 4261 mortuis
2489 4221 2678 4260 rursus
2717 4207 2880 4260 vitam
2938 4207 3199 4275 inSpirat;
3239 4209 3351 4276 qui,
3383 4220 3442 4260 nt

1874 4302 2159 4364 Lazarum,
2190 4299 2477 4368 quatriduo
2507 4307 2787 4367 postquam
2824 4313 2854 4352 e
2881 4298 2990 4350 vita
3020 4298 3342 4368 migraverat
3371 4289 3437 4364 “,

187 4385 289 4458 λίᾳ
323 4385 432 4458 (68)
462 4386 560 4457 τὴν
593 4383 928 4455 φιλοσοφίαν.

1882 4395 1955 4448 sic
1984 4403 2034 4446 te
2071 4400 2190 4461 post
2234 4389 2646 4461 quadriennium
2696 4399 2889 4458 praeter
2919 4389 3158 4442 omnium
3195 4404 3343 4458 spem
3373 4389 3441 4445 ad

1883 4485 2045 4536 vitam
2076 4479 2366 4544 revocavit,
2392 4478 2674 4549 qui,juxta
2705 4478 3023 4543 Ezechielis,
3053 4479 3440 4548 prophetarum

189 4592 442 4649 omnium
501 4591 735 4646 maxime
791 4588 1125 4644 admirabilis
1189 4596 1242 4642 et
1273 4585 1491 4650 excelsi,
1543 4585 1828 4650 visionem,
1863 4596 1986 4637 ossa
2033 4593 2153 4633 cum
2184 4577 2416 4640 ossibus,
2443 4584 2497 4630 et
2535 4589 2845 4645 compagem
2884 4589 3005 4629 cum
3032 4589 3292 4645 compage
3316 4591 3444 4631 con-

193 4687 372 4742 nectit
401 4686 469 4751 ⁵⁷,
505 4683 935 4740 desiderantibus
966 4681 1120 4736 nobis
1149 4682 1546 4736 desiderantem
1577 4688 1626 4732 te
1654 4678 1886 4734 reddidit
1920 4693 1933 4729 :
1969 4674 2054 4728 fac
2123 4673 2174 4726 in
2230 4671 2419 4725 iisdem
2474 4668 2597 4722 vitae
2652 4667 2865 4732 studiis,
2937 4675 2992 4721 et
3065 4668 3254 4722 eadem
3329 4670 3442 4723 oris

193 4775 454 4830 libertate
487 4787 822 4844 perseveres,
858 4787 924 4826 ne
955 4771 1154 4842 alioqui
1200 4770 1597 4826 calamitatibus
1652 4769 1856 4823 fractus
1921 4781 1983 4821 ac
2053 4762 2362 4819 debilitatus
2400 4774 2544 4826 esse,
2615 4774 2678 4814 ac
2743 4757 3136 4828 philosophiam
3173 4760 3242 4813 ob
3288 4761 3440 4829 igna-

192 4870 343 4922 viam
378 4868 678 4938 prodidisse
707 4865 960 4920 videaris.

271 5007 322 5042 ⁵³
354 5008 375 5062 ι
403 5008 535 5079 Reg.
569 5022 630 5073 ll,
660 5006 750 5060 '50.
828 5003 872 5036 ⁵⁸
899 5003 1055 5057 Deut.
1086 5016 1260 5066 xxxii,
1308 4999 1398 5057 2|.
1476 5001 1523 5032 ⁸⁵
1577 4999 1715 5055 Psal.
1769 5021 1773 5046 ε

1882 5011 1947 5060 tv,
1999 4961 2103 5048 l9.
2156 4991 2202 5022 δε
2234 4988 2390 5044 Joan.
2420 4986 2614 5052 x1,59.
2689 4982 2949 5040 "Ezech.
3002 4998 3210 5052 xxxv",
3241 4985 3295 5038 4.

272 5187 382 5260 (60)
419 5182 737 5256 Εὐγενοῦς.
793 5181 924 5251 Reg.
958 5181 1067 5244 hm,
1115 5177 1430 5248 συγγενοῦς,
1491 5196 1509 5229 ι
1537 5193 1769 5231 consan-

237 5275 474 5313 ιιιιιυιιηι.
505 5277 523 5308 ι
557 5281 560 5285 ’

192 5277 654 5400 μῶῗῖηῖεὸδ-έτερ
682 5322 769 5376 δέ.
802 5321 896 5377 Sic
936 5329 1045 5375 tres
1091 5320 1279 5390 Regg.,
1311 5317 1405 5373 0r.
1436 5319 1486 5384 Ι,
1522 5316 1767 5372 Combel‘.

188 5397 360 5454 Deest
384 5397 440 5450 δέ
472 5400 521 5449 in
551 5401 679 5448 edit.

275 5469 386 5540 (62)
427 5465 816 5540 Στηλιτερεις.
852 5462 941 5540 Sic
971 5460 1100 5540 Reg.
1135 5476 1186 5524 a,
1216 5457 1308 5514 Or.
1335 5460 1384 5524 l,
1411 5458 1584 5523 Pass.,
1611 5458 1770 5512 Com-

189 5531 331 5602 bef.,
366 5531 482 5592 Bas.
519 5531 572 5588 lin
603 5538 754 5597 edit.,
787 5531 1173 5603 στηλιτεύσεις.

273 5599 384 5681 (6'5)
442 5599 977 5681 'Qrgt'chsglartetc.
1015 5599 1596 5681 Pulchrehugu‘stinus
1624 5608 1757 5680 tom.

191 5669 426 5748 Ὑδρέα.
473 5669 626 5748 ηοω,
676 5669 794 5728 ’ὴιιο
837 5674 908 5748 de
955 5672 1115 5748 reniti
1172 5671 1334 5723 iratali
1383 5669 1636 5748 Cypriani
1683 5669 1762 5721 sic

192 5739 438 5820 loquitur
477 5766 492 5820 ι
535 5766 554 5796 ι
589 5747 643 5798 Si
681 5745 890 5820 quieris
927 5742 1212 5820 exsilium,
1258 5755 1362 5820 quo
1415 5739 1755 5820 Ultristianus

182 5808 450 5890 iubeatur
480 5819 558 5871 ire
579 5833 608 5890 ,ε
649 5808 819 5886 prius,
850 5814 894 5869 si
929 5825 1100 5883 potes,
1134 5812 1313 5868 inveni
1349 5812 1486 5865 unde
1516 5808 1761 5864 Christus

1870 5185 2093 5247 cogatur
2123 5172 2292 5247 exire.
2336 5171 2409 5247 De
2455 5169 2626 5247 patria
2678 5183 2778 5247 sua
2821 5167 2874 5247 in
2909 5167 3138 5247 alien-am
3189 5175 3242 5218 te
3289 5165 3436 5218 arbi-

1873 5237 2031 5300 travris
2069 5237 2652 5298 excluderehominem
2689 5239 2801 5296 Dei.
2833 5239 2884 5289 iu
2919 5237 3139 5289 Christo
3171 5251 3434 5304 nusquam

1868 5317 2133 5372 exsulem,
2166 5314 2218 5366 in
2254 5326 2418 5365 carne
2449 5311 2646 5378 ubique
2679 5309 3042 5378 percgrittttin.
3083 5325 3101 5355 ι

1939 5385 2054 5456 (64)
2093 5387 2214 5438 Σοι.
2245 5381 2461 5456 Ooislii
2491 5373 2728 5456 et_'Pass.
2759 5373 2962 5430 addunt

1939 5444 2050 5526 (65)
2089 5452 2338 5526 Εὑαγές.
2390 5449 2482 5505 Or.
2531 5449 2555 5502 1
2611 5461 2665 5504 et
2711 5449 2894 5512 Pass.,
2951 5444 3205 5515 εὐγενές,
3267 5454 3322 5499 et
3366 5445 3432 5498 ad

1869 5523 2310 5597 titarg.,sba7éc;
2428 5589 2480 5597 η,
2595 5591 2606 5597 _
2731 5589 2764 5597 __

1941 5583 2062 5667 (66)
2097 5583 2382 5667 Τεὶλὲτῆντ-
2427 5589 2520 5667 _Sic
2566 5591 2680 5667 duo
2730 5589 2920 5667 llegg?
2969 5585 3134 5640 Coisl.
3165 5585 3217 5651 l,
3253 5583 3347 5639 Or.
3381 5584 3430 5649 l,

1868 5658 2045 5729 Pass,
2071 5679 2124 5720 et
2153 5658 2406 5732 Comhel'.
2428 5663 2481 5713 In
2513 5661 2666 5732 edil.,
2693 5658 2968 5732 τελευτήν.
2988 5727 3010 5732 _
3084 5721 3095 5732 θ

1945 5727 2048 5802 '67)
2085 5734 2196 5790 Καὶ
2228 5733 2359 5798 τήν.
2395 5731 2449 5784 lu
2479 5731 2821 5802 quibusdam,
2850 5727 3010 5783 κάκεῖ
3035 5727 3154 5796 τήν.

1940 5798 2050 5880 (68)
2093 5806 2308 5872 Δειλίςι.
2339 5803 2489 5858 Pass.
2515 5801 2661 5856 addit
2695 5798 2819 5853 τινί.
