3914 6404
522 298 657 354 1219
1714 291 1771 342 S.
1816 279 2144 339 GREGORII
2183 274 2530 336 THEOLOGI
3578 279 3682 336 1⁸2ὶο

584 413 750 486 466
792 408 906 465 XV.
952 405 1241 462 Gentilium
1286 405 1746 475 superstitionem.
1798 415 1852 459 et
1898 408 2130 462 eorum}

2139 411 2158 462 ι
2255 398 2357 450 IE'.
2400 395 2594 466 Σύγχει
2625 393 2724 461 μὲν
2755 393 2848 447 καὶ
2871 391 2970 462 τὴν
3017 388 3278 461 Ἐλλήνων
3303 390 3685 464 δεισιδαιμονίαν,

515 482 629 573 qui
643 482 822 572 plures
879 500 1008 555 deos
1042 497 1244 561 colunt,
1278 497 1626 566 impietatem,
1677 506 1734 548 ut
1766 497 1930 563 prius,
1961 509 2059 548 con

2183 494 2258 556 ὡς
2292 491 2572 562 πρότερον,
2621 487 2716 540 καὶ
2753 487 2851 558 τὴν
2893 483 3152 539 πολύθεΟν
3197 482 3368 537 αὐτῶν
3410 484 3592 550 ἁθεϊαν,
3617 492 3689 543 καὶ

518 599 652 660 l‘uta,
681 603 734 648 et
768 600 978 647 veteres
1005 606 1069 646 ac
1101 605 1268 645 novos
1302 591 1454 652 deos,
1477 599 1530 644 et
1560 589 1824 643 obscenas
1855 587 2057 642 fabulas

2182 583 2308 646 τοὺς
2328 581 2585 643 παλαιοὺς
2607 579 2759 642 θεοὺς
2779 576 3018 638 καὶτοὺς
3041 573 3213 638 νέους,
3236 575 3326 627 καὶ
3342 575 3460 639 τοὺς
3478 579 3690 648 αἰσχροὺς

516 700 569 741 ct
605 685 922 740 obsceniora
960 681 1223 736 sacriﬁcia
1265 694 1451 733 eorum
1494 680 1584 747 qui
1617 678 1729 730 luto
1760 676 1926 730 lutum
1953 690 2062 744 pur-

2187 672 2410 744 μύθους,
2452 672 2547 726 καὶ
2586 669 2685 733 τὰς
2735 667 3091 739 αἰσχροτέρας
3144 664 3334 728 θυσίας
3380 667 3522 738 πηλῷ
3558 671 3691 740 πηλὸν

517 791 667 847 gant,
733 784 791 829 ut
837 789 902 828 ex
943 774 1176 841 quodam
1222 772 1436 825 illorum
1469 770 1669 834 audivi,
1703 767 1983 822 brutorum
2007 766 2060 820 in

2183 765 2573 835 καθαιρόντων,
2616 764 2692 828 ὡς
2728 763 2906 818 αὐτῶν
2933 778 3076 825 τινος
3104 759 3214 830 (69)
3243 758 3479 826 λέγοντος
3503 760 3691 830 ἤκουσα,

516 881 628 922 star
649 868 1001 922 animantium
1020 864 1336 933 corporibus
1356 876 1582 931 corpora
1603 875 1696 915 sua
1718 859 2057 929 purgantium

2182 858 2326 926 λέγω
2350 855 2413 926 δὴ
2443 854 2657 926 σώμασι
2697 854 2925 926 σώματα
2961 854 3071 917 τοῖς
3099 851 3206 904 τῶν
3247 850 3451 917 ἀλόγων
3486 851 3615 914 ζώων
3640 854 3693 906 τὰ

515 970 566 1014 et
627 959 933 1014 veneranda
984 959 1256 1026 ﬁgmenta,
1315 964 1368 1009 et
1412 952 1693 1007 indecoras
1741 949 2046 1020 prmstigias

2183 946 2410 1012 ἑαυτῶν,
2435 947 2528 1000 καὶ
2555 947 2623 1000 τὰ
2651 944 2826 1017 σεμνὰ
2855 943 3146 1014 πλάσματα
3187 942 3318 1013 (70),
3352 941 3443 994 καὶ
3471 941 3531 994 τὰ
3557 944 3692 1015 ἀσχή-

518 1053 736 1121 quibus,
772 1052 817 1104 si
848 1050 1184 1104 divinitatem
1217 1046 1503 1108 deﬁniunt,
1529 1059 1562 1099 o
1598 1043 1824 1097 miseros
1859 1052 1915 1096 et
1960 1056 2064 1110 per-

2187 1058 2320 1112 μονα
2345 1037 2566 1110 τερατεύ
2576 1055 2719 1109 ματα
2737 1055 2750 1068 ο
2771 1032 2853 1101 οἷς
2875 1038 2922 1089 εἰ
2946 1036 3046 1106 μὲν
3063 1034 3124 1088 τὸ
3143 1034 3294 1088 Θεῖον
3320 1034 3426 1103 (71)
3451 1033 3691 1103 ὁρίζονται,

517 1143 658 1196 ditos
695 1139 967 1194 homines!
1009 1137 1053 1192 si
1077 1145 1256 1190 autem
1288 1151 1407 1189 eam
1440 1135 1746 1202 designant,
1775 1148 1806 1184 ο
1857 1133 2063 1186 infelici

2183 1133 2282 1202 τῆς
2335 1130 2751 1202 κακοδαιμονίας
2772 1146 2786 1159 ’
2836 1130 2884 1181 εἰ
2916 1127 2972 1180 δὲ
3018 1125 3481 1198 παραδεικνύουσι,
3516 1126 3599 1196 τῆς
3627 1128 3694 1179 εὐ-

519 1233 642 1286 tatis
680 1229 982 1285 cumulum!
1027 1229 1073 1283 si
1124 1235 1305 1282 autem
1354 1226 1618 1287 indicant,
1675 1239 1707 1278 o
1751 1225 2065 1292 singularen

2147 1297 2151 1311 ι
2189 1222 2393 1295 ηθείας.
2420 1221 2824 1274 Διδασκέτωσαν
2854 1219 2983 1290 γὰρ,
3011 1219 3096 1281 τίς
3127 1218 3155 1270 ὁ
3176 1217 3349 1286 λόγος,
3373 1217 3463 1270 καὶ
3479 1217 3524 1269 τί
3547 1218 3598 1270 τὺ
3618 1219 3693 1287 τῆς

517 1323 832 1378 stultitiam!
880 1322 1118 1376 Doceant
1151 1318 1318 1383 enim,
1347 1333 1464 1386 qua:
1491 1316 1651 1380 ratio,
1685 1315 1825 1385 quod
1863 1314 2057 1383 turpitu

2149 1309 2151 1311 ⁷
2187 1312 2573 1386 ἀσχημοσύνης
2613 1313 2712 1383 τῆς
2763 1313 2891 1384 περὶ
2939 1311 3111 1364 ταῦτα
3159 1310 3482 1382 μυστήριον;
3517 1309 3584 1362 δεῖ
3612 1312 3695 1384 γὰρ

518 1414 661 1468 diuis
691 1412 854 1475 illius,
889 1426 992 1480 qua
1046 1409 1097 1463 in
1152 1406 1459 1475 hujusmodi
1505 1407 1664 1460 rebus
1715 1414 1957 1466 utuntur,
2000 1417 2064 1457 ari

2189 1406 2322 1476 μηδὲ
2354 1405 2452 1468 τὰς
2486 1403 2750 1475 ἐμφάσεις
2793 1403 2900 1456 τῶν
2947 1403 3147 1467 καλῶν,
3199 1401 3256 1454 τὸ
3306 1401 3518 1472 αἰσχρὸν
3565 1402 3693 1472 ἔχειν.

519 1503 750 1558 canum?
785 1501 991 1556 Debent
1021 1500 1163 1554 enim
1195 1499 1323 1568 ipsae
1357 1511 1568 1565 quoque
1599 1510 1783 1549 rerum
1837 1495 2065 1547 honesta

2185 1498 2248 1549 Ei
2273 1496 2329 1548 δὲ
2358 1496 2482 1550 ἄλλο
2509 1513 2562 1548 τι
2594 1495 2744 1566 παρὰ
2775 1494 2947 1547 ταῦτα
2997 1491 3133 1548 εἷναί
3167 1510 3320 1562 φασι,
3343 1494 3392 1546 τί
3420 1492 3576 1556 τοῦτο,
3605 1512 3694 1547 m-

520 1610 634 1646 rum
669 1590 1084 1663 signiﬁcationes
1136 1598 1192 1642 et
1239 1587 1444 1657 species
1489 1584 1818 1654 turpitudine
1870 1595 2063 1636 vacare

2187 1585 2445 1651 θέτωσαν,
2500 1587 2594 1640 καὶ
2637 1588 2700 1640 ἐκ
2735 1586 2900 1638 ποίων
2942 1585 3136 1655 λόγων,
3171 1585 3204 1655 ἢ
3243 1584 3514 1652 θεολόγων.
3544 1584 3695 1655 Eius:

519 1685 671 1750 Quod
709 1683 754 1738 si
785 1682 929 1736 aliud
973 1680 1226 1751 quiddam
1269 1687 1531 1750 prmterea
1561 1690 1679 1729 esse
1730 1674 2060 1744 contendunt

2186 1678 2242 1731 δὲ
2268 1679 2362 1734 καὶ
2386 1677 2482 1742 τὰς
2507 1678 2614 1731 τῶν
2648 1677 2908 1749 αἱρέσεων
2941 1677 3357 1740 ἐπαναστάσεις,
3391 1677 3480 1729 καὶ
3508 1677 3696 1746 τοσούτῳ

521 1777 647 1844 quid
683 1777 784 1830 hoc
814 1773 886 1828 sit
917 1773 1164 1843 probent,
1193 1771 1495 1840 quibusque
1528 1782 1594 1820 ex
1633 1764 1787 1818 libris
1823 1772 1882 1818 et
1929 1764 2067 1817 theo'

2153 1783 2157 1820 ι
2185 1769 2529 1842 θερμότερον,
2559 1771 2666 1840 ὅσῳ
2706 1769 3104 1843 προπέπονθας.
3139 1769 3506 1840 Γενναιότερον
3539 1769 3627 1841 γὰρ
3653 1771 3699 1822 ἐκ

521 1864 654 1931 logis
673 1862 964 1924 hauserint,
991 1859 1312 1914 ostendant?
1341 1857 1458 1910 Jam
1487 1855 1880 1924 insurgentium
1912 1854 2067 1908 etiam

2189 1861 2282 1916 τοῦ
2309 1862 2500 1915 παθεῖν
2522 1862 2583 1914 τὸ
2621 1860 2928 1932 φιλόσοφον,
2963 1862 3151 1934 ὥσπερ
3181 1858 3374 1932 ψυχρῷ
3411 1859 3603 1931 σίδηρος
3625 1860 3700 1930 ἔμ-

523 1959 782 2009 liaeresnm
833 1953 1063 2022 impetus
1098 1950 1303 2020 frange,
1360 1949 1518 2016 idque
1564 1962 1628 2001 eo
1667 1947 1830 2000 etiam
1884 1945 2069 2008 acrius,

2191 1971 2381 2024 πυρος,
2411 1952 2553 2007 ούτω
2585 1957 2699 2018 τοῖς
2738 1953 3002 2018 κινδύνοις
3034 1953 3420 2024 στομούμενον.
3454 1952 3633 2022 Ὀρίζου
3661 1954 3701 2004 δὲ

521 2046 659 2116 quod
686 2045 797 2113 jam
833 2043 1062 2098 antehac
1089 2042 1141 2096 in
1170 2039 1502 2096 cruciatibus
1539 2049 1785 2094 versatus
1828 2054 1906 2092 es.
1954 2036 2067 2092 Plii-

2191 2046 2284 2100 καὶ
2324 2045 2422 2117 τὴν
2456 2046 2728 2117 ἡμετέραν
2755 2045 3054 2111 εὐσέϐειαν,
3082 2045 3348 2098 διδάσκων
3372 2043 3464 2096 ’ένα
3494 2044 3578 2115 μὲν
3600 2043 3703 2096 εἰδέ-

523 2136 826 2206 losoplticus
866 2135 1008 2189 enim
1062 2135 1272 2188 animus
1318 2148 1383 2186 ex
1438 2146 1522 2194 eo,
1560 2131 1699 2198 quod
1749 2145 1936 2200 passus
1984 2129 2069 2194 s'it,

2191 2155 2278 2192 ναι
2325 2136 2456 2190 Θεὸν
2492 2137 2805 2208 ἀγέννητον,
2846 2136 2936 2190 τὸν
2983 2136 3234 2207 Πατέραο
3275 2134 3374 2188 ’ἐνα
3407 2134 3460 2186 δὲ
3497 2134 3702 2203 γεννητὸν

520 2225 832 2296 generosior
855 2224 1116 2288 redditur,
1145 2233 1328 2291 atque,
1355 2230 1413 2274 ut
1442 2221 1680 2274 candens
1711 2219 1913 2274 ferrum
1940 2234 2066 2289 aqua

2191 2218 2414 2301 Κύριον,
2457 2229 2547 2282 τὸν
2591 2228 2736 2282 Υἱόν’
2782 2228 2914 2281 Θεὸν
2952 2227 3070 2300 μὲν,
3128 2229 3256 2281 ὅταν
3307 2225 3425 2280 καθ’
3447 2225 3612 2279 ἑαυτὸν
3639 2225 3704 2278 λέ-

525 2320 734 2391 l‘rigida,
771 2321 840 2372 ita
877 2317 1130 2387 periculis
1180 2315 1507 2371 obdurescit.
1545 2315 1683 2381 Quin
1731 2313 1946 2383 pietatis
1978 2328 2071 2366 no-

2191 2337 2376 2391 γηται,
2438 2319 3001 2392 προσαγορευόμενον·
3055 2319 3256 2390 Κύριον
3316 2319 3394 2384 δὲ,
3444 2319 3558 2371 ὅταν
3600 2318 3703 2388 μετὰ

523 2424 650 2466 strae
682 2409 978 2465 doctrinam
1042 2407 1352 2471 prmscribe,
1414 2405 1492 2459 sic
1537 2419 1637 2458 nos
1691 2403 1997 2466 instituens,
2027 2415 2069 2455 ιι

2193 2408 2404 2480 Πατρός
2435 2408 2762 2480 ὀνομάζηται
2783 2425 2797 2441 ⁸
2831 2410 2892 2464 τὸ
2921 2411 3018 2482 μὲν
3041 2410 3128 2464 διὰ
3163 2410 3260 2482 τὴν
3299 2413 3474 2479 φύσιν,
3501 2408 3618 2462 τὸδὲ
3641 2410 3705 2463 διὰ

527 2504 691 2557 Deum
722 2517 883 2556 unum
915 2499 1208 2570 ingenitum
1257 2510 1639 2566 agnoscamus,
1689 2495 1791 2548 hoc
1821 2503 1922 2558 est,
1974 2493 2073 2546 Pa-

2193 2500 2291 2570 τὴν
2327 2499 2636 2572 μοναρχίαν.
2675 2503 2769 2554 Ἓν
2801 2501 2857 2554 δὲ
2905 2501 3129 2572 Πνεῦμα
3174 2502 3356 2572 ἅγιον,
3403 2501 3627 2572 προελθὸν
3660 2502 3705 2554 ἐκ

528 2607 661 2648 trem
694 2614 707 2648 :
741 2607 902 2647 unum
937 2592 1060 2646 item
1096 2590 1332 2660 genitum
1381 2588 1684 2648 Dominum,
1720 2584 1912 2638 Filium
1941 2582 2074 2636 vide-

2193 2592 2285 2645 τοῦ
2321 2593 2552 2664 Πατρὸς,
2594 2594 2628 2665 ἢ
2671 2593 2764 2646 καὶ
2797 2594 3014 2667 προϊόν·
3061 2593 3214 2658 Θεὸν,
3257 2597 3374 2657 τοῖς
3417 2593 3596 2664 ventri);
3623 2593 3704 2664 (7'2)

527 2687 673 2752 licet,
694 2685 786 2754 qui
822 2683 962 2737 Deus
985 2681 1198 2750 quidem
1230 2680 1548 2750 appellatur,
1577 2692 1698 2732 cum
1739 2677 1804 2731 de
1840 2689 1904 2730 eo
1937 2689 2073 2743 sepa-

2194 2682 2372 2737 νοοῦσι
2408 2685 2477 2738 τὰ
2523 2687 2936 2761 παρακείμενα·
2981 2688 3094 2752 τοῖς
3144 2687 3241 2758 μὲν
3283 2686 3500 2740 ἀσεϐέσι
3533 2686 3613 2739 καὶ
3633 2703 3705 2739 zo-

527 2777 685 2833 ratim
713 2790 890 2831 sermo
922 2781 1025 2838 est,
1052 2773 1314 2827 Dominus
1333 2781 1550 2836 autem,
1586 2768 1800 2839 quando
1825 2783 1948 2824 cum
1982 2767 2073 2823 Pa-

2195 2775 2550 2848 λεμούμενον,
2607 2781 2719 2842 τοῖς
2765 2779 2822 2833 δὲ
2872 2780 3010 2852 ὑπὲρ
3045 2779 3268 2843 τούτους
3309 2779 3591 2849 νοούμενον.
3625 2781 3707 2839 τοὶς

531 2883 610 2926 tre
647 2869 987 2929 nominatur;
1038 2864 1166 2919 illud
1216 2871 1438 2933 propter
1479 2871 1751 2926 naturam,
1804 2860 1906 2914 hoc
1959 2874 2077 2930 pro-

2198 2870 2724 2941 πνευματικωτέροις
2763 2871 2818 2924 δὲ
2854 2872 2947 2924 καὶ
2988 2870 3300 2941 λεγόμενον.
3344 2871 3489 2942 Μήτε
3516 2869 3604 2923 ὑπὸ
3637 2869 3709 2938 ἀρ·

530 2973 648 3032 pter
676 2959 892 3014 unicum
930 2954 1230 3012 divinitatis
1263 2953 1619 3023 principatum
1655 2969 1670 3006 :
1712 2966 1876 3005 unum
1929 2951 2076 3005 deni-

2197 2957 2295 3029 χὴν
2328 2959 2437 3028 (75)
2468 2963 2638 3013 ποιεῖν
2669 2962 2758 3016 τὸν
2803 2961 3039 3034 Πατέρα,
3099 2962 3184 3016 ἵνα
3233 2963 3314 3035 μὴ
3338 2962 3431 3015 τοῦ
3466 2959 3649 3033 πρώτου
3670 2977 3707 3012 τι

528 3065 634 3120 que
667 3048 927 3119 Spiritum
965 3055 1231 3112 sanctum,
1286 3060 1316 3098 a
1369 3044 1528 3098 Patre
1581 3045 1958 3114 procedentem
2001 3056 2074 3096 aut

2198 3050 2410 3120 πρῶτον
2445 3051 2557 3124 (74)
2595 3053 2991 3124 εἰσαγάγωμεν,
3039 3052 3100 3118 ἐξ
3149 3046 3210 3107 οὗ
3252 3055 3352 3109 καὶ
3386 3053 3445 3108 τὸ
3479 3049 3600 3107 εἶναι
3625 3052 3710 3122 (75)

528 3147 689 3198 etiam
728 3141 1101 3211 prodeuntem,
1125 3136 1290 3190 Deum
1322 3149 1533 3206 quoque
1564 3136 1765 3204 ipsum,
1801 3135 1939 3204 apud
1973 3150 2067 3190 eos

2191 3143 2393 3214 πρώτῳ
2436 3147 2947 3217 περιτραπήσεταιέ
2993 3148 3129 3218 μήτε
3170 3148 3408 3218 ἄναρχον
3444 3146 3526 3199 τὸν
3559 3145 3708 3214 Υἱδνῆ

529 3233 621 3302 qui
656 3247 740 3294 ea,
772 3243 889 3300 qua:
921 3227 1219 3296 propinqua
1264 3234 1412 3289 sunt,
1460 3224 1703 3294 apprime
1763 3224 2075 3296 intelligunt.

2188 3233 2247 3287 τὸ
2275 3235 2497 3306 Πνεῦμα
2528 3236 2590 3290 τὸ
2632 3236 2806 3306 ἅγιον,
2859 3240 2944 3293 ἵνα
2993 3240 3068 3309 μὴ
3123 3238 3184 3292 τὸ
3231 3238 3447 3310 Πατρὸς
3480 3236 3578 3309 (76)
3614 3237 3711 3290 ἴδιον

527 3323 619 3395 qu’
647 3322 714 3375 ab
740 3319 918 3389 itnpiis
947 3317 1161 3386 quidem
1192 3315 1352 3370 etiam
1389 3323 1749 3385 oppugnatur,
1787 3316 1854 3370 ab
1903 3317 1968 3370 iis
1997 3331 2073 3368 au-

2193 3326 2549 3398 περιέλωμεν.
2598 3330 2711 3384 Οὐκ
2751 3331 2959 3404 ἄναρχα
3002 3332 3130 3402 γὰρ,
3167 3331 3258 3384 καὶ
3310 3329 3512 3400 ἄναρχά
3545 3328 3712 3390 πωςυό

542 3425 677 3479 tem,
711 3412 800 3482 qui
827 3425 986 3479 supra
1019 3423 1110 3464 eos
1141 3416 1450 3476 assurgunt,
1479 3407 1658 3461 animo
1689 3417 1744 3462 et
1771 3417 1949 3461 mente
1971 3421 2088 3461 con-

2203 3419 2296 3471 καὶ
2328 3418 2642 3489 παράδοξον.
2678 3422 2792 3476 υύκ
2828 3425 3038 3495 ἆναρχα
3070 3423 3166 3494 μὲν
3197 3421 3310 3493 γὰρ
3337 3419 3414 3492 τῷ
3439 3419 3576 3490 αἰτίῳ
3601 3418 3710 3488 (77)·

536 3508 753 3578 cipitur,
787 3504 853 3558 ab
886 3505 952 3558 iis
981 3517 1132 3567 vero,
1160 3501 1250 3571 qui
1273 3501 1442 3571 magis
1470 3500 1738 3570 spiritales
1758 3511 1901 3565 sunt,
1926 3499 2082 3555 etiam

2201 3510 2264 3562 ὲκ
2293 3508 2426 3562 Θεοῦ
2451 3510 2578 3583 γὰρ,
2601 3512 2650 3564 εἰ
2679 3513 2773 3566 καὶ
2799 3514 2872 3586 μὴ
2904 3516 3019 3586 μετ’
3045 3513 3225 3580 αὐτὸν,
3248 3513 3328 3576 ὡς
3359 3514 3416 3577 ἐξ
3436 3512 3572 3583 ἡλίου
3597 3511 3709 3579 φῶς·

535 3600 872 3668 praedicatur.
896 3595 1027 3650 Illud
1057 3595 1184 3649 item
1217 3593 1528 3664 praescribe,
1555 3603 1612 3646 nt
1645 3607 1744 3648 nec
1771 3593 1914 3646 Patri
1944 3593 2081 3663 prin-

2202 3601 2412 3673 ἄναρχοι
2441 3603 2498 3656 δὲ
2525 3603 2602 3674 τῷ
2629 3605 2820 3678 χρόνῳ.
2851 3607 2926 3660 Ού
2967 3605 3074 3677 γὰρ
3113 3605 3218 3660 ὑπὸ
3253 3605 3464 3678 χρόνον,
3489 3604 3564 3657 ἵνα
3591 3602 3652 3674 μὴ
3669 3601 3713 3654 τὸ

536 3679 1084 3761 cipinmtribuamus,
1110 3700 1177 3741 ne
1203 3686 1330 3752 quid
1366 3686 1539 3754 primo
1569 3685 1718 3754 prius
1749 3684 2082 3752 inducamus,

2207 3693 2326 3766 ῥέον
2421 3695 2529 3748 τῶν
2569 3696 2815 3751 ἑστώτων
2857 3697 3242 3770 πρεσϐύτερον,
3301 3697 3395 3750 καὶ
3431 3695 3530 3748 τῶν
3559 3693 3713 3746 οὐσιῶν

482 3786 488 3790 ’
537 3800 602 3838 ex
640 3798 745 3852 quo
784 3782 948 3836 etiam
981 3779 1056 3848 id,
1086 3779 1229 3848 quod
1263 3778 1494 3846 primum
1521 3788 1623 3842 est,
1654 3778 1830 3846 perire
1873 3791 2028 3833 neces

1003 3779 1056 3848 tl,
1086 3779 1229 3848 quod
1263 3778 1494 3846 primum
1521 3788 1623 3842 est,
1654 3778 1830 3846 perire
1873 3791 2095 3833 necesse
2202 3785 2263 3839 τὸ
2285 3785 2549 3844 ἀνούσιον,

537 3875 638 3936 sit;
685 3888 784 3928 nec
816 3871 1008 3926 Filium
1067 3881 1122 3925 et
1185 3869 1443 3940 Spiritum
1507 3878 1750 3924 sanctum
1799 3871 2048 3942 principii
2095 3887 2342 3947 expertes
2389 3897 2510 3938 esse
2559 3892 2879 3951 astruamus,
2915 3900 2982 3939 ne
3005 3884 3175 3946 Patri.
3218 3882 3270 3938 id
3304 3883 3444 3954 quod
3501 3882 3588 3950 ipsi
3622 3895 3715 3948 pro-

540 3966 714 4035 prium
743 3973 847 4029 est,
894 3964 1211 4018 adimamus.
1280 3961 1355 4014 Illi
1421 3961 1616 4030 quippe
1654 3970 1709 4015 et
1775 3963 2039 4033 principio
2093 3969 2316 4024 minime
2345 3983 2552 4042 carent,
2582 3985 2636 4030 et
2661 3976 2895 4046 quodam
2946 3976 3105 4031 modo
3147 3986 3380 4030 carent:
3435 3975 3565 4045 quod
3612 3987 3712 4027 sane

541 4056 685 4109 dictu
718 4055 912 4108 mirum
940 4064 1042 4110 est.
1079 4055 1194 4110 Non
1241 4054 1407 4118 enim,
1441 4063 1698 4124 quantum
1754 4057 1820 4109 ad
1867 4071 2111 4127 causam,
2181 4061 2346 4134 467
2411 4068 2679 4137 principio
2717 4077 2945 4124 carent:
2979 4085 3046 4124 ex
3097 4067 3207 4124 Deo
3261 4070 3406 4124 enim
3449 4077 3582 4130 sunt,
3622 4067 3715 4118 licet

542 4164 646 4203 non
683 4157 802 4218 post
839 4149 1035 4220 ipsum,
1091 4148 1544 4218 quemadmodum
1593 4163 1660 4204 ex
1728 4151 1842 4207 sole
1894 4153 2072 4210 lumen
2121 4175 2137 4212 :
2177 4160 2269 4213 sed
2302 4173 2559 4230 quantum
2604 4165 2670 4218 ad
2740 4175 2973 4235 tempus,
3027 4165 3276 4235 principii
3323 4175 3448 4220 sunt
3487 4170 3711 4230 expertes.

543 4241 652 4297 Nec
682 4243 823 4296 enim
861 4241 1085 4310 tempori
1142 4239 1368 4309 subjecti
1427 4248 1570 4308 sunt,
1616 4255 1683 4296 ne
1721 4246 1862 4311 quod
1909 4246 2108 4300 ﬂuxum
2147 4255 2252 4313 est,
2281 4248 2348 4304 iis
2383 4267 2500 4322 qua:
2528 4255 2738 4310 stabilia
2763 4264 2907 4322 sunt,
2977 4265 3033 4310 et
3069 4255 3211 4324 quod
3247 4269 3356 4310 non
3417 4263 3516 4318 est,
3541 4253 3598 4305 iis
3625 4265 3714 4319 qua

542 4347 689 4403 sunt,
713 4337 860 4407 prius
880 4346 1038 4406 atque
1073 4337 1343 4405 antiquius
1373 4337 1463 4390 sit.
2721 4360 2724 4365 -

615 4426 751 4482 XVI.
782 4425 890 4481 Nec
926 4428 1049 4480 item
1079 4427 1183 4480 tria
1239 4425 1500 4495 principia
1556 4429 1967 4499 constituamus,
2022 4448 2088 4489 ne

2267 4433 2350 4498 1c:
2349 4437 2383 4483 ’.
2415 4431 2571 4501 Μήτε
2608 4428 2783 4501 ἀρχὰς
2817 4431 2985 4501 τρεῖς,
3034 4427 3121 4482 ἵνα
3161 4427 3236 4500 μὴ
3271 4427 3586 4497 Ἑλληνικὸν,
3617 4424 3645 4494 ἦ
3673 4423 3715 4475 τὺ

617 4602 726 4671 (69)
773 4606 954 4674 Tir-eq.
993 4600 1316 4674 lleraelitnm
1347 4605 1612 4674 intelligit.
2137 4615 2182 4670 1)
2210 4606 2351 4674 quod
2378 4605 2607 4674 primum
2635 4612 2736 4668 est,
2767 4603 3028 4674 originem
3060 4605 3287 4658 traxisse
3317 4619 3531 4661 necesse
3551 4607 3663 4659 Sil.|

617 4674 727 4742 (70)
768 4672 1280 4745 Πλάσματᾳειὶιξς.
1309 4689 1362 4736 a,
1393 4671 1761 4745 παλαίσματα.
1825 4742 1849 4745 _

2226 4671 2241 4674 “
2281 4671 2392 4743 (76)
2436 4675 2507 4728 Τὸ
2539 4675 2787 4742 Πατρός.
2837 4673 2970 4744 Reg.
3005 4675 3097 4738 bu,
3146 4674 3239 4730 Or.
3268 4675 3320 4738 1,
3355 4674 3524 4738 Pass,
3561 4676 3613 4728 τὸ
3646 4671 3715 4727 τοῦ

621 4741 741 4815 (71)-
771 4745 838 4795 El
859 4742 976 4815 per
1016 4741 1076 4794 τὸ
1098 4741 1294 4815 -Θεῖον,
1325 4755 1428 4798 etc.
1468 4741 1786 4815 Ηίοξοιιίιθι·
1813 4742 2103 4815 Gregorius

893 4742 976 4815 ιέν
1016 4741 1294 4815 maeror,
1325 4755 1428 4798 etc.
1468 4741 1786 4815 Ηίοξοιιίιθι·
1813 4742 2103 4815 Gregorius
2204 4741 2439 4815 Πατρός.

549 4811 864 4886 perstringit
915 4813 1352 4886 absurdissimum
1414 4813 1689 4886 gentilium
1741 4811 2102 4886 theologiam,
2205 4883 2217 4886 Α
2273 4811 2386 4886 (77)
2431 4811 2724 4886 Τῷλαὶτίῳ.
2765 4833 2781 4863 ι
2812 4813 3475 4886 Quantumadcausam.»
3515 4814 3644 4868 Licet
3666 4814 3714 4862 ah

549 4880 638 4952 qui
669 4881 769 4936 sub
792 4880 1086 4952 fabularum
1112 4881 1384 4952 involucra
1413 4880 1667 4936 Deitateut
1690 4880 2099 4938 adnntbrabant.
2205 4880 2307 4937 hac
2335 4880 2466 4937 voce
2491 4884 2792 4937 abstineant
2822 4883 3020 4948 Latini,
3052 4883 3184 4938 nihil
3217 4895 3391 4938 tamen
3419 4894 3499 4938 est
3516 4884 3713 4952 idissidii.

622 4953 730 5023 (7‘2)
776 4950 900 5016 Τοῖς
939 4949 1196 5023 ίνοητῶς,
1247 4964 1350 5007 etc.
1407 4971 1425 5000 ο
1455 4953 1554 5018 Qui
1609 4953 1790 5023 solerti
1850 4956 2098 5020 ingenio,
2204 4955 2380 5020 quoad
2434 4967 2543 5023 rem
2584 4962 2642 5023 et
2692 4967 2942 5014 sensum,
2989 4954 3128 5007 inter
3171 4952 3386 5008 Grrecos
3432 4963 3484 5008 et
3513 4951 3714 5008 Latinos.

552 5021 747 5074 mentis
776 5022 1110 5092 acumine_ea
1156 5024 1476 5092 intelligunt,
1507 5037 1624 5090 qua}
1657 5022 1939 5090 conjuncta
1976 5035 2102 5076 sunt
2205 5025 2353 5088 Quod
2384 5022 2525 5076 enim
2568 5021 2738 5078 Graeci
2789 5039 2808 5072 t
2841 5036 3013 5075 causa:
3058 5035 3112 5077 et
3144 5025 3343 5076 causali
3378 5043 3396 5074 ι
3433 5024 3628 5076 nomine
3652 5023 3715 5073 in-

552 5102 605 5144 et
643 5092 933 5153 cohazrent,
960 5108 977 5140 ι
1018 5089 1239 5162 Deitatis
1284 5089 1488 5146 scilicet
1527 5089 1805 5158 personas,
1837 5094 1915 5145 sic
1950 5094 2100 5146 nobis
2207 5093 2464 5162 tellignnt,
2502 5106 2596 5162 nos
2642 5092 2780 5145 idem
2818 5092 3121 5162 [principii
3169 5102 3224 5147 et
3266 5091 3604 5162 principiatii
3645 5105 3718 5144 no-

553 5179 656 5214 nna
691 5164 839 5232 serie
863 5160 1195 5232 propositas;
1233 5177 1296 5215 ex
1327 5153 1746 5229 quiluts'passitn
1788 5162 2099 5230 Gregorius,
2215 5153 2358 5214 tuine
2409 5153 2775 5232 intelligimus.
2825 5153 2973 5216 Unde
3019 5153 3238 5218 sanctus
3267 5153 3518 5216 'Tltonias
3566 5175 3713 5230 opust.

553 5235 691 5285 sicut
723 5241 778 5283 et
809 5229 1032 5282 Basilius
1072 5233 1316 5295 probant,
1351 5232 1540 5284 Filium
1574 5241 1627 5281 et
1668 5229 1926 5298 Spiritum
1979 5249 2106 5285 san-
2209 5241 2393 5283 contra
2422 5229 2620 5298 errores
2647 5229 2952 5284 Gra’corum
2991 5247 3043 5286 c.
3073 5234 3125 5294 l,
3155 5233 3269 5286 ait:
3306 5252 3320 5282 ι
3355 5234 3507 5298 Apud
3534 5229 3715 5285 Latinus

553 5315 696 5354 ctum
735 5298 1136 5371 Deumpariter
1162 5317 1299 5364 esse,
1325 5300 1683 5371 sicut_i_Patcr.
1712 5295 1722 5298 ⁷
2183 5368 2188 5371 μ
2212 5311 2431 5371 nonest
2460 5295 2790 5371 'cousnetutn,
2819 5301 2960 5368 quod
2991 5301 3150 5355 Pater
3182 5295 3572 5356 dicatur—causa
3601 5299 3634 5354 F
3642 5301 3713 5360 dii,

625 5371 734 5439 (73)
785 5368 928 5422 Ὑπὸ
976 5369 1192 5437 ἀρχὴν,
1237 5381 1341 5426 etc.
1396 5389 1414 5420 ι
1455 5368 1529 5422 Ne
1579 5369 1788 5423 Patrem
1846 5371 2108 5438 principio
2183 5368 2294 5422 ’veI
2328 5370 2560 5440 Spiritus
2597 5370 2790 5430 sancti,
2832 5372 2924 5424 sed
2971 5372 3142 5425 solum
3184 5373 3518 5440 principium,
3547 5371 3616 5424 vel
3647 5384 3718 5420 auo

556 5444 776 5493 subesse
803 5448 1116 5506 statuamus.
1146 5460 1164 5490 ι
2214 5450 2349 5492 ctor.
2371 5476 2385 5491 .
2407 5477 2422 5492 .
2450 5439 2644 5502 Graeci,
2674 5441 2761 5506 qui
2792 5453 2968 5493 causae
2993 5452 3046 5494 et
3071 5439 3271 5496 causali
3300 5446 3511 5494 nomine
3538 5450 3717 5493 utuntur

627 5508 736 5579 (74)
780 5513 838 5562 Tt
871 5505 1121 5580 πρῷτον.
1163 5509 1258 5564 llic
1289 5509 1502 5580 πρῶτον
1537 5509 1673 5580 idem
1703 5517 1856 5560 sonat
1884 5523 1946 5561 ac
1978 5508 2112 5580 πρόο

2214 5509 2264 5561 itt
2299 5510 2492 5562 divinis
2525 5505 2786 5577 personis,
2819 5523 2922 5580 non
2961 5511 3239 5565 intendunt
3279 5511 3624 5580 diversitatem
3654 5523 3716 5560 nrt-

556 5576 900 5648 esp'ov,rqun_d
937 5576 1138 5633 Graecis
1179 5576 1438 5632 familiare
1478 5589 1578 5632 est.
1621 5579 1731 5630 Mox
1757 5616 1770 5639 ,
1806 5576 2108 5648 εἰσαγάγω-
2215 5589 2352 5648 tura:
2387 5576 2663 5641 inducere,
2691 5591 2782 5630 aut
2816 5578 3007 5632 Filium
3036 5595 3154 5634 esse
3186 5591 3516 5641 creaturam:
3546 5579 3632 5633 sed
3649 5590 3716 5644 per

559 5645 1018 5720 μεν-’ψιὶιιοῐῖιθειε-
1045 5661 1099 5701 et
1134 5648 1308 5708 Pass.,
1331 5649 1654 5720 εἰσάγωμεν.
1940 5645 1947 5647 “
2014 5645 2021 5648 ⁷
2061 5719 2066 5720 ί

2211 5647 2311 5720 hoc
2345 5649 2526 5701 volunt
2553 5651 2836 5720 ostendere
2879 5649 3046 5720 solam
3085 5653 3338 5720 originem
3385 5661 3709 5719 personarum.

625 5717 734 5788 (75)
787 5716 881 5783 Ἐξ
939 5716 1009 5776 οὗ
1038 5720 1136 5774 καὶ
1188 5721 1254 5772 τὸ
1302 5716 1471 5784 εἶναι,
1505 5716 1606 5774 cic.
1650 5738 1662 5772 :
1707 5738 1723 5769 ι
1755 5735 1818 5774 ex
1868 5734 1971 5786 uno
2021 5719 2106 5781 id.

1514 5716 1606 5774 εἰς.
1650 5738 1662 5772 :
1707 5738 1723 5769 ι
1755 5735 1818 5774 ex
1868 5734 1971 5786 quo
2021 5719 2069 5772 id
2091 5757 2106 5781 ,
2209 5719 2344 5772 sicut
2379 5735 2474 5773 nos
2505 5720 2720 5774 nomine
2751 5719 3012 5789 principii.
3041 5739 3060 5770 ι
