3914 6404
207 274 336 331 1921

971 291 1225 350 ORATIO
1265 298 1432 357 XXV.
1474 336 1541 344 —-
1580 306 1645 362 IN
1687 310 1965 370 LAUDEM
2005 315 2302 375 HERONIS
2344 323 2607 382 l’lllLOS.

3282 346 3417 400 1222

202 393 487 448 πολύθεοψ
523 396 654 467 μήτε
677 398 812 470 μίαν
849 404 966 473 μὲν,
998 409 1290 485 Ἰουδαῐκὴν
1317 417 1370 470 δὲ
1405 423 1592 492 στενήν
1615 440 1718 478 τινα

202 486 288 524 vni
343 486 602 524 "annua-nim
672 494 757 524 ιιι-1
811 496 1094 524 :2.’...--_-._
1137 506 1158 524 η
1246 508 1271 519 ι·-
1345 512 1355 524 .
1434 513 1485 524 ..
1713 519 1718 524 .

1830 489 1833 504 ι
1867 428 1916 481 in
1953 433 2202 499 gentilem
2229 436 2448 492 deorum
2487 442 2880 504 multitudinem
2930 453 3226 514 inetdamus
3259 480 3272 515 :
3321 482 3417 524 nec

199 486 292 540 καὶ
343 486 622 560 φθονερὰν,
672 494 762 546 καὶ
807 496 1094 552 ἀδύνατον·
1131 506 1162 574 ἢ

193 667 286 721 τὸν
315 669 459 734 Υἱὺν,
487 675 564 736 είς
600 677 756 728 αὑτὸν
778 678 832 730 δὲ
863 681 1019 734 πάλιν
1043 687 1359 744 ἁναλύουσιν
1382 694 1603 763 ἣρεσενο
1627 697 1658 767 ἢ
1679 697 1756 768 τῷ

195 759 553 815 κακαὸάλλειν
582 764 678 828 τὰς
711 766 917 834 φύσεις,
962 774 1053 825 καὶ
1082 759 1693 856 ἀλλοτριοῦν-θεότητος,

190 853 303 915 τοῖς
330 852 424 906 νῦν
455 854 675 925 ἀρέσκει
707 863 908 928 σοφοῖς,
941 863 1125 938 ὥσπερ
1143 869 1435 927 δεδοικυῖαν
1463 875 1536 946 μὴ
1565 879 1750 943 ἀντεξ-

189 941 427 1010 άγωνται
473 946 604 1014 (78),
640 948 670 1020 ἢ
708 953 872 1020 μηδὲν
906 954 1205 1029 δυναμένην
1254 963 1390 1036 ὑπὲρ
1423 967 1490 1019 τά
1523 969 1751 1040 κτίσμα-

185 1049 274 1087 τα.
308 1036 459 1107 Μὴητε
483 1038 769 1111 ἀγέννητον
790 1045 880 1097 τὸν
903 1047 1046 1112 rem,
1076 1045 1154 1113 εἷς
1177 1053 1281 1122 γάρ
1304 1056 1331 1106 ὀ
1352 1058 1538 1130 Πατήρ
1567 1078 1580 1092 ο
1614 1036 1748 1133 μῆτε

185 1126 315 1179 Υίὸν
339 1128 399 1180 τὸ
424 1130 662 1201 Πνεῦμα,
696 1130 774 1198 εἷς
805 1137 911 1207 γὰρ
934 1140 963 1190 ὁ
988 1141 1295 1216 Μονογενής
1318 1163 1331 1176 ·
1361 1147 1446 1200 ἵνα
1480 1151 1569 1202 καὶ
1592 1152 1747 1207 τοῦτο

185 1217 364 1271 ϐεῖκὸν
397 1219 556 1290 ἔχωσι
601 1224 660 1276 τὸ
705 1229 1005 1295 μοναδικὸν,
1041 1234 1068 1285 ὁ
1111 1234 1208 1303 μὲν
1250 1236 1349 1305 τῆς
1388 1239 1647 1312 υίότητος,
1685 1244 1744 1296 τὸ

180 1309 235 1360 δὲ
263 1313 360 1380 τῆς
394 1314 638 1384 προόδου,
675 1318 765 1369 καὶ
799 1319 894 1389 οὐχ
943 1323 1203 1392 υίότητος.
1251 1327 1487 1397 ’Λληοῶς
1535 1336 1743 1405 πατέρα

177 1398 271 1450 τὸν
299 1401 536 1471 Πατέρα,
559 1405 648 1456 καὶ
679 1406 810 1458 πολύ
842 1425 905 1469 γε
934 1409 1038 1463 τῶν
1066 1415 1191 1483 παρ’
1212 1416 1340 1485 ἡμῖν
1364 1418 1738 1494 ἀληθέστερον,

176 1491 259 1541 ὅτι
293 1491 487 1560 μόνως,
526 1493 835 1566 ἰδιοτρόπως
862 1500 987 1570 γὰρ,
1021 1504 1112 1556 καὶ
1138 1507 1234 1576 οὐχ
1264 1508 1339 1568 ὡς
1371 1509 1436 1562 τὰ
1478 1512 1701 1583 σώματα
1722 1532 1736 1545 ·

174 1583 270 1636 καὶ
306 1583 483 1653 μόνος,
519 1587 578 1638 οὐ
616 1587 722 1659 γὰρ
759 1593 894 1660 μετὰ
926 1594 1183 1664 συζυγίας
1208 1616 1223 1632 ο
1258 1603 1349 1654 καὶ
1396 1604 1579 1673 μόνου,
1611 1611 1738 1662 Μο-

171 1679 420 1744 νογενοῦς
466 1680 606 1751 γάρ’
649 1683 740 1734 καὶ
792 1685 971 1752 μόνον,
1015 1689 1074 1740 οὐ
1114 1690 1220 1760 γὰρ
1261 1693 1385 1757 Υἱὸς
1439 1698 1729 1771 πρότερον·

1204 508 1280 577 τῷ
1333 512 1638 568 ἀναλίσκειν
1680 519 1759 580 εἰς

196 576 393 649 ἑαυτὴν
423 578 666 652 Θεότητα,
693 584 720 636 ὃ
752 589 861 650 τοῖς
891 592 1186 660 προάγουσι
1222 600 1318 668 μὲν
1340 604 1401 654 ἐκ
1429 604 1522 656 τοῦ
1551 607 1759 676 Πατρὸς

1866 535 2046 576 rursus
2072 539 2232 578 unum
2278 531 2512 598 quidem,
2569 537 2662 590 sed
2720 537 2994 597 Judaicum
3034 550 3327 621 quoddam,
3363 567 3419 611 et

1861 623 2158 681 angustum,
2219 627 2377 688 atque
2429 623 2662 680 invidum
2713 641 2767 683 et
2823 633 3180 706 imbecillum;
3225 660 3416 712 nempe

1857 703 1938 756 vel
1969 705 2221 761 deitatem
2252 711 2301 764 in
2336 715 2566 782 seipsam
2593 721 2941 791 absumendo,
2963 735 3410 798 quemadmodum

1858 794 1924 849 iis
1960 796 2179 865 placuit,
2214 804 2301 868 qui
2329 805 2522 861 Filium
2563 813 2775 880 quidem
2803 832 2868 870 ex
2898 794 3057 876 Paire
3089 828 3408 895 producunt,

1854 886 2098 940 eumdem
2140 900 2315 945 autem
2353 910 2565 950 rursum
2619 901 2669 954 in
2715 903 2925 961 Patrem
2981 913 3281 982 resolvunt;
3324 921 3407 974 vel

1855 985 2074 1033 naturas
2120 981 2440 1049 dejiciendo.
2490 999 2650 1060 atque
2704 1011 2733 1049 a
2788 999 3061 1058 divinitate
3103 1005 3405 1076 alienando,

1851 1073 1907 1117 ut
1962 1069 2290 1136 sapientibus
2328 1077 2482 1144 hujus
2516 1087 2772 1152 temporis
2813 1090 3040 1159 videtur,
3074 1099 3294 1164 perinde
3321 1114 3407 1156 at-

1849 1169 1952 1222 que
1989 1159 2097 1226 ipsa
2144 1163 2243 1218 hoc
2293 1178 2518 1233 metuat,
2552 1189 2617 1226 ne
2646 1177 2772 1245 ipsa;
2807 1183 3086 1239 adversum
3137 1205 3193 1243 se
3230 1192 3405 1246 insur-

1846 1260 1998 1316 gant,
2034 1265 2124 1305 aut
2160 1272 2317 1322 supra
2362 1276 2444 1314 res
2475 1267 2718 1321 conditas
2765 1273 2894 1325 nihil
2931 1279 3113 1344 possit.
3146 1282 3252 1338 Nec
3287 1303 3404 1340 rur-

1844 1355 1960 1393 sum
1994 1343 2283 1412 ingeuitum
2317 1349 2530 1417 Filium,
2564 1371 2700 1412 unus
2727 1364 2866 1416 enim
2893 1367 3051 1420 Pater
3081 1371 3347 1439 ingenitus
3383 1397 3398 1431 :

1843 1446 1940 1485 nec
1965 1431 2220 1501 Spiritum
2256 1452 2500 1496 sanctum
2531 1446 2745 1519 Filium,
2783 1470 2917 1510 unus
2963 1462 3104 1515 enim
3157 1475 3238 1518 est
3277 1469 3401 1522 Uni-

1841 1525 2079 1593 genitus;
2130 1540 2186 1582 ut
2220 1532 2318 1586 hoc
2346 1550 2558 1606 quoque
2585 1541 2822 1599 divinum
2881 1550 3136 1620 habeant,
3170 1558 3401 1629 singula-

1840 1615 2052 1670 ritatem
2085 1621 2360 1690 nimirum,
2404 1628 2489 1682 ille
2548 1632 2841 1703 ﬁliationis,
2873 1642 2960 1695 hic
3014 1652 3390 1714 proccssionis,

1844 1722 1946 1760 non
1985 1720 2160 1764 autem
2198 1714 2485 1773 ﬁliatiouis.
2510 1721 2723 1778 Patrem
2758 1744 2881 1784 vere
2902 1743 3207 1800 patrem,ac
3229 1744 3397 1795 multo

170 1768 264 1820 καὶ
292 1769 410 1822 ὅλον
435 1771 641 1842 Πατὴρ,
685 1773 775 1826 καὶ
804 1775 946 1838 ὅλου,
982 1777 1038 1830 τὸ
1072 1779 1178 1850 γὰρ
1209 1784 1473 1856 ἡμέτερον
1506 1788 1695 1859 ἄδηλον

170 1861 254 1884 .-μὶ
294 1861 385 1884 2.-⁸
422 1862 588 1884 2.--.5'1-
656 1865 699 1884 κ’
760 1867 814 1884 ,,\
912 1866 935 1883 η
1209 1874 1282 1884 ι..
1342 1875 1405 1884 Α..
1532 1880 1561 1884 --
1681 1883 1689 1884 κ

2512 1768 2530 1774 -
2554 1768 2723 1778 ..-.ν...
2767 1768 2880 1784 ,νιν
2902 1768 3127 1800 μαιιειιε,
3145 1768 3207 1792 συ
3231 1768 3394 1795 ιιιυιιυ

1837 1795 2048 1862 quidem
2083 1801 2262 1856 verius
2331 1821 2489 1874 quam
2523 1812 2611 1880 qui
2649 1818 2786 1883 apud
2813 1836 2910 1873 nos
2939 1823 2988 1875 id
3038 1840 3226 1880 nomen
3256 1830 3394 1884 obti-

166 1861 260 1912 καὶ
289 1861 385 1913 ἀπ’
416 1862 608 1933 ἀρχῆς,
649 1865 707 1917 οὐ
757 1867 863 1936 γὰρ
911 1866 1150 1940 ὕστερον.
1209 1874 1444 1946 Ἀληθῶς
1493 1880 1606 1932 υἱὸν
1647 1883 1735 1935 τὸν

163 1951 316 2016 Υἱὸν,
347 1953 427 2005 ὅτι
472 1953 647 2023 μόνος,
682 1957 774 2009 καὶ
810 1958 990 2028 μόνου,
1037 1963 1128 2014 καὶ
1165 1964 1360 2033 μόνως,
1406 1969 1499 2021 καὶ
1534 1969 1692 2039 μόνον
1714 1989 1728 2002 ο

160 2044 224 2095 οὗ
256 2045 364 2115 γὰρ
388 2045 479 2097 καὶ
507 2047 714 2117 Πατὴρ,
745 2048 838 2100 καὶ
878 2050 996 2103 ὅλον
1031 2052 1175 2117 Υἱὸς,
1218 2057 1310 2108 καὶ
1343 2057 1486 2119 ὅλου’.
1517 2062 1618 2122 καὶ,
1637 2064 1730 2116 ἀπ’

159 2132 359 2202 ἀρχῆς,
390 2131 582 2186 οὔποτε
612 2135 704 2188 τοῦ
752 2132 888 2191 εἶναι
928 2139 1054 2203 Υἱὸς
1093 2143 1394 2214 ἠργμένοςο
1435 2149 1495 2200 οὐ
1530 2151 1635 2221 γὰρ
1669 2154 1730 2206 ἐκ

162 2223 521 2293 μεταμελείας
558 2227 589 2296 ἡ
633 2225 838 2297 Οεότης,
873 2230 991 2283 οὐδὲ
1039 2233 1102 2285 ὲκ
1141 2238 1419 2309 προκοπῆς
1448 2242 1480 2309 ἡ
1514 2239 1724 2310 Θὲωσις,

156 2315 246 2365 ἵνα
282 2315 440 2386 λείπῃ
471 2317 619 2380 ποτὲ,
644 2317 718 2388 τῷ
751 2320 845 2390 μὲν
875 2321 933 2373 τὸ
968 2317 1105 2376 εἶναι
1130 2325 1238 2396 (79)
1266 2328 1462 2399 Πατρὶ,
1487 2331 1561 2401 τῷ
1581 2333 1639 2385 δὲ
1668 2335 1727 2387 τὸ

155 2401 298 2458 εἶναι
323 2407 456 2477 Υἱῷ.
488 2407 721 2479 ’Δληοῶς
755 2411 907 2479 ἅγιον
934 2413 993 2466 τὸ
1021 2414 1242 2486 Πνεῦμα
1268 2419 1328 2471 τὸ
1351 2419 1594 2489 ἅγιονοοὺ
1619 2424 1730 2502 γάρ’

153 2497 251 2549 καὶ
273 2497 397 2550 ἄλλο
414 2499 649 2552 τοιοῦτον
663 2501 926 2571 (80),οὐδὲ
948 2503 1132 2570 οὕτως,
1152 2508 1270 2562 οὐδὲ
1292 2511 1354 2564 ἐκ
1376 2513 1724 2585 προσθήκηςό

151 2588 444 2656 ἁγιασμὸς,
480 2591 593 2642 ἀλλ’
621 2579 1000 2665 αὑτοαγιότης·
1034 2598 1152 2651 οὐδὲ
1189 2602 1389 2669 μᾶλλον
1414 2579 1506 2657 καὶ
1538 2579 1720 2678 ἦττον,

148 2679 273 2730 οὐδὲ
304 2680 605 2751 ἀρξάμενον
631 2685 946 2757 χρονικῶςῆ
988 2689 1348 2761 παυσόμενον.
1393 2696 1584 2751 Κοινὸν
1613 2701 1721 2772 γὰρ

148 2770 326 2841 Πατρὶ
363 2772 462 2840 μὲν
493 2773 584 2825 καὶ
617 2773 727 2844 Υίῷ
770 2775 863 2827 καὶ
895 2778 1033 2848 ἁγίῳ
1077 2779 1372 2852 Πνεύματι,
1413 2787 1472 2838 τὸ
1519 2790 1591 2859 μὴ
1630 2770 1720 2858 7s-

144 2863 385 2929 γονὲναι,
421 2865 565 2936 καὶὴ
596 2865 818 2936 θεότης-
849 2867 961 2940 Υἱῷ
1007 2871 1062 2923 δὲ
1103 2873 1194 2925 καὶ
1239 2875 1378 2947 ἁγίῳ
1419 2881 1714 2952 Πνεύματι,

140 2955 204 3006 τὸ
233 2955 299 3007 ὲκ
327 2955 420 3008 τοῦ
450 2957 676 3028 Πατρός.
719 2959 876 3027 Ἴδιον
901 2960 956 3014 δὲ
992 2963 1204 3035 Πατρὸς
1245 2967 1362 3036 μὲν,
1394 2971 1426 3039 ἡ
1460 2972 1719 3046 ἀγγεννησ

142 3045 267 3096 ςέασ
296 3045 424 3099 Υἱοῦ
449 3048 524 3111 δὲ,
557 3051 589 3118 ἡ
635 3049 912 3118 γέννησις·
953 3054 1267 3125 Πνεύματος
1297 3060 1373 3125 δὲ,
1425 3063 1456 3129 ἡ
1511 3064 1716 3136 ἔκπεμ-

1838 1895 1985 1949 nent,
2032 1897 2140 1940 tum
2174 1893 2294 1959 quia
2353 1900 2569 1967 pr0prio
2618 1914 2671 1955 et
2727 1907 2980 1977 singulari
3034 1917 3188 1970 modo
3244 1930 3393 1987 pater

1834 1982 1933 2037 est,
1968 1994 2074 2033 non
2107 1992 2282 2036 autem
2315 1987 2452 2042 sicut
2479 2007 2738 2062 corpora;
2772 2007 2878 2051 tum
2911 2004 3033 2068 quia
3067 2008 3232 2076 solus,
3285 2016 3390 2066 uOn

1831 2067 1971 2121 enim
1997 2084 2062 2124 ex
2090 2072 2494 2147 conjunctione;
2535 2095 2642 2138 tum
2673 2091 2795 2156 quia
2827 2092 3010 2160 solius,
3045 2112 3231 2166 nempe
3262 2100 3387 2156 Uni-

1830 2159 2026 2226 geniti;
2071 2171 2178 2214 tum
2209 2167 2330 2231 quia
2373 2170 2566 2239 solum,
2601 2191 2698 2229 nec
2731 2181 2872 2233 enim
2926 2183 3037 2251 ipse
3073 2188 3390 2258 priusquam

1828 2259 1979 2313 pater
2006 2264 2170 2320 esset,
2208 2257 2373 2312 Filius
2412 2261 2540 2326 fuit;
2573 2274 2682 2318 tum
2711 2271 2832 2336 quia
2867 2271 2918 2325 in
2952 2283 3118 2350 totum
3147 2287 3201 2332 et
3227 2257 3388 2333 totius

1833 2340 2009 2406 Pater,
2047 2350 2186 2414 quod
2225 2350 2288 2403 de
2323 2352 2475 2408 nobis
2510 2367 2658 2412 certe
2711 2360 2962 2417 aliirmari
3005 2347 3216 2436 nequit;
3275 2380 3386 2424 tum

1825 2433 1944 2496 quia
1971 2435 2037 2487 ab
2073 2437 2249 2502 initio,
2279 2457 2377 2497 nec
2415 2447 2556 2500 enim
2608 2452 2873 2517 posterius
2913 2453 3073 2510 Pater
3125 2474 3241 2514 esse
3277 2476 3386 2516 cre-

1824 2523 1922 2590 pit.
1950 2523 2146 2582 Filium
2180 2547 2302 2587 vere
2330 2534 2516 2603 lilium,
2555 2543 2694 2606 quod
2723 2553 2777 2597 et
2825 2547 2967 2601 solus
2993 2549 3082 2614 sit,
3114 2561 3168 2604 et
3199 2554 3381 2614 solius,

1823 2628 1885 2667 ac
1922 2616 2178 2688 singulari
2212 2625 2388 2690 modo,
2418 2636 2471 2680 et
2496 2630 2700 2696 solum;
2753 2650 2857 2688 non
2889 2638 3030 2691 enim
3059 2640 3218 2697 Pater
3249 2659 3383 2713 quo-

1822 2720 1924 2775 que
1951 2711 2108 2766 simul
2164 2725 2264 2779 est,
2299 2729 2352 2772 et
2407 2720 2458 2775 in
2504 2731 2670 2779 totum
2726 2729 2912 2794 Filius,
2955 2742 3010 2786 et
3048 2734 3229 2801 totius,
3270 2747 3325 2791 et
3357 2757 3384 2790 a
3456 2738 3460 2740 ’

1820 2800 2100 2869 principio,
2136 2807 2272 2861 hanc
2318 2812 2524 2869 scilicet
2581 2819 2841 2874 rationem
2879 2824 3103 2890 habens,
3145 2839 3205 2883 ut
3244 2845 3380 2884 nun-

1820 2904 1976 2957 quam
2010 2893 2175 2950 Filius
2200 2914 2317 2954 esse
2343 2907 2592 2972 cmperit;
2624 2925 2724 2964 non
2760 2915 2901 2967 enim
2935 2931 3004 2969 ex
3035 2920 3241 2974 consilii
3269 2937 3386 2975 mu-

1823 2984 2020 3038 tatione
2048 2997 2129 3041 est
2171 2990 2362 3055 deitas,
2410 3012 2583 3066 neque
2610 3016 2671 3053 ex
2708 3019 2988 3073 progressu
3013 3008 3298 3075 deiﬁcatio,
3325 3025 3384 3067 ut

1819 3073 1908 3127 ille
1945 3076 2231 3146 aliquando
2258 3082 2437 3152 Pater,
2467 3089 2554 3144 hic
2599 3092 2890 3162 aliquando
2917 3097 3082 3154 Filius
3125 3115 3244 3157 esse
3284 3073 3380 3159 ide-

134 3135 232 3204 ιξις
265 3136 397 3208 (81).
435 3140 496 3191 Et
523 3139 578 3192 δὲ
606 3140 694 3192 τὸν
731 3141 926 3212 τρόπον
960 3144 1253 3216 ἐπιζητεῖς,
1291 3151 1342 3203 τί
1367 3154 1710 3226 καταλείψεις

134 3232 254 3261 -ρτ-
289 3230 467 3261 “Am...
496 3232 780 3261 .,....’.-.......
824 3238 974 3261 αλπηπ
994 3257 1018 3261 --
1099 3245 1183 3261 ---Α
1234 3259 1264 3261 μ.
1340 3243 1351 3260 ν
1505 3245 1527 3261 Α
1628 3250 1640 3261 .
1697 3250 1711 3261 .

2033 3135 2049 3146 ι
2305 3135 2437 3152 η---,
2468 3135 2553 3144 --.ν
2599 3135 2890 3162 ...ηιμ-...νιν
2917 3135 2936 3150 ι
2963 3135 3082 3154 mue
3125 3135 3244 3157 cum:
3289 3135 3373 3159 ur:-

1830 3166 1974 3218 ;inat.
1996 3168 2255 3236 Spiritum
2285 3187 2527 3232 sanctum
2557 3196 2680 3236 vere
2707 3199 2950 3240 sanctum
2982 3203 2997 3242 :
3030 3206 3202 3261 neque
3233 3197 3373 3249 enim

133 3232 254 3292 τοῖς
288 3230 467 3299 μόνοις
496 3232 780 3300 γινώσκειν
819 3238 1042 3307 ἄλληλα,
1098 3245 1190 3293 καὶ
1232 3243 1589 3310 γινώσκεσθαι
1620 3250 1711 3302 ὑπ’

130 3319 384 3389 ἀλλήλων
417 3326 844 3395 μαρτυρομένοις
876 3330 1008 3397 (82),
1043 3331 1074 3397 ἣ
1117 3332 1207 3384 καὶ
1233 3332 1388 3403 ἡμῶν
1415 3339 1526 3400 τοῖς
1570 3341 1710 3393 ἐκεῖ-

130 3411 228 3464 Οεν
261 3412 788 3486 ἐλλαμφθησομένοις
819 3420 1075 3492 ὖστερον;

1811 3255 1946 3312 alius
1998 3259 2122 3315 talis
2157 3274 2260 3332 est,
2295 3283 2394 3323 nec
2422 3271 2610 3325 eodem
2650 3279 2831 3338 modo,
2862 3293 3037 3348 neque
3087 3297 3150 3336 ex
3191 3298 3379 3340 acces-

1810 3349 1963 3405 sione
1991 3357 2336 3412 sanctitatem
2375 3362 2552 3429 habet,
2582 3368 2674 3421 sed
2703 3379 2787 3423 est
2818 3371 3046 3439 ipsumet
3090 3377 3372 3440 sanctitas,

1811 3454 1908 3494 nec
1942 3446 2108 3513 magis
2135 3457 2187 3501 et
2223 3451 2416 3516 minus,
2453 3471 2570 3521 nec,
2601 3461 2775 3526 quoad
2827 3473 3053 3530 tempus,
3104 3468 3371 3536 originem

2033 3509 2054 3513 _
2405 3509 2414 3516 .
2557 3509 2570 3521 ,
2828 3509 3053 3530 --η-ταν,
3106 3509 3371 3536 ν..,,...υ...

127 3521 381 3574 unquam
413 3509 614 3573 habuit.
654 3527 750 3565 nec
780 3513 934 3568 finem
989 3517 1265 3571 habiturus
1288 3531 1389 3595 est.
1420 3523 1529 3579 Hoc
1559 3528 1700 3582 enim
1744 3530 1886 3588 Patri
1914 3545 1967 3589 et
1996 3538 2131 3594 Filio
2157 3553 2211 3596 ct
2245 3543 2464 3614 Spiritui
2519 3563 2704 3607 sancto
2749 3569 3034 3613 commune
3082 3569 3185 3625 est,
3233 3567 3373 3632 quo-l

127 3596 365 3632 Ininirnn
397 3600 559 3632 [δι-οτιιῖ
613 3613 730 3632 ρει-ιιι
815 3614 972 3632 ..ιι-..η
1022 3599 1129 3632 2..--
1187 3612 1421 3632 ,κυεηιμκ
1507 3615 1545 3632 n
1729 3631 1733 3632 ,
1895 3627 1991 3632 __-_

126 3596 365 3649 minime
397 3600 559 3653 creati
612 3613 753 3667 sunt,
814 3614 972 3673 atque
1022 3599 1133 3675 ipsa
1183 3612 1449 3667 divinitas.
1507 3615 1616 3672 lloc
1651 3631 1826 3676 autem
1893 3627 2028 3683 Filio
2095 3643 2146 3686 et

123 3705 194 3742 ex
278 3687 438 3745 Patre
501 3703 599 3747 est.
638 3698 704 3749 At
738 3713 863 3752 vero
902 3700 1078 3754 Patris
1135 3708 1436 3772 proprietas
1484 3710 1595 3764 lucc
1646 3725 1749 3778 est,

123 3781 334 3845 sancti,
391 3785 532 3852 quod
590 3789 860 3855 procedat.
916 3792 1064 3857 Quod
1106 3797 1149 3846 si
1201 3799 1414 3852 modum
1471 3806 1685 3870 rimeris,

1791 3723 1931 3786 quod
1983 3723 2247 3792 ingenitus
2281 3732 2350 3783 sit
2386 3750 2399 3784 :
2436 3732 2597 3798 Filii,
2637 3738 2777 3804 quod
2829 3741 3038 3806 genitus
3073 3759 3086 3794 :

1729 3811 1858 3878 quid
1888 3814 1952 3868 iis
1997 3817 2282 3875 relicturus
2335 3839 2429 3886 es,

2203 3636 2423 3702 Spiritui
2458 3653 2664 3706 sancto,
2720 3647 2855 3714 quod
2910 3659 3134 3717 uterque
3189 3667 3371 3707 eorum

3138 3740 3370 3811 Spiritus

2491 3841 2623 3893 quos
2673 3829 2814 3883 solos
2860 3843 3046 3885 mutuo
3107 3849 3166 3888 se
3204 3835 3370 3906 468

2417 3879 2428 3886 ⁷
2509 3879 2520 3893 ¹
2679 3879 2810 3883 V—H'v
2860 3879 3042 3885 '“wru'
3107 3879 3166 3888 vv
3204 3879 3367 3906 ..νο

122 3879 546 3944 mgnoscereut
578 3892 737 3950 “‘q'm
773 3899 801 3938 ³
831 3901 1092 3944 semul”
1123 3895 1373 3960 εοεηοςοῑ
1407 3895 1684 3967 scripIura
1729 3914 1954 3962 ιθεῑτλιυι·
1980 3912 2047 3975 ⁸⁹,
2109 3924 2199 3968 aut
2236 3917 2301 3971 iis
2369 3919 2536 3974 etiam
2571 3931 2833 3990 nostrum,
2868 3927 2956 3995 qui
2987 3937 3172 3996 postea
3229 3932 3367 3982 divi-

125 3973 285 3996 ..ξ---.-
320 3973 626 3996 211....-Ξμ.-ι-η
676 3987 687 3996 .
777 3981 800 3996 n

125 3973 287 4026 nitus
320 3973 800 4036 illuminalmntur?

200 4066 306 4117 lZ'.
349 4065 510 4119 Γενοῦ
563 4085 615 4121 τι
666 4072 772 4124 τῶν
825 4075 1124 4146 εἰρημένων
1178 4081 1286 4152 (85)
1333 4085 1610 4157 πρότερον,
1664 4089 1694 4160 ἢ

115 4156 398 4222 τοιοῦτος,
443 4159 534 4212 καὶ
573 4161 691 4213 τότε
742 4164 925 4238 γνώσῃ
968 4169 1239 4232 τοσοῦτον,
1287 4174 1408 4226 ὅσον
1456 4179 1564 4248 (84)
1604 4181 1694 4233 ὑπ’

114 4249 374 4319 ἀλλήλων
405 4253 762 4319 γινώσκεσθαι
796 4257 928 4326 (85).
967 4259 1080 4312 Νῦν
1112 4262 1167 4314 δὲ
1199 4264 1412 4318 δίδασκε
1448 4270 1695 4326 τοσοῦτον

112 4342 328 4395 εἰδέναι
365 4342 542 4411 μόνον,
581 4345 779 4414 μονάδα
817 4348 872 4399 ἐν
906 4349 1112 4420 Τριάδι,
1148 4355 1240 4406 καὶ
1267 4356 1469 4425 Τριάδα
1504 4363 1562 4413 ἐν
1597 4381 1692 4432 μο-

112 4433 242 4487 aia;
288 4435 780 4506 προσκυνουμένην,
836 4442 1134 4510 παράδοξον
1185 4445 1412 4514 ἔχουσαν
1460 4452 1554 4504 καὶ
1595 4454 1692 4524 τὴν

107 4526 391 4598 διαίρεσιν
431 4530 523 4582 καὶ
571 4531 667 4603 τὴν
715 4533 924 4591 ἕνωσιν.
978 4539 1067 4608 Μὴ
1109 4541 1349 4612 φοϐηθῇς
1399 4544 1464 4597 τά
1513 4547 1688 4618 πάθη,

107 4618 376 4686 γέννησιν
400 4622 692 4691 ὁμολογῶν.
739 4626 968 4691 ’Λπαοὲς
988 4630 1093 4700 γὰρ
1115 4631 1174 4683 τὸ
1193 4633 1364 4696 Θεῐον,
1392 4637 1484 4688 καὶ
1518 4640 1565 4691 εἰ
1599 4656 1691 4707 γε-

105 4713 410 4782 γέννηκεν.
446 4715 584 4784 Ἐγώ
611 4718 892 4771 σοιτούτου
916 4722 1206 4794 ἐγγυητὴς,
1234 4727 1313 4780 ὅτι
1340 4728 1551 4794 θεϊκῶς,
1579 4731 1692 4786 ἀλλ’

102 4806 219 4859 οὐκ
255 4791 631 4876 ἀνθρωπικῶς.
665 4809 800 4863 Οὐδὲ
824 4812 930 4883 γὰρ
968 4813 1026 4866 τὺ
1067 4813 1203 4869 εἶναι
1244 4820 1390 4890 αὐτῴ
1422 4821 1694 4893 ἀνθρώπι-

101 4914 228 4949 νον.
277 4896 544 4969 Φοϐήθητι
592 4900 647 4952 δὲ
697 4902 807 4974 (86)
852 4905 1039 4977 χρόνον
1091 4909 1182 4960 καὶ
1222 4910 1414 4964 κτίσιν.
1465 4914 1538 4965 Οὐ
1584 4914 1690 4986 γὰρ

180 5059 236 5090 ⁸⁸
259 5057 414 5113 Joau.
448 5077 579 5126 xvn,
617 5062 706 5118 23.
778 5066 824 5097 ³³
854 5069 873 5120 l
907 5067 1031 5122 Cor.
1085 5085 1202 5133 xm,
1247 5071 1332 5124 12.

185 5212 308 5285 (78)
357 5214 821 5312 Ἄντεξάγωντατε.
855 5217 1034 5274 Schol.
1065 5240 1076 5275 :
1108 5222 1601 5312 Mhmocaota'cwotv
1632 5233 1687 5285 αἱ

185 5283 449 5312 ,λρριιρρη
483 5286 607 5312 νε-π
645 5291 732 5312 --.Α
816 5289 1042 5312 _.-.'.._..__
1067 5309 1110 5312 μ,
1260 5311 1270 5312 κ
1315 5295 1434 5312 κν...
1519 5309 1527 5312 _
1574 5301 1605 5312 ,τ
1653 5303 1662 5312 .

95 5283 449 5346 ὑποστάσεις
483 5283 609 5340 Υἱοῦ
645 5291 738 5342 καὶ
767 5289 1111 5371 Πνεύματοςο
1156 5283 1279 5349 (Νθ
1314 5295 1436 5351 Filii
1482 5309 1535 5356 et.
1573 5283 1688 5371 Spi4

95 5357 259 5409 ritus
289 5367 530 5429 personae
558 5369 743 5411 contra
771 5375 830 5412 se
858 5357 1153 5429 iiisurgant.
1187 5382 1205 5415 ι

183 5423 309 5500 (79)
356 5423 446 5500 Τὸ-
469 5427 640 5500 εἶναι,
673 5429 762 5482 Sic
795 5430 957 5500 liegg.
985 5423 1093 5499 bin,
1127 5436 1220 5500 hu,
1260 5433 1423 5491 Coisl.
1451 5438 1470 5491 I
1505 5448 1559 5494 et
1593 5438 1686 5495 Or.

95 5497 158 5549 1.
198 5496 362 5546 Deest
389 5495 449 5546 τό
482 5497 531 5548 in
561 5499 690 5550 edit.

179 5563 304 5630 (80)
352 5566 642 5620 Τοιοῦτον.
680 5568 841 5622 Coisl.
871 5570 923 5630 1,
960 5573 1186 5628 τοιοῦτο.

181 5566 283 5629 (80
352 5566 642 5620 Τοιοῦτον.
680 5568 841 5622 Coisl.
871 5570 923 5630 1,
960 5573 1186 5628 τοιοῦτο.

181 5566 304 5707 (Si;
345 5635 689 5705 Ἐκπαιξμ-ξρἰ.
732 5657 750 5688 ί
777 5639 1022 5698 Emissio.
1046 5665 1065 5697 ι
1111 5645 1208 5700 llic
1243 5645 1379 5702 idem
1411 5660 1568 5705 sonat
1616 5665 1680 5707 ac

91 5704 463 5772 ἐκπόρευσις,
506 5727 523 5758 ‹
553 5704 838 5776 processio.
860 5729 878 5760 ι

1876 4079 2032 4147 XVII.
2079 4095 2185 4152 Fac
2213 4098 2289 4152 sis
2336 4102 2486 4167 prius
2524 4102 2776 4168 quiddam
2820 4119 3028 4173 eorum,
3063 4123 3181 4176 quae
3223 4125 3372 4165 com-

1805 4189 2239 4252 memoravimus,
2284 4199 2376 4242 aut
2401 4202 2546 4246 certe
2579 4193 2697 4247 talis
2731 4213 2744 4248 :
2791 4210 2852 4249 ac
2888 4205 2996 4250 tum
3028 4207 3233 4254 tantum
3273 4217 3366 4257 co-

1801 4291 2049 4345 gnosces,
2100 4291 2356 4348 quantum
2391 4283 2505 4338 haec
2534 4297 2720 4340 mutuo
2747 4301 2776 4338 a
2809 4289 2998 4356 seipsis
3029 4305 3367 4360 cognoscun-

1800 4376 1904 4422 tur.
1968 4368 2116 4428 Nunc
2162 4386 2288 4424 vero
2333 4373 2486 4440 doce,
2538 4385 2596 4427 ut
2647 4376 2749 4430 hoc
2797 4379 3058 4432 duntaxat
3107 4382 3359 4444 sciamus,

1800 4473 1990 4527 nempe
2025 4460 2342 4517 Trinitatem
2376 4465 2429 4518 in
2464 4466 2672 4521 unitate
2709 4477 2763 4522 et
2792 4471 3050 4525 unitatem
3098 4473 3148 4526 in
3184 4473 3362 4528 Trini-

1805 4559 1914 4604 tate
1973 4554 2335 4621 adorandam,
2407 4559 2561 4628 cujus
2614 4570 2667 4614 et
2719 4555 2910 4617 divisio
2961 4574 3014 4618 et
3059 4565 3362 4634 coniunctio

1799 4642 1957 4711 plane
1983 4647 2316 4701 admirabilis
2350 4651 2438 4702 sit.
2494 4648 2571 4705 Ne
2626 4653 2906 4720 passiones
2954 4657 3357 4724 metuas,.du_m

1800 4714 2197 4803 generationem
2225 4741 2520 4796 conﬁteris.
2560 4742 2697 4796 Deus
2729 4744 2870 4797 enim
2929 4746 2996 4799 ab
3037 4747 3187 4801 omni
3236 4763 3359 4816 pas-

1799 4826 1951 4880 sione
1985 4828 2120 4882 liber
2166 4839 2268 4896 est,
2300 4833 2511 4885 etiamsi
2551 4833 2752 4900 genuit.
2791 4834 2903 4888 Hoc
2946 4835 3041 4889 tibi
3095 4839 3356 4904 spondeo,

1800 4931 1920 4971 eum
1953 4919 2147 4985 divino,
2187 4938 2289 4976 non
2341 4933 2520 4977 autem
2573 4926 2806 4980 humano
2854 4929 3009 4993 modo
3057 4929 3356 4997 genuisse:

2007 5232 2502 5308 @qprvpoyérotc.
2542 5233 2670 5308 Reg.
2705 5233 2816 5296 bm,
2867 5237 3347 5308 μαρτυρουμένοις.

2013 5301 2385 5385 ἕξρημέιιςωγε
2410 5304 2550 5385 Reg.
2578 5301 2685 5366 biit,
2716 5301 3142 5385 προειρημένων.

1862 5369 1972 5443 (ὃᾷ)
2014 5372 2212 5443 Ὅσον.
2251 5376 2343 5425 Sio
2375 5369 2705 5443 tres—lteggq
2735 5369 2898 5428 Coisl'.
2925 5369 2981 5440 3',
3017 5376 3159 5437 Pan,
3190 5376 3350 5430 Com-

1788 5439 1894 5494 bef.
1927 5439 1980 5491 In
2015 5442 2166 5497 edit"
2195 5443 2350 5497 ὅσων.

1863 5508 1972 5535 Ιοὲὶ
2023 5511 2418 5535 rt.--.'._.---_.n...
2481 5514 2610 5535 υἷ’..-λ
2655 5513 2801 5535 η--μ
2890 5513 2979 5535 ἢ--
3079 5514 3228 5535 ΙΊΑμηι

1862 5508 1974 5585 (85)
2012 5511 2439 5585 Γινώσκεσθαι.
2481 5514 2610 5585 Tres
2655 5513 2844 5585 ηοω,
2890 5513 3038 5582 Par.,
3078 5514 3344 5580 Combef.,

1787 5577 2136 5649 γινώσκεται.
2177 5583 2346 5644 Pass.,
2379 5577 2755 5649 γινώσκονταιῖ

1855 5648 1969 5771 (86)
2007 5650 2295 5719 Φοϐήθητι
2469 5655 2557 5708 Sic
2595 5658 2696 5710 duo
2747 5656 2939 5726 Regg.,
2976 5653 3150 5722 Pass,
3193 5659 3346 5714 Com-

1787 5721 1850 5774 be
1879 5759 1892 5772 .
1925 5719 2080 5775 Deest
2113 5721 2169 5774 δέ
2202 5724 2250 5776 in
2282 5725 2409 5776 edit.

1824 5732 1892 5774 Cl.
1925 5732 2080 5775 υθθει
2113 5732 2169 5774 σε
2202 5739 2250 5776 ιιι
2282 5732 2409 5779 Cdil.
