3932 6518
555 373 694 434 1223

1755 381 1814 440 S.
1853 383 2182 442 GREGORII
2223 384 2568 442 TIIEOLOGI

3653 410 3779 468 1221

552 510 652 550 nec
683 495 898 560 mirum,
929 509 1052 550 cum
1091 494 1253 553 etiam
1303 497 1473 568 ipsius
1504 512 1627 554 esse
1668 500 1892 554 minime
1937 501 2103 554 buma

2225 502 2376 568 Θεὸς,
2405 503 2453 556 εί
2497 505 2706 574 γέγονε,
2743 508 2816 579 μὴ
2851 507 2970 582 Θεῷ
3005 515 3314 587 συνηγορῶν
3358 516 3625 592 διακενῆς,
3661 523 3785 578 Θεὸν

550 601 681 640 num
718 589 808 641 sit.
852 585 1052 641 Verum
1103 587 1232 643 illud
1280 589 1493 644 demum
1551 599 1751 656 metue,
1792 605 1860 645 ne
1916 599 2125 660 tempus

548 675 629 730 illi
661 677 889 744 tribuas,
937 693 1168 747 eumque
1197 689 1438 734 creatum
1471 682 1794 736 contendas.
1827 680 1944 735 Non
1977 683 2122 736 enim

549 790 789 860 profecto
826 791 967 846 Deus
1002 790 1127 857 erit,
1155 793 1197 846 si
1233 803 1444 848 creatus
1479 795 1659 861 fuerit,
1694 809 1757 849 ac
1785 811 1850 850 ne
1898 795 1991 850 Dei
2022 811 2121 865 pa-

552 882 841 935 trocininm
895 883 1163 938 incassum
1198 885 1516 954 suscipiens,
1572 886 1739 940 Deum
1782 886 1953 952 tollas,
1994 901 2121 941 con-

549 986 764 1026 servum
797 980 945 1027 tuum
981 989 1102 1028 eum
1139 975 1364 1044 faciens,
1401 978 1492 1046 qui
1540 978 1697 1032 simul
1734 977 1878 1034 Deus
1923 988 2026 1043 est,
2068 986 2122 1031 et

548 1064 638 1132 qui
673 1073 722 1117 te
759 1079 972 1134 quoque
1012 1081 1076 1120 ex
1115 1068 1373 1122 servitute
1416 1070 1470 1124 in
1515 1070 1820 1125 libertatem
1867 1070 2120 1137 vindicat,

547 1153 592 1207 si
629 1152 786 1207 modo
829 1169 958 1209 vere
982 1165 1036 1209 et
1067 1155 1276 1211 sincere
1300 1157 1596 1214 dominium
1627 1160 1955 1214 conﬁtearis.
1989 1158 2124 1212 Pro-

547 1244 844 1299 cessionem
912 1262 978 1301 ne
1033 1248 1219 1302 timeas
1266 1265 1279 1302 :

2227 595 2440 668 ἀνέλῃς,
2466 598 2748 668 ὁμόδουλον
2787 602 2956 657 ποιῶν
2994 604 3055 658 τὸ
3097 608 3340 677 όμόθεον,
3384 609 3413 663 6
3453 613 3548 666 καὶ
3597 615 3657 667 σὲ
3698 619 3785 687 τῆς

2226 687 2467 753 δουλείας
2495 691 2785 764 ἐλευθεροῖ,
2815 695 2881 748 ἂν
2914 698 3148 768 γνησίως
3181 699 3291 770 (87)
3311 704 3574 777 ὁμολογῇς
3600 709 3787 763 δεσπο-

2224 777 2392 832 τείαν.
2419 781 2509 854 Μὴ
2529 782 2771 854 φοϐηθῇς
2793 785 2891 855 τὴν
2919 789 3172 857 πρόοδονο
3190 791 3250 843 οὐ
3279 793 3386 866 γὰρ
3411 795 3657 868 ἀνάγκην
3679 801 3784 868 (88)

2225 870 2335 942 ἔχει
2364 872 2516 938 Θεὸς,
2559 874 2592 946 ἢ
2631 874 2704 946 μὴ
2736 876 3078 946 προϐάλλειν,
3115 883 3148 952 ἢ
3197 884 3518 954 προϐάλλειν
3564 891 3785 959 ὁμοίως,

2225 972 2255 1023 6
2291 970 2466 1024 πάντα
2521 969 2798 1034 πλούσιοςο
2853 972 3116 1045 φοϐήθητι
3168 975 3224 1028 δὲ
3268 977 3365 1049 τὴν
3417 980 3786 1052 ἀλλοτρίωσιν,

2225 1060 2320 1113 καὶ
2351 1061 2447 1131 τὴν
2471 1061 2727 1132 κειμένην
2756 1061 3001 1133 ἀπειλὴν,
3035 1064 3094 1117 οὑ
3125 1067 3235 1129 τοῖς
3268 1066 3630 1138 θεολογοῦσιν,
3660 1072 3789 1128 ἀλλὰ

2225 1157 2337 1218 τοῖς
2367 1149 2740 1224 βλασφημοῦσι
2771 1155 2830 1207 τὸ
2863 1155 3085 1226 Πνεῦμα
3115 1156 3173 1210 τὸ
3206 1158 3379 1227 ἆγιον.

1327 1265 1426 1305 nec
1468 1253 1609 1306 enim
1673 1253 1778 1307 Deo
1815 1268 2036 1309 necesse
2085 1260 2169 1306 est
2205 1264 2311 1304 non
2359 1250 2676 1317 producere,
2699 1258 2790 1301 aut
2814 1247 2975 1302 simili
3004 1250 3212 1306 ratione
3258 1255 3575 1322 producere,
3611 1267 3791 1328 utpote

547 1337 639 1406 qui
701 1338 752 1391 in
793 1345 1041 1393 omnibus
1082 1340 1233 1395 dives
1298 1351 1420 1406 est;
1500 1356 1684 1397 verum
1752 1344 2132 1400 alienationem
2189 1349 2387 1402 metue,
2443 1354 2507 1394 ac
2558 1339 3028 1395 comminationem
3082 1359 3199 1396 eam
3262 1360 3380 1414 qua:
3429 1362 3523 1402 eos
3591 1361 3788 1419 manet,

546 1446 650 1485 non
687 1431 779 1502 qui
821 1431 1075 1500 Spiritum
1125 1441 1372 1487 sanctum
1420 1435 1586 1488 Deum
1615 1450 1739 1490 esse
1769 1436 2108 1505 proﬁtentur,
2148 1433 2243 1490 sed
2271 1432 2360 1502 qui
2384 1446 2505 1486 eum
2535 1433 2872 1488 contumeliis
2899 1433 3154 1489 alliciunt.

618 1521 800 1575 XVIII.
833 1522 994 1583 Cave,
1030 1539 1094 1576 ne
1127 1524 1282 1577 unius
1315 1523 1598 1593 imperium
1645 1526 1787 1579 male
1823 1525 1994 1591 colas,
2038 1525 2119 1580 di-

545 1609 823 1662 vinitatem
855 1609 1181 1665 contrahens
1249 1619 1341 1664 aut
1393 1613 1818 1680 circumcidens;
1861 1631 1962 1670 nec
2015 1616 2115 1670 tri-

548 1700 711 1754 theiae
749 1715 955 1755 crimen
991 1702 1084 1755 tibi
1117 1711 1370 1768 pudorem
1409 1714 1641 1770 moveat,
1685 1708 1922 1775 qnandin
1976 1707 2112 1764 alius

549 1807 765 1861 quoque
797 1793 984 1847 eadem
1042 1796 1251 1850 ratione
1317 1797 1368 1849 in
1435 1776 1651 1852 ditbeiag
1707 1800 1946 1868 periculo
1997 1818 2103 1857 ver-

2219 1801 2316 1870 τὴν
2339 1776 2560 1853 διθεῖαν.
2593 1776 2664 1852 Ἦ
2693 1776 2800 1871 γάρ
2824 1799 3146 1865 συνέλυσας,
3174 1804 3207 1874 ἢ
3247 1776 3636 1878 συνηιπόρησας
3655 1850 3670 1870 ,
3703 1811 3735 1881 ἢ

547 1894 716 1938 satur.
775 1884 881 1939 Aut
930 1886 1071 1940 enim
1101 1903 1220 1940 cum
1259 1887 1350 1942 illo
1378 1889 1585 1944 crimen
1617 1891 1885 1958 objectum
1912 1894 2115 1948 dilues:

545 1984 635 2026 aut
667 1989 787 2028 cum
812 1975 902 2029 illo
924 1976 1153 2031 Itmrcliis
1178 1996 1189 2031 :
1219 1989 1310 2031 aut
1345 1979 1432 2032 ille
1452 1981 1664 2046 quidem
1701 1983 1857 2036 simul
1881 2000 1999 2038 cum
2035 2003 2120 2040 ra-

547 2064 780 2120 tionibus
829 2067 940 2122 suis
979 2069 1277 2125 divinitatis
1355 2073 1696 2141 naufragium
1771 2075 1957 2142 faciet,
2023 2079 2118 2134 tibi

543 2169 672 2211 vero
723 2157 1007 2213 incolumis
1090 2163 1344 2217 divinitas
1417 2167 1770 2233 permanebit.
1826 2169 1905 2224 Ac
1937 2171 1978 2224 si
2033 2186 2119 2224 ra-

544 2247 620 2300 tio
651 2247 759 2317 ipsa
793 2250 1161 2305 imbecillitate
1210 2252 1490 2321 laborarit,
1538 2258 1708 2311 satius
1737 2267 1820 2312 est
1851 2259 1904 2312 in
1953 2260 2118 2315 ratio-

543 2339 702 2393 nibus
755 2339 1024 2402 Iaborare.
1065 2343 1190 2396 dum
1250 2343 1509 2414 Spiritum
1565 2347 1754 2402 ducem
1807 2363 2113 2422 sequamur,

543 2445 702 2498 quam
735 2431 915 2501 impiis
943 2435 1288 2503 dogmatibus
1321 2437 1479 2492 facile
1517 2441 1791 2507 assentiri,
1825 2443 1950 2497 dum
2006 2446 2114 2499 otio

543 2529 728 2573 nostro
761 2531 812 2575 et
841 2523 1057 2576 desidia:
1099 2525 1452 2581 consulimus.
1498 2528 1786 2584 Instantius
1825 2541 1878 2584 ct
1903 2533 2115 2601 opposi-

545 2612 738 2677 tiones,
771 2629 1072 2684 novamque
1097 2617 1371 2684 pietatem,
1402 2629 1454 2672 et
1475 2618 1710 2685 jejunam
1753 2637 1818 2674 ac
1853 2622 2110 2678 minutam

547 2703 868 2770 sapientiam
902 2715 1205 2771 contemne,
1237 2718 1289 2760 et
1324 2709 1535 2777 quidem
1571 2711 1761 2779 magis,
1794 2727 1952 2780 quam
1985 2730 2111 2767 ara-

542 2806 768 2846 nearum
808 2795 963 2854 telas.
998 2811 1115 2863 qua:
1158 2813 1371 2853 muscas
1423 2801 1638 2869 quidem
1683 2803 1933 2869 retinent,
1966 2820 1995 2858 a
2023 2821 2112 2860 ve-

541 2883 654 2950 spis
683 2891 860 2937 autem
904 2899 1346 2957 perrumpuntur,
1377 2905 1442 2944 ne
1481 2891 1652 2944 dicam
1701 2907 1731 2944 a
1777 2894 1977 2963 digitis,
2022 2905 2110 2951 aut

537 2971 702 3044 469
747 2974 854 3027 alio
894 2977 1145 3045 quapiam
1209 2980 1441 3045 graviori
1484 2998 1733 3052 corpore.
1788 2985 1897 3041 Hoc
1943 3004 2104 3042 unum

2294 1523 2401 1577 IH'.
2427 1523 2578 1592 Μήτε
2603 1520 2700 1592 τὴν
2725 1523 3015 1594 μοναρχίαν
3038 1525 3220 1588 κακῶς
3242 1529 3495 1600 τιμήσῃς,
3523 1532 3791 1602 συναιρῶν

2220 1613 2253 1684 ἢ
2287 1613 2631 1686 περικόπτων
2669 1613 2926 1686 θεότητα’
2986 1618 3121 1688 μήτε
3154 1617 3215 1670 τὸ
3251 1619 3345 1690 τῆς
3387 1622 3637 1692 τριθεῖας
3683 1625 3788 1695 (89)

2216 1706 2464 1778 ἔγκλημα
2497 1707 2808 1779 αἰσχυνθῇς,
2844 1708 2949 1771 ἓως
2975 1707 3039 1761 ἂν
3063 1711 3154 1762 καὶ
3181 1711 3337 1775 ἄλλος
3366 1712 3476 1782 (90)
3506 1716 3790 1791 κινδυνεύῃ

2224 1889 2322 1961 μὲν
2358 1891 2660 1961 ὲναυάγησε
2707 1891 2846 1962 μετὰ
2896 1891 3003 1945 τῶν
3056 1893 3330 1966 λογισμῶν
3383 1900 3477 1951 καὶ
3536 1900 3786 1973 θεότητα,

2222 1982 2303 2034 σοὶ
2331 1981 2386 2034 δὲ
2418 1982 2714 2054 παρέμεινε
2747 1983 2954 2055 θεότης.
2993 1986 3104 2038 Καὶ
3145 1989 3192 2040 εἰ
3235 1990 3263 2040 6
3302 1989 3456 2058 λόγος
3492 1993 3786 2066 ἠσθένησε,

2220 2079 2471 2160 κρεῖσσον
2518 2079 2714 2146 καμεῖν
2760 2075 2868 2148 (9|)
2919 2078 2976 2131 ὲν
3021 2082 3133 2143 τοῖς
3179 2080 3454 2154 λογισμοῖς
3504 2087 3650 2156 μετᾶ
3697 2090 3790 2160 τῆς

2217 2152 2438 2234 ὁδηγίας
2481 2164 2572 2218 τοῦ
2608 2166 2940 2236 Πνεύματος,
2973 2167 3005 2239 ἢ
3046 2152 3348 2242 προχείρως
3392 2152 3662 2248 ἀσεϐῆσαι

2219 2254 2498 2326 ῥαστώνην
2527 2257 2805 2314 διώκοντα.
2838 2261 3072 2315 Διάπτυέ
3111 2281 3199 2334 μοι
3231 2264 3326 2328 τὰς
3356 2267 3665 2333 ἐνστάσεις,
3699 2273 3789 2323 καὶ

2215 2344 2313 2408 τὰς
2361 2347 2682 2414 ἀντιθέσεις,
2739 2352 2831 2404 καὶ
2875 2350 2972 2423 τὴν
3019 2352 3144 2405 νέαν
3189 2353 3298 2425 (92)
3338 2357 3646 2425 εὐσέϐειαν,
3700 2363 3788 2413 καὶ

2215 2436 2313 2507 τὴν
2344 2439 2658 2510 μικρολόγον
2689 2443 2880 2511 σοφίαν
2899 2460 2912 2473 ⁸
2947 2444 3040 2497 καὶ
3063 2444 3288 2500 διάπτυε
3319 2448 3479 2502 πλέον
3515 2452 3546 2522 ῆ
3585 2453 3659 2505 τὰ
3686 2453 3786 2506 τῶν

2214 2530 2485 2602 ἀραχνίων
2518 2533 2755 2603 νήματα,
2809 2535 2969 2605 μυίας
3019 2537 3114 2607 μὲν
3149 2540 3468 2610 κρατοῦντα,
3525 2544 3696 2616 σφηξὶ
3733 2547 3786 2599 δὲ

2215 2621 2550 2692 ρηγνύμενα,
2569 2623 2718 2678 οὔπω
2739 2625 2883 2695 λέγω
2907 2628 3207 2698 δακτύλοις,
3232 2632 3349 2685 οὐδὲ
3374 2634 3517 2706 ἄλλῳ
3541 2653 3655 2689 τινι
3682 2637 3786 2691 τῶν

2214 2711 2524 2786 βαρυτέρων
2567 2718 2851 2789 σωμάτων.
2892 2721 2986 2773 Ἓν
3029 2721 3245 2776 δίδασκε
3291 2725 3569 2794 φοϐεῖσθαι
3603 2730 3781 2800 μόνον,

2209 2804 2271 2856 τὸ
2296 2805 2440 2860 λύειν
2490 2808 2587 2878 τὴν
2622 2809 2804 2864 πίστιν
2845 2813 2902 2864 ὲν
2943 2817 3056 2876 τοῖς
3093 2817 3438 2888 σοφίσμασιν.
3491 2821 3566 2872 Οὐ
3617 2821 3786 2876 δεινὸν

2209 2898 2504 2970 ἡττηθῆναι
2529 2901 2690 2972 λόγῳ,
2729 2903 2788 2955 οὐ
2832 2904 2940 2977 γὰρ
2976 2905 3191 2962 πάντων
3226 2910 3254 2960 6
3286 2911 3438 2979 λόγος
3459 2929 3472 2940 ⁶
3517 2913 3696 2968 δεινὸν
3730 2917 3784 2970 δὲ

2209 2988 2548 3062 ζημιωθῆναι
2595 2991 2841 3066 θεότητα,
2894 2997 3109 3052 πάντων
3149 3001 3256 3071 γάρ
3305 3005 3336 3073 ὴ
3381 3003 3552 3068 ἐλπίς.
3600 3008 3786 3062 Ταῦτα

536 3079 635 3118 nos
669 3066 842 3120 timeri
883 3068 1036 3132 doce,
1075 3071 1328 3124 nimirum
1361 3089 1428 3127 ne
1479 3075 1529 3128 in
1563 3077 1784 3146 argutiis
1815 3088 1868 3132 et
1900 3081 2103 3148 captio-

538 3157 692 3181 -.ἰὶ...-
724 3158 879 3181 αλιι-..
915 3161 1178 3181 --1----.---,
1240 3162 1336 3181 0-”
1415 3180 1418 3181 ,
1483 3180 1488 3181 ,
1573 3167 1583 3176 -
1626 3177 1634 3181 .
1997 3172 2008 3181 ι
2057 3172 2068 3181 .

2217 3081 2309 3150 μὲν
2346 3078 2438 3134 οὖν
2481 3084 2572 3136 καὶ
2611 3085 2751 3138 κατά
2803 3089 3023 3142 σεαυτὸν
3075 3091 3475 3164 φιλοσοφήσειν,
3523 3093 3630 3150 οἷδ’.
3682 3101 3784 3165 ὅτι,

538 3157 695 3211 nibus
723 3158 880 3213 Iidem
913 3161 1202 3215 solvamus.
1240 3162 1502 3221 Sermone
1536 3167 1732 3221 victum
1767 3184 1884 3224 esse
1938 3172 2101 3224 mini-

537 3264 623 3302 tne
650 3265 810 3318 grave
841 3261 1001 3318 atque
1029 3253 1280 3308 acerbum
1311 3265 1413 3319 est,
1438 3272 1542 3309 non
1571 3258 1712 3312 enim
1747 3261 1988 3314 omnium
2019 3272 2104 3317 est

535 3351 755 3392 sermc:
796 3349 847 3392 at
878 3355 1004 3394 vero
1046 3357 1208 3412 grave
1234 3353 1287 3399 et
1336 3348 1587 3400 acerbum
1634 3357 1716 3402 est
1765 3351 1975 3406 deitatis
2019 3352 2104 3420 ja-

535 3437 741 3481 cturam
771 3429 988 3496 fecisse,
1022 3435 1262 3488 omnium
1298 3438 1440 3490 enim
1466 3449 1548 3492 est
1577 3454 1720 3509 spes.
1757 3441 1954 3496 Verum
1989 3443 2103 3499 hazc

2211 3172 2614 3245 προθυμότερόν
2676 3194 2733 3229 τε
2795 3179 2904 3250 (95)
2963 3181 3054 3234 καὶ
3107 3183 3456 3258 τελεώτερον·
3515 3191 3786 3261 ἐγγυᾶταί

2213 3280 2300 3334 μοι
2333 3264 2443 3334 (91)
2470 3266 2538 3319 τά
2566 3267 2632 3321 σὰ
2663 3269 2973 3342 τραύματα,
3002 3276 3176 3328 καὶτὸ
3211 3278 3300 3330 σὸν
3335 3281 3490 3352 σῶμα
3525 3284 3674 3356 ὑπὲρ
3697 3288 3787 3339 εὐ-

2210 3355 2423 3419 σεϐείας
2451 3361 2756 3430 πεπονηκός
2776 3380 2788 3393 ·
2817 3363 2908 3416 καὶ
2940 3366 3098 3436 ἡμεῖς
3120 3367 3173 3420 δὲ
3213 3372 3786 3448 συμφιλοσοφήσομεν,

2208 3447 2305 3519 ὅση
2337 3448 2448 3516 (95)
2479 3449 2724 3523 δύναμις.

535 3518 648 3586 ipse
675 3533 768 3587 per
796 3528 869 3584 te,
893 3532 979 3575 sat
1007 3523 1139 3586 scio,
1162 3527 1462 3594 promptius
1497 3537 1552 3581 et
1577 3529 1866 3598 perfectius
1888 3518 2385 3606 pbilosophaberis;
2411 3539 2461 3593 id
2488 3518 2626 3595 mihi
2645 3542 2862 3598 vulnera
2885 3554 2972 3600 tua
3001 3552 3598 3625 spondent,corpusqne
3619 3559 3783 3625 istud,

533 3610 673 3678 quod
709 3626 806 3679 pro
830 3611 1026 3679 pietate
1053 3614 1345 3682 permultos
1368 3616 1576 3672 labores
1597 3619 1927 3689 exantlavit;
1968 3640 2172 3694 nosque
2199 3629 2360 3681 etiam
2394 3647 2497 3684 una
2530 3644 2701 3686 tecum
2737 3652 2834 3704 pro
2864 3638 3003 3692 virili
3039 3653 3216 3695 nostra
3254 3644 3783 3714 phiIOSOphabimnr.

605 3705 745 3764 XIX.
780 3708 850 3762 At
879 3718 956 3774 tu,
991 3725 1110 3764 cum
1142 3713 1410 3782 egregiam
1437 3717 1923 3788 peregrinationem
1950 3721 2099 3782 obie-

533 3800 630 3863 ris,
664 3800 964 3867 Trinitatis,
1000 3803 1050 3856 in
1093 3805 1452 3859 tabernaculis
1498 3807 1813 3877 habitantis,
1841 3813 1885 3866 si
1918 3822 2096 3868 tamen

533 3889 674 3942 Deus
703 3891 920 3945 omnino
962 3891 1014 3945 in
1063 3894 1387 3950 manufactis
1429 3896 1654 3962 habitat,
1707 3915 1914 3956 memor
1960 3917 2098 3970 esto,

532 3980 829 4048 messisque
860 3983 1020 4051 hujus
1042 3986 1268 4056 exiguae,
1300 4005 1404 4042 non
1432 4004 1497 4042 ex
1528 3993 1706 4059 parvis
1741 3995 1956 4062 quidem
1993 3999 2101 4067 pie-

533 4073 659 4125 tatis
695 4073 1013 4140 seminibus,
1056 4092 1234 4144 parvae
1288 4091 1462 4134 tamen
1513 4083 1689 4138 adhuc
1735 4095 1786 4140 et
1827 4087 2004 4153 exilis,
2044 4099 2100 4145 et

430 4169 433 4171 '
533 4177 652 4230 qua:
685 4163 940 4233 paulatim
993 4167 1292 4235 colligatur.
1333 4170 1480 4225 Facti
1529 4175 1673 4228 enim
1722 4192 1909 4233 sumus
1957 4181 2099 4236 sicut

532 4254 621 4322 qui
651 4255 900 4323 stipulam
932 4257 982 4310 in
1019 4275 1193 4314 messe
1221 4262 1502 4330 colligunt,
1539 4274 1596 4318 ut
1648 4283 1768 4320 cum
1829 4267 2095 4340 Propheta

531 4357 829 4417 Opportune
869 4349 1075 4420 loquar,
1105 4361 1158 4405 et
1208 4357 1507 4411 racemulos
1553 4357 1607 4412 in
1645 4360 1935 4433 vindemia,
1968 4379 2090 4420 cum
2127 4347 2170 4401 θ

601 4527 711 4613 (8⁸1)
754 4528 856 4613 "Ar.
885 4532 1164 4613 γνησίως.
1208 4531 1298 4610 Sic
1343 4533 1581 4605 plerique
1607 4538 1765 4593 codd.
1817 4540 1874 4595 In
1904 4545 2084 4613 editis,

529 4602 803 4670 mendose,
833 4597 1132 4670 ἀγνησίώςζ
1209 4603 1220 4610 “

601 4666 708 4742 (88)
730 4670 810 4742 οὐ
835 4669 945 4738 γὰρ
960 4666 1254 4742 ἀνάγκην,
1270 4683 1373 4729 etc.
1391 4669 1603 4729 Billius:
1635 4693 1654 4727 ι
1679 4676 1787 4732 Nec
1816 4682 1956 4736 enim
1982 4685 2090 4741 Deo

529 4736 610 4791 vel
634 4736 931 4821 producere.
945 4743 1022 4820 vel
1039 4736 1150 4821 non
1165 4736 1692 4821 prod‘ucereﬂecesse
1711 4760 1814 4821 est,
1835 4736 2017 4821 utpote
2035 4736 2087 4810 in

529 4807 775 4879 omnibus
818 4809 1001 4879 diviti.
1031 4829 1049 4861 ι
1097 4807 1187 4866 Sic
1234 4815 1394 4868 etiam
1449 4813 1680 4870 Nicetas.
1731 4807 1925 4875 verum
1981 4807 2088 4879 non

528 4876 1045 4950 videntnr_Gregorii
1077 4891 1306 4937 mentem
1334 4886 1584 4938 assecuti.
1620 4885 1742 4942 Haec
1769 4891 1911 4944 enim
1947 4876 2088 4950 dic—ta

528 4955 653 5031 sunt
677 4947 740 5028 de
763 4948 996 5031 Spiritus
1017 4953 1193 5031 sancti
1216 4956 1575 5031 processione,
1604 4972 1724 5031 quae
1759 4968 1882 5031 tunc
1909 4977 1938 5014 a
1960 4947 2089 5031 plu;

526 5015 674 5069 ribus
699 5015 1128 5094 impugnabatur.
1154 5015 1736 5094 UndeiGregorit’Is'ait:
1765 5047 1783 5078 ι
1807 5029 1882 5083 Ne
1903 5015 2089 5090 timeas

525 5086 967 5170 processionemf
997 5104 1097 5170 nec
1127 5093 1268 5170 enim
1305 5093 1413 5170 Deo
1434 5086 1662 5149 necesse
1694 5107 1928 5170 est,rnon
1966 5086 2088 5170 pro;

526 5157 741 5234 ducere,
770 5169 862 5211 aut
889 5158 1583 5234 similimodoproducere,
1615 5183 1633 5216 ι
1668 5157 1819 5234 quasi
1866 5157 2083 5228 unicum

525 5223 577 5276 in
615 5225 723 5304 _I)eo
763 5238 904 5309 esset
935 5223 1481 5312 producendi'genus.
1528 5223 1737 5291 scilicet
1783 5254 1877 5312 per
1906 5223 2088 5312 ’géaél

527 5297 808 5378 rationem,
841 5299 911 5351 ita
956 5310 1014 5352 ut
1051 5297 1554 5378 Spiritns’sanctus,
1586 5297 1801 5378 cunLei
1837 5297 1953 5365 0ρὸ
1991 5297 2081 5378 sit,

525 5366 742 5452 deberet
782 5382 995 5436 quoque
1039 5366 1183 5452 esse.
1211 5373 1457 5452 genitus,
1489 5366 1634 5452 sicut
1687 5376 1890 5447 Filius;
1942 5366 2086 5452 quod

523 5433 737 5500 quidem
767 5433 848 5490 est
879 5433 1067 5493 contra
1096 5433 1315 5494 Deitatis
1353 5443 1587 5498 divitias.

595 5503 706 5574 (89)
751 5509 1024 5584 Τριθετας.
1057 5509 1232 5584 Ροξεν
1264 5511 1512 5584 Τριάδος.
1565 5513 1688 5569 Ilaec
1742 5515 2087 5575 Macedonio-

523 5585 644 5626 I‘nm
680 5577 968 5660 cavillatio,
996 5581 1084 5648 qui
1118 5577 1323 5635 Filium'
1350 5585 1566 5652 quidem
1608 5584 1776 5641 Deum
1810 5589 2083 5660 dicebant,

527 5656 644 5717 non
662 5660 788 5717 vero
823 5645 1081 5717 Spiritum
1114 5645 1384 5706 sanctum:

750 5712 1104 5794 ζςαϊέξλλιζς,
1132 5719 1231 5794 Or.
1253 5721 1303 5787 I,
1335 5723 1428 5794 καὶ
1460 5723 1623 5794 ἄλλῳ.

595 5783 706 5858 (9|)
744 5786 1177 5861 Rapaci-“Coiﬁ.
1211 5790 1264 5859 1,
1291 5783 1345 5850 ct
1375 5792 1549 5862 I’ass.,
1573 5783 1820 5867 κάμνειν.
1846 5798 1981 5860 Male
2030 5802 2084 5858 in

2271 3725 2372 3778 IG'.
2411 3728 2482 3779 Σὺ
2533 3728 2587 3780 δὲ
2627 3729 2753 3783 ὅταν
2772 3731 2884 3801 (96)
2919 3734 3232 3808 ἐκδημήσῃς
3262 3738 3360 3810 τὴν
3395 3742 3566 3813 καλὴν
3616 3746 3785 3816 ἐκδη-

2206 3817 2352 3887 μίαν,
2386 3818 2629 3889 μέμνησό
2666 3839 2754 3892 μοι
2779 3823 2880 3894 τῆς
2903 3826 3128 3898 Τριάδος
3156 3830 3213 3882 ὲν
3242 3836 3463 3902 σκηναῖς
3494 3839 3783 3891 κατοικού-

2205 3927 2303 3981 σης
2326 3913 2460 3986 (97),
2498 3916 2652 3989 εἴπερ
2675 3918 2811 3982 ὅλως
2832 3923 2888 3974 ἐν
2916 3928 3312 3997 χειροποιήτοις
3337 3931 3477 3983 οἰκεῖ
3494 3933 3603 4002 (98)
3622 3935 3778 3999 Θεὸς,

2203 4007 2297 4058 καὶ
2333 4007 2426 4060 τοῦ
2462 4011 2658 4081 μικροῦ
2703 4013 2891 4068 τούτου
2942 4016 3152 4088 θέρους.
3189 4021 3285 4074 οὐκ
3330 4023 3392 4076 ὲκ
3430 4027 3640 4097 μικρῶν
3677 4029 3778 4097 μὲν

2203 4097 2308 4149 τῶν
2351 4099 2452 4168 τῆς
2497 4102 2778 4169 εὐσεϐείας
2813 4110 3161 4179 σπερμάτων,
3198 4114 3334 4186 πλὴν
3377 4117 3454 4169 ἔτι
3486 4122 3686 4190 μικροῦ
3715 4140 3778 4176 τε

2202 4189 2296 4240 καὶ
2331 4192 2608 4262 πενιχροῦ,
2640 4197 2732 4248 καὶ
2758 4199 2878 4250 κατ’
2914 4201 3090 4270 ὀλίγον
3125 4209 3509 4278 συναγομένου.
3550 4213 3776 4286 Ἐγενὴ-

2203 4280 2375 4351 θημεν
2398 4284 2507 4353 (99)
2538 4287 2646 4358 γὰρ
2679 4287 2754 4352 ὡς
2807 4293 3129 4362 συνάγοντες
3172 4299 3424 4374 καλάμην
3458 4305 3517 4356 ἐν
3549 4280 3776 4377 apere},

2197 4373 2245 4424 εί
2272 4372 2352 4425 δεῖ
2378 4374 2437 4428 τὸ
2464 4376 2556 4429 τοῦ
2592 4379 2876 4452 Προφήτου
2906 4385 3078 4439 εἰπεῖν
3112 4387 3170 4440 ἐν
3203 4391 3397 4460 καιρῷ,
3425 4394 3520 4446 καὶ
3544 4395 3621 4457 ὡς
3651 4397 3777 4450 ἐπι-

2190 4551 2344 4616 edit.,
2373 4554 2591 4625 κᾴμεῖν.

2193 4623 2374 4709 ,(192)
2414 4627 2524 4709 Ῑξα)
2561 4645 2593 4680 τ
2598 4627 2678 4709 ὴῖ
2708 4629 2876 4687 νέαν.
2908 4634 3000 4689 Sic
3039 4642 3148 4691 tres
3179 4635 3367 4709 Regg.,
3405 4640 3500 4696 Or.
3526 4643 3578 4708 1,
3610 4643 3770 4704 Pass.

2191 4690 2466 4747 Deest'xai
2500 4697 2550 4749 in
2577 4690 2704 4752 edit.

2261 4764 2373 4853 (θξ)
2412 4769 2864 4853 Προρυμᾴτερρν
2913 4792 2998 4829 τε.
3051 4776 3144 4832 Sic
3177 4786 3285 4834 tres
3320 4779 3484 4853 Regg.
3509 4793 3564 4838 et
3608 4783 3770 4840 Pass.

2189 4829 2245 4885 In
2270 4829 2389 4910 fdi,
2424 4829 2827 4910 [τέροθυμότερόν
2858 4862 2930 4898 τι.

2414 4887 2966 4995 ριξτὴιυὲῑτέὲιῖρὸίῖ
2994 4917 3333 4984 quibusdam,
3361 4922 3532 4994 ἐγγυᾷ
3553 4923 3616 4976 τέ
3647 4943 3770 4995 μοι.

2259 4972 2372 5056 (ἓξ)
2414 4972 2595 5056 "Rhl.
2619 4972 2798 5056 Passi,
2829 4984 2904 5047 ὠς
2932 4988 2989 5056 ἡ.

2259 5043 2372 5130 (96)
2407 5045 2495 5126 Σὺ
2535 5048 2602 5130 δέ
2643 5043 2808 5114 ὅταν,
2843 5043 2964 5109 οἱοί
3002 5056 3292 5111 Maximum
3337 5061 3422 5114 hic
3475 5064 3772 5130 compellat

2191 5110 2512 5198 Gregorius,
2536 5128 2707 5198 atque
2730 5110 2850 5198 eum
2885 5135 3058 5194 rogat,
3089 5138 3166 5192 ut,
3200 5110 3767 5198 cum

2190 5182 2544 5263 confessionis
2575 5182 2741 5263 gloria
2778 5182 3105 5263 demiratus,
3141 5182 3610 5263 reversus—fuerit.
3652 5182 3768 5260 illic

2189 5251 2290 5335 sibi
2334 5269 2538 5335 suoque
2576 5251 2736 5328 wgregi
2769 5261 2945 5319 faveat
2991 5251 3130 5335 apud
3167 5251 3768 5327 Αιεκέιῖιὶιιὶῑὲιῦιὶίἐὶἰὶίῐ

2193 5322 2394 5410 alitem,
2426 5322 2831 5410 c‘ujus't‘nagna
2885 5322 3108 5410 eratin
3158 5322 3762 5410 Constantinopoli—talia

2189 5389 2428 5481 Ecclesia
2457 5389 2770 5481 auctoritas.
2800 5403 2905 5458 Sed
2935 5421 3029 5460 sua
3054 5389 3761 5481 Gregorium

2190 5470 2246 5513 ut
2278 5477 2399 5516 mox
2433 5467 2746 5524 videbimus.

2232 5529 2372 5622 .(l9'i)
2424 5535 2527 5622 ‘Er
2576 5541 2848 5622 σκηναῖς.
2869 5548 3294 5622 κατοικούσης.
3330 5548 3426 5604 Hic
3454 5549 3765 5622 signiﬁcare

2190 5603 2408 5682 videtur
2436 5603 2748 5678 Gregorius,
2805 5603 3082 5672 Ecclesias
3129 5603 3304 5673 adhuc
3343 5603 3764 5678 esse

2191 5679 2297 5724 lico
2306 5689 2417 5726 rum
2451 5687 2735 5738 potestate.

2260 5741 2372 5816 (98)
2414 5747 2588 5816 Obesi.
2629 5749 2800 5816 Pass,
2832 5759 3094 5811 κατοικεῖ.

2263 5812 2374 5882 (99)
2426 5812 2842 5891 Ἐγενιξθημειη.
2873 5826 3051 5897 Pass.,
3077 5829 3392 5902 ἐγενόμεθα.
