3914 6404
292 331 429 385 {9.29
1380 328 1639 388 ORATIO
1679 326 1869 389 XXVI.
1910 360 1978 375 --
2016 333 2081 389 IN
2124 331 2439 389 SElPSUM.
3391 338 3527 397 l'250

299 449 445 504 τοῦτο
478 447 643 517 λέγω,
673 444 767 501 ara)
806 446 904 519 τὴν
947 445 1112 517 ἁγίαν
1148 446 1455 519 τράπεζαν
1486 441 1561 502 ὧν
1594 450 1755 519 ἡμεῖς
1798 449 1855 503 τὸ

1974 450 2081 518 lias,
2105 466 2199 506 eos
2234 452 2323 522 qui
2357 452 2577 514 ducunt,
2613 458 2667 506 et
2693 451 2784 521 qui
2811 452 3095 517 ducuntur,
3129 467 3219 509 eos
3251 454 3339 523 qui
3372 455 3527 510 dam-

295 542 491 614 ⁸ιιρόιτος
536 541 679 613 ἔχειν
716 541 1016 606 δοκοῦντες,
1059 542 1153 595 καὶ
1194 540 1302 594 τῶν
1345 538 1672 611 ἐγγιζόντων
1712 540 1855 606 ὄντες

1974 556 2095 595 num
2126 541 2384 606 inferunt,
2416 551 2470 596 et
2499 540 2589 610 qui
2646 543 2943 611 patiuntur,
2970 557 3063 599 eos
3096 543 3185 612 qui
3217 542 3420 613 lugent,
3474 555 3530 600 ct

293 630 429 702 Θεῷ,
458 632 669 686 δέδοικα
702 633 776 704 μὴ
816 632 1001 697 κακῶς
1026 632 1356 703 ἐγγίζωμεν,
1387 633 1501 700 καὶ,
1532 632 1607 696 ὡς
1641 632 1855 706 καλάμη

1974 633 2056 702 qui
2093 632 2360 703 legentur,
2400 648 2494 690 eos
2524 635 2613 704 qui
2673 636 2908 704 plorant,
2939 636 3194 704 gaudent,
3253 638 3530 692 matrimo-

295 725 447 797 πυρὶ,
478 724 589 797 πῦρ
614 726 674 779 οὐ
702 726 978 796 φέροντες.

1974 724 2109 778 nium
2166 725 2376 788 ineunt,
2436 725 2720 795 sepeliunt,
2774 725 3078 792 laudantur,
3116 729 3525 797 vituperantur,

296 819 453 885 hanc,
482 821 723 891 inquam,
755 820 869 874 vitii
892 819 1104 884 silvam,
1147 821 1331 874 mundi
1366 819 1656 884 fervorem,
1707 817 1915 874 subitas
1944 826 1998 872 et
2024 819 2351 887 repentinas,
2413 819 2558 875 velut
2618 820 2672 875 in
2741 820 2940 891 Euripo
2997 830 3053 878 et
3096 832 3378 884 ventorum
3410 825 3529 894 agi-

300 912 521 976 tatione,
574 910 954 980 mutationes),
1022 926 1203 966 verum
1257 912 1419 965 etiam
1469 910 1857 966 venerabiliora
1897 910 2011 965 haec
2046 918 2101 964 et
2164 914 2560 981 praestantiora,
2626 914 2926 969 sacrarium
2964 930 3156 986 nempe
3205 926 3261 972 et
3316 932 3529 973 sacram

296 1017 562 1070 mensam;
603 1019 830 1074 quorum
892 1019 1014 1060 cum
1057 1004 1156 1073 ipsi
1219 1002 1575 1072 principatum
1630 1011 1812 1058 tenere
1873 1002 2169 1069 videamur,
2202 1011 2258 1058 et
2321 1004 2372 1058 in
2423 1019 2629 1070 eorum,
2655 1006 2746 1075 qui
2778 1006 2843 1060 ad
2876 1007 3042 1061 Deum
3074 1010 3527 1080 appropinquant,

295 1112 517 1154 numero
542 1097 735 1162 simus,
764 1111 953 1153 vereor
976 1110 1045 1151 ne
1074 1096 1213 1152 male
1242 1096 1755 1167 appropinquemus,
1782 1102 1856 1161 et,
1897 1102 2149 1165 tanquam
2186 1097 2382 1166 stipula
2439 1098 2506 1153 ad
2572 1098 2769 1170 ignem,
2811 1100 2952 1171 ignis
2989 1103 3093 1157 vim
3122 1103 3264 1160 ferre
3287 1120 3529 1177 nequea-

294 1207 435 1245 mus.

362 1286 434 1338 B'.
467 1285 609 1356 Πλὴν
640 1282 936 1355 ἐπανῆλθον
981 1283 1129 1351 ὑμῖν,
1167 1281 1257 1354 βίᾳ
1289 1281 1385 1352 μὲν
1411 1278 1762 1353 ἀποδραμὼν,
1793 1280 1854 1333 οὐ

2034 1277 2096 1332 ll.
2130 1276 2395 1333 Caeterum
2439 1278 2506 1333 ad
2536 1294 2630 1335 vos
2656 1281 2813 1346 redii,
2841 1291 2896 1336 et
2928 1284 3019 1352 qui
3058 1299 3086 1337 a
3126 1286 3282 1341 vobis
3331 1287 3532 1343 invitus

293 1378 382 1451 βίᾳ
406 1377 462 1430 δὲ
491 1375 875 1448 προσδραμὼν,
910 1376 1044 1429 ἀλλὰ
1092 1375 1185 1427 καὶ
1226 1375 1367 1445 μάλα
1412 1374 1727 1446 προθύμως,
1764 1375 1855 1428 καὶ

1974 1368 2345 1432 discesseram,
2378 1368 2518 1423 idem
2548 1386 2654 1425 non
2681 1372 2900 1439 invitus,
2933 1374 3025 1428 sed
3054 1376 3235 1432 animo
3271 1394 3529 1450 perquam

291 1470 614 1541 αὐτομάτοις
643 1469 787 1533 ποσὶ,
813 1469 873 1521 τὸ
898 1467 992 1520 τοῦ
1015 1467 1200 1537 λόγου,
1228 1466 1322 1520 τοῦ
1346 1465 1662 1537 Πνεύματος
1686 1465 1859 1530 οὕτως
1966 1459 2149 1525 amri,
2202 1462 2648 1532 δροηιθηθῑεψιθ.
2705 1474 2763 1519 ιιι
2807 1466 2911 1521 (“Ci
2961 1468 3118 1533 εοιθιν
3168 1474 3390 1541 Pedibus
3441 1492 3533 1530 ³ο·

289 1565 530 1633 ἄγοντος,
560 1561 808 1631 καθάπερ
835 1579 886 1614 τι
912 1559 1109 1632 ῥεῦμα,
1139 1561 1274 1631 πρὸς
1302 1562 1399 1631 μὲν
1422 1560 1480 1613 τὸ
1506 1560 1729 1624 ἄναντες
1746 1558 1855 1627 (l9)

1974 1553 2132 1621 curri,
2165 1551 2370 1624 Spiritu
2415 1554 2626 1611 scilicet
2672 1572 2779 1623 me,
2816 1558 2962 1613 lluvii
3000 1561 3274 1631 cujusdam
3308 1566 3360 1621 in
3422 1583 3534 1621 mo-

290 1655 624 1727 βιαζόμενον,
649 1655 728 1717 εἰς
749 1654 800 1707 δὲ
846 1652 905 1706 τὸ
944 1653 1151 1725 πρανὲς
1186 1652 1296 1722 (‘20)
1324 1651 1696 1723 ἐπειγόμενον.
1730 1652 1855 1702 Ὀν-

1974 1647 2111 1712 dum,
2146 1656 2358 1715 agente,
2386 1649 2477 1718 qui
2515 1664 2612 1719 per
2640 1651 2864 1706 acclivia
2900 1653 3117 1723 quidem
3156 1673 3260 1712 non
3285 1659 3389 1713 nisi
3445 1676 3536 1715 co-

286 1767 395 1813 τως
421 1748 601 1818 ἡμέρα
633 1747 748 1818 μία,
776 1745 888 1815 βίος
915 1745 1034 1807 ὅλος
1060 1743 1370 1817 ἀνθρώπου,
1395 1745 1509 1806 τοῖς
1541 1742 1691 1812 πόθῳ
1718 1741 1859 1812 κάμ-

287 1858 487 1895 νουσιν.
535 1839 608 1893 Τὸ
649 1839 756 1910 γὰρ
798 1837 893 1890 τοῦ
958 1833 1149 1890 Ἰακὼϐ
1196 1836 1399 1907 ἑτέρως
1419 1835 1530 1906 (21)
1579 1834 1722 1905 ἔχειν
1770 1851 1857 1904 μοι

288 1932 563 2002 (petivi-car
596 1931 654 1995 ὃς
697 1932 791 2002 ἐτη
847 1930 1224 2002 δεκατέσσαρα
1274 1927 1539 1981 δουλεύων
1580 1927 1658 1997 τῷ
1704 1926 1861 1998 Σύρῳ

286 2024 470 2079 Λάὃαν
503 2024 642 2094 ὑπὲρ
672 2023 778 2075 τῶν
812 2022 904 2076 δύο
936 2022 1222 2094 παρθένων
1246 2022 1345 2074 οὐκ
1372 2020 1629 2091 ἔκαμνεν*
1662 2014 1857 2074 *Ησαν

195 2134 198 2137 ‘
285 2118 393 2189 γὰρ
426 2116 604 2183 αὐτῷ,
629 2116 813 2188 φησὶν,
844 2118 902 2169 αἱ
932 2114 1123 2169 πᾶσαι
1150 2114 1383 2184 ἡμέραι,
1412 2114 1491 2180 ὠς
1523 2113 1710 2183 ἡμέρα
1727 2114 1856 2182 μία,

284 2207 381 2262 διὰ
417 2206 483 2260 τὸ
529 2203 770 2276 ἀγαπᾷν
812 2203 1017 2269 αὐτάς.
1070 2206 1229 2266 Ἴσως
1270 2204 1352 2256 ὅτι
1388 2203 1446 2256 ἐν
1492 2202 1676 2271 ὄψεσιν
1703 2197 1770 2273 ἦν
1800 2201 1860 2254 τὸ

284 2298 634 2370 ποθούμενον,
682 2298 716 2368 ἢ
761 2297 842 2349 ὅτι
873 2296 1072 2365 κοῦφον
1099 2294 1160 2347 τὸ
1196 2292 1428 2364 κάμνειν
1471 2292 1656 2364 ἔρωτι,
1683 2291 1784 2345 κᾶν
1825 2292 1858 2361 ἡ

284 2391 519 2463 ἀναϐολὴ
549 2390 610 2444 τὸ
635 2387 876 2459 λυπηρὸν
909 2386 1005 2458 ἔχῃ
1030 2386 1165 2457 (‘22).
1195 2385 1380 2447 Οὕτως
1408 2384 1468 2460 τὸ
1507 2384 1724 2454 ἕτοιμον
1748 2382 1858 2454 (25)

283 2488 363 2549 είς
404 2483 675 2550 ἐξουσίαν,
719 2481 888 2553 ἀργὸν
924 2481 1004 2543 είς
1048 2478 1363 2549 ἐπιθυμίαν,
1390 2476 1466 2540 ὥς
1509 2493 1593 2538 τις
1623 2475 1725 2547 ἔφη
1753 2475 1860 2528 τῶν

283 2578 391 2650 πρὸ
415 2575 590 2647 ἡμῶν.
634 2574 775 2643 Ἐγὼ
799 2573 928 2642 γοῦν
967 2573 1128 2643 ἡνίκα
1160 2572 1258 2643 μὲν
1288 2571 1573 2641 παρήμην,
1605 2568 1861 2638 ἐλάχιστα

280 2668 375 2721 τοῦ
402 2667 604 2730 πάθους
630 2664 1107 2734 ἐπαισθανόμενος,
1135 2662 1295 2734 ήνίκα
1314 2661 1372 2715 δὲ
1395 2660 1506 2731 (24)
1529 2660 1856 2731 ἐχωρίσθην,

282 2761 455 2830 ἔγνων
489 2759 580 2811 τὸν
612 2758 774 2811 πόθον
821 2757 913 2811 τὸν
957 2753 1159 2825 γλυκὺν
1202 2752 1500 2824 τύραννον*
1542 2750 1725 2804 καινὸν
1746 2750 1858 2822 (25)

280 2853 337 2906 δέ
362 2852 535 2907 οὐδέν.
562 2852 625 2904 Εἰ
651 2852 758 2921 γὰρ
794 2847 1045 2902 τοσοῦτον
1073 2844 1322 2915 ὀδύρεται
1353 2844 1446 2897 καὶ
1480 2842 1733 2914 βουκόλος
1762 2842 1858 2912 μό-

282 2962 409 3014 σχον
434 2944 532 3013 τῆς
572 2942 771 3012 ἀγέλης
796 2940 1261 3010 ἁποφοιτήσαντα,
1293 2936 1388 2988 καὶ
1418 2935 1623 3005 ποιμὴν
1652 2933 1861 3006 πρόϐα-

280 3055 370 3092 τον
418 3037 665 3105 ἐλλεῖψαν
706 3033 912 3097 δεκάδι,
964 3032 1056 3085 καὶ
1099 3031 1288 3101 ὄρνεον
1334 3028 1574 3093 νοσσιὰν,
1610 3028 1677 3099 ἣν
1724 3027 1860 3099 πρὸς

1965 1745 2117 1791 actus
2141 1736 2331 1806 fer-tur,
2356 1755 2451 1809 per
2482 1755 2651 1810 prona
2681 1752 2859 1798 autem
2893 1754 2947 1798 et
2992 1746 3217 1802 declivia
3254 1750 3534 1806 celerrime

1964 1829 2184 1884 labitur.
2216 1829 2294 1887 Ac
2325 1832 2565 1902 profecto
2593 1833 2673 1888 vel
2703 1835 2895 1890 unicus
2926 1837 3040 1891 dies
3092 1839 3255 1894 totius
3290 1843 3413 1897 vitae
3436 1842 3534 1896 hu-

1964 1936 2132 1975 manae
2167 1921 2340 1977 instar
2370 1933 2453 1978 est
2498 1924 2768 1981 desiderio
2796 1926 3183 1984 laborantibus.
3222 1931 3355 1985 Nam
3406 1934 3532 1990 illud

1960 2014 2280 2083 patriarchre
2305 2014 2472 2070 Jacoh
2501 2017 2629 2072 mihi
2666 2018 2770 2073 alio
2819 2022 2979 2076 modo
3027 2036 3085 2077 se
3137 2023 3339 2079 habere
3382 2027 3533 2083 vide-

1962 2112 2068 2168 tur,
2100 2105 2189 2174 qui
2220 2121 2319 2175 pro
2346 2106 2556 2162 duabus
2584 2109 2882 2178 virginibus
2928 2115 3338 2181 quatuordecim
3375 2120 3534 2174 annis

1961 2195 2144 2251 Laban
2176 2197 2316 2270 Syro
2348 2201 2610 2267 serviens,
2641 2202 3049 2273 haudquaquam
3095 2205 3278 2261 labore
3316 2208 3531 2280 frange-

1961 2288 2139 2344 batur.
2177 2290 2348 2345 Erant
2376 2293 2534 2361 enim,
2562 2293 2951 2364 inquit,omnes
2979 2296 3058 2350 illi
3087 2298 3197 2354 dies
3233 2302 3385 2370 quasi
3420 2304 3534 2356 dies

1960 2395 2115 2443 unus,
2146 2381 2282 2449 quod
2314 2397 2491 2435 earum
2530 2400 2707 2439 amore
2734 2387 3065 2456 flagraret".
3116 2390 3280 2462 Cujus
3309 2393 3385 2448 rei
3419 2393 3536 2449 hac

1961 2470 2194 2527 fortasse
2238 2486 2397 2526 causa
2453 2484 2593 2541 erat,
2640 2478 2771 2547 quia
2825 2479 2903 2533 rei
2949 2480 3199 2552 expetita:
3246 2495 3534 2554 conspectu

1963 2560 2287 2617 fruebatur:
2316 2564 2399 2619 vel
2430 2567 2627 2632 etiam,
2678 2570 2805 2638 quia
2851 2572 2986 2627 levis
3016 2583 3098 2628 est
3152 2576 3324 2630 amori
3357 2577 3533 2643 labor,

1962 2653 2177 2709 tametsi
2211 2653 2397 2712 dilatio
2438 2655 2553 2725 ipsa
2578 2659 2879 2715 molestiam
2920 2662 3130 2718 atterat.
3161 2663 3254 2720 Sic
3286 2666 3538 2723 videlicet

1961 2757 2152 2803 natura
2194 2760 2566 2817 comparatum
2605 2762 2709 2819 est,
2742 2763 2799 2807 ut
2826 2768 2889 2810 ea
2934 2759 3152 2826 segnius
3187 2768 3526 2827 appetamus,

1960 2840 2155 2909 quibus
2205 2840 2363 2896 facile
2412 2841 2687 2914 libereque
2743 2845 2846 2901 frui
2905 2848 3049 2916 licet,
3082 2852 3532 2919 quemadmodum

1959 2942 2198 2987 veterum
2231 2934 2446 3004 quidam
2479 2934 2790 2991 aﬂirmavit.
2818 2937 3079 3008 Equidem
3109 2941 3245 3010 ipse,
3276 2943 3388 3011 qui,
3412 2960 3536 2999 cum

1960 3026 2226 3092 adessem,
2263 3028 2371 3082 vim
2425 3028 2585 3098 hujus
2616 3028 2840 3085 affectus
2868 3047 3056 3101 parum
3089 3034 3376 3090 admodum
3408 3052 3536 3091 sen-

281 3132 459 3199 ὀλίγον
489 3129 751 3183 ἀπέλιπεν
772 3126 906 3198 (26),
939 3123 1078 3178 ὥστε
1117 3123 1168 3177 οί
1196 3123 1294 3194 μὲν
1324 3120 1425 3185 τὰς
1464 3120 1730 3192 σύριγγας
1757 3119 1855 3172 λα-

1974 3116 2182 3180 iebam,
2238 3126 2593 3188 posteaquam
2638 3135 2668 3174 a
2706 3121 2858 3177 vobis
2896 3122 3206 3192 disjnnctus
3244 3142 3387 3194 sum,
3438 3144 3533 3181 cu-

282 3223 484 3285 6όντες,
521 3219 611 3273 ἐπί
644 3236 764 3273 τινα
796 3216 1027 3271 σκοπιὰν
1075 3213 1408 3276 ἀνελθόντες,
1441 3209 1711 3282 πληροῦσι
1754 3209 1856 3280 τῆς

282 3313 517 3384 ἀθυμίας
541 3312 665 3374 τοὺς
685 3310 939 3371 δόνακας,
973 3306 1067 3360 καὶ
1087 3303 1502 3369 ἀνακαλοῦνται,
1535 3303 1611 3367 ὠς
1640 3302 1855 3371 λογικὰ,

288 3405 348 3458 τὰ
381 3403 736 3472 πλανώμενα·
776 3399 877 3453 κᾶν
921 3397 1296 3461 ὑπακούσωσι,
1346 3396 1597 3467 χαίρουσι
1657 3394 1858 3466 μᾶλλον

281 3495 315 3567 ἢ
345 3498 505 3549 πᾶσιν
536 3493 669 3564 ὁμοῦ
702 3495 814 3555 τοῖς
847 3491 1046 3555 ἄλλοις,
1081 3482 1155 3543 ὧν
1193 3489 1292 3542 οὐκ
1321 3487 1673 3558 ἐφρόντισαν·
1710 3486 1772 3540 τὸ
1803 3485 1861 3539 δὲ

1962 3206 2236 3275 piditatem
2265 3222 2632 3278 amoremque,
2665 3209 2873 3265 dulcem
2911 3220 3223 3283 tyrannum,
3243 3231 3539 3284 agnoscere

1960 3297 2132 3366 cepi;
2167 3299 2307 3367 quod
2334 3300 2551 3368 quidem
2598 3316 2702 3357 non
2745 3312 2827 3358 est
2864 3318 2961 3358 cur
3016 3321 3211 3360 novum
3265 3307 3534 3362 videatur.

1960 3387 2168 3443 Etenim
2202 3389 2247 3445 si
2284 3390 2369 3445 vel
2426 3392 2691 3448 bubulcus
2725 3393 2796 3449 ob
2842 3396 3065 3450 vitulum
3126 3414 3288 3452 unum
3330 3400 3395 3452 ab
3448 3416 3538 3453 ar-

1962 3491 2148 3536 mento
2184 3482 2553 3552 aberrantem,
2582 3485 2665 3538 vel
2714 3496 2900 3557 pastor
2930 3489 2999 3544 ob
3033 3491 3290 3558 pecudem
3339 3507 3404 3545 ex
3440 3491 3538 3545 de‘

281 3588 474 3659 τρύζον
497 3589 588 3640 ἐπὶ
606 3584 701 3657 τὴν
723 3583 916 3638 καλιὰν
945 3582 1101 3646 ἵεται,
1129 3581 1224 3634 καὶ
1244 3579 1502 3649 τρύζουσι
1528 3578 1855 3651 προσπίπτει

1974 3574 2121 3628 nario
2161 3589 2387 3630 numero
2441 3576 2800 3645 deficientem,
2836 3579 2917 3634 vel
2967 3582 3085 3635 avis
3141 3582 3210 3636 ob
3270 3582 3532 3648 nidulum,

280 3683 391 3744 τοῖς
430 3682 686 3743 νεοσσοῖς,
741 3676 833 3731 κα)⁵
882 3673 1134 3747 περιέπει
1179 3675 1299 3735 ταῖς
1344 3670 1592 3743 πτέρυξι·
1632 3669 1855 3739 πηλίκον

1974 3678 2114 3732 juem
2148 3664 2213 3718 ad
2238 3664 2400 3720 breve
2441 3675 2651 3734 tempus
2682 3668 2921 3737 reliquit,
2952 3685 3121 3739 usque
3156 3673 3290 3726 adeo
3326 3673 3537 3727 discru-

283 3773 350 3827 ἂν
387 3774 470 3844 εἴη
506 3770 662 3841 δεξιῷ
714 3769 929 3840 ποιμένι
978 3764 1171 3833 λογικὰ
1203 3764 1517 3835 θρέμματα,
1553 3762 1647 3815 καὶ
1689 3756 1763 3815 ὧν
1804 3779 1855 3815 τι

1974 3755 2085 3810 :iari
2112 3757 2306 3822 solent,
2335 3767 2394 3813 ut
2426 3767 2479 3812 et
2506 3758 2604 3825 illi,
2626 3763 2858 3831 arreptis
2886 3763 3102 3829 fistulis,
3136 3764 3297 3837 473
3326 3766 3379 3819 ἱη
3410 3781 3535 3835 spe-

283 3863 782 3937 προεκινδύνευσεν,
808 3859 929 3912 ἐπεὶ
950 3857 1041 3910 καὶ
1059 3853 1218 3909 τοῦτο
1238 3853 1314 3924 τῷ
1331 3852 1538 3925 φᾶτρῳ
1558 3853 1669 3923 (27)
1685 3869 1855 3924 προσ-

1974 3853 2130 3908 :ulam
2168 3855 2452 3924 quamdam
2489 3857 2685 3921 evecti,
2720 3868 2947 3914 maestos
2973 3858 3436 3926 inﬂentcalamos,
3482 3871 3537 3917 et.

281 3959 531 4029 τίθησιν;
1952 3946 2188 4015 palantia
2238 3948 2513 4016 animalia,
2546 3950 2698 4018 quasi
2732 3950 2948 4006 ratione
2987 3952 3232 4020 prmdita,
3265 3962 3529 4015 evocent;

285 4067 348 4107 ac.
373 4053 417 4106 si
445 4048 741 4121 paruerint,
769 4044 1023 4114 majorem
1054 4058 1119 4100 ex
1157 4041 1286 4107 illis,
1324 4054 1485 4110 quam
1512 4053 1579 4093 ex
1612 4037 1832 4109 reliquis
1868 4038 2133 4095 universis
2159 4041 2226 4097 de
2274 4044 2468 4112 quibus
2510 4043 2723 4099 solliciti
2755 4058 2862 4097 non
2910 4043 3149 4110 fuerant,
3217 4042 3536 4100 delectatio-

287 4161 405 4201 nem
438 4142 763 4213 percipiant;
812 4139 929 4193 bzec
960 4150 1088 4191 vero
1117 4134 1349 4189 stridens
1390 4132 1454 4185 ad
1497 4130 1681 4185 nidum
1716 4129 1983 4195 convolet,
2030 4132 2298 4203 pullisque
2362 4133 2719 4190 stridentibus
2797 4134 3085 4201 allabatur,
3152 4150 3356 4204 eosque
3406 4150 3536 4206 pen‘

286 4240 369 4296 nis
393 4238 609 4292 foveat:
659 4240 864 4303 quanto
910 4228 1126 4284 tandem
1161 4225 1439 4281 chariores
1481 4236 1602 4277 esse
1657 4235 1753 4291 par
1807 4229 1890 4276 est
1954 4224 2095 4291 apud
2135 4224 2332 4280 bonum
2381 4241 2445 4282 ac
2494 4226 2802 4297 pervigilem
2840 4235 3111 4295 pastorem
3159 4242 3287 4282 oves
3325 4229 3535 4285 ratione

284 4331 557 4404 prazditas,
595 4337 650 4383 et
682 4341 781 4396 pro
813 4339 1043 4394 quarum
1096 4320 1268 4376 salute
1317 4316 1560 4373 nonnihil
1622 4316 1849 4386 periculi
1887 4317 2071 4385 subiit,
2135 4336 2261 4377 cum
2339 4322 2441 4377 hoc
2490 4336 2702 4391 quoque
2755 4322 2993 4376 acriores
3047 4321 3532 4381 amoris'ﬂammas

282 4422 521 4481 excitet?

353 4515 427 4568 I".
474 4514 560 4577 Ὠς
599 4509 709 4580 ἐγὼ
739 4509 948 4563 δέδοικα
1000 4507 1097 4579 μὲν
1141 4506 1267 4568 τοὺς
1311 4503 1493 4574 βαρεῖς
1525 4500 1744 4565 Αύκους,
1784 4502 1855 4575 μὴ

2032 4501 2118 4557 lll.
2160 4502 2419 4573 Equidem
2448 4504 2561 4574 ipse
2588 4517 2782 4574 graves
2812 4511 2867 4558 et
2907 4512 3120 4560 atroces
3158 4504 3311 4573 lupos
3346 4506 3528 4574 timeo,

281 4607 381 4678 τὴν
413 4605 768 4674 σκοτόμαιναν
790 4600 897 4672 (‘28)
922 4599 1076 4669 ἡμῶν
1099 4598 1456 4669 τηρήσαντες,
1488 4595 1588 4665 τὴν
1619 4595 1855 4664 ποίμνην

1974 4610 2052 4659 ne,
2085 4594 2313 4667 caligine
2375 4605 2557 4651 nostra
2603 4597 2912 4661 Observata,
2952 4596 3135 4667 rapaci
3195 4612 3260 4653 ac
3299 4600 3529 4654 violenta

283 4694 601 4771 σπαράξωσι
628 4694 804 4762 λόγοις
832 4690 1286 4753 συναοπακτικοῖς
1305 4704 1362 4740 τε
1380 4685 1489 4757 (29)
1517 4686 1609 4739 καὶ
1632 4683 1849 4749 βιαίοις·

1974 4684 2208 4739 doctrina
2241 4701 2456 4756 gregem
2489 4684 2807 4742 dilacerent.
2839 4687 3216 4756 lntempestam
3246 4689 3388 4743 enim
3435 4705 3534 4745 no-

357 4816 402 4847 ⁶⁸
431 4813 567 4869 Gen.
598 4807 871 4875 xxvn,26.

346 4909 466 4999 ’(19)
510 4905 809 4989 "Aranng
842 4919 932 4975 Sic
962 4914 1201 4988 plerique
1229 4911 1384 4970 codd.
1414 4909 1583 4965 Prave
1606 4909 1658 4963 in
1690 4910 1847 4975 edit.,

282 5002 740 5141 ἆνῗέὧοῧρανές.
773 5060 861 5116 Sic
898 5070 1005 5113 tres
1033 5055 1225 5124 Regg.,
1252 5052 1414 5107 Coisl.
1443 5050 1497 5116 1,
1527 5058 1581 5105 et
1601 5046 1844 5104 Combef.

281 5142 338 5197 In
366 5135 481 5201 eth,
510 5135 723 5208 τρανές.

2018 4907 2132 4979 (25)
2175 4906 2374 4980 Οὕτως
2418 4921 2485 4980 go
2530 4906 2789 4977 ἕτοιμον,
2837 4917 2943 4962 etc.
2996 4909 3200 4965 Plinius
3248 4913 3408 4980 epist.
3435 4912 3528 4977 ΞΟ,

1947 4976 2041 5033 lib.
2072 4978 2331 5049 vr_rr,ga_it:
2370 4995 2389 5027 ‹
2419 4976 2670 5049 Omnium
2719 4994 2896 5033 rerum
2947 4982 3143 5049 cupido
3191 4976 3524 5049 languescit,

1946 5063 2067 5103 cum
2105 5046 2280 5102 facilis
2312 5048 2528 5101 occasio
2555 5057 2657 5101 est.
2688 5068 2707 5100 ι

2018 5116 2131 5190 (ὶό)
2176 5117 2393 5190 -Ἦνίκα
2437 5116 2585 5190 μέν.
2607 5158 2625 5190 .
2645 5158 2665 5190 _.
2696 5118 2877 5187 ἡνίκα
2909 5117 2996 5173 δέ.
3031 5119 3122 5174 Sic
3152 5120 3332 5190 plures
3363 5122 3522 5176 codd.

379 5186 481 5273 Eii
522 5186 779 5272 δὲὲέρξος.
826 5198 991 5255 Coisl.
1019 5197 1071 5264 ι,
1116 5194 1215 5263 οὐχ
1266 5192 1490 5263 ἑτέρως.
1536 5189 1628 5245 Sic
1676 5188 1841 5243 etiam

1974 5204 2001 5243 n
2022 5186 2123 5273 'e‘d'.
2156 5186 2353 5273 desunt,
2386 5187 2485 5273 μέχ
2515 5197 2569 5240 et
2599 5187 2674 5273 δέ.

511 5278 692 5328 ιίῑιιιιε.

283 5279 416 5349 legit
446 5279 692 5330 Rufinus.
1793 5330 1805 5340 ,

326 5349 470 5420 κίῖἳ)
515 5347 586 5401 Ἦ
629 5344 789 5420 δῖιξε
815 5380 829 5394 ·
862 5329 1845 5420 JI’WPOVAEXW.l‘i“£.£’?5i'.'ll_["

285 5399 1054 5489 pltirib'us—codd.Nectum-ein
1084 5424 1114 5489 _a
1139 5399 1844 5489 Greg’orio‘nostroaliega.

282 5468 618 5558 λίἶέίέὲῐῖηύέ
648 5483 789 5558 enim
841 5479 934 5558 lib.
974 5477 1048 5531 De
1078 5468 1845 5558 bonogjrirluiratisttomk'y'l,

283 5535 843 5628 pagﬁ'SS-ltea‘mdem
880 5547 994 5603 fere
1027 5545 1346 5628 sententiam
1402 5542 1570 5628 habet
1589 5535 1849 5628 tribuno

210 5670 213 5673 -
286 5617 469 5692 modo,
514 5617 705 5693 inquit,
758 5629 884 5677 sunt
931 5621 1144 5673 onerosi
1184 5617 1760 5693 laboresamantiurn.
1788 5646 1843 5693 ,τ

2038 5257 2130 5323 25)
2174 5256 2410 5311 Καινόν,
2448 5256 2575 5326 Reg.
2608 5260 2719 5321 bm,
2750 5258 2843 5311 καὶ
2875 5259 3081 5312 καινόν.

2043 5327 2132 5391 26)
2184 5326 2523 5381 Ἀπέλιπεν.
2561 5327 2691 5392 Reg.
2720 5328 2831 5391 brn,
2859 5328 3169 5382 κατέλιπεν.

2017 5396 2130 5469 (27)
2302 5398 2548 5469 φίλτρῳ.
2602 5397 2694 5452 Sic
2729 5397 2861 5468 Reg.
2897 5400 3007 5463 bin,
3040 5398 3134 5454 Or.
3164 5400 3188 5453 «ι
3224 5408 3279 5455 et
3323 5399 3515 5458 Comb.

1949 5467 2116 5522 Deest
2134 5467 2209 5538 τῷ
2240 5468 2293 5521 ἱη
2320 5468 2452 5521 edit.

2041 5538 2132 5605 28)
2173 5535 2595 5604 Σκοτόμαιναν.
2629 5535 2795 5591 Leuv.
2819 5538 3001 5603 vertit,
3043 5556 3063 5591 α
3092 5540 3464 5595 interlunium.
3491 5556 3513 5595 ι

2045 5608 2152 5682 29)⁸
2169 5606 2676 5682 Συναρπακζικοῐς
2724 5623 2808 5682 ξε.
2861 5607 2993 5681 Reg.
3044 5611 3170 5680 bin,
3212 5624 3523 5682 σπαρακτιρ

285 5677 603 5751 Milia};
631 5677 771 5761 quod
805 5698 1035 5757 amatur,
1066 5696 1159 5742 aut
1196 5701 1304 5743 non
1341 5684 1635 5745 laboratur,
1666 5688 1757 5735 aut
1798 5686 1851 5734 et
1950 5677 2086 5744 κοῖς.
2113 5677 2281 5735 Deest
2311 5693 2372 5730 τε
2407 5679 2459 5731 in
2493 5678 2699 5734 duobus
2735 5677 2902 5749 Regg.

288 5767 442 5824 labor
471 5774 699 5822 amatur.
724 5782 742 5815 ι
