  <div class='ocr_page' id='page_1' title='image "/cluster/home/n/w/nwhite01/storage/ocr_20150623/35/hvd.32044024473308/621.png"; bbox 0 0 3932 6600; ppageno 0'>
   <div class='ocr_carea' id='block_1_1' title="bbox 384 437 509 494">
    <p class='ocr_par' dir='ltr' id='par_1_1' title="bbox 384 437 509 494">
     <span class='ocr_line' id='line_1_1' title="bbox 384 437 509 494; baseline -0.008 0"><span class='ocrx_word' id='word_1_1' title='bbox 384 437 509 494; x_wconf 65' lang='lat' dir='ltr'><strong>HM</strong></span> 
     </span>
    </p>
   </div>
   <div class='ocr_carea' id='block_1_2' title="bbox 1578 426 2397 487">
    <p class='ocr_par' dir='ltr' id='par_1_2' title="bbox 1578 426 2397 487">
     <span class='ocr_line' id='line_1_2' title="bbox 1578 426 2397 487; baseline -0.004 -2"><span class='ocrx_word' id='word_1_2' title='bbox 1578 430 1632 485; x_wconf 87' lang='lat' dir='ltr'><strong>S.</strong></span> <span class='ocrx_word' id='word_1_3' title='bbox 1675 428 1956 487; x_wconf 73' lang='lat' dir='ltr'><strong>GREGOR</strong></span> <span class='ocrx_word' id='word_1_4' title='bbox 1971 429 2012 484; x_wconf 84' lang='grc' dir='ltr'><strong>ΙΙ</strong></span> <span class='ocrx_word' id='word_1_5' title='bbox 2054 426 2397 485; x_wconf 81' lang='lat' dir='ltr'><strong>THEOLOGI</strong></span> 
     </span>
    </p>
   </div>
   <div class='ocr_carea' id='block_1_3' title="bbox 3487 440 3631 493">
    <p class='ocr_par' dir='ltr' id='par_1_3' title="bbox 3487 440 3631 493">
     <span class='ocr_line' id='line_1_3' title="bbox 3487 440 3631 493; baseline 0.014 -2"><span class='ocrx_word' id='word_1_6' title='bbox 3487 440 3631 493; x_wconf 71' lang='grc'><strong>1252</strong></span> 
     </span>
    </p>
   </div>
   <div class='ocr_carea' id='block_1_4' title="bbox 380 546 1948 627">
    <p class='ocr_par' dir='ltr' id='par_1_4' title="bbox 380 549 1946 623">
     <span class='ocr_line' id='line_1_4' title="bbox 380 549 1946 623; baseline -0.004 -13"><span class='ocrx_word' id='word_1_7' title='bbox 380 571 516 610; x_wconf 73' lang='lat' dir='ltr'><strong>t&#39;tetn</strong></span> <span class='ocrx_word' id='word_1_8' title='bbox 551 563 788 623; x_wconf 86' lang='lat' dir='ltr'><strong>captant,</strong></span> <span class='ocrx_word' id='word_1_9' title='bbox 818 554 958 623; x_wconf 88' lang='lat' dir='ltr'><strong>quod</strong></span> <span class='ocrx_word' id='word_1_10' title='bbox 1013 553 1188 621; x_wconf 81' lang='lat' dir='ltr'><strong>palam</strong></span> <span class='ocrx_word' id='word_1_11' title='bbox 1224 560 1516 620; x_wconf 82' lang='lat' dir='ltr'><strong>aperteque</strong></span> <span class='ocrx_word' id='word_1_12' title='bbox 1553 551 1684 604; x_wconf 84' lang='lat' dir='ltr'><strong>nihil</strong></span> <span class='ocrx_word' id='word_1_13' title='bbox 1735 549 1946 603; x_wconf 71' lang='lat' dir='ltr'><strong>edicere</strong></span> 
     </span>
    </p>
   </div>
   <div class='ocr_carea' id='block_1_5' title="bbox 2062 546 3630 627">
    <p class='ocr_par' dir='ltr' id='par_1_5' title="bbox 2062 546 3630 627">
     <span class='ocr_line' id='line_1_5' title="bbox 2062 546 3630 627; baseline 0.008 -27"><span class='ocrx_word' id='word_1_14' title='bbox 2062 547 2236 618; x_wconf 64' lang='grc' dir='ltr'>ἐπειδὴ</span> <span class='ocrx_word' id='word_1_15' title='bbox 2259 548 2353 611; x_wconf 72' lang='grc' dir='ltr'>τὰς</span> <span class='ocrx_word' id='word_1_16' title='bbox 2375 546 2632 618; x_wconf 75' lang='grc' dir='ltr'><strong>ἀκαιρίας</strong></span> <span class='ocrx_word' id='word_1_17' title='bbox 2653 547 2760 618; x_wconf 79' lang='grc'><strong>(50)</strong></span> <span class='ocrx_word' id='word_1_18' title='bbox 2788 548 3035 620; x_wconf 75' lang='grc' dir='ltr'>τηροῦσι,</span> <span class='ocrx_word' id='word_1_19' title='bbox 3059 551 3118 604; x_wconf 78' lang='grc' dir='ltr'>τὸ</span> <span class='ocrx_word' id='word_1_20' title='bbox 3144 554 3390 624; x_wconf 65' lang='grc' dir='ltr'>φανερῶς</span> <span class='ocrx_word' id='word_1_21' title='bbox 3419 557 3630 627; x_wconf 76' lang='grc' dir='ltr'><strong>ἰσχύειν</strong></span> 
     </span>
    </p>
   </div>
   <div class='ocr_carea' id='block_1_6' title="bbox 380 643 1946 716">
    <p class='ocr_par' dir='ltr' id='par_1_6' title="bbox 380 643 1946 716">
     <span class='ocr_line' id='line_1_6' title="bbox 380 643 1946 716; baseline -0.004 -16"><span class='ocrx_word' id='word_1_22' title='bbox 380 647 606 716; x_wconf 86' lang='lat' dir='ltr'><strong>possint.</strong></span> <span class='ocrx_word' id='word_1_23' title='bbox 642 645 809 699; x_wconf 84' lang='lat' dir='ltr'><strong>Fures</strong></span> <span class='ocrx_word' id='word_1_24' title='bbox 838 644 998 696; x_wconf 86' lang='lat' dir='ltr'><strong>etiam</strong></span> <span class='ocrx_word' id='word_1_25' title='bbox 1025 657 1088 696; x_wconf 91' lang='lat' dir='ltr'><strong>ac</strong></span> <span class='ocrx_word' id='word_1_26' title='bbox 1110 643 1346 695; x_wconf 82' lang='lat' dir='ltr'><strong>latrones</strong></span> <span class='ocrx_word' id='word_1_27' title='bbox 1377 653 1574 703; x_wconf 90' lang='lat' dir='ltr'><strong>metuo,</strong></span> <span class='ocrx_word' id='word_1_28' title='bbox 1604 657 1668 693; x_wconf 90' lang='lat' dir='ltr'><strong>ne</strong></span> <span class='ocrx_word' id='word_1_29' title='bbox 1696 656 1789 710; x_wconf 88' lang='lat' dir='ltr'><strong>per</strong></span> <span class='ocrx_word' id='word_1_30' title='bbox 1814 656 1946 694; x_wconf 84' lang='lat' dir='ltr'><strong>cau-</strong></span> 
     </span>
    </p>
   </div>
   <div class='ocr_carea' id='block_1_7' title="bbox 379 733 1946 801">
    <p class='ocr_par' dir='ltr' id='par_1_7' title="bbox 379 733 1946 801">
     <span class='ocr_line' id='line_1_7' title="bbox 379 733 1946 801; baseline -0.005 -9"><span class='ocrx_word' id='word_1_31' title='bbox 379 739 482 792; x_wconf 84' lang='lat' dir='ltr'><strong>lant</strong></span> <span class='ocrx_word' id='word_1_32' title='bbox 516 737 898 798; x_wconf 82' lang='lat' dir='ltr'><strong>transilientes,</strong></span> <span class='ocrx_word' id='word_1_33' title='bbox 926 744 1018 787; x_wconf 87' lang='lat' dir='ltr'><strong>aut</strong></span> <span class='ocrx_word' id='word_1_34' title='bbox 1068 734 1363 801; x_wconf 87' lang='lat' dir='ltr'><strong>impudenti</strong></span> <span class='ocrx_word' id='word_1_35' title='bbox 1421 742 1581 801; x_wconf 86' lang='lat' dir='ltr'><strong>atque</strong></span> <span class='ocrx_word' id='word_1_36' title='bbox 1619 743 1810 801; x_wconf 87' lang='lat' dir='ltr'><strong>aperto</strong></span> <span class='ocrx_word' id='word_1_37' title='bbox 1845 733 1946 785; x_wconf 86' lang='lat' dir='ltr'><strong>im-</strong></span> 
     </span>
    </p>
   </div>
   <div class='ocr_carea' id='block_1_8' title="bbox 379 824 1944 898">
    <p class='ocr_par' dir='ltr' id='par_1_8' title="bbox 379 824 1944 898">
     <span class='ocr_line' id='line_1_8' title="bbox 379 824 1944 898; baseline -0.005 -15"><span class='ocrx_word' id='word_1_38' title='bbox 379 840 502 898; x_wconf 85' lang='lat' dir='ltr'><strong>petu</strong></span> <span class='ocrx_word' id='word_1_39' title='bbox 532 843 659 882; x_wconf 86' lang='lat' dir='ltr'><strong>oves</strong></span> <span class='ocrx_word' id='word_1_40' title='bbox 685 827 958 895; x_wconf 91' lang='lat' dir='ltr'><strong>diripiant,</strong></span> <span class='ocrx_word' id='word_1_41' title='bbox 995 835 1087 878; x_wconf 87' lang='lat' dir='ltr'><strong>aut</strong></span> <span class='ocrx_word' id='word_1_42' title='bbox 1108 824 1291 878; x_wconf 85' lang='lat' dir='ltr'><strong>l&#39;urtim</strong></span> <span class='ocrx_word' id='word_1_43' title='bbox 1323 824 1687 892; x_wconf 88' lang='lat' dir='ltr'><strong>intercipiant,</strong></span> <span class='ocrx_word' id='word_1_44' title='bbox 1720 833 1778 876; x_wconf 92' lang='lat' dir='ltr'><strong>ut</strong></span> <span class='ocrx_word' id='word_1_45' title='bbox 1831 840 1944 876; x_wconf 91' lang='lat' dir='ltr'><strong>ma-</strong></span> 
     </span>
    </p>
   </div>
   <div class='ocr_carea' id='block_1_9' title="bbox 375 917 1949 988">
    <p class='ocr_par' dir='ltr' id='par_1_9' title="bbox 375 917 1949 988">
     <span class='ocr_line' id='line_1_9' title="bbox 375 917 1949 988; baseline -0.003 -14"><span class='ocrx_word' id='word_1_46' title='bbox 375 929 542 986; x_wconf 89' lang='lat' dir='ltr'><strong>ctent,</strong></span> <span class='ocrx_word' id='word_1_47' title='bbox 600 931 653 974; x_wconf 91' lang='lat' dir='ltr'><strong>et</strong></span> <span class='ocrx_word' id='word_1_48' title='bbox 689 918 952 988; x_wconf 72' lang='lat' dir='ltr'><strong>iugulent,</strong></span> <span class='ocrx_word' id='word_1_49' title='bbox 989 935 1051 972; x_wconf 89' lang='lat' dir='ltr'><strong>ac</strong></span> <span class='ocrx_word' id='word_1_50' title='bbox 1097 918 1322 985; x_wconf 86' lang='lat' dir='ltr'><strong>perdant</strong></span> <span class='ocrx_word' id='word_1_51' title='bbox 1369 917 1446 980; x_wconf 79' lang='grc'>⁸⁸,</span> <span class='ocrx_word' id='word_1_52' title='bbox 1501 917 1772 985; x_wconf 87' lang='lat' dir='ltr'><strong>rapientes</strong></span> <span class='ocrx_word' id='word_1_53' title='bbox 1806 917 1949 984; x_wconf 87' lang='lat' dir='ltr'><strong>rapi-</strong></span> 
     </span>
    </p>
   </div>
   <div class='ocr_carea' id='block_1_10' title="bbox 376 1011 1946 1080">
    <p class='ocr_par' dir='ltr' id='par_1_10' title="bbox 376 1011 1946 1080">
     <span class='ocr_line' id='line_1_10' title="bbox 376 1011 1946 1080; baseline -0.001 -15"><span class='ocrx_word' id='word_1_54' title='bbox 376 1029 493 1077; x_wconf 87' lang='lat' dir='ltr'><strong>nas,</strong></span> <span class='ocrx_word' id='word_1_55' title='bbox 539 1021 592 1067; x_wconf 91' lang='lat' dir='ltr'><strong>et</strong></span> <span class='ocrx_word' id='word_1_56' title='bbox 627 1013 832 1066; x_wconf 87' lang='lat' dir='ltr'><strong>animas</strong></span> <span class='ocrx_word' id='word_1_57' title='bbox 874 1011 1241 1074; x_wconf 90' lang='lat' dir='ltr'><strong>comedentcs,</strong></span> <span class='ocrx_word' id='word_1_58' title='bbox 1288 1020 1343 1065; x_wconf 88' lang='lat' dir='ltr'><strong>ut</strong></span> <span class='ocrx_word' id='word_1_59' title='bbox 1389 1012 1646 1080; x_wconf 76' lang='lat' dir='ltr'><strong>propheta</strong></span> <span class='ocrx_word' id='word_1_60' title='bbox 1681 1011 1946 1080; x_wconf 75' lang='lat' dir='ltr'><strong>quispiam</strong></span> 
     </span>
    </p>
   </div>
   <div class='ocr_carea' id='block_1_11' title="bbox 376 1104 1944 1173">
    <p class='ocr_par' dir='ltr' id='par_1_11' title="bbox 376 1104 1944 1173">
     <span class='ocr_line' id='line_1_11' title="bbox 376 1104 1944 1173; baseline -0.001 -16"><span class='ocrx_word' id='word_1_61' title='bbox 376 1107 573 1160; x_wconf 76' lang='lat' dir='ltr'><strong>cecinit</strong></span> <span class='ocrx_word' id='word_1_62' title='bbox 603 1107 668 1160; x_wconf 71' lang='grc'><strong>⁸⁷.</strong></span> <span class='ocrx_word' id='word_1_63' title='bbox 706 1105 1012 1171; x_wconf 78' lang='lat' dir='ltr'><strong>Quinetiam</strong></span> <span class='ocrx_word' id='word_1_64' title='bbox 1059 1105 1184 1158; x_wconf 87' lang='lat' dir='ltr'><strong>illud</strong></span> <span class='ocrx_word' id='word_1_65' title='bbox 1228 1120 1435 1162; x_wconf 85' lang='lat' dir='ltr'><strong>vereor,</strong></span> <span class='ocrx_word' id='word_1_66' title='bbox 1484 1120 1549 1157; x_wconf 92' lang='lat' dir='ltr'><strong>ne</strong></span> <span class='ocrx_word' id='word_1_67' title='bbox 1583 1104 1705 1173; x_wconf 84' lang='lat' dir='ltr'><strong>quis</strong></span> <span class='ocrx_word' id='word_1_68' title='bbox 1737 1117 1944 1162; x_wconf 88' lang='lat' dir='ltr'><strong>eorum,</strong></span> 
     </span>
    </p>
   </div>
   <div class='ocr_carea' id='block_1_12' title="bbox 377 1192 1948 1263">
    <p class='ocr_par' dir='ltr' id='par_1_12' title="bbox 377 1192 1948 1263">
     <span class='ocr_line' id='line_1_12' title="bbox 377 1192 1948 1263; baseline 0.002 -18"><span class='ocrx_word' id='word_1_69' title='bbox 377 1196 465 1262; x_wconf 88' lang='lat' dir='ltr'><strong>qui</strong></span> <span class='ocrx_word' id='word_1_70' title='bbox 498 1197 612 1250; x_wconf 87' lang='lat' dir='ltr'><strong>heri</strong></span> <span class='ocrx_word' id='word_1_71' title='bbox 644 1205 699 1250; x_wconf 84' lang='lat' dir='ltr'><strong>et</strong></span> <span class='ocrx_word' id='word_1_72' title='bbox 744 1195 1136 1249; x_wconf 75' lang='lat' dir='ltr'><strong>nudiustertius</strong></span> <span class='ocrx_word' id='word_1_73' title='bbox 1166 1209 1195 1247; x_wconf 88' lang='lat' dir='ltr'><strong>a</strong></span> <span class='ocrx_word' id='word_1_74' title='bbox 1233 1195 1390 1248; x_wconf 88' lang='lat' dir='ltr'><strong>nobis</strong></span> <span class='ocrx_word' id='word_1_75' title='bbox 1410 1193 1644 1256; x_wconf 86' lang='lat' dir='ltr'><strong>stabant,</strong></span> <span class='ocrx_word' id='word_1_76' title='bbox 1673 1192 1948 1263; x_wconf 87' lang='lat' dir='ltr'><strong>angustius</strong></span> 
     </span>
    </p>
   </div>
   <div class='ocr_carea' id='block_1_13' title="bbox 376 1284 1948 1354">
    <p class='ocr_par' dir='ltr' id='par_1_13' title="bbox 376 1284 1948 1354">
     <span class='ocr_line' id='line_1_13' title="bbox 376 1284 1948 1354; baseline -0.001 -14"><span class='ocrx_word' id='word_1_77' title='bbox 376 1290 571 1341; x_wconf 84' lang='lat' dir='ltr'><strong>ostium</strong></span> <span class='ocrx_word' id='word_1_78' title='bbox 604 1286 746 1340; x_wconf 90' lang='lat' dir='ltr'><strong>haud</strong></span> <span class='ocrx_word' id='word_1_79' title='bbox 785 1287 1022 1340; x_wconf 88' lang='lat' dir='ltr'><strong>clausum</strong></span> <span class='ocrx_word' id='word_1_80' title='bbox 1079 1295 1291 1348; x_wconf 89' lang='lat' dir='ltr'><strong>nactus,</strong></span> <span class='ocrx_word' id='word_1_81' title='bbox 1333 1302 1394 1339; x_wconf 88' lang='lat' dir='ltr'><strong>ac</strong></span> <span class='ocrx_word' id='word_1_82' title='bbox 1443 1301 1537 1354; x_wconf 89' lang='lat' dir='ltr'><strong>per</strong></span> <span class='ocrx_word' id='word_1_83' title='bbox 1567 1284 1948 1338; x_wconf 77' lang='lat' dir='ltr'><strong>familiaritatis</strong></span> 
     </span>
    </p>
   </div>
   <div class='ocr_carea' id='block_1_14' title="bbox 378 1375 1945 1449">
    <p class='ocr_par' dir='ltr' id='par_1_14' title="bbox 378 1375 1945 1449">
     <span class='ocr_line' id='line_1_14' title="bbox 378 1375 1945 1449; baseline -0.005 -15"><span class='ocrx_word' id='word_1_84' title='bbox 378 1381 614 1449; x_wconf 75' lang='lat' dir='ltr'><strong>Speciem</strong></span> <span class='ocrx_word' id='word_1_85' title='bbox 655 1380 947 1447; x_wconf 84' lang='lat' dir='ltr'><strong>ingressus,</strong></span> <span class='ocrx_word' id='word_1_86' title='bbox 994 1378 1103 1442; x_wconf 85' lang='lat' dir='ltr'><strong>jam</strong></span> <span class='ocrx_word' id='word_1_87' title='bbox 1138 1386 1194 1430; x_wconf 92' lang='lat' dir='ltr'><strong>ut</strong></span> <span class='ocrx_word' id='word_1_88' title='bbox 1243 1378 1448 1431; x_wconf 90' lang='lat' dir='ltr'><strong>alienus</strong></span> <span class='ocrx_word' id='word_1_89' title='bbox 1483 1376 1704 1430; x_wconf 80' lang='lat' dir='ltr'><strong>insidias</strong></span> <span class='ocrx_word' id='word_1_90' title='bbox 1756 1375 1945 1428; x_wconf 86' lang='lat' dir='ltr'><strong>molia-</strong></span> 
     </span>
    </p>
   </div>
   <div class='ocr_carea' id='block_1_15' title="bbox 307 1467 1942 1538">
    <p class='ocr_par' dir='ltr' id='par_1_15' title="bbox 307 1467 1942 1538">
     <span class='ocr_line' id='line_1_15' title="bbox 307 1467 1942 1538; baseline -0.002 -12"><span class='ocrx_word' id='word_1_91' title='bbox 307 1475 316 1482; x_wconf 72' lang='grc'><strong><em>⁵</em></strong></span> <span class='ocrx_word' id='word_1_92' title='bbox 376 1483 485 1526; x_wconf 90' lang='lat' dir='ltr'><strong>tur.</strong></span> <span class='ocrx_word' id='word_1_93' title='bbox 547 1471 726 1526; x_wconf 72' lang='lat' dir='ltr'><strong>Multre</strong></span> <span class='ocrx_word' id='word_1_94' title='bbox 767 1472 910 1524; x_wconf 89' lang='lat' dir='ltr'><strong>enim</strong></span> <span class='ocrx_word' id='word_1_95' title='bbox 972 1471 1243 1538; x_wconf 61' lang='lat' dir='ltr'><strong>variatque</strong></span> <span class='ocrx_word' id='word_1_96' title='bbox 1308 1469 1586 1536; x_wconf 81' lang='lat' dir='ltr'><strong>ejns,qui</strong></span> <span class='ocrx_word' id='word_1_97' title='bbox 1637 1467 1942 1534; x_wconf 86' lang='lat' dir='ltr'><strong>hujusmodi</strong></span> 
     </span>
    </p>
   </div>
   <div class='ocr_carea' id='block_1_16' title="bbox 377 1560 1947 1622">
    <p class='ocr_par' dir='ltr' id='par_1_16' title="bbox 377 1560 1947 1622">
     <span class='ocr_line' id='line_1_16' title="bbox 377 1560 1947 1622; baseline -0.003 -4"><span class='ocrx_word' id='word_1_98' title='bbox 377 1567 546 1618; x_wconf 87' lang='lat' dir='ltr'><strong>resin</strong></span> <span class='ocrx_word' id='word_1_99' title='bbox 590 1564 860 1618; x_wconf 85' lang='lat' dir='ltr'><strong>hominum</strong></span> <span class='ocrx_word' id='word_1_100' title='bbox 893 1563 1101 1616; x_wconf 88' lang='lat' dir='ltr'><strong>animos</strong></span> <span class='ocrx_word' id='word_1_101' title='bbox 1153 1561 1411 1622; x_wconf 86' lang='lat' dir='ltr'><strong>immittit,</strong></span> <span class='ocrx_word' id='word_1_102' title='bbox 1443 1572 1586 1614; x_wconf 81' lang='lat' dir='ltr'><strong>artes</strong></span> <span class='ocrx_word' id='word_1_103' title='bbox 1633 1569 1686 1612; x_wconf 89' lang='lat' dir='ltr'><strong>et</strong></span> <span class='ocrx_word' id='word_1_104' title='bbox 1740 1560 1947 1614; x_wconf 73' lang='lat' dir='ltr'><strong>iusitlize</strong></span> 
     </span>
    </p>
   </div>
   <div class='ocr_carea' id='block_1_17' title="bbox 379 1651 1945 1723">
    <p class='ocr_par' dir='ltr' id='par_1_17' title="bbox 379 1651 1945 1723">
     <span class='ocr_line' id='line_1_17' title="bbox 379 1651 1945 1723; baseline -0.005 -13"><span class='ocrx_word' id='word_1_105' title='bbox 379 1667 536 1720; x_wconf 88' lang='lat' dir='ltr'><strong>sunt;</strong></span> <span class='ocrx_word' id='word_1_106' title='bbox 578 1671 676 1710; x_wconf 90' lang='lat' dir='ltr'><strong>nec</strong></span> <span class='ocrx_word' id='word_1_107' title='bbox 709 1654 991 1723; x_wconf 81' lang='lat' dir='ltr'><strong>quisquam</strong></span> <span class='ocrx_word' id='word_1_108' title='bbox 1027 1664 1133 1706; x_wconf 90' lang='lat' dir='ltr'><strong>tam</strong></span> <span class='ocrx_word' id='word_1_109' title='bbox 1165 1651 1335 1705; x_wconf 90' lang='lat' dir='ltr'><strong>solers</strong></span> <span class='ocrx_word' id='word_1_110' title='bbox 1365 1660 1446 1705; x_wconf 90' lang='lat' dir='ltr'><strong>est</strong></span> <span class='ocrx_word' id='word_1_111' title='bbox 1471 1666 1647 1704; x_wconf 88' lang='lat' dir='ltr'><strong>rerum</strong></span> <span class='ocrx_word' id='word_1_112' title='bbox 1679 1651 1945 1702; x_wconf 87' lang='lat' dir='ltr'><strong>variarum</strong></span> 
     </span>
    </p>
   </div>
   <div class='ocr_carea' id='block_1_18' title="bbox 383 1741 1948 1816">
    <p class='ocr_par' dir='ltr' id='par_1_18' title="bbox 383 1741 1948 1816">
     <span class='ocr_line' id='line_1_18' title="bbox 383 1741 1948 1816; baseline -0.005 -14"><span class='ocrx_word' id='word_1_113' title='bbox 383 1749 728 1812; x_wconf 82' lang='lat' dir='ltr'><strong>architectus,</strong></span> <span class='ocrx_word' id='word_1_114' title='bbox 775 1762 933 1816; x_wconf 87' lang='lat' dir='ltr'><strong>quam</strong></span> <span class='ocrx_word' id='word_1_115' title='bbox 998 1745 1202 1813; x_wconf 86' lang='lat' dir='ltr'><strong>peritus</strong></span> <span class='ocrx_word' id='word_1_116' title='bbox 1237 1743 1348 1795; x_wconf 83' lang='lat' dir='ltr'><strong>vitii</strong></span> <span class='ocrx_word' id='word_1_117' title='bbox 1396 1741 1592 1794; x_wconf 79' lang='lat' dir='ltr'><strong>artifex</strong></span> <span class='ocrx_word' id='word_1_118' title='bbox 1641 1749 1723 1794; x_wconf 88' lang='lat' dir='ltr'><strong>est</strong></span> <span class='ocrx_word' id='word_1_119' title='bbox 1765 1748 1948 1794; x_wconf 77' lang='lat' dir='ltr'><strong>noster</strong></span> 
     </span>
    </p>
   </div>
   <div class='ocr_carea' id='block_1_19' title="bbox 382 1829 1947 1900">
    <p class='ocr_par' dir='ltr' id='par_1_19' title="bbox 382 1829 1947 1900">
     <span class='ocr_line' id='line_1_19' title="bbox 382 1829 1947 1900; baseline -0.004 -13"><span class='ocrx_word' id='word_1_120' title='bbox 382 1835 743 1888; x_wconf 81' lang='lat' dir='ltr'><strong>adversarius.</strong></span> <span class='ocrx_word' id='word_1_121' title='bbox 799 1833 916 1888; x_wconf 85' lang='lat' dir='ltr'><strong>Jam</strong></span> <span class='ocrx_word' id='word_1_122' title='bbox 960 1833 1087 1886; x_wconf 88' lang='lat' dir='ltr'><strong>mihi</strong></span> <span class='ocrx_word' id='word_1_123' title='bbox 1134 1846 1346 1900; x_wconf 84' lang='lat' dir='ltr'><strong>quoque</strong></span> <span class='ocrx_word' id='word_1_124' title='bbox 1401 1831 1645 1884; x_wconf 86' lang='lat' dir='ltr'><strong>timorem</strong></span> <span class='ocrx_word' id='word_1_125' title='bbox 1701 1829 1947 1900; x_wconf 86' lang='lat' dir='ltr'><strong>injieinut</strong></span> 
     </span>
    </p>
   </div>
   <div class='ocr_carea' id='block_1_20' title="bbox 384 1922 1946 1994">
    <p class='ocr_par' dir='ltr' id='par_1_20' title="bbox 384 1922 1946 1994">
     <span class='ocr_line' id='line_1_20' title="bbox 384 1922 1946 1994; baseline -0.003 -17"><span class='ocrx_word' id='word_1_126' title='bbox 384 1941 566 1990; x_wconf 85' lang='lat' dir='ltr'><strong>canes,</strong></span> <span class='ocrx_word' id='word_1_127' title='bbox 605 1941 701 1994; x_wconf 91' lang='lat' dir='ltr'><strong>per</strong></span> <span class='ocrx_word' id='word_1_128' title='bbox 733 1927 839 1978; x_wconf 88' lang='lat' dir='ltr'><strong>vim</strong></span> <span class='ocrx_word' id='word_1_129' title='bbox 877 1926 927 1978; x_wconf 93' lang='lat' dir='ltr'><strong>in</strong></span> <span class='ocrx_word' id='word_1_130' title='bbox 983 1934 1256 1992; x_wconf 80' lang='lat' dir='ltr'><strong>pastorum</strong></span> <span class='ocrx_word' id='word_1_131' title='bbox 1297 1923 1525 1977; x_wconf 85' lang='lat' dir='ltr'><strong>classem</strong></span> <span class='ocrx_word' id='word_1_132' title='bbox 1570 1922 1946 1990; x_wconf 88' lang='lat' dir='ltr'><strong>irrumpentes,</strong></span> 
     </span>
    </p>
   </div>
   <div class='ocr_carea' id='block_1_21' title="bbox 381 2012 1948 2087">
    <p class='ocr_par' dir='ltr' id='par_1_21' title="bbox 381 2012 1948 2087">
     <span class='ocr_line' id='line_1_21' title="bbox 381 2012 1948 2087; baseline -0.004 -15"><span class='ocrx_word' id='word_1_133' title='bbox 381 2018 560 2086; x_wconf 75' lang='lat' dir='ltr'><strong>idque,</strong></span> <span class='ocrx_word' id='word_1_134' title='bbox 593 2020 731 2087; x_wconf 91' lang='lat' dir='ltr'><strong>quod</strong></span> <span class='ocrx_word' id='word_1_135' title='bbox 759 2019 1048 2072; x_wconf 90' lang='lat' dir='ltr'><strong>absurdum</strong></span> <span class='ocrx_word' id='word_1_136' title='bbox 1083 2015 1237 2068; x_wconf 88' lang='lat' dir='ltr'><strong>valde</strong></span> <span class='ocrx_word' id='word_1_137' title='bbox 1265 2025 1368 2080; x_wconf 91' lang='lat' dir='ltr'><strong>est,</strong></span> <span class='ocrx_word' id='word_1_138' title='bbox 1402 2030 1524 2068; x_wconf 90' lang='lat' dir='ltr'><strong>cum</strong></span> <span class='ocrx_word' id='word_1_139' title='bbox 1559 2014 1624 2068; x_wconf 86' lang='lat' dir='ltr'><strong>ad</strong></span> <span class='ocrx_word' id='word_1_140' title='bbox 1662 2012 1948 2082; x_wconf 84' lang='lat' dir='ltr'><strong>pastoralis</strong></span> 
     </span>
    </p>
   </div>
   <div class='ocr_carea' id='block_1_22' title="bbox 379 2105 1946 2164">
    <p class='ocr_par' dir='ltr' id='par_1_22' title="bbox 379 2105 1946 2164">
     <span class='ocr_line' id='line_1_22' title="bbox 379 2105 1946 2164; baseline -0.004 -1"><span class='ocrx_word' id='word_1_141' title='bbox 379 2111 615 2164; x_wconf 88' lang='lat' dir='ltr'><strong>muneris</strong></span> <span class='ocrx_word' id='word_1_142' title='bbox 640 2109 1162 2164; x_wconf 89' lang='lat' dir='ltr'><strong>administrationem</strong></span> <span class='ocrx_word' id='word_1_143' title='bbox 1205 2106 1338 2159; x_wconf 90' lang='lat' dir='ltr'><strong>nihil</strong></span> <span class='ocrx_word' id='word_1_144' title='bbox 1390 2105 1612 2159; x_wconf 92' lang='lat' dir='ltr'><strong>omnino</strong></span> <span class='ocrx_word' id='word_1_145' title='bbox 1643 2105 1788 2157; x_wconf 86' lang='lat' dir='ltr'><strong>aliud</strong></span> <span class='ocrx_word' id='word_1_146' title='bbox 1817 2118 1946 2158; x_wconf 83' lang='lat' dir='ltr'><strong>con-</strong></span> 
     </span>
    </p>
   </div>
   <div class='ocr_carea' id='block_1_23' title="bbox 381 2194 1950 2270">
    <p class='ocr_par' dir='ltr' id='par_1_23' title="bbox 381 2194 1950 2270">
     <span class='ocr_line' id='line_1_23' title="bbox 381 2194 1950 2270; baseline -0.003 -15"><span class='ocrx_word' id='word_1_147' title='bbox 381 2201 617 2267; x_wconf 89' lang='lat' dir='ltr'><strong>tulerint,</strong></span> <span class='ocrx_word' id='word_1_148' title='bbox 643 2217 800 2270; x_wconf 89' lang='lat' dir='ltr'><strong>quam</strong></span> <span class='ocrx_word' id='word_1_149' title='bbox 826 2201 966 2270; x_wconf 90' lang='lat' dir='ltr'><strong>quod</strong></span> <span class='ocrx_word' id='word_1_150' title='bbox 1001 2212 1232 2262; x_wconf 86' lang='lat' dir='ltr'><strong>comam,</strong></span> <span class='ocrx_word' id='word_1_151' title='bbox 1259 2198 1342 2252; x_wconf 90' lang='lat' dir='ltr'><strong>cui</strong></span> <span class='ocrx_word' id='word_1_152' title='bbox 1374 2196 1632 2250; x_wconf 70' lang='lat' dir='ltr'><strong>ornandae</strong></span> <span class='ocrx_word' id='word_1_153' title='bbox 1672 2206 1726 2249; x_wconf 90' lang='lat' dir='ltr'><strong>et</strong></span> <span class='ocrx_word' id='word_1_154' title='bbox 1747 2194 1950 2250; x_wconf 70' lang='lat' dir='ltr'><strong>alenda:</strong></span> 
     </span>
    </p>
   </div>
   <div class='ocr_carea' id='block_1_24' title="bbox 381 2286 1948 2358">
    <p class='ocr_par' dir='ltr' id='par_1_24' title="bbox 381 2286 1948 2358">
     <span class='ocr_line' id='line_1_24' title="bbox 381 2286 1948 2358; baseline -0.001 -18"><span class='ocrx_word' id='word_1_155' title='bbox 381 2293 606 2358; x_wconf 87' lang='lat' dir='ltr'><strong>turpiter</strong></span> <span class='ocrx_word' id='word_1_156' title='bbox 639 2291 976 2354; x_wconf 87' lang='lat' dir='ltr'><strong>studuerant,</strong></span> <span class='ocrx_word' id='word_1_157' title='bbox 1010 2298 1300 2352; x_wconf 81' lang='lat' dir='ltr'><strong>raserunt;</strong></span> <span class='ocrx_word' id='word_1_158' title='bbox 1354 2286 1442 2356; x_wconf 91' lang='lat' dir='ltr'><strong>qui</strong></span> <span class='ocrx_word' id='word_1_159' title='bbox 1494 2301 1591 2339; x_wconf 89' lang='lat' dir='ltr'><strong>nec</strong></span> <span class='ocrx_word' id='word_1_160' title='bbox 1647 2286 1698 2339; x_wconf 93' lang='lat' dir='ltr'><strong>in</strong></span> <span class='ocrx_word' id='word_1_161' title='bbox 1757 2301 1948 2339; x_wconf 87' lang='lat' dir='ltr'><strong>canum</strong></span> 
     </span>
    </p>
   </div>
   <div class='ocr_carea' id='block_1_25' title="bbox 379 2377 1954 2446">
    <p class='ocr_par' dir='ltr' id='par_1_25' title="bbox 379 2377 1954 2446">
     <span class='ocr_line' id='line_1_25' title="bbox 379 2377 1954 2446; baseline -0.003 -14"><span class='ocrx_word' id='word_1_162' title='bbox 379 2379 564 2432; x_wconf 90' lang='lat' dir='ltr'><strong>ordine</strong></span> <span class='ocrx_word' id='word_1_163' title='bbox 594 2387 928 2445; x_wconf 89' lang='lat' dir='ltr'><strong>manserunt,</strong></span> <span class='ocrx_word' id='word_1_164' title='bbox 983 2394 1079 2433; x_wconf 88' lang='lat' dir='ltr'><strong>nec</strong></span> <span class='ocrx_word' id='word_1_165' title='bbox 1107 2387 1352 2446; x_wconf 88' lang='lat' dir='ltr'><strong>pastores</strong></span> <span class='ocrx_word' id='word_1_166' title='bbox 1406 2378 1532 2431; x_wconf 89' lang='lat' dir='ltr'><strong>lacti</strong></span> <span class='ocrx_word' id='word_1_167' title='bbox 1564 2385 1706 2439; x_wconf 88' lang='lat' dir='ltr'><strong>sunt,</strong></span> <span class='ocrx_word' id='word_1_168' title='bbox 1742 2377 1842 2430; x_wconf 91' lang='lat' dir='ltr'><strong>nisi</strong></span> <span class='ocrx_word' id='word_1_169' title='bbox 1896 2385 1954 2428; x_wconf 90' lang='lat' dir='ltr'><strong>ut</strong></span> 
     </span>
    </p>
   </div>
   <div class='ocr_carea' id='block_1_26' title="bbox 379 2466 1951 2538">
    <p class='ocr_par' dir='ltr' id='par_1_26' title="bbox 379 2466 1951 2538">
     <span class='ocr_line' id='line_1_26' title="bbox 379 2466 1951 2538; baseline 0 -18"><span class='ocrx_word' id='word_1_170' title='bbox 379 2469 577 2522; x_wconf 89' lang='lat' dir='ltr'><strong>lanient</strong></span> <span class='ocrx_word' id='word_1_171' title='bbox 609 2469 1016 2538; x_wconf 86' lang='lat' dir='ltr'><strong>etdispergant,</strong></span> <span class='ocrx_word' id='word_1_172' title='bbox 1067 2479 1228 2536; x_wconf 89' lang='lat' dir='ltr'><strong>atque</strong></span> <span class='ocrx_word' id='word_1_173' title='bbox 1256 2468 1484 2520; x_wconf 86' lang='lat' dir='ltr'><strong>aliorum</strong></span> <span class='ocrx_word' id='word_1_174' title='bbox 1520 2467 1732 2520; x_wconf 87' lang='lat' dir='ltr'><strong>labores</strong></span> <span class='ocrx_word' id='word_1_175' title='bbox 1757 2466 1951 2520; x_wconf 82' lang='lat' dir='ltr'><strong>infrin—</strong></span> 
     </span>
    </p>
   </div>
   <div class='ocr_carea' id='block_1_27' title="bbox 377 2558 1954 2631">
    <p class='ocr_par' dir='ltr' id='par_1_27' title="bbox 377 2558 1954 2631">
     <span class='ocr_line' id='line_1_27' title="bbox 377 2558 1954 2631; baseline 0.003 -22"><span class='ocrx_word' id='word_1_176' title='bbox 377 2571 522 2631; x_wconf 79' lang='lat' dir='ltr'><strong>gatrl.</strong></span> <span class='ocrx_word' id='word_1_177' title='bbox 555 2562 993 2630; x_wconf 84' lang='lat' dir='ltr'><strong>Quandoquidem</strong></span> <span class='ocrx_word' id='word_1_178' title='bbox 1019 2560 1229 2614; x_wconf 77' lang='lat' dir='ltr'><strong>facilius</strong></span> <span class='ocrx_word' id='word_1_179' title='bbox 1276 2575 1491 2628; x_wconf 85' lang='lat' dir='ltr'><strong>semper</strong></span> <span class='ocrx_word' id='word_1_180' title='bbox 1519 2568 1600 2614; x_wconf 85' lang='lat' dir='ltr'><strong>est</strong></span> <span class='ocrx_word' id='word_1_181' title='bbox 1630 2558 1954 2614; x_wconf 78' lang='lat' dir='ltr'><strong>labefactare</strong></span> 
     </span>
    </p>
   </div>
   <div class='ocr_carea' id='block_1_28' title="bbox 378 2650 1954 2720">
    <p class='ocr_par' dir='ltr' id='par_1_28' title="bbox 378 2650 1954 2720">
     <span class='ocr_line' id='line_1_28' title="bbox 378 2650 1954 2720; baseline 0 -18"><span class='ocrx_word' id='word_1_182' title='bbox 378 2668 440 2705; x_wconf 91' lang='lat' dir='ltr'><strong>ac</strong></span> <span class='ocrx_word' id='word_1_183' title='bbox 472 2653 713 2719; x_wconf 86' lang='lat' dir='ltr'><strong>perdere,</strong></span> <span class='ocrx_word' id='word_1_184' title='bbox 731 2667 890 2720; x_wconf 89' lang='lat' dir='ltr'><strong>quam</strong></span> <span class='ocrx_word' id='word_1_185' title='bbox 909 2665 1226 2704; x_wconf 87' lang='lat' dir='ltr'><strong>conservare</strong></span> <span class='ocrx_word' id='word_1_186' title='bbox 1251 2659 1336 2703; x_wconf 90' lang='lat' dir='ltr'><strong>:et</strong></span> <span class='ocrx_word' id='word_1_187' title='bbox 1365 2650 1534 2704; x_wconf 87' lang='lat' dir='ltr'><strong>labori</strong></span> <span class='ocrx_word' id='word_1_188' title='bbox 1555 2650 1767 2718; x_wconf 86' lang='lat' dir='ltr'><strong>quidem</strong></span> <span class='ocrx_word' id='word_1_189' title='bbox 1794 2650 1954 2702; x_wconf 88' lang='lat' dir='ltr'><strong>homo</strong></span> 
     </span>
    </p>
   </div>
   <div class='ocr_carea' id='block_1_29' title="bbox 379 2741 1952 2813">
    <p class='ocr_par' dir='ltr' id='par_1_29' title="bbox 379 2741 1952 2813">
     <span class='ocr_line' id='line_1_29' title="bbox 379 2741 1952 2813; baseline -0.002 -18"><span class='ocrx_word' id='word_1_190' title='bbox 379 2744 636 2809; x_wconf 78' lang='lat' dir='ltr'><strong>nascitur,</strong></span> <span class='ocrx_word' id='word_1_191' title='bbox 657 2743 1102 2813; x_wconf 88' lang='lat' dir='ltr'><strong>quemadmodum</strong></span> <span class='ocrx_word' id='word_1_192' title='bbox 1120 2742 1192 2795; x_wconf 90' lang='lat' dir='ltr'><strong>ait</strong></span> <span class='ocrx_word' id='word_1_193' title='bbox 1207 2741 1384 2806; x_wconf 73' lang='lat' dir='ltr'><strong>Joh“,</strong></span> <span class='ocrx_word' id='word_1_194' title='bbox 1400 2751 1453 2796; x_wconf 88' lang='lat' dir='ltr'><strong>et</strong></span> <span class='ocrx_word' id='word_1_195' title='bbox 1469 2741 1618 2794; x_wconf 87' lang='lat' dir='ltr'><strong>navis</strong></span> <span class='ocrx_word' id='word_1_196' title='bbox 1632 2741 1952 2805; x_wconf 87' lang='lat' dir='ltr'><strong>exstruitur,</strong></span> 
     </span>
    </p>
   </div>
   <div class='ocr_carea' id='block_1_30' title="bbox 379 2834 1950 2898">
    <p class='ocr_par' dir='ltr' id='par_1_30' title="bbox 379 2834 1950 2898">
     <span class='ocr_line' id='line_1_30' title="bbox 379 2834 1950 2898; baseline 0.003 -15"><span class='ocrx_word' id='word_1_197' title='bbox 379 2845 432 2886; x_wconf 88' lang='lat' dir='ltr'><strong>et</strong></span> <span class='ocrx_word' id='word_1_198' title='bbox 461 2835 647 2888; x_wconf 89' lang='lat' dir='ltr'><strong>domus</strong></span> <span class='ocrx_word' id='word_1_199' title='bbox 666 2834 990 2897; x_wconf 66' lang='lat' dir='ltr'><strong>aedificatur;</strong></span> <span class='ocrx_word' id='word_1_200' title='bbox 1021 2834 1326 2888; x_wconf 73' lang='lat' dir='ltr'><strong>interficere</strong></span> <span class='ocrx_word' id='word_1_201' title='bbox 1349 2843 1550 2898; x_wconf 86' lang='lat' dir='ltr'><strong>autem,</strong></span> <span class='ocrx_word' id='word_1_202' title='bbox 1577 2842 1668 2886; x_wconf 89' lang='lat' dir='ltr'><strong>aut</strong></span> <span class='ocrx_word' id='word_1_203' title='bbox 1690 2843 1950 2898; x_wconf 81' lang='lat' dir='ltr'><strong>evertere,</strong></span> 
     </span>
    </p>
   </div>
   <div class='ocr_carea' id='block_1_31' title="bbox 380 2925 1956 2996">
    <p class='ocr_par' dir='ltr' id='par_1_31' title="bbox 380 2925 1956 2996">
     <span class='ocr_line' id='line_1_31' title="bbox 380 2925 1956 2996; baseline 0.001 -19"><span class='ocrx_word' id='word_1_204' title='bbox 380 2937 473 2977; x_wconf 75' lang='lat' dir='ltr'><strong>aut</strong></span> <span class='ocrx_word' id='word_1_205' title='bbox 495 2925 780 2979; x_wconf 86' lang='lat' dir='ltr'><strong>incendere</strong></span> <span class='ocrx_word' id='word_1_206' title='bbox 809 2927 982 2994; x_wconf 86' lang='lat' dir='ltr'><strong>quivis</strong></span> <span class='ocrx_word' id='word_1_207' title='bbox 1006 2925 1162 2979; x_wconf 75' lang='lat' dir='ltr'><strong>facile</strong></span> <span class='ocrx_word' id='word_1_208' title='bbox 1180 2935 1371 2994; x_wconf 89' lang='lat' dir='ltr'><strong>potest.</strong></span> <span class='ocrx_word' id='word_1_209' title='bbox 1395 2926 1471 2978; x_wconf 84' lang='lat' dir='ltr'><strong>Ac</strong></span> <span class='ocrx_word' id='word_1_210' title='bbox 1487 2925 1710 2996; x_wconf 90' lang='lat' dir='ltr'><strong>proinde</strong></span> <span class='ocrx_word' id='word_1_211' title='bbox 1727 2939 1791 2978; x_wconf 88' lang='lat' dir='ltr'><strong>ne</strong></span> <span class='ocrx_word' id='word_1_212' title='bbox 1813 2939 1956 2978; x_wconf 89' lang='lat' dir='ltr'><strong>nunc</strong></span> 
     </span>
    </p>
   </div>
   <div class='ocr_carea' id='block_1_32' title="bbox 379 3015 1958 3086">
    <p class='ocr_par' dir='ltr' id='par_1_32' title="bbox 379 3015 1958 3086">
     <span class='ocr_line' id='line_1_32' title="bbox 379 3015 1958 3086; baseline -0.001 -16"><span class='ocrx_word' id='word_1_213' title='bbox 379 3018 596 3086; x_wconf 88' lang='lat' dir='ltr'><strong>quidem</strong></span> <span class='ocrx_word' id='word_1_214' title='bbox 668 3017 979 3072; x_wconf 89' lang='lat' dir='ltr'><strong>insolentius</strong></span> <span class='ocrx_word' id='word_1_215' title='bbox 1027 3032 1143 3072; x_wconf 87' lang='lat' dir='ltr'><strong>sese</strong></span> <span class='ocrx_word' id='word_1_216' title='bbox 1192 3015 1437 3080; x_wconf 74' lang='lat' dir='ltr'><strong>elIeratit,</strong></span> <span class='ocrx_word' id='word_1_217' title='bbox 1485 3016 1578 3085; x_wconf 89' lang='lat' dir='ltr'><strong>qui</strong></span> <span class='ocrx_word' id='word_1_218' title='bbox 1651 3029 1814 3070; x_wconf 90' lang='lat' dir='ltr'><strong>canes</strong></span> <span class='ocrx_word' id='word_1_219' title='bbox 1863 3015 1958 3069; x_wconf 85' lang='lat' dir='ltr'><strong>ad-</strong></span> 
     </span>
    </p>
   </div>
   <div class='ocr_carea' id='block_1_33' title="bbox 382 3106 1953 3178">
    <p class='ocr_par' dir='ltr' id='par_1_33' title="bbox 382 3106 1953 3178">
     <span class='ocr_line' id='line_1_33' title="bbox 382 3106 1953 3178; baseline -0.001 -17"><span class='ocrx_word' id='word_1_220' title='bbox 382 3123 569 3162; x_wconf 76' lang='lat' dir='ltr'><strong>versus</strong></span> <span class='ocrx_word' id='word_1_221' title='bbox 594 3123 807 3178; x_wconf 79' lang='lat' dir='ltr'><strong>gregem</strong></span> <span class='ocrx_word' id='word_1_222' title='bbox 841 3108 1206 3171; x_wconf 88' lang='lat' dir='ltr'><strong>concitarunt,</strong></span> <span class='ocrx_word' id='word_1_223' title='bbox 1228 3108 1316 3176; x_wconf 91' lang='lat' dir='ltr'><strong>qui</strong></span> <span class='ocrx_word' id='word_1_224' title='bbox 1358 3122 1424 3162; x_wconf 91' lang='lat' dir='ltr'><strong>ne</strong></span> <span class='ocrx_word' id='word_1_225' title='bbox 1443 3107 1707 3161; x_wconf 85' lang='lat' dir='ltr'><strong>oviculam</strong></span> <span class='ocrx_word' id='word_1_226' title='bbox 1735 3106 1953 3176; x_wconf 87' lang='lat' dir='ltr'><strong>quidem</strong></span> 
     </span>
    </p>
   </div>
   <div class='ocr_carea' id='block_1_34' title="bbox 381 3198 1956 3269">
    <p class='ocr_par' dir='ltr' id='par_1_34' title="bbox 381 3198 1956 3269">
     <span class='ocr_line' id='line_1_34' title="bbox 381 3198 1956 3269; baseline 0 -19"><span class='ocrx_word' id='word_1_227' title='bbox 381 3215 539 3252; x_wconf 85' lang='lat' dir='ltr'><strong>unam</strong></span> <span class='ocrx_word' id='word_1_228' title='bbox 580 3201 821 3268; x_wconf 88' lang='lat' dir='ltr'><strong>proferre</strong></span> <span class='ocrx_word' id='word_1_229' title='bbox 851 3210 1097 3269; x_wconf 87' lang='lat' dir='ltr'><strong>possunt,</strong></span> <span class='ocrx_word' id='word_1_230' title='bbox 1127 3215 1285 3266; x_wconf 89' lang='lat' dir='ltr'><strong>quam</strong></span> <span class='ocrx_word' id='word_1_231' title='bbox 1343 3199 1687 3261; x_wconf 83' lang='lat' dir='ltr'><strong>adduxerint,</strong></span> <span class='ocrx_word' id='word_1_232' title='bbox 1721 3198 1802 3252; x_wconf 90' lang='lat' dir='ltr'><strong>vel</strong></span> <span class='ocrx_word' id='word_1_233' title='bbox 1829 3214 1956 3250; x_wconf 75' lang='lat' dir='ltr'><strong>con~</strong></span> 
     </span>
    </p>
   </div>
   <div class='ocr_carea' id='block_1_35' title="bbox 380 3289 1950 3351">
    <p class='ocr_par' dir='ltr' id='par_1_35' title="bbox 380 3289 1950 3351">
     <span class='ocr_line' id='line_1_35' title="bbox 380 3289 1950 3351; baseline -0.002 -8"><span class='ocrx_word' id='word_1_234' title='bbox 380 3292 668 3346; x_wconf 70' lang='lat' dir='ltr'><strong>servarint.</strong></span> <span class='ocrx_word' id='word_1_235' title='bbox 703 3291 808 3346; x_wconf 78' lang='lat' dir='ltr'><strong>Nec</strong></span> <span class='ocrx_word' id='word_1_236' title='bbox 842 3291 984 3346; x_wconf 88' lang='lat' dir='ltr'><strong>enim</strong></span> <span class='ocrx_word' id='word_1_237' title='bbox 1049 3302 1196 3344; x_wconf 89' lang='lat' dir='ltr'><strong>recte</strong></span> <span class='ocrx_word' id='word_1_238' title='bbox 1251 3290 1428 3344; x_wconf 81' lang='lat' dir='ltr'><strong>facere</strong></span> <span class='ocrx_word' id='word_1_239' title='bbox 1463 3289 1784 3351; x_wconf 87' lang='lat' dir='ltr'><strong>didicerunt,</strong></span> <span class='ocrx_word' id='word_1_240' title='bbox 1830 3303 1950 3341; x_wconf 88' lang='lat' dir='ltr'><strong>cum</strong></span> 
     </span>
    </p>
   </div>
   <div class='ocr_carea' id='block_1_36' title="bbox 383 3380 1954 3454">
    <p class='ocr_par' dir='ltr' id='par_1_36' title="bbox 383 3380 1954 3454">
     <span class='ocr_line' id='line_1_36' title="bbox 383 3380 1954 3454; baseline -0.002 -17"><span class='ocrx_word' id='word_1_241' title='bbox 383 3385 779 3451; x_wconf 86' lang='lat' dir='ltr'><strong>improbitatem</strong></span> <span class='ocrx_word' id='word_1_242' title='bbox 844 3385 1084 3438; x_wconf 86' lang='lat' dir='ltr'><strong>studiose</strong></span> <span class='ocrx_word' id='word_1_243' title='bbox 1136 3384 1437 3438; x_wconf 89' lang='lat' dir='ltr'><strong>coluerunt.</strong></span> <span class='ocrx_word' id='word_1_244' title='bbox 1493 3380 1658 3454; x_wconf 67' lang='grc'><strong>474</strong></span> <span class='ocrx_word' id='word_1_245' title='bbox 1718 3381 1868 3447; x_wconf 78' lang='lat' dir='ltr'><strong>Quod</strong></span> <span class='ocrx_word' id='word_1_246' title='bbox 1906 3380 1954 3435; x_wconf 88' lang='lat' dir='ltr'><strong>si</strong></span> 
     </span>
    </p>
   </div>
   <div class='ocr_carea' id='block_1_37' title="bbox 381 3463 1954 3546">
    <p class='ocr_par' dir='ltr' id='par_1_37' title="bbox 381 3463 1954 3546">
     <span class='ocr_line' id='line_1_37' title="bbox 381 3463 1954 3546; baseline -0.003 -18"><span class='ocrx_word' id='word_1_247' title='bbox 381 3493 595 3546; x_wconf 84' lang='lat' dir='ltr'><strong>gregem</strong></span> <span class='ocrx_word' id='word_1_248' title='bbox 631 3477 970 3545; x_wconf 88' lang='lat' dir='ltr'><strong>perturbant,</strong></span> <span class='ocrx_word' id='word_1_249' title='bbox 1005 3476 1144 3530; x_wconf 91' lang='lat' dir='ltr'><strong>idem</strong></span> <span class='ocrx_word' id='word_1_250' title='bbox 1181 3485 1236 3529; x_wconf 84' lang='lat' dir='ltr'><strong>et</strong></span> <span class='ocrx_word' id='word_1_251' title='bbox 1289 3490 1453 3545; x_wconf 89' lang='lat' dir='ltr'><strong>parva</strong></span> <span class='ocrx_word' id='word_1_252' title='bbox 1505 3463 1796 3543; x_wconf 83' lang='lat' dir='ltr'><strong>tempestas</strong></span> <span class='ocrx_word' id='word_1_253' title='bbox 1841 3472 1954 3527; x_wconf 81' lang='lat' dir='ltr'><strong>elli-</strong></span> 
     </span>
    </p>
   </div>
   <div class='ocr_carea' id='block_1_38' title="bbox 2049 638 3627 717">
    <p class='ocr_par' dir='ltr' id='par_1_38' title="bbox 2049 638 3627 717">
     <span class='ocr_line' id='line_1_38' title="bbox 2049 638 3627 717; baseline 0.01 -27"><span class='ocrx_word' id='word_1_254' title='bbox 2049 639 2145 690; x_wconf 74' lang='grc' dir='ltr'><strong>οὐκ</strong></span> <span class='ocrx_word' id='word_1_255' title='bbox 2178 638 2407 708; x_wconf 77' lang='grc' dir='ltr'>ἔχοντες.</span> <span class='ocrx_word' id='word_1_256' title='bbox 2459 640 2681 694; x_wconf 83' lang='grc' dir='ltr'>Δέδοικα</span> <span class='ocrx_word' id='word_1_257' title='bbox 2716 641 2771 694; x_wconf 83' lang='grc' dir='ltr'>δὲ</span> <span class='ocrx_word' id='word_1_258' title='bbox 2817 643 2942 706; x_wconf 76' lang='grc' dir='ltr'>τοὺς</span> <span class='ocrx_word' id='word_1_259' title='bbox 2975 644 3178 717; x_wconf 81' lang='grc' dir='ltr'>λῃστὰς</span> <span class='ocrx_word' id='word_1_260' title='bbox 3222 649 3316 700; x_wconf 78' lang='grc' dir='ltr'><strong>καὶ</strong></span> <span class='ocrx_word' id='word_1_261' title='bbox 3360 649 3627 716; x_wconf 79' lang='grc' dir='ltr'><strong>κλέπτας,</strong></span> 
     </span>
    </p>
   </div>
   <div class='ocr_carea' id='block_1_39' title="bbox 2053 729 3632 814">
    <p class='ocr_par' dir='ltr' id='par_1_39' title="bbox 2053 729 3632 814">
     <span class='ocr_line' id='line_1_39' title="bbox 2053 729 3632 814; baseline 0.011 -35"><span class='ocrx_word' id='word_1_262' title='bbox 2053 730 2126 799; x_wconf 81' lang='grc' dir='ltr'>μὴ</span> <span class='ocrx_word' id='word_1_263' title='bbox 2158 729 2244 782; x_wconf 83' lang='grc' dir='ltr'><strong>διὰ</strong></span> <span class='ocrx_word' id='word_1_264' title='bbox 2271 730 2369 798; x_wconf 81' lang='grc' dir='ltr'>τῆς</span> <span class='ocrx_word' id='word_1_265' title='bbox 2417 731 2586 800; x_wconf 82' lang='grc' dir='ltr'>αὐλῆς</span> <span class='ocrx_word' id='word_1_266' title='bbox 2633 732 2985 804; x_wconf 74' lang='grc' dir='ltr'>ὑπερϐάντες,</span> <span class='ocrx_word' id='word_1_267' title='bbox 3016 736 3048 803; x_wconf 85' lang='grc' dir='ltr'><strong>ἢ</strong></span> <span class='ocrx_word' id='word_1_268' title='bbox 3085 737 3327 809; x_wconf 67' lang='grc' dir='ltr'>ἀναιδείᾳ</span> <span class='ocrx_word' id='word_1_269' title='bbox 3381 742 3632 814; x_wconf 76' lang='grc' dir='ltr'>συλήσω-</span> 
     </span>
    </p>
   </div>
   <div class='ocr_carea' id='block_1_40' title="bbox 2052 820 3631 892">
    <p class='ocr_par' dir='ltr' id='par_1_40' title="bbox 2052 820 3631 892">
     <span class='ocr_line' id='line_1_40' title="bbox 2052 820 3631 892; baseline 0.01 -21"><span class='ocrx_word' id='word_1_270' title='bbox 2052 836 2153 881; x_wconf 90' lang='grc' dir='ltr'>σιν,</span> <span class='ocrx_word' id='word_1_271' title='bbox 2186 820 2217 890; x_wconf 80' lang='grc' dir='ltr'>ἢ</span> <span class='ocrx_word' id='word_1_272' title='bbox 2246 820 2310 872; x_wconf 84' lang='grc' dir='ltr'>δι’</span> <span class='ocrx_word' id='word_1_273' title='bbox 2340 822 2555 892; x_wconf 74' lang='grc' dir='ltr'>ἀπάτης</span> <span class='ocrx_word' id='word_1_274' title='bbox 2589 821 2877 891; x_wconf 75' lang='grc' dir='ltr'><strong>κλέψωσιν,</strong></span> <span class='ocrx_word' id='word_1_275' title='bbox 2930 825 3069 878; x_wconf 81' lang='grc' dir='ltr'>ὥστε</span> <span class='ocrx_word' id='word_1_276' title='bbox 3122 826 3311 892; x_wconf 79' lang='grc' dir='ltr'>Θῦσαι,</span> <span class='ocrx_word' id='word_1_277' title='bbox 3349 832 3442 885; x_wconf 74' lang='grc' dir='ltr'><strong>καὶ</strong></span> <span class='ocrx_word' id='word_1_278' title='bbox 3491 837 3631 887; x_wconf 83' lang='grc' dir='ltr'>ἁπο-</span> 
     </span>
    </p>
   </div>
   <div class='ocr_carea' id='block_1_41' title="bbox 2051 914 3629 994">
    <p class='ocr_par' dir='ltr' id='par_1_41' title="bbox 2051 914 3629 994">
     <span class='ocr_line' id='line_1_41' title="bbox 2051 914 3629 994; baseline 0.006 -29"><span class='ocrx_word' id='word_1_279' title='bbox 2051 917 2273 976; x_wconf 85' lang='grc' dir='ltr'>κτείναι,</span> <span class='ocrx_word' id='word_1_280' title='bbox 2288 915 2382 966; x_wconf 67' lang='grc' dir='ltr'><strong>καὶ</strong></span> <span class='ocrx_word' id='word_1_281' title='bbox 2397 914 2676 978; x_wconf 80' lang='grc' dir='ltr'>ἀπολέσαι,</span> <span class='ocrx_word' id='word_1_282' title='bbox 2699 914 3036 985; x_wconf 77' lang='grc' dir='ltr'>ἁρπάζοντες</span> <span class='ocrx_word' id='word_1_283' title='bbox 3058 919 3244 990; x_wconf 78' lang='grc' dir='ltr'>ἀρπὰγ</span> <span class='ocrx_word' id='word_1_284' title='bbox 3254 939 3417 990; x_wconf 84' lang='grc' dir='ltr'>ματα,</span> <span class='ocrx_word' id='word_1_285' title='bbox 3447 926 3629 994; x_wconf 59' lang='grc' dir='ltr'>ψυχὰς</span> 
     </span>
    </p>
   </div>
   <div class='ocr_carea' id='block_1_42' title="bbox 2050 1005 3628 1081">
    <p class='ocr_par' dir='ltr' id='par_1_42' title="bbox 2050 1005 3628 1081">
     <span class='ocr_line' id='line_1_42' title="bbox 2050 1005 3628 1081; baseline 0.008 -24"><span class='ocrx_word' id='word_1_286' title='bbox 2050 1006 2442 1068; x_wconf 79' lang='grc' dir='ltr'>κατεσθίοντες,</span> <span class='ocrx_word' id='word_1_287' title='bbox 2476 1005 2550 1068; x_wconf 83' lang='grc' dir='ltr'>ὦς</span> <span class='ocrx_word' id='word_1_288' title='bbox 2583 1023 2667 1069; x_wconf 86' lang='grc' dir='ltr'><strong>τις</strong></span> <span class='ocrx_word' id='word_1_289' title='bbox 2693 1006 2796 1077; x_wconf 74' lang='grc' dir='ltr'><strong>ἔφη</strong></span> <span class='ocrx_word' id='word_1_290' title='bbox 2832 1007 2939 1060; x_wconf 79' lang='grc' dir='ltr'>τῶν</span> <span class='ocrx_word' id='word_1_291' title='bbox 2969 1013 3278 1081; x_wconf 65' lang='grc' dir='ltr'>προφητῶν.</span> <span class='ocrx_word' id='word_1_292' title='bbox 3311 1014 3536 1068; x_wconf 85' lang='grc' dir='ltr'>Δέδοικα</span> <span class='ocrx_word' id='word_1_293' title='bbox 3571 1019 3628 1070; x_wconf 80' lang='grc' dir='ltr'>δὲ</span> 
     </span>
    </p>
   </div>
   <div class='ocr_carea' id='block_1_43' title="bbox 2047 1098 3628 1179">
    <p class='ocr_par' dir='ltr' id='par_1_43' title="bbox 2047 1098 3628 1179">
     <span class='ocr_line' id='line_1_43' title="bbox 2047 1098 3628 1179; baseline 0.009 -30"><span class='ocrx_word' id='word_1_294' title='bbox 2047 1098 2144 1168; x_wconf 83' lang='grc' dir='ltr'><strong>τὴν</strong></span> <span class='ocrx_word' id='word_1_295' title='bbox 2189 1098 2519 1169; x_wconf 72' lang='grc' dir='ltr'>παρὰθυρον,</span> <span class='ocrx_word' id='word_1_296' title='bbox 2568 1101 2640 1171; x_wconf 86' lang='grc' dir='ltr'>μή</span> <span class='ocrx_word' id='word_1_297' title='bbox 2685 1117 2767 1163; x_wconf 79' lang='grc' dir='ltr'><strong>τις</strong></span> <span class='ocrx_word' id='word_1_298' title='bbox 2817 1100 3100 1156; x_wconf 78' lang='grc' dir='ltr'>ἄκλειστον</span> <span class='ocrx_word' id='word_1_299' title='bbox 3143 1105 3318 1176; x_wconf 83' lang='grc' dir='ltr'>εὑρὼν</span> <span class='ocrx_word' id='word_1_300' title='bbox 3351 1109 3462 1160; x_wconf 80' lang='grc' dir='ltr'>τῶν</span> <span class='ocrx_word' id='word_1_301' title='bbox 3495 1110 3628 1179; x_wconf 77' lang='grc' dir='ltr'>χθὲς</span> 
     </span>
    </p>
   </div>
   <div class='ocr_carea' id='block_1_44' title="bbox 2050 1191 3626 1268">
    <p class='ocr_par' dir='ltr' id='par_1_44' title="bbox 2050 1191 3626 1268">
     <span class='ocr_line' id='line_1_44' title="bbox 2050 1191 3626 1268; baseline 0.009 -26"><span class='ocrx_word' id='word_1_302' title='bbox 2050 1191 2330 1262; x_wconf 79' lang='grc' dir='ltr'><strong>ἡμετέρων</strong></span> <span class='ocrx_word' id='word_1_303' title='bbox 2361 1191 2470 1261; x_wconf 80' lang='grc'><strong>(51)</strong></span> <span class='ocrx_word' id='word_1_304' title='bbox 2523 1193 2616 1244; x_wconf 74' lang='grc' dir='ltr'><strong>καὶ</strong></span> <span class='ocrx_word' id='word_1_305' title='bbox 2666 1192 2875 1265; x_wconf 81' lang='grc' dir='ltr'>πρώην,</span> <span class='ocrx_word' id='word_1_306' title='bbox 2911 1192 3028 1248; x_wconf 80' lang='grc' dir='ltr'>εἶτα</span> <span class='ocrx_word' id='word_1_307' title='bbox 3059 1195 3134 1259; x_wconf 83' lang='grc' dir='ltr'>ὡς</span> <span class='ocrx_word' id='word_1_308' title='bbox 3173 1198 3300 1262; x_wconf 74' lang='grc' dir='ltr'>ἴδιος</span> <span class='ocrx_word' id='word_1_309' title='bbox 3341 1203 3626 1268; x_wconf 79' lang='grc' dir='ltr'>εἰσελθὼν,</span> 
     </span>
    </p>
   </div>
   <div class='ocr_carea' id='block_1_45' title="bbox 2048 1284 3628 1360">
    <p class='ocr_par' dir='ltr' id='par_1_45' title="bbox 2048 1284 3628 1360">
     <span class='ocr_line' id='line_1_45' title="bbox 2048 1284 3628 1360; baseline 0.008 -23"><span class='ocrx_word' id='word_1_310' title='bbox 2048 1284 2406 1357; x_wconf 75' lang='grc' dir='ltr'>ἐπιϐουλεύσῃ</span> <span class='ocrx_word' id='word_1_311' title='bbox 2443 1285 2517 1349; x_wconf 82' lang='grc' dir='ltr'>ὡς</span> <span class='ocrx_word' id='word_1_312' title='bbox 2546 1285 2840 1354; x_wconf 76' lang='grc' dir='ltr'><strong>ἀλλότριος.</strong></span> <span class='ocrx_word' id='word_1_313' title='bbox 2881 1287 3078 1341; x_wconf 71' lang='grc' dir='ltr'>Πολλαὶ</span> <span class='ocrx_word' id='word_1_314' title='bbox 3113 1291 3221 1360; x_wconf 76' lang='grc' dir='ltr'>γὰρ</span> <span class='ocrx_word' id='word_1_315' title='bbox 3255 1295 3348 1345; x_wconf 80' lang='grc' dir='ltr'><strong>καὶ</strong></span> <span class='ocrx_word' id='word_1_316' title='bbox 3380 1297 3628 1350; x_wconf 73' lang='grc' dir='ltr'>ποικίλαι</span> 
     </span>
    </p>
   </div>
   <div class='ocr_carea' id='block_1_46' title="bbox 2048 1376 3627 1451">
    <p class='ocr_par' dir='ltr' id='par_1_46' title="bbox 2048 1376 3627 1451">
     <span class='ocr_line' id='line_1_46' title="bbox 2048 1376 3627 1451; baseline 0.008 -23"><span class='ocrx_word' id='word_1_317' title='bbox 2048 1376 2140 1429; x_wconf 82' lang='grc' dir='ltr'><strong>τοῦ</strong></span> <span class='ocrx_word' id='word_1_318' title='bbox 2165 1377 2232 1431; x_wconf 82' lang='grc' dir='ltr'>τὰ</span> <span class='ocrx_word' id='word_1_319' title='bbox 2264 1377 2487 1432; x_wconf 77' lang='grc' dir='ltr'>τοιαῦτα</span> <span class='ocrx_word' id='word_1_320' title='bbox 2517 1379 2861 1449; x_wconf 74' lang='grc' dir='ltr'>ἐνεργοῦντος</span> <span class='ocrx_word' id='word_1_321' title='bbox 2903 1383 2956 1432; x_wconf 88' lang='grc' dir='ltr'>αἱ</span> <span class='ocrx_word' id='word_1_322' title='bbox 3001 1383 3266 1451; x_wconf 77' lang='grc' dir='ltr'>μεθοδεῖαι</span> <span class='ocrx_word' id='word_1_323' title='bbox 3285 1400 3299 1414; x_wconf 85' lang='grc'><strong>·</strong></span> <span class='ocrx_word' id='word_1_324' title='bbox 3330 1388 3424 1438; x_wconf 70' lang='grc' dir='ltr'><strong>καὶ</strong></span> <span class='ocrx_word' id='word_1_325' title='bbox 3450 1387 3627 1451; x_wconf 69' lang='grc' dir='ltr'>οὐδεὶς</span> 
     </span>
    </p>
   </div>
   <div class='ocr_carea' id='block_1_47' title="bbox 2049 1467 3626 1546">
    <p class='ocr_par' dir='ltr' id='par_1_47' title="bbox 2049 1467 3626 1546">
     <span class='ocr_line' id='line_1_47' title="bbox 2049 1467 3626 1546; baseline 0.006 -25"><span class='ocrx_word' id='word_1_326' title='bbox 2049 1467 2218 1532; x_wconf 74' lang='grc' dir='ltr'>οὕτως</span> <span class='ocrx_word' id='word_1_327' title='bbox 2263 1469 2596 1540; x_wconf 79' lang='grc' dir='ltr'>ἀρχιτέκτων</span> <span class='ocrx_word' id='word_1_328' title='bbox 2639 1470 2848 1534; x_wconf 74' lang='grc' dir='ltr'>οὐδενὸς</span> <span class='ocrx_word' id='word_1_329' title='bbox 2886 1472 2994 1524; x_wconf 77' lang='grc' dir='ltr'><strong>τῶν</strong></span> <span class='ocrx_word' id='word_1_330' title='bbox 3026 1475 3302 1542; x_wconf 78' lang='grc' dir='ltr'>ποικίλων,</span> <span class='ocrx_word' id='word_1_331' title='bbox 3338 1477 3411 1540; x_wconf 84' lang='grc' dir='ltr'><strong>ὡς</strong></span> <span class='ocrx_word' id='word_1_332' title='bbox 3471 1495 3626 1546; x_wconf 63' lang='grc' dir='ltr'>σοφι-</span> 
     </span>
    </p>
   </div>
   <div class='ocr_carea' id='block_1_48' title="bbox 2051 1558 3628 1635">
    <p class='ocr_par' dir='ltr' id='par_1_48' title="bbox 2051 1558 3628 1635">
     <span class='ocr_line' id='line_1_48' title="bbox 2051 1558 3628 1635; baseline 0.01 -29"><span class='ocrx_word' id='word_1_333' title='bbox 2051 1558 2178 1626; x_wconf 67' lang='grc' dir='ltr'>στὴς</span> <span class='ocrx_word' id='word_1_334' title='bbox 2225 1559 2417 1621; x_wconf 82' lang='grc' dir='ltr'>κακίας</span> <span class='ocrx_word' id='word_1_335' title='bbox 2444 1560 2471 1611; x_wconf 86' lang='grc' dir='ltr'><strong>ό</strong></span> <span class='ocrx_word' id='word_1_336' title='bbox 2503 1559 2890 1629; x_wconf 83' lang='grc' dir='ltr'>ἀντικείμενος.</span> <span class='ocrx_word' id='word_1_337' title='bbox 2928 1562 3150 1616; x_wconf 83' lang='grc' dir='ltr'>Δέδοικα</span> <span class='ocrx_word' id='word_1_338' title='bbox 3180 1565 3235 1618; x_wconf 77' lang='grc' dir='ltr'>δὲ</span> <span class='ocrx_word' id='word_1_339' title='bbox 3265 1566 3364 1635; x_wconf 72' lang='grc' dir='ltr'>ἤδη</span> <span class='ocrx_word' id='word_1_340' title='bbox 3396 1569 3492 1620; x_wconf 74' lang='grc' dir='ltr'>καὶ</span> <span class='ocrx_word' id='word_1_341' title='bbox 3525 1569 3628 1620; x_wconf 82' lang='grc' dir='ltr'><strong>κύ-</strong></span> 
     </span>
    </p>
   </div>
   <div class='ocr_carea' id='block_1_49' title="bbox 2050 1648 3626 1730">
    <p class='ocr_par' dir='ltr' id='par_1_49' title="bbox 2050 1648 3626 1730">
     <span class='ocr_line' id='line_1_49' title="bbox 2050 1648 3626 1730; baseline 0.011 -31"><span class='ocrx_word' id='word_1_342' title='bbox 2050 1666 2143 1711; x_wconf 87' lang='grc' dir='ltr'><strong>νας</strong></span> <span class='ocrx_word' id='word_1_343' title='bbox 2162 1650 2296 1719; x_wconf 51' lang='grc' dir='ltr'>ι52),</span> <span class='ocrx_word' id='word_1_344' title='bbox 2343 1651 2606 1720; x_wconf 82' lang='grc' dir='ltr'>ποιμένας</span> <span class='ocrx_word' id='word_1_345' title='bbox 2662 1648 2800 1704; x_wconf 80' lang='grc' dir='ltr'>εἶναι</span> <span class='ocrx_word' id='word_1_346' title='bbox 2854 1653 3227 1725; x_wconf 70' lang='grc' dir='ltr'>βιαζομένους,</span> <span class='ocrx_word' id='word_1_347' title='bbox 3271 1659 3362 1711; x_wconf 78' lang='grc' dir='ltr'><strong>καὶ</strong></span> <span class='ocrx_word' id='word_1_348' title='bbox 3401 1661 3461 1712; x_wconf 83' lang='grc' dir='ltr'>τὸ</span> <span class='ocrx_word' id='word_1_349' title='bbox 3510 1662 3626 1730; x_wconf 71' lang='grc'><strong>(55)</strong></span> 
     </span>
    </p>
   </div>
   <div class='ocr_carea' id='block_1_50' title="bbox 2052 1739 3626 1827">
    <p class='ocr_par' dir='ltr' id='par_1_50' title="bbox 2052 1739 3626 1827">
     <span class='ocr_line' id='line_1_50' title="bbox 2052 1739 3626 1827; baseline 0.01 -36"><span class='ocrx_word' id='word_1_350' title='bbox 2052 1739 2367 1811; x_wconf 77' lang='grc' dir='ltr'>παράδοξον,</span> <span class='ocrx_word' id='word_1_351' title='bbox 2412 1743 2560 1796; x_wconf 74' lang='grc' dir='ltr'>οὐδὲν</span> <span class='ocrx_word' id='word_1_352' title='bbox 2599 1746 2679 1808; x_wconf 86' lang='grc' dir='ltr'>εἰς</span> <span class='ocrx_word' id='word_1_353' title='bbox 2730 1748 3088 1819; x_wconf 80' lang='grc' dir='ltr'>ποιμαντικὴν</span> <span class='ocrx_word' id='word_1_354' title='bbox 3124 1751 3555 1819; x_wconf 70' lang='grc' dir='ltr'><strong>εἰσενεγκόντας,</strong></span> <span class='ocrx_word' id='word_1_355' title='bbox 3590 1755 3626 1827; x_wconf 73' lang='grc' dir='ltr'>ἢ</span> 
     </span>
    </p>
   </div>
   <div class='ocr_carea' id='block_1_51' title="bbox 2049 1832 3629 1917">
    <p class='ocr_par' dir='ltr' id='par_1_51' title="bbox 2049 1832 3629 1917">
     <span class='ocr_line' id='line_1_51' title="bbox 2049 1832 3629 1917; baseline 0.009 -33"><span class='ocrx_word' id='word_1_356' title='bbox 2049 1832 2109 1884; x_wconf 81' lang='grc' dir='ltr'><strong>τὸ</strong></span> <span class='ocrx_word' id='word_1_357' title='bbox 2168 1837 2347 1905; x_wconf 81' lang='grc' dir='ltr'>κεῖραι</span> <span class='ocrx_word' id='word_1_358' title='bbox 2427 1837 2632 1906; x_wconf 78' lang='grc' dir='ltr'>κόμας,</span> <span class='ocrx_word' id='word_1_359' title='bbox 2696 1837 2761 1901; x_wconf 75' lang='grc' dir='ltr'>ἃς</span> <span class='ocrx_word' id='word_1_360' title='bbox 2803 1840 2988 1902; x_wconf 82' lang='grc' dir='ltr'>κακῶς</span> <span class='ocrx_word' id='word_1_361' title='bbox 3046 1843 3320 1911; x_wconf 69' lang='grc' dir='ltr'>ἡσκησαν·</span> <span class='ocrx_word' id='word_1_362' title='bbox 3377 1845 3425 1897; x_wconf 86' lang='grc' dir='ltr'>οῖ</span> <span class='ocrx_word' id='word_1_363' title='bbox 3485 1848 3629 1917; x_wconf 77' lang='grc' dir='ltr'>μήτε</span> 
     </span>
    </p>
   </div>
   <div class='ocr_carea' id='block_1_52' title="bbox 1982 1913 3627 2007">
    <p class='ocr_par' dir='ltr' id='par_1_52' title="bbox 1982 1913 3627 2007">
     <span class='ocr_line' id='line_1_52' title="bbox 1982 1913 3627 2007; baseline 0.01 -32"><span class='ocrx_word' id='word_1_364' title='bbox 1982 1913 2022 1966; x_wconf 79' lang='grc' dir='ltr'><strong>Β</strong></span> <span class='ocrx_word' id='word_1_365' title='bbox 2052 1923 2208 1989; x_wconf 77' lang='grc' dir='ltr'>κύνες</span> <span class='ocrx_word' id='word_1_366' title='bbox 2231 1927 2341 1995; x_wconf 68' lang='grc'>(54)</span> <span class='ocrx_word' id='word_1_367' title='bbox 2366 1926 2602 1997; x_wconf 72' lang='grc' dir='ltr'>ἔμειναν,</span> <span class='ocrx_word' id='word_1_368' title='bbox 2631 1931 2764 2000; x_wconf 76' lang='grc' dir='ltr'>μήτε</span> <span class='ocrx_word' id='word_1_369' title='bbox 2795 1931 3051 2000; x_wconf 77' lang='grc' dir='ltr'>ποιμένες</span> <span class='ocrx_word' id='word_1_370' title='bbox 3071 1934 3348 2002; x_wconf 86' lang='grc' dir='ltr'>γεγόνασι,</span> <span class='ocrx_word' id='word_1_371' title='bbox 3371 1937 3512 2007; x_wconf 78' lang='grc' dir='ltr'>πλὴν</span> <span class='ocrx_word' id='word_1_372' title='bbox 3529 1938 3627 1992; x_wconf 77' lang='grc' dir='ltr'>τοῦ</span> 
     </span>
    </p>
   </div>
   <div class='ocr_carea' id='block_1_53' title="bbox 2052 2017 3630 2094">
    <p class='ocr_par' dir='ltr' id='par_1_53' title="bbox 2052 2017 3630 2094">
     <span class='ocr_line' id='line_1_53' title="bbox 2052 2017 3630 2094; baseline 0.01 -26"><span class='ocrx_word' id='word_1_373' title='bbox 2052 2017 2342 2087; x_wconf 76' lang='grc' dir='ltr'>σπαράξαι,</span> <span class='ocrx_word' id='word_1_374' title='bbox 2388 2022 2483 2072; x_wconf 72' lang='grc' dir='ltr'><strong>καὶ</strong></span> <span class='ocrx_word' id='word_1_375' title='bbox 2520 2021 2830 2092; x_wconf 81' lang='grc' dir='ltr'>διασπεῖραι</span> <span class='ocrx_word' id='word_1_376' title='bbox 2851 2023 2984 2094; x_wconf 79' lang='grc'><strong>(55),</strong></span> <span class='ocrx_word' id='word_1_377' title='bbox 3015 2025 3110 2077; x_wconf 75' lang='grc' dir='ltr'><strong>καὶ</strong></span> <span class='ocrx_word' id='word_1_378' title='bbox 3158 2026 3406 2080; x_wconf 85' lang='grc' dir='ltr'>διαλῦσαι</span> <span class='ocrx_word' id='word_1_379' title='bbox 3457 2031 3630 2083; x_wconf 85' lang='grc' dir='ltr'>κόπον</span> 
     </span>
    </p>
   </div>
   <div class='ocr_carea' id='block_1_54' title="bbox 2051 2105 3628 2187">
    <p class='ocr_par' dir='ltr' id='par_1_54' title="bbox 2051 2105 3628 2187">
     <span class='ocr_line' id='line_1_54' title="bbox 2051 2105 3628 2187; baseline 0.009 -29"><span class='ocrx_word' id='word_1_380' title='bbox 2051 2105 2344 2178; x_wconf 83' lang='grc' dir='ltr'>ἀλλότριον.</span> <span class='ocrx_word' id='word_1_381' title='bbox 2388 2110 2602 2182; x_wconf 81' lang='grc' dir='ltr'>Ἐπειδὴ</span> <span class='ocrx_word' id='word_1_382' title='bbox 2646 2113 2778 2181; x_wconf 72' lang='grc' dir='ltr'>ῥᾷον</span> <span class='ocrx_word' id='word_1_383' title='bbox 2800 2114 2886 2164; x_wconf 76' lang='grc' dir='ltr'>ἀεὶ</span> <span class='ocrx_word' id='word_1_384' title='bbox 2920 2113 2980 2166; x_wconf 78' lang='grc' dir='ltr'>τὸ</span> <span class='ocrx_word' id='word_1_385' title='bbox 3005 2115 3337 2187; x_wconf 59' lang='grc' dir='ltr'>διαφθείρειν</span> <span class='ocrx_word' id='word_1_386' title='bbox 3363 2119 3462 2172; x_wconf 82' lang='grc' dir='ltr'>τοῦ</span> <span class='ocrx_word' id='word_1_387' title='bbox 3499 2137 3628 2171; x_wconf 78' lang='grc' dir='ltr'>συν·-</span> 
     </span>
    </p>
   </div>
   <div class='ocr_carea' id='block_1_55' title="bbox 2048 2199 3630 2280">
    <p class='ocr_par' dir='ltr' id='par_1_55' title="bbox 2048 2199 3630 2280">
     <span class='ocr_line' id='line_1_55' title="bbox 2048 2199 3630 2280; baseline 0.009 -31"><span class='ocrx_word' id='word_1_388' title='bbox 2048 2201 2261 2268; x_wconf 81' lang='grc' dir='ltr'>τηρεῖν·</span> <span class='ocrx_word' id='word_1_389' title='bbox 2295 2199 2388 2251; x_wconf 75' lang='grc' dir='ltr'><strong>καὶ</strong></span> <span class='ocrx_word' id='word_1_390' title='bbox 2420 2202 2671 2268; x_wconf 81' lang='grc' dir='ltr'>γεννᾶται</span> <span class='ocrx_word' id='word_1_391' title='bbox 2720 2203 2815 2272; x_wconf 78' lang='grc' dir='ltr'><strong>μὲν</strong></span> <span class='ocrx_word' id='word_1_392' title='bbox 2853 2203 3135 2274; x_wconf 81' lang='grc' dir='ltr'>ἄνθρωπος</span> <span class='ocrx_word' id='word_1_393' title='bbox 3173 2207 3349 2279; x_wconf 86' lang='grc' dir='ltr'>κόπῳ,</span> <span class='ocrx_word' id='word_1_394' title='bbox 3399 2212 3568 2280; x_wconf 74' lang='grc' dir='ltr'>φησὶν</span> <span class='ocrx_word' id='word_1_395' title='bbox 3600 2214 3630 2264; x_wconf 85' lang='grc' dir='ltr'><strong>ό</strong></span> 
     </span>
    </p>
   </div>
   <div class='ocr_carea' id='block_1_56' title="bbox 2065 2288 3626 2362">
    <p class='ocr_par' dir='ltr' id='par_1_56' title="bbox 2065 2288 3626 2362">
     <span class='ocr_line' id='line_1_56' title="bbox 2065 2288 3626 2362; baseline 0.01 -22"><span class='ocrx_word' id='word_1_396' title='bbox 2065 2288 2200 2352; x_wconf 77' lang='grc' dir='ltr'><strong>Ἰὼϐ,</strong></span> <span class='ocrx_word' id='word_1_397' title='bbox 2233 2293 2325 2344; x_wconf 72' lang='grc' dir='ltr'>καὶ</span> <span class='ocrx_word' id='word_1_398' title='bbox 2351 2296 2708 2362; x_wconf 80' lang='grc' dir='ltr'>ναυπηγεῖται</span> <span class='ocrx_word' id='word_1_399' title='bbox 2751 2293 2901 2358; x_wconf 78' lang='grc' dir='ltr'>ναῦς,</span> <span class='ocrx_word' id='word_1_400' title='bbox 2938 2295 3031 2348; x_wconf 70' lang='grc' dir='ltr'><strong>καὶ</strong></span> <span class='ocrx_word' id='word_1_401' title='bbox 3075 2298 3219 2350; x_wconf 83' lang='grc' dir='ltr'>οἰκία</span> <span class='ocrx_word' id='word_1_402' title='bbox 3270 2301 3590 2356; x_wconf 84' lang='grc' dir='ltr'>συνίσταται</span> <span class='ocrx_word' id='word_1_403' title='bbox 3612 2320 3626 2332; x_wconf 89' lang='grc'>·</span> 
     </span>
    </p>
   </div>
   <div class='ocr_carea' id='block_1_57' title="bbox 2051 2381 3626 2462">
    <p class='ocr_par' dir='ltr' id='par_1_57' title="bbox 2051 2381 3626 2462">
     <span class='ocr_line' id='line_1_57' title="bbox 2051 2381 3626 2462; baseline 0.01 -30"><span class='ocrx_word' id='word_1_404' title='bbox 2051 2381 2364 2436; x_wconf 85' lang='grc' dir='ltr'>ἀποκτεῖναι</span> <span class='ocrx_word' id='word_1_405' title='bbox 2397 2383 2473 2450; x_wconf 83' lang='grc' dir='ltr'><strong>δὲ,</strong></span> <span class='ocrx_word' id='word_1_406' title='bbox 2514 2385 2546 2454; x_wconf 82' lang='grc' dir='ltr'><strong>ἢ</strong></span> <span class='ocrx_word' id='word_1_407' title='bbox 2598 2386 2894 2439; x_wconf 76' lang='grc' dir='ltr'>καταλῦσαι</span> <span class='ocrx_word' id='word_1_408' title='bbox 2914 2389 3048 2456; x_wconf 76' lang='grc'><strong>(56).</strong></span> <span class='ocrx_word' id='word_1_409' title='bbox 3103 2390 3136 2460; x_wconf 81' lang='grc' dir='ltr'>ἢ</span> <span class='ocrx_word' id='word_1_410' title='bbox 3182 2393 3487 2462; x_wconf 74' lang='grc' dir='ltr'>ἐμπρῆσαι,</span> <span class='ocrx_word' id='word_1_411' title='bbox 3532 2395 3626 2447; x_wconf 76' lang='grc' dir='ltr'>τοῦ</span> 
     </span>
    </p>
   </div>
   <div class='ocr_carea' id='block_1_58' title="bbox 2054 2470 3628 2553">
    <p class='ocr_par' dir='ltr' id='par_1_58' title="bbox 2054 2470 3628 2553">
     <span class='ocr_line' id='line_1_58' title="bbox 2054 2470 3628 2553; baseline 0.01 -32"><span class='ocrx_word' id='word_1_412' title='bbox 2054 2470 2369 2540; x_wconf 80' lang='grc' dir='ltr'>βουλομένου</span> <span class='ocrx_word' id='word_1_413' title='bbox 2402 2476 2618 2538; x_wconf 82' lang='grc' dir='ltr'>παντός.</span> <span class='ocrx_word' id='word_1_414' title='bbox 2658 2478 2816 2530; x_wconf 82' lang='grc' dir='ltr'>Ὥστε</span> <span class='ocrx_word' id='word_1_415' title='bbox 2855 2477 2988 2548; x_wconf 83' lang='grc' dir='ltr'>μηδὲ</span> <span class='ocrx_word' id='word_1_416' title='bbox 3026 2478 3119 2531; x_wconf 81' lang='grc' dir='ltr'>νῦν</span> <span class='ocrx_word' id='word_1_417' title='bbox 3154 2481 3294 2550; x_wconf 83' lang='grc' dir='ltr'>μέγα</span> <span class='ocrx_word' id='word_1_418' title='bbox 3327 2484 3628 2553; x_wconf 73' lang='grc' dir='ltr'>φρονείτω-</span> 
     </span>
    </p>
   </div>
   <div class='ocr_carea' id='block_1_59' title="bbox 2055 2565 3630 2641">
    <p class='ocr_par' dir='ltr' id='par_1_59' title="bbox 2055 2565 3630 2641">
     <span class='ocr_line' id='line_1_59' title="bbox 2055 2565 3630 2641; baseline 0.008 -28"><span class='ocrx_word' id='word_1_419' title='bbox 2055 2579 2150 2614; x_wconf 85' lang='grc' dir='ltr'><strong>σαν</strong></span> <span class='ocrx_word' id='word_1_420' title='bbox 2186 2565 2233 2616; x_wconf 77' lang='lat' dir='ltr'><strong>oi</strong></span> <span class='ocrx_word' id='word_1_421' title='bbox 2279 2567 2344 2635; x_wconf 80' lang='grc' dir='ltr'>τῇ</span> <span class='ocrx_word' id='word_1_422' title='bbox 2387 2566 2591 2638; x_wconf 81' lang='grc' dir='ltr'>ποίμνῃ</span> <span class='ocrx_word' id='word_1_423' title='bbox 2639 2568 2764 2628; x_wconf 75' lang='grc' dir='ltr'>τοὺς</span> <span class='ocrx_word' id='word_1_424' title='bbox 2809 2567 2978 2631; x_wconf 80' lang='grc' dir='ltr'>κύνας</span> <span class='ocrx_word' id='word_1_425' title='bbox 3028 2569 3529 2641; x_wconf 81' lang='grc' dir='ltr'>ὲπαναστήσαντες,</span> <span class='ocrx_word' id='word_1_426' title='bbox 3576 2572 3630 2626; x_wconf 80' lang='grc' dir='ltr'>οι</span> 
     </span>
    </p>
   </div>
   <div class='ocr_carea' id='block_1_60' title="bbox 2055 2655 3632 2736">
    <p class='ocr_par' dir='ltr' id='par_1_60' title="bbox 2055 2655 3632 2736">
     <span class='ocr_line' id='line_1_60' title="bbox 2055 2655 3632 2736; baseline 0.016 -38"><span class='ocrx_word' id='word_1_427' title='bbox 2055 2655 2322 2726; x_wconf 71' lang='grc' dir='ltr'>πρόϐατον</span> <span class='ocrx_word' id='word_1_428' title='bbox 2356 2657 2451 2727; x_wconf 79' lang='grc' dir='ltr'><strong>μὲν</strong></span> <span class='ocrx_word' id='word_1_429' title='bbox 2491 2658 2547 2711; x_wconf 82' lang='grc' dir='ltr'>ἒν</span> <span class='ocrx_word' id='word_1_430' title='bbox 2594 2659 2690 2711; x_wconf 74' lang='grc' dir='ltr'><strong>οὐκ</strong></span> <span class='ocrx_word' id='word_1_431' title='bbox 2725 2659 2790 2712; x_wconf 82' lang='grc' dir='ltr'><strong>ἂν</strong></span> <span class='ocrx_word' id='word_1_432' title='bbox 2831 2660 3003 2730; x_wconf 76' lang='grc' dir='ltr'>ἔχοιεν</span> <span class='ocrx_word' id='word_1_433' title='bbox 3028 2665 3222 2723; x_wconf 71' lang='grc' dir='ltr'>εἰπεῖν.</span> <span class='ocrx_word' id='word_1_434' title='bbox 3247 2663 3322 2726; x_wconf 84' lang='grc' dir='ltr'>ὡς</span> <span class='ocrx_word' id='word_1_435' title='bbox 3348 2665 3632 2736; x_wconf 76' lang='grc' dir='ltr'>προσήγα-</span> 
     </span>
    </p>
   </div>
   <div class='ocr_carea' id='block_1_61' title="bbox 2054 2745 3631 2825">
    <p class='ocr_par' dir='ltr' id='par_1_61' title="bbox 2054 2745 3631 2825">
     <span class='ocr_line' id='line_1_61' title="bbox 2054 2745 3631 2825; baseline 0.006 -28"><span class='ocrx_word' id='word_1_436' title='bbox 2054 2761 2167 2812; x_wconf 90' lang='grc' dir='ltr'>γον,</span> <span class='ocrx_word' id='word_1_437' title='bbox 2205 2745 2236 2814; x_wconf 79' lang='grc' dir='ltr'>ἣ</span> <span class='ocrx_word' id='word_1_438' title='bbox 2263 2745 2522 2799; x_wconf 81' lang='grc' dir='ltr'>διέσωσαν</span> <span class='ocrx_word' id='word_1_439' title='bbox 2540 2764 2551 2776; x_wconf 91' lang='grc'>·</span> <span class='ocrx_word' id='word_1_440' title='bbox 2584 2750 2643 2800; x_wconf 72' lang='grc' dir='ltr'>οὐ</span> <span class='ocrx_word' id='word_1_441' title='bbox 2671 2747 2779 2818; x_wconf 76' lang='grc' dir='ltr'><strong>γὰρ</strong></span> <span class='ocrx_word' id='word_1_442' title='bbox 2818 2749 3016 2820; x_wconf 78' lang='grc' dir='ltr'>ἔμαθον</span> <span class='ocrx_word' id='word_1_443' title='bbox 3045 2752 3206 2806; x_wconf 86' lang='grc' dir='ltr'>καλὸν</span> <span class='ocrx_word' id='word_1_444' title='bbox 3235 2757 3430 2814; x_wconf 85' lang='grc' dir='ltr'>ποιεῖν,</span> <span class='ocrx_word' id='word_1_445' title='bbox 3461 2771 3631 2825; x_wconf 87' lang='grc' dir='ltr'>πονη-</span> 
     </span>
    </p>
   </div>
   <div class='ocr_carea' id='block_1_62' title="bbox 2059 2833 3630 2913">
    <p class='ocr_par' dir='ltr' id='par_1_62' title="bbox 2059 2833 3630 2913">
     <span class='ocr_line' id='line_1_62' title="bbox 2059 2833 3630 2913; baseline 0.008 -29"><span class='ocrx_word' id='word_1_446' title='bbox 2059 2833 2174 2903; x_wconf 84' lang='grc' dir='ltr'>ρίαν</span> <span class='ocrx_word' id='word_1_447' title='bbox 2223 2836 2588 2907; x_wconf 82' lang='grc' dir='ltr'>ἀσκήσαντες.</span> <span class='ocrx_word' id='word_1_448' title='bbox 2635 2839 2696 2890; x_wconf 79' lang='grc' dir='ltr'><strong>Εἰ</strong></span> <span class='ocrx_word' id='word_1_449' title='bbox 2743 2839 2797 2890; x_wconf 81' lang='grc' dir='ltr'>δὲ</span> <span class='ocrx_word' id='word_1_450' title='bbox 2847 2839 2944 2910; x_wconf 81' lang='grc' dir='ltr'>τὴν</span> <span class='ocrx_word' id='word_1_451' title='bbox 2989 2842 3224 2912; x_wconf 85' lang='grc' dir='ltr'>ποίμνην</span> <span class='ocrx_word' id='word_1_452' title='bbox 3268 2843 3630 2913; x_wconf 74' lang='grc' dir='ltr'>ταράσσουσι,</span> 
     </span>
    </p>
   </div>
   <div class='ocr_carea' id='block_1_63' title="bbox 2055 2923 3632 3004">
    <p class='ocr_par' dir='ltr' id='par_1_63' title="bbox 2055 2923 3632 3004">
     <span class='ocr_line' id='line_1_63' title="bbox 2055 2923 3632 3004; baseline 0.008 -27"><span class='ocrx_word' id='word_1_453' title='bbox 2055 2923 2211 2979; x_wconf 77' lang='grc' dir='ltr'>τοῦτο</span> <span class='ocrx_word' id='word_1_454' title='bbox 2235 2927 2324 2981; x_wconf 78' lang='grc' dir='ltr'><strong>καὶ</strong></span> <span class='ocrx_word' id='word_1_455' title='bbox 2353 2927 2484 2999; x_wconf 78' lang='grc' dir='ltr'><strong>ζάλη</strong></span> <span class='ocrx_word' id='word_1_456' title='bbox 2529 2930 2718 3000; x_wconf 67' lang='grc' dir='ltr'>μικρὰ,</span> <span class='ocrx_word' id='word_1_457' title='bbox 2760 2931 2918 2984; x_wconf 76' lang='grc' dir='ltr'>τοῦτο</span> <span class='ocrx_word' id='word_1_458' title='bbox 2945 2934 3040 2985; x_wconf 72' lang='grc' dir='ltr'>καὶ</span> <span class='ocrx_word' id='word_1_459' title='bbox 3077 2933 3228 2997; x_wconf 87' lang='grc' dir='ltr'>νόσος</span> <span class='ocrx_word' id='word_1_460' title='bbox 3266 2934 3444 3004; x_wconf 80' lang='grc' dir='ltr'>ὀλίγη,</span> <span class='ocrx_word' id='word_1_461' title='bbox 3469 2935 3632 2990; x_wconf 80' lang='grc' dir='ltr'>τοῦτο</span> 
     </span>
    </p>
   </div>
   <div class='ocr_carea' id='block_1_64' title="bbox 2057 3018 3630 3098">
    <p class='ocr_par' dir='ltr' id='par_1_64' title="bbox 2057 3018 3630 3098">
     <span class='ocr_line' id='line_1_64' title="bbox 2057 3018 3630 3098; baseline 0.005 -27"><span class='ocrx_word' id='word_1_462' title='bbox 2057 3019 2147 3071; x_wconf 69' lang='grc' dir='ltr'><strong>καὶ</strong></span> <span class='ocrx_word' id='word_1_463' title='bbox 2179 3018 2363 3090; x_wconf 83' lang='grc' dir='ltr'>Θηρίον</span> <span class='ocrx_word' id='word_1_464' title='bbox 2400 3019 2454 3074; x_wconf 81' lang='grc' dir='ltr'>ἓν</span> <span class='ocrx_word' id='word_1_465' title='bbox 2488 3020 2700 3092; x_wconf 80' lang='grc' dir='ltr'>ἁθρόως</span> <span class='ocrx_word' id='word_1_466' title='bbox 2733 3024 3011 3078; x_wconf 75' lang='grc' dir='ltr'>ἐπιπεσόν.</span> <span class='ocrx_word' id='word_1_467' title='bbox 3039 3026 3329 3095; x_wconf 77' lang='grc' dir='ltr'>Στήτωσαν</span> <span class='ocrx_word' id='word_1_468' title='bbox 3361 3026 3455 3078; x_wconf 78' lang='grc' dir='ltr'>οὖν</span> <span class='ocrx_word' id='word_1_469' title='bbox 3482 3028 3532 3078; x_wconf 89' lang='grc' dir='ltr'>οἱ</span> <span class='ocrx_word' id='word_1_470' title='bbox 3562 3031 3630 3098; x_wconf 75' lang='grc' dir='ltr'>τῇ</span> 
     </span>
    </p>
   </div>
   <div class='ocr_carea' id='block_1_65' title="bbox 2058 3108 3630 3185">
    <p class='ocr_par' dir='ltr' id='par_1_65' title="bbox 2058 3108 3630 3185">
     <span class='ocr_line' id='line_1_65' title="bbox 2058 3108 3630 3185; baseline 0.004 -24"><span class='ocrx_word' id='word_1_471' title='bbox 2058 3108 2265 3161; x_wconf 77' lang='grc' dir='ltr'>ἑαυτῶν</span> <span class='ocrx_word' id='word_1_472' title='bbox 2299 3110 2528 3181; x_wconf 75' lang='grc' dir='ltr'>αἰσχύνῃ</span> <span class='ocrx_word' id='word_1_473' title='bbox 2575 3111 3106 3182; x_wconf 78' lang='grc' dir='ltr'>μεγαλαυχούμενοι”</span> <span class='ocrx_word' id='word_1_474' title='bbox 3154 3117 3247 3166; x_wconf 76' lang='grc' dir='ltr'><strong>καὶ</strong></span> <span class='ocrx_word' id='word_1_475' title='bbox 3286 3115 3630 3185; x_wconf 77' lang='grc' dir='ltr'>παυσάμενοι</span> 
     </span>
    </p>
   </div>
   <div class='ocr_carea' id='block_1_66' title="bbox 2057 3199 3630 3276">
    <p class='ocr_par' dir='ltr' id='par_1_66' title="bbox 2057 3199 3630 3276">
     <span class='ocr_line' id='line_1_66' title="bbox 2057 3199 3630 3276; baseline 0.006 -27"><span class='ocrx_word' id='word_1_476' title='bbox 2057 3199 2155 3266; x_wconf 73' lang='grc' dir='ltr'>τῆς</span> <span class='ocrx_word' id='word_1_477' title='bbox 2207 3199 2424 3262; x_wconf 84' lang='grc' dir='ltr'>κακίας,</span> <span class='ocrx_word' id='word_1_478' title='bbox 2477 3199 2540 3252; x_wconf 85' lang='grc' dir='ltr'><strong>ἂν</strong></span> <span class='ocrx_word' id='word_1_479' title='bbox 2589 3201 2696 3271; x_wconf 82' lang='grc' dir='ltr'>ἄρα</span> <span class='ocrx_word' id='word_1_480' title='bbox 2740 3201 3022 3266; x_wconf 76' lang='grc' dir='ltr'>δύνωνται,</span> <span class='ocrx_word' id='word_1_481' title='bbox 3073 3206 3630 3276; x_wconf 78' lang='grc' dir='ltr'>προσκυνησάτωσαν,</span> 
     </span>
    </p>
   </div>
   <div class='ocr_carea' id='block_1_67' title="bbox 2059 3291 3630 3360">
    <p class='ocr_par' dir='ltr' id='par_1_67' title="bbox 2059 3291 3630 3360">
     <span class='ocr_line' id='line_1_67' title="bbox 2059 3291 3630 3360; baseline 0.006 -17"><span class='ocrx_word' id='word_1_482' title='bbox 2059 3293 2153 3344; x_wconf 68' lang='grc' dir='ltr'><strong>καὶ</strong></span> <span class='ocrx_word' id='word_1_483' title='bbox 2193 3291 2671 3360; x_wconf 77' lang='grc' dir='ltr'>προσπεσέτωσαν,</span> <span class='ocrx_word' id='word_1_484' title='bbox 2707 3293 2798 3346; x_wconf 76' lang='grc' dir='ltr'><strong>καὶ</strong></span> <span class='ocrx_word' id='word_1_485' title='bbox 2828 3294 3215 3350; x_wconf 82' lang='grc' dir='ltr'>κλαυσάτωσαν</span> <span class='ocrx_word' id='word_1_486' title='bbox 3243 3299 3482 3352; x_wconf 80' lang='grc' dir='ltr'>ἐναντίον</span> <span class='ocrx_word' id='word_1_487' title='bbox 3514 3301 3630 3352; x_wconf 79' lang='grc' dir='ltr'><strong>Κυ-</strong></span> 
     </span>
    </p>
   </div>
   <div class='ocr_carea' id='block_1_68' title="bbox 2061 3380 3632 3461">
    <p class='ocr_par' dir='ltr' id='par_1_68' title="bbox 2061 3380 3632 3461">
     <span class='ocr_line' id='line_1_68' title="bbox 2061 3380 3632 3461; baseline 0.007 -30"><span class='ocrx_word' id='word_1_488' title='bbox 2061 3381 2174 3451; x_wconf 83' lang='grc' dir='ltr'>ρίου</span> <span class='ocrx_word' id='word_1_489' title='bbox 2199 3380 2290 3432; x_wconf 78' lang='grc' dir='ltr'>τοῦ</span> <span class='ocrx_word' id='word_1_490' title='bbox 2319 3383 2640 3452; x_wconf 72' lang='grc' dir='ltr'>ποιήσαντος</span> <span class='ocrx_word' id='word_1_491' title='bbox 2669 3384 2882 3447; x_wconf 76' lang='grc' dir='ltr'>αὐτοὺς,</span> <span class='ocrx_word' id='word_1_492' title='bbox 2913 3386 3007 3438; x_wconf 79' lang='grc' dir='ltr'><strong>καὶ</strong></span> <span class='ocrx_word' id='word_1_493' title='bbox 3031 3391 3101 3456; x_wconf 79' lang='grc' dir='ltr'>τῇ</span> <span class='ocrx_word' id='word_1_494' title='bbox 3132 3388 3332 3461; x_wconf 81' lang='grc' dir='ltr'>ποίμνῃ</span> <span class='ocrx_word' id='word_1_495' title='bbox 3357 3389 3632 3460; x_wconf 75' lang='grc' dir='ltr'>μιχϐήτω-</span> 
     </span>
    </p>
   </div>
   <div class='ocr_carea' id='block_1_69' title="bbox 2059 3471 3004 3543">
    <p class='ocr_par' dir='ltr' id='par_1_69' title="bbox 2059 3471 3004 3543">
     <span class='ocr_line' id='line_1_69' title="bbox 2059 3471 3004 3543; baseline 0.005 -19"><span class='ocrx_word' id='word_1_496' title='bbox 2059 3489 2177 3534; x_wconf 91' lang='grc' dir='ltr'>σαν,</span> <span class='ocrx_word' id='word_1_497' title='bbox 2208 3473 2320 3524; x_wconf 80' lang='grc' dir='ltr'>ὅσοι</span> <span class='ocrx_word' id='word_1_498' title='bbox 2357 3471 2430 3543; x_wconf 82' lang='grc' dir='ltr'>μὴ</span> <span class='ocrx_word' id='word_1_499' title='bbox 2469 3474 2745 3537; x_wconf 83' lang='grc' dir='ltr'>παντελῶς</span> <span class='ocrx_word' id='word_1_500' title='bbox 2775 3475 3004 3529; x_wconf 83' lang='grc' dir='ltr'>ἀνίατοι.</span> 
     </span>
    </p>
   </div>
   <div class='ocr_carea' id='block_1_70' title="bbox 381 3547 3631 3648">
    <p class='ocr_par' dir='ltr' id='par_1_70' title="bbox 381 3547 3631 3648">
     <span class='ocr_line' id='line_1_70' title="bbox 381 3547 3631 3648; baseline 0.002 -25"><span class='ocrx_word' id='word_1_501' title='bbox 381 3586 501 3624; x_wconf 88' lang='lat' dir='ltr'><strong>cere</strong></span> <span class='ocrx_word' id='word_1_502' title='bbox 537 3579 728 3648; x_wconf 82' lang='lat' dir='ltr'><strong>potest,</strong></span> <span class='ocrx_word' id='word_1_503' title='bbox 762 3571 898 3626; x_wconf 89' lang='lat' dir='ltr'><strong>idem</strong></span> <span class='ocrx_word' id='word_1_504' title='bbox 931 3580 984 3626; x_wconf 89' lang='lat' dir='ltr'><strong>et</strong></span> <span class='ocrx_word' id='word_1_505' title='bbox 1033 3571 1258 3640; x_wconf 74' lang='lat' dir='ltr'><strong>exiguus</strong></span> <span class='ocrx_word' id='word_1_506' title='bbox 1309 3568 1548 3636; x_wconf 89' lang='lat' dir='ltr'><strong>morbus,</strong></span> <span class='ocrx_word' id='word_1_507' title='bbox 1582 3567 1720 3622; x_wconf 89' lang='lat' dir='ltr'><strong>idem</strong></span> <span class='ocrx_word' id='word_1_508' title='bbox 1756 3575 1810 3621; x_wconf 91' lang='lat' dir='ltr'><strong>et</strong></span> <span class='ocrx_word' id='word_1_509' title='bbox 1849 3565 2021 3623; x_wconf 89' lang='lat' dir='ltr'><strong>bestia</strong></span> <span class='ocrx_word' id='word_1_510' title='bbox 2084 3581 2186 3618; x_wconf 89' lang='lat' dir='ltr'><strong>una</strong></span> <span class='ocrx_word' id='word_1_511' title='bbox 2219 3578 2436 3635; x_wconf 87' lang='lat' dir='ltr'><strong>repente</strong></span> <span class='ocrx_word' id='word_1_512' title='bbox 2475 3569 2704 3620; x_wconf 87' lang='lat' dir='ltr'><strong>irruens.</strong></span> <span class='ocrx_word' id='word_1_513' title='bbox 2767 3567 3064 3624; x_wconf 87' lang='lat' dir='ltr'><strong>Cohibeant</strong></span> <span class='ocrx_word' id='word_1_514' title='bbox 3099 3547 3341 3640; x_wconf 33' lang='lat' dir='ltr'><strong>ergo&#39;se,</strong></span> <span class='ocrx_word' id='word_1_515' title='bbox 3405 3574 3497 3643; x_wconf 90' lang='lat' dir='ltr'><strong>qui</strong></span> <span class='ocrx_word' id='word_1_516' title='bbox 3556 3589 3631 3629; x_wconf 78' lang='lat' dir='ltr'><strong>ex</strong></span> 
     </span>
    </p>
   </div>
   <div class='ocr_carea' id='block_1_71' title="bbox 383 3659 3631 3738">
    <p class='ocr_par' dir='ltr' id='par_1_71' title="bbox 383 3659 3631 3738">
     <span class='ocr_line' id='line_1_71' title="bbox 383 3659 3631 3738; baseline 0 -21"><span class='ocrx_word' id='word_1_517' title='bbox 383 3664 676 3730; x_wconf 87' lang='lat' dir='ltr'><strong>ignominia</strong></span> <span class='ocrx_word' id='word_1_518' title='bbox 737 3678 832 3717; x_wconf 89' lang='lat' dir='ltr'><strong>sua</strong></span> <span class='ocrx_word' id='word_1_519' title='bbox 883 3662 1143 3732; x_wconf 84' lang='lat' dir='ltr'><strong>gloriandi</strong></span> <span class='ocrx_word' id='word_1_520' title='bbox 1197 3676 1379 3716; x_wconf 86' lang='lat' dir='ltr'><strong>ansam</strong></span> <span class='ocrx_word' id='word_1_521' title='bbox 1435 3662 1737 3731; x_wconf 84' lang='lat' dir='ltr'><strong>arripiunt;</strong></span> <span class='ocrx_word' id='word_1_522' title='bbox 1789 3669 1951 3730; x_wconf 87' lang='lat' dir='ltr'><strong>atque</strong></span> <span class='ocrx_word' id='word_1_523' title='bbox 1987 3659 2314 3726; x_wconf 82' lang='lat' dir='ltr'><strong>improbitati</strong></span> <span class='ocrx_word' id='word_1_524' title='bbox 2373 3674 2504 3725; x_wconf 69' lang='lat' dir='ltr'><strong>suae,</strong></span> <span class='ocrx_word' id='word_1_525' title='bbox 2573 3661 2617 3713; x_wconf 88' lang='lat' dir='ltr'><strong>si</strong></span> <span class='ocrx_word' id='word_1_526' title='bbox 2669 3662 2884 3729; x_wconf 83' lang='lat' dir='ltr'><strong>quidem</strong></span> <span class='ocrx_word' id='word_1_527' title='bbox 2955 3665 3182 3731; x_wconf 81' lang='lat' dir='ltr'><strong>possint,</strong></span> <span class='ocrx_word' id='word_1_528' title='bbox 3233 3665 3392 3718; x_wconf 86' lang='lat' dir='ltr'><strong>linem</strong></span> <span class='ocrx_word' id='word_1_529' title='bbox 3451 3669 3631 3738; x_wconf 83' lang='lat' dir='ltr'><strong>impo-</strong></span> 
     </span>
    </p>
   </div>
   <div class='ocr_carea' id='block_1_72' title="bbox 384 3755 3628 3832">
    <p class='ocr_par' dir='ltr' id='par_1_72' title="bbox 384 3755 3628 3832">
     <span class='ocr_line' id='line_1_72' title="bbox 384 3755 3628 3832; baseline 0.002 -23"><span class='ocrx_word' id='word_1_530' title='bbox 384 3767 590 3822; x_wconf 83' lang='lat' dir='ltr'><strong>nentes,</strong></span> <span class='ocrx_word' id='word_1_531' title='bbox 653 3758 896 3823; x_wconf 88' lang='lat' dir='ltr'><strong>adorent,</strong></span> <span class='ocrx_word' id='word_1_532' title='bbox 957 3766 1011 3811; x_wconf 91' lang='lat' dir='ltr'><strong>et</strong></span> <span class='ocrx_word' id='word_1_533' title='bbox 1063 3757 1365 3825; x_wconf 87' lang='lat' dir='ltr'><strong>procidant,</strong></span> <span class='ocrx_word' id='word_1_534' title='bbox 1432 3765 1486 3810; x_wconf 89' lang='lat' dir='ltr'><strong>et</strong></span> <span class='ocrx_word' id='word_1_535' title='bbox 1539 3755 1749 3825; x_wconf 85' lang='lat' dir='ltr'><strong>plorent</strong></span> <span class='ocrx_word' id='word_1_536' title='bbox 1801 3770 1980 3810; x_wconf 86' lang='lat' dir='ltr'><strong>coram</strong></span> <span class='ocrx_word' id='word_1_537' title='bbox 2055 3756 2282 3808; x_wconf 86' lang='lat' dir='ltr'><strong>Domino</strong></span> <span class='ocrx_word' id='word_1_538' title='bbox 2335 3755 2426 3824; x_wconf 90' lang='lat' dir='ltr'><strong>qui</strong></span> <span class='ocrx_word' id='word_1_539' title='bbox 2481 3755 2606 3809; x_wconf 82' lang='lat' dir='ltr'><strong>fecit</strong></span> <span class='ocrx_word' id='word_1_540' title='bbox 2670 3771 2765 3809; x_wconf 88' lang='lat' dir='ltr'><strong>ens</strong></span> <span class='ocrx_word' id='word_1_541' title='bbox 2798 3757 2864 3824; x_wconf 79' lang='lat'><strong>°’,</strong></span> <span class='ocrx_word' id='word_1_542' title='bbox 2925 3761 3180 3828; x_wconf 84' lang='lat' dir='ltr'><strong>gregique</strong></span> <span class='ocrx_word' id='word_1_543' title='bbox 3237 3759 3628 3832; x_wconf 86' lang='lat' dir='ltr'><strong>adjnngantur,</strong></span> 
     </span>
    </p>
   </div>
   <div class='ocr_carea' id='block_1_73' title="bbox 385 3847 1592 3918">
    <p class='ocr_par' dir='ltr' id='par_1_73' title="bbox 385 3847 1592 3918">
     <span class='ocr_line' id='line_1_73' title="bbox 385 3847 1592 3918; baseline -0.002 -16"><span class='ocrx_word' id='word_1_544' title='bbox 385 3859 648 3918; x_wconf 86' lang='lat' dir='ltr'><strong>quotquot</strong></span> <span class='ocrx_word' id='word_1_545' title='bbox 681 3865 783 3903; x_wconf 91' lang='lat' dir='ltr'><strong>non</strong></span> <span class='ocrx_word' id='word_1_546' title='bbox 812 3857 936 3904; x_wconf 89' lang='lat' dir='ltr'><strong>sunt</strong></span> <span class='ocrx_word' id='word_1_547' title='bbox 983 3850 1200 3903; x_wconf 90' lang='lat' dir='ltr'><strong>omnino</strong></span> <span class='ocrx_word' id='word_1_548' title='bbox 1243 3847 1592 3903; x_wconf 89' lang='lat' dir='ltr'><strong>insanabiles.</strong></span> 
     </span>
    </p>
   </div>
   <div class='ocr_carea' id='block_1_74' title="bbox 456 3939 1947 4010">
    <p class='ocr_par' dir='ltr' id='par_1_74' title="bbox 456 3939 1947 4010">
     <span class='ocr_line' id='line_1_74' title="bbox 456 3939 1947 4010; baseline -0.002 -14"><span class='ocrx_word' id='word_1_549' title='bbox 456 3943 539 3996; x_wconf 85' lang='lat' dir='ltr'><strong>IV.</strong></span> <span class='ocrx_word' id='word_1_550' title='bbox 574 3941 684 3995; x_wconf 85' lang='lat' dir='ltr'><strong>lloc</strong></span> <span class='ocrx_word' id='word_1_551' title='bbox 719 3957 818 4010; x_wconf 85' lang='lat' dir='ltr'><strong>ego</strong></span> <span class='ocrx_word' id='word_1_552' title='bbox 849 3940 934 3994; x_wconf 86' lang='lat' dir='ltr'><strong>ille</strong></span> <span class='ocrx_word' id='word_1_553' title='bbox 971 3940 1186 3994; x_wconf 84' lang='lat' dir='ltr'><strong>timidus</strong></span> <span class='ocrx_word' id='word_1_554' title='bbox 1211 3951 1392 4008; x_wconf 82' lang='lat' dir='ltr'><strong>pastor</strong></span> <span class='ocrx_word' id='word_1_555' title='bbox 1420 3950 1475 3992; x_wconf 87' lang='lat' dir='ltr'><strong>et</strong></span> <span class='ocrx_word' id='word_1_556' title='bbox 1507 3939 1947 4008; x_wconf 86' lang='lat' dir='ltr'><strong>circumspectus,</strong></span> 
     </span>
    </p>
   </div>
   <div class='ocr_carea' id='block_1_75' title="bbox 382 4031 1947 4102">
    <p class='ocr_par' dir='ltr' id='par_1_75' title="bbox 382 4031 1947 4102">
     <span class='ocr_line' id='line_1_75' title="bbox 382 4031 1947 4102; baseline -0.003 -15"><span class='ocrx_word' id='word_1_557' title='bbox 382 4047 608 4102; x_wconf 84' lang='lat' dir='ltr'><strong>eamque</strong></span> <span class='ocrx_word' id='word_1_558' title='bbox 637 4031 704 4086; x_wconf 91' lang='lat' dir='ltr'><strong>ob</strong></span> <span class='ocrx_word' id='word_1_559' title='bbox 733 4047 954 4086; x_wconf 89' lang='lat' dir='ltr'><strong>causam</strong></span> <span class='ocrx_word' id='word_1_560' title='bbox 989 4031 1274 4094; x_wconf 88' lang='lat' dir='ltr'><strong>cautionis,</strong></span> <span class='ocrx_word' id='word_1_561' title='bbox 1309 4040 1561 4098; x_wconf 88' lang='lat' dir='ltr'><strong>tanquam</strong></span> <span class='ocrx_word' id='word_1_562' title='bbox 1597 4031 1823 4099; x_wconf 71' lang='lat' dir='ltr'><strong>ignaviae</strong></span> <span class='ocrx_word' id='word_1_563' title='bbox 1850 4044 1947 4083; x_wconf 89' lang='lat' dir='ltr'><strong>no-</strong></span> 
     </span>
    </p>
   </div>
   <div class='ocr_carea' id='block_1_76' title="bbox 385 4121 1951 4191">
    <p class='ocr_par' dir='ltr' id='par_1_76' title="bbox 385 4121 1951 4191">
     <span class='ocr_line' id='line_1_76' title="bbox 385 4121 1951 4191; baseline -0.003 -13"><span class='ocrx_word' id='word_1_564' title='bbox 385 4133 492 4178; x_wconf 86' lang='lat' dir='ltr'><strong>tam</strong></span> <span class='ocrx_word' id='word_1_565' title='bbox 527 4123 766 4177; x_wconf 87' lang='lat' dir='ltr'><strong>subiens.</strong></span> <span class='ocrx_word' id='word_1_566' title='bbox 825 4121 938 4175; x_wconf 86' lang='lat' dir='ltr'><strong>Non</strong></span> <span class='ocrx_word' id='word_1_567' title='bbox 970 4121 1111 4175; x_wconf 88' lang='lat' dir='ltr'><strong>enim</strong></span> <span class='ocrx_word' id='word_1_568' title='bbox 1148 4131 1333 4191; x_wconf 89' lang='lat' dir='ltr'><strong>pastor</strong></span> <span class='ocrx_word' id='word_1_569' title='bbox 1368 4137 1484 4174; x_wconf 90' lang='lat' dir='ltr'><strong>sum</strong></span> <span class='ocrx_word' id='word_1_570' title='bbox 1518 4136 1578 4175; x_wconf 82' lang='lat' dir='ltr'><strong>ex</strong></span> <span class='ocrx_word' id='word_1_571' title='bbox 1617 4135 1799 4174; x_wconf 90' lang='lat' dir='ltr'><strong>eorum</strong></span> <span class='ocrx_word' id='word_1_572' title='bbox 1852 4137 1951 4174; x_wconf 89' lang='lat' dir='ltr'><strong>nu-</strong></span> 
     </span>
    </p>
   </div>
   <div class='ocr_carea' id='block_1_77' title="bbox 383 4211 1952 4280">
    <p class='ocr_par' dir='ltr' id='par_1_77' title="bbox 383 4211 1952 4280">
     <span class='ocr_line' id='line_1_77' title="bbox 383 4211 1952 4280; baseline -0.002 -13"><span class='ocrx_word' id='word_1_573' title='bbox 383 4227 535 4267; x_wconf 86' lang='lat' dir='ltr'><strong>mero</strong></span> <span class='ocrx_word' id='word_1_574' title='bbox 586 4211 872 4280; x_wconf 88' lang='lat' dir='ltr'><strong>quispiam,</strong></span> <span class='ocrx_word' id='word_1_575' title='bbox 903 4211 992 4280; x_wconf 89' lang='lat' dir='ltr'><strong>qui</strong></span> <span class='ocrx_word' id='word_1_576' title='bbox 1050 4211 1134 4266; x_wconf 85' lang='lat' dir='ltr'><strong>lac</strong></span> <span class='ocrx_word' id='word_1_577' title='bbox 1181 4213 1490 4274; x_wconf 89' lang='lat' dir='ltr'><strong>comedunt,</strong></span> <span class='ocrx_word' id='word_1_578' title='bbox 1544 4221 1596 4265; x_wconf 90' lang='lat' dir='ltr'><strong>et</strong></span> <span class='ocrx_word' id='word_1_579' title='bbox 1648 4211 1784 4264; x_wconf 89' lang='lat' dir='ltr'><strong>lanis</strong></span> <span class='ocrx_word' id='word_1_580' title='bbox 1824 4226 1952 4280; x_wconf 82' lang='lat' dir='ltr'><strong>epe-</strong></span> 
     </span>
    </p>
   </div>
   <div class='ocr_carea' id='block_1_78' title="bbox 387 4302 1952 4372">
    <p class='ocr_par' dir='ltr' id='par_1_78' title="bbox 387 4302 1952 4372">
     <span class='ocr_line' id='line_1_78' title="bbox 387 4302 1952 4372; baseline 0 -15"><span class='ocrx_word' id='word_1_581' title='bbox 387 4305 628 4360; x_wconf 82' lang='lat' dir='ltr'><strong>rinutur.</strong></span> <span class='ocrx_word' id='word_1_582' title='bbox 658 4311 711 4356; x_wconf 87' lang='lat' dir='ltr'><strong>et</strong></span> <span class='ocrx_word' id='word_1_583' title='bbox 739 4303 879 4372; x_wconf 83' lang='lat' dir='ltr'><strong>quod</strong></span> <span class='ocrx_word' id='word_1_584' title='bbox 905 4318 1148 4358; x_wconf 89' lang='lat' dir='ltr'><strong>crassum</strong></span> <span class='ocrx_word' id='word_1_585' title='bbox 1199 4313 1282 4358; x_wconf 87' lang='lat' dir='ltr'><strong>est</strong></span> <span class='ocrx_word' id='word_1_586' title='bbox 1303 4303 1548 4372; x_wconf 81' lang='lat' dir='ltr'><strong>jugulant</strong></span> <span class='ocrx_word' id='word_1_587' title='bbox 1577 4303 1642 4370; x_wconf 75' lang='grc' dir='ltr'>⁷ο,</span> <span class='ocrx_word' id='word_1_588' title='bbox 1679 4319 1741 4357; x_wconf 91' lang='lat' dir='ltr'><strong>ac</strong></span> <span class='ocrx_word' id='word_1_589' title='bbox 1769 4302 1952 4358; x_wconf 75' lang='lat' dir='ltr'><strong>labore</strong></span> 
     </span>
    </p>
   </div>
   <div class='ocr_carea' id='block_1_79' title="bbox 385 4392 1959 4459">
    <p class='ocr_par' dir='ltr' id='par_1_79' title="bbox 385 4392 1959 4459">
     <span class='ocr_line' id='line_1_79' title="bbox 385 4392 1959 4459; baseline -0.001 -12"><span class='ocrx_word' id='word_1_590' title='bbox 385 4393 795 4459; x_wconf 84' lang='lat' dir='ltr'><strong>conlicinnt,aut</strong></span> <span class='ocrx_word' id='word_1_591' title='bbox 825 4394 1084 4458; x_wconf 87' lang='lat' dir='ltr'><strong>vendunt,</strong></span> <span class='ocrx_word' id='word_1_592' title='bbox 1115 4406 1170 4449; x_wconf 89' lang='lat' dir='ltr'><strong>et</strong></span> <span class='ocrx_word' id='word_1_593' title='bbox 1218 4397 1401 4450; x_wconf 86' lang='lat' dir='ltr'><strong>dicunt</strong></span> <span class='ocrx_word' id='word_1_594' title='bbox 1437 4412 1451 4449; x_wconf 90' lang='lat'><strong>:</strong></span> <span class='ocrx_word' id='word_1_595' title='bbox 1495 4393 1800 4448; x_wconf 79' lang='lat' dir='ltr'><strong>Benedictus</strong></span> <span class='ocrx_word' id='word_1_596' title='bbox 1849 4392 1959 4446; x_wconf 88' lang='lat' dir='ltr'><strong>Do-</strong></span> 
     </span>
    </p>
   </div>
   <div class='ocr_carea' id='block_1_80' title="bbox 386 4485 1427 4556">
    <p class='ocr_par' dir='ltr' id='par_1_80' title="bbox 386 4485 1427 4556">
     <span class='ocr_line' id='line_1_80' title="bbox 386 4485 1427 4556; baseline 0.002 -18"><span class='ocrx_word' id='word_1_597' title='bbox 386 4487 576 4552; x_wconf 81' lang='lat' dir='ltr'><strong>minus,</strong></span> <span class='ocrx_word' id='word_1_598' title='bbox 611 4486 735 4556; x_wconf 85' lang='lat' dir='ltr'><strong>quia</strong></span> <span class='ocrx_word' id='word_1_599' title='bbox 773 4485 952 4540; x_wconf 79' lang='lat' dir='ltr'><strong>dicites</strong></span> <span class='ocrx_word' id='word_1_600' title='bbox 977 4487 1108 4556; x_wconf 78' lang='lat' dir='ltr'><strong>[acti</strong></span> <span class='ocrx_word' id='word_1_601' title='bbox 1145 4504 1323 4540; x_wconf 73' lang='lat' dir='ltr'><strong>sumus</strong></span> <span class='ocrx_word' id='word_1_602' title='bbox 1349 4489 1427 4554; x_wconf 70' lang='lat'><strong>7‘;</strong></span> 
     </span>
    </p>
   </div>
   <div class='ocr_carea' id='block_1_81' title="bbox 386 4581 1956 4649">
    <p class='ocr_par' dir='ltr' id='par_1_81' title="bbox 386 4581 1956 4649">
     <span class='ocr_line' id='line_1_81' title="bbox 386 4581 1956 4649; baseline -0.001 -17"><span class='ocrx_word' id='word_1_603' title='bbox 386 4587 568 4643; x_wconf 81' lang='lat' dir='ltr'><strong>scunt,</strong></span> <span class='ocrx_word' id='word_1_604' title='bbox 625 4587 678 4632; x_wconf 89' lang='lat' dir='ltr'><strong>et</strong></span> <span class='ocrx_word' id='word_1_605' title='bbox 717 4595 820 4633; x_wconf 87' lang='lat' dir='ltr'><strong>non</strong></span> <span class='ocrx_word' id='word_1_606' title='bbox 863 4595 1012 4644; x_wconf 83' lang='lat' dir='ltr'><strong>oves,</strong></span> <span class='ocrx_word' id='word_1_607' title='bbox 1066 4581 1108 4634; x_wconf 86' lang='lat' dir='ltr'><strong>si</strong></span> <span class='ocrx_word' id='word_1_608' title='bbox 1151 4581 1531 4649; x_wconf 86' lang='lat' dir='ltr'><strong>prophetarum</strong></span> <span class='ocrx_word' id='word_1_609' title='bbox 1577 4594 1734 4633; x_wconf 90' lang='lat' dir='ltr'><strong>voces</strong></span> <span class='ocrx_word' id='word_1_610' title='bbox 1775 4593 1956 4633; x_wconf 85' lang='lat' dir='ltr'><strong>recor-</strong></span> 
     </span>
    </p>
   </div>
   <div class='ocr_carea' id='block_1_82' title="bbox 389 4670 1955 4741">
    <p class='ocr_par' dir='ltr' id='par_1_82' title="bbox 389 4670 1955 4741">
     <span class='ocr_line' id='line_1_82' title="bbox 389 4670 1955 4741; baseline -0.002 -17"><span class='ocrx_word' id='word_1_611' title='bbox 389 4671 612 4736; x_wconf 88' lang='lat' dir='ltr'><strong>damini,</strong></span> <span class='ocrx_word' id='word_1_612' title='bbox 650 4671 842 4740; x_wconf 89' lang='lat' dir='ltr'><strong>quibus</strong></span> <span class='ocrx_word' id='word_1_613' title='bbox 874 4672 948 4724; x_wconf 91' lang='lat' dir='ltr'><strong>illi</strong></span> <span class='ocrx_word' id='word_1_614' title='bbox 1000 4671 1052 4725; x_wconf 91' lang='lat' dir='ltr'><strong>in</strong></span> <span class='ocrx_word' id='word_1_615' title='bbox 1105 4670 1275 4726; x_wconf 88' lang='lat' dir='ltr'><strong>malos</strong></span> <span class='ocrx_word' id='word_1_616' title='bbox 1312 4682 1556 4741; x_wconf 88' lang='lat' dir='ltr'><strong>pastores</strong></span> <span class='ocrx_word' id='word_1_617' title='bbox 1605 4670 1955 4736; x_wconf 89' lang='lat' dir='ltr'><strong>invehuntur;</strong></span> 
     </span>
    </p>
   </div>
   <div class='ocr_carea' id='block_1_83' title="bbox 387 4760 1956 4831">
    <p class='ocr_par' dir='ltr' id='par_1_83' title="bbox 387 4760 1956 4831">
     <span class='ocr_line' id='line_1_83' title="bbox 387 4760 1956 4831; baseline 0 -19"><span class='ocrx_word' id='word_1_618' title='bbox 387 4775 573 4815; x_wconf 85' lang='lat' dir='ltr'><strong>verum</strong></span> <span class='ocrx_word' id='word_1_619' title='bbox 621 4777 686 4814; x_wconf 74' lang='lat' dir='ltr'><strong>ex</strong></span> <span class='ocrx_word' id='word_1_620' title='bbox 730 4762 834 4816; x_wconf 90' lang='lat' dir='ltr'><strong>illis</strong></span> <span class='ocrx_word' id='word_1_621' title='bbox 884 4762 1080 4831; x_wconf 87' lang='lat' dir='ltr'><strong>potius,</strong></span> <span class='ocrx_word' id='word_1_622' title='bbox 1115 4762 1203 4829; x_wconf 91' lang='lat' dir='ltr'><strong>qui</strong></span> <span class='ocrx_word' id='word_1_623' title='bbox 1258 4777 1379 4814; x_wconf 90' lang='lat' dir='ltr'><strong>cum</strong></span> <span class='ocrx_word' id='word_1_624' title='bbox 1413 4760 1576 4814; x_wconf 90' lang='lat' dir='ltr'><strong>Paulo</strong></span> <span class='ocrx_word' id='word_1_625' title='bbox 1623 4761 1799 4814; x_wconf 89' lang='lat' dir='ltr'><strong>dicere</strong></span> <span class='ocrx_word' id='word_1_626' title='bbox 1831 4773 1956 4828; x_wconf 83' lang='lat' dir='ltr'><strong>pos-</strong></span> 
     </span>
    </p>
   </div>
   <div class='ocr_carea' id='block_1_84' title="bbox 387 4851 1956 4922">
    <p class='ocr_par' dir='ltr' id='par_1_84' title="bbox 387 4851 1956 4922">
     <span class='ocr_line' id='line_1_84' title="bbox 387 4851 1956 4922; baseline -0.001 -16"><span class='ocrx_word' id='word_1_627' title='bbox 387 4863 508 4906; x_wconf 85' lang='lat' dir='ltr'><strong>sunt</strong></span> <span class='ocrx_word' id='word_1_628' title='bbox 543 4871 556 4906; x_wconf 94' lang='lat'>:</span> <span class='ocrx_word' id='word_1_629' title='bbox 590 4853 718 4918; x_wconf 75' lang='lat' dir='ltr'><strong>Quis</strong></span> <span class='ocrx_word' id='word_1_630' title='bbox 750 4853 1070 4920; x_wconf 79' lang='lat' dir='ltr'><strong>inﬁrmatur,</strong></span> <span class='ocrx_word' id='word_1_631' title='bbox 1103 4864 1148 4906; x_wconf 87' lang='lat' dir='ltr'><strong>et</strong></span> <span class='ocrx_word' id='word_1_632' title='bbox 1185 4869 1286 4907; x_wconf 85' lang='lat' dir='ltr'><strong>non</strong></span> <span class='ocrx_word' id='word_1_633' title='bbox 1320 4852 1604 4922; x_wconf 79' lang='lat' dir='ltr'><strong>inﬁrmor?</strong></span> <span class='ocrx_word' id='word_1_634' title='bbox 1643 4851 1774 4917; x_wconf 79' lang='lat' dir='ltr'><strong>Quis</strong></span> <span class='ocrx_word' id='word_1_635' title='bbox 1801 4867 1956 4905; x_wconf 84' lang='lat' dir='ltr'><strong>scan-</strong></span> 
     </span>
    </p>
   </div>
   <div class='ocr_carea' id='block_1_85' title="bbox 456 4965 1548 5090">
    <p class='ocr_par' dir='ltr' id='par_1_85' title="bbox 456 4965 1548 5090">
     <span class='ocr_line' id='line_1_85' title="bbox 456 4965 1548 5090; baseline 0.001 -71"><span class='ocrx_word' id='word_1_636' title='bbox 456 4965 686 5090; x_wconf 70' lang='lat' dir='ltr'><strong>“510ml.</strong></span> <span class='ocrx_word' id='word_1_637' title='bbox 721 4985 774 5031; x_wconf 74' lang='grc' dir='ltr'>χ,</span> <span class='ocrx_word' id='word_1_638' title='bbox 813 4967 894 5022; x_wconf 81' lang='grc'>10.</span> <span class='ocrx_word' id='word_1_639' title='bbox 973 4968 1016 4998; x_wconf 74' lang='grc'><strong>⁸⁷</strong></span> <span class='ocrx_word' id='word_1_640' title='bbox 1053 4967 1247 5021; x_wconf 84' lang='lat' dir='ltr'><strong>Ezech.</strong></span> <span class='ocrx_word' id='word_1_641' title='bbox 1287 4981 1421 5029; x_wconf 75' lang='lat' dir='ltr'><strong>nu,</strong></span> <span class='ocrx_word' id='word_1_642' title='bbox 1457 4965 1548 5020; x_wconf 73' lang='lat'><strong>25.</strong></span> 
     </span>
    </p>
   </div>
   <div class='ocr_carea' id='block_1_86' title="bbox 388 5053 555 5099">
    <p class='ocr_par' dir='ltr' id='par_1_86' title="bbox 388 5053 555 5099">
     <span class='ocr_line' id='line_1_86' title="bbox 388 5053 555 5099; baseline 0 -7"><span class='ocrx_word' id='word_1_643' title='bbox 388 5053 473 5099; x_wconf 71' lang='grc' dir='ltr'><strong>ΣΙ,</strong></span> <span class='ocrx_word' id='word_1_644' title='bbox 504 5053 555 5092; x_wconf 72' lang='grc' dir='ltr'><strong>ἶ).</strong></span> 
     </span>
    </p>
   </div>
   <div class='ocr_carea' id='block_1_87' title="bbox 460 5125 1950 5197">
    <p class='ocr_par' dir='ltr' id='par_1_87' title="bbox 460 5125 1950 5197">
     <span class='ocr_line' id='line_1_87' title="bbox 460 5125 1950 5197; baseline 0.001 -16"><span class='ocrx_word' id='word_1_645' title='bbox 460 5128 568 5197; x_wconf 71' lang='grc'><strong>(50)</strong></span> <span class='ocrx_word' id='word_1_646' title='bbox 615 5127 724 5192; x_wconf 84' lang='grc' dir='ltr'><strong>Τὰς</strong></span> <span class='ocrx_word' id='word_1_647' title='bbox 769 5127 1057 5194; x_wconf 76' lang='grc' dir='ltr'>ἀκαιρίας.</span> <span class='ocrx_word' id='word_1_648' title='bbox 1092 5125 1457 5195; x_wconf 68' lang='lat' dir='ltr'><strong>«Intempesta</strong></span> <span class='ocrx_word' id='word_1_649' title='bbox 1513 5134 1772 5195; x_wconf 89' lang='lat' dir='ltr'><strong>tempora.</strong></span> <span class='ocrx_word' id='word_1_650' title='bbox 1800 5145 1818 5178; x_wconf 75' lang='grc' dir='ltr'><strong>ι</strong></span> <span class='ocrx_word' id='word_1_651' title='bbox 1866 5127 1950 5182; x_wconf 84' lang='grc' dir='ltr'><strong>Ιη-</strong></span> 
     </span>
    </p>
   </div>
   <div class='ocr_carea' id='block_1_88' title="bbox 389 5197 1873 5267">
    <p class='ocr_par' dir='ltr' id='par_1_88' title="bbox 389 5197 1873 5267">
     <span class='ocr_line' id='line_1_88' title="bbox 389 5197 1873 5267; baseline -0.002 -13"><span class='ocrx_word' id='word_1_652' title='bbox 389 5201 579 5267; x_wconf 88' lang='lat' dir='ltr'><strong>telligit</strong></span> <span class='ocrx_word' id='word_1_653' title='bbox 605 5198 894 5266; x_wconf 80' lang='lat' dir='ltr'><strong>Gregorius</strong></span> <span class='ocrx_word' id='word_1_654' title='bbox 920 5197 1320 5267; x_wconf 63' lang='lat' dir='ltr'><strong>Catholicorum</strong></span> <span class='ocrx_word' id='word_1_655' title='bbox 1364 5197 1507 5249; x_wconf 90' lang='lat' dir='ltr'><strong>inter</strong></span> <span class='ocrx_word' id='word_1_656' title='bbox 1537 5210 1594 5248; x_wconf 89' lang='lat' dir='ltr'><strong>se</strong></span> <span class='ocrx_word' id='word_1_657' title='bbox 1625 5197 1873 5251; x_wconf 84' lang='lat' dir='ltr'><strong>dissidia.</strong></span> 
     </span>
    </p>
   </div>
   <div class='ocr_carea' id='block_1_89' title="bbox 459 5264 1949 5340">
    <p class='ocr_par' dir='ltr' id='par_1_89' title="bbox 459 5264 1949 5340">
     <span class='ocr_line' id='line_1_89' title="bbox 459 5264 1949 5340; baseline 0 -18"><span class='ocrx_word' id='word_1_658' title='bbox 459 5264 573 5340; x_wconf 68' lang='grc' dir='ltr'><strong>(ὄῖ)</strong></span> <span class='ocrx_word' id='word_1_659' title='bbox 611 5264 760 5340; x_wconf 64' lang='grc' dir='ltr'><strong>Χθὲζ-</strong></span> <span class='ocrx_word' id='word_1_660' title='bbox 787 5267 1105 5336; x_wconf 72' lang='grc' dir='ltr'>ἡμετέρων.</span> <span class='ocrx_word' id='word_1_661' title='bbox 1132 5264 1289 5318; x_wconf 85' lang='lat' dir='ltr'><strong>Notat</strong></span> <span class='ocrx_word' id='word_1_662' title='bbox 1317 5281 1426 5333; x_wconf 84' lang='lat' dir='ltr'><strong>eos,</strong></span> <span class='ocrx_word' id='word_1_663' title='bbox 1450 5267 1540 5335; x_wconf 87' lang='lat' dir='ltr'><strong>qui</strong></span> <span class='ocrx_word' id='word_1_664' title='bbox 1568 5281 1689 5320; x_wconf 90' lang='lat' dir='ltr'><strong>cum</strong></span> <span class='ocrx_word' id='word_1_665' title='bbox 1717 5267 1949 5322; x_wconf 79' lang='lat' dir='ltr'><strong>Maximo</strong></span> 
     </span>
    </p>
   </div>
   <div class='ocr_carea' id='block_1_90' title="bbox 389 5338 1243 5405">
    <p class='ocr_par' dir='ltr' id='par_1_90' title="bbox 389 5338 1243 5405">
     <span class='ocr_line' id='line_1_90' title="bbox 389 5338 1243 5405; baseline -0.009 -11"><span class='ocrx_word' id='word_1_666' title='bbox 389 5338 573 5394; x_wconf 81' lang='lat' dir='ltr'><strong>contra</strong></span> <span class='ocrx_word' id='word_1_667' title='bbox 610 5338 780 5405; x_wconf 87' lang='lat' dir='ltr'><strong>ipsum</strong></span> <span class='ocrx_word' id='word_1_668' title='bbox 816 5341 1243 5405; x_wconf 77' lang='lat' dir='ltr'><strong>insurrexerunt.</strong></span> 
     </span>
    </p>
   </div>
   <div class='ocr_carea' id='block_1_91' title="bbox 460 5404 1945 5478">
    <p class='ocr_par' dir='ltr' id='par_1_91' title="bbox 460 5404 1945 5478">
     <span class='ocr_line' id='line_1_91' title="bbox 460 5404 1945 5478; baseline -0.002 -16"><span class='ocrx_word' id='word_1_669' title='bbox 460 5409 572 5478; x_wconf 68' lang='lat'><strong>(52)</strong></span> <span class='ocrx_word' id='word_1_670' title='bbox 610 5404 718 5461; x_wconf 80' lang='lat' dir='ltr'><strong>Kal</strong></span> <span class='ocrx_word' id='word_1_671' title='bbox 744 5409 972 5478; x_wconf 58' lang='grc' dir='ltr'>κύνας,</span> <span class='ocrx_word' id='word_1_672' title='bbox 1018 5417 1143 5478; x_wconf 85' lang='lat' dir='ltr'><strong>etc._</strong></span> <span class='ocrx_word' id='word_1_673' title='bbox 1178 5404 1274 5458; x_wconf 83' lang='lat' dir='ltr'><strong>llic</strong></span> <span class='ocrx_word' id='word_1_674' title='bbox 1313 5405 1499 5459; x_wconf 90' lang='lat' dir='ltr'><strong>alludit</strong></span> <span class='ocrx_word' id='word_1_675' title='bbox 1543 5406 1608 5460; x_wconf 91' lang='lat' dir='ltr'><strong>ad</strong></span> <span class='ocrx_word' id='word_1_676' title='bbox 1658 5405 1945 5460; x_wconf 77' lang='lat' dir='ltr'><strong>Maximum</strong></span> 
     </span>
    </p>
   </div>
   <div class='ocr_carea' id='block_1_92' title="bbox 390 5473 1952 5548">
    <p class='ocr_par' dir='ltr' id='par_1_92' title="bbox 390 5473 1952 5548">
     <span class='ocr_line' id='line_1_92' title="bbox 390 5473 1952 5548; baseline -0.002 -16"><span class='ocrx_word' id='word_1_677' title='bbox 390 5473 672 5548; x_wconf 78' lang='lat' dir='ltr'><strong>Cynicum.</strong></span> <span class='ocrx_word' id='word_1_678' title='bbox 717 5473 825 5532; x_wconf 64' lang='lat' dir='ltr'><strong>Vo&#39;x</strong></span> <span class='ocrx_word' id='word_1_679' title='bbox 861 5492 1002 5530; x_wconf 88' lang='lat' dir='ltr'><strong>emm</strong></span> <span class='ocrx_word' id='word_1_680' title='bbox 1039 5474 1338 5548; x_wconf 72' lang='lat' dir='ltr'><strong>«Cynicus</strong></span> <span class='ocrx_word' id='word_1_681' title='bbox 1377 5495 1396 5527; x_wconf 77' lang='grc' dir='ltr'><strong>ι</strong></span> <span class='ocrx_word' id='word_1_682' title='bbox 1431 5494 1458 5528; x_wconf 89' lang='lat' dir='ltr'><strong>a</strong></span> <span class='ocrx_word' id='word_1_683' title='bbox 1511 5492 1702 5548; x_wconf 87' lang='lat' dir='ltr'><strong>canum</strong></span> <span class='ocrx_word' id='word_1_684' title='bbox 1759 5479 1952 5529; x_wconf 87' lang='lat' dir='ltr'><strong>latratu</strong></span> 
     </span>
    </p>
   </div>
   <div class='ocr_carea' id='block_1_93' title="bbox 390 5546 1954 5616">
    <p class='ocr_par' dir='ltr' id='par_1_93' title="bbox 390 5546 1954 5616">
     <span class='ocr_line' id='line_1_93' title="bbox 390 5546 1954 5616; baseline -0.002 -14"><span class='ocrx_word' id='word_1_685' title='bbox 390 5546 721 5610; x_wconf 74' lang='lat' dir='ltr'><strong>tlesumitur;</strong></span> <span class='ocrx_word' id='word_1_686' title='bbox 777 5551 916 5616; x_wconf 91' lang='lat' dir='ltr'><strong>quod</strong></span> <span class='ocrx_word' id='word_1_687' title='bbox 999 5546 1298 5614; x_wconf 83' lang='lat' dir='ltr'><strong>philosophi</strong></span> <span class='ocrx_word' id='word_1_688' title='bbox 1362 5549 1532 5616; x_wconf 82' lang='lat' dir='ltr'><strong>cynici</strong></span> <span class='ocrx_word' id='word_1_689' title='bbox 1603 5547 1954 5615; x_wconf 82' lang='lat' dir='ltr'><strong>undequaque</strong></span> 
     </span>
    </p>
   </div>
   <div class='ocr_carea' id='block_1_94' title="bbox 389 5616 1953 5685">
    <p class='ocr_par' dir='ltr' id='par_1_94' title="bbox 389 5616 1953 5685">
     <span class='ocr_line' id='line_1_94' title="bbox 389 5616 1953 5685; baseline 0.001 -15"><span class='ocrx_word' id='word_1_690' title='bbox 389 5616 763 5682; x_wconf 87' lang='lat' dir='ltr'><strong>oblatrabant,</strong></span> <span class='ocrx_word' id='word_1_691' title='bbox 803 5627 858 5670; x_wconf 90' lang='lat' dir='ltr'><strong>et</strong></span> <span class='ocrx_word' id='word_1_692' title='bbox 894 5631 1062 5670; x_wconf 63' lang='lat' dir='ltr'><strong>coal-ae</strong></span> <span class='ocrx_word' id='word_1_693' title='bbox 1091 5617 1296 5670; x_wconf 72' lang='lat' dir='ltr'><strong>alenda:</strong></span> <span class='ocrx_word' id='word_1_694' title='bbox 1325 5627 1377 5670; x_wconf 87' lang='lat' dir='ltr'><strong>et</strong></span> <span class='ocrx_word' id='word_1_695' title='bbox 1426 5620 1679 5670; x_wconf 77' lang='lat' dir='ltr'><strong>ornanda:</strong></span> <span class='ocrx_word' id='word_1_696' title='bbox 1727 5618 1953 5685; x_wconf 85' lang='lat' dir='ltr'><strong>turpiter</strong></span> 
     </span>
    </p>
   </div>
   <div class='ocr_carea' id='block_1_95' title="bbox 393 5688 696 5740">
    <p class='ocr_par' dir='ltr' id='par_1_95' title="bbox 393 5688 696 5740">
     <span class='ocr_line' id='line_1_95' title="bbox 393 5688 696 5740; baseline 0.01 -3"><span class='ocrx_word' id='word_1_697' title='bbox 393 5688 696 5740; x_wconf 71' lang='lat' dir='ltr'><strong>\tudebant.</strong></span> 
     </span>
    </p>
   </div>
   <div class='ocr_carea' id='block_1_96' title="bbox 459 5755 1333 5881">
    <p class='ocr_par' dir='ltr' id='par_1_96' title="bbox 459 5755 1333 5881">
     <span class='ocr_line' id='line_1_96' title="bbox 459 5755 1333 5881; baseline -0.001 -72"><span class='ocrx_word' id='word_1_698' title='bbox 459 5757 572 5881; x_wconf 47' lang='grc' dir='ltr'><strong>ᾆξδ)</strong></span> <span class='ocrx_word' id='word_1_699' title='bbox 611 5755 720 5808; x_wconf 74' lang='grc' dir='ltr'><strong>Καὶ</strong></span> <span class='ocrx_word' id='word_1_700' title='bbox 752 5757 835 5807; x_wconf 79' lang='grc' dir='ltr'><strong>τό.</strong></span> <span class='ocrx_word' id='word_1_701' title='bbox 869 5757 999 5842; x_wconf 75' lang='lat' dir='ltr'><strong>Reg.</strong></span> <span class='ocrx_word' id='word_1_702' title='bbox 1028 5757 1137 5819; x_wconf 83' lang='lat' dir='ltr'><strong>bin,</strong></span> <span class='ocrx_word' id='word_1_703' title='bbox 1165 5756 1192 5807; x_wconf 84' lang='grc' dir='ltr'><strong>ὃ</strong></span> <span class='ocrx_word' id='word_1_704' title='bbox 1224 5773 1333 5808; x_wconf 85' lang='grc' dir='ltr'>και.</span> 
     </span>
     <span class='ocr_line' id='line_1_97' title="bbox 485 5824 1333 5881; baseline 0.001 -1"><span class='ocrx_word' id='word_1_705' title='bbox 485 5826 572 5881; x_wconf 67' lang='grc' dir='ltr'><strong>οι)</strong></span> <span class='ocrx_word' id='word_1_706' title='bbox 617 5824 683 5878; x_wconf 78' lang='lat' dir='ltr'><strong>Ol</strong></span> <span class='ocrx_word' id='word_1_707' title='bbox 714 5824 860 5881; x_wconf 80' lang='grc' dir='ltr'>μήτε</span> <span class='ocrx_word' id='word_1_708' title='bbox 890 5843 1090 5881; x_wconf 69' lang='lat' dir='ltr'><strong>xvi-ec.</strong></span> <span class='ocrx_word' id='word_1_709' title='bbox 1116 5839 1220 5881; x_wconf 79' lang='lat' dir='ltr'><strong>etc.</strong></span> <span class='ocrx_word' id='word_1_710' title='bbox 1258 5845 1274 5876; x_wconf 82' lang='grc' dir='ltr'><strong>ι</strong></span> <span class='ocrx_word' id='word_1_711' title='bbox 1297 5827 1333 5881; x_wconf 79' lang='lat'>0</span> 
     </span>
    </p>
   </div>
   <div class='ocr_carea' id='block_1_97' title="bbox 484 5824 1950 5894">
    <p class='ocr_par' dir='ltr' id='par_1_97' title="bbox 484 5824 1950 5894">
     <span class='ocr_line' id='line_1_98' title="bbox 484 5824 1950 5894; baseline 0 -14"><span class='ocrx_word' id='word_1_712' title='bbox 484 5826 572 5891; x_wconf 69' lang='lat'><strong>54)</strong></span> <span class='ocrx_word' id='word_1_713' title='bbox 617 5824 683 5878; x_wconf 86' lang='grc' dir='ltr'><strong>οι</strong></span> <span class='ocrx_word' id='word_1_714' title='bbox 712 5824 860 5894; x_wconf 83' lang='grc' dir='ltr'>μήτε</span> <span class='ocrx_word' id='word_1_715' title='bbox 890 5827 1090 5890; x_wconf 72' lang='grc' dir='ltr'>κύνες,</span> <span class='ocrx_word' id='word_1_716' title='bbox 1116 5839 1220 5881; x_wconf 79' lang='lat' dir='ltr'><strong>etc.</strong></span> <span class='ocrx_word' id='word_1_717' title='bbox 1258 5845 1274 5876; x_wconf 81' lang='grc' dir='ltr'><strong>ι</strong></span> <span class='ocrx_word' id='word_1_718' title='bbox 1297 5827 1394 5891; x_wconf 80' lang='lat' dir='ltr'><strong>Qui</strong></span> <span class='ocrx_word' id='word_1_719' title='bbox 1423 5842 1519 5882; x_wconf 88' lang='lat' dir='ltr'><strong>nec</strong></span> <span class='ocrx_word' id='word_1_720' title='bbox 1547 5829 1596 5880; x_wconf 92' lang='lat' dir='ltr'><strong>in</strong></span> <span class='ocrx_word' id='word_1_721' title='bbox 1637 5841 1828 5881; x_wconf 89' lang='lat' dir='ltr'><strong>cauum</strong></span> <span class='ocrx_word' id='word_1_722' title='bbox 1861 5841 1950 5880; x_wconf 89' lang='lat' dir='ltr'><strong>or-</strong></span> 
     </span>
    </p>
   </div>
   <div class='ocr_carea' id='block_1_98' title="bbox 1625 4962 1972 5029">
    <p class='ocr_par' dir='ltr' id='par_1_98' title="bbox 1625 4962 1972 5029">
     <span class='ocr_line' id='line_1_99' title="bbox 1625 4962 1972 5029; baseline 0 -10"><span class='ocrx_word' id='word_1_723' title='bbox 1625 4965 1669 4997; x_wconf 81' lang='grc'>⁸⁸</span> <span class='ocrx_word' id='word_1_724' title='bbox 1701 4962 1801 5019; x_wconf 81' lang='lat' dir='ltr'><strong>Job</strong></span> <span class='ocrx_word' id='word_1_725' title='bbox 1835 4980 1884 5029; x_wconf 89' lang='lat' dir='ltr'><strong>v,</strong></span> <span class='ocrx_word' id='word_1_726' title='bbox 1918 4965 1972 5020; x_wconf 88' lang='lat'><strong>7.</strong></span> 
     </span>
    </p>
   </div>
   <div class='ocr_carea' id='block_1_99' title="bbox 2127 3932 3625 4011">
    <p class='ocr_par' dir='ltr' id='par_1_99' title="bbox 2127 3932 3625 4011">
     <span class='ocr_line' id='line_1_100' title="bbox 2127 3932 3625 4011; baseline 0.005 -25"><span class='ocrx_word' id='word_1_727' title='bbox 2127 3937 2198 3986; x_wconf 81' lang='lat' dir='ltr'><strong>A&#39;.</strong></span> <span class='ocrx_word' id='word_1_728' title='bbox 2235 3932 2415 3987; x_wconf 80' lang='grc' dir='ltr'>Ταῦτα</span> <span class='ocrx_word' id='word_1_729' title='bbox 2448 3935 2475 3986; x_wconf 86' lang='grc' dir='ltr'>ὁ</span> <span class='ocrx_word' id='word_1_730' title='bbox 2500 3933 2670 3998; x_wconf 77' lang='grc' dir='ltr'>δειλὸς</span> <span class='ocrx_word' id='word_1_731' title='bbox 2703 3933 2812 4003; x_wconf 81' lang='grc' dir='ltr'>ἐγὼ</span> <span class='ocrx_word' id='word_1_732' title='bbox 2852 3935 3051 4007; x_wconf 79' lang='grc' dir='ltr'>ποιμὴν</span> <span class='ocrx_word' id='word_1_733' title='bbox 3095 3936 3187 3989; x_wconf 77' lang='grc' dir='ltr'><strong>καὶ</strong></span> <span class='ocrx_word' id='word_1_734' title='bbox 3219 3955 3625 4011; x_wconf 68' lang='grc' dir='ltr'>περιεσκεμμεο</span> 
     </span>
    </p>
   </div>
   <div class='ocr_carea' id='block_1_100' title="bbox 2059 4025 3623 4099">
    <p class='ocr_par' dir='ltr' id='par_1_100' title="bbox 2059 4025 3623 4099">
     <span class='ocr_line' id='line_1_101' title="bbox 2059 4025 3623 4099; baseline -0.008 -18"><span class='ocrx_word' id='word_1_735' title='bbox 2059 4045 2165 4089; x_wconf 86' lang='grc' dir='ltr'>νος,</span> <span class='ocrx_word' id='word_1_736' title='bbox 2201 4027 2291 4078; x_wconf 72' lang='grc' dir='ltr'><strong>καὶ</strong></span> <span class='ocrx_word' id='word_1_737' title='bbox 2314 4025 2397 4078; x_wconf 67' lang='grc' dir='ltr'>διὰ</span> <span class='ocrx_word' id='word_1_738' title='bbox 2421 4026 2578 4078; x_wconf 80' lang='grc' dir='ltr'>τοῦτο</span> <span class='ocrx_word' id='word_1_739' title='bbox 2605 4027 2701 4098; x_wconf 78' lang='grc' dir='ltr'><strong>τὴν</strong></span> <span class='ocrx_word' id='word_1_740' title='bbox 2731 4027 3026 4094; x_wconf 74' lang='grc' dir='ltr'>ἀσφάλειαν</span> <span class='ocrx_word' id='word_1_741' title='bbox 3053 4029 3128 4090; x_wconf 81' lang='grc' dir='ltr'>ὡς</span> <span class='ocrx_word' id='word_1_742' title='bbox 3161 4028 3295 4099; x_wconf 69' lang='grc' dir='ltr'>ραθυ</span> <span class='ocrx_word' id='word_1_743' title='bbox 3305 4030 3433 4099; x_wconf 78' lang='grc' dir='ltr'>μίαν</span> <span class='ocrx_word' id='word_1_744' title='bbox 3460 4033 3623 4099; x_wconf 60' lang='grc' dir='ltr'><strong>ἐγκι,</strong></span> 
     </span>
    </p>
   </div>
   <div class='ocr_carea' id='block_1_101' title="bbox 2057 4118 3626 4191">
    <p class='ocr_par' dir='ltr' id='par_1_101' title="bbox 2057 4118 3626 4191">
     <span class='ocr_line' id='line_1_102' title="bbox 2057 4118 3626 4191; baseline 0.004 -19"><span class='ocrx_word' id='word_1_745' title='bbox 2057 4119 2334 4189; x_wconf 83' lang='grc' dir='ltr'>λούμενος.</span> <span class='ocrx_word' id='word_1_746' title='bbox 2378 4118 2450 4172; x_wconf 75' lang='grc' dir='ltr'><strong>Οὐ</strong></span> <span class='ocrx_word' id='word_1_747' title='bbox 2494 4119 2601 4187; x_wconf 84' lang='grc' dir='ltr'><strong>γάρ</strong></span> <span class='ocrx_word' id='word_1_748' title='bbox 2641 4121 2755 4188; x_wconf 73' lang='grc' dir='ltr'>εἰμι</span> <span class='ocrx_word' id='word_1_749' title='bbox 2806 4120 3006 4191; x_wconf 81' lang='grc' dir='ltr'>ποιμὴν</span> <span class='ocrx_word' id='word_1_750' title='bbox 3044 4120 3268 4174; x_wconf 82' lang='grc' dir='ltr'>ἐκείνων</span> <span class='ocrx_word' id='word_1_751' title='bbox 3293 4139 3376 4185; x_wconf 85' lang='grc' dir='ltr'><strong>τις</strong></span> <span class='ocrx_word' id='word_1_752' title='bbox 3421 4123 3528 4176; x_wconf 85' lang='grc' dir='ltr'>τῶν</span> <span class='ocrx_word' id='word_1_753' title='bbox 3566 4126 3626 4178; x_wconf 82' lang='grc' dir='ltr'><strong>τὸ</strong></span> 
     </span>
    </p>
   </div>
   <div class='ocr_carea' id='block_1_102' title="bbox 2058 4209 3625 4282">
    <p class='ocr_par' dir='ltr' id='par_1_102' title="bbox 2058 4209 3625 4282">
     <span class='ocr_line' id='line_1_103' title="bbox 2058 4209 3625 4282; baseline 0.001 -18"><span class='ocrx_word' id='word_1_754' title='bbox 2058 4210 2197 4280; x_wconf 84' lang='grc' dir='ltr'>γάλα</span> <span class='ocrx_word' id='word_1_755' title='bbox 2233 4209 2644 4273; x_wconf 82' lang='grc' dir='ltr'>κατεσθιόντων,</span> <span class='ocrx_word' id='word_1_756' title='bbox 2702 4211 2797 4262; x_wconf 76' lang='grc' dir='ltr'><strong>καὶ</strong></span> <span class='ocrx_word' id='word_1_757' title='bbox 2848 4213 2913 4264; x_wconf 79' lang='grc' dir='ltr'><strong>τα</strong></span> <span class='ocrx_word' id='word_1_758' title='bbox 2966 4211 3086 4281; x_wconf 76' lang='grc' dir='ltr'>ἔρια</span> <span class='ocrx_word' id='word_1_759' title='bbox 3134 4211 3625 4282; x_wconf 78' lang='grc' dir='ltr'>περιϐαλλομένων,</span> 
     </span>
    </p>
   </div>
   <div class='ocr_carea' id='block_1_103' title="bbox 2058 4299 3629 4374">
    <p class='ocr_par' dir='ltr' id='par_1_103' title="bbox 2058 4299 3629 4374">
     <span class='ocr_line' id='line_1_104' title="bbox 2058 4299 3629 4374; baseline -0.001 -18"><span class='ocrx_word' id='word_1_760' title='bbox 2058 4304 2153 4356; x_wconf 72' lang='grc' dir='ltr'><strong>καὶ</strong></span> <span class='ocrx_word' id='word_1_761' title='bbox 2196 4302 2256 4355; x_wconf 78' lang='grc' dir='ltr'>τὸ</span> <span class='ocrx_word' id='word_1_762' title='bbox 2300 4303 2442 4372; x_wconf 80' lang='grc' dir='ltr'>παχὺ</span> <span class='ocrx_word' id='word_1_763' title='bbox 2495 4299 2825 4371; x_wconf 76' lang='grc' dir='ltr'>σφαζόντων,</span> <span class='ocrx_word' id='word_1_764' title='bbox 2876 4303 2969 4355; x_wconf 71' lang='grc' dir='ltr'><strong>καὶ</strong></span> <span class='ocrx_word' id='word_1_765' title='bbox 3005 4300 3187 4372; x_wconf 78' lang='grc' dir='ltr'>μόχθῳ</span> <span class='ocrx_word' id='word_1_766' title='bbox 3225 4303 3629 4374; x_wconf 72' lang='grc' dir='ltr'>κατεργαζομέ-</span> 
     </span>
    </p>
   </div>
   <div class='ocr_carea' id='block_1_104' title="bbox 2057 4390 3620 4464">
    <p class='ocr_par' dir='ltr' id='par_1_104' title="bbox 2057 4390 3620 4464">
     <span class='ocr_line' id='line_1_105' title="bbox 2057 4390 3620 4464; baseline -0.002 -17"><span class='ocrx_word' id='word_1_767' title='bbox 2057 4411 2184 4456; x_wconf 86' lang='grc' dir='ltr'>νων,</span> <span class='ocrx_word' id='word_1_768' title='bbox 2230 4393 2262 4464; x_wconf 84' lang='grc' dir='ltr'>ἢ</span> <span class='ocrx_word' id='word_1_769' title='bbox 2322 4391 2792 4462; x_wconf 77' lang='grc' dir='ltr'>ἀπεμπωλούντων</span> <span class='ocrx_word' id='word_1_770' title='bbox 2808 4391 2916 4464; x_wconf 84' lang='lat'><strong>(&#39;57)</strong></span> <span class='ocrx_word' id='word_1_771' title='bbox 2962 4391 3056 4443; x_wconf 74' lang='grc' dir='ltr'>καὶ</span> <span class='ocrx_word' id='word_1_772' title='bbox 3091 4390 3390 4459; x_wconf 84' lang='grc' dir='ltr'>λεγόντων·</span> <span class='ocrx_word' id='word_1_773' title='bbox 3431 4394 3620 4444; x_wconf 72' lang='grc' dir='ltr'><strong>Εὐλο-</strong></span> 
     </span>
    </p>
   </div>
   <div class='ocr_carea' id='block_1_105' title="bbox 1481 4470 1948 4556">
    <p class='ocr_par' dir='ltr' id='par_1_105' title="bbox 1481 4487 1948 4556">
     <span class='ocr_line' id='line_1_106' title="bbox 1481 4487 1948 4556; baseline 0 -16"><span class='ocrx_word' id='word_1_774' title='bbox 1481 4487 1568 4555; x_wconf 88' lang='lat' dir='ltr'><strong>qui</strong></span> <span class='ocrx_word' id='word_1_775' title='bbox 1609 4488 1815 4556; x_wconf 84' lang='lat' dir='ltr'><strong>seipsos</strong></span> <span class='ocrx_word' id='word_1_776' title='bbox 1858 4501 1948 4556; x_wconf 90' lang='lat' dir='ltr'><strong>pa-</strong></span> 
     </span>
    </p>
   </div>
   <div class='ocr_carea' id='block_1_106' title="bbox 2062 4470 3629 4556">
    <p class='ocr_par' dir='ltr' id='par_1_106' title="bbox 2063 4483 3629 4554">
     <span class='ocr_line' id='line_1_107' title="bbox 2063 4483 3629 4554; baseline 0 -18"><span class='ocrx_word' id='word_1_777' title='bbox 2063 4485 2242 4554; x_wconf 73' lang='grc' dir='ltr'>γητὸς</span> <span class='ocrx_word' id='word_1_778' title='bbox 2271 4485 2499 4551; x_wconf 81' lang='grc' dir='ltr'>Κύριος,</span> <span class='ocrx_word' id='word_1_779' title='bbox 2536 4484 2632 4537; x_wconf 80' lang='grc' dir='ltr'>καὶ</span> <span class='ocrx_word' id='word_1_780' title='bbox 2666 4483 3197 4552; x_wconf 66' lang='grc' dir='ltr'>πεπλουτήκαμενι</span> <span class='ocrx_word' id='word_1_781' title='bbox 3236 4483 3629 4553; x_wconf 80' lang='grc' dir='ltr'>ποιμαινόντων</span> 
     </span>
    </p>
   </div>
   <div class='ocr_carea' id='block_1_107' title="bbox 2065 4571 3626 4644">
    <p class='ocr_par' dir='ltr' id='par_1_107' title="bbox 2065 4571 3626 4644">
     <span class='ocr_line' id='line_1_108' title="bbox 2065 4571 3626 4644; baseline -0.001 -18"><span class='ocrx_word' id='word_1_782' title='bbox 2065 4574 2308 4637; x_wconf 76' lang='grc' dir='ltr'>ἑαυτοὺς,</span> <span class='ocrx_word' id='word_1_783' title='bbox 2343 4574 2402 4625; x_wconf 79' lang='grc' dir='ltr'>οὺ</span> <span class='ocrx_word' id='word_1_784' title='bbox 2435 4574 2501 4626; x_wconf 69' lang='grc' dir='ltr'><strong>τὰ</strong></span> <span class='ocrx_word' id='word_1_785' title='bbox 2534 4572 2800 4644; x_wconf 79' lang='grc' dir='ltr'>πρόϐατα,</span> <span class='ocrx_word' id='word_1_786' title='bbox 2831 4573 2882 4625; x_wconf 77' lang='grc' dir='ltr'><strong>εἴ</strong></span> <span class='ocrx_word' id='word_1_787' title='bbox 2910 4590 2959 4625; x_wconf 87' lang='grc' dir='ltr'><strong>τι</strong></span> <span class='ocrx_word' id='word_1_788' title='bbox 2991 4572 3101 4623; x_wconf 83' lang='grc' dir='ltr'>τῶν</span> <span class='ocrx_word' id='word_1_789' title='bbox 3133 4571 3486 4642; x_wconf 74' lang='grc' dir='ltr'>προφητικῶν</span> <span class='ocrx_word' id='word_1_790' title='bbox 3515 4590 3626 4640; x_wconf 74' lang='grc' dir='ltr'><strong>φω-</strong></span> 
     </span>
    </p>
   </div>
   <div class='ocr_carea' id='block_1_108' title="bbox 2059 4658 3627 4736">
    <p class='ocr_par' dir='ltr' id='par_1_108' title="bbox 2059 4658 3627 4736">
     <span class='ocr_line' id='line_1_109' title="bbox 2059 4658 3627 4736; baseline 0 -20"><span class='ocrx_word' id='word_1_791' title='bbox 2059 4663 2164 4717; x_wconf 77' lang='grc' dir='ltr'><strong>νῶν</strong></span> <span class='ocrx_word' id='word_1_792' title='bbox 2201 4664 2476 4736; x_wconf 84' lang='grc' dir='ltr'>μέμνησθε</span> <span class='ocrx_word' id='word_1_793' title='bbox 2499 4664 2632 4736; x_wconf 75' lang='grc'>(58),</span> <span class='ocrx_word' id='word_1_794' title='bbox 2663 4665 2727 4716; x_wconf 80' lang='grc' dir='ltr'>δι’</span> <span class='ocrx_word' id='word_1_795' title='bbox 2767 4658 2839 4718; x_wconf 81' lang='grc' dir='ltr'>ὧν</span> <span class='ocrx_word' id='word_1_796' title='bbox 2882 4667 3076 4718; x_wconf 76' lang='grc' dir='ltr'>ἐκεῖνοι</span> <span class='ocrx_word' id='word_1_797' title='bbox 3109 4666 3228 4728; x_wconf 76' lang='grc' dir='ltr'>τοὺς</span> <span class='ocrx_word' id='word_1_798' title='bbox 3267 4666 3470 4726; x_wconf 71' lang='grc' dir='ltr'>κακοὺς</span> <span class='ocrx_word' id='word_1_799' title='bbox 3509 4681 3627 4717; x_wconf 87' lang='grc' dir='ltr'>ποι-</span> 
     </span>
    </p>
   </div>
   <div class='ocr_carea' id='block_1_109' title="bbox 2064 4758 3630 4830">
    <p class='ocr_par' dir='ltr' id='par_1_109' title="bbox 2064 4758 3630 4830">
     <span class='ocr_line' id='line_1_110' title="bbox 2064 4758 3630 4830; baseline -0.002 -18"><span class='ocrx_word' id='word_1_800' title='bbox 2064 4760 2229 4830; x_wconf 86' lang='grc' dir='ltr'>μένας</span> <span class='ocrx_word' id='word_1_801' title='bbox 2259 4759 2592 4813; x_wconf 79' lang='grc' dir='ltr'>ὲλαύνουσιν·</span> <span class='ocrx_word' id='word_1_802' title='bbox 2629 4759 2744 4812; x_wconf 79' lang='grc' dir='ltr'>ἀλλ’</span> <span class='ocrx_word' id='word_1_803' title='bbox 2776 4758 2996 4814; x_wconf 81' lang='grc' dir='ltr'>ἐκείνων</span> <span class='ocrx_word' id='word_1_804' title='bbox 3029 4759 3226 4830; x_wconf 80' lang='grc' dir='ltr'>μᾶλλον</span> <span class='ocrx_word' id='word_1_805' title='bbox 3255 4759 3365 4813; x_wconf 82' lang='grc' dir='ltr'><strong>τῶν</strong></span> <span class='ocrx_word' id='word_1_806' title='bbox 3395 4758 3630 4827; x_wconf 79' lang='grc' dir='ltr'>δυναμέ-</span> 
     </span>
    </p>
   </div>
   <div class='ocr_carea' id='block_1_110' title="bbox 2060 4849 3630 4921">
    <p class='ocr_par' dir='ltr' id='par_1_110' title="bbox 2060 4849 3630 4921">
     <span class='ocr_line' id='line_1_111' title="bbox 2060 4849 3630 4921; baseline -0.001 -17"><span class='ocrx_word' id='word_1_807' title='bbox 2060 4868 2166 4904; x_wconf 91' lang='grc' dir='ltr'><strong>νων</strong></span> <span class='ocrx_word' id='word_1_808' title='bbox 2215 4852 2386 4904; x_wconf 87' lang='grc' dir='ltr'>εἰπεῖν</span> <span class='ocrx_word' id='word_1_809' title='bbox 2437 4849 2574 4921; x_wconf 77' lang='grc' dir='ltr'>μετὰ</span> <span class='ocrx_word' id='word_1_810' title='bbox 2629 4850 2873 4904; x_wconf 81' lang='grc' dir='ltr'>Παύλου’</span> <span class='ocrx_word' id='word_1_811' title='bbox 2921 4852 3015 4918; x_wconf 81' lang='grc' dir='ltr'>Τίς</span> <span class='ocrx_word' id='word_1_812' title='bbox 3057 4851 3318 4917; x_wconf 77' lang='grc' dir='ltr'>ἀσθενεῖ,</span> <span class='ocrx_word' id='word_1_813' title='bbox 3380 4851 3480 4904; x_wconf 77' lang='grc' dir='ltr'>καὶ</span> <span class='ocrx_word' id='word_1_814' title='bbox 3519 4852 3630 4903; x_wconf 73' lang='grc' dir='ltr'>οὐκ</span> 
     </span>
    </p>
   </div>
   <div class='ocr_carea' id='block_1_111' title="bbox 2075 4963 3626 5030">
    <p class='ocr_par' dir='ltr' id='par_1_111' title="bbox 2075 4963 3626 5030">
     <span class='ocr_line' id='line_1_112' title="bbox 2075 4963 3626 5030; baseline 0.001 -12"><span class='ocrx_word' id='word_1_815' title='bbox 2075 4964 2120 4994; x_wconf 75' lang='grc'><strong>⁸⁸</strong></span> <span class='ocrx_word' id='word_1_816' title='bbox 2169 4964 2308 5019; x_wconf 86' lang='lat' dir='ltr'><strong>Psal.</strong></span> <span class='ocrx_word' id='word_1_817' title='bbox 2364 4979 2506 5030; x_wconf 68' lang='grc' dir='ltr'>χειν,</span> <span class='ocrx_word' id='word_1_818' title='bbox 2541 4965 2594 5020; x_wconf 91' lang='lat'><strong>6.</strong></span> <span class='ocrx_word' id='word_1_819' title='bbox 2695 4967 2742 4996; x_wconf 77' lang='grc' dir='ltr'><strong>το</strong></span> <span class='ocrx_word' id='word_1_820' title='bbox 2800 4965 2995 5021; x_wconf 79' lang='lat' dir='ltr'><strong>Ezech.</strong></span> <span class='ocrx_word' id='word_1_821' title='bbox 3049 4967 3313 5030; x_wconf 69' lang='lat' dir='ltr'><strong>xxnv,3.</strong></span> <span class='ocrx_word' id='word_1_822' title='bbox 3389 4963 3626 5020; x_wconf 80' lang='lat' dir='ltr'><strong>&quot;Zacb.</strong></span> 
     </span>
    </p>
   </div>
   <div class='ocr_carea' id='block_1_112' title="bbox 2695 4965 3313 5032">
    <p class='ocr_par' dir='ltr' id='par_1_112' title="bbox 2695 4965 3313 5032">
     <span class='ocr_line' id='line_1_113' title="bbox 2695 4965 3313 5032; baseline 0.003 -12"><span class='ocrx_word' id='word_1_823' title='bbox 2695 4967 2742 4996; x_wconf 75' lang='grc' dir='ltr'><strong>’θ</strong></span> <span class='ocrx_word' id='word_1_824' title='bbox 2800 4965 2995 5021; x_wconf 82' lang='lat' dir='ltr'><strong>Ezech.</strong></span> <span class='ocrx_word' id='word_1_825' title='bbox 3049 4983 3232 5032; x_wconf 61' lang='lat' dir='ltr'><strong>xxxiv,</strong></span> <span class='ocrx_word' id='word_1_826' title='bbox 3263 4967 3313 5022; x_wconf 79' lang='lat'><strong>5.</strong></span> 
     </span>
    </p>
   </div>
   <div class='ocr_carea' id='block_1_113' title="bbox 2059 5126 3627 5194">
    <p class='ocr_par' dir='ltr' id='par_1_113' title="bbox 2059 5126 3627 5194">
     <span class='ocr_line' id='line_1_114' title="bbox 2059 5126 3627 5194; baseline 0.003 -17"><span class='ocrx_word' id='word_1_827' title='bbox 2059 5126 2183 5178; x_wconf 89' lang='lat' dir='ltr'><strong>dine</strong></span> <span class='ocrx_word' id='word_1_828' title='bbox 2214 5134 2549 5187; x_wconf 82' lang='lat' dir='ltr'><strong>manserunt,</strong></span> <span class='ocrx_word' id='word_1_829' title='bbox 2583 5144 2600 5176; x_wconf 75' lang='grc' dir='ltr'><strong>ι</strong></span> <span class='ocrx_word' id='word_1_830' title='bbox 2638 5135 2766 5190; x_wconf 86' lang='lat' dir='ltr'><strong>etc.,</strong></span> <span class='ocrx_word' id='word_1_831' title='bbox 2804 5127 2854 5180; x_wconf 92' lang='lat' dir='ltr'><strong>id</strong></span> <span class='ocrx_word' id='word_1_832' title='bbox 2893 5136 3002 5190; x_wconf 87' lang='lat' dir='ltr'><strong>est,</strong></span> <span class='ocrx_word' id='word_1_833' title='bbox 3057 5128 3226 5194; x_wconf 82' lang='lat' dir='ltr'><strong>inquit</strong></span> <span class='ocrx_word' id='word_1_834' title='bbox 3263 5127 3427 5191; x_wconf 84' lang='lat' dir='ltr'><strong>Elias,</strong></span> <span class='ocrx_word' id='word_1_835' title='bbox 3478 5144 3498 5178; x_wconf 78' lang='grc' dir='ltr'><strong>ι</strong></span> <span class='ocrx_word' id='word_1_836' title='bbox 3531 5143 3627 5182; x_wconf 82' lang='lat' dir='ltr'><strong>nec</strong></span> 
     </span>
    </p>
   </div>
   <div class='ocr_carea' id='block_1_114' title="bbox 2056 5195 3623 5264">
    <p class='ocr_par' dir='ltr' id='par_1_114' title="bbox 2056 5195 3623 5264">
     <span class='ocr_line' id='line_1_115' title="bbox 2056 5195 3623 5264; baseline 0.001 -18"><span class='ocrx_word' id='word_1_837' title='bbox 2056 5195 2292 5264; x_wconf 79' lang='lat' dir='ltr'><strong>Cynicus</strong></span> <span class='ocrx_word' id='word_1_838' title='bbox 2331 5196 2546 5258; x_wconf 80' lang='lat' dir='ltr'><strong>mansit,</strong></span> <span class='ocrx_word' id='word_1_839' title='bbox 2578 5213 2674 5250; x_wconf 87' lang='lat' dir='ltr'><strong>nec</strong></span> <span class='ocrx_word' id='word_1_840' title='bbox 2706 5211 2833 5250; x_wconf 83' lang='lat' dir='ltr'><strong>vere</strong></span> <span class='ocrx_word' id='word_1_841' title='bbox 2860 5196 3202 5252; x_wconf 83' lang='lat' dir='ltr'><strong>Christianus</strong></span> <span class='ocrx_word' id='word_1_842' title='bbox 3229 5199 3451 5253; x_wconf 84' lang='lat' dir='ltr'><strong>ellectus</strong></span> <span class='ocrx_word' id='word_1_843' title='bbox 3475 5207 3580 5263; x_wconf 88' lang='lat' dir='ltr'><strong>est,</strong></span> <span class='ocrx_word' id='word_1_844' title='bbox 3604 5215 3623 5248; x_wconf 74' lang='grc' dir='ltr'><strong>ι</strong></span> 
     </span>
    </p>
   </div>
   <div class='ocr_carea' id='block_1_115' title="bbox 2058 5265 2576 5320">
    <p class='ocr_par' dir='ltr' id='par_1_115' title="bbox 2058 5265 2576 5320">
     <span class='ocr_line' id='line_1_116' title="bbox 2058 5265 2576 5320; baseline -0.006 0"><span class='ocrx_word' id='word_1_845' title='bbox 2058 5276 2264 5320; x_wconf 77' lang='lat' dir='ltr'><strong>Scilicet</strong></span> <span class='ocrx_word' id='word_1_846' title='bbox 2293 5265 2576 5319; x_wconf 77' lang='lat' dir='ltr'><strong>Maximus.</strong></span> 
     </span>
    </p>
   </div>
   <div class='ocr_carea' id='block_1_116' title="bbox 2126 5335 3627 5410">
    <p class='ocr_par' dir='ltr' id='par_1_116' title="bbox 2126 5335 3627 5410">
     <span class='ocr_line' id='line_1_117' title="bbox 2126 5335 3627 5410; baseline 0.001 -23"><span class='ocrx_word' id='word_1_847' title='bbox 2126 5335 2236 5404; x_wconf 76' lang='grc' dir='ltr'><strong>(ὖὸ)</strong></span> <span class='ocrx_word' id='word_1_848' title='bbox 2276 5335 2640 5410; x_wconf 64' lang='grc' dir='ltr'>Διαοξπεῖραι.</span> <span class='ocrx_word' id='word_1_849' title='bbox 2694 5337 2825 5389; x_wconf 83' lang='lat' dir='ltr'><strong>Tres</strong></span> <span class='ocrx_word' id='word_1_850' title='bbox 2859 5336 3031 5400; x_wconf 80' lang='lat' dir='ltr'><strong>Colli.,</strong></span> <span class='ocrx_word' id='word_1_851' title='bbox 3068 5339 3408 5410; x_wconf 78' lang='grc' dir='ltr'>διαφθεῖραι,</span> <span class='ocrx_word' id='word_1_852' title='bbox 3451 5355 3470 5388; x_wconf 75' lang='grc' dir='ltr'><strong>ι</strong></span> <span class='ocrx_word' id='word_1_853' title='bbox 3504 5352 3627 5390; x_wconf 80' lang='lat' dir='ltr'><strong>cor-</strong></span> 
     </span>
    </p>
   </div>
   <div class='ocr_carea' id='block_1_117' title="bbox 2058 5408 3556 5478">
    <p class='ocr_par' dir='ltr' id='par_1_117' title="bbox 2058 5408 3556 5478">
     <span class='ocr_line' id='line_1_118' title="bbox 2058 5408 3556 5478; baseline 0.001 -21"><span class='ocrx_word' id='word_1_854' title='bbox 2058 5420 2330 5478; x_wconf 57' lang='lat' dir='ltr'><strong>rumpere.</strong></span> <span class='ocrx_word' id='word_1_855' title='bbox 2359 5408 2707 5478; x_wconf 51' lang='lat' dir='ltr'><strong>labelactare.</strong></span> <span class='ocrx_word' id='word_1_856' title='bbox 2740 5426 2757 5457; x_wconf 76' lang='grc' dir='ltr'><strong>ι</strong></span> <span class='ocrx_word' id='word_1_857' title='bbox 2793 5409 2881 5458; x_wconf 77' lang='lat' dir='ltr'><strong>Sic</strong></span> <span class='ocrx_word' id='word_1_858' title='bbox 2913 5424 3126 5478; x_wconf 82' lang='lat' dir='ltr'><strong>quoque</strong></span> <span class='ocrx_word' id='word_1_859' title='bbox 3154 5408 3556 5478; x_wconf 12' lang='lat' dir='ltr'><strong>legitﬁlluliuns.</strong></span> 
     </span>
    </p>
   </div>
   <div class='ocr_carea' id='block_1_118' title="bbox 2129 5475 3628 5548">
    <p class='ocr_par' dir='ltr' id='par_1_118' title="bbox 2129 5475 3628 5548">
     <span class='ocr_line' id='line_1_119' title="bbox 2129 5475 3628 5548; baseline 0.004 -21"><span class='ocrx_word' id='word_1_860' title='bbox 2129 5475 2240 5543; x_wconf 77' lang='grc'><strong>(36)</strong></span> <span class='ocrx_word' id='word_1_861' title='bbox 2281 5476 2652 5548; x_wconf 53' lang='lat' dir='ltr'><strong>Herminium.</strong></span> <span class='ocrx_word' id='word_1_862' title='bbox 2693 5478 2804 5531; x_wconf 89' lang='lat' dir='ltr'><strong>Duo</strong></span> <span class='ocrx_word' id='word_1_863' title='bbox 2841 5475 3293 5548; x_wconf 47' lang='lat' dir='ltr'><strong>lieggq&#39;quatunr</strong></span> <span class='ocrx_word' id='word_1_864' title='bbox 3328 5478 3506 5539; x_wconf 55' lang='lat' dir='ltr'><strong>Coll»,</strong></span> <span class='ocrx_word' id='word_1_865' title='bbox 3532 5476 3628 5533; x_wconf 87' lang='lat' dir='ltr'><strong>0r.</strong></span> 
     </span>
    </p>
   </div>
   <div class='ocr_carea' id='block_1_119' title="bbox 2057 5543 2605 5607">
    <p class='ocr_par' dir='ltr' id='par_1_119' title="bbox 2057 5543 2605 5607">
     <span class='ocr_line' id='line_1_120' title="bbox 2057 5543 2605 5607; baseline 0.005 -12"><span class='ocrx_word' id='word_1_866' title='bbox 2057 5543 2106 5607; x_wconf 83' lang='grc'>1,</span> <span class='ocrx_word' id='word_1_867' title='bbox 2135 5557 2262 5607; x_wconf 78' lang='lat' dir='ltr'><strong>t-tc.,</strong></span> <span class='ocrx_word' id='word_1_868' title='bbox 2295 5546 2605 5599; x_wconf 79' lang='grc' dir='ltr'>καταδῦσαι.</span> 
     </span>
    </p>
   </div>
   <div class='ocr_carea' id='block_1_120' title="bbox 2128 5615 3623 5689">
    <p class='ocr_par' dir='ltr' id='par_1_120' title="bbox 2128 5615 3623 5689">
     <span class='ocr_line' id='line_1_121' title="bbox 2128 5615 3623 5689; baseline 0.003 -21"><span class='ocrx_word' id='word_1_869' title='bbox 2128 5615 2236 5686; x_wconf 72' lang='lat'><strong>(57)</strong></span> <span class='ocrx_word' id='word_1_870' title='bbox 2288 5616 2841 5684; x_wconf 64' lang='grc' dir='ltr'>Ἀπεγιίτωλούντων.</span> <span class='ocrx_word' id='word_1_871' title='bbox 2915 5617 3046 5688; x_wconf 79' lang='lat' dir='ltr'><strong>Reg.</strong></span> <span class='ocrx_word' id='word_1_872' title='bbox 3105 5621 3176 5686; x_wconf 87' lang='lat' dir='ltr'><strong>b,</strong></span> <span class='ocrx_word' id='word_1_873' title='bbox 3235 5615 3623 5689; x_wconf 56' lang='grc' dir='ltr'>ἀπεμπολῶν-</span> 
     </span>
    </p>
   </div>
   <div class='ocr_carea' id='block_1_121' title="bbox 2051 5701 3536 5743">
    <p class='ocr_par' dir='ltr' id='par_1_121' title="bbox 2051 5701 3536 5743">
     <span class='ocr_line' id='line_1_122' title="bbox 2051 5701 3536 5743; baseline 0.005 -7"><span class='ocrx_word' id='word_1_874' title='bbox 2051 5701 2157 5736; x_wconf 86' lang='grc' dir='ltr'><strong>των</strong></span> <span class='ocrx_word' id='word_1_875' title='bbox 2167 5724 2179 5736; x_wconf 92' lang='grc'><strong>.</strong></span> <span class='ocrx_word' id='word_1_876' title='bbox 3523 5733 3536 5743; x_wconf 92' lang='grc'><em>.</em></span> 
     </span>
    </p>
   </div>
   <div class='ocr_carea' id='block_1_122' title="bbox 2124 5752 3629 5831">
    <p class='ocr_par' dir='ltr' id='par_1_122' title="bbox 2124 5752 3629 5831">
     <span class='ocr_line' id='line_1_123' title="bbox 2124 5752 3629 5831; baseline 0.003 -23"><span class='ocrx_word' id='word_1_877' title='bbox 2124 5755 2235 5831; x_wconf 63' lang='grc' dir='ltr'><strong>(ὅᾷ)</strong></span> <span class='ocrx_word' id='word_1_878' title='bbox 2276 5752 2612 5831; x_wconf 63' lang='grc' dir='ltr'>Μέμνησᾷε.</span> <span class='ocrx_word' id='word_1_879' title='bbox 2655 5755 2714 5831; x_wconf 67' lang='lat' dir='ltr'><strong>in</strong></span> <span class='ocrx_word' id='word_1_880' title='bbox 2762 5759 3118 5831; x_wconf 74' lang='lat' dir='ltr'><strong>quibusdam,</strong></span> <span class='ocrx_word' id='word_1_881' title='bbox 3169 5757 3261 5813; x_wconf 76' lang='grc' dir='ltr'>νῦν</span> <span class='ocrx_word' id='word_1_882' title='bbox 3298 5757 3629 5831; x_wconf 77' lang='grc' dir='ltr'>μεμνῆσθαι.</span> 
     </span>
    </p>
   </div>
   <div class='ocr_carea' id='block_1_123' title="bbox 2053 5822 2852 5897">
    <p class='ocr_par' dir='ltr' id='par_1_123' title="bbox 2053 5822 2852 5897">
     <span class='ocr_line' id='line_1_124' title="bbox 2053 5822 2852 5897; baseline 0.006 -20"><span class='ocrx_word' id='word_1_883' title='bbox 2053 5822 2109 5878; x_wconf 78' lang='lat' dir='ltr'><strong>In</strong></span> <span class='ocrx_word' id='word_1_884' title='bbox 2135 5822 2285 5891; x_wconf 78' lang='lat' dir='ltr'><strong>aliis,</strong></span> <span class='ocrx_word' id='word_1_885' title='bbox 2317 5822 2622 5897; x_wconf 79' lang='grc' dir='ltr'>μεμνῆσθαι</span> <span class='ocrx_word' id='word_1_886' title='bbox 2651 5826 2727 5879; x_wconf 87' lang='grc' dir='ltr'><strong>δεῖ</strong></span> <span class='ocrx_word' id='word_1_887' title='bbox 2759 5825 2852 5883; x_wconf 81' lang='grc' dir='ltr'>ὧν.</span> 
     </span>
    </p>
   </div>
  </div>
