3914 6404
275 307 410 361 1253

1369 311 1629 367 ORATIO
1668 310 1855 366 XXVI.
1895 341 1962 353 —
2001 314 2067 368 IN
2107 314 2420 374 SEIPSUM.

3383 315 3515 369 ΝΞΛ

268 415 533 482 ἀπθενῶ;
568 417 657 483 τις
699 419 1175 488 σκανδαλίζεται,
1216 424 1313 479 και
1359 427 1467 479 οὐκ
1505 425 1619 496 ἐμὴ
1658 427 1834 493 πύρω-

1951 428 2237 493 dalizatur,
2270 441 2317 484 et
2367 447 2459 500 ego
2516 446 2618 482 non
2667 445 2809 493 uror,
2859 439 2908 484 el
2955 446 3083 484 cura
3129 430 3418 485 discrucior
3448 433 3518 485 7’?

271 529 390 577 σις,
420 510 456 578 ἣ
494 513 740 579 φροντίς
771 513 918 582 (59);
974 517 1056 569 Οὐ
1083 515 1193 584 γὰρ
1228 516 1373 585 ζητῶ
1397 521 1468 574 τὰ
1491 518 1677 588 ὑμῶν,
1701 521 1835 573 ἀλλ’

269 601 442 672 ὑμᾶς.
464 602 590 654 Καί·
635 603 959 672 Ἐγενόμην
988 608 1418 676 συγκαιόμενος
1441 611 1551 680 (40)
1585 610 1662 676 τῷ
1695 611 1838 663 καύ-

270 712 416 750 σωνι
470 695 580 762 τῆς
617 695 861 766 ἡμέρας,
915 699 1011 752 καὶ
1061 699 1140 765 τῷ
1193 700 1424 770 παγετῷ
1464 703 1577 770 τῆς
1619 703 1837 770 νυκτὸς

269 785 634 854 πιεζόμενος-
671 788 1008 858 πατριάρχου
1042 789 1192 859 φωνὴ
1222 791 1495 862 ποιμένος,
1529 786 1589 845 οῦ
1615 792 1684 845 τὰ
1715 792 1837 845 ἐπί-

270 893 418 947 σημα
463 877 728 948 πρόϐατα,
774 881 869 932 καὶ
915 884 1034 944 ταῖς
1083 882 1289 934 ἐκεῖθεν
1339 882 1518 954 ληνοῖς
1575 883 1838 954 ὲγκισσᾷν

270 967 654 1040 μελετήσαντα.
691 969 844 1024 Οὕτω
879 972 977 1042 μὲν
1005 968 1120 1035 οὖν,
1159 975 1251 1026 καὶ
1281 974 1368 1028 διὰ
1399 975 1570 1050 ταῦτα
1600 977 1837 1047 ἐπέστην

269 1061 413 1130 ὑμῖν,
455 1062 550 1114 καὶ
576 1061 746 1126 οὕτως
791 1061 1027 1133 ἔχουσιν.
1071 1065 1224 1118 Ἐπεὶ
1269 1065 1325 1118 δὲ
1359 1067 1616 1136 ἐπέστην,
1653 1067 1832 1137 δῶμεν

266 1153 418 1220 λόγον
448 1153 718 1224 ἀλλήλοις,
756 1147 831 1207 ὧν
862 1155 1065 1225 μεταξὺ
1105 1155 1568 1227 κατωρθώσαμεν.
1620 1157 1835 1227 Ἐπειδὴ

267 1245 426 1297 καλὸν
484 1243 557 1316 μὴ
611 1247 852 1316 ῥήματος
909 1247 1067 1317 μόνον
1123 1248 1214 1300 καὶ
1253 1248 1520 1317 πράξεως,
1559 1247 1692 1300 ἀλλὰ
1743 1249 1838 1300 καὶ

266 1335 458 1408 καιροῦ
494 1338 712 1401 παντὸς,
770 1339 862 1391 καὶ
909 1337 1055 1409 ὧρας
1089 1337 1260 1408 αὐτῆς
1296 1337 1388 1390 τοῦ
1427 1339 1713 1410 ἁκαριαίου
1744 1339 1838 1391 καὶ

264 1423 587 1477 λεπτοτάτου
627 1424 832 1478 οἴεσθαι
865 1425 1021 1494 λόγον
1058 1427 1408 1480 ἀπαιτεῖσθαι
1444 1429 1606 1498 ἡμᾶς.
1652 1429 1836 1498 Ὑμεῖς

267 1516 362 1584 μὲν
389 1514 501 1583 (Η)
547 1517 915 1583 ἀπαγγείλατέ
956 1535 1044 1588 μοι
1086 1517 1184 1589 τὴν
1218 1519 1476 1590 ἐργασίαν
1511 1520 1608 1590 τὴν
1641 1519 1835 1591 ὑμετέ-

264 1620 389 1675 ραν·
424 1603 536 1673 ἐγὼ
561 1605 618 1657 δὲ
657 1608 735 1668 εἰς
781 1606 964 1676 μέσον
991 1607 1162 1675 θήσω,
1197 1605 1234 1660 ἃ
1262 1607 1379 1660 καθ’
1411 1607 1639 1677 ἡσυχίαν
1667 1609 1837 1677 ἐμαυ·

264 1694 337 1766 τῷ
372 1697 762 1768 συγγενόμενος
792 1698 1174 1768 ἐφιλοσόφησα.

329 1976 404 2028 Ε’.
426 1975 561 2028 Τίνα
584 1974 680 2045 μὲν
695 1975 926 2045 θεωρίαν
938 1973 1041 2026 τῶν
1056 1972 1292 2043 ὑψηλῶν,
1313 1971 1344 2043 ἢ
1368 1991 1440 2024 πα
1451 1973 1494 2043 ρ’
1509 1971 1638 2042 ἐμοῦ
1657 1971 1838 2024 λαϐόν-

258 2084 345 2131 τες
371 2065 694 2135 ἐφυλάξατε,
713 2065 746 2135 ἦ
765 2082 839 2118 πα
849 2066 892 2134 ρ’
912 2065 940 2116 ὑ
949 2065 1063 2135 μῶν
1076 2063 1252 2118 αὐτῶν
1269 2063 1690 2133 εἰσηνέγκατεῶ
1715 2081 1777 2114 πε
1788 2062 1838 2133 pl

257 2158 609 2229 θεολογίας,ἢ
643 2159 770 2229 περὶ
800 2157 908 2210 τῶν
933 2157 1106 2212 ἄλλων
1137 2155 1443 2226 δογμάτων,
1475 2155 1510 2209 δι
1548 2155 1714 2208 πολλὰ
1745 2155 1838 2208 καὶ

257 2251 516 2313 πολλάκις
534 2250 660 2321 ὑμῖν
684 2249 1028 2320 παρεθέμηνς
1055 2249 1209 2318 Ζητῶ
1231 2247 1338 2318 γάρ
1361 2249 1421 2300 ού
1444 2247 1503 2300 τὸ
1520 2247 1723 2300 δάνειον
1744 2247 1839 2317 μό-

255 2358 365 2405 νον,
389 2339 526 2394 άλλὰ
554 2341 649 2392 καὶ
675 2339 765 2391 τὸν
790 2339 948 2391 τόκον
968 2355 980 2367 ·
1014 2339 1073 2391 ού
1113 2339 1172 2392 τὸ
1205 2339 1462 2392 τάλαντον
1496 2338 1675 2407 μόνον,
1703 2337 1837 2390 ἀλλὰ

257 2436 349 2488 καὶ
371 2433 472 2505 τὴν
497 2432 757 2505 ἐργασίαν
774 2448 787 2462 ο
818 2433 888 2502 μή
910 2449 992 2496 τις
1013 2431 1368 2502 κατακρύψας
1391 2433 1486 2484 καὶ
1514 2431 1838 2501 καταχώσας

253 2527 314 2578 τὸ
349 2524 663 2588 πιστευθὲν,
689 2524 768 2576 ἔτι
804 2524 897 2576 καὶ
937 2523 1342 2593 καταψεύδηται
1386 2522 1478 2575 τοῦ
1511 2521 1838 2576 πιστεύσαν-

253 2631 365 2680 τος,
393 2616 468 2679 ὼς
498 2613 732 2686 σκληροῦ
753 2632 812 2667 τε
845 2614 936 2668 καὶ
966 2614 1072 2667 τῶν
1101 2614 1394 2685 ἀλλοτρίων
1423 2612 1833 2681 ἐπιθυμοῦντος.

252 2709 392 2761 Τίνα
419 2708 478 2760 δὲ
507 2706 704 2779 πρᾶξιν
737 2705 842 2760 τῶν
874 2705 1301 2775 ἐπαινουμένων,
1333 2705 1364 2774 ἢ
1401 2704 1534 2776 μηδὲ
1573 2705 1672 2775 τῆς
1719 2706 1838 2774 ἀρι-

251 2797 457 2868 στερᾶς
490 2795 880 2866 γινωσκούσης,
917 2796 1420 2865 ἐκαρποφςρήσατε,
1455 2793 1487 2863 ἢ
1520 2791 1656 2844 ὥστε
1701 2792 1838 2861 λάμ-

251 2902 380 2939 πειν
413 2886 472 2939 τὸ
501 2886 614 2955 φῶς
646 2884 798 2956 ὑμῶν
832 2883 1138 2956 ἔμπροσθεν
1170 2882 1277 2935 τῶν
1301 2880 1602 2952 ἀνθρώπων
1626 2897 1638 2910 ο
1675 2880 1738 2932 ἵν’
1770 2881 1834 2932 ὲκ

250 2980 346 3034 τοῦ
382 2979 594 3052 καρποῦ
629 2979 688 3031 τὸ
719 2978 931 3049 δένδρον
953 2977 1158 3047 δειχθῇ,
1188 2975 1281 3029 καὶ
1313 2974 1400 3027 διὰ
1434 2974 1540 3026 τῶν
1579 2973 1834 3045 μαθητῶν

249 3072 280 3125 ὁ
312 3071 634 3134 διδάσκαλος
678 3069 790 3141 (4‘2)
822 3069 1119 3140 γνωρισθῇ,
1169 3069 1264 3120 καὶ
1296 3067 1424 3140 εἴπῃ
1461 3085 1543 3130 τις
1587 3067 1693 3120 τῶν
1740 3071 1836 3121 ἑπ-

1948 523 2068 576 Νοη
2118 527 2253 578 em'm
2303 542 2420 594 quae
2472 536 2634 578 vestra
2675 536 2791 577 sunt
2841 539 3041 592 qmrro,
3070 525 3159 578 sed
3193 539 3278 577 vos
3316 523 3382 576 ⁷⁸.
3417 523 3516 577 Ει;
3580 578 3582 582 _

1944 613 2197 669 Perusina
2231 632 2345 669 sum
2383 625 2513 669 testu
2551 616 2676 678 diei,
2720 627 2766 667 et
2796 627 3053 668 nocturna
3082 615 3245 684 glacie
3282 624 3516 676 uexatus,

1949 704 2122 772 inquit
2180 706 2486 776 patriarcha
2546 705 2714 760 Jacob
2754 705 2821 768 ⁷⁸,
2873 705 3026 774 cujus
3081 717 3203 759 sunt
3243 720 3370 758 oves
3418 705 3520 758 illa:

1941 794 2165 860 signatae
2199 797 2269 862 ⁷³,
2319 806 2373 851 et
2401 812 2520 866 qua:
2577 798 2628 851 in
2670 797 2978 851 cmlestibus
3026 797 3300 851 canalibus
3341 798 3519 851 conci-

1941 901 2070 956 pere
2112 889 2434 946 didicerunt.
2472 887 2563 943 Sic
2594 889 2777 959 igitur,
2811 899 2976 957 atque
3002 889 3085 942 his
3123 891 3188 940 de
3227 889 3422 953 causis,
3453 889 3517 940 ad
3581 927 3584 932 .

1941 992 2058 1041 vos,
2089 981 2154 1032 ad
2189 979 2333 1034 hunc
2372 979 2588 1032 modum
2624 977 2864 1042 affectos,
2898 979 3124 1034 accessi.
3161 977 3514 1047 Posteaquam

1943 1079 2125 1122 autem
2177 1070 2405 1134 accessi,
2436 1084 2553 1139 age.
2582 1070 2722 1123 inter
2752 1083 2847 1124 nos
2882 1084 2942 1123 ea
2983 1070 3367 1133 subducamus,
3401 1085 3519 1140 qua:

1943 1157 2143 1212 interea
2191 1168 2336 1213 recte
2369 1167 2424 1212 et
2457 1173 2578 1211 cum
2609 1157 2811 1212 virtute
2857 1158 3144 1228 gessimus.
3197 1157 3516 1213 Praeclarum

1941 1247 2085 1302 enim
2116 1258 2199 1303 est
2227 1264 2324 1303 nos
2367 1249 2416 1302 in
2462 1249 2562 1303 hac
2590 1249 2849 1317 opinione
2887 1251 3112 1314 versari,
3144 1261 3201 1302 ut
3231 1265 3334 1304 non
3360 1251 3519 1304 modo

1942 1342 2240 1404 sermonis.
2268 1353 2359 1395 aut
2403 1342 2656 1404 actionis,
2691 1343 2787 1397 sed
2822 1342 2986 1397 totius
3018 1344 3182 1396 etiam
3242 1345 3516 1412 temporis,

1943 1440 2104 1500 atque
2134 1433 2269 1487 adeo
2302 1434 2603 1488 tenuissimi
2643 1445 2690 1488 et
2735 1434 3042 1488 brevissimi
3076 1435 3340 1506 cujusque
3373 1435 3519 1488 horae

1942 1521 2199 1575 momenti
2260 1523 2530 1577 rationem
2587 1538 2614 1575 a
2660 1524 2816 1578 nobis
2861 1524 3070 1594 reposci
3128 1525 3514 1578 existimemus.

1943 1610 2126 1666 Facite
2165 1613 2352 1683 igitur,
2413 1625 2470 1668 ut
2515 1614 2646 1669 mihi
2675 1629 2894 1686 operam
2936 1626 3171 1670 vestram
3207 1626 3259 1670 et
3284 1619 3516 1672 studium

1941 1707 2274 1774 exponatis:
2328 1715 2380 1758 et
2429 1706 2542 1775 ipse
2599 1706 2839 1762 vicissim
2884 1707 2934 1760 in
2990 1707 3222 1760 medium
3273 1707 3515 1771 afferam,

1864 1790 1906 1847 Β
1938 1807 2056 1860 quae
2089 1808 2296 1848 meeum
2331 1797 2464 1864 ipse,
2493 1812 2613 1850 cum
2671 1796 2822 1852 solus
2864 1811 3063 1859 essem,
3101 1796 3514 1866 philosophatus

1945 1900 2085 1940 811111.

2011 1973 2075 2027 V.
2113 1975 2358 2045 Ecquam
2405 1992 2582 2032 rerum
2624 1977 2933 2032 sublimium
2985 1977 3514 2048 contemplationem,

1945 2075 2038 2119 aut
2069 2081 2098 2119 a
2152 2083 2237 2122 me
2275 2077 2552 2138 acceptam
2597 2067 2796 2122 animis
2838 2069 3033 2123 vestris
3069 2071 3390 2136 retinuistis,
3426 2081 3517 2124 aut

1937 2172 1967 2208 a
2038 2156 2190 2212 vobis
2273 2159 2400 2228 ipsis
2471 2160 2795 2221 contulistis,
2832 2159 2916 2214 vel
2963 2159 3028 2213 de
3078 2159 3372 2214 divinitatis
3419 2161 3516 2212 do-

1936 2246 2132 2312 ctrina,
2165 2246 2246 2301 vel
2281 2249 2346 2301 de
2387 2248 2503 2301 aliis
2548 2247 2667 2302 ﬁdei
2723 2249 3012 2317 capitibus,
3060 2264 3179 2318 qnze
3231 2265 3330 2318 ego
3393 2265 3519 2318 per-

1939 2338 2103 2391 multa
2143 2347 2198 2394 et
2237 2353 2478 2408 persaepe
2509 2341 2663 2394 vobis
2698 2339 2960 2410 apposui?
3009 2339 3193 2409 Neque
3225 2343 3367 2396 enim
3402 2357 3518 2394 uiu-

1937 2436 2088 2482 tuum
2143 2431 2408 2486 duntaxat
2459 2446 2669 2500 quaero,
2722 2447 2907 2486 verum
2962 2432 3124 2487 etiam
3172 2431 3360 2498 fenus;
3416 2440 3518 2488 nec

1940 2521 2202 2576 talentum
2268 2521 2465 2590 solum,
2517 2526 2611 2579 sed
2668 2533 2722 2579 et
2768 2524 2952 2580 talenti
2992 2533 3255 2593 quazstum
3289 2525 3388 2578 ηε
3453 2541 3518 2579 ne

1938 2614 2059 2683 quis
2093 2614 2258 2678 forte,
2290 2629 2412 2668 cum
2446 2615 2498 2668 in
2532 2626 2674 2669 terra
2715 2616 2788 2682 id,
2839 2615 2981 2684 quod
3025 2616 3124 2684 ipsi
3169 2618 3516 2672 commissum

1936 2712 2051 2768 est,
2099 2706 2382 2760 occultarit
2417 2747 2432 2773 ,
2500 2716 2555 2760 ct
2607 2706 2893 2769 defoderit,
2934 2707 3252 2761 creditorem
3303 2710 3518 2778 insuper

1939 2797 2091 2864 falso,
2123 2807 2181 2852 ut
2214 2799 2406 2852 durum
2448 2805 2501 2853 et
2554 2800 2832 2864 acerbum,
2869 2807 3030 2868 atque
3093 2799 3392 2854 alienarum
3430 2815 3517 2854 re-

1940 2903 2056 2940 rum
2089 2887 2385 2957 cupiditate
2427 2887 2591 2958 A75
2617 2888 2933 2959 flagrantem
2971 2889 3310 2946 criminetur.
3346 2889 3518 2956 Quam

1939 2977 2214 3032 honestam
2259 2987 2316 3033 et
2358 2978 2679 3034 laudabilem
2737 2981 3001 3035 actionem
3060 2981 3378 3050 protulistis,
3436 2983 3520 3036 vel

1939 3070 2011 3124 ita
2047 3072 2276 3134 occulte,
2311 3081 2368 3125 ut
2402 3086 2470 3126 ne
2514 3071 2732 3126 sinistra
2777 3070 2990 3139 quidem
3039 3087 3228 3127 manus
3278 3073 3415 3127 sciat
3447 3075 3512 3136 ⁷⁷,

250 3165 590 3218 οπτευόντων
617 3164 684 3216 τὰ
716 3162 957 3233 ἡμέτερα
985 3160 1190 3232 (πολλώ¹
1209 3160 1264 3213 δέ
1285 3161 1442 3225 εἰσιν,
1465 3160 1627 3230 οἱμὲν
1652 3159 1716 3212 δι’
1749 3162 1834 3212 εύ-

1942 3163 2024 3218 vel
2053 3163 2216 3218 etiam
2269 3173 2476 3233 aperte,
2532 3173 2586 3216 ut
2641 3162 2729 3216 lux
2761 3171 2936 3217 vestra
2972 3178 3154 3217 coram
3207 3165 3516 3220 hominibus

248 3257 458 3320 δοκίαν,
490 3258 537 3308 οἱ
568 3255 624 3308 δὲ
670 3254 764 3308 καὶ
808 3253 1157 3324 περιέργως),
1189 3252 1270 3304 ὅτι
1315 3251 1482 3314 ὅντως
1529 3253 1558 3303 ὁ
1606 3251 1739 3314 Θεὸς
1778 3253 1834 3306 ὲν

251 3351 383 3421 ύμῖν
403 3347 514 3420 (45)
543 3349 709 3410 ἐστιν,
755 3346 814 3397 ού
863 3343 1271 3415 κηρυσσόμενος
1300 3341 1469 3411 ὑγιῶς
1498 3342 1676 3412 μόνον,
1701 3342 1836 3396 ἀλλὰ

249 3441 346 3494 καὶ
387 3438 783 3511 λατρευόμενος
810 3455 823 3503 ;
883 3437 969 3499 Ὠς
999 3437 1107 3506 γὰρ
1133 3436 1232 3488 οὐκ
1260 3434 1372 3487 ἔστι
1402 3436 1571 3504 χωρὶς
1603 3434 1836 3499 πίστεως

248 3533 452 3604 πρᾶξις
483 3531 734 3602 ἐγκριτος
765 3527 973 3601 (ἐπειδὴ
1007 3529 1099 3581 καὶ
1127 3527 1285 3597 δόξης
1327 3526 1512 3579 ἕνεκεν
1553 3529 1602 3579 οἱ
1650 3526 1833 3579 πολλοὶ

244 3625 306 3677 τὸ
343 3622 508 3678 καλὸν
555 3619 951 3692 ἐπιτηδεύουσι,
984 3621 1076 3672 καὶ
1108 3618 1321 3688 φύσεως
1347 3617 1520 3680 οὕτως
1565 3617 1830 3688 ἔχοντες)ο

244 3717 391 3770 οὕτω
425 3717 518 3770 καὶ
550 3717 583 3786 ἡ
623 3715 805 3775 πίστις
846 3712 1012 3783 χωρὶς
1043 3711 1216 3781 ἔργων
1253 3709 1444 3781 νεκρά.
1495 3710 1603 3762 Καὶ
1637 3710 1710 3780 μή
1750 3726 1833 3772 τις

247 3806 394 3876 ὑμᾶς
428 3803 692 3856 ἀπατάτω
721 3804 896 3863 κενοῖς
925 3800 1103 3868 λόγοις
1133 3799 1241 3851 τῶν
1277 3800 1454 3853 πάντα
1486 3799 1830 3870 συγχωρούνα

243 3916 355 3950 των
391 3896 645 3965 ἑτοίμως,
681 3893 821 3964 ὑπὲρ
843 3891 962 3954 ἐνὸς
995 3891 1089 3944 τοῦ
1115 3889 1330 3944 ἀσεϐεῖν
1355 3892 1411 3943 ὲν
1437 3893 1547 3953 τοῖς
1576 3889 1828 3960 δόγμασι,

245 3992 342 4044 καὶ
394 3987 596 4059 φαῦλον
636 3985 1078 4040 καταϐαλλόντων
1112 3983 1301 4054 μισθὸν
1336 3981 1538 4050 φαύλου
1575 3982 1833 4051 πράγμα-

241 4101 357 4147 τος.
389 4082 611 4145 Δείξατε
638 4075 729 4132 οὖν
760 4080 823 4131 ὲκ
846 4077 951 4130 τῶν
971 4076 1146 4147 ἔργων
1170 4075 1267 4144 τὴν
1292 4074 1494 4134 πίστιν,
1524 4073 1621 4143 τῆς
1650 4071 1830 4143 χώρας

245 4173 408 4246 ὑμῶν
449 4173 510 4225 τὸ
558 4171 800 4241 γόνιμον,
841 4171 888 4221 εἰ
935 4169 1010 4238 μὴ
1057 4167 1135 4229 εἰς
1189 4164 1342 4217 κενὸν
1391 4163 1745 4234 ἐσπείραμεν,
1783 4164 1831 4215 εἰ

241 4267 472 4338 δράγμα
499 4282 549 4318 τι
583 4265 640 4316 ἐν
684 4263 831 4333 ὑμῖν,
863 4261 956 4314 τοῦ
1001 4260 1224 4329 ποιῆσαι
1257 4257 1460 4328 ἄλευρα
1504 4257 1655 4326 ἰσχὺν
1687 4256 1826 4327 ἕχον,
1859 4291 1863 4295 -

243 4360 339 4412 καὶ
386 4355 683 4427 ἀποθηκῶν
730 4354 898 4420 ἄξιον,
950 4353 1035 4406 ἵνα
1081 4351 1174 4403 καὶ
1225 4349 1634 4421 προθυμότερον
1684 4350 1830 4418 ὑμᾶς

241 4451 681 4522 γεωργήσωμεν.
721 4448 816 4509 Τίς
854 4447 933 4508 εἰς
975 4444 1167 4499 ἑκατὸν
1215 4444 1565 4512 καρποτοκεῖ,
1629 4441 1710 4504 τίς
1749 4443 1830 4503 είς

243 4544 539 4615 ἐξήκοντα,
573 4542 656 4605 τίς
678 4541 739 4593 τὸ
766 4539 1072 4593 τελευταῖον
1099 4537 1200 4591 κᾶν
1224 4537 1302 4599 εἰς
1329 4535 1622 4606 τριάκοντα
1646 4550 1658 4563 ’
1693 4534 1724 4604 ἦ
1749 4534 1831 4596 τίς

244 4635 488 4706 ἔμπαλιν
522 4633 628 4687 άπὸ
660 4630 752 4686 τοῦ
783 4630 1075 4701 τριάκοντα
1104 4630 1183 4692 εἰς
1209 4628 1301 4680 τὸν
1344 4627 1608 4698 ἑξήκοντα
1640 4624 1832 4695 προελ-

244 4723 358 4778 θὼν
399 4723 616 4793 (ἔχομεν
651 4720 758 4792 γὰρ
785 4721 878 4774 καὶ
911 4719 1111 4788 ταύτην
1138 4721 1194 4771 ὲν
1220 4720 1331 4781 τοῖς
1355 4717 1704 4785 Εύαγγελίοις
1735 4715 1830 4787 τὴν

243 4815 452 4880 τάξιν),
489 4816 568 4877 εἰς
607 4812 697 4866 τὸν
738 4813 929 4866 ἑκατὸν
961 4810 1309 4880 ἐτελεύτησεν
1331 4825 1344 4838 ·
1381 4810 1469 4862 ἴνα
1500 4808 1829 4880 προϐαίνων,

243 4908 323 4971 ὡς
352 4911 382 4962 ὁ
424 4905 628 4966 Ἰσαὰκ,
663 4905 836 4976 μέγας
865 4903 1109 4974 γένηται,
1154 4903 1519 4973 πορευόμενος
1563 4903 1627 4954 ὲκ
1674 4901 1832 4955 δυνά-

248 5017 400 5070 μεως
430 5001 508 5062 εἰς
536 4997 784 5066 δύναμιν,
808 4995 1018 5058 καὶτὰς
1043 4995 1184 5064 ᾠδάς
1210 4994 1316 5047 τῶν
1353 4993 1581 5047 Ἀναϐαθ
1592 4993 1704 5062 μῶν
1721 4993 1829 5064 (44)

243 5092 416 5163 ᾅδων,
455 5090 545 5142 καὶ
573 5087 864 5150 ἀναϐάσεις
896 5088 954 5140 ὲν
979 5088 1043 5158 τῇ
1075 5085 1270 5156 καρδίᾳ
1302 5085 1619 5154 τιθέμενος;

317 5205 369 5237 ⁷³
405 5202 447 5258 ιι
478 5203 603 5258 Cor.
636 5219 710 5268 xl,
737 5202 827 5258 ‘29.
905 5202 951 5232 ⁷³
987 5199 1027 5254 Il
1058 5199 1182 5253 Cor.
1223 5215 1320 5263 xu,
1357 5201 1442 5254 Η.
1513 5179 1560 5232 l‘
1585 5199 1722 5258 Gen.
1754 5216 1834 5255 xx:

332 5291 451 5339 seq.
529 5275 571 5306 ⁷⁷
601 5275 783 5327 Matth.
824 5289 898 5335 Vt,
932 5271 986 5326 5.
1061 5272 1107 5302 ⁷⁸⁸
1139 5269 1322 5322 Matth.
1367 5285 1416 5330 ν,
1457 5271 1541 5325 16.
1621 5273 1665 5304 ⁷⁸
1697 5271 1834 5326 Matt!

1940 5200 2020 5254 ιι).
2121 5198 2168 5230 ⁷⁵
2194 5195 2331 5251 Gen.
2365 5213 2491 5262 xxx,
2523 5195 2615 5257 '52,
2637 5206 2721 5247 et.

1940 5285 2007 5339 νη,
2041 5267 2130 5324 16.
2200 5268 2253 5299 ³⁸
2283 5267 2448 5323 lCor.
2487 5283 2597 5331 xtv,
2628 5265 2721 5323 25.

242 5285 302 5333 et
332 5291 451 5345 seq.
529 5275 571 5306 ⁷⁷
601 5275 783 5327 Matth.
824 5289 898 5335 Vt,
932 5271 986 5326 5.
1061 5272 1107 5302 ⁷⁸
1139 5269 1322 5322 Matth.
1367 5285 1416 5330 v,
1457 5271 1541 5325 16.

322 5431 438 5504 (59)
477 5434 790 5504 Πύρωσις,
826 5430 865 5499 ἢ
922 5431 1184 5500 φροντίς,
1223 5429 1312 5485 Sic
1345 5427 1478 5501 Reg.
1503 5431 1557 5485 d.
1591 5431 1643 5486 In
1679 5433 1834 5500 edit.,

246 5503 504 5574 πύρωσις
539 5507 570 5574 ἡ
605 5503 843 5574 φροντίς.

321 5570 439 5642 (40)
479 5570 938 5642 Σιίγκὰιόμενος.
982 5572 1113 5641 ιίιιε.
1149 5571 1236 5626 btn
1282 5581 1337 5626 et
1375 5570 1611 5640 quinque
1653 5573 1834 5640 Colb.,

246 5660 319 5700 συ
327 5645 536 5716 μφλεγό
544 5663 719 5716 μενος.

331 5712 447 5784 (41)
502 5712 684 5784 Ἴῖμεῖς
712 5714 848 5784 μέν,
879 5723 982 5767 etc.
1022 5732 1040 5764 ι
1075 5713 1179 5767 Vos
1214 5712 1377 5779 igitur
1407 5713 1828 5783 negotiationem

251 5796 502 5844 vestram
550 5789 823 5857 exponite,
863 5801 1033 5841 meam
1083 5800 1183 5855 ego
1235 5784 1471 5840 vicissim
1509 5786 1560 5838 iu
1595 5785 1834 5842 medium

1861 4485 1910 4544 D

1940 3254 2114 3310 luceat
2142 3255 2214 3320 ⁷⁸,
2239 3264 2294 3308 et
2333 3255 2497 3310 arbor
2529 3269 2593 3310 ex
2627 3253 2801 3308 fructu
2851 3264 3179 3322 agnoscatur
3214 3255 3280 3318 ⁷³,
3316 3265 3370 3309 et
3404 3271 3518 3307 ma-

1938 3348 2105 3417 gister
2135 3337 2231 3416 pd
2258 3347 2546 3415 discipulos
2579 3345 2900 3408 innotescat,
2943 3361 3006 3400 ac
3057 3345 3202 3400 dicat
3246 3346 3515 3414 quispiam

1937 3453 2150 3500 eorum,
2204 3438 2294 3506 qui
2351 3437 2474 3490 vita:
2523 3445 2721 3489 nostrae
2775 3437 3012 3488 rationes
3086 3433 3389 3504 inspectant
3441 3434 3515 3502 (id

1936 3527 2074 3596 quod
2118 3526 2266 3580 multi
2321 3525 2543 3590 faciunt,
2599 3525 2685 3578 alii
2738 3525 2966 3592 benigna
3028 3524 3302 3577 voluntate
3337 3524 3512 3584 ducti,

1936 3612 2024 3666 alii
2053 3612 2364 3666 curiositate
2410 3610 2672 3680 impulsi),
2726 3611 2868 3679 quod
2903 3624 3026 3664 vere
3072 3609 3215 3663 Deus
3261 3610 3314 3662 in
3366 3610 3515 3662 vobis

1935 3706 2006 3761 sit
2029 3706 2095 3770 ⁸ο,
2151 3720 2255 3758 nou
2290 3703 2450 3758 modo
2481 3717 2613 3757 sane
2639 3717 2700 3756 ac
2759 3703 2968 3756 sincere
3022 3701 3366 3770 pratdicatus,
3420 3701 3514 3755 sed

1934 3797 2097 3852 etiam
2137 3796 2310 3850 cultus
2354 3802 2407 3849 et
2437 3792 2730 3848 adoratus?
2776 3790 2845 3845 llt
2878 3791 3020 3845 enim
3055 3792 3195 3845 actio
3243 3791 3359 3844 sine
3411 3791 3514 3844 ﬁde

1934 3905 2040 3944 non
2073 3897 2155 3944 est
2188 3897 2408 3954 accepta
2471 3883 2926 3954 (quandoquidem
2970 3881 3122 3936 multi
3161 3883 3342 3952 gloria:
3395 3893 3510 3935 stu-

1936 3979 2047 4042 dio,
2075 3988 2236 4047 atque
2299 3977 2458 4032 etiam
2493 3991 2520 4028 a
2563 3983 2752 4028 natura
2795 3974 2866 4027 ita
2926 3973 3218 4037 informati,
3259 3975 3510 4028 virtutem

1934 4071 2162 4133 colunt),
2211 4070 2280 4122 ita
2322 4069 2460 4123 ﬁdes
2495 4067 2616 4121 sine
2659 4064 2913 4134 operibus
2962 4072 3173 4119 mortua
3201 4077 3284 4119 est
3318 4065 3384 4118 ει.
3436 4067 3510 4117 Ac

1931 4161 2129 4226 videte,
2151 4161 2352 4228 nequis
2380 4173 2564 4213 eorum
2584 4171 2679 4210 vos
2698 4155 2945 4209 inanibus
2962 4155 3138 4210 verbis
3151 4156 3400 4225 decipiat,
3419 4154 3509 4222 qui

1931 4253 2114 4308 omnia
2159 4251 2406 4305 omnibus
2458 4250 2558 4303 hac
2615 4264 2718 4300 una
2782 4248 2846 4301 de
2902 4260 3065 4301 causa
3112 4246 3266 4300 facile
3312 4261 3510 4301 conce-

1933 4347 2085 4411 dunt,
2125 4354 2181 4396 ut
2204 4342 2366 4412 impia
2394 4341 2642 4409 dogmata
2674 4339 2917 4392 homines
2942 4336 3367 4406 complexentur,
3398 4353 3513 4390 mae

1937 4436 2148 4505 Iamque
2177 4434 2254 4487 rei
2308 4432 2461 4486 mala:
2496 4432 2798 4486 mercedem
2851 4428 3182 4500 persolvunt.
3233 4429 3304 4482 Ex
3341 4431 3512 4498 operi.

1935 4528 2036 4582 bus
2087 4541 2216 4596 ergo
2300 4525 2484 4586 fidem,
2547 4532 2811 4590 terraeque
2867 4529 3059 4574 vestrae
3129 4518 3509 4574 fecunditatem

1931 4619 2224 4684 ostendite,
2261 4627 2317 4671 ut
2366 4615 2712 4685 perspicuum
2767 4613 2879 4680 ﬁat,
2923 4627 2990 4666 an
3047 4612 3249 4665 frusmt
3299 4627 3510 4666 senten-

1935 4721 2041 4766 tem
2087 4710 2393 4772 fecerimus,
2431 4723 2497 4761 an
2551 4705 2853 4776 manipulus
2879 4704 3100 4775 quidam
3140 4703 3191 4756 iu
3232 4702 3382 4760 vobis
3427 4717 3512 4756 re-

1935 4807 2196 4877 periatur,
2261 4819 2326 4858 ex
2363 4819 2471 4873 quo
2522 4802 2714 4856 conﬁci
2759 4800 2932 4854 farina
2979 4807 3158 4867 queat,
3213 4799 3512 4868 dignusque

1935 4899 2026 4969 qui
2057 4899 2110 4952 in
2139 4899 2392 4952 horreum
2447 4894 2733 4958 inferatur,
2763 4907 2870 4962 quo
2913 4890 3268 4945 aiacrioribus
3316 4890 3511 4945 animis

1936 5006 2032 5046 vos
2061 4990 2114 5044 in
2159 4999 2436 5059 posterum
2470 4986 2800 5040 excolamus.
2851 4983 2984 5049 Quis
3015 4982 3365 5036 centesimum
3399 4980 3512 5035 fru-

1937 5094 2082 5138 ctum
2115 5079 2264 5135 edit?
2310 5078 2444 5145 Quis
2473 5076 2907 5149 sexagesimum?
2944 5075 3075 5142 Quis
3109 5083 3385 5144 postremo
3420 5075 3511 5127 tri-

2121 5198 2168 5230 ⁷⁵
2194 5195 2331 5251 Gen.
2365 5213 2491 5262 xxx,
2523 5195 2615 5257 '52,
2637 5206 2692 5247 et
2720 5211 2833 5264 seq.
2922 5193 2970 5224 "°
3000 5191 3189 5246 Matth.
3243 5205 3371 5255 xxv,
3420 5190 3508 5256 18,

2121 5307 2130 5320 .
2200 5268 2253 5299 ³⁸
2283 5267 2448 5320 lCor.
2487 5283 2597 5320 xiv.
2628 5265 2721 5320 25.
2796 5267 2839 5297 ⁸¹
2862 5263 2978 5320 Jac.
3018 5279 3075 5320 It.
3103 5262 3196 5317 20.

1932 5432 2271 5504 proferam.n_
2578 5499 2603 5504 _
2707 5498 2721 5504 _
2981 5494 2993 5504 _
3061 5492 3086 5504 η

2003 5501 2528 5572 (49.)Διδὰσκα.ὶος.
2571 5499 2661 5572 0r.
2771 5497 2936 5560 addit,
2973 5494 3145 5564 ὑμῶν.

2002 5570 2116 5642 (45)
2157 5573 2169 5591 ⁹
2184 5573 2357 5642 Υμῖνη
2375 5572 2594 5642 lleg._a,
2612 5570 2776 5642 ἡμῖν.

2002 5579 2094 5642 (45
2157 5579 2344 5641 ’Υμῐικ
2375 5579 2502 5638 Heg.
2544 5585 2594 5632 a,
2625 5579 2776 5637 ημιν.

2001 5579 2116 5714 («Mi
2155 5645 2265 5708 Τὰς
2285 5640 2442 5706 ᾠδὰς
2464 5635 3006 5714 τῶν-Ἀναόᾳ-ρμῶν.
3022 5653 3056 5714 _¢_
3075 5632 3350 5714 Graduum
3378 5647 3506 5687 can-

1935 5705 2061 5769 tica.
2097 5705 2210 5767 'Sic
2241 5705 2529 5773 dicuntur,
2593 5709 2760 5776 inquit
2797 5709 2961 5770 Elius,
3022 5705 3230 5776 l'salmi
3279 5715 3506 5776 numero

1933 5783 2448 5858 quindecim,pares
2475 5771 2728 5852 gradibus
2756 5778 2861 5834 illis
2901 5778 2995 5848 qui
3032 5785 3186 5832 erant
3219 5773 3272 5829 iu
3307 5771 3504 5849 tempato
