3914 6404
487 305 621 357 ηδε

1688 313 1744 367 S.
1783 313 2105 369 GHEGORll
2147 313 2487 370 THEOLOGI

3530 319 3636 376 1256

484 426 742 477 eesimum
772 426 856 480 υτ
898 428 1003 481 Aut
1033 443 1294 483 converso
1323 429 1530 491 ordine,
1561 430 1682 497 quis
1710 446 1739 483 a
1768 432 2036 485 tricesnno
2080 432 2146 484 ad
2179 433 2570 501 sexagesimum
2600 440 2915 497 progressus
2960 426 3127 495 (hunc
3178 440 3373 496 quoque
3427 431 3470 482 in
3498 430 3639 487 Evan-

482 516 637 582 geliis
688 520 929 573 ordinem
993 522 1297 592 habemus),
1347 522 1401 575 in
1451 525 1806 578 centesimum
1866 525 2043 588 desiit,
2083 533 2140 577 ut
2171 541 2335 580 novos
2366 511 2591 580 subinde
2619 535 2931 591 progressus
2995 520 3214 583 faciens,
3277 520 3406 573 velut
3448 522 3640 578 Isaac".

482 622 707 678 magnus
751 610 962 664 tandem
1008 612 1119 678 tiat,
1169 612 1236 668 de
1299 614 1497 669 virtute
1561 614 1613 668 in
1674 616 1926 670 virtutem
1992 616 2269 671 ambulans
2292 616 2357 683 ⁸⁸,
2401 624 2454 669 et
2496 614 2703 668 cantica
2747 612 3019 667 Graduum
3053 625 3266 676 canens,
3309 622 3453 681 atque
3492 631 3644 673 ascen-

480 701 660 757 siones
691 703 741 756 in
772 705 931 759 corde
963 721 1060 759 suo
1094 722 1296 775 ponens
1322 709 1411 761 ⁸⁵⁴ἒ

554 791 637 845 Vl.
665 793 854 858 Quaero
883 796 1024 849 enim
1051 796 1281 850 fructum
1304 798 1662 853 abundantem
1689 798 1739 852 in
1774 799 2033 853 rationem

2209 797 2300 861 ς’,
2334 791 2487 861 Ζητῶ
2520 789 2609 843 τὸν
2650 786 2859 857 καρπὸν
2890 782 3248 848 πλεονάζοντα
3285 783 3387 855 (45)
3420 789 3487 849 εἰς
3519 789 3643 857 λόγον

484 892 743 935 vestram.
807 884 1054 938 Vestrum
1105 886 1249 940 enim
1291 886 1496 941 lucrum
1554 897 1657 953 est,
1693 903 1794 941 non
1824 903 2033 942 meum:

479 985 786 1041 quanquam
819 988 995 1028 meum
1054 992 1287 1046 quoque,
1341 978 1595 1045 quoniam
1631 987 1889 1043 vestrum,
1917 994 2037 1033 cum

482 1063 688 1118 utilitas
718 1079 748 1117 a
793 1066 946 1119 vobis
991 1067 1058 1120 ad
1117 1083 1237 1134 nos,
1293 1077 1350 1121 ut
1382 1068 1434 1121 in
1467 1068 1737 1122 radiorum
1778 1067 2036 1122 solarium

483 1151 773 1210 reﬂexione
829 1157 1077 1210 accidere
1127 1157 1391 1220 videmus,
1435 1172 1557 1213 sese
1589 1158 1848 1213 reﬂectat.
1903 1156 2037 1211 Num

478 1260 745 1314 pauperes
780 1248 1026 1303 aluistis?
1055 1247 1192 1302 Num
1254 1249 1488 1319 hOSpitio
1536 1250 1857 1318 excepistis?
1900 1247 2037 1302 Num

479 1346 784 1391 sanctorum
846 1339 1005 1407 pedes
1066 1340 1311 1396 abluistis
1356 1342 1435 1394 3“?
1489 1341 1916 1407 Num‘ventris,
1948 1340 2037 1408 qui

480 1429 776 1482 destruitur
802 1430 869 1494 ⁸⁷,
921 1432 1641 1502 voluptatibusindulgentes
1692 1431 1871 1503 (detur
1934 1431 2039 1484 hoc

478 1518 670 1588 enim),
704 1520 753 1573 id
793 1522 954 1574 etiam
991 1522 1197 1593 egistis,
1226 1534 1284 1577 ut
1325 1524 1375 1577 in
1408 1524 1676 1578 mandatis
1714 1523 1907 1577 divinis
1942 1521 2038 1576 de-

481 1610 637 1664 licias
673 1612 877 1677 positas
910 1614 1222 1669 haberetis?
1249 1613 1380 1668 Nam
1416 1614 1656 1683 profecto
1704 1629 1800 1669 nec
1837 1613 2040 1667 delicia:

484 1701 606 1756 ulla:
639 1702 722 1757 bis
746 1704 995 1759 meliores
1028 1717 1171 1769 sunt,
1214 1722 1311 1762 nec
1353 1707 1719 1761 diuturniores
1749 1716 1803 1760 et
1828 1706 2039 1761 stabili—

480 1806 604 1846 ores
632 1793 694 1847 iis
722 1794 811 1861 qui
848 1794 902 1848 in
931 1794 1138 1849 deliciis
1158 1796 1320 1849 vitam
1349 1798 1648 1866 transigere
1676 1796 1875 1850 volunt.
1901 1795 2038 1850 Num

485 1881 747 1947 quosdam
776 1897 841 1935 ex
879 1882 982 1947 his,
1027 1884 1115 1952 qui
1153 1883 1308 1937 altari
1365 1886 1694 1952 ministrant,
1738 1896 1792 1939 et
1822 1884 2041 1955 pulchre

480 1971 665 2040 inopes
693 1981 817 2027 sdnt
847 1973 1032 2043 (liceat
1076 1976 1219 2029 enim
1265 1976 1395 2030 mihi
1446 1978 1547 2031 hoc
1578 1976 1798 2048 dicere),
1826 1991 1921 2046 pro
1960 1978 2039 2029 vi-

482 2061 634 2115 ribus
661 2066 969 2129 recreastis,
998 2073 1076 2131 ut,
1121 2067 1318 2121 animis
1349 2068 1526 2122 minus
1564 2067 1858 2136 distractis,
1884 2067 2039 2121 altari

2140 885 2312 956 ὑμῶν.
2353 882 2647 953 Ὺμέτερον
2691 880 2827 951 γὰρ,
2871 879 2968 932 οὐκ
3011 877 3164 949 ἐμὸν,
3206 876 3265 928 τὸ
3299 877 3497 947 κέρδοςο
3536 883 3574 931 εξ
3601 883 3644 934 δὲ

2138 979 2231 1030 καὶ
2267 976 2565 1049 ἡμέτερον,
2619 975 2699 1027 δτι
2759 973 3055 1044 ὑμέτερον,
3102 971 3533 1042 ἀντιπρεφοὺσης
3568 974 3646 1042 τῆς

2138 1067 2404 1138 ὠφελείας
2436 1067 2526 1135 ἀφ’
2554 1065 2705 1136 ὑμῶν
2743 1066 2823 1127 εἰς
2847 1064 3013 1133 ἡμᾶς,
3058 1060 3244 1132 ὥσπερ
3272 1063 3325 1113 ὲν
3353 1065 3645 1132 ταῖςαύγαῑς

2138 1158 2244 1211 τῶν
2278 1155 2747 1210 ἁντανακλάσεων.
2786 1155 2845 1206 Ei
2884 1152 3411 1223 ἐπτωχοτροφήσατε,
3444 1156 3486 1206 εἰ
3510 1154 3648 1219 ἐξενο-

2138 1249 2419 1319 δοχήσατε,
2450 1249 2500 1299 εἰ
2539 1247 2709 1315 ἁγίων
2749 1245 2915 1308 πόδας
2945 1244 3185 1312 ὲνίψατε,
3215 1245 3260 1295 εἰ
3297 1244 3572 1315 τρυφῶντες
3596 1253 3646 1320 τῇ

2138 1338 2554 1410 καταργουμένῃ
2602 1336 2800 1406 γαστρὶ
2845 1334 3094 1406 (δεδόσθω
3138 1332 3301 1405 γὰρ),
3338 1336 3425 1388 καὶ
3460 1336 3534 1388 διὰ
3564 1338 3649 1393 τῶν

2138 1429 2365 1483 ἐντολῶν
2397 1430 2775 1499 ἐτρυφήσατε;
2818 1425 2892 1489 ὡς
2923 1426 3022 1478 οὐκ
3054 1425 3169 1478 ἔστι
3202 1426 3394 1496 ταύτης
3416 1429 3568 1497 τρυφή
3588 1447 3650 1494 τις

2140 1520 2395 1591 ἀμείνων,
2448 1518 2568 1573 οὐδὲ
2620 1517 2970 1589 μονιμωτέρα
3005 1519 3118 1580 τοῖς
3164 1519 3368 1587 τρνφᾷν
3403 1518 3649 1573 ἐθέλουσιν.

2139 1612 2206 1664 Εἴ
2233 1627 2385 1673 τινας
2420 1608 2530 1680 (46)
2556 1607 2665 1662 τῶν
2706 1606 3160 1678 λειτουργούντων
3190 1604 3270 1675 τῷ
3319 1606 3650 1678 θυσιαστηρίῳ,

2140 1704 2233 1756 καὶ
2254 1702 2434 1766 καλῶς
2460 1701 2769 1772 πενομένων
2790 1699 2927 1769 (δότε
2946 1700 3053 1772 γάρ
3083 1715 3171 1769 μοι
3195 1698 3454 1752 καὶτοῦτο
3476 1701 3652 1768 εἰπεῖν),

2139 1798 2217 1859 εἰς
2246 1795 2472 1865 δύναμιν
2497 1792 2859 1856 ὁνεπαύσατε,
2896 1791 2963 1844 ἵν’
2984 1791 3404 1862 ἀπερισπάστως
3428 1792 3527 1861 (47)
3550 1794 3654 1862 μᾶλ-

2139 1886 2228 1940 λον
2268 1886 2344 1957 τῷ
2402 1886 2773 1958 θυσιαστηρίῳ
2828 1884 3201 1956 παρεδρεύωσι
3232 1883 3359 1953 (48),
3402 1885 3485 1938 καὶ
3522 1902 3653 1955 μετα-

2138 1978 2501 2049 λαμϐάνοντες
2533 1976 2639 2031 τῶν
2672 1975 2970 2047 ὑμετέρων,
3003 1974 3071 2029 τὰ
3102 1974 3231 2046 παρ’
3264 1975 3455 2027 ἑαυτῶν
3486 1975 3657 2027 ἀντεισ-

2139 2069 2374 2141 φέρωσιν
2398 2085 2413 2135 ;
2458 2068 2533 2131 ὡς
2567 2066 2792 2138 αἰσχρὸν
2817 2065 2989 2119 ταῦτα
3017 2066 3111 2119 κοι)⁸
3134 2066 3286 2136 ἡμᾶς
3314 2067 3559 2127 ἀπαιτεῖν,
3584 2066 3655 2119 καὶ

480 2154 651 2224 magis
675 2155 839 2226 476
868 2158 1158 2225 assideant,
1191 2173 1255 2213 ac
1280 2159 1543 2214 bonorum
1583 2168 1885 2215 vestrorum
1915 2175 2037 2230 par-

2143 2160 2218 2232 μὴ
2265 2160 2523 2231 παρέχειν
2553 2159 2718 2229 ὑμᾶς.
2767 2159 2880 2211 Οὐκ
2924 2157 3248 2228 ὲνουθέτησσ
3299 2156 3353 2209 δὲ
3396 2156 3565 2220 ταῦτα,
3591 2159 3656 2211 ἵνα

481 2246 677 2314 ticipes
711 2247 863 2311 facti,
896 2263 992 2303 sua
1024 2263 1239 2318 quoque
1272 2248 1509 2304 vicissim
1542 2249 1695 2304 vobis
1725 2248 2041 2305 conferant?

479 2336 659 2409 Turpe
688 2355 817 2396 sane
842 2349 943 2407 est,
1006 2342 1121 2397 haec
1179 2353 1235 2397 et
1291 2357 1387 2396 nos
1415 2357 1706 2412 exposcere
1736 2352 1789 2398 et
1815 2359 1907 2397 vos
1936 2359 2041 2399 non

477 2431 717 2500 elargiri.
753 2430 863 2487 Nec
884 2448 1013 2488 vero
1048 2433 1166 2489 ideo
1204 2434 1346 2488 hanc
1397 2434 1820 2490 admonitionem
1853 2435 2037 2504 habui,

481 2533 541 2577 ut
577 2524 647 2577 ita
698 2522 751 2576 in
795 2540 881 2578 me
915 2524 1008 2579 ﬁat
1039 2526 1253 2596 (melius
1283 2525 1424 2579 enim
1442 2534 1526 2581 est
1553 2526 1683 2580 mibi
1702 2527 1859 2590 mori,
1881 2540 2038 2594 quam

480 2624 540 2667 ut
571 2615 817 2683 gloriatio
872 2631 991 2671 mea
1041 2625 1336 2671 evacuetur
1385 2616 1465 2684 ⁸⁸,
1505 2631 1569 2671 ac
1596 2617 1727 2672 mihi
1766 2617 2039 2687 praedicati

480 2706 759 2776 Evangelii
798 2722 1006 2762 merces
1057 2718 1264 2777 pereat,
1322 2708 1367 2763 si
1416 2708 1503 2764 hic
1537 2708 1778 2765 laborum
1811 2723 2040 2765 messem

476 2796 682 2853 fecero.
724 2797 999 2869 Evangelii
1034 2800 1179 2854 enim
1214 2799 1524 2869 praedicatio
1548 2800 1885 2855 necessitatis
1920 2808 2037 2864 est;

480 2889 853 2945 munificentia
885 2900 1066 2946 autem
1088 2901 1142 2945 et
1173 2890 1288 2945 laus
1323 2890 1377 2945 in
1418 2906 1482 2946 eo
1512 2891 1615 2947 sita
1646 2901 1750 2957 est,
1785 2900 1840 2945 ut
1872 2892 2039 2959 gratis

475 2981 577 3035 hoc
607 2997 798 3035 munus
822 2982 1205 3051 obeamus”);
1237 2996 1422 3036 verum
1458 2996 1522 3037 eo
1570 2983 1681 3036 haec
1707 2983 1880 3037 oratio
1913 2998 2036 3051 spe-

483 3082 621 3137 ctat,
648 3082 705 3127 ut
738 3076 802 3128 de
833 3074 1047 3129 Christo
1076 3075 1213 3129 bene
1235 3075 1430 3130 mereri
1458 3075 1684 3130 diseatis
1714 3074 1892 3144 :quod
1916 3074 2037 3143 qui-

474 3165 595 3220 dem
630 3167 784 3222 vobis
821 3168 1118 3237 continget,
1151 3168 1197 3223 si
1223 3168 1307 3223 vel
1334 3169 1385 3222 in
1418 3183 1582 3222 unum
1611 3183 1676 3223 ex
1708 3168 1888 3239 parvis
1917 3169 1962 3199 °°
1985 3178 2039 3223 et

475 3258 701 3327 abjeCtis
729 3260 1042 3315 hominibus
1076 3260 1427 3331 benignitatis
1479 3260 1681 3329 aliquid
1723 3260 2034 3331 conferatis.

474 3347 934 3414 Quemadmodum
966 3352 1114 3405 enim
1143 3351 1228 3406 ille
1253 3350 1445 3406 salutis
1470 3366 1601 3405 mea:
1626 3330 1809 3416 caus'a,
1830 3352 2033 3418 omnia,

474 3455 813 3510 quiscunque
853 3457 971 3496 sum
1007 3458 1126 3512 ego,
1188 3452 1409 3511 peccato
1448 3450 1694 3511 excepto,
1732 3441 1905 3496 factus
1930 3452 2032 3507 est,

478 3533 553 3586 ita
584 3532 666 3586 vel
699 3534 918 3589 minima
943 3549 1057 3588 mea
1097 3533 1269 3589 odieia
1307 3534 1359 3588 in
1383 3549 1442 3587 se
1494 3532 1717 3603 recipit;
1748 3532 1859 3587 sive
1895 3542 2034 3586 tecto

470 3636 759 3691 pauperem
787 3626 1091 3687 donaveris,
1121 3638 1231 3679 Sive
1250 3624 1302 3677 in
1329 3623 1538 3679 vincula
1565 3623 1865 3691 conjectum
1897 3622 2034 3676 invi-

472 3717 632 3777 seris,
656 3716 769 3769 sive
798 3726 1147 3787 aegrotantem
1181 3716 1378 3771 adieris
1398 3756 1414 3781 ,
1462 3717 1577 3770 sive
1608 3715 1862 3784 denique,
1888 3716 2031 3784 quod

2142 2251 2312 2315 οὕτως
2338 2254 2396 2304 ἐν
2438 2250 2561 2321 ὲμοί
2607 2248 2831 2319 γένηται
2858 2247 3046 2318 (καλὸν
3081 2248 3190 2318 γάρ
3223 2264 3313 2317 μοι
3346 2245 3525 2317 μᾶλλον
3553 2248 3657 2299 ἀπο-

2143 2343 2342 2409 θανεῖν,
2372 2342 2405 2413 ἢ
2438 2340 2742 2411 κενωθῆναι
2789 2356 2889 2410 μου
2928 2338 2991 2392 τὸ
3022 2338 3304 2410 καύχημα,
3347 2340 3433 2392 καὶ
3473 2339 3654 2407 ἄμισθὸν

2145 2456 2231 2509 μοι
2260 2436 2509 2505 γενέσθαι
2540 2434 2601 2487 τὸ
2643 2433 2973 2501 Εὑαγγέλιον
3002 2432 3237 2485 ἐνταῦθα
3269 2450 3515 2503 καρπωσα
3527 2434 3655 2503 μένῳ.

2140 2530 2214 2583 Τὸ
2258 2529 2356 2600 μὲν
2393 2528 2501 2599 γὰρ
2543 2524 2994 2595 εὐαγγελίσασθαι
3042 2524 3173 2596 (49),
3220 2524 3322 2594 τῆς
3365 2526 3655 2597 ἁνάγκης·ή

2141 2617 2418 2690 φιλοτιμία
2449 2617 2528 2681 δὲ,
2572 2615 2633 2668 τὸ
2680 2613 2993 2683 ἀδάπανον)⁸
3045 2613 3160 2667 ἀλλ’
3194 2614 3263 2667 ἵν’
3297 2614 3446 2684 ὑμεῖς
3494 2615 3657 2686 μάθητε

2140 2712 2372 2784 Χριστὸν
2413 2705 2471 2764 εὖ
2515 2712 2708 2773 ποιεῖν,
2737 2707 2824 2761 διὰ
2859 2705 2953 2760 τοῦ
2998 2707 3095 2761 καὶ
3125 2707 3233 2761 τῶν
3269 2708 3468 2778 μικρῶν
3496 2704 3656 2760 τιναεῦ

2140 2806 2333 2857 ποιεῖν.
2369 2802 2607 2873 Ἐπειδὴ,
2635 2801 2709 2864 ὼς
2737 2800 2914 2855 πάντα
2941 2801 3041 2855 ὅσα
3075 2799 3204 2868 ἐγὼ,
3242 2800 3377 2871 πλὴν
3410 2800 3655 2870 ἁμαρτίας,

2140 2896 2353 2966 ἐγένετο
2380 2896 2446 2950 δι’
2476 2895 2577 2965 ἐμέ
2603 2911 2617 2925 ο
2651 2893 2793 2947 οὕτω
2822 2893 2915 2946 καὶ
2946 2893 3013 2946 τὰ
3034 2894 3296 2963 ἐλάχιστα
3326 2895 3427 2947 τῶν
3454 2894 3579 2963 ἐμῶν
3602 2897 3659 2956 εἰς

2140 2990 2329 3045 ἑαυτὸν
2361 2988 2705 3059 ἀναδέχεται·
2758 2984 2863 3039 κᾶν
2910 2986 3105 3056 στέγης
3136 2985 3251 3056 (50)
3300 2986 3539 3057 μεταδῷς,
3580 2987 3657 3039 κᾶν

2139 3081 2464 3153 ἐνδύματος,
2520 3080 2624 3133 κᾶν
2668 3079 2728 3131 ὲν
2775 3078 2986 3148 φυλακῇ
3044 3077 3349 3151 ἐπισκέψῃ,
3386 3078 3477 3131 κᾶν
3514 3081 3659 3149 ἁρῤω⁴

2140 3172 2369 3227 στοῦντα
2405 3171 2520 3244 ἴδῃς
2542 3187 2555 3201 ·
2583 3168 2643 3223 τὸ
2674 3168 3026 3239 φαυλότατον,
3069 3167 3171 3221 κᾶν
3219 3168 3455 3239 ποτηρίῳ
3493 3166 3658 3237 ψυχροῦ

2141 3266 2285 3335 μόνῳ
2320 3261 2635 3334 καταψύξεις
2673 3260 2923 3329 γλῶσσαν
2972 3258 3299 3329 πιεζομένου
3338 3261 3441 3330 (5|)
3466 3299 3480 3323 ,
3513 3259 3662 3328 ὥσπερ

2136 3356 2305 3407 ἐδεῖτο
2337 3352 2588 3424 Λαζάρου
2625 3350 2719 3403 τοῦ
2761 3351 2991 3421 πένητος
3025 3352 3053 3403 ὁ
3095 3350 3324 3420 κάμνων
3362 3353 3416 3403 έν
3454 3353 3509 3419 τῇ
3540 3349 3663 3417 φλογὶ

2137 3445 2409 3507 πλούσιος.
2441 3443 2534 3497 καί
2556 3460 2606 3495 τι
2633 3442 2743 3513 (52)
2773 3444 2871 3513 τῆς
2898 3442 3132 3495 ἐνταῦθα
3153 3443 3364 3513 τρυφῆς
3389 3440 3661 3503 ἀντιλαϐὼν,

2139 3534 2369 3591 καὶτοῦ
2409 3535 2669 3605 περιορᾷν
2712 3531 2961 3604 Λάζαρον
3003 3531 3275 3586 πεινῶντα
3325 3532 3415 3584 καὶ
3458 3530 3663 3601 ἡλκωμέ-

2139 3643 2249 3690 νον,
2287 3625 2347 3678 τὸ
2385 3623 2593 3678 ἐκεῖθεν
2631 3622 2838 3676 δεῖσθαι
2873 3622 2983 3695 (55)
3013 3621 3302 3693 Λαζάρου,
3344 3622 3433 3675 καὶ
3470 3621 3535 3692 μὴ
3564 3638 3665 3688 τυγς

2140 3716 2345 3787 χάνειν.

472 3804 794 3860 vilissimum
822 3817 923 3870 est,
949 3807 1180 3862 hominis
1233 3807 1322 3863 siti
1376 3806 1617 3876 oppressi
1661 3806 1897 3878 linguam
1950 3805 2064 3862 solo
2102 3805 2309 3876 frigida:
2364 3804 2561 3876 poculo
2618 3802 3046 3875 refrigeraverit,
3083 3804 3226 3873 quod
3278 3819 3305 3856 a
3335 3818 3547 3875 paupere
3580 3804 3663 3857 La-

473 3902 601 3951 zaro
633 3899 954 3966 cxposcebat
982 3899 1129 3955 dives
1164 3899 1273 3963 ille,
1311 3899 1402 3968 qui
1453 3901 1505 3953 in
1562 3898 1776 3953 ﬂamma
1836 3900 2206 3969 torquebatur,
2254 3912 2319 3955 ac
2377 3913 2475 3968 pro
2539 3895 2696 3964 hujus
2764 3896 2889 3950 vitae
2944 3894 3331 3963 voluptatibus,
3378 3906 3430 3950 et
3476 3894 3660 3953 deliciis.

472 3986 772 4055 Lazarique
822 3987 1109 4041 esurientis
1166 3997 1221 4042 et
1260 3987 1489 4042 ulcerosi
1541 3996 1876 4057 contemptu,
1907 3988 2047 4042 hanc
2086 3987 2387 4043 mercedem
2419 3984 2711 4052 referebat,
2745 3994 2803 4040 ut
2828 3984 2935 4040 illic
2978 3983 3244 4039 Lazarum
3268 3994 3532 4056 .rogaret,
3584 4000 3664 4041 nec

474 4092 657 4135 tamen
685 4079 801 4149 ejus
831 4095 988 4149 opem
1020 4080 1333 4149 impetraret
1366 4083 1435 4136 “.

553 4170 659 4224 νιι.
696 4170 821 4226 llaec
845 4172 1058 4240 quidem
1086 4182 1229 4241 sunt,
1266 4189 1384 4243 quae
1420 4190 1449 4229 a
1485 4176 1638 4231 vobis
1662 4175 1923 4246 exigimus
1947 4189 2039 4242 ;-at.

474 4276 572 4330 pro
597 4273 748 4316 certo
780 4264 975 4330 habeo,
1013 4266 1232 4320 minime
1252 4265 1303 4320 id
1337 4267 1488 4322 vobis
1518 4267 1703 4336 pudori
1741 4282 1881 4331 esse,
1898 4268 2038 4336 quod

474 4355 600 4408 vita:
626 4355 861 4409 rationes
885 4372 915 4409 ιι
954 4358 1108 4411 vobis
1138 4372 1504 4427 reposcamus,
1540 4374 1639 4413 nec
1691 4360 1852 4413 etiam
1903 4360 2037 4423 fore,

476 4458 599 4496 cum
632 4458 723 4499 eas
744 4456 989 4500 extremo
1016 4446 1106 4501 illo
1154 4446 1239 4502 die
1291 4446 1604 4503 referendas
1660 4448 1942 4515 habebitis,
1974 4448 2040 4502 ad

2208 4174 2281 4229 Z'.
2320 4174 2389 4226 ’Δ
2435 4174 2533 4244 μὲν
2568 4168 2662 4226 οὖν
2717 4172 2861 4243 ὑμᾶς
2908 4171 3284 4243 ἀπαιτοῦμεν,
3336 4170 3500 4225 ταῦτά
3544 4170 3661 4221 ἐστι·

2139 4265 2233 4318 καὶ
2273 4260 2389 4328 οἷδ’,
2431 4264 2514 4317 ὃτι
2551 4258 2652 4317 οὐκ
2691 4263 3033 4334 αἰσχύνεσθε,
3081 4264 3203 4316 οὔτε
3249 4265 3377 4334 παρ’
3409 4261 3549 4333 ἡμῶν
3578 4259 3663 4327 (5-1)

2140 4356 2530 4427 ἀπαιτούμενοι
2571 4356 2747 4424 λόγον,
2788 4355 2910 4409 οὔτε
2943 4356 3093 4428 παρὰ
3125 4356 3237 4427 (55)
3270 4357 3366 4427 τῆς
3401 4352 3665 4413 τελευταίας

2143 4448 2376 4519 ἡμέρας,
2408 4450 2488 4511 εἰς
2520 4449 2585 4517 ἣν
2617 4449 2797 4503 πάντα
2840 4448 3127 4517 συνάγεται
3164 4448 3235 4503 τὰ
3274 4448 3523 4520 ἡμέτερα,
3555 4442 3667 4497 κατὰ

545 4626 592 4657 ⁸⁹
638 4622 823 4677 Matth.
876 4638 995 4685 xm,
1029 4624 1082 4679 8.
1158 4622 1205 4655 ⁸³
1241 4622 1376 4679 Gen.
1403 4639 1549 4688 xxvi,
1600 4624 1685 4678 15.
1762 4624 1809 4656 ⁸⁸⁵
1839 4622 1977 4677 Psal.
2007 4640 2036 4677 ι.

2139 4637 2231 4685 .m,
2269 4622 2322 4684 6,
2356 4622 2407 4676 8.
2482 4622 2529 4655 ⁸⁸
2563 4622 2691 4677 ibid.
2722 4620 2774 4676 8.
2852 4622 2938 4673 ⁸⁸1
2983 4620 3121 4677 Tim.
3160 4635 3216 4687 v,
3276 4622 3360 4679 10.
3433 4620 3517 4675 ⁸⁷1
3562 4620 3661 4674 Cor.

474 4712 563 4761 vi,
605 4695 691 4749 15.
767 4695 812 4729 ⁸⁸
840 4691 858 4745 l
891 4693 1015 4748 Cor.
1050 4709 1125 4759 ix,
1155 4692 1242 4748 15.
1317 4694 1362 4727 ⁸⁸
1388 4694 1407 4750 l
1435 4696 1558 4750 Cor.
1591 4711 1669 4759 ix,
1700 4694 1786 4750 18.
1862 4694 1909 4727 ⁸ο
1955 4694 2037 4747 Ma

2139 4731 2145 4745 .
2181 4708 2309 4758 xxv,
2350 4693 2438 4746 40.
2513 4693 2556 4724 ⁸⁸
2586 4693 2714 4747 Luc.
2743 4708 2856 4758 xvi,
2878 4692 2948 4746 24
2974 4707 3091 4763 sqq.

471 4870 952 4951 Jerosolymitano,
1004 4871 1058 4925 in
1108 4886 1243 4940 quos
1290 4870 1647 4951 ascendentes
1679 4870 1796 4951 .illi,
1828 4868 2045 4951 quilad
2080 4884 2130 4951 p~

471 4940 772 4996 cantandos
830 4942 1059 5011 hymnos
1082 4951 1236 4997 erant
1262 4942 1518 5006 ordinati,
1542 4942 1653 4994 haec
1679 4940 1791 5008 ipsa
1832 4941 2041 4993 cantica

474 5009 1010 5066 concinebantﬁllaec
1047 5022 1221 5065 autem
1253 5012 1465 5065 cantica
1496 5019 1727 5064 tractant
1761 5010 1826 5063 de
1854 5025 2043 5063 ascen—

471 5097 532 5150 su
569 5092 622 5135 et
655 5082 828 5135 reditu
880 5081 1186 5135 Iudaeorum
1228 5096 1259 5134 e
1319 5079 1588 5150 Babylone
1620 5084 1672 5134 in
1720 5078 2038 5134 Jerusalem.

472 5149 627 5223 Unde
654 5151 881 5223 mystico
938 5166 1097 5223 sensu
1136 5152 1174 5206 ii
1235 5148 1487 5223 dicuntur
1514 5148 1787 5207 Graduum
1833 5151 2039 5206 cantica

472 5221 783 5283 concinere,
812 5223 900 5288 qui
938 5221 1132 5275 virtute
1156 5222 1461 5288 proﬁciunt.
1502 5239 1519 5271 ι

543 5288 655 5359 (45)
679 5291 1105 5351 Πλεονὰζονντα.
1137 5288 1230 5347 Or.
1261 5292 1310 5353 1,
1342 5290 1545 5345 πλεζον.

563 5359 652 5430 46)
686 5364 871 5426 Τίνας,
911 5366 1019 5415 [tuo
1048 5361 1237 5430 Ἆρες..
1265 5378 1407 5414 τινα.

564 5430 650 5504 17)
680 5429 1186 5504 Ἀπερισπᾴστωζέ.
1212 5432 1306 5485 Or.
1310 5432 1377 5504 _l,
1395 5431 1784 5504 ἀπερισπάτως
1807 5429 2035 5503 [prave].

502 5499 1115 5621 agggzngapedpetiwm.
1152 5504 1267 5557 Duo
1310 5500 1473 5572 ﬂegg.
1506 5499 1561 5557 et
1609 5499 1702 5557 0r.
1764 5499 1824 5566 1,
1867 5499 2036 5575 προσ-

472 5585 751 5624 τορευωσι.

535 5586 1262 5713 ῗιῗξῗυὲὺαγγελίσασθαι.
1322 5641 1438 5698 Duo
1501 5641 1677 5711 Colb.,

714 5642 1262 5713 Εὑαγγελίσασθαι.
1322 5641 1438 5698 Duo
1501 5641 1677 5711 Colb.,
1751 5640 2037 5711 εὐαγγελί-

2220 4868 2332 4940 (50)
2362 4867 2605 4943 Στέγης.
2633 4864 2797 4943 Co_isl.
2834 4868 2859 4921 1
2896 4866 3062 4943 addit,
3089 4865 3215 4943 τινζο
3250 4883 3269 4916 t
3297 4864 3417 4943 sive.
3438 4872 3562 4915 tecto
3586 4858 3665 4912 ali~

2148 4937 2322 5008 quem
2342 4940 2635 5008 exceperis,
2667 4937 2781 4991 sive
2817 4937 3141 5008 vestimento
3169 4937 3465 5008 donaveris.
3496 4949 3513 4981 ι

2216 5008 2328 5078 (5')
2396 4998 2770 5078 Πιὲξομένου.
2811 5005 2971 5061 Coisl.
3040 5007 3193 5078 iuet
3238 5006 3386 5078 δον..
3450 4998 3669 5069 πιεζομέ-

2144 5075 2264 5149 νην,
2284 5075 2573 5149 {arentem
2602 5077 2692 5149 siti
2724 5076 2958 5144 linguam
2972 5075 3417 5149 _re_friger:tveris_.
3446 5092 3464 5123 ι

2213 5148 2323 5231 (5?)
2350 5147 2463 5231 Kal,
2487 5163 2561 5199 τι.
2588 5148 2680 5201 Sic
2703 5138 2940 5216 quinque
2962 5138 3155 5210 Colb.:
3174 5144 3336 5199 Coisl.
3381 5143 3406 5196 1
3432 5151 3482 5196 et
3504 5138 3665 5197 Comb.

2141 5218 2198 5273 In
2229 5219 2343 5280 ed.,
2371 5218 2463 5269 καί
2496 5234 2597 5279 τις.

2213 5288 2323 5357 (55)
2358 5285 2610 5357 Ἐκεῖθεν
2632 5285 2885 5351 δεῖσθαι,
2908 5295 3013 5342 etc.
3044 5283 3162 5341 Bill.
3191 5300 3245 5337 :t
3285 5292 3341 5337 ut
3374 5281 3475 5335 illic
3492 5278 3665 5333 Lazaro

2143 5356 2277 5425 opus
2315 5356 2554 5411 haberet.
2603 5376 2621 5407 ι

2154 5498 2167 5509 ,
2217 5428 2327 5509 (5‘54)
2371 5424 2573 5496 Ημῶν.
2596 5425 2686 5482 Sic
2708 5426 2839 5497 Reg.
2854 5425 2943 5482 bm
2962 5436 3016 5481 et
3035 5426 3266 5496 quinque
3288 5421 3438 5478 Colb.
3464 5419 3516 5474 In
3536 5415 3663 5478 edit.,

2146 5498 2327 5636 6‘13?)
2378 5570 2526 5624 Οὔτε
2579 5566 2754 5639 παρὰ.
2817 5567 2905 5622 Sic
2926 5576 3126 5636 septem
3182 5565 3343 5634 Regg.
3377 5552 3664 5620 taedium)

2146 5657 2219 5692 πα
2229 5639 2316 5711 ρά.
