3932 6578
284 380 423 433 1257

1380 382 1643 442 ORATIO
1687 386 1875 446 XXVI.
1918 420 1975 429 —
2023 388 2089 445 IN
2136 390 2449 451 SElPSUM.

3383 392 3520 448 i938

279 496 340 552 τὲ
374 495 697 567 εἰρημένον*
734 497 905 567 Κάγὼ
950 499 1193 567 ἔρχομαι
1228 498 1301 552 τὰ
1338 500 1723 568 βουλεύματα
1759 502 1857 557 καί

1980 516 2119 574 luem
2155 508 2337 562 omnia
2375 519 2556 564 nostra
2593 508 2937 579 colliguntur,
2967 507 3413 578 quemadmodum
3438 507 3520 560 his

281 591 390 655 τὰς
444 588 689 657 πράξεις
740 588 905 659 ὑμῶν
950 590 1347 660 συναγαγεῒνο
1403 593 1516 658 καὶ,
1570 592 1714 646 Ἰδοὺ
1753 592 1856 648 ἆν-

284 685 516 747 θρωπος
552 679 689 751 (56).
732 681 829 733 καὶ
871 679 936 733 τὸ
983 680 1163 750 ἔργον
1200 681 1406 748 αὐτοῦ,
1436 684 1533 736 καὶ
1578 689 1612 738 o‘
1642 686 1858 755 μισθὸς

230 799 242 813 .
284 771 470 825 αὑτοῦ
483 773 610 841 μετ’
647 772 853 826 αὑτοῦ.
889 772 969 824 Τά
1006 773 1062 826 δὲ
1098 774 1360 844 ἡμέτερα,
1398 778 1491 829 καὶ
1531 777 1566 831 ἀ
1593 779 1741 849 παρά
1759 780 1858 851 τῆς

285 864 517 933 ἐρημίας
547 864 673 934 ὑμῖν
717 863 1033 934 κομίζομεν.
1079 864 1295 935 Ἐπειδὴ
1329 866 1423 920 καὶ
1468 867 1651 932 Ἠλίας
1690 869 1857 940 ἡδέως

285 954 651 1025 ἐνεφιλοσόφει
678 956 754 1025 τῷ
787 956 1089 1027 Καρμήλῳ,
1120 957 1214 1010 καὶ
1249 960 1497 1032 Ἰωάννης
1539 964 1605 1033 τῇ
1645 963 1856 1032 ἐρήμῳ,

288 1046 383 1097 καὶ
421 1045 628 1116 Ἰησοῦς
662 1047 845 1111 αὐτὸς,
880 1048 978 1112 τὰς
1038 1050 1136 1120 μὲν
1197 1049 1425 1121 πράξεις
1490 1056 1602 1116 τοῖς
1658 1055 1855 1125 ἤχλοις,

287 1136 387 1199 τὰς
428 1137 592 1208 εὐχὰς
636 1138 693 1192 δὲ
738 1142 804 1210 τῇ
858 1141 1139 1212 σχολῇκαὶ
1193 1146 1314 1205 ταῖς
1360 1144 1635 1215 ἐρημίαις,
1681 1146 1756 1209 ὡς
1793 1146 1861 1200 τὰ

288 1228 483 1293 πολλὰ,
533 1230 893 1301 προσένεμεν.
947 1233 1012 1286 Τί
1062 1233 1403 1303 νομοθετῶν;
1446 1236 1533 1300 Ὠς
1576 1232 1749 1308 οἶμαι,
1802 1238 1863 1292 τὸ

287 1321 486 1391 χρῆναί
522 1340 573 1375 τι
618 1323 712 1376 καὶ
750 1323 1069 1396 ἡσυχάζειν,
1105 1325 1245 1380 ὥστε
1279 1327 1562 1393 ἀθολώτως
1598 1346 1861 1401 προσομι-

274 1413 401 1485 ’λείν
440 1413 517 1485 τῷ
565 1413 704 1484 Θεῷ,
754 1418 847 1469 καὶ
888 1417 1082 1488 μικρὸν
1125 1418 1419 1487 ἐπανάγειν
1467 1420 1559 1473 τὸν
1604 1422 1727 1476 νοῦν
1758 1423 1865 1476 ἀπὸ

291 1504 400 1557 τῶν
428 1504 815 1575 πλανωμένων.
840 1508 915 1560 Οὐ
944 1507 1052 1579 γάρ
1082 1508 1243 1572 αὐτὸς
1274 1509 1443 1564 ἐδεῖτο
1472 1512 1864 1585 ἀναχωρήσεως

293 1595 435 1663 (οὐδὲ
458 1595 565 1668 γὰρ
599 1593 743 1667 εῖχεν
765 1600 846 1661 είς
870 1599 898 1651 ὅ
921 1616 972 1651 τι
1006 1599 1266 1671 συσταλῇ,
1296 1601 1427 1666 Θεὸς
1456 1601 1552 1665 ὢν,
1578 1604 1670 1656 καὶ
1693 1605 1865 1658 πάντα

290 1686 556 1758 πληρῶν),
589 1687 701 1740 ἀλλ’
727 1688 793 1740 ἵν’
839 1690 998 1760 ἡμεῖς
1040 1689 1302 1761 μάθωμεν
1347 1692 1441 1745 καὶ
1474 1692 1721 1763 πράξεως
1746 1711 1866 1746 και-

1956 598 2136 653 verbis
2161 598 2438 668 Scriptura
2477 610 2740 655 testatur:
2774 599 2840 653 Et
2887 617 2977 670 ego
3008 602 3172 663 venio,
3220 610 3271 651 ut
3302 599 3519 651 consilia

1956 698 2125 743 vestra
2154 699 2202 742 et
2256 691 2484 744 actiones
2514 707 2810 761 congregem
2864 693 2930 745 “.
2977 690 3061 756 Et,
3097 688 3228 742 Ecce
3265 692 3438 753 homo,
3474 698 3522 742 et

1960 798 2090 851 opus
2124 782 2258 851 ejus,
2284 792 2333 836 et
2360 799 2550 838 merces
2581 784 2692 854 ejus
2729 802 2845 838 cum
2873 802 2931 839 eo
2972 785 3039 839 θ’.
3071 784 3187 840 3am
3218 795 3399 838 nostra
3431 798 3524 835 ex-

1960 887 2243 941 ponamus,
2281 885 2445 943 atque
2474 891 2560 938 ea,
2620 890 2740 944 qua:
2776 891 2805 929 a
2858 876 3145 930 solitudine
3196 876 3346 929 vobis
3401 874 3524 928 alle-

1962 963 2151 1017 rimus.
2186 962 2317 1017 Nam
2352 975 2405 1019 et
2434 965 2578 1019 Elias
2603 965 2833 1021 libenter
2884 966 2937 1020 in
2990 965 3234 1020 Carmelo
3288 965 3523 1036 philoso-

1962 1054 2161 1121 phatur
2196 1052 2242 1085 ”
2270 1064 2324 1110 et
2351 1052 2585 1109 Joannes
2610 1056 2661 1108 in
2698 1057 2912 1111 deserto
2934 1057 3003 1121 ³⁸,
3046 1065 3099 1110 et
3121 1053 3274 1110 Jesus
3309 1058 3421 1124 ipse
3452 1060 3522 1123 ³⁸,

1964 1155 2021 1198 ut
2050 1146 2293 1201 actiones
2319 1145 2649 1201 multitudini
2681 1147 3064 1215 hominumque
3091 1145 3425 1216 frequentize,
3452 1149 3522 1203 ita

1964 1249 2154 1308 preces
2184 1240 2353 1309 quieti
2385 1238 2625 1308 locisque
2671 1241 2737 1295 ab
2771 1240 3048 1294 hominum
3088 1241 3413 1294 commercio
3442 1256 3527 1295 se-

1964 1326 2124 1385 motis
2151 1330 2265 1385 fere
2301 1331 2595 1386 tribuebat.
2664 1331 2801 1398 Quid
2858 1332 3003 1395 hinc,
3055 1331 3197 1387 velut
3247 1332 3349 1385 lata
3387 1333 3523 1401 lege,

1965 1422 2192 1478 statuit?
2220 1421 2422 1493 Nempe
2444 1423 2599 1478 nobis
2649 1439 2881 1495 quoque,
2916 1434 2974 1478 ut
3017 1424 3228 1492 opinor,
3283 1424 3527 1478 nonnihil
3568 1452 3572 1459 -

1964 1513 2351 1576 quiescendum
2390 1530 2532 1582 esse,
2572 1524 2635 1569 ut
2664 1515 2843 1569 anitno
2896 1515 3114 1569 minime
3163 1515 3377 1568 turbido
3406 1529 3525 1567 cum

1967 1603 2075 1657 Deo
2103 1617 2399 1669 versemur,
2442 1613 2783 1673 mentemque
2816 1604 2884 1658 ab
2908 1604 3147 1658 erroneis
3184 1604 3335 1657 hisce
3372 1603 3531 1657 rebus

1965 1690 2241 1760 paululum
2272 1692 2613 1747 reducamus.
2676 1690 2861 1761 Neque
2889 1692 3033 1745 enim
3086 1692 3184 1761 ipsi
3228 1692 3533 1745 secessione

293 1778 424 1849 ρὺν,
473 1780 568 1832 καὶ
610 1780 868 1850 ἀσχολίας
914 1781 1271 1853 ὑψηλοτέρας.
1321 1784 1456 1837 Τίνα
1506 1779 1599 1837 οὖν
1645 1785 1714 1839 τά
1765 1785 1865 1855 τῆς

1980 1800 2098 1856 )pus
2128 1795 2246 1840 erat
2289 1785 2416 1857 (non
2456 1787 2602 1841 enim
2658 1786 2890 1842 habebat
2931 1800 3038 1855 quo
3075 1801 3133 1840 se
3162 1785 3530 1850 contraheret,

290 1870 433 1941 ἐμῆς
467 1871 577 1942 (57)
609 1872 872 1943 ἐρημίας;
911 1872 1178 1944 Βούλομαι
1206 1874 1334 1946 γὰρ,
1360 1875 1436 1939 ὡς
1467 1877 1666 1945 ἀγαθὸς
1692 1878 1863 1948 ἔμπο-

294 1976 384 2032 ρος
420 1962 514 2015 καὶ
545 1962 900 2033 πανταχόθεν,
926 1963 1243 2033 κερδαίνων,
1288 1966 1580 2021 κάπεῦθέν
1616 1985 1669 2021 τι
1701 1986 1867 2039 προσ-

293 2056 535 2121 ενεγκεῖν
570 2054 698 2125 ὑμῖν
730 2054 1032 2126 ἀγώγιμον.

1964 1894 2085 1933 cum
2120 1878 2261 1932 Deus
2298 1888 2463 1943 esset,
2494 1887 2549 1933 et
2570 1878 2753 1932 omnia
2811 1878 3125 1949 impleret);
3158 1893 3341 1931 verum
3384 1886 3441 1930 ut
3476 1886 3535 1929 et

1964 1970 2215 2035 actionis,
2261 1984 2316 2025 et
2373 1970 2705 2026 sublimioris
2761 1970 3131 2040 occupationis
3164 1982 3370 2036 tempus
3411 1982 3531 2022 esse

1976 2065 2324 2119 disceremus.
2380 2063 2511 2129 Quis
2581 2078 2708 2133 ergo
2759 2063 3060 2119 solitudinis
3111 2072 3306 2117 nostrae
3369 2061 3532 2132 477

295 2144 501 2199 fruetus
529 2147 775 2200 exstitit?
799 2147 951 2201 Libet
973 2149 1333 2217 enim,instar
1353 2151 1476 2205 boni
1512 2154 1860 2223 negotiatoris
1898 2166 1955 2211 et
2000 2168 2262 2225 qumsmm
2318 2158 2668 2226 undecunque
2712 2156 3022 2221 factitantis,
3060 2166 3114 2210 ut
3153 2156 3277 2210 hinc
3324 2168 3535 2225 quoque

292 2236 446 2290 vobis
477 2236 718 2291 nonnihil
746 2238 1003 2291 mercium
1036 2239 1279 2293 oil‘eram.

362 2330 443 2383 H'.
487 2328 760 2393 Ἐδάδιζον
798 2330 939 2384 οὕτω
974 2334 1092 2385 κατ’
1128 2334 1382 2404 ἐμαυτὸν,
1432 2335 1531 2408 ἤδη
1576 2335 1862 2409 κλινούσης

2065 2335 2197 2391 VIII.
2229 2334 2627 2392 lnambulabam
2671 2349 2771 2405 ego
2819 2333 2983 2401 solus,
3042 2344 3295 2400 vergente
3339 2331 3449 2399 jam
3483 2333 3535 2384 in

295 2421 526 2494 ἡμέρας.
570 2421 734 2493 Ἀκτὴ
756 2421 810 2474 δὲ
832 2418 898 2494 ἦν
930 2425 957 2476 ὁ
974 2422 1266 2493 περίπατος
1288 2443 1301 2455 ·
1327 2426 1419 2479 καὶ
1433 2427 1540 2499 γάρ
1559 2445 1675 2493 πως
1699 2429 1864 2483 εἴωθα

1980 2443 2228 2485 occasum
2260 2427 2393 2481 sole.
2426 2426 2595 2481 Locus
2616 2441 2780 2496 porro
2813 2426 2865 2480 in
2897 2439 3004 2495 quo
3033 2423 3327 2493 spatiabar,
3372 2420 3537 2476 maris

294 2514 421 2576 τοὺς
454 2515 646 2577 πόνους
688 2513 775 2567 ἀεὶ
815 2517 933 2579 ταῖς
974 2516 1249 2581 τοιαύταις
1298 2517 1532 2573 διαλύειν
1577 2522 1823 2575 ἀνέσεσιν
1847 2537 1863 2553 ο

1980 2523 2094 2592 ripa
2126 2527 2265 2575 erat.
2296 2519 2524 2589 Semper
2563 2518 2712 2573 enim
2767 2518 2917 2573 soleo
2954 2515 3253 2586 huiusmodi
3301 2512 3540 2567 oblecta-

291 2604 417 2658 ἐπεὶ
468 2605 599 2676 μηδὲ
643 2604 809 2676 νευρά
848 2605 1000 2678 φέρει
1039 2608 1099 2660 τὸ
1139 2607 1387 2663 σύντονον
1427 2612 1515 2665 ἀεὶ
1562 2613 1864 2684 τεινομένη,

1980 2611 2179 2666 mentis
2213 2610 2432 2664 labores
2455 2607 2749 2663 dissolvere
2774 2617 2827 2661 et
2869 2607 3152 2671 relaxare;
3199 2604 3537 2673 quandoqui-

295 2696 389 2750 κα)⁸
412 2695 577 2749 δεῖταί
604 2714 655 2749 τι
687 2699 884 2769 μικρὸν
914 2699 1022 2751 τῶν
1051 2700 1319 2768 γλυφίδων
1348 2702 1456 2773 (58)
1489 2703 1795 2767 ἐκλύεσθαι,
1818 2708 1865 2758 εί

1980 2704 2095 2757 dem
2133 2716 2233 2756 nec
2261 2708 2573 2770 perpetuam
2624 2698 3021 2754 contentionem
3055 2711 3252 2751 nervus
3278 2695 3419 2749 ferre
3446 2710 3541 2763 po—

299 2788 479 2859 μέλλοι
510 2787 837 2860 ταθήσεσθαι
883 2789 1065 2854 πάλιν,
1116 2792 1211 2844 καὶ
1249 2793 1324 2863 μὴ
1356 2792 1628 2865 ἄχρηστος
1653 2795 1867 2849 ἔσεσθαι

1980 2805 2101 2859 test,
2140 2791 2234 2848 sed
2265 2790 2437 2846 laxari
2464 2803 2847 2858 nonnunquam
2882 2802 3039 2843 arcus
3065 2802 3265 2842 cornua
3304 2795 3539 2855 eportet,

296 2877 375 2947 τῷ
399 2877 607 2950 τοξότῃ,
661 2877 792 2948 μηδὲ
835 2878 1088 2949 ἀνόνητος
1119 2881 1177 2933 ἐν
1202 2880 1375 2951 καιρῷ
1408 2884 1671 2952 χρήσεως.
1711 2883 1868 2936 Ἐὄά-

1980 2886 2019 2939 si
2049 2884 2265 2954 quidem
2298 2896 2491 2937 rursus
2524 2881 2881 2936 intendendus
2914 2880 3003 2947 sit,
3040 2895 3102 2934 ac
3134 2895 3239 2934 non
3264 2877 3541 2948 sagittario

297 2965 441 3030 διζον
473 2961 585 3029 οὖν,
616 2968 709 3021 κα.)⁵
732 2968 782 3019 οἱ
826 2968 923 3037 μὲν
948 2968 1106 3031 πόδες
1130 2968 1406 3040 ἐφέροντο,
1439 2972 1473 3041 ή
1511 2970 1567 3023 δὲ
1602 2971 1722 3040 ὄψις
1757 2968 1869 3043 εἶχε

1980 2973 2183 3027 inutilis
2211 2982 2322 3025 tum
2347 2970 2579 3037 futurus,
2614 2986 2735 3025 cum
2758 2984 2823 3024 eo
2853 2970 3107 3025 utendum
3132 2969 3255 3023 erit.
3284 2967 3541 3022 Inambu-

297 3056 392 3127 τὴν
438 3057 730 3113 θάλασσαν.
785 3061 848 3113 Ἡ
894 3060 949 3113 δὲ
988 3055 1058 3130 ἦν
1102 3059 1278 3132 θέαμα
1321 3062 1419 3132 οὐχ
1469 3062 1589 3133 ἡδὺ,
1631 3064 1870 3132 καίτοιγε

1980 3068 2154 3123 labam
2196 3068 2391 3138 igitur,
2420 3076 2583 3138 atque
2638 3065 2712 3119 ita
2747 3064 2973 3133 pedibus
3029 3062 3259 3128 ferebar,
3295 3067 3351 3115 ut
3399 3060 3539 3114 oculi

297 3148 470 3213 ἄλλως
501 3150 714 3221 ἥδιστον
746 3148 899 3217 οὖσα,
941 3153 1069 3206 ὅταν
1110 3153 1318 3223 γαλήνῃ
1366 3132 1709 3225 πορφύρηται
1730 3192 1744 3216 ,
1778 3153 1870 3206 καὶ

1980 3160 2146 3213 maris
2178 3166 2393 3228 aspectu
2458 3157 2785 3213 fruerentur.
2840 3154 2950 3209 Nec
3000 3168 3127 3208 vero
3176 3152 3537 3221 spectaculum

299 3242 612 3316 προσπαίζῃ
650 3244 768 3307 ταῖς
800 3245 991 3307 ἀκταῖς
1022 3243 1118 3316 ήδύ
1150 3262 1201 3296 τι
1240 3244 1335 3297 καὶ
1358 3244 1585 3314 ἥμερον.
1636 3243 1791 3298 Ἀλλά
1820 3245 1870 3298 τί

1980 3251 2107 3306 illud
2132 3251 2309 3305 laetum
2342 3265 2406 3305 ac
2453 3248 2750 3319 jucundum
2809 3255 2947 3313 erat,
3001 3259 3302 3315 quanquam
3340 3242 3537 3311 alioqui

300 3337 419 3391 τότε
443 3338 771 3409 (φθέγγομαι
806 3338 915 3411 (59)
950 3338 1057 3411 γὰρ
1080 3339 1255 3410 ἡδέως
1293 3340 1386 3391 καὶ
1417 3337 1526 3411 (60)
1562 3341 1629 3395 τά
1655 3341 1870 3411 ῥήματα

1980 3345 2424 3414 iucundissimum
2455 3356 2577 3398 esse
2607 3341 2798 3405 soleat,
2847 3354 2968 3393 cum
3000 3335 3385 3406 tranquillitate
3413 3349 3541 3402 pur-

298 3429 396 3500 τῆς
424 3428 669 3500 Γραφῆς)
692 3446 706 3493 ;
749 3430 975 3500 ’Λνέμου
1012 3428 1247 3500 μεγάλου
1271 3428 1546 3493 πνέοντος,
1573 3427 1875 3499 διηγείρετό

299 3537 359 3573 τε
389 3520 482 3573 καὶ
510 3512 819 3590 ἐπωρύετοο
859 3519 966 3573 τῶν
1001 3519 1057 3572 δὲ
1100 3518 1383 3590 κυμάτων,
1414 3518 1442 3571 ὃ
1469 3517 1613 3587 φιλεί
1645 3517 1875 3589 συμϐαί-

301 3629 412 3665 νειν
443 3613 501 3664 ἐν
533 3614 644 3674 τοῖς
676 3612 937 3675 τοιούτοις
977 3613 1239 3683 κινήμασι
1273 3611 1407 3683 (61),
1436 3611 1503 3664 τὰ
1539 3612 1636 3682 μὲν
1656 3610 1873 3683 πόρρω-

305 3704 395 3757 θεν
426 3703 777 3771 ἀνιστάμενα,
814 3702 1074 3755 καὶκατὰ
1120 3702 1316 3773 μικρὸν
1346 3700 1746 3773 κορυφούμενα,
1778 3697 1873 3753 εἶτ’

304 3794 692 3865 ἐλαττούμενα,
738 3794 875 3865 πρὸς
921 3795 1039 3856 ταῖς
1083 3794 1277 3856 ἀκταῖς
1313 3792 1499 3845 ἐλύετο
1531 3793 1639 3861 (6Ξ)
1662 3810 1675 3821 ·
1719 3792 1786 3846 τὰ
1818 3792 1875 3845 δὲ

305 3890 426 3949 ταῖς
463 3887 669 3955 γείτοσι
691 3886 919 3957 πέτραις
968 3885 1376 3956 προσπίπτοντα
1427 3884 1517 3937 καὶ
1576 3882 1877 3954 ἀποκρουό-

312 3994 469 4049 μενα,
506 3979 585 4041 είς
617 3978 784 4049 ἄχνην
813 3974 1037 4047 ἀφρώδη
1068 3975 1161 4029 καὶ
1184 3973 1344 4045 ψιλὴν
1367 3973 1477 4044 (65)
1504 3971 1873 4042 ἐσκορπίζετο.

312 4069 481 4124 Ἔνθα
528 4069 799 4140 κάχληκες
839 4067 958 4139 μὲν,
990 4067 1083 4121 καὶ
1131 4067 1318 4137 φυκία,
1359 4065 1453 4120 καὶ
1493 4066 1752 4138 κήρυκες,
1785 4066 1879 4119 καὶ

307 4162 417 4215 τῶν
450 4161 686 4233 ὀστρέων
705 4162 773 4216 τά
791 4160 1129 4230 ἐλαφρότατα
1151 4158 1400 4225 ἐξωθεῖτο
1425 4159 1519 4211 καὶ
1551 4156 1876 4213 ἀπεπτύετιν

311 4254 426 4308 ἐστι
474 4254 531 4307 δὲ
575 4253 612 4309 ἀ
667 4256 761 4309 καὶ
810 4252 1085 4324 ἡρπάζετο
1124 4250 1308 4314 πάλιν,
1352 4250 1758 4321 ἀναχωροῦντος
1784 4250 1878 4302 τοῦ

308 4348 568 4419 κύματος.
603 4349 668 4401 Al
704 4348 760 4402 δὲ
802 4344 940 4420 ἦσαν
981 4347 1221 4401 ἄσειστοι
1265 4345 1357 4398 καὶ
1396 4346 1693 4411 ἀτίνακτοι,
1729 4344 1880 4397 οὐδέν

1975 3434 2237 3504 purascit,
2284 3448 2347 3487 ac
2400 3430 2671 3485 littoribus
2700 3428 2956 3484 blandum
3008 3426 3261 3496 quiddam
3292 3433 3344 3477 et
3376 3437 3540 3479 suave

1974 3524 2183 3579 alludit.
2218 3521 2323 3577 Sed
2356 3523 2483 3591 quid
2513 3521 2670 3574 tum?
2709 3519 2854 3575 Mare
2911 3519 3164 3591 (libenter
3216 3516 3359 3570 enim
3417 3524 3542 3568 utor
3574 3512 3579 3515 ⁷

1978 3612 2272 3682 Scriptura:
2304 3612 2530 3681 verbis),
2567 3619 2727 3665 vento
2758 3624 2954 3680 magno
2983 3607 3165 3671 ﬂante,
3202 3607 3542 3662 excitabatur

1975 3712 2031 3758 et
2062 3702 2385 3758 infremebat
2418 3704 2461 3734 ⁸⁷
2484 3719 2499 3767 ;
2524 3700 2718 3756 ﬂuctus
2745 3711 2948 3764 autem,
2994 3710 3051 3753 ut
3076 3699 3129 3753 in
3162 3698 3355 3752 talibus
3380 3697 3543 3751 rebus

1980 3795 2097 3850 ﬁeri
2132 3795 2438 3861 consuevit,
2473 3793 2634 3850 modo
2662 3791 2849 3863 procul
2894 3799 3268 3861 exsurgentes,
3314 3802 3543 3857 seseque

1978 3886 2231 3955 paulatim
2259 3887 2312 3940 in
2329 3899 2595 3941 summam
2618 3883 2955 3939 altitudinem
2967 3881 3270 3947 efferentes,
3302 3896 3365 3936 ac
3390 3891 3541 3949 post-

1979 3992 2043 4033 ea
2110 3978 2485 4034 decrescentes
2533 3977 2599 4031 ad
2640 3976 2815 4046 ripam
2864 3975 3247 4051 solvebantur;
3302 3972 3460 4028 modo
3489 3972 3543 4025 in

1982 4069 2313 4141 propinquas
2334 4079 2515 4137 petras
2542 4067 2861 4133 incidentes,
2898 4050 3063 4136 atque
3090 4066 3213 4120 inde
3239 4064 3462 4136 repulsi.
3491 4065 3547 4118 in

1981 4175 2293 4232 sputnosam
2320 4174 2385 4215 ac
2423 4169 2637 4215 tenuem
2668 4158 3009 4229 asperginem
3033 4158 3422 4213 dilabebantur.
3449 4154 3546 4212 Hic

1983 4262 2037 4306 et
2065 4250 2260 4320 lapilli.
2290 4260 2344 4305 et
2374 4249 2530 4320 algae,
2560 4258 2616 4304 et
2669 4249 2924 4313 murices,
2972 4258 3026 4304 et
3052 4247 3322 4303 levissima
3367 4257 3546 4302 ostrea

1984 4342 2411 4397 extrudebantur
2487 4352 2541 4397 et
2613 4341 2764 4409 quasi
2799 4341 3235 4409 exspuebantur;
3293 4338 3549 4393 nonnulla

310 4459 374 4510 γε
400 4437 614 4513 ἧττονῆ
650 4439 980 4510 διοχλοῦντος
1032 4436 1263 4503 οὐδενὸς,
1318 4438 1457 4510 πλὴν
1489 4439 1613 4492 ὅσον
1645 4440 1755 4501 τοῖς
1786 4436 1870 4492 κύ-

1988 4434 2156 4489 etiam
2184 4435 2326 4490 unda
2386 4435 2675 4491 recedente
2718 4446 2905 4488 rursus
2936 4431 3356 4501 abripiebantur.
3376 4430 3550 4483 Petrze

314 4550 445 4604 μασι
478 4530 787 4604 βάλλεσθαι.

384 4807 461 4860 8'.
507 4803 786 4859 Ἐντεῦθεν
810 4798 925 4856 οῐδά
958 4818 1006 4854 τι
1045 4802 1180 4871 πρὸς
1207 4800 1520 4870 φιλοσοφίαν
1561 4797 1881 4869 ὠφεληθεὶς,

316 4899 409 4954 καὶ
462 4893 593 4968 (οἷος
638 4894 748 4966 ἐγὼ
791 4896 968 4949 πάντα
1002 4894 1287 4947 συντείνων
1316 4892 1427 4962 (64)
1467 4891 1599 4963 πρὸς
1630 4891 1885 4961 ἐμαυτὸν,

312 4992 410 5049 καὶ
450 4990 684 5063 μάλιστα
730 4990 778 5042 εί
811 4987 1031 5059 τύχοιμι
1064 4986 1198 5056 πρός
1250 5004 1301 5038 τι
1336 4985 1443 5038 τῶν
1486 4982 1885 5059 συμϐαινόντων

1990 4535 2171 4580 autem
2218 4525 2437 4581 interim
2499 4541 2606 4580 non
2660 4524 2838 4579 minus
2888 4522 3123 4577 immolre
3144 4530 3199 4577 et
3219 4521 3553 4574 inconcussas

1990 4618 2368 4682 remanebant,
2403 4632 2563 4688 quam
2596 4616 2643 4673 si
2674 4616 2815 4671 nulla
2844 4614 3067 4671 omnino
3088 4614 3169 4669 vis
3204 4612 3334 4681 ipsis
3361 4612 3571 4665 admo-.

1983 4721 2225 4775 veretur,
2258 4712 2361 4766 nisi
2388 4715 2531 4782 quod
2555 4712 2809 4767 ﬂuctuum
2834 4709 3029 4764 ictibus
3053 4706 3498 4762 verberabantur.

2058 4799 2150 4854 IX.
2188 4800 2264 4855 Ex
2290 4801 2393 4856 hoc
2425 4801 2735 4870 spectaculo
2762 4796 3005 4855 nonnihil
3054 4794 3301 4850 utilitatis
3334 4794 3399 4848 ad
3429 4792 3555 4861 phi-

1986 4892 2291 4963 losophiam
2322 4896 2628 4965 percepisse
2654 4908 2740 4949 me
2769 4891 2935 4957 sensi,
2958 4898 3012 4945 et
3042 4887 3125 4959 (ut
3148 4886 3327 4943 omnia
3360 4887 3425 4940 ad
3452 4898 3559 4939 mea

1993 4985 2165 5054 ipsum
2199 4986 2402 5042 referre
2445 4996 2606 5055 atque
2644 4983 2875 5055 dirigere
2926 4982 3099 5045 soleo,
3126 4995 3188 5035 ac
3215 4978 3556 5047 potissimum

383 5136 429 5174 ’³
455 5130 556 5187 lsa.
589 5146 739 5193 uvr,
775 5127 862 5185 18.
939 5128 984 5159 ’³
1020 5126 1230 5189 lsa.x1.,
1262 5125 1348 5180 10.
1428 5124 1474 5156 "
1495 5123 1560 5178 111
1594 5123 1727 5193 Reg.
1770 5138 1870 5176 xvii

1990 5124 2042 5176 9.
2120 5120 2165 5151 ³⁵
2198 5119 2328 5173 Luc.
2367 5134 2406 5183 ι,
2434 5117 2522 5173 80.
2599 5118 2645 5152 ³⁸
2670 5117 2801 5177 Luc.
2829 5132 2881 5184 ν,
2910 5116 2997 5171 16.
3075 5115 3120 5148 ³⁷
3152 5113 3307 5168 Joan.
3349 5126 3425 5175 vr,
3473 5109 3557 5162 1ο.

387 5283 501 5366 ρὶϐ)
528 5284 884 5366 Ἄνθρωπος.
920 5281 1087 5337 Sacer
1131 5290 1332 5346 textus,
1366 5279 1590 5350 Κύριος.
1636 5277 1887 5348 Vulgata,

325 5373 342 5406 .
777 5422 932 5477 Deest
955 5422 1009 5476 in
1040 5420 1247 5476 duobus
1268 5416 1460 5488 Regg.,
1488 5430 1719 5488 quatuor
1734 5418 1889 5476 Colb.

318 5505 373 5549 el
521 5494 864 5634 ῗλυφίδων.
893 5580 912 5613 ι
931 5562 1337 5621 Arcuseornua,
1365 5558 1452 5613 rid
1474 5569 1577 5623 est,
1602 5576 1884 5634 cere-nas,»

320 5649 413 5686 seu
438 5650 457 5716 ι
488 5631 753 5716 incisuras
777 5653 797 5686 ι
821 5634 872 5687 in
900 5642 1138 5688 extrema
1157 5645 1316 5685 arcus
1340 5637 1514 5698 parte,
1545 5631 1737 5701 quibus
1761 5648 1883 5687 ner-

322 5718 418 5757 vus
446 5713 719 5758 inseritur.

396 5772 515 5844 (59)
530 5772 869 5845 “bimum.
904 5773 1032 5844 Reg.
1074 5772 1184 5838 bm,
1209 5767 1528 5843 φθέγξομαι.

2059 5276 2170 5347 (60)
2204 5276 2525 5347 Και.1)εθεῐ
2553 5276 2605 5347 in
2641 5275 2770 5341 Reg.
2805 5290 2856 5328 a.

2062 5337 2173 5417 (61)
2205 5346 2522 5416 Κινήμασι.
2546 5337 2795 5417 Deest‘in
2820 5344 3061 5415 pluribus
3089 5340 3253 5411 Regg.
3298 5347 3351 5392 et
3372 5339 3465 5393 0r.
3504 5337 3563 5393 1.

1990 5416 2100 5472 Nee
2130 5417 2314 5473 Billius
2341 5416 2604 5486 agnoscit.

2089 5488 2179 5554 62)
2215 5481 2482 5542 Ἐλύεὶο.
2516 5488 2571 5540 In
2600 5485 2939 5554 quibusdam,
2969 5481 3226 5554 διελύετο.

2067 5547 2180 5631 (65)
2224 5557 2439 5623 eum.
2479 5557 2569 5612 Sic
2599 5547 2837 5628 plerique
2871 5547 3029 5610 cedd.
3061 5562 3115 5606 et
3142 5550 3264 5607 Bas.
3309 5547 3563 5601 Mendose

1994 5629 2047 5682 iu
2072 5629 2186 5682 ed..
2206 5627 2441 5682 ὑψηλήν.

1995 5646 2047 5684 ιιι
2072 5644 2186 5694 eu.,
2206 5644 2441 5694 υψηλην.

2072 5629 2441 5700 εύ.,ὑψηλήν.

2216 5699 2569 5759 Συντείνωι·.
2619 5696 2712 5753 Or.
2750 5698 2772 5752 1
2806 5710 2951 5752 cum.
2982 5692 3099 5748 aliis
3138 5690 3562 5762 pluribusne?-

1989 5787 2046 5823 τε
2055 5787 2166 5827 ινω.
