3914 6404
165 224 295 281 12M

1253 223 1506 280 ORATIO
1544 223 1729 285 XXVI,
1774 257 1840 268 —

1885 224 1948 281 IN
1988 187 2310 286 sensum.
3261 224 3400 280 ista

165 351 340 404 μενον.
370 333 553 388 Ταῦτα
585 335 682 405 μὲν
708 328 800 388 οὖν
825 334 936 406 (75)
969 337 997 388 ὁ
1033 335 1217 406 μῦθος,
1255 338 1344 391 καὶ
1380 339 1411 408 ἡ
1448 338 1739 410 αὐτονομία

1849 341 1992 406 lulat,
2029 351 2209 412 atque,
2241 358 2360 397 cum
2393 341 2710 403 assumitur,
2737 339 2956 394 crescit.
3005 337 3222 392 llabetis
3246 339 3400 392 fabii-

161 424 253 476 τοῦ
286 423 602 496 πλάσματος
631 424 742 494 (76)
761 443 774 456 °
808 428 930 498 ἐμοὶ
963 427 1018 478 δὲ
1048 427 1192 481 δοκεῖ
1219 430 1402 496 σαφῶς
1431 429 1541 498 (77)
1569 431 1740 484 τοιοῦ-

162 533 252 568 τον
277 512 414 569 εἷναί
443 535 492 570 τι
527 519 554 570 ὁ
587 518 894 587 φιλόσοφος.
930 519 1216 590 Εὺδοκιμεῖ
1246 521 1356 591 (78)
1387 524 1495 586 τοῖς
1520 522 1735 587 πάθεσι,

165 607 257 660 καὶ
289 607 418 680 ὓλην
447 609 644 680 ἀρετῆς
693 613 923 663 ποιεῖται
961 612 1027 664 τὰ
1060 612 1295 683 λυπηρὰ,
1333 614 1426 666 καὶ
1455 616 1564 677 τοῖς
1596 616 1740 668 ἐναν-

164 700 298 762 τίοις
329 701 788 768 ὲγκαλλωπίζεται
810 719 825 733 ο
874 704 1009 773 μήτε
1046 707 1158 767 τοῖς
1195 705 1384 770 δεξιοῖς
1434 705 1616 769 ὅπλοις
1641 710 1740 777 τῆς

163 790 508 862 δικαιοσύνης
529 792 832 864 αἰρόμενος,
860 795 994 865 μήτε
1027 797 1136 858 τοῖς
1160 796 1465 866 ἀριστεροῖς
1494 797 1739 867 καμπτό-

168 897 326 948 μενος
347 898 359 910 ⁸
397 882 510 934 ἀλλ’
533 883 561 933 ὁ
590 883 748 946 αὐτὸς
783 885 880 936 οὐκ
906 886 961 936 ὲν
987 887 1095 948 τοῖς
1124 885 1300 950 αὐτοῖς
1331 887 1418 939 ἀεὶ
1449 887 1735 957 διαμένων,

164 967 196 1039 ἦ
238 971 329 1022 καὶ
366 970 745 1042 δοκιμώτερος,
793 972 977 1045 ὥσπερ
1005 978 1062 1028 ἐν
1101 977 1312 1046 καμίνῳ
1344 978 1560 1047 χρυσὸς,
1594 980 1739 1050 εὑρι-

167 1060 451 1129 σκόμενος.
495 1063 789 1133 Σκοπῶμεν
834 1064 889 1116 δὲ
934 1064 1138 1128 οὕτως’
1183 1067 1523 1138 Εὑπατρίδης
1551 1069 1735 1134 ὲστίν;

165 1149 588 1216 ἀντεπιδείξεται
619 1155 728 1225 (79)
767 1155 862 1226 τὴν
902 1157 1187 1227 εὐτροπίαν
1221 1158 1299 1229 τῷ
1342 1160 1528 1229 αἵματι
1552 1178 1566 1191 ο
1598 1159 1738 1212 ὥστε

165 1241 374 1311 διχόθεν
425 1245 723 1316 εὐδοκιμεῖν
748 1287 762 1311 ,
806 1249 898 1301 καὶ
943 1249 1429 1321 γενεαλογούμενος
1472 1251 1606 1322 (80),
1642 1253 1738 1307 καὶ

165 1332 459 1404 ὁρώμενος.
513 1338 782 1409 Δυσγενὴς
821 1339 911 1393 τὸν
969 1342 1258 1412 ἀνδριάντα
1305 1343 1398 1396 καὶ
1449 1342 1537 1396 τὸν
1571 1343 1737 1414 πηλὸν

167 1423 349 1496 (εἴπερ
381 1445 430 1479 τι
467 1428 606 1498 μέγα
647 1431 812 1500 πηλὸς
858 1432 1026 1502 πηλοῦ
1074 1433 1372 1506 διαφέρει);
1420 1435 1738 1488 ἀντεισοίσει

163 1516 264 1586 τὴν
294 1521 584 1590 νοουμένην
614 1521 908 1588 εὐγένειαν,
935 1525 1026 1576 καὶ
1057 1526 1122 1596 ἦν
1160 1526 1385 1589 ἕκαστος
1414 1527 1602 1579 ἑαυτὸν
1629 1526 1739 1579 δια-

164 1607 391 1661 πλάττει
425 1611 559 1682 πρὸς
587 1614 644 1666 τὸ
678 1618 854 1684 χεῖρον
883 1614 914 1684 ἢ
941 1614 1146 1685 βέλτιον
1179 1617 1291 1687 (81)
1322 1634 1334 1647 ·
1367 1617 1465 1689 τὴν
1493 1619 1547 1671 δὲ
1575 1617 1737 1687 ἄλλην

1843 435 1970 498 lani,
2018 435 2144 503 jure
2198 450 2298 490 suo
2341 433 2556 502 quidvis
2601 432 2772 486 libere
2822 429 3232 498 conﬁngentem.
3274 429 3400 483 Mihi

1843 541 1967 578 vero
1996 526 2299 593 bnjusmodi
2332 525 2591 595 quiddam
2619 523 2777 592 plane
2806 537 2924 576 esse
2950 523 3032 574 vir
3057 520 3404 589 philosophus

1840 611 2074 666 videtur.
2112 611 2292 666 Floret
2315 615 2457 665 enim
2484 613 2623 666 inter
2652 611 2948 675 cruciatus,
2997 625 3060 664 ac
3091 609 3256 680 479
3283 609 3404 662 vitae.

1843 704 2115 758 molestias
2149 704 2296 758 velut
2320 704 2536 760 virtutis
2580 714 2814 773 segetem
2838 703 3134 768 existimat,
3163 713 3324 770 atque
3350 701 3402 752 in

1841 795 2082 848 adversis
2107 797 2269 864 gestit
2297 805 2353 849 et
2396 794 2692 866 gloriatur;
2729 808 2826 847 nec
2866 795 2936 846 ob
2968 793 3152 846 dextra
3181 788 3405 858 justitiaa

1841 900 1990 938 arma
2033 885 2277 949 ell'ertur,
2309 901 2406 941 nec
2436 887 2506 941 ob
2550 887 2768 940 sinistra
2824 883 3155 948 inﬂectitur;
3202 883 3294 935 sed
3350 880 3404 933 in

1841 976 2070 1031 diversis
2105 979 2265 1030 rebus
2302 979 2440 1032 idem
2471 993 2683 1046 semper
2735 978 2926 1046 suique
2969 975 3165 1030 similis
3201 988 3408 1042 perma-

1843 1079 1952 1132 net,
1986 1079 2146 1137 atque
2179 1069 2314 1123 adeo
2342 1071 2640 1139 probatior,
2691 1082 2946 1138 tauquam
2995 1083 3181 1120 aurum
3213 1067 3264 1119 in
3295 1065 3407 1119 for-

1842 1178 1999 1228 nace,
2033 1167 2319 1233 reperitur.
2351 1166 2498 1231 Quod
2549 1177 2607 1219 ut
2651 1167 2999 1235 perspicuum
3033 1166 3146 1226 ﬁat,
3188 1164 3258 1216 ita
3293 1176 3406 1215 rem

1842 1257 2230 1320 expendamus.
2289 1257 2458 1311 Nobili
2501 1259 2618 1312 loco
2680 1270 2838 1312 tratus
2885 1257 3017 1312 est?
3076 1256 3405 1310 Probitatem

1844 1362 2058 1401 morum
2113 1350 2325 1418 generis
2366 1349 2637 1419 Splendori
2697 1358 2947 1417 opponet,
2989 1358 3150 1415 atque
3202 1361 3266 1399 ex
3311 1345 3407 1395 ad-

1843 1451 1999 1491 verso
2028 1439 2377 1508 spectandam
2410 1441 2689 1508 producet.
2725 1442 2799 1494 Ita
2833 1440 3029 1508 duplici
3057 1439 3272 1493 nomine
3294 1435 3404 1488 cla-

1845 1545 1936 1582 rus
1963 1531 2104 1596 erit;
2162 1546 2355 1600 nempe
2401 1541 2456 1585 et
2513 1533 2776 1600 majorum
2819 1532 3173 1601 imaginibus,
3207 1536 3408 1596 etpro-

1843 1620 1957 1688 prie
1983 1621 2180 1676 virtute
2226 1622 2520 1690 inspectus.
2567 1621 2826 1677 Obscuro
2874 1630 2928 1675 et
2962 1619 3178 1690 ignobili
3213 1629 3409 1687 genere

164 1701 602 1771 παραγράψεται,
625 1705 720 1775 ὅση
751 1706 1080 1778 σπείρεταιῆ
1107 1708 1393 1777 γράφεται,
1421 1709 1496 1771 ὡς
1523 1709 1733 1772 οὐδενὸς

1849 1721 1981 1766 )rtus
2005 1721 2108 1776 est,
2133 1723 2390 1781 quantum
2417 1715 2481 1768 ad
2514 1724 2744 1767 statuam
2779 1721 2833 1767 et
2865 1713 3032 1765 lutum
3069 1707 3297 1763 attinet?
3327 1704 3409 1774 (Si

162 1790 321 1854 ἀξίαν
354 1793 445 1845 καὶ
486 1795 751 1866 κίϐδηλον.
789 1798 942 1850 Ἔστι
984 1799 1091 1868 γάρ
1129 1817 1179 1851 τι
1213 1799 1368 1868 γένος
1395 1801 1645 1871 περισσόν
1681 1800 1742 1854 τὸ

164 1883 268 1951 μὲν
293 1884 496 1940 ἀνωθεν
524 1889 813 1960 ἠργμένον,
861 1892 889 1944 ὃ
941 1891 1137 1956 πάντες
1179 1893 1343 1962 ἐσμὲν
1386 1895 1625 1963 εὐγενεῖς
1653 1892 1738 1948 ἐπ’

163 1974 288 2046 ἴσης
319 1977 452 2048 (8‘2),
503 1980 622 2032 ἐπεὶ
664 1985 780 2034 κατ’
823 1983 1004 2037 εἰκόνα
1041 1982 1175 2036 Θεοῦ
1219 1983 1553 2054 γεγόναμεν·
1585 1985 1646 2036 τὸ
1683 1983 1740 2038 δὲ

160 2068 272 2121 ἀπὸ
302 2071 500 2141 σαρκὸς
538 2067 990 2145 ἐρχόμενον’(85),
1023 2075 1123 2127 οὐκ
1171 2070 1267 2128 οἷδ’
1302 2075 1464 2139 εἴτις
1493 2075 1735 2147 εὐγενὴς,

159 2161 322 2214 τοῦτο
355 2163 527 2234 φθορᾷ
557 2167 939 2235 συνιστάμενον
960 2184 972 2197 °
1003 2167 1064 2220 τὸ
1101 2169 1156 2220 δὲ
1187 2169 1294 2221 ἀπὸ
1331 2169 1527 2232 κακίας
1555 2169 1586 2240 ἢ
1612 2171 1739 2240 ἀρε-

158 2255 263 2322 τῆς
287 2256 704 2326 γνωριζόμενον,
732 2252 791 2311 οὗ
829 2257 1026 2328 μᾶλλον
1056 2260 1148 2312 καὶ
1182 2255 1342 2331 ἦττον
1385 2261 1736 2330 μεταλαμϐά-

159 2363 357 2415 νομεν,
386 2349 507 2401 ὅσον
552 2350 637 2412 ἂν,
680 2345 862 2420 οἶμαι,
917 2351 948 2422 ἢ
989 2354 1312 2424 τηρήσωμεν
1347 2354 1441 2425 τὴν
1466 2354 1668 2417 εἰκόνα,
1701 2354 1736 2424 ἦ

156 2437 580 2510 διαφθείρωμεν.
616 2443 828 2513 Ταύτην
870 2443 1142 2514 ἀγαπήσει
1187 2444 1296 2514 (84)
1330 2445 1428 2516 τὴν
1464 2444 1738 2512 εὐγένειαν

157 2530 255 2600 ὅγε
284 2530 497 2601 ἀληθῶς
538 2534 696 2603 σοφὸς
739 2535 831 2588 καὶ
872 2535 1176 2604 φιλόσοφος.
1213 2533 1284 2587 Τὸ
1326 2535 1434 2606 γὰρ
1481 2536 1740 2607 τέταρτον

157 2623 342 2690 γένος,
361 2625 482 2676 τότε
509 2625 722 2690 ἀξιώσω
754 2626 930 2695 λόγου,
962 2626 1022 2679 τὸ
1053 2628 1110 2679 ὲν
1142 2629 1430 2698 γράμμασι
1451 2628 1544 2681 καὶ
1571 2647 1738 2701 προσ-

157 2714 458 2785 τάγμασιν,
526 2718 652 2770 ὃταν
684 2719 777 2770 καὶ
821 2718 1013 2781 καλλος
1048 2719 1160 2788 (85)
1207 2719 1550 2790 ἀποδέξωμαι
1585 2721 1647 2773 τὸ
1680 2721 1738 2775 ἐν

155 2805 440 2877 χρώμασι,
472 2809 565 2861 καὶ
588 2809 817 2880 πίθηκον
845 2809 1074 2862 αἰδεσθῶ
1102 2809 1290 2864 λέοντα
1314 2806 1452 2864 εἶναι
1483 2812 1735 2866 κεκελευ-

158 2897 386 2965 σμένον.

1846 1804 1974 1870 quid
2003 1816 2182 1857 tamen
2231 1805 2408 1873 magni
2459 1806 2598 1860 inter
2632 1806 2802 1860 lutum
2835 1819 2895 1858 ac
2933 1804 3102 1856 lutum
3138 1797 3408 1866 interest.)

1845 1897 1914 1948 At
1941 1896 2282 1964 spiritualem
2342 1897 2676 1952 nobilitatem
2734 1898 2878 1952 illius
2925 1896 3041 1949 loco
3101 1892 3306 1956 all'erCt,
3355 1897 3411 1944 et

1846 2003 2006 2056 quam
2040 1990 2140 2044 sibi
2169 1989 2419 2059 quisque,
2459 1990 2545 2046 vel
2590 1991 2644 2045 in
2699 1989 2928 2052 melius,
2958 1986 3042 2041 vel
3081 1987 3132 2039 in
3173 1982 3410 2038 deterius

1845 2082 2048 2150 ellingit
2101 2098 2115 2134 :
2181 2083 2418 2153 reliquas
2468 2092 2646 2137 autem
2697 2081 3027 2140 nobilitates,
3069 2092 3188 2147 qua:
3220 2075 3302 2128 vel
3331 2075 3410 2129 fe-

1849 2183 2058 2238 ruutur,
2116 2173 2196 2228 vel
2239 2175 2541 2244 principum
2588 2174 2972 2244 diplomatibus
3009 2177 3412 2239 comparantur,

1847 2276 1902 2320 ιιι
1926 2267 2060 2322 viles
2109 2275 2164 2320 et
2197 2268 2548 2332 adulterinas,
2596 2267 2854 2336 nulloque
2900 2266 2952 2318 in
3002 2264 3178 2333 pretio
3206 2260 3409 2313 baben-

1845 2359 1966 2421 das,
2009 2359 2194 2428 procul
2226 2357 2586 2415 submovebil.
2644 2357 2740 2412 Est
2787 2357 2932 2410 enim
2979 2354 3170 2423 triplex
3217 2364 3406 2420 genus.

1847 2449 2042 2515 Unum,
2067 2452 2208 2520 quod
2239 2466 2468 2519 superne
2495 2449 2758 2519 originem
2800 2451 2988 2508 traxit,
3013 2445 3156 2514 quod
3193 2442 3408 2512 quidem

1847 2541 1891 2594 si
1931 2541 2354 2607 consideremus,
2409 2555 2597 2594 omnes
2643 2554 2900 2610 peraeque
2949 2537 3156 2592 nobiles
3199 2545 3406 2593 sumus,

1846 2633 2040 2702 quippe
2069 2634 2134 2685 ad
2174 2632 2464 2702 imaginem
2506 2632 2599 2686 Dei
2629 2633 2797 2686 creati
2829 2632 2870 2683 ³.
2908 2629 3174 2689 Alterum,
3206 2624 3346 2694 quod
3378 2637 3409 2676 a

1844 2724 2106 2792 Sanguine
2155 2725 2515 2791 proficiscitur
2540 2765 2557 2788 ,
2591 2724 2743 2790 cujus
2777 2723 2988 2776 ratione
3024 2720 3161 2772 haud
3192 2716 3411 2785 quidem

1842 2815 2046 2877 scio,an
2073 2815 2356 2884 quisquam
2380 2815 2573 2868 nobilis
2598 2816 2700 2868 dici
2727 2815 2912 2884 possit.
2930 2829 3050 2866 cum
3070 2807 3415 2875 corruptione

1844 2915 2076 2958 constet.
2137 2904 2379 2958 Tertiqu
2437 2921 2464 2956 a
2499 2906 2696 2957 virtute
2766 2914 2858 2956 aut
2919 2903 3050 2956 vitio
3082 2898 3410 2970 agnoscitur,

157 2991 319 3060 cujus
350 2995 429 3048 vel
467 2996 688 3051 uberius
743 2997 829 3050 vel
873 2996 1070 3051 exilius
1115 2998 1410 3067 participes
1455 2997 1737 3065 ellicimur,
1781 3010 1960 3068 prout,
1989 3001 2203 3069 opinor,
2275 2999 2514 3052 divinam
2579 2997 2868 3067 imaginem
2906 2993 2986 3046 vel
3011 2994 3270 3059 integram
3299 3002 3415 3043 ser-

155 3087 497 3154 vaverimus,
531 3088 612 3141 vel
663 3090 1093 3159 corruperimus.
1135 3089 1313 3157 Atque
1364 3090 1502 3144 hanc
1526 3091 1736 3163 dempm
1780 3091 2108 3145 nobilitatem
2145 3090 2516 3160 amplectetur,
2585 3089 2833 3158 quisquis
2898 3099 3022 3139 vere
3075 3083 3290 3151 sapiens
3346 3093 3413 3134 ac

156 3179 512 3247 philosophus
565 3179 744 3235 luerit.
779 3179 912 3234 Nam
966 3187 1218 3250 quartum
1274 3179 1400 3234 illud
1451 3180 1748 3236 nobilitatis
1785 3197 1973 3252 genus,
2034 3184 2178 3249 quod
2226 3180 2277 3232 in
2319 3180 2620 3249 principum
2677 3176 3058 3246 diplomatibus
3108 3182 3160 3225 ct
3221 3168 3410 3222 edictis

155 3273 439 3336 consistit,
473 3282 584 3326 tum
646 3272 753 3325 ullo
781 3270 902 3325 loco
962 3287 1025 3326 ac
1095 3270 1268 3340 pretio
1333 3271 1567 3336 habebo,
1629 3287 1750 3325 cum
1795 3272 1954 3325 sitam
1992 3271 2045 3324 iu
2109 3270 2382 3324 coloribus
2430 3267 2887 3341 pulchritudinem
2935 3264 3214 3335 amplexus
3263 3264 3415 3316 fuero

155 3367 485 3432 simiamque
519 3364 588 3417 ob
639 3363 688 3416 id
729 3363 974 3416 venerari
1030 3377 1271 3428 coepero,
1320 3361 1460 3431 quod
1492 3363 1576 3417 leo
1609 3377 1727 3418 esse
1758 3361 1911 3430 jussa
1939 3364 2026 3416 sit.

233 3458 338 3512 IA'.
390 3457 526 3519 Νέος
552 3457 702 3519 ὲστίς
733 3456 891 3509 Κατὰ
919 3455 1028 3508 τῶν
1068 3455 1256 3510 παθών
1292 3455 1733 3527 ἀνδρισθήσεται,

1905 3455 1997 3510 XI.
2034 3456 2253 3512 Juvenis
2279 3456 2402 3510 est?
2443 3457 2716 3510 Adversus
2763 3453 2985 3506 vitiosos
3029 3450 3192 3503 animi
3237 3460 3412 3502 motus

154 3549 259 3605 καὶ
303 3547 460 3601 τοῦτο
505 3547 802 3601 ἀπολαύσει
854 3548 952 3618 τῆς
991 3548 1273 3618 νεότητος,
1306 3549 1368 3600 τὸ
1400 3549 1473 3620 μὴ
1505 3548 1575 3601 τὰ
1606 3549 1742 3603 νέων

154 3642 378 3704 παθεῖν,
403 3640 536 3694 ἀλλὰ
557 3640 726 3704 δεῖξαι
755 3639 1120 3711 πρεσϐυτικὴν
1147 3641 1406 3711 φρόνησιν
1430 3643 1486 3692 ὲν
1518 3639 1741 3711 ἀκμαίῳ

153 3733 241 3804 τῷ
283 3732 527 3802 σώματι⁶
580 3733 674 3785 καὶ
725 3732 978 3803 χαιρήσει
1024 3735 1088 3803 τῇ
1139 3732 1262 3803 νίκῃ
1301 3731 1458 3784 πλέον
1499 3732 1531 3802 ἢ
1586 3733 1635 3784 οἱ
1682 3734 1742 3785 ἐν

168 3824 448 3895 Ὀλυμπίᾳ
511 3824 973 3894 στεφανούμενοι·
1027 3826 1239 3894 νικήσει
1296 3825 1402 3896 γὰρ
1463 3827 1520 3877 ὲν
1578 3824 1741 3895 κοινῷ

155 3916 379 3986 θεάτρῳ
426 3917 492 3986 τῇ
538 3914 864 3986 οἰκουμένῃ,
911 3915 1005 3967 καὶ
1050 3915 1205 3985 νίκην
1257 3915 1521 3983 ἄπρατον.
1577 3914 1738 3967 Νεύει

155 4007 304 4077 πρὸς
329 4008 537 4078 γῆρας;
575 4005 713 4058 Ἀλλ’
748 4007 868 4076 οὐχ).
905 4006 1134 4077 γηράσει
1166 4005 1259 4058 καὶ
1289 4006 1384 4074 τὴν
1412 4006 1620 4076 ψυχήν·
1657 4006 1740 4058 δέ-

155 4099 317 4163 ξεται
337 4098 435 4166 τὴν
456 4095 715 4160 διάλυσιν,
744 4094 815 4158 ὡς
844 4095 1180 4167 προθεσμίαν
1203 4096 1506 4164 ἀναγκαίας
1529 4095 1742 4149 ἐλευθε-

158 4190 317 4260 ρίαςο
355 4186 524 4258 ἡδέως
685 4186 820 4257 πρὸς
841 4187 908 4240 τὰ
936 4185 1060 4258 ἑξῆς
1092 4187 1480 4258 μεταῧήσεται,
1498 4187 1624 4242 ἔνθα
1642 4189 1742 4241 οὐκ

155 4284 314 4336 ἐστιν
369 4281 577 4350 ἄωρος,
635 4279 755 4331 οὐδὲ
813 4279 1156 4349 πρεσϐύτης,
1218 4278 1354 4332 ἀλλά
1405 4281 1602 4344 πάντες
1645 4281 1740 4352 τὴν

155 4371 544 4442 πνευματικὴν
578 4369 796 4440 ἡλικίαν
831 4371 1047 4423 τέλειοι.
1105 4371 1273 4442 Ὥρας
1306 4370 1532 4440 ἐλαχεν;
1573 4372 1741 4425 Ἀντι-

157 4463 378 4534 στίλψει
422 4463 482 4515 τὸ
518 4461 712 4524 κάλλος
743 4460 820 4530 τῷ
851 4461 1068 4526 κάλλει,
1095 4463 1156 4515 τὸ
1182 4462 1284 4532 τῆς
1315 4461 1491 4533 ψυχῆς
1526 4461 1603 4533 τῷ
1644 4462 1738 4515 τοῦ

157 4556 442 4626 σώματος.
459 4553 714 4625 Παρῆλθε
731 4553 791 4606 τὸ
808 4552 966 4615 ἄνθος
983 4553 1387 4624 ἀνεπηρέαστον
1410 4571 1423 4618 ;
1445 4555 1592 4608 νεύει
1605 4556 1739 4625 πρὸς

1844 3548 2075 3600 viriliter
2105 3563 2163 3602 se
2197 3557 2378 3616 geret,
2412 3555 2572 3615 atque
2620 3545 2721 3597 hoc
2771 3539 3035 3595 commodi
3082 3553 3144 3591 ex
3186 3537 3412 3607 juvenili

1843 3650 2001 3696 artate
2035 3643 2329 3712 percipiet,
2371 3654 2427 3695 ut
2457 3641 2525 3694 iis
2558 3639 2843 3692 affectibus
2866 3677 2881 3700 ,
2917 3636 3109 3704 quibus
3139 3635 3251 3687 hrec
3283 3641 3415 3687 aetas

1841 3735 2067 3787 obnoxia
2094 3743 2208 3796 est,
2255 3749 2358 3787 non
2397 3732 2700 3800 indulgeat,
2746 3730 2838 3783 scd
2877 3729 2928 3780 in
2962 3726 3158 3794 vigenti
3191 3737 3415 3791 corpore

1840 3823 2060 3876 senilem
2099 3824 2441 3893 prudentiam
2479 3822 2760 3884 exhibeat,
2804 3817 3169 3886 majmemque
3211 3829 3274 3868 ex
3314 3813 3414 3865 hac

1841 3912 2065 3965 victoria
2100 3913 2388 3982 voluptatis
2416 3926 2633 3965 sensum
2663 3913 2870 3978 capiet,
2909 3921 3068 3976 quam
3117 3905 3205 3972 qui
3255 3916 3412 3954 coro-

1849 4019 1974 4057 nam
2004 4004 2056 4056 in
2085 4003 2348 4074 Olympiis
2371 4004 2761 4072 adipiscuntur.
2793 4000 3084 4054 Victoriam
3109 4013 3250 4048 etum
3283 3996 3413 4047 l'cret

1850 4096 1902 4148 in
1951 4097 2221 4150 communi
2268 4096 2415 4149 orbis
2449 4106 2606 4148 teme
2640 4095 2880 4155 theatro,
2919 4100 2969 4145 et
2999 4090 3212 4159 quidem
3249 4089 3415 4138 victo-

1848 4185 1982 4238 riam
2017 4187 2238 4240 minime
2267 4187 2533 4240 venalem.
2590 4186 2669 4238 Ad
2717 4192 3044 4238 senectutem
3095 4182 3297 4246 vergit?
3345 4177 3414 4229 At

1849 4291 1953 4329 non
1983 4280 2164 4332 animo
2192 4293 2405 4346 quoque
2436 4286 2711 4340 senescet;
2747 4275 3169 4333 dissolutionem,
3200 4283 3251 4322 ut
3283 4285 3415 4338 prae-

1847 4370 2089 4424 stitutum
2153 4371 2472 4425 necessariae
2531 4369 2792 4422 libertatis
2847 4378 3087 4434 tempus,
3141 4364 3410 4431 accipiet:

1847 4464 2019 4519 libens
2051 4467 2116 4520 ad
2142 4481 2228 4530 ea,
2256 4483 2373 4535 qua:
2406 4466 2544 4519 hanc
2585 4465 2745 4515 vitam
2785 4471 3099 4530 sequuntur,
3143 4460 3412 4527 migrabit,

1846 4557 1936 4612 ubi
1984 4573 2143 4612 nemo
2191 4568 2273 4613 est
2325 4559 2670 4621 immaturus,
2704 4554 2872 4626 480
2901 4569 3056 4607 nemo
3089 4567 3285 4613 senex,
3321 4551 3416 4605 sed

155 4644 380 4709 ἑαυτὸν,
410 4645 531 4697 οὐδὲ
572 4638 710 4696 οἶδεν
738 4641 1031 4712 ὁρώμενος.
1064 4644 1296 4713 Αίσχρὸς
1339 4643 1449 4716 (87)
1485 4645 1544 4697 τὸ
1570 4647 1739 4715 φαινό-

1850 4666 2038 4706 omnes
2070 4652 2121 4705 in
2156 4652 2422 4721 spirituali
2457 4659 2614 4704 aetate
2647 4647 2894 4719 perfecti.
2939 4644 3167 4699 Pulcher
3200 4644 3322 4698 est?
3358 4643 3415 4698 ιιι

237 4763 259 4794 ³
292 4761 427 4816 Gen.
459 4777 496 4824 I,
520 4760 610 4814 27.

237 4873 354 4942 (75)
386 4874 575 4927 Ταῦτα
609 4873 724 4942 μὲν
753 4871 885 4928 οὖν.
925 4874 1048 4928 Ilaec
1069 4877 1258 4930 desunt
1281 4879 1331 4932 in
1365 4880 1456 4935 0r.
1486 4881 1535 4933 l.

238 4944 356 5013 (70‘)
398 4945 466 4997 '11
481 4946 808 5015 αὐτονομία
834 4944 940 4997 τοῦ
963 4945 1338 5015 πλάσματος.
1365 4951 1474 5006 Sic.
1496 4952 1591 5007 0r.
1614 4951 1664 5004 1.
1691 4951 1745 5005 In

156 5016 280 5072 εδ..
300 5014 593 5085 αὑτονομία
607 5014 941 5085 πλάσματος.

240 5084 355 5158 (77)
379 5083 609 5158 Σαφῶς.
645 5084 734 5140 Sic
757 5083 950 5154 plures
975 5085 1138 5158 Begg.
1175 5098 1228 5143 et
1251 5087 1406 5144 Colb.
1441 5089 1496 5144 In
1520 5093 1628 5155 ed.,
1653 5107 1747 5143 σα-

162 5155 289 5225 ιρές.
317 5156 566 5225 νυθθειγίιι
591 5156 721 5221 lleg.
755 5159 864 5211 bm.

175 5223 183 5225 ἡ
241 5223 356 5293 (78)
393 5224 726 5294 Εὐδοκιμεῖ.
782 5229 895 5285 Duo
946 5229 1138 5301 lit-33.,
1177 5230 1338 5284 Coisl.
1377 5229 1400 5282 1
1437 5241 1490 5285 et
1529 5231 1742 5295 Comb.,

156 5295 525 5347 ἐνευδοκιμεῖ.

192 5311 525 5364 νευοοκιμει.

242 5365 359 5433 (79)
402 5365 906 5432 Ἀντεπιδείξεται,
951 5380 1056 5424 clc.
1108 5389 1125 5421 ι
1173 5370 1498 5425 Probitatem
1537 5387 1744 5425 morum

159 5451 234 5490 ex
258 5436 494 5510 adverso
520 5439 734 5503 generis
752 5439 982 5510 claritati
1006 5443 1416 5510 res‘pomlenten't
1440 5442 1705 5495 ostendet.
1723 5463 1741 5494 ›

247 5503 362 5574 (80)
391 5507 962 5577 Γενεαλογούμενος,
988 5503 1135 5563 οῑνξι
1171 5509 1304 5563 Tum
1330 5511 1610 5579 majorum,
1635 5522 1744 5565 ιυιιι

162 5588 363 5650 pense
389 5585 442 5650 e_t
461 5579 680 5650 prepria
698 5581 928 5650 _rirtute
948 5583 1294 5650 conspicuus.
1339 5599 1356 5630 ι

254 5644 370 5708 ’81)
395 5644 663 5702 Βέλτιον.
693 5648 880 5706 Plures
907 5644 1263 5717 ReggfctOr.
1287 5650 1312 5708 1
1338 5650 1538 5708 addant
1571 5673 1583 5711 :
1607 5655 1749 5708 Tau'~

1851 4901 1952 4953 την
1987 4884 2261 4954 ἀγαπήσει
2294 4881 2393 4952 τὴν
2424 4878 2701 4948 εὐγένειαν
2740 4871 3096 4954 ὅγε-..ἀληθῷς
3127 4869 3285 4937 σοφὸς
3326 4884 3422 4928 και,

1854 4943 2172 5022 φιλόσοφος’
2206 4972 2224 5002 ι
2268 4943 2413 5004 lll:im
2454 4943 2790 5002 nobilitatem
2813 4947 2994 5014 diliget
3044 4943 3131 4994 ille
3166 4955 3288 4993 vere
3327 4957 3416 4991 sa-

1853 5027 2004 5093 piens
2028 5036 2077 5078 et
2117 5022 2482 5093 philosophus.
2519 5039 2535 5070 ι

1946 5095 2032 5164 8'2)
2081 5081 2205 5147 Ἐπ’
2242 5081 2401 5158 ἴσὴς.
2434 5090 2528 5164 0r.
2555 5085 2955 5164 l_co_ujttt}ctim,
2986 5081 3201 5150 ἐπίσης.

1946 5096 2032 5164 8'2)
2081 5096 2205 5147 Ἐπ’
2242 5096 2401 5158 ἴσης.
2434 5096 2528 5142 0r.
2555 5096 2577 5141 1
2607 5097 2955 5153 conjuncttm,

1921 5096 2029 5234 ίδῦ)
2061 5165 2435 5234 Ἐρχόμενον.
2474 5159 2564 5234 Or‘.
2593 5159 2639 5215 1,
2662 5155 2979 5234 ἀρχόμενρν.

2077 5213 2327 5300 7435p-
2359 5213 2712 5306 ἀγαπήσει-,μ’
2736 5213 2837 5279 Sté.
2869 5226 2990 5306 llaec
3028 5234 3194 5306 usque
3235 5217 3299 5270 ad
3345 5213 3420 5269 Τὸ

1852 5293 1978 5374 γάρ,
2009 5293 2199 5358 desunt
2231 5293 2282 5356 iri
2311 5293 2627 5374 qui'lmSthmi
2657 5299 2820 5366 llegg.
2853 5304 2907 5348 et
2949 5293 3038 5373 0r”.
3071 5293 3120 5346 i.

1925 5367 2034 5444 {85)
2065 5367 2471 5444 [ididem—etc.
2523 5369 2641 5444 Bill.
2676 5383 2714 5444 2Δ
2751 5386 2766 5416 ι
2816 5381 2935 5418 cum
2979 5367 3173 5432 pictam
3203 5369 3420 5427 quoque

1854 5439 2308 5516 puli-hritudinem
2340 5440 2661 5516 laudandam
2685 5439 2907 5516 (inpuro:
2949 5452 2966 5483 ι

1925 5517 2036 5606 ίέεἰὶ
2084 5512 2307 5606 Ἡίῖέωςῖ
2340 5499 3203 5606 ΒεθέελἒξμίῗηῗῖῗξῩῗιῖῖηξτίλέῗέ

1925 5571 2035 5660 (87)
2068 5571 2354 5654 Αίσχρὶῖς.
2405 5571 2809 5651 Ιῖἷίιιιίὺυειιιιιη
2847 5575 3058 5627 additur
3110 5571 3248 5627 ἐστι.
