3932 6578
500 362 641 426 1245

1698 368 1759 422 8.
1805 366 2131 424 GREGORII
2172 363 2517 422 THEOLOGI

3604 371 3739 428 ιειι

503 484 622 547 aget
642 514 659 541 ,
691 482 751 529 ut
783 472 1124 543 pulchritudo
1166 471 1363 527 animae
1394 474 1637 543 corporis
1680 475 2060 546 pulchritudini

2179 490 2354 539 ιενον;
2384 472 2498 525 ἀλλ’
2537 469 2740 540 εὐφυὴς
2778 468 2838 521 τὸ
2869 468 3271 540 κρυπτόμενον,
3310 474 3498 545 ὥσπερ
3540 480 3597 531 ὲν
3644 485 3741 535 κά.

499 584 563 620 ex
594 569 819 620 adverso
847 563 1129 632 refulgeat.
1178 561 1477 617 lnoﬂensus
1526 561 1623 618 Ilos
1669 566 1965 634 praeteriit?
2008 564 2063 618 In

506 655 742 722 seipsum
772 650 966 720 vergit,
994 666 1057 705 ac
1080 665 1148 704 ne
1174 651 1405 719 spectari
1437 652 1651 719 quidem
1685 668 1745 708 se
1772 654 1937 707 novit.
1969 654 2067 707 Deo

503 742 693 799 formis
730 751 811 798 est
836 753 1096 812 quantum
1126 742 1191 796 ad
1225 743 1279 797 id
1321 745 1460 812 quod
1495 743 1547 796 in
1588 754 1860 813 aspectum
1892 745 2069 799 cadit?

502 837 573 889 At
620 849 681 887 ea
730 843 884 903 parte
926 833 1197 888 formosus
1248 841 1301 887 et
1347 833 1600 903 elegans,
1642 849 1760 902 quae
1793 833 2068 890 oculorum

504 926 674 980 aciem
706 926 879 995 fugit;
912 940 1049 980 rosae
1078 940 1183 979 non
1214 925 1494 990 absimilis,
1526 941 1646 994 quae
1684 927 1736 979 in
1774 926 1936 980 bacca
1971 941 2070 981 nec

502 1014 712 1082 ﬂorida,
751 1031 852 1071 nec
885 1016 1050 1070 odore
1079 1024 1254 1084 grata,
1282 1014 1469 1069 ﬂorida
1499 1025 1674 1070 tamen
1703 1015 1815 1086 ipsa
1842 1026 1922 1071 est
1942 1032 2068 1071 sna-

506 1108 888 1175 vissimumque
908 1107 1126 1161 odorem
1149 1107 1311 1160 eﬂlat.
1333 1105 1608 1176 Speciem:
1626 1107 1797 1173 [arma
1817 1122 1924 1176 pra:
1945 1109 2069 1175 ﬁliis

505 1197 849 1251 hominum"?
875 1197 954 1252 Ne
986 1199 1219 1267 spatium
1247 1197 1484 1266 quidem,
1516 1196 1587 1261 id,
1621 1198 1761 1265 quod
1787 1205 2069 1251 externum

505 1300 609 1352 est,
646 1288 945 1359 aspiciendi
976 1288 1243 1352 concedit,
1277 1287 1473 1357 quippe
1498 1287 1588 1355 qui
1622 1296 1978 1355 spectatorem
2003 1287 2069 1340 ad

508 1377 777 1431 internum
810 1377 1079 1430 hominem
1111 1376 1398 1432 convertit.
1428 1375 1600 1429 Proba
1625 1375 1931 1431 valetudine
1953 1376 2071 1431 est?

506 1466 587 1518 Ad
622 1466 818 1534 Optima
850 1479 1077 1534 qumque
1106 1466 1340 1520 sanitate
1365 1475 1580 1533 utetur;
1617 1465 1945 1531 admonebit,
1986 1467 2069 1521 in-

508 1557 770 1625 erepabit,
800 1556 1087 1611 verborum
1122 1556 1320 1611 aculeis
1344 1566 1560 1627 punget,
1590 1557 1866 1612 insomnes
1888 1566 2071 1613 noctes

509 1648 690 1712 ducet,
724 1649 777 1701 in
807 1647 947 1701 nuda
972 1646 1134 1702 humo
1155 1648 1401 1713 dormiet,
1429 1647 1676 1716 corporis
1705 1647 1897 1702 molem
1924 1659 2071 1703 exte-

510 1739 737 1805 nuabit,
780 1748 994 1795 terrena
1039 1749 1095 1794 et
1142 1740 1377 1794 cmlestia
1420 1739 1816 1809 speculabitur,
1863 1755 2071 1795 summo

2169 564 2291 616 λυκι
2346 563 2495 633 ῥόδον
2548 559 2780 631 ἀνθηρὸν
2833 557 2933 611 οὑκ
2987 556 3197 631 ἀνθηρᾷ
3255 564 3346 615 καὶ
3409 565 3627 637 ἀνόδμῳ
3682 572 3742 623 τὸ

2169 654 2551 708 εὐωδέστατον.
2595 649 2823 720 Ὠραῖος
2846 649 3058 704 κάλλει
3080 652 3236 718 παρὰ
3262 654 3399 721 τοὺς
3426 657 3595 723 υἱοὺς
3621 659 3744 715 τῶν

2169 743 2526 812 ἀνθρώπων;
2547 742 2665 795 οὐδὲ
2689 741 2877 811 καιρὸν
2899 741 3081 795 δίδωσι
3115 744 3176 795 τὸ
3198 744 3352 807 ἐκτὸς
3375 748 3737 816 καθορᾶσθαι,

2176 833 2562 906 μεταστρέφων
2591 833 2681 885 τὸν
2713 831 2907 901 θεατὴν
2933 832 3069 903 πρὸς
3094 832 3185 883 τὸν
3216 834 3360 897 ὲντὸς
3393 835 3505 906 (88)
3534 838 3741 908 ἄνθρω-

2171 943 2287 978 πον.
2321 925 2575 987 Εὑεκτεί;
2602 923 2877 994 Χρήσεται
2901 924 2967 993 τῇ
2996 923 3176 994 ὑγιείᾳ
3198 925 3330 994 πρὸς
3356 927 3415 978 τὸ
3441 927 3737 996 βέλτιστον·

2175 1016 2511 1087 νουθετήσει,
2544 1014 2759 1084 πλήξει,
2792 1013 2934 1084 λόγῳ
2968 1014 3420 1086 παρῤησιάσεται,
3456 1018 3741 1090 ἀγρυπνή-

2178 1124 2293 1171 σει,
2348 1107 2711 1178 χαμευνήσει,
2768 1104 3075 1176 νηστεύσει,
3141 1106 3364 1159 κενώσει
3420 1108 3520 1179 τὴν
3582 1110 3738 1180 ὓλην,

2172 1196 2435 1268 θεωρήσει
2488 1196 2555 1249 τὰ
2604 1194 2821 1262 ἐπίγεια
2855 1193 2949 1247 καὶ
2993 1192 3061 1247 τὰ
3092 1194 3348 1267 οὐράνια,
3382 1198 3523 1250 κατὰ
3562 1202 3740 1253 πᾶσαν

2172 1287 2409 1358 σπουδὴν
2444 1286 2725 1358 μελετήσει
2767 1284 2858 1337 τὸν
2891 1284 3141 1339 θάνατον.
3185 1286 3585 1357 Ἀρρωστήσει;
3618 1292 3741 1343 Ma.

2171 1380 2429 1451 χήσεται*
2472 1378 2537 1431 ἂν
2571 1377 2628 1430 δὲ
2674 1376 2917 1447 ἡττηθῇ.
2961 1378 3169 1445 νικήσει
3209 1376 3387 1428 λαϐὼν
3434 1377 3493 1429 τὸ
3543 1381 3739 1448 μηκέτι

2173 1470 2458 1540 μάχεσθαι.
2494 1467 2751 1530 Πλούσιός
2783 1468 2931 1533 ὲστι;
2966 1466 3318 1537 Φιλοσοφήσει
3356 1469 3416 1521 τὸ
3463 1470 3738 1522 ἀποπλουο

2170 1561 2280 1611 τεῖν
2299 1596 2315 1621 ,
2349 1555 2644 1627 μεταδώσει
2671 1556 2750 1627 τῷ
2794 1555 3034 1626 δεομένῳ
3065 1556 3172 1609 τῶν
3200 1556 3366 1610 ὄντων
3385 1597 3401 1623 ,
3437 1559 3511 1621 ὠς
3540 1560 3743 1611 οἰκονό-

2174 1667 2273 1719 μος
2303 1648 2411 1702 τῶν
2449 1647 2764 1719 ἀλλοτρίων·
2803 1648 2868 1699 ἵν’
2906 1647 3110 1711 ἐκεῖνός
3135 1665 3193 1700 τε
3217 1644 3274 1701 εὖ
3303 1648 3446 1721 πάθῃ
3479 1654 3547 1720 τῇ
3579 1668 3744 1720 μετα-

2170 1742 2361 1814 λήψει,
2398 1744 2491 1796 καὶ
2520 1742 2683 1805 αὐτὸς
2728 1742 2866 1813 πρὸς
2914 1741 3044 1795 Θεὸν
3089 1742 3348 1813 συναχθῇ,
3397 1744 3564 1815 μηδὲν
3609 1744 3744 1813 ἔχων

510 1831 691 1883 studio
721 1843 947 1886 mortem
977 1830 1343 1885 meditabitur.
1372 1830 1557 1887 Morbo
1579 1830 1826 1885 laborat?
1856 1829 2070 1901 Pugna-

2179 1834 2313 1905 πλὴν
2344 1833 2438 1887 τοῦ
2466 1830 2700 1902 σταυροῦ
2728 1832 2820 1885 καὶ
2852 1830 2943 1884 τοῦ
2970 1829 3239 1902 σώματος.
3276 1832 3500 1885 Πένεται
3532 1850 3548 1897 ;
3580 1834 3747 1885 Πλου-

509 1922 607 1975 bit.
641 1922 793 1987 Quod
819 1924 861 1977 si
898 1923 1072 1977 victus
1100 1922 1297 1989 fuerit,
1326 1922 1536 1990 vincet,
1565 1923 1665 1977 hoc
1691 1923 1896 1978 scilicet
1927 1938 2073 1978 asse-

2179 1928 2335 1998 τήσει
2368 1926 2520 1989 Θεὸν,
2546 1926 2641 1979 καὶ
2680 1924 2742 1977 τὸ
2776 1924 3079 1995 καταγελᾷν
3110 1923 3218 1977 τῶν
3260 1925 3510 1994 ἐχόντων,
3555 1925 3629 1987 ὡς
3660 1925 3745 1978 ἀεὶ

511 2023 667 2065 cutus
693 2052 709 2075 ,
755 2024 813 2066 ut
854 2029 958 2068 non
996 2013 1108 2083 jam
1154 2013 1381 2082 amplius
1408 2023 1625 2083 pugnet.
1670 2014 1828 2068 Dives
1857 2013 1982 2069 est?
2018 2013 2074 2068 Id

2186 2020 2283 2090 μὲν
2317 2018 2633 2089 κτωμένων,
2674 2016 2760 2069 ἀεὶ
2791 2015 2848 2068 δὲ
2893 2014 3237 2086 πενομένων,
3288 2015 3364 2085 τῷ
3411 2014 3619 2068 δεῖσθαι
3653 2014 3745 2068 τοῦ

509 2105 688 2160 studio
720 2105 976 2173 habebit,
1002 2114 1063 2160 ut
1099 2107 1291 2175 opibus
1316 2107 1589 2161 minuatur
1620 2124 1634 2160 :
1667 2120 1953 2175 pauperem
1982 2107 2076 2161 bo-

2181 2109 2443 2172 π).είονος,
2476 2107 2572 2161 καὶ
2612 2107 2872 2161 πινόντων
2902 2108 2986 2161 ἵνα
3023 2105 3183 2159 πλέον
3218 2106 3324 2176 (89)
3357 2108 3673 2178 διψήσωσιν.

508 2213 697 2253 norum
742 2214 960 2256 suorum
989 2201 1301 2270 participem
1349 2200 1546 2266 faciet,
1578 2209 1831 2270 tanquam
1865 2200 2161 2257 alienorum
2215 2192 2570 2273 dispensator,
2636 2210 2692 2255 ut
2754 2212 2808 2256 et
2872 2200 2958 2253 ille
2988 2201 3087 2254 hac
3130 2201 3470 2269 perceptione
3498 2201 3741 2267 juvetur,

508 2304 564 2349 et
595 2296 710 2363 ipse
743 2297 809 2351 ad
835 2297 1003 2351 Deum
1033 2296 1341 2365 colligatur,
1378 2296 1511 2351 nihil
1545 2306 1742 2366 praeter
1775 2312 1990 2351 crucem
2018 2309 2072 2353 et
2112 2313 2305 2366 corpus
2335 2298 2559 2351 habens.
2598 2295 2806 2364 Pauper
2871 2293 2985 2347 est?
3023 2290 3126 2345 Pro
3166 2291 3365 2345 divitiis
3434 2291 3602 2344 Deum
3647 2290 3743 2343 ha-

508 2388 686 2455 bebit,
735 2397 788 2443 et
820 2391 1012 2446 divites
1053 2391 1339 2456 irridebit,
1377 2400 1435 2445 ut
1470 2392 1597 2460 qui,
1632 2390 1756 2445 licet
1790 2389 2073 2445 facultates
2114 2407 2242 2448 suas
2296 2391 2539 2461 quotidie
2579 2398 2826 2460 augeant,
2856 2400 3066 2455 semper
3099 2393 3277 2439 tamen
3304 2397 3564 2454 pauperes
3613 2384 3743 2437 sint:

509 2485 633 2553 quia
687 2484 929 2553 pluribus
977 2485 1250 2553 indigent,
1303 2486 1634 2555 hibuntque,
1676 2496 1732 2541 ut
1762 2485 1949 2554 majori
1980 2486 2067 2541 siti
2109 2487 2529 2541 inﬂammentur.

581 2572 692 2629 XII.
746 2574 910 2629 Fame
959 2576 1225 2629 vexatur?
1271 2574 1404 2630 Cum
1438 2577 1626 2631 avibus
1654 2575 1847 2641 aletur,
1880 2576 2075 2645 quibus

2254 2578 2355 2630 IB'.
2403 2576 2605 2643 Πεινᾷ;
2643 2571 2798 2627 Μετὰ
2844 2570 2950 2624 τῶν
2986 2569 3187 2640 ὀρνέων
3233 2566 3345 2635 (90)
3388 2568 3741 2636 τραφήσεται.

509 2666 681 2721 victus
727 2666 954 2721 sationis
1000 2675 1054 2721 et
1104 2666 1363 2720 arationis
1409 2682 1599 2736 expers
1630 2676 1755 2721 est:
1798 2682 1918 2721 cum
1964 2666 2074 2721 Elia

2181 2662 2259 2730 οἷς
2293 2666 2321 2717 ό
2353 2663 2464 2734 βίος
2494 2663 2731 2732 ἄσπορος
2761 2660 2854 2713 καὶ
2882 2658 3140 2729 ἀνήροτος
3160 2672 3173 2685 ·
3205 2655 3339 2727 μετὰ
3379 2655 3557 2708 Ἡλίου
3590 2648 3746 2725 ζήσε-

511 2755 650 2824 apud
699 2756 1125 2824 Sarephthanam
1160 2756 1301 2811 vivet
1331 2775 1344 2810 :
1376 2755 1632 2826 Lecythus
1674 2757 1773 2810 olei
1810 2774 1911 2811 non
1948 2758 2077 2825 deﬁ-

512 2846 633 2909 ciet,
684 2855 731 2899 et
776 2846 964 2916 hydria
1012 2846 1205 2915 farinae
1256 2863 1357 2901 non
1405 2849 1729 2902 minuetur“.
1759 2848 1879 2913 Ille,
1917 2850 2077 2904 fontis

514 2935 709 3001 instar,
739 2950 952 3005 semper
981 2936 1275 3003 scatttriet;
1304 2939 1417 2991 haec
1448 2936 1678 2992 fructum
1715 2941 1928 3009 copiose
1951 2953 2075 3008 pro-

513 3026 669 3091 I'eret,
699 3036 755 3079 ut
782 3026 935 3080 vidua
970 3027 1239 3097 hospitum
1268 3028 1509 3081 studiosa
1544 3029 1856 3093 honoretur,
1887 3044 1949 3083 ac
1979 3046 2079 3083 nu-

2183 2774 2271 2810 ται
2318 2753 2469 2826 παρά
2510 2756 2576 2824 τῇ
2611 2750 2921 2824 Σαραφθίᾳ·
2964 2750 3025 2801 '0
3052 2747 3370 2817 καμψάκης
3410 2746 3511 2799 τοῦ
3540 2746 3748 2800 ὲλαΙου

2182 2849 2295 2902 οὐκ
2322 2847 2611 2914 ἐκλείψει,
2644 2845 2741 2898 καὶ
2768 2844 2807 2910 ὴ
2836 2841 3011 2910 ὑδρία
3032 2839 3136 2894 τοῦ
3164 2839 3420 2906 ἀλεύρου
3446 2840 3558 2891 οὐκ
3579 2837 3747 2891 elar-

2176 2939 2419 3006 τονήσει
2439 2954 2454 2965 ⁸
2487 2941 2515 2992 ό
2548 2937 2648 3009 μὲν
2691 2936 2778 2989 ἀεὶ
2813 2935 3069 3006 πηγάσει,
3100 2935 3132 3003 ἡ
3164 2932 3218 2985 δὲ
3240 2931 3546 3001 γεωργήσει
3587 2928 3747 2980 πλου-

2181 3033 2348 3099 σίως,
2394 3032 2480 3084 ἵνα
2524 3027 2727 3099 τιμηθῇ
2782 3026 2923 3097 χήρα
2970 3023 3272 3093 φιλόξενος,
3317 3021 3411 3075 κα)¹
3447 3020 3624 3091 τρέφῃ
3659 3020 3747 3072 τὸν

515 3117 618 3171 trix
646 3118 934 3171 nutriatur.
974 3117 1075 3171 Siti
1118 3118 1375 3189 angitur?
1423 3118 1620 3174 Fontes
1662 3121 1709 3173 ei
1754 3130 1806 3174 et
1857 3120 2076 3173 ﬂumina

2179 3122 2439 3194 τρέφοντα
2479 3118 2610 3191 (91).
2646 3117 2902 3187 Atti/ﬁdet;
2939 3114 3153 3185 Κρῆναι
3184 3110 3356 3181 τούτῳ
3392 3112 3483 3163 καὶ
3516 3110 3747 3180 ποταμοὶ

513 3222 702 3281 potum
761 3209 1212 3279 suppeditabunt,
1273 3220 1326 3264 et
1365 3208 1580 3277 quidem
1622 3220 1804 3279 potum
1848 3225 1951 3265 non
1993 3212 2076 3264 irt-

511 3300 810 3355 ebriantem
835 3341 850 3365 ,
880 3315 978 3354 nec
1008 3300 1335 3354 dimensum.
1371 3298 1524 3364 Quod
1571 3299 1614 3350 si
1644 3299 1823 3353 omnia
1863 3309 2079 3366 propter

514 3391 733 3445 nimiam
757 3390 1055 3444 siccitatem
1090 3389 1360 3453 deﬁciant,
1396 3389 1650 3443 torrentis
1679 3404 1814 3458 aqua
1848 3388 2078 3443 fortasse

515 3482 660 3535 sitim
697 3480 928 3535 sedabit.
956 3480 1208 3549 Algebit?
1230 3481 1369 3535 Idem
1396 3496 1607 3550 quoque
1631 3481 1794 3535 Paulo
1818 3481 2076 3549 accidit“;

513 3572 610 3627 sed
637 3573 911 3640 quandiu?
955 3571 1049 3626 Est
1081 3581 1135 3626 ct
1162 3574 1430 3642 quoddam
1465 3583 1631 3642 petra:
1676 3573 2074 3640 indumentum;

515 3662 674 3715 ﬁdem
713 3661 805 3714 tibi
838 3660 939 3717 Job
980 3662 1181 3726 faciat,
1231 3663 1314 3717 his
1362 3664 1542 3717 verbis
1592 3674 1745 3719 utens
1779 3682 1792 3719 :
1829 3664 1905 3718 Eo
1941 3665 2079 3734 quod

515 3761 651 3807 veste
680 3764 934 3818 carerent,
974 3764 1121 3822 petra
1158 3755 1328 3808 induti
1351 3757 1531 3810 sunt".
1577 3755 1726 3820 Jam,
1759 3772 1878 3825 qua:
1910 3756 2081 3823 perfe-

516 3844 684 3899 ctiora
718 3853 864 3910 sunt,
895 3844 1200 3900 considera.
1229 3844 1528 3901 Maledictis
1557 3847 1917 3903 lacerabitur?
1948 3848 2079 3903 Vin—

516 3944 603 3989 cet
627 3950 729 3988 non
762 3936 1059 4002 regerendo
1088 3936 1391 3991 maledicta.
1436 3936 1868 3992 Persecutionem
1910 3938 2082 4007 patie-s

518 4024 641 4076 tur?
683 4021 1000 4079 Sustinebit.
1049 4022 1552 4091 Blasphetnabitur?
1595 4024 1930 4081 Ohsecrabit.
1979 4026 2081 4081 Ca-

517 4113 735 4167 lumniis
784 4118 1099 4182 premetur?
1155 4115 1315 4186 481
1366 4114 1574 4170 Orabit.
1631 4116 1968 4172 Percutietur
2026 4118 2078 4172 in

518 4207 758 4260 dextram
802 4205 1110 4259 maxillam?
1157 4207 1419 4260 Ptmbehit
1464 4215 1518 4260 et
1559 4206 1819 4274 alteram;
1864 4206 2079 4260 tertiam

518 4297 701 4361 etiam,
737 4297 779 4351 si
812 4297 1052 4362 haberet,
1079 4297 1423 4366 obiecturus,
1457 4312 1563 4366 quo
1592 4298 1758 4366 magis
1791 4297 1858 4352 ad
1891 4296 2081 4350 lenita-

520 4396 625 4442 tem
659 4402 1027 4454 percussorem
1058 4389 1301 4455 erudiat,
1346 4403 1507 4458 opere
1537 4389 1736 4443 docens
1758 4428 1772 4453 ,
1818 4404 1935 4457 qua:
1973 4404 2079 4443 ser-

520 4491 676 4529 mone
726 4491 827 4530 non
867 4486 1064 4545 potest.
1105 4477 1323 4532 Probris
1369 4478 1692 4542 impetetur?
1735 4478 1797 4531 Et
1839 4476 2083 4533 Christus

2180 3214 2242 3266 τὸ
2270 3213 2451 3277 ποτὸν,
2489 3210 2650 3264 ποτὸν
2678 3209 2737 3263 οὐ
2774 3206 3038 3278 μεθύσκον
3061 3244 3075 3268 ,
3106 3203 3225 3257 οὐδὲ
3257 3201 3649 3274 μετρούμενον·
3686 3200 3748 3254 ἂν

2183 3306 2362 3358 πάντα
2398 3302 2621 3372 ἐπιλίπῃ
2667 3299 2777 3369 (92)
2808 3298 2873 3351 δι’
2907 3295 3234 3366 ἀνομϐρίαν,
3266 3293 3547 3364 χειμάρρῳ
3593 3289 3749 3359 τυχὸν

2178 3394 2581 3466 ποτισθήσεται.
2625 3388 2876 3458 Ῥιγώσει
2902 3404 2916 3453 ;
2946 3385 3116 3439 Τοῦτο
3147 3384 3240 3438 καὶ
3264 3382 3496 3444 Παῦλος,
3519 3382 3639 3434 ἀλλ’
3662 3380 3751 3432 ἐπὶ

2179 3486 2343 3539 πόσον
2363 3482 2507 3554 (95);
2544 3482 2699 3535 Ἐστι
2724 3497 2776 3531 τι
2805 3477 2898 3531 καὶ
2926 3475 3131 3547 πέτρας
3162 3474 3394 3544 ἔνδυμα·
3421 3471 3656 3526 πειθέτω
3693 3487 3750 3522 σε

2177 3577 2205 3630 ὁ
2243 3576 2363 3630 ’1ὼό
2384 3576 2556 3644 λέγων
2578 3592 2590 3604 ο
2622 3571 2790 3641 Παρά
2822 3571 2888 3625 τὸ
2923 3570 3007 3641 μὴ
3037 3570 3201 3639 ἔχειν
3225 3564 3443 3630 αὐτοὺς
3468 3564 3580 3633 (94)
3614 3564 3751 3617 σκέ-

2181 3684 2328 3735 πην,
2362 3678 2585 3736 πεῖραν
2610 3661 3049 3731 περιεϐάλοντο.
3086 3657 3284 3711 Σκόπει
3331 3673 3420 3725 μοι
3448 3654 3541 3707 καὶ
3566 3655 3637 3706 τὰ
3663 3670 3752 3705 τε-

2177 3758 2438 3830 λεώτερα.
2496 3754 2981 3827 Λοιδορηθήσεται;
3031 3749 3244 3820 νικήσει
3279 3746 3357 3817 τῷ
3394 3745 3468 3816 μὴ
3522 3744 3753 3799 ἀντιλοι-

2178 3849 2469 3921 δορεῖσθαι.
2517 3846 2921 3917 Διωχθήσεται;
2968 3840 3235 3905 ἀνέξεται.
3288 3836 3753 3907 Βλασφημηθήσεο

2178 3956 2314 4004 ται;
2372 3937 2763 4009 παρακαλέσει.
2832 3932 3304 4003 Διαὸληθήσεταις
3377 3927 3751 3997 προσεύξεται.

2179 4033 2292 4098 Τὴν
2322 4029 2499 4093 δεξιὰν
2538 4026 2932 4096 ρα-πισθήσεται
2962 4023 3189 4091 σιαγόνα
3219 4020 3361 4091 (95);
3384 4018 3631 4089 ’παρέξει
3662 4020 3751 4071 καὶ

2178 4123 2276 4193 τὴν
2305 4122 2496 4193 ἑτέραν
2523 4118 2666 4190 (96)·
2694 4119 2745 4170 εί
2772 4117 2964 4188 τρίτην
3004 4109 3139 4184 εἶχε,
3170 4112 3263 4166 καὶ
3286 4110 3491 4179 ταύτην
3528 4110 3597 4162 ἂν
3626 4125 3752 4178 προρ

2183 4214 2427 4278 εὸἀλετο,
2454 4213 2540 4265 ἵνα
2567 4209 2763 4282 μᾶλλον
2786 4208 2973 4281 διδάξῃ
3001 4205 3369 4278 μακροθυμεῖν
3390 4201 3749 4260 τὸν-παίοντα.

2183 4303 2330 4376 ἔργῳ
2358 4300 2648 4364 παιδεύων,
2682 4298 2717 4352 ἃ
2762 4299 2835 4369 μὴ
2877 4298 3019 4367 λόγῳ
3045 4294 3268 4356 δυνατὸς
3298 4289 3383 4363 ἦν.
3429 4290 3748 4357 Ὀνειδισθή-

2183 4411 2365 4460 σεται;
2409 4393 2567 4447 τοῦτο
2600 4390 2699 4445 καὶ
2725 4391 2752 4443 ὁ
2796 4388 3050 4460 Χριστός·
3079 4385 3437 4457 τιμηθήσεται
3464 4384 3532 4450 τῇ
3567 4397 3749 4432 κοινωο

2183 4486 2271 4557 νίᾳ
2309 4485 2403 4538 τοῦ
2442 4483 2664 4545 πάθους.
2703 4481 2821 4535 Κᾶν
2860 4478 3202 4550 Σαμαρείτης
3240 4472 3465 4542 ἀκούσῃ,
3501 4470 3607 4524 κᾶν
3642 4471 3749 4522 δαι-

518 4584 780 4639 quoque:
823 4572 1125 4627 aIIlictionis
1172 4573 1432 4628 societate
1479 4573 1781 4627 ornabitur.
1832 4573 2076 4640 Quamvis

2186 4579 2352 4649 μονᾷν
2382 4574 2642 4646 ὲγκληθῇ,
2674 4573 2809 4644 μετὰ
2844 4570 2979 4624 Θεοῦ
3010 4569 3185 4623 πάντα
3212 4566 3437 4631 δέξεται.
3466 4562 3649 4616 Πολλὰ
3677 4562 3750 4613 ἔτι

518 4661 678 4713 etiam
706 4660 1082 4716 Samaritanus
1106 4662 1390 4727 vocetur”,
1418 4664 1668 4733 quamvis
1697 4664 1744 4717 ei
1771 4663 2085 4732 objiciatur,

519 4752 661 4820 quod
688 4752 1008 4806 daemonium
1042 4754 1293 4818 habeat’,
1322 4769 1442 4807 cum
1474 4754 1580 4807 Deo
1605 4752 1785 4807 omnia
1809 4753 2085 4818 suscipiet.

519 4843 586 4897 Et
623 4843 743 4898 licet
776 4843 942 4898 multa
976 4843 1310 4912 toleraverit,
1343 4844 1507 4899 multa
1537 4845 1711 4898 adhuc
1750 4843 1851 4912 ipsi
1900 4858 2090 4912 super-

2190 4670 2385 4738 λείψει,
2412 4668 2514 4721 κᾶν
2544 4664 2711 4719 πολλὰ
2732 4663 2902 4733 πάθῃ,
2936 4661 3076 4726 ὄξος,
3104 4658 3256 4728 χολὴ,
3296 4655 3554 4724 στέφανος
3589 4651 3746 4705 ἀχὰν·

2189 4760 2354 4823 θινος,
2405 4758 2683 4828 σκῆπτρον
2724 4753 3042 4824 καλάμινον,
3073 4749 3285 4819 χλαμὺς
3316 4745 3561 4815 κοκκίνη,
3600 4761 3753 4796 σταυ-

2187 4851 2313 4924 ρὸς,
2357 4844 2499 4921 ἧλοι,
2531 4846 2725 4919 λῃσταὶ
2769 4840 3248 4912 συσταυρούμενοι,
3282 4836 3571 4907 παριόντες
3605 4834 3752 4905 ὑδρί-

589 5003 611 5034 δ
637 5001 777 5059 Psal.
814 5019 955 5069 thv,
979 5003 1030 5059 5.
1107 5004 1129 5035 ³
1156 5003 1221 5057 Ill
1246 5003 1375 5075 Reg.
1408 5019 1550 5069 xvtt,
1578 5004 1634 5070 9,
1659 5006 1743 5058 Η.
1821 5003 1895 5055 ⁶11
1919 5004 2044 5059 Cor.
2074 5020 2149 5067 ιιι,
2169 5004 2260 5057 27.
2334 5003 2354 5034 ⁷
2384 5002 2486 5057 Joh
2512 5015 2659 5063 xxiv,
2689 4998 2741 5054 8.
2818 4996 2841 5029 ³
2866 4994 3019 5050 Joan.
3046 5007 3168 5056 vttt,
3198 4990 3285 5046 ιε.
3358 4991 3379 5021 ⁸
3414 4988 3539 5043 ibid.

591 5182 700 5250 (88)
747 5183 969 5255 ζῌντός.
1003 5183 1094 5239 Sic
1114 5184 1248 5254 Reg.
1284 5184 1394 5250 bm,
1421 5186 1659 5255 quinque
1700 5184 1878 5250 Colb.,
1914 5185 2076 5240 Coisl.

521 5254 575 5315 Ι,
609 5262 712 5305 etc.
750 5253 885 5306 Male
917 5257 967 5308 in
994 5257 1103 5317 ed.,
1138 5253 1311 5317 ἐκτός.

614 5320 701 5389 89)
745 5322 958 5376 Πλέον.
986 5325 1039 5377 In
1076 5325 1369 5387 nonnullis,
1394 5324 1595 5378 πλεῖον.

616 5391 883 5465 {implerit
904 5393 1022 5446 τῶν
1045 5394 1283 5465 dprecor,
1315 5405 1417 5448 etc.
1455 5394 1654 5448 Alludit
1698 5392 1989 5465 Gregorius
2016 5395 2081 5446 ad

524 5459 687 5514 verba
720 5462 908 5516 Matth.
946 5480 1018 5527 vt,
1043 5459 1131 5517 2‘6.
1167 5482 1183 5513 t
1219 5464 1489 5530 Respicite
1520 5465 1748 5519 volatilia
1782 5459 2083 5531 cleli,quo—

530 5531 672 5651 ttiapt
705 5547 811 5583 non
846 5542 1054 5598 serunt,
1080 5548 1253 5601 neque
1289 5544 1517 5597 metunt,
1554 5549 1726 5603 neque
1758 5539 2086 5602 congregant

530 5616 582 5653 tn
640 5613 836 5653 torrea.
872 5620 890 5653 ι

530 5616 582 5653 tn
625 5616 836 5653 norrea.
872 5620 890 5653 1

604 5666 712 5741 (9|)
740 5670 848 5725 Καὶ
882 5670 1063 5741 τρέφῃ
1088 5671 1193 5724 τὸν
1219 5675 1524 5741 τρέφοντα.
1564 5690 1582 5723 ι
1623 5670 1954 5730 Nutrientem
1985 5687 2087 5727 nu-

535 5740 734 5804 triat,»
774 5754 988 5811 nempe,
1018 5761 1034 5793 t
1076 5742 1244 5797 Eliam
1278 5740 1613 5811 prophetam.
1647 5760 1665 5794 ο

2188 5253 2219 5306 λ
2257 5181 2372 5304 ξθῖ)
2451 5179 2757 5248 Ἐπιλίπῃ.
2830 5178 2964 5247 Reg.
3024 5177 3112 5229 bm
3172 5181 3226 5229 et
3296 5169 3565 5231 Combef.,
3641 5171 3757 5223 ἐπι-

2225 5265 2376 5306 επη.

2225 5265 2421 5323 ειπτιο,
2792 5318 2802 5323 -
2992 5314 3014 5323 -
3191 5314 3203 5323 .
3376 5310 3388 5321 .
3528 5313 3539 5323 .

2260 5308 2369 5391 (93)
2409 5317 2681 5374 Ἀλλ’ἐπὶ
2723 5318 2936 5371 πόσον.
2992 5314 3294 5381 Legendum
3344 5310 3461 5365 sine
3527 5313 3756 5391 interro-

2190 5393 2405 5468 gatione
2428 5399 2637 5468 .cettset
2681 5386 2920 5468 Comhel'.
2942 5384 3089 5468 εαλὶσ
3117 5383 3209 5437 ἐπὶ
3232 5380 3417 5443 ποσόν,
3452 5383 3541 5435 sed
3570 5383 3756 5451 algebu

2189 5455 2517 5524 aliquandiu.
2568 5458 2638 5511 Ita
2670 5456 2832 5510 etiam
2876 5455 3193 5524 legitLeuv.

2263 5529 2376 5601 (94)
2409 5528 2659 5601 Αὐτούς.
2691 5525 2851 5601 Qeest
2882 5527 2935 5601 in
2966 5525 3199 5601 Reg.__a.

2291 5590 2677 5668 asiamrdrh-
2712 5598 2867 5668 βρίθει
2894 5595 2946 5649 in
2978 5590 3401 5668 ν¹ιῙΐ-ί¹’“⁶-⁰⁰ί¹¹¹’
3451 5658 3461 5668 -
3656 5658 3667 5668 ·
3712 5658 3722 5668 ·

2291 5602 2382 5667 95)
2403 5602 2677 5667 Σιαγόνα.
2712 5602 2867 5651 Deest
2894 5602 2946 5649 in
2978 5602 3217 5663 pluribus
3249 5602 3401 5644 cond.
3656 5658 3667 5668 .
3712 5658 3722 5668 _

2229 5602 2389 5795 $33).
2430 5667 2698 5792 ;Ετέραν.
2748 5665 2803 5721 Itt
2871 5664 3160 5730 nonnullis,
3209 5658 3525 5737 ἀριστεράν,
3570 5676 3592 5711 ι
3626 5674 3758 5714 stat.

2198 5754 2389 5796 stram.
2430 5757 2449 5792 Ι
