3914 6404
154 244 287 299 1245

1237 240 1498 297 ORATIO
1537 241 1725 299 XXVI.
1777 272 1841 284 —
1880 241 1948 296 ΙΝ
1991 242 2305 299 SEIPSUM.

3260 246 3283 300 1
3293 244 3397 300 216

153 363 349 428 ζοντες.
383 362 474 414 Δεῖ
497 358 604 431 γὰρ
634 358 745 430 (97)
773 357 932 411 πλέον
963 359 1106 429 ἔχειν
1135 358 1287 423 Θεὸν,
1320 362 1377 414 ὲν
1414 360 1493 431 τῷ
1537 360 1719 415 πλεῖον

1831 372 1997 430 erunt,
2029 377 2147 432 qme
2170 361 2426 432 perferat,
2459 369 2670 416 acetum
2696 374 2908 430 nempe,
2940 359 3029 427 fel,
3062 374 3257 416 corona
3286 363 3401 431 spi.

154 453 333 524 φέρειν
354 450 772 523 ἀτιμαζόμενον.

1828 467 1950 516 nea,
1978 462 2251 521 sceptrum
2273 450 2651 515 arundineum,
2676 450 2922 520 chlamys
2941 452 3215 515 coccinea,
3243 468 3394 518 crux,

153 551 283 605 clavi
310 591 325 615 ,
364 550 601 603 latrones
641 547 802 603 simul
848 546 993 603 cruci
1043 546 1227 616 afﬁxi,
1270 550 1710 619 prmtercuntium
1750 548 2181 604 contumeliae“.
2248 546 2459 602 Primas
2492 545 2636 601 enim
2674 545 2839 601 Deum
2903 547 3109 603 habere
3152 564 3249 618 par
3278 558 3393 617 est,

155 647 291 716 quod
324 645 445 715 plus
477 644 781 715 ignominia:
810 642 1113 713 pertulerit.

218 742 320 794 ll".
352 739 517 793 Οὐδὲν
541 738 940 809 ἀναλωτὸτερον
960 738 1300 808 φιλοσοφίας,
1327 740 1481 793 οὐδὲν
1498 739 1726 810 ἀληπτό-

152 850 325 903 τερον.
361 832 545 886 Πάντα
579 831 798 884 ἐνδώσει
827 830 1110 901 πρότερον,
1138 830 1170 901 ἢ
1204 832 1511 901 φιλόσοφος.
1544 833 1723 897 Ὀνος

153 923 321 976 ἐστὶν
353 921 554 991 ἄγριος
595 922 665 975 ἐν
705 920 923 990 ἐρήμῳ,
953 920 1115 991 φησὶν
1145 924 1172 974 ὁ
1212 920 1349 983 Ἰὼϐ,
1388 921 1597 988 ἄνετος
1624 920 1723 975 καὶ

152 1014 478 1081 ἐλεύθερος,
502 1006 860 1080 ’καταγελῶν
896 1010 1271 1078 πολυοχλίας
1299 1012 1550 1076 πόλεως,
1580 1009 1726 1079 μέμ-

152 1106 263 1170 ψιν
328 1103 661 1171 φορολόγου
716 1099 803 1169 μὴ
857 1101 1112 1154 ἀκούων.
1169 1099 1517 1167 Μονόκερώς
1573 1100 1723 1164 ἐστι,

152 1192 296 1253 ζῶον
332 1194 684 1262 αὐτόνομον.
722 1196 791 1246 El
816 1192 1197 1259 ,βουλήσεταί
1224 1208 1323 1246 σοι
1357 1190 1720 1257 δουλεῦσαι;

149 1286 198 1335 εὶ
226 1281 433 1350 δήσεις
457 1284 640 1337 αὑτὸν
670 1282 770 1335 ἐπὶ
811 1283 1079 1351 patrne;
1108 1286 1158 1337 ει
1193 1283 1307 1337 ὑπὸ
1335 1282 1511 1354 ζυγὸν
1538 1282 1726 1351 ἀχθή-

150 1392 320 1430 σεται
352 1375 503 1446 (98);
548 1377 715 1429 Ὅταν
747 1375 965 1430 πάντων
989 1376 1299 1447 ἐξείργηται
1332 1375 1440 1428 τῶν
1472 1376 1562 1429 ἐπὶ
1594 1378 1719 1447 γῆς,

150 1465 577 1520 κατεσκεύασται
600 1467 747 1537 αὐτῷ
771 1466 1040 1538 πτέρυγες
1063 1466 1249 1537 ὥσπερ
1273 1464 1453 1530 ἀετοῦ,
1479 1466 1724 1537 ἐπιστρέ-

147 1560 238 1628 ψει
267 1561 345 1624 είς
383 1558 471 1613 τὸν
503 1554 649 1613 οἷκον
675 1559 769 1612 τοῦ
800 1560 1198 1631 προεστηκότος
1228 1559 1339 1630 (99)
1366 1557 1554 1624 αὐτοῦ,
1586 1558 1722 1630 πρὸς

147 1649 279 1701 Θεὸν
319 1650 710 1720 ἀναπτήσεται.
758 1649 913 1702 Εῐπω
949 1667 1002 1703 τι
1036 1648 1364 1719 κεφάλαιονο
1406 1649 1511 1702 Δύο
1553 1649 1725 1703 ταῦτα

147 1740 515 1810 δυσκράτητα,
551 1739 681 1804 Θεὸς
711 1740 803 1794 καὶ
837 1740 1092 1810 ἅγγελοςο
1136 1741 1231 1794 καὶ
1268 1739 1330 1793 τὸ
1360 1740 1545 1812 τρίτον
1576 1740 1727 1810 φιλό-

152 1849 336 1901 σοφος,
370 1832 531 1895 ἆῦλος
563 1834 620 1884 ἐν
655 1832 776 1903 ῦλῃ,
817 1834 875 1885 ὲν
927 1831 1140 1904 σώματι
1170 1832 1600 1905 ἀπερίγραπτος,
1633 1834 1726 1886 ἐπὶ

148 1924 252 1995 γῆς
278 1923 547 1994 οὐράνιος,
578 1926 635 1977 ὲν
669 1923 896 1977 πάθεσιν
934 1924 1171 1995 ἀπαθὴς,
1206 1924 1383 1978 πάντα
1413 1924 1725 1997 ἡττώμενος

148 2016 291 2087 πλὴν
321 2016 665 2086 φρονήματος
684 2056 699 2082 ,
734 2016 901 2070 νικῶν
927 2016 1007 2088 τῷ
1037 2017 1289 2071 νικᾶσθαι
1332 2018 1460 2082 τοὺς
1503 2020 1724 2089 κρατεῖν

146 2103 485 2173 νομίζοντας.
552 2105 703 2157 Ἐπεὶ
750 2104 807 2157 δὲ
850 2105 941 2158 τὸν
978 2105 1267 2176 φιλόσοφον
1314 2108 1444 2177 ἡμῖν
1486 2109 1514 2161 ὁ
1568 2107 1724 2177 λόγος

145 2190 402 2262 ἔγραψεν,
439 2193 559 2247 ὅθεν
593 2190 767 2259 εἶπον,
801 2194 1126 2265 ἀρξάμενος,
1161 2196 1317 2268 φέρε,
1351 2197 1502 2268 παρά
1536 2198 1723 2251 τοῦτον

144 2282 213 2333 τὰ
283 2282 540 2363 ἡμέτερα.
595 2286 959 2357 θεωρήσωμεν
1015 2286 1203 2356 (δοκῶ
1260 2288 1369 2358 γὰρ
1433 2291 1587 2358 κάγὼ
1645 2291 1721 2359 (1)

144 2372 374 2443 Πνεῦμα
399 2374 532 2428 Θεοῦ
568 2374 735 2445 ἔχειν,
774 2378 866 2429 καὶ
895 2376 951 2429 εἴ
983 2394 1087 2430 τινι
1133 2378 1338 2431 τούτων
1369 2379 1574 2450 τρωτὸς
1611 2379 1723 2449 ἐγὼ

143 2466 242 2519 καὶ
285 2464 595 2537 ἁλώσιμος)
622 2484 635 2498 ο
671 2468 736 2520 ἵν’
766 2471 815 2521 εί
863 2468 962 2539 μὲν
993 2468 1300 2541 ἡττώμενον
1336 2470 1640 2541 εὑρίσκοιεν
1673 2474 1721 2525 οἱ

147 2554 435 2627 μισοῦντες
459 2556 552 2611 καὶ
581 2557 963 2629 πολεμοῦντες,
993 2560 1448 2629 συγγινώσκοιντυ
1474 2561 1605 2631 γοῦν
1626 2564 1724 2633 τῆς

143 2648 542 2719 ἐγχειρήσεως,
599 2649 647 2701 εί
701 2647 796 2701 καὶ
855 2648 929 2719 μὴ
955 2648 1057 2720 τῆς
1114 2651 1523 2721 προαιρέσεωςο
1578 2652 1723 2705 εἰδὲ

144 2740 428 2810 κρείττονα
455 2740 561 2794 τῶν
596 2740 976 2812 πολεμούντων
1024 2742 1117 2794 καὶ
1160 2742 1509 2812 ὑψηλότερον,
1541 2744 1573 2813 ἢ
1624 2744 1722 2814 τῆς

142 2832 344 2894 κακίας
376 2832 759 2902 ἀπαλλαγεῖεν,
802 2833 835 2905 ἢ
878 2833 1198 2903 καινοτέραν
1235 2833 1351 2887 ὁδὸν
1384 2834 1482 2904 τῆς
1513 2833 1723 2897 ἀδικίας

1900 730 2038 787 Xlll.
2080 728 2224 784 Nihil
2266 727 2609 798 philosophia
2650 728 2846 785 fortius
2875 738 2988 796 est,
3023 730 3403 801 inexpugnabi-

1829 824 1936 879 lius
1968 822 2125 881 nihil.
2158 820 2350 875 Omnia
2383 820 2531 890 prius
2559 821 2773 885 cedent,
2803 837 2962 891 quam
2994 833 3052 875 ut
3083 838 3274 877 manus
3308 821 3400 877 det

1830 917 2200 991 pliilOSOphus.
2246 914 2457 984 Onager
2484 924 2558 968 est
2588 914 2641 968 in
2669 915 2871 969 deserto
2896 954 2912 980 ,
2946 926 3003 970 ut
3035 931 3154 970 cum
3193 915 3293 972 Job
3322 917 3401 971 lo—

1832 1012 2051 1083 quar“,
2089 1010 2293 1063 solutus
2321 1018 2368 1061 et
2402 1010 2551 1073 (iber,
2584 1007 2727 1061 urbis
2757 1007 3014 1062 tumultus
3051 1007 3224 1061 ridens
3245 1048 3260 1073 ,
3305 1025 3399 1064 ea:-

1834 1105 2031 1159 acloris
2061 1102 2341 1155 clamorem
2374 1114 2477 1153 non
2502 1100 2743 1152 audiens.
2773 1096 3056 1151 Unicornis
3075 1108 3172 1164 est,
3200 1097 3399 1152 animal

1826 1198 1937 1251 suis
1968 1194 2166 1264 legibus
2195 1192 2384 1246 vivens.
2416 1190 2562 1244 Num
2594 1192 2687 1243 tibi
2716 1192 2907 1244 servire
2941 1176 3072 1244 volet
3092 1192 3117 1244 .°
3156 1190 3298 1244 Num
3327 1190 3393 1243 li-

1827 1290 1973 1362 gabis
2005 1303 2119 1341 eum
2148 1286 2217 1339 ad
2245 1285 2516 1355 praesepe?
2546 1284 2694 1339 Num
2717 1284 2811 1338 sub
2835 1284 3024 1353 jugum
3052 1284 3308 1337 ducetur?
3341 1284 3398 1339 Si

1827 1380 2081 1435 omnihus
2114 1387 2271 1432 terra?
2308 1376 2608 1431 commodis
2640 1375 3014 1445 prohibeatur,
3045 1385 3246 1443 parata:
3276 1384 3400 1430 sunt

1824 1472 1932 1542 ipsi
1964 1471 2061 1526 ala:
2092 1470 2235 1524 sicut
2260 1467 2452 1538 aquila:
2479 1484 2493 1533 ;
2527 1468 2591 1521 ad
2618 1467 2825 1536 patroni
2849 1467 2929 1521 sui
2953 1468 3166 1521 domum
3191 1482 3248 1522 se
3271 1482 3402 1521 cou-

1827 1567 2003 1630 feret;
2052 1562 2118 1617 ad
2150 1561 2314 1615 Deum
2356 1559 2685 1616 convolabit.
2733 1558 2803 1613 Ut
2837 1559 2891 1611 in
2930 1573 3140 1615 summa
3180 1560 3399 1614 dicam:

1826 1660 1945 1713 Duo
1982 1657 2100 1712 haec
2140 1653 2387 1723 superari
2423 1660 2717 1722 nequeunt,
2746 1652 2886 1706 Deus
2916 1662 2972 1705 et
3004 1650 3256 1721 angelus;
3289 1660 3401 1706 ter-

1827 1743 1959 1798 tium
1988 1752 2071 1799 est
2096 1741 2465 1811 philosophus,
2497 1741 2547 1793 in
2577 1740 2800 1793 materia
2836 1742 3079 1795 materia:
3104 1755 3316 1808 expers,
3347 1741 3399 1794 in

1826 1847 2051 1902 corpore
2083 1831 2606 1899 incircumscriptus,
2650 1831 2701 1884 in
2734 1840 2880 1885 terra
2911 1830 3169 1896 caelestis,
3200 1832 3252 1886 in
3282 1846 3404 1901 pas-

1825 1923 2070 1979 sionihus
2114 1922 2426 1991 impatibilis
2454 1960 2469 1987 ,
2503 1921 2753 1977 omnibus
2790 1924 2952 1978 rebus
2987 1924 3128 1979 vinci
3160 1940 3219 1979 se
3247 1925 3403 1980 facile

1825 2014 2047 2081 ferens,
2102 2024 2461 2083 praeterquam
2514 2015 2679 2069 animi
2728 2015 3131 2086 magnitudine,
3176 2030 3239 2069 eo
3285 2016 3402 2086 ipso

1825 2106 1971 2174 quod
1995 2106 2136 2162 vinci
2165 2122 2223 2163 se
2254 2107 2477 2178 patitur,
2508 2106 2797 2161 devincens
2834 2121 2949 2171 eos,
2978 2108 3069 2176 qui
3094 2109 3401 2177 superiores

1824 2197 1925 2253 sibi
1953 2214 2072 2254 esse
2100 2200 2370 2254 videntur.
2394 2199 2659 2266 Quoniam
2688 2210 2870 2255 autem
2902 2201 3279 2271 philosophum
3311 2216 3399 2256 no-

1824 2293 1908 2348 bis
1940 2293 2180 2361 depinxit
2209 2294 2404 2361 oratio,
2434 2294 2714 2371 undeodixi
2734 2334 2750 2359 ,
2787 2310 2977 2349 exorsa
3001 2336 3015 2361 ,
3048 2310 3165 2365 age,
3196 2293 3306 2362 jam
3333 2296 3401 2350 ad

1823 2384 1939 2454 ejus
1987 2400 2232 2440 normam
2283 2400 2372 2441 res
2421 2395 2634 2441 nostras
2681 2386 3047 2455 expendamus
3095 2385 3254 2457 (nam
3290 2386 3403 2456 ipse

1824 2490 2037 2545 quoque
2061 2474 2319 2545 Spiritum
2358 2475 2452 2530 Dei
2492 2477 2695 2532 habere
2728 2477 3000 2541 videor",
3033 2479 3135 2532 etsi
3168 2494 3254 2533 mc
3282 2479 3404 2532 cui-

1824 2568 1967 2636 piam
1999 2581 2208 2633 eorum,
2239 2582 2359 2636 qua:
2387 2567 2519 2631 dixi,
2550 2569 2618 2623 ad
2649 2568 2844 2623 vulnus
2883 2580 3099 2639 patere,
3132 2574 3198 2625 ab
3229 2586 3404 2640 eoque

1824 2658 2065 2727 superari
2108 2674 2213 2713 non
2246 2659 2543 2730 difﬁtear);
2578 2669 2636 2715 ut
2659 2660 2703 2715 si
2733 2676 2818 2716 me
2839 2662 3055 2731 quidem
3088 2661 3402 2717 inferiorem

1825 2748 2126 2818 inveniant,
2159 2751 2251 2820 qui
2279 2752 2411 2805 mihi
2438 2752 2619 2807 infesti
2644 2762 2790 2819 sunt,
2825 2768 2886 2807 ac
2909 2752 3108 2808 bellum
3142 2754 3403 2823 inferunt,

1824 2843 1925 2897 etsi
1955 2858 2060 2898 non
2088 2859 2267 2913 pravae
2298 2844 2593 2900 voluntatis
2620 2885 2636 2909 ,
2674 2856 2728 2900 at
2753 2855 2899 2902 certe
2933 2857 3158 2903 conatus
3191 2850 3274 2903 sui
3308 2864 3405 2903 ve-

141 2924 510 2994 ὲπινοὴσαιεν,
532 2926 606 2990 ὡς
625 2926 724 2997 τῆς
752 2925 1032 2999 παρούσης
1058 2926 1596 2997 καταφρονουμένης,
1627 2929 1721 2979 καὶ

1831 2934 1970 2988 niam
2008 2946 2413 3006 consequantur
2446 2953 2460 2991 :
2496 2936 2580 2991 sin
2612 2947 2791 2991 autem
2825 2939 2913 3003 iis,
2942 2942 3031 3007 qui
3061 2956 3145 2993 me
3166 2941 3308 2994 bello
3336 2941 3407 2994 la-

144 3015 222 3087 μὴ
253 3016 391 3087 πρὸς
438 3020 502 3087 τῇ
544 3021 712 3089 κακίᾳ
756 3018 849 3071 καὶ
881 3016 1067 3071 ἄνοιαν
1102 3016 1445 3085 ὲγκαλοῖντο,
1480 3018 1555 3081 ὼς
1597 3019 1719 3071 ἀνο-

143 3106 376 3177 μοῦντες
413 3108 685 3174 διακενῆς,
744 3108 839 3163 καὶ
892 3108 1012 3162 οὐδὲ
1066 3108 1382 3181 ei8o’15;(2)
1427 3108 1632 3163 ἀδικεῖν
1688 3110 1717 3164 ὃ

141 3197 555 3262 σπουδάζουσιν.

1825 3025 2144 3079 cessendum
2194 3028 2492 3092 duxerunt,
2530 3030 2962 3096 prmstantiorem
3010 3046 3073 3086 ac
3120 3032 3403 3089 sublimio-

1824 3128 1970 3179 rem;
1999 3121 2093 3168 aut
2125 3114 2192 3169 ab
2232 3115 2583 3185 improbitate
2611 3131 2710 3171 sua
2738 3118 3060 3185 discedant,
3093 3132 3185 3175 aut
3209 3138 3400 3177 novam

1821 3213 1966 3259 certe
1994 3206 2142 3274 (nam
2171 3215 2490 3281 praesentem
2522 3208 2937 3281 contemnimus)
3003 3209 3227 3265 laedendi
3259 3213 3399 3267 viam

138 3292 473 3361 excogitent,
508 3308 575 3347 ne
613 3289 811 3363 alioqui
840 3302 1036 3363 praeter
1070 3294 1492 3364 improbitatem,
1527 3297 1778 3352 amentiae
1834 3300 1997 3354 etiam
2052 3311 2106 3356 et
2150 3302 2464 3357 stoliditatis
2512 3313 2696 3357 notam
2761 3304 3028 3372 subeant,
3090 3307 3237 3361 velut
3298 3309 3403 3362 iui-

138 3391 401 3459 quitatem
426 3389 632 3445 frustra
667 3401 1057 3461 perpetrantes,
1082 3391 1247 3464 482
1277 3408 1341 3449 ac
1400 3409 1469 3450 ue
1530 3392 1782 3463 iniuriam
1821 3397 2039 3466 quidem
2081 3397 2285 3454 inferre
2320 3400 2556 3455 scientes
2579 3438 2595 3465 ,
2638 3414 2759 3454 cum
2792 3400 2847 3455 in
2886 3400 2940 3456 id
2982 3416 3194 3458 summo
3225 3404 3401 3460 studio

137 3485 476 3540 incumbant.

214 3576 312 3627 lA'.
365 3574 429 3627 Τί
472 3574 580 3646 γὰρ
625 3576 701 3647 (5)
753 3576 818 3648 δὴ
871 3576 967 3630 καὶ
1021 3577 1351 3649 λυπήσουσιν
1392 3580 1486 3634 ἐπὶ
1538 3581 1718 3636 πάντα

136 3666 424 3733 ὲλθόντες;
460 3668 686 3739 Ἰδωμεν
707 3670 809 3723 ὅσα
834 3668 900 3725 ἂν
927 3669 1207 3742 ἁδικηθείη
1232 3671 1386 3742 παρὰ
1410 3672 1715 3743 ἀνθρώπων

136 3758 448 3830 ἄνθρωπος.
527 3760 871 3815 Ἀπαίδευτον
916 3761 1308 3833 ὀνομάσουσιν;
1340 3763 1480 3818 Μίαν
1525 3766 1715 3835 σοφίαν

135 3847 281 3913 οἶδα,
310 3850 370 3903 τὸ
394 3850 672 3919 φοϐεῖσθαι
707 3852 839 3908 Θεὸν
869 3854 887 3925 (
922 3853 1090 3923 Ἀρχή
1117 3871 1177 3908 τε
1208 3857 1315 3926 γὰρ
1339 3861 1577 3926 σοφίας,
1607 3859 1716 3927 φό-

136 3945 247 4007 ϐος
278 3944 523 4011 Κυρίου·
554 3944 652 3997 καὶ
683 3944 855 4012 τέλος
890 3948 1097 4016 λόγου,
1138 3946 1206 3999 τὸ
1233 3945 1355 4001 πᾶν
1381 3947 1583 4015 ἄκουε,
1610 3948 1718 4002 τὸν

138 4035 295 4090 Θεὸν
331 4036 537 4105 φοϐοῦ.
575 4037 757 4091 Ταῦτα
804 4038 1054 4111 Σολομὼν
1093 4040 1122 4092 ὁ
1164 4039 1492 4110 σοφώτατος.
1532 4040 1718 4107 Δειξά-

1896 3578 2046 3634 XIV.
2096 3576 2233 3646 Quid
2283 3576 2427 3632 enim
2478 3592 2603 3642 me,
2648 3578 2912 3647 obsecro,
2946 3577 3141 3635 laedere
3167 3590 3397 3651 queant,

1822 3686 1945 3728 cum
1994 3670 2176 3726 omnia
2204 3669 2504 3725 teutarint?
2533 3670 2751 3740 Singula
2774 3712 2789 3738 ,
2830 3671 2883 3725 in
2915 3669 3108 3741 quibus
3138 3672 3298 3730 homo
3332 3676 3401 3730 ab

1822 3764 2134 3819 hominibus
2180 3760 2433 3830 iniuriam
2489 3761 2735 3830 accipere
2769 3771 2981 3829 potest,
3025 3763 3397 3834 inspiciamus.

1820 3854 2098 3909 lndoctum
2126 3850 2526 3908 nominabunt?
2555 3849 2722 3906 Unam
2753 3850 2892 3905 hanc
2915 3851 3235 3919 sapientiam
3259 3854 3394 3919 scio,

1821 3961 1940 4017 qua:
1973 3947 2024 3999 iu
2059 3946 2253 4000 timore
2279 3941 2374 3997 Dei
2404 3942 2505 3996 sita
2533 3953 2633 3997 est.
2676 3940 2832 4012 (Nam
2876 3952 2927 3995 et
2954 3943 3273 4013 principium
3304 3963 3392 3998 sa-

1821 4040 2046 4109 pientiae,
2083 4039 2242 4091 timor
2276 4034 2587 4101 Domini";
2636 4046 2683 4089 et
2727 4035 2850 4103 ﬁnis
2891 4036 3178 4101 sermonis,
3217 4041 3391 4091 omnia

133 4143 321 4179 τωσαν
368 4122 461 4180 οὖν
503 4126 726 4196 ἄφοδον,
775 4130 870 4183 καὶ
916 4129 1297 4200 νικησάτωσαν
1512 4132 1615 4203 τῆς
1658 4133 1715 4186 δὲ

1831 4132 1951 4185 audi
1976 4170 1990 4196 ,
2029 4128 2196 4184 Deum
2227 4130 2352 4183 time
2375 4128 2439 4181 i‘.
2491 4126 2617 4181 llaec
2648 4127 3034 4197 sapientissimi
3063 4128 3202 4183 illius
3240 4128 3394 4183 Salo-

132 4218 306 4288 ἄλλης
332 4219 543 4287 σοφίας,
578 4218 676 4290 τὴν
712 4221 810 4290 μὲν
843 4221 1220 4293 παρέδραμον,
1253 4223 1352 4293 τὴν
1382 4223 1439 4276 δὲ
1477 4223 1714 4294 προσλαο

1831 4224 1995 4277 monis
2032 4220 2193 4273 verba
2225 4228 2374 4273 sunt.
2428 4216 2668 4273 Prohent
2715 4233 2800 4273 me
2853 4218 3062 4273 timoris
3119 4230 3395 4289 expertem

134 4310 258 4362 σεῖν
287 4308 515 4381 εὔχομαι
550 4311 643 4364 καὶ
670 4311 892 4377 ἐλπίζω,
934 4312 1151 4385 θαρρῶν
1172 4312 1249 4383 τῷ
1278 4314 1576 4384 Πνεύματι.
1608 4316 1713 4368 Πε-

1831 4326 1957 4377 esse,
1984 4320 2037 4365 et
2063 4309 2337 4379 vicerint.)
2371 4307 2653 4376 Reliquam
2688 4316 2865 4363 autem
2898 4310 3218 4379 sapientiam
3237 4321 3398 4381 atque

131 4401 259 4455 νίαν
286 4402 662 4471 ὲγκαλέσουσι,
692 4402 791 4474 τὴν
816 4405 954 4476 ἐμὴν
978 4407 1325 4479 περιουσίαν;
1355 4407 1467 4461 εἴθε
1494 4408 1603 4479 γὰρ
1632 4407 1709 4479 (5)

1831 4403 2137 4468 loctrinam,
2168 4400 2362 4471 partim
2389 4399 2662 4468 praeterii,
2690 4400 2883 4469 partim
2928 4416 3205 4459 assumere
3242 4413 3389 4473 opto,

132 4491 521 4571 ἀποδυσαίμην
563 4492 656 4545 καὶ
704 4493 772 4547 τά
800 4493 963 4563 ῥάκια
994 4496 1198 4563 ταῦτα,
1235 4498 1321 4551 ἵνα
1349 4497 1552 4568 γυμνὸς
1592 4498 1710 4550 δια-

1831 4506 1980 4564 ]ιειυε
2012 4497 2200 4557 etiam,
2235 4493 2474 4563 Spiritus
2519 4493 2693 4547 sancti
2738 4507 2841 4562 ope
2879 4492 3073 4561 fretus,
3103 4495 3155 4547 in
3183 4509 3277 4563 spe
3302 4497 3397 4549 ha-

132 4584 331 4655 δράμω
363 4582 461 4648 τὰς
490 4582 732 4646 ἀκάνθας
769 4585 860 4638 τοῦ
887 4585 1027 4655 βίου·
1062 4589 1172 4642 εἴθε
1200 4589 1401 4644 καὶτὸν
1433 4590 1600 4661 βαρὺν
1633 4590 1709 4662 (6)

1831 4603 1937 4643 seo.
1970 4587 2346 4658 Paupertatem
2384 4583 2640 4652 objicient
2664 4624 2678 4648 ,
2715 4599 2863 4639 meas
2892 4585 3099 4640 scilicet
3126 4601 3255 4657 opes
3279 4626 3296 4653 ,
3342 4596 3396 4642 et

214 4718 258 4748 ‘°
283 4716 470 4771 Matth.
493 4732 652 4784 xxvx;
684 4732 851 4785 xxvn,
886 4721 1099 4787 passim.
1178 4724 1217 4754 ¹¹
1242 4722 1341 4779 Job
1369 4737 1555 4789 xxxix,
1591 4725 1624 4779 5
1657 4741 1771 4795 seq.
1852 4725 1893 4755 ¹²
1921 4724 1939 4777 l
1965 4724 2088 4779 Cor.
2119 4738 2215 4788 vu,
2248 4722 2338 4777 40.
2428 4719 2470 4751 ³³
2500 4719 2657 4775 Prov.
2691 4736 2732 4785 ι,
2766 4719 2818 4774 7.
2893 4720 2939 4751 ⁸⁸
2959 4719 3137 4775 Eccle.
3170 4736 3267 4787 xn,
3306 4722 3392 4777 l5.

1892 4856 1969 4927 (5)
2001 4858 2060 4931 η
2084 4856 2213 4927 γάρ,
2239 4867 2343 4931 etc.
2391 4876 2409 4909 ι
2448 4862 2625 4931 Ecqua
2654 4860 2797 4916 enim
2830 4875 2925 4916 nos
2961 4861 3012 4914 in
3042 4870 3191 4930 parte
3215 4862 3390 4917 laesuri

137 4924 346 4985 habere
377 4924 609 5003 oportet,
639 4943 705 4983 eo
737 4929 954 5003 nomine
999 4924 1049 5003 in
1090 4936 1461 4995 contemptum
1494 4930 1711 4981 venien—
1820 4924 1957 4981 sunt
1971 4924 2274 5003 videanms,
2303 4929 2508 5003 singula
2540 4924 2941 4999 percurrentes,
2967 4935 3020 4986 in
3042 4924 3255 5003 'quibus
3289 4935 3393 4990 lto-

138 5008 247 5070 tem
270 4994 465 5070 Lquod
493 4996 685 5070 plures
712 4998 985 5052 cruciatus
1013 4994 1168 5070 ferat.
1206 5012 1225 5046 ι
1395 5064 1437 5070 _
1624 5066 1636 5070 _
1663 5066 1674 5070 _
1817 4997 2339 5070 meabihominihus
2370 4994 2485 5056 laedi
2510 4994 2705 5070 potest.
2743 5020 2761 5053 ι

210 5061 437 5137 (98)-1ζι
486 5061 934 5137 βουλήσεται,..
970 5061 1361 5137 Αάχθήσεται.
1395 5064 1569 5121 Totus
1623 5066 1711 5120 hic

1889 5066 1964 5137 (4)
1998 5066 2456 5137 Νικησάτωσαν.
2493 5061 2548 5126 [η
2592 5071 2879 5133 nonnullis,
2919 5072 3247 5125 νικάτωσαν.

137 5134 370 5212 ιυωςξυ
400 5136 627 5212 _Billii_e_t
659 5134 1001 5212 Leuverltlaii
1033 5135 1475 5212 interpretatipne
1513 5138 1708 5212 depra-
1868 5134 1967 5212 _(5)
2007 5136 2145 5191 Εἴθε
2192 5136 2322 5208 γάρ.
2359 5143 2608 5207 Quinque
2649 5142 2826 5209 Colb.,
2869 5140 2961 5198 Or.
3014 5144 3065 5209 1,
3105 5145 3306 5212 aliique
3340 5144 3388 5197 εί

135 5217 295 5262 vatus
314 5207 526 5274 legitur.
557 5204 1094 5278 SicqvertitliilluSi
1125 5205 1217 5278 tibi
1242 5204 1709 5278 servireanimum
1814 5204 1942 5278 γάρ.

135 5278 437 5340 induxerit,
488 5276 695 5349 videbis
729 5292 852 5331 cum
905 5278 957 5330 in
992 5275 1263 5345 prmsepi:
1306 5275 1351 5327 si
1378 5276 1477 5329 sub
1519 5276 1706 5346 jugum

1831 5275 1847 5349 ς
1887 5275 1963 5347 (ϐ)
2003 5276 2141 5349 Εἴθε
2172 5276 2270 5331 καὶ
2304 5278 2413 5332 τὸν
2439 5279 2661 5347 βαρύν,
2690 5290 2796 5335 etc.
2834 5280 2968 5349 Reg.
2998 5283 3107 5343 lim.
3139 5283 3303 5338 Coisl.
3332 5286 3383 5347 Ι,

132 5346 501 5425 (Ιυιλελιιυετρί
529 5365 547 5397 s
588 5355 692 5400 etc.
841 5418 853 5425 _
1013 5414 1065 5425 Μ
1149 5413 1162 5425 ‘
1262 5413 1297 5425 ἢ
1487 5423 1493 5425 Δ
1538 5345 1604 5425 ’ς
1660 5419 1673 5425 _
1813 5345 1992 5425 Or._i,
2022 5348 2221 5425 aliique
2269 5352 2484 5425 optimm
2522 5345 2665 5405 notae
2696 5352 2890 5425 _codd.,
2919 5345 2967 5405 ἐξ
3010 5353 3117 5425 γὰρ
3160 5357 3253 5407 καὶ
3294 5345 3387 5408 τὸν

204 5414 315 5487 (99)
349 5414 459 5493 Τοῦ
509 5418 977 5493 προεστηκότος.
1011 5414 1102 5470 Sic
1132 5413 1238 5469 duo
1261 5413 1426 5485 Regg.
1450 5423 1501 5470 et
1532 5414 1625 5472 Or.
1656 5419 1705 5472 i.

1831 5417 1985 5489 ietpr
2022 5413 2318 5493 ἀπεθέμην
2354 5419 2634 5493 χιτῶνα,ι‹
2665 5423 2707 5475 si
2748 5413 2889 5477 enim
2922 5413 3064 5477 esset
3089 5413 3383 5493 'possibile,

134 5485 500 5564 Deest’fpiiin
531 5488 617 5564 eli.
733 5556 744 5564 _
819 5555 850 5564 Α
946 5556 960 5564 _
1813 5485 2463 5564 gravecprporis'ﬂist'ius
2500 5490 2870 5564 indumentum
2932 5485 3382 5564 citius-depone;

240 5553 287 5633 ε)
319 5553 510 5633 mb-
542 5555 703 5633 Desst
733 5556 784 5610 in
812 5555 990 5633 om.
1031 5626 1044 5633 _
1168 5626 1180 5633 _
1228 5628 1250 5633 _
1396 5626 1408 5633 _

1831 5553 1947 5611 Icm.
1976 5575 1996 5610 ι
2030 5557 2083 5610 In
2101 5553 2224 5633 εει,
2244 5560 2350 5613 εἴτε
2382 5560 2475 5614 καὶ
2501 5562 2591 5614 τὸν
2622 5560 2847 5633 βραχύν,
2876 5582 2893 5618 ι
2917 5564 3031 5622 sive
3054 5565 3194 5622 hanc
3217 5553 3383 5623 ctiam

233 5624 289 5703 2)
318 5624 577 5697 Ειδότες.
609 5625 741 5705 Reg.
770 5642 798 5682 a
835 5627 1003 5694 addit,
1029 5626 1278 5683 ἐκκαλεῖν
1314 5626 1428 5683 καί.

1831 5642 2048 5694 irevem,
2078 5628 2321 5701 exiguam
2352 5624 2785 5701 tunicamﬂet'é.

210 4856 323 4926 (97)
354 4856 457 4909 Δεῖ
479 4855 609 4927 γάρ,
636 4865 741 4912 etc.
761 4856 976 4911 Billius:
1000 4871 1021 4927 ι
1055 4852 1343 4923 Superiora
1375 4857 1516 4910 enim
1544 4857 1707 4910 Deum
