3914 6404
290 249 338 349 ν

515 254 657 310 124⁸1

1714 255 1771 311 S.
1814 255 2143 312 GREGORH
2183 253 2524 310 THEOLOGI
3615 253 3738 310 1248

508 369 736 440 copias?
763 369 938 437 Atque
967 366 1170 422 utinam
1197 376 1251 424 et
1275 383 1482 439 pannos
1511 370 1672 428 hosce
1708 387 1908 428 exuere
1941 389 2067 442 pos-
2097 420 2105 435 Α

2208 373 2371 426 ιτῶνα
2401 370 2590 424 τοῦτον
2629 368 2710 430 ὡς
2762 365 3020 438 τάχιστα,
3073 367 3157 420 ἵνα
3202 366 3352 421 λάϐω
3411 368 3741 440 κουφότερον.

506 477 642 527 sem,
678 469 737 514 ut
769 461 926 528 hujus
953 459 1076 513 vita
1102 459 1286 528 spinas
1313 461 1488 516 nudus
1515 477 1897 533 pereurrerem
1930 481 1943 517 :
1975 466 2078 518 uti-

507 569 632 606 nam
667 561 719 606 et
753 567 968 620 gravem
1008 553 1146 606 hanc
1175 553 1410 607 tunicam
1441 569 1602 622 quam
1635 556 1914 611 celerrime
1941 556 2081 624 abji-

509 659 733 709 cerem,
786 645 871 697 vel
927 643 1184 696 leviorem
1239 645 1562 714 acciperem.
1617 647 1870 702 Exsulem
1923 663 2083 701 voca-

508 737 679 790 bunt?
732 735 901 802 Quam
949 736 1181 790 demisse
1237 735 1301 790 de
1351 737 1505 792 nobis
1558 739 1800 792 sentiunt
1833 738 2081 793 homines

509 841 638 881 vere
663 826 1036 881 contumeliosi
1061 867 1075 891 ,
1111 837 1164 879 et
1205 827 1609 896 peregrinorum
1646 829 1879 882 inimici!
1922 829 2084 883 Estne

513 919 657 972 enim
695 919 823 973 mihi
843 960 858 984 ,
887 934 918 971 ο
950 919 1076 982 viri,
1105 920 1511 988 circumscripta
1544 921 1711 986 patria
1733 960 1748 984 ,
1779 921 1862 973 cui
1893 930 1947 973 et
1975 936 2086 974 om-

514 1009 600 1063 nis
630 1019 791 1074 terra,
822 1021 875 1064 et
905 1009 1046 1062 nulla
1083 1019 1225 1063 terra
1257 1012 1426 1078 patria
1462 1012 1586 1065 est?
1627 1011 1702 1064 Tu
1738 1027 1864 1064 vero
1907 1027 2083 1064 annon

515 1102 713 1170 hospes
746 1119 822 1166 es,
863 1112 916 1156 et
946 1104 1186 1157 advena?
1226 1104 1483 1171 Equidem
1512 1105 1897 1158 habitationem
1941 1114 2086 1159 tuam

515 1195 656 1247 haud
695 1194 870 1259 laudo,
904 1178 946 1249 si
981 1196 1052 1248 ita
1081 1197 1260 1248 animo
1292 1195 1561 1259 alliceris,
1599 1212 1664 1250 ne
1696 1212 1726 1250 a
1761 1211 1883 1251 vera
1918 1176 2087 1265 pati-ia

514 1286 753 1347 exeidas,
790 1287 852 1338 ad
885 1303 1044 1356 quam
1075 1287 1252 1341 omnis
1287 1289 1409 1341 vita:
1440 1288 1783 1342 conversatio
1809 1288 2090 1343 referenda

514 1383 614 1429 est.
643 1375 832 1432 Nonne.
862 1388 1196 1432 senectutem
1246 1389 1301 1432 et
1345 1380 1670 1434 valetudinis
1721 1379 2090 1435 inﬁrmitatem

515 1469 648 1522 mihi
704 1477 759 1522 ut
807 1472 1062 1538 probrum
1111 1471 1383 1540 objicies?
1428 1470 1498 1524 Ut
1543 1479 1718 1524 autem
1771 1485 2089 1524 arcanorum

517 1575 759 1615 meorum
815 1563 1088 1630 quidpiam
1142 1563 1452 1633 intelligas.
1506 1579 1608 1616 non
1652 1573 1731 1617 est
1767 1563 1868 1617 hoc
1921 1572 2090 1617 totum

516 1665 730 1706 carnea:
760 1654 876 1721 ejus
913 1653 1068 1707 molis
1105 1665 1158 1706 et
1188 1666 1392 1708 natura:
1425 1671 1592 1722 opus;
1643 1655 1895 1723 quiddam
1929 1655 2090 1708 etiam

2177 467 2522 536 Φυγόπατριν
2564 462 3022 526 ἁποκαλέσουσιν;
3055 461 3130 524 ὡς
3157 462 3324 532 μικρὰ
3348 461 3603 532 φρονοῦσι
3630 467 3751 534 περὶ

2181 556 2336 628 ὴμῶν
2377 555 2547 616 ὅντως
2578 550 2834 622 ὑϐρισταὶ
2881 551 2974 604 καὶ
3009 550 3307 622 μισόξενοιί
3355 552 3514 603 Ἐστι
3539 552 3647 623 γάρ
3673 571 3754 622 μοι

2182 648 2400 719 πατρὶς,
2429 641 2473 699 ὦ
2494 639 2662 710 οὗτοι,
2697 643 3103 716 περιγραπτδς,
3132 636 3178 711 ᾧ
3217 646 3366 696 πᾶσα
3409 645 3638 713 πατρὶς,
3671 645 3755 696 καὶ

2183 739 2441 810 οὑδεμία;
2497 739 2568 790 Σὺ
2624 735 2680 789 δὲ
2725 736 2788 788 οὑ
2845 734 2991 798 ξένος
3038 735 3131 788 καὶ
3187 735 3601 805 παρεπίδημοςς
3651 736 3755 786 Οὲκ

2185 831 2389 884 ἐπαινῶ
2426 846 2518 882 σου
2571 828 2669 898 τὴν
2701 827 3016 891 κατοικίαν,
3049 825 3113 879 ἂν
3142 826 3315 889 οὕτως
3356 827 3519 897 ἔχῃς,
3563 826 3638 896 μὴ
3665 825 3758 893 τῆς

2185 922 2444 992 ἀληθινῆς
2478 920 2734 990 πατρίδος
2762 917 3022 988 ἐκπέσῃς,
3065 919 3144 980 εἰς
3181 917 3246 987 ἣν
3277 915 3631 969 ἀποτίθεσθαι
3661 918 3758 986 χρὴ

2185 1013 2247 1066 τὸ
2280 1012 2599 1081 πολίτευμα.
2642 1010 2823 1080 Γῆρας
2855 1010 2930 1079 (7)
2967 1009 3022 1061 δὲ
3054 1009 3152 1060 οὑκ
3187 1008 3477 1070 ὀνειδίσαις
3507 1010 3643 1077 ἡμῖν
3673 1010 3759 1060 καὶ

2186 1104 2246 1156 τὸ
2276 1102 2539 1165 νοσῶδες;
2581 1102 2679 1170 οὐχ
2715 1099 2832 1153 ὅλον
2865 1098 3025 1151 τοῦτο
3075 1099 3173 1168 τῆς
3216 1098 3347 1168 ῦλης
3382 1100 3476 1151 καὶ
3521 1098 3623 1167 τῆς
3666 1098 3756 1165 φὺο

2191 1211 2346 1259 σεως,
2382 1193 2470 1246 ἵνα
2497 1192 2644 1261 εἰδῇς
2676 1207 2727 1243 τι
2749 1190 2858 1242 τῶν
2887 1189 3036 1259 ἐμῶν
3068 1190 3390 1261 ἀπορρήτων
3408 1206 3421 1217 ο
3450 1189 3600 1241 ἔστιν
3625 1190 3653 1240 ὃ
3678 1191 3760 1242 καὶ

2189 1285 2218 1336 ὁ
2255 1285 2514 1355 λογισμὸς
2547 1283 2916 1354 ἐδαπάνησεν,
2944 1283 3031 1334 ἵνα
3076 1282 3268 1352 μικρόν
3295 1298 3347 1333 τι
3380 1283 3758 1350 καυχήσωμαι.

2191 1377 2324 1430 Οὐδὲ
2381 1377 2445 1429 σὺ
2487 1375 2560 1445 (8)
2619 1373 2864 1446 σφριγῶν
2919 1390 3008 1443 μοι
3055 1372 3149 1426 xui.
3199 1375 3620 1445 σαρκο-τροφῶν,
3670 1374 3760 1444 ἡδὺ

2194 1469 2369 1540 θέαμα
2402 1468 2498 1539 (9).
2527 1467 2652 1520 Εἴθε
2678 1485 2730 1519 τι
2764 1467 2856 1519 καὶ
2886 1465 3076 1529 πολιᾶς
3103 1465 3326 1536 ἐπήνθει
3353 1483 3436 1519 σοι
3467 1469 3566 1519 καὶ
3599 1466 3764 1535 ὠχρό-

2193 1577 2372 1631 τητος,
2407 1561 2494 1613 ἵνα
2538 1557 2832 1629 πιστευθῇς
2868 1556 3000 1625 γοῦν
3049 1552 3188 1611 εἶναι
3222 1557 3439 1620 συνετὸς
3479 1559 3578 1610 καὶ
3623 1558 3763 1624 φιλό-

2198 1668 2376 1719 σοφος.

519 1747 656 1800 ratio
685 1749 1015 1816 absumpsit,
1087 1749 1214 1803 libet
1282 1751 1424 1804 enim
1469 1750 1740 1818 paululum
1789 1749 1990 1818 aliquid
2039 1746 2280 1818 gloriari.
2330 1746 2410 1799 Ne
2463 1754 2519 1799 tu
2569 1745 2784 1814 quidem
2850 1744 2983 1798 mihi
3027 1742 3326 1812 jucundum
3390 1744 3756 1810 spectaculum

517 1841 762 1909 prmhes,
799 1841 870 1893 ita
901 1851 1118 1910 vegetus
1167 1850 1221 1894 et
1271 1841 1636 1909 corpulentus.
1709 1845 1883 1911 Atque
1948 1841 2153 1894 utinam
2197 1837 2290 1890 tibi
2338 1852 2550 1906 quoque
2593 1836 2809 1890 canitiei
2870 1844 2926 1891 et
2976 1835 3193 1903 palloris
3225 1836 3504 1906 quidpiam
3542 1837 3760 1892 allusu

519 1943 678 1987 esset.
711 1941 766 1984 ut
804 1932 956 1985 ﬁdem
993 1931 1180 1986 saltem
1209 1942 1261 1986 et
1293 1934 1745 1988 existimationem
1785 1935 2080 2005 prudentia:
2121 1945 2184 1984 ac
2212 1928 2567 1998 philosophim
2597 1928 2902 1997 colligeres.

593 2023 704 2077 XV.
741 2023 875 2088 Quid
907 2023 1206 2091 praeterea?
1237 2023 1612 2092 Episcopatum
1642 2026 1999 2096 abrogabunt,
2029 2038 2092 2077 ac
2126 2025 2166 2079 Β

524 2114 734 2168 tlironis
765 2111 1060 2180 dejicient?
1113 2112 1177 2165 Et
1205 2127 1339 2179 quos
1378 2115 1590 2167 tandem
1614 2151 1629 2177 ,
1661 2123 1753 2166 aut
1787 2130 1959 2180 nunc,
1999 2122 2091 2165 aut

522 2216 682 2259 antea
709 2245 725 2268 ,
759 2215 1008 2272 prompto
1036 2214 1196 2272 atque
1233 2205 1388 2258 hilari
1436 2204 1616 2259 animo
1661 2203 1986 2259 conscendi?
2014 2204 2093 2255 An

523 2311 652 2352 vero
683 2312 809 2359 eos,
840 2298 928 2365 qui
965 2298 1260 2352 ascendunt
1284 2337 1298 2360 ,
1357 2297 1541 2351 beatos
1572 2297 1869 2366 prasdicare
1905 2296 2094 2350 soleo?

523 2385 673 2440 Tune
708 2387 837 2439 mihi
865 2402 958 2441 eos
989 2402 1182 2440 suaves
1219 2394 1274 2439 et
1303 2384 1576 2453 iucundos
1615 2386 1815 2447 reddis.
1850 2387 1921 2438 ita
1958 2385 2098 2438 indi~

525 2493 628 2545 gae
649 2477 1050 2530 conscendens?
1082 2477 1217 2542 Quid
1249 2477 1270 2530 ?
1303 2475 1378 2530 Ne
1404 2477 1515 2529 lucc
1548 2477 1760 2545 quidem
1791 2490 1909 2546 qua:
1932 2491 2100 2544 uuper

525 2569 862 2634 acciderunt,
891 2569 1055 2621 animi
1081 2570 1183 2621 mei
1209 2567 1532 2620 sententiam
1553 2566 1705 2621 vobis
1729 2565 2101 2621 declararunt?

526 2661 607 2714 An
642 2660 729 2712 illa
759 2674 970 2728 quoque
993 2659 1200 2713 delicia:
1221 2662 1463 2729 quaedam
1487 2667 1538 2711 et
1560 2657 1712 2724 iocus
1739 2669 1914 2722 erant,
1943 2667 2102 2726 atque

527 2753 693 2805 vestri
729 2767 854 2820 erga
891 2768 974 2805 me
1009 2751 1211 2805 amoris
1246 2761 1298 2805 et
1329 2751 1586 2805 desiderii
1628 2751 1965 2821 exploratio?
1999 2751 2103 2804 Va-

532 2841 603 2896 l'ri
647 2844 891 2896 homines
923 2843 1078 2895 facile
1109 2843 1470 2908 adducuntur,
1502 2851 1559 2894 ut
1589 2843 1714 2895 vitia
1747 2859 1841 2897 sua
1866 2844 1930 2898 de
1959 2842 2102 2907 aliis,

529 2936 730 3006 partim
787 2935 1154 3003 suspicentur,
1189 2933 1352 3005 483
1382 2936 1579 3003 partim
1623 2934 1933 3003 loquantur.
1966 2935 2103 3002 Quid

530 3043 662 3082 vero
691 3027 775 3080 illa
801 3027 1112 3097 Oppressio?
1136 3027 1271 3093 Quid
1291 3028 1392 3081 illa:
1417 3027 2000 3096 imprecationcs,quas
2023 3029 2110 3081 ad-

529 3133 722 3174 versus
749 3134 846 3172 uos
867 3120 1011 3188 ipsos
1028 3119 1242 3187 publice
1253 3119 1595 3188 concepimus
1614 3117 1636 3172 ?
1658 3117 1795 3184 Quid
1821 3119 1925 3172 illa:
1945 3118 2110 3188 lacry-

533 3225 653 3276 ιιιιε,
672 3227 790 3279 quae
806 3225 898 3265 vos
913 3211 1072 3265 etiam
1093 3212 1156 3264 ad
1174 3210 1595 3265 misericordiam
1613 3223 1916 3273 moverunt,
1934 3227 2115 3278 quam-

532 3304 616 3357 vis
637 3303 834 3369 alioqui
857 3314 1076 3372 propter
1099 3302 1518 3356 obluctationem
1539 3303 1664 3357 odio
1689 3316 1822 3370 pene
1837 3303 2113 3356 essemus?

2263 2021 2363 2075 IE’.
2405 2019 2470 2071 Τί
2522 2018 2636 2081 ἔτις
2688 2017 2907 2088 Θρόνων
2953 2018 3409 2090 καθαιρήσουσινς
3464 2019 3641 2074 Τίνων
3685 2019 3763 2095 ἄρ’

2194 2105 2267 2166 ὧν
2297 2113 2471 2184 ἡδέως
2505 2111 2731 2182 ἐπέϐην,
2765 2110 2797 2181 ἢ
2833 2111 2950 2174 νῦν,
2983 2111 3015 2181 ἦ
3053 2112 3346 2182 πρότερον;
3391 2113 3684 2184 μακαρίζω
3715 2116 3762 2169 δέ

2195 2203 2318 2264 τοὺς
2370 2201 2782 2263 ὲπιϐαίνοντας;
2828 2200 2899 2254 Σὺ
2941 2200 2998 2254 δέ
3057 2218 3146 2271 μοι
3196 2202 3420 2266 τούτους
3474 2204 3622 2274 ἡδεῖς
3665 2207 3763 2276 (10)

2198 2297 2391 2358 ποιεῖς,
2429 2294 2600 2358 οὕτως
2637 2292 2930 2346 ἐπιϐαίνων
2978 2293 3240 2359 άναξίως;
3286 2295 3422 2349 Οὐδὲ
3471 2295 3543 2349 τὰ
3589 2299 3764 2370 πρώην

2201 2387 2483 2458 συμϐάντα
2514 2386 2613 2458 τὴν
2662 2386 2800 2456 ἐμὴν
2843 2385 3067 2456 γνώμην
3098 2386 3227 2456 ὑμῖν
3263 2387 3568 2457 ἐδήλωσενς
3603 2390 3636 2460 ἢ
3679 2392 3764 2442 κά-

2200 2480 2352 2531 κεῖνα
2407 2477 2603 2549 θρύψις
2658 2494 2740 2540 τις
2787 2471 2873 2547 ἦν,
2929 2477 3021 2529 καὶ
3082 2476 3177 2528 τοῦ
3230 2476 3394 2530 πόθου
3449 2478 3762 2549 δοκιμασίας

2202 2573 2384 2626 Πάντα
2413 2569 2481 2624 ἂν
2510 2573 2558 2624 οἱ
2585 2569 2822 2640 τεχνικοὶ
2845 2571 2974 2640 περὶ
3004 2569 3199 2634 ἄλλων,
3229 2569 3294 2623 τὰ
3327 2571 3561 2637 ἑαυτῶν,
3586 2574 3653 2627 τὰ
3680 2575 3766 2644 μὲν

2204 2664 2577 2735 ὑπονοήσαιεν,
2606 2664 2674 2716 τὰ
2701 2661 2758 2715 δὲ
2786 2660 3011 2714 εἴποιεν.
3040 2661 3103 2713 Τί
3138 2661 3225 2714 δαὶ
3257 2664 3288 2731 ἡ
3327 2664 3588 2734 συντριϐή
3635 2666 3764 2735 (ll);

2203 2756 2255 2808 τί
2298 2755 2387 2808 δαὶ
2429 2756 2485 2809 αί
2536 2755 2702 2826 ἀραί,
2747 2753 2814 2814 ἃς
2849 2753 3084 2824 δημοσίᾳ
3117 2752 3238 2806 καθ’
3281 2755 3436 2825 ἡμῶν
3473 2755 3652 2808 αὐτῶν
3681 2775 3767 2809 πε-

2207 2847 2509 2918 ποιήμεθα;
2543 2846 2596 2898 τί
2640 2846 2723 2899 δαὶ
2775 2845 2840 2898 τὰ
2875 2845 3117 2918 δάκρυα,
3171 2846 3266 2900 καὶ
3305 2846 3366 2897 τὸ
3397 2846 3664 2909 ἐλεεινοὺς
3692 2865 3772 2915 γε·

2207 2938 2394 2992 νέσθαι
2429 2939 2556 3010 ὑμῖν
2585 2936 2804 3008 μικροῦ,
2835 2937 2928 2990 καὶ
2971 2935 3327 3006 μισουμένους
3354 2936 3444 2989 διὰ
3467 2938 3570 3008 τὴν
3600 2939 3772 2992 ἔνστα-

2211 3048 2328 3098 σιν;
2379 3031 2670 3104 Προεδρίας
2719 3031 3213 3102 ἀποστερήσουσιν;
3255 3032 3321 3100 ἣν
3369 3031 3500 3083 πότε
3560 3033 3650 3084 καὶ
3697 3032 3769 3095 τίς

2209 3122 2318 3174 τῶν
2365 3118 2423 3175 εὖ
2463 3121 2801 3191 φρονούντων
2850 3119 3156 3189 ἐθαύμασε;
3196 3119 3289 3173 νῦν
3339 3119 3393 3172 δὲ
3442 3120 3536 3172 καὶ
3569 3122 3629 3173 τὸ
3658 3120 3772 3189 ’,τεύ-

2212 3229 2350 3280 γειν,
2398 3212 2474 3276 ὡς
2504 3211 2632 3280 γοῦν
2679 3213 2801 3282 ἐμοὶ
2832 3211 3000 3272 δοκεῖ,
3036 3210 3250 3282 πρῶτον
3285 3211 3590 3273 συνέσεως·
3623 3212 3686 3263 δι’
3716 3213 3774 3280 ἦν

2217 3303 2393 3356 πάντα
2426 3304 2655 3356 δονεῖται
2699 3303 2793 3356 καὶ
2836 3302 3038 3355 σείεται
3083 3302 3152 3356 τὰ
3192 3302 3471 3374 ἡμέτερα’
3511 3304 3582 3356 δι’
3614 3305 3675 3373 ἦν
3714 3304 3773 3356 τὰ

534 3393 811 3449 Primariae
843 3395 986 3449 sedis
1019 3395 1331 3464 dignitatem
1372 3393 1525 3447 nobis
1567 3393 1833 3461 eripient?
1866 3393 2105 3459 Quisun-

2214 3395 2428 3465 πέρατα
2460 3396 2557 3465 τῆς
2581 3395 2906 3467 οἰκουμένης
2928 3395 2985 3447 ἐν
3009 3393 3232 3466 ὑποψίᾳ,
3255 3396 3346 3447 καὶ
3371 3395 3596 3465 πολέμῳ
3622 3395 3774 3466 κωφῷ

536 3499 696 3554 quam
718 3494 893 3537 mente
907 3484 1160 3551 prmditus
1176 3486 1310 3538 hanc
1325 3483 1624 3538 admiratus
1638 3492 1719 3538 est
1733 3485 1755 3538 ?
1769 3483 1918 3536 Nunc
1932 3493 2110 3538 autem

537 3575 723 3638 etiam,
749 3584 807 3626 ut
834 3574 961 3627 mihi
991 3575 1210 3642 quidem
1246 3574 1476 3640 videtur,
1514 3575 1966 3643 prudentissimus
2001 3583 2110 3640 est,

539 3666 781 3735 quisquis
816 3666 1102 3734 eanilugit.
1121 3665 1497 3733 Propterhane
1515 3666 1680 3731 enim,
1699 3680 1783 3720 res
1811 3681 2001 3720 omnes
2020 3682 2116 3721 no-

539 3755 964 3823 Strmjactantur
995 3772 1057 3810 ac
1088 3756 1508 3821 concutiuntur;
1541 3767 1762 3825 propter
1789 3757 1948 3821 hanc,
1980 3758 2113 3812 lines

541 3846 691 3900 orbis
731 3857 888 3898 terra:
925 3845 1233 3913 suspicione
1261 3856 1311 3899 et
1344 3847 1481 3900 bello
1508 3846 1767 3914 ﬂagrant,
1811 3863 1982 3917 eoque
2021 3848 2118 3903 ob-

544 3949 705 3989 scuro
734 3942 784 3988 et
820 3936 1034 4003 ignobili
1063 3952 1077 4001 ;
1126 3945 1343 4005 pr0pter
1367 3938 1525 4002 hanc,
1561 3937 1858 4006 periculum
1891 3947 1994 4002 est,
2028 3952 2116 4000 ne,

546 4027 690 4094 quia
728 4027 833 4080 Deo
865 4029 1031 4080 creati
1065 4045 1272 4092 sumus,
1303 4031 1616 4084 hominibus
1646 4031 2018 4099 subjiciamur,
2055 4045 2118 4084 ac

545 4132 795 4186 magnum
833 4119 981 4184 illud,
1007 4126 1273 4174 etuovum
1308 4136 1502 4175 nomen
1536 4121 1870 4176 amittamus.
1902 4121 2116 4176 Utinam

549 4212 728 4278 potius
763 4226 828 4263 ne
864 4210 1004 4266 ullus
1038 4212 1253 4281 quidem
1284 4215 1425 4268 sedis
1455 4215 1789 4283 principatus
1815 4223 1991 4278 esset,
2021 4228 2117 4269 uec

549 4300 653 4354 ulla
689 4301 789 4354 loci
819 4304 1057 4371 praelatio
1082 4344 1096 4368 ,
1133 4315 1183 4358 et
1211 4307 1493 4376 tyrannica
1526 4308 1876 4376 przerogativa
1905 4308 1918 4360 ί
1963 4318 2018 4360 ιιι
2051 4323 2118 4361 ex

547 4394 658 4448 sola
700 4397 902 4450 virtute
940 4411 1413 4465 coguosceremur.
1474 4398 1626 4454 Nunc
1665 4411 1844 4452 autem
1873 4399 2118 4453 dextrum

547 4487 653 4541 hoc
674 4525 690 4550 ,
719 4497 774 4542 et
807 4491 1124 4555 sinistrum,
1158 4507 1220 4546 ac
1248 4493 1484 4547 medium
1522 4493 1693 4560 latus,
1747 4502 1802 4548 et
1845 4492 2123 4547 sublimior

551 4590 713 4646 atque
746 4579 970 4635 inferior
1000 4584 1216 4652 gradus,
1247 4594 1302 4637 et
1329 4586 1637 4654 praecedere
1659 4625 1674 4646 .
1705 4594 1758 4640 et
1783 4585 1940 4639 simul
1975 4585 2122 4640 iure-

2214 3503 2320 3538 τινι
2365 3486 2457 3539 καὶ
2493 3486 2615 3539 οὐδὲ
2645 3486 2816 3558 ὄνομα
2849 3486 3025 3557 ἔχοντι
3046 3503 3060 3518 ⁸
3096 3486 3161 3539 δι’
3187 3487 3254 3557 ἤν
3280 3487 3666 3556 κινδυνεύομεν
3692 3490 3774 3540 άν-

2215 3574 2447 3646 θρὼπων
2485 3571 2621 3628 εἶναι
2644 3617 2660 3643 ,
2691 3576 2842 3648 παρὰ
2886 3575 3021 3628 Θεοῦ
3060 3576 3371 3644 γεγονότες,
3407 3577 3504 3629 καὶ
3537 3576 3600 3628 τὸ
3650 3577 3775 3645 μέγα

2214 3668 2309 3722 καὶ
2342 3667 2524 3721 καινὸν
2552 3666 2846 3721 ἀποϐαλεῖν
2881 3669 3073 3738 ὄνομα.
3121 3667 3208 3730 Ὠς
3237 3667 3430 3736 ὄφελόν
3459 3684 3523 3735 γε
3560 3661 3774 3736 μηδέἦν

2216 3759 2494 3832 προεδρία,
2521 3759 2654 3830 μηδέ
2683 3777 2764 3820 τις
2799 3759 2962 3812 τόπου
2991 3759 3340 3831 προτίμησις,
3373 3760 3467 3812 καὶ
3495 3759 3773 3828 τυραννικὴ

2214 3851 2511 3922 προνομίαί
2559 3851 2623 3906 ἵν’
2663 3848 2722 3916 ἐξ
2761 3852 2962 3923 άρετῆς
2993 3851 3159 3922 μόνης
3197 3850 3616 3919 ἐγινωσκόμεθα
3658 3850 3771 3920 (ΙΞ).

2213 3943 2328 3996 Νῦν
2373 3944 2429 3997 δὲ
2469 3943 2532 3995 τὸ
2570 3942 2742 4009 δεξιὸν
2781 3942 2970 4007 τοῦτο,
3017 3943 3110 3995 καὶ
3157 3941 3220 3996 τὸ
3254 3941 3576 4012 ἀριστερὸν,
3612 3942 3780 3994 καὶτὸ

2219 4036 2413 4107 μέσον,
2450 4034 2544 4087 καὶ
2587 4035 2648 4086 τὸ
2682 4033 3048 4104 ὑψηλότερον,
3102 4033 3196 4086 καὶ
3239 4033 3300 4085 τὸ
3342 4032 3773 4104 χθαμαλώτερον,

2215 4129 2307 4182 καὶ
2353 4127 2410 4180 τὸ
2449 4125 2798 4198 προϐαδίζειν
2827 4125 2859 4196 ἢ
2898 4125 3250 4197 συμϐαδίζειν
3272 4166 3287 4189 ,
3321 4125 3493 4178 πολλὰ
3525 4124 3774 4194 πεποίηκε

2224 4220 2293 4273 τὰ
2333 4219 2715 4290 συντρίμματα
2765 4218 2924 4291 ἡμῶν
2970 4218 3254 4289 διακενῆς,
3305 4219 3400 4271 καὶ
3452 4218 3683 4282 πολλοὺς
3713 4221 3774 4280 εἰς

2229 4313 2420 4384 βόθρον
2450 4306 2582 4374 ὦσε,
2618 4311 2714 4364 καὶ
2747 4312 2827 4374 είς
2867 4310 2963 4382 τὴν
2990 4310 3098 4362 τῶν
3129 4311 3332 4380 ἐρίφων
3361 4309 3544 4380 χώραν
3582 4311 3774 4380 ἀπήγα-

2226 4421 2320 4472 γεν
2341 4421 2354 4434 ·
2386 4405 2446 4457 οὑ
2489 4404 2598 4457 τῶν
2635 4402 2785 4456 κάτω
2817 4403 3008 4473 μόνον,
3048 4402 3160 4455 ἀλλ’
3205 4403 3305 4472 ἠδη
3345 4402 3440 4455 καὶ
3470 4401 3584 4455 τῶν
3614 4402 3774 4470 ποιμέ-

2228 4512 2354 4560 νων,
2389 4496 2438 4548 οἳ
2471 4494 2781 4549 διδάσκαλοι
2820 4493 2914 4546 τοῦ
2972 4492 3186 4564 Ἰσραὴλ
3218 4493 3401 4556 ὄντες.
3437 4491 3618 4546 ταῦτα
3645 4492 3778 4560 ἠγνό-

2229 4605 2386 4660 ησαν.

550 4671 681 4726 dere
702 4712 715 4734 ,
747 4675 942 4726 multas
973 4675 1126 4727 nobis
1148 4673 1452 4729 collisiones
1475 4675 1742 4728 incassum
1771 4683 2114 4744 pepererunt,
2156 4689 2221 4730 ac
2292 4677 2492 4732 multos
2557 4676 2607 4729 in
2641 4674 2848 4729 foveam
2879 4673 3226 4743 impulerunt,
3250 4681 3412 4740 atque
3435 4672 3502 4725 ad
3529 4673 3776 4725 hircorum

552 4767 829 4835 regionem
861 4764 1224 4828 abduxerunt,
1261 4780 1363 4819 non
1393 4764 1723 4836 plebeiorum
1754 4773 1984 4832 tantum,
2021 4766 2117 4820 sed
2155 4767 2319 4821 etiam
2343 4777 2644 4838 pastorum,
2669 4767 2782 4835 qui,
2810 4781 2931 4821 cum
2957 4764 3198 4835 magistri
3256 4763 3471 4819 lsraelis
3530 4762 3776 4818 εεεειιιυν

556 4860 668 4914 hare
701 4860 1098 4928 ignoraveruut.

554 4975 558 4978 -
617 4935 766 5006 'xvr.
808 4952 945 5018 Quid
999 4953 1218 5021 postea?
1254 4953 1334 5006 Ab
1379 4952 1641 5009 altaribus
1712 4954 2012 5008 arcebant?
2061 4953 2128 5007 At
2166 4962 2206 5016 ι)

559 5045 728 5102 altare
763 5045 904 5097 aliud
939 5046 1082 5108 scio,
1112 5045 1264 5113 cujus
1293 5045 1474 5114 ﬁgura:
1513 5055 1638 5099 sunt
1685 5060 1782 5112 ea,
1829 5060 1947 5113 qua:
1987 5060 2127 5100 nunc

557 5139 728 5192 θροις
763 5137 1032 5190 cernimus
1065 5149 1080 5189 :
1112 5150 1274 5202 super
1299 5136 1440 5204 quod
1470 5151 1568 5191 nec
1595 5137 1760 5196 ascia,
1805 5150 1903 5190 nec
1932 5149 2124 5190 manus

560 5231 840 5294 ascendit,
872 5245 970 5284 nec
1013 5228 1252 5294 ferrum,
1281 5245 1380 5284 nec
1424 5229 1589 5282 ullum
1622 5228 1890 5283 artificum
1920 5229 2124 5283 instru~

641 5345 684 5376 ¹⁵
715 5345 867 5400 Joau.
899 5361 978 5409 ιιι,
1011 5346 1098 5401 10.

637 5476 713 5553 (ἶ)
752 5478 972 5553 ιῖῆγτᾳς.
1008 5477 1254 5553 Plerique
1286 5481 1464 5553 codd.,
1494 5482 1557 5535 τὸ
1587 5482 1784 5553 γῆρας.

642 5547 716 5619 (8⁷)
761 5547 911 5619 Οὑδὲ
943 5550 1043 5602 σύ.
1083 5547 1214 5619 Reg.
1240 5565 1292 5613 a,
1327 5553 1390 5604 σὺ
1421 5552 1476 5604 δὲ
1509 5553 1591 5605 οὑ.

643 5617 1150 5706 ςθξηᾙδιξρέαιέᾳ,
1169 5617 1245 5706 ίιιι
1275 5622 1733 5706 ιιὶοιιιιιιιιὶεημέγα
1765 5621 1962 5706 θέαμα,

651 5688 763 5760 (10)
815 5687 1024 5758 Ἡδεῗς.
1058 5688 1245 5746 Plures
1276 5691 1440 5762 llegg.
1471 5702 1523 5748 et
1567 5687 1900 5761 (ἱοιίιηειςζ,
1935 5692 2143 5765 ἡδίους.

2303 4954 2419 5020 tq'.
2482 4950 2896 5023 Θυσιαστηρίων
2971 4949 3275 5021 εἷρξουσιν;
3320 4948 3463 5001 Ἀλλ’
3522 4944 3644 5002 οἶδα
3709 4931 3780 5000 καὶ

2233 5045 2358 5100 ἄλλο
2390 5042 2500 5113 (15)
2549 5042 2950 5113 θυσιαστήριον,
2985 5037 3044 5096 οὗ
3081 5041 3241 5095 τύποι
3286 5041 3354 5094 τὰ
3393 5040 3487 5092 νῦν
3512 5038 3775 5110 ὁρώμενα·

2232 5137 2316 5205 ἐφ’
2348 5134 2376 5187 ὃ
2419 5133 2772 5203 λαξευτήριον
2800 5134 2899 5185 οὑκ
2929 5132 3264 5203 ἀναϐέϐηκεν
3285 5171 3299 5193 ,
3333 5131 3459 5184 οὑδέ
3503 5131 3653 5200 χεὶρ,
3690 5127 3781 5181 οὐδὲ

2230 5226 2469 5299 ἠκούσθη
2525 5225 2760 5298 σίδηρος,
2791 5226 2827 5296 ἦ
2877 5243 2926 5281 τι
2983 5225 3194 5297 (ιιι-ιδ)
3234 5224 3342 5278 τῶν
3398 5223 3666 5294 τεχνιτῶν
3710 5220 3780 5274 καὶ

2317 5479 2430 5550 (Hi
2479 5478 2549 5550 ΪΗ
2581 5473 3066 5550 συντριϐήηϐοιίι.
3093 5475 3144 5550 l‘2
3178 5475 3239 5550 αί
3264 5470 3575 5550 συντριϐαί,

2318 5537 2362 5620 fl
2374 5550 2429 5616 2)
2481 5537 2969 5620 Ἐγιιήωσῖιόμὲθω
3001 5546 3104 5620 Sa_v
3110 5545 3144 5620 il
3153 5585 3166 5599 .
3177 5537 3457 5620 ,ᾎὲπιγ-ινω
3464 5537 3734 5610 σκώμεθα.

2319 5613 2429 5688 (15)
2468 5613 2575 5673 και
2603 5618 2774 5670 ἄλλο.
2794 5613 2964 5688 peest
2989 5615 3080 5688 καί
3109 5617 3159 5669 in
3190 5613 3321 5688 Reg,
3353 5615 3466 5688 bin.

2321 5680 2530 5761 (tl-15)
2574 5690 2650 5744 Ἦ
2683 5704 2752 5740 τι.
2788 5685 2978 5742 Plures
3003 5685 3168 5758 liegg.
3199 5695 3252 5740 et
3277 5680 3464 5750 Colb.,
3489 5680 3620 5736 οὕτε
3650 5695 3719 5733 τι.
