3914 6404
107 314 243 369 ιειο

1198 299 1453 359 ORATIO
1494 296 1686 353 XXVI.
1728 327 1794 338 —-—
1834 297 1897 352 IN
1943 296 2264 357 SEIPSUM.

3211 271 3345 355 uiso

109 437 384 499 ποικίλων,
410 433 524 487 ἀλλ’
563 431 682 486 ὅλον
716 429 826 502 (16)
867 425 958 481 τοῦ
997 424 1089 479 νοῦ
1116 424 1177 477 τὸ
1205 423 1386 495 ἔργον,
1437 421 1532 474 καὶ
1585 419 1673 472 διὰ

1809 427 2015 473 mentum
2045 417 2284 471 auditum
2312 414 2488 482 est“,
2517 412 2612 468 sed
2655 414 2852 469 mentis
2885 422 3052 468 totum
3079 413 3181 468 hoc
3211 431 3348 483 opus

109 527 335 598 Θεωρίας
397 527 430 595 ἡ
483 523 746 586 ἀνάϐασις
801 521 934 592 (17).
988 516 1175 587 Τούτῳ
1231 514 1673 586 παραστήσομαι,

108 614 279 684 τούτῳ
304 612 448 665 θύσω
475 611 662 676 δεκτὰ,
695 609 914 671 θυσίαν,
943 607 1037 660 καὶ
1065 605 1398 677 προσφορὰν,
1435 603 1530 656 καὶ
1564 602 1680 656 ὁλο-

110 705 474 777 καυτώματα,
509 703 793 776 κρείττονα
829 700 937 755 τῶν
973 701 1065 756 νῦν
1100 697 1543 770 προσαγομένων,
1573 695 1680 765 ὅσῳ

111 801 351 868 κρεῖττον
386 798 542 859 σκιᾶς
565 794 792 866 ἀλήθεια
811 811 824 824 ·
856 793 983 865 περὶ
1011 785 1070 846 οὖ
1107 808 1195 862 μοι
1221 790 1370 843 δοκεῖ
1395 790 1488 842 καὶ
1517 786 1681 840 Δαῦὶδ

110 892 136 941 6
171 889 345 958 μέγας
373 887 679 958 φιλοσοφεῖν
696 925 710 950 ,
735 885 926 954 λέγων’
948 885 1057 940 Καὶ
1083 882 1502 951 εἰσελεύσομαι
1532 879 1682 949 πρὸς

111 982 175 1036 τὸ
206 980 636 1048 θυσιαστήριον
655 979 760 1034 τοῦ
789 977 956 1043 Θεοῦ,
984 975 1090 1029 τοῦ
1115 975 1544 1044 εὐφραίνοντος
1570 970 1683 1039 τὴν

110 1073 520 1143 πνευματικήν
536 1089 656 1140 μου
688 1071 960 1136 νεότητα.
993 1067 1196 1120 Τούτου
1238 1067 1336 1136 μὲν
1363 1066 1463 1118 οὐκ
1485 1063 1682 1128 ἀπάξει

114 1185 180 1237 με
210 1166 302 1220 τοῦ
333 1164 716 1236 θυσιαστηρίου
747 1164 854 1225 πᾶς
885 1162 913 1213 6
955 1159 1296 1231 βουλόμενος.
1336 1158 1547 1220 Πόλεως
1581 1157 1685 1210 ὰπ-

112 1259 422 1322 ελὰσουσιν;
464 1257 578 1310 ἀλλ’
619 1256 739 1326 οὐχὶ
773 1255 868 1308 καὶ
910 1255 1008 1325 τῆς
1045 1253 1158 1307 ἄνω
1198 1251 1476 1321 κειμένης.
1516 1248 1685 1302 Τοῦτο

109 1350 489 1422 δυνηθήτωσαν
517 1349 564 1400 οἱ
609 1345 893 1417 μισοῦντες
928 1345 1111 1415 ἡμᾶς,
1163 1343 1258 1396 καὶ
1311 1342 1478 1404 ὄντως
1519 1358 1685 1393 πεπο-

111 1441 455 1510 λεμήκασιν·
493 1437 597 1499 ἕως
624 1435 668 1488 δ’
711 1434 776 1488 ἂν
813 1433 886 1504 μὴ
929 1432 1087 1486 τοῦτο
1119 1431 1230 1502 (18)
1259 1428 1544 1490 δύνωνται,
1598 1428 1687 1497 ρα-

110 1531 221 1583 νίσι
279 1527 592 1599 βάλλουσιν,
643 1525 675 1597 ἢ
727 1523 921 1595 αὔραις
972 1522 1260 1586 παίουσιν,
1316 1519 1349 1592 ἢ
1403 1519 1686 1582 παίζουσιν

111 1623 372 1676 ἐνύπνια·
420 1619 593 1682 οὕτως
649 1617 827 1670 αὐτῶν
885 1614 997 1686 ἐγὼ
1049 1615 1229 1685 βλέπω
1283 1613 1374 1666 τὸν
1430 1611 1683 1681 πόλεμον.

112 1713 425 1786 Χρημάτων
489 1711 970 1783 περιαιρήσουσιν;
1033 1708 1241 1772 Τίνων;
1299 1706 1363 1758 Ei
1421 1704 1518 1774 μὲν
1577 1702 1686 1755 τῶν

112 1804 283 1874 ἐμῶν,
312 1803 407 1857 καὶ
444 1802 552 1856 τῶν
600 1800 886 1874 πτερύγιον
921 1799 1434 1871 περικοπτὲτωσαν,
1481 1787 1554 1847 ὧν
1587 1795 1686 1847 οὐκ

112 1897 478 1967 ὲπιδέϐλημαι
499 1913 513 1925 '
543 1897 589 1948 εί
619 1895 676 1947 δὲ
705 1893 812 1946 τῶν
840 1893 937 1963 τῆς
976 1890 1300 1960 Ἐκκλησίας
1319 1928 1334 1952 ,
1359 1886 1516 1940 τοῦτό
1542 1889 1687 1940 ἐστιν

115 1989 257 2059 ὑπὲρ
281 1981 341 2041 οὗ
362 1988 468 2050 πᾶς
494 1988 521 2038 6
547 1984 779 2056 πόλεμος
800 2000 812 2014 ·
837 1983 903 2036 δι’
925 1981 961 2035 ἃ.
981 1981 1273 2052 ζηλοτυπεῖ
1297 1978 1406 2051 (19)
1432 1979 1494 2032 τὸ
1516 1977 1691 2047 γλωσ-

117 2080 348 2148 σόκομον
368 2079 394 2130 6
416 2077 673 2147 κλέπτης,
701 2077 794 2130 καὶ
813 2074 902 2128 τὸν
924 2074 1054 2126 Θεὸν
1082 2073 1370 2143 προδίδωσι
1396 2072 1691 2143 τριάκοντα

113 2168 428 2240 ἀργυρίων,
463 2167 522 2219 τὸ
556 2166 877 2219 δεινότατον.
925 2162 1190 2216 Τοσούτου
1223 2162 1336 2234 (20)
1367 2163 1498 2234 γὰρ,
1535 2162 1633 2234 οὐχ
1665 2163 1693 2216 6

116 2261 523 2333 προδιδόμενος,
554 2257 666 2311 ἀλλ’
698 2260 726 2310 6
758 2255 1038 2328 προδιδοὺς
1068 2253 1233 2319 ἄξιος.

192 2526 294 2579 IZ'.
338 2523 524 2586 Οἰκίας
578 2519 993 2584 ἁποκλείσουσι;
1055 2515 1278 2590 Τρυφὰς
1329 2516 1440 2587 (21)
1477 2517 1696 2586 περικό-

117 2616 314 2686 ψουσις
354 2614 542 2675 Φίλους
591 2609 1046 2682 ἀλλοτριώσουσι;
1077 2610 1224 2662 Πάνυ
1263 2608 1392 2680 γὰρ,
1432 2609 1506 2670 ὡς
1542 2609 1694 2678 ὁρᾷς.

122 2707 394 2759 πλείστων
424 2704 531 2773 (22.)
566 2702 1054 2773 κατεναρκήσαμεν
1075 2739 1090 2763 ,
1125 2699 1365 2767 καίτοιγε
1400 2698 1700 2770 προκαλου-

127 2799 307 2868 μένων
341 2796 449 2867 (9.3)
488 2795 568 2864 (οὐ
601 2794 707 2866 γὰρ
749 2794 1186 2865 ἀχαριστήσομεν
1209 2793 1226 2862 )
1249 2809 1261 2821 ·
1288 2793 1336 2844 εἰ
1359 2792 1414 2844 δὲ
1451 2791 1542 2843 καὶ
1567 2807 1698 2843 κατ-

121 2891 531 2961 εναρκήσαμεν,
547 2888 624 2958 τῷ
639 2886 914 2956 φείδεσθαι
930 2886 1172 2957 μᾶλλονῆ
1191 2884 1267 2956 τῷ
1284 2883 1700 2956 προσίεσθαι.Τὸ

120 2982 179 3034 δὲ
195 2984 392 3042 αἴτιον,
410 2977 556 3042 οἶκός
574 2997 662 3043 τις
680 2981 984 3034 ἀνέπαυσεν
1004 2980 1149 3049 ἡμᾶς
1179 2977 1410 3046 εὐσεϐὴς
1445 2977 1537 3029 καὶ
1554 2975 1702 3044 φιλό-

122 3080 269 3144 θεος,
287 3081 380 3133 καί
393 3073 504 3142 οἶος
520 3079 609 3132 τὸν
626 3077 928 3129 Ἐλισσαῖον
939 3072 1076 3141 ὁτῆς
1090 3055 1489 3141 Σουναμίτιδος,
1509 3085 1700 3137 συγγε-

123 3172 236 3227 νῶν
253 3171 314 3224 τὸ
332 3171 511 3241 σῶμα,
534 3165 811 3237 συγγενῶν
841 3165 901 3218 τὸ
920 3163 1158 3234 πνεῦμα,
1177 3162 1356 3215 πάντα
1383 3160 1662 3230 φιλότιμος
1682 3176 1694 3188 ·

123 3267 259 3338 παρ’
282 3262 361 3323 οἷς
391 3265 485 3318 καὶ
501 3265 528 3316 ὁ
553 3262 679 3324 λαὸς
691 3255 841 3322 οὗτος
874 3257 1073 3326 ἐπάγη,
1109 3255 1351 3309 κλέπτων
1372 3254 1451 3307 ἔτι
1467 3255 1564 3324 τὴν
1575 3254 1700 3307 διω-

125 3357 371 3428 κομένην
405 3353 706 3415 εὐσέϐειαν,
733 3352 835 3404 οὐκ
853 3349 1043 3412 ἀδεῶς,
1079 3347 1197 3400 οὐδὲ
1226 3345 1538 3409 ἀκινδύνως.
1583 3346 1701 3398 Ἀν-

123 3448 457 3520 τιμετρήσαι
509 3442 656 3514 αύτῷ
699 3443 903 3513 Κύριος
949 3442 1006 3493 ὲν
1047 3439 1229 3509 ἡμέρα
1259 3437 1698 3500 ἀνταποδόσεωςι

125 3539 354 3610 Τρυφὴν
381 3537 437 3590 δὲ
469 3538 516 3589 εί
547 3534 814 3603 διώκομεν
843 3531 978 3601 (21),
1012 3530 1348 3600 τρυφήσαιεν
1393 3528 1514 3581 καθ’
1549 3528 1703 3598 ἡμῶν

123 3634 176 3683 οἱ
227 3628 511 3700 μισοῦντες
553 3628 731 3697 ἡμᾶς·
762 3625 822 3678 ού
862 3623 970 3695 γὰρ
1005 3623 1130 3680 ἄλλο
1162 3640 1213 3674 τι
1251 3621 1433 3692 μεῖζον
1485 3620 1706 3691 ἐμαυτῷ

126 3719 533 3790 καταράσομαι.
577 3715 748 3768 Φίλων
787 3713 865 3777 δὲ,
906 3715 953 3765 οἱ
989 3712 1086 3782 μὲν
1122 3711 1242 3764 οὐδὲ
1281 3710 1580 3779 πάσχοντες
1609 3727 1707 3762 κα·-

125 3813 266 3876 κῶς,
300 3806 357 3865 εὖ
390 3807 524 3872 οἶδα,
555 3808 835 3878 φεύξονται
865 3807 1015 3876 ἡμᾶς
1045 3805 1122 3874 (τὸ
1149 3803 1256 3877 γὰρ
1287 3801 1706 3865 συναδικεῖσθαι,

125 3905 227 3958 καὶ
256 3903 537 3970 συναλγεῖν
565 3898 831 3968 πεποίηκε
856 3896 908 3966 )’
943 3894 1052 3947 τῶν
1079 3895 1132 3946 δὲ
1157 3894 1254 3966 ἤδη
1288 3892 1711 3963 γεγυμνάσμεθα

126 3997 229 4048 καὶ
264 3992 670 4065 ὑπερορώμενοι
715 3989 902 4060 φέρειν
932 3987 1030 4058 τὴν
1080 3985 1401 4057 ὑπεροψίαν.
1445 3985 1566 4038 Τῶν
1602 3985 1712 4054 γὰρ

127 4088 306 4158 φίλων
336 4086 426 4140 καὶ
449 4084 557 4136 τῶν
579 4082 803 4152 πλησίον
835 4079 968 4151 (25),
1001 4079 1050 4131 οἱ
1105 4079 1203 4149 μὲν
1233 4078 1326 4132 καὶ
1351 4077 1600 4149 φανερῶς
1644 4078 1713 4142 ἐξ

127 4178 415 4243 ἐναντίας
446 4175 554 4248 (96)
597 4174 858 4243 ἤγγισαν
890 4171 986 4225 καὶ
1022 4171 1319 4237 ἔστησαν
1348 4172 1398 4223 οἱ
1425 4171 1503 4235 δὲ,
1536 4171 1596 4223 τὸ
1609 4187 1760 4240 ,φλ-τη,

128 4268 618 4344 λανθριοιπότατον,
667 4262 785 4316 ἀπὸ
834 4262 1133 4332 μακρόθεν
1176 4261 1468 4328 ἔστησαν,
1523 4261 1615 4313 καὶ
1659 4262 1716 4314 ὲν

128 4367 203 4434 τῇ
234 4343 387 4416 νυκτί
413 4345 584 4429 ταύτῃ
615 4357 813 4418 πάντες
838 4352 1351 4424 ἐσκανδαλίσθησαν.
1385 4352 1597 4423 Μικροῦ
1623 4353 1716 4405 καὶ

1779 519 1892 570 est,
1936 522 2105 574 coque
2148 521 2241 576 per
2267 505 2768 574 contemplationem
2801 503 3168 558 subvehimur.
3210 503 3348 559 I’luic

1781 600 2010 664 astabo,
2060 614 2222 668 super
2268 598 2398 652 illud
2451 607 2604 668 grata
2649 595 2972 662 immolabo,
3023 598 3348 654 sacrilicium

1783 705 1994 759 nempe,
2025 697 2077 742 et
2104 689 2457 754 oblationem,
2489 700 2542 741 ct
2573 689 2906 752 holocausta,
2943 699 3091 743 tanto
3115 690 3202 754 iis,
3232 705 3351 759 quae

1785 797 1923 837 nunc
1947 779 2268 845 olI'eruntur,
2305 781 2692 835 excellentium
2717 821 2730 844 ,
2767 789 2968 849 quanto
3003 783 3204 836 veritas
3240 799 3352 835 um-

1784 877 1892 930 bra:
1923 874 2213 928 antecellit.
2267 874 2342 926 De
2371 889 2478 943 quo
2517 873 2644 927 tnihi
2671 889 2886 943 quoque
2918 874 3085 927 David
3112 873 3350 942 philoso-

1783 967 1934 1037 phari
1980 966 2210 1030 videtur,
2248 981 2368 1020 cum
2400 967 2475 1020 ait
2508 982 2522 1019 :
2555 963 2624 1018 Et
2666 968 2890 1020 introibo
2939 968 3006 1019 ad
3035 966 3201 1020 altare
3230 967 3347 1031 Dei,

1783 1059 1872 1127 qui
1899 1057 2223 1126 spiritualem
2248 1074 2412 1112 meam
2435 1058 2757 1127 juventutem
2788 1059 3021 1128 lwtiﬁcat
3041 1060 3104 1114 ¹⁷.
3133 1060 3213 1113 Ab
3249 1061 3348 1114 hoc

1785 1149 1937 1203 altari
1971 1163 2054 1202 me
2088 1165 2191 1203 non
2223 1150 2532 1213 abstrahet,
2564 1150 2810 1218 quisquis
2841 1152 3002 1204 volet.
3053 1150 3094 1203 E
3133 1151 3350 1206 civitate

1786 1240 2037 1306 ejicient?
2069 1239 2265 1295 Verum
2298 1255 2400 1294 non
2429 1241 2498 1295 ita
2523 1255 2590 1295 ex
2614 1257 2699 1310 ea,
2729 1258 2846 1311 qua:
2873 1243 2925 1296 in
2951 1242 3087 1297 caelo
3114 1244 3214 1297 sita
3245 1252 3352 1298 est.

1787 1330 1903 1385 IIoc
1946 1331 1990 1387 si
2023 1331 2232 1386 elﬁcere
2266 1342 2486 1399 possent
2526 1332 2583 1395 ii,
2625 1332 2714 1402 qui
2763 1348 2861 1387 nos
2901 1333 3102 1386 invisos
3133 1334 3355 1398 habent,

1787 1439 1915 1478 vere
1948 1424 2144 1479 bellum
2175 1424 2463 1479 inferrent.
2495 1422 2744 1490 Quandiu
2782 1435 2963 1479 autem
3005 1425 3226 1478 minime
3261 1440 3359 1494 po-

1791 1517 2012 1582 tuerint,
2040 1515 2266 1585 guttulis
2294 1531 2446 1584 aquae
2473 1531 2559 1570 me
2583 1525 2790 1585 petunt,
2821 1527 2912 1570 aut
2940 1517 3111 1571 ventis
3134 1517 3356 1585 feriunt,

1790 1616 1883 1660 aut
1916 1608 1966 1660 in
2004 1607 2210 1662 somnis
2246 1607 2460 1661 ludunt.
2515 1606 2604 1661 Sic
2648 1607 2792 1660 enim
2837 1621 3020 1661 eorum
3054 1608 3249 1662 bellum
3283 1610 3359 1663 in-

1796 1708 2079 1768 terpretor.
2120 1698 2399 1753 Pecunias
2456 1699 2729 1768 eripient?
2772 1698 2918 1765 Quas
2975 1700 3234 1755 tandem?
3299 1701 3358 1756 Si

1791 1807 1939 1846 meas
1970 1792 2214 1860 quidem,
2247 1790 2347 1859 ipsi
2378 1791 2566 1845 eadem
2596 1807 2760 1861 opera
2791 1807 2994 1862 pennas
3021 1795 3204 1857 etiam,
3239 1793 3360 1861 qui-

1790 1883 1891 1936 bus
1919 1883 2141 1937 minime
2167 1883 2384 1937 indutus
2412 1899 2528 1938 sum
2557 1924 2572 1949 ,
2603 1885 2940 1940 abscindant.
2971 1887 3026 1940 Si
3054 1897 3231 1940 autem
3262 1887 3361 1940 Ec-

1793 1975 1973 2030 clesiae
1999 2016 2014 2040 ,
2055 1975 2182 2030 illud
2213 1977 2414 2046 quippe
2444 1985 2547 2042 est,
2578 1993 2676 2046 pro
2709 1993 2815 2047 quo
2851 1978 3050 2032 bellum
3080 1993 3240 2034 omne
3268 1994 3362 2049 ge-

1792 2070 1951 2123 ritur.
2004 2066 2084 2123 Οι)
2135 2069 2390 2137 pecunias
2440 2068 2526 2126 fur
2564 2071 2652 2126 ille
2684 2071 2948 2142 zelotypia
2992 2087 3120 2141 erga
3152 2087 3364 2126 crume-

1793 2176 1918 2214 nam
1948 2170 2141 2214 testuat
2164 2161 2227 2222 ⁸⁸.
2267 2176 2332 2216 ac
2358 2160 2528 2216 Deum
2558 2167 2736 2233 prodit
2763 2205 2778 2228 ,
2807 2176 2858 2219 et
2883 2205 2897 2228 ,
2931 2165 3073 2234 quod
3111 2165 3364 2230 gravissi-

1795 2267 1940 2305 mum
1989 2260 2110 2314 cst,
2163 2251 2384 2321 triginta
2432 2256 2703 2324 argenteis
2744 2255 3014 2308 vendit".
3053 2254 3220 2327 484
3256 2254 3366 2310 ιτιυο

1794 2342 1937 2396 enim
1969 2343 2143 2410 pretio
2188 2344 2382 2412 dignus
2427 2354 2544 2400 erat
2569 2386 2584 2411 ,
2613 2363 2717 2401 non
2753 2347 2842 2417 qui
2889 2349 3247 2417 prodebatur,
3273 2349 3367 2402 sed

1796 2435 1887 2502 qui
1926 2434 2207 2502 prodebat.

1873 2523 2030 2578 XVII.
2071 2525 2143 2579 At
2177 2527 2336 2581 domo
2370 2528 2700 2584 excludent?
2732 2530 2964 2586 Delicias
3012 2531 3370 2585 resecabunt?

1799 2615 2110 2670 Amicorum
2148 2616 2363 2678 animos
2389 2633 2419 2671 a
2452 2619 2612 2673 nobis
2639 2620 2926 2674 avertent?
2962 2602 3264 2675 Permultos
3291 2620 3374 2673 vi«

1801 2706 1996 2761 delicet
2025 2710 2371 2777 gravavimus
2393 2749 2409 2774 ,
2447 2711 2696 2780 quamvis
2727 2713 2796 2765 ab
2831 2711 2963 2780 ipsis
3003 2711 3211 2764 invitati
3245 2713 3372 2782 (non

1801 2796 1944 2850 enim
1973 2798 2166 2867 ingrati
2195 2799 2370 2852 animi
2398 2801 2530 2853 vitio
2566 2801 2971 2871 laboravimus).
3001 2802 3152 2868 Quod
3175 2803 3219 2856 si
3249 2818 3375 2873 gra-

1803 2887 2070 2953 vavimus,
2099 2889 2150 2942 id
2187 2891 2461 2958 parcendo
2491 2893 2691 2960 potius,
2717 2907 2877 2962 quam
2909 2893 3225 2961 accipiendo
3256 2893 3374 2947 l'uit.

1804 2977 1974 3047 Ilujus
2007 2982 2080 3035 rei
2109 2983 2153 3037 si
2189 2999 2407 3037 causam
2435 2985 2711 3052 qumritis,
2759 2985 2950 3039 domus
2995 2985 3242 3054 qumdam
3290 2985 3377 3054 pia

1807 3070 2014 3141 Deique
2054 3089 2238 3128 amore
2271 3074 2527 3146 ﬂagrans,
2565 3092 2670 3131 non
2723 3093 2880 3131 secus
2927 3085 3092 3145 atque
3140 3076 3377 3132 Eliseum

1805 3156 2156 3214 Sunamitidis
2182 3160 2375 3216 domus
2399 3165 2465 3229 ’°,
2503 3179 2600 3217 nos
2637 3164 2958 3219 refocillavit
2983 3205 2998 3230 ,
3035 3167 3259 3228 domus.
3293 3167 3378 3219 in-

1801 3263 1998 3317 quam,
2029 3250 2340 3317 hominum,
2375 3255 2465 3323 qui
2518 3265 2630 3308 tum
2688 3257 2929 3325 corporis
2953 3297 2968 3319 ,
3013 3266 3123 3310 tum
3159 3256 3381 3325 spiritus

1803 3343 2124 3407 cOgnatione
2155 3358 2365 3397 mecum
2393 3345 2666 3414 conjuncti
2693 3357 2847 3412 sunt,
2871 3364 2936 3402 ac
2964 3347 3220 3418 singulari
3249 3347 3382 3402 Iibe-

1805 3431 2015 3486 ralitate
2043 3435 2274 3502 praediti,
2301 3437 2441 3504 apud
2467 3453 2602 3506 quos
2638 3440 2724 3494 hic
2750 3455 2963 3508 quoque
2986 3440 3212 3509 populus
3231 3455 3380 3497 com-

1807 3533 1995 3590 pactus
2024 3537 2128 3592 est,
2161 3540 2281 3581 cum
2311 3530 2637 3600 exagitatam
2673 3540 2726 3585 et
2757 3543 3004 3586 vexatam
3052 3533 3174 3588 ﬁdei
3213 3533 3384 3602 pieta-

1810 3620 1912 3666 tem
1945 3615 2118 3669 adhuc
2147 3618 2466 3688 surripcrct,
2495 3634 2837 3690 nequaquam
2869 3621 3036 3676 libere
3057 3663 3071 3686 ,
3114 3637 3213 3677 uec
3266 3623 3384 3678 sine

1809 3705 2364 3778 pcriculo.Rependat
2393 3710 2465 3763 illi
2491 3712 2750 3766 Dominus
2775 3713 2826 3766 in
2861 3713 2947 3767 die
2976 3716 3382 3772 retributionis!

1810 3797 2037 3854 Delicias
2064 3812 2242 3855 autem
2274 3801 2320 3855 si
2361 3814 2762 3869 consectantur,
2793 3804 3092 3861 elferantur
3123 3809 3386 3864 adversus

1813 3913 1951 3960 nos,
2001 3897 2091 3965 qui
2141 3896 2296 3950 nobis
2346 3896 2658 3951 inimicitias
2695 3898 3040 3965 indixerunt;
3091 3914 3190 3954 nec
3241 3901 3386 3954 enim

1814 3988 2030 4058 gravius
2058 3987 2200 4041 aliud
2227 3988 2523 4057 quidquam
2553 3988 2911 4057 imprecahor.
2942 3991 3091 4056 Quod
3114 4001 3294 4046 autem
3321 3992 3390 4047 ad

1815 4080 2017 4134 amicos
2037 4079 2248 4143 attinet,
2275 4079 2387 4145 alii,
2414 4089 2498 4133 sat
2523 4081 2658 4144 scio,
2691 4096 2758 4134 ne
2783 4081 2895 4136 laesi
2920 4082 3156 4150 quidem,
3188 4099 3285 4137 nos
3309 4084 3391 4137 l'u-

1763 4169 1962 4240 mgient
1989 4167 2135 4235 (nam
2165 4169 2198 4221 ii
2229 4170 2446 4222 demum
2481 4168 2683 4223 doloris
2717 4171 2894 4225 socios
2922 4186 2980 4224 se
3004 4173 3267 4240 prmbent,
3297 4173 3390 4242 qui

1819 4260 2014 4327 injuria
2045 4259 2204 4313 simul
2235 4259 2566 4330 afﬁciuntur)
2597 4279 2610 4313 :
2651 4261 2878 4316 aliorum
2907 4274 3085 4316 autem
3135 4279 3392 4334 arrogan-

1822 4354 1950 4406 tiam
1984 4353 2264 4422 nostrique
2295 4363 2661 4422 contcmptum
2701 4370 2856 4423 aequo
2883 4356 3064 4408 animo
3099 4357 3242 4410 ferre
3274 4358 3394 4410 diu-

131 4457 349 4525 Πέτρος
378 4450 488 4520 (27)
515 4449 654 4520 ὴρνή
667 4447 797 4501 σατό
830 4464 896 4517 με
915 4462 934 4482 ’-
966 4447 1059 4499 καὶ
1082 4444 1240 4515 τυχὸν
1268 4443 1387 4496 οὐδὲ
1412 4442 1590 4496 κλαίει
1623 4459 1696 4494 πι-

1825 4453 1980 4496 turno
2007 4443 2117 4512 jam
2153 4458 2250 4496 usu
2279 4444 2584 4497 didicimus.
2617 4444 2691 4498 Ex
2723 4446 2916 4500 amicis
2953 4448 3096 4500 enim
3130 4457 3182 4499 et
3214 4449 3395 4516 proxi-

130 4545 310 4618 κρῶς,
348 4543 436 4595 ἵνα
470 4537 782 4610 θεραπεύσῃ
807 4535 904 4606 τὴν
938 4535 1232 4605 ἁμαρτίαν.

1824 4536 1923 4590 mis
1959 4536 2114 4600 meis,
2146 4537 2234 4589 alii
2261 4536 2402 4590 haud
2429 4535 2660 4592 obscure
2691 4539 2968 4592 adversum
3001 4555 3081 4593 me
3113 4541 3394 4608 appmpin-

130 4643 471 4710 quaverunt,
521 4643 566 4686 et
619 4628 970 4684 steterunt“:
1018 4627 1146 4690 alii,
1177 4637 1231 4679 et
1256 4626 1468 4694 quidem
1513 4625 1587 4690 ii,
1617 4628 1708 4694 qui
1753 4628 2143 4682 lnnuauissime
2173 4643 2381 4683 mecum
2404 4638 2652 4698 egerunt,
2678 4630 2886 4701 alonge
2924 4640 3176 4685 steterunt
3213 4633 3279 4696 ",
3341 4642 3397 4686 et

216 4795 261 4825 ¹⁶
290 4791 349 4845 ιιι
375 4791 506 4859 Reg.
541 4805 617 4849 vi,
657 4787 709 4840 7.
761 4857 773 4859 _
809 4781 1023 4859 ‘7_Psal.
1051 4798 1181 4848 aut,
1210 4782 1264 4837 4.

135 4879 355 4924 xxxvii.
385 4855 478 4914 I2:
587 4860 632 4891 “
666 4857 796 4912 ibid.
828 4855 911 4909 15.

136 5043 331 5131 Μ(ιϐ)
373 5041 570 5094 Ὄλον.
619 5036 709 5091 Sic
768 5036 903 5104 Reg.
963 5034 1050 5087 hm
1099 5043 1151 5088 et
1209 5031 1303 5087 0r.
1358 5031 1408 5085 1.
1466 5033 1521 5086 In
1587 5033 1711 5098 ed.,

134 5115 332 5252 alii?)
381 5182 448 5235 Ἠ
483 5177 797 5243 ἀνάϐασις.
845 5177 1005 5230 Deest
1037 5174 1088 5228 in
1139 5173 1231 5227 0r.
1269 5172 1320 5225 1.
1357 5171 1537 5243 Ειιηῆ
1588 5172 1699 5226 ἁνάο

137 5257 332 5390 ὃαῗιιὲ)
371 5321 467 5390 Μὴ
501 5320 706 5390 τοῦτο.
729 5315 820 5390 Sic
849 5316 981 5390 Reg.
1015 5317 1124 5390 hm.
1167 5314 1323 5390 Deest
1348 5311 1509 5390 τοῦτο
1541 5313 1593 5366 in

219 5326 310 5390 (i8
371 5323 467 5390 Μὴ
501 5323 698 5375 τοῦτο.
729 5323 820 5372 Sic
849 5323 981 5381 Reg.
1016 5323 1124 5368 hm.
1167 5323 1323 5368 Deest
1348 5330 1509 5365 τουτο
1543 5323 1593 5366 ιιι
1628 5323 1715 5368 ed.

219 5323 332 5466 (19)
373 5389 729 5460 Ζηλοτυπεῖ.
780 5388 880 5442 Hic
929 5386 1216 5441 Maximum
1285 5384 1570 5452 designare
1633 5384 1715 5436 vi-

138 5471 334 5616 deat?)
380 5533 699 5587 Τοσούτου.
732 5529 822 5584 Sic
865 5527 997 5595 Reg.
1029 5528 1113 5581 btn
1142 5537 1195 5582 et
1225 5523 1389 5579 Coisl.
1419 5524 1470 5577 1.
1503 5523 1556 5576 ln
1605 5525 1714 5590 ed.,

139 5621 632 5745 107350;:pvscdc.
661 5669 826 5745 Coisl.
854 5669 903 5734 1,
935 5667 1158 5745 τροφας,
1197 5685 1215 5717 ι
1247 5666 1521 5722 alimenta.
1551 5683 1569 5716 ι

223 5739 336 5818 (ιιι)
375 5739 703 5796 "deterior.
736 5742 863 5810 Reg.
892 5757 941 5806 ιι,
971 5739 1238 5792 πλεῖστον.

1377 4783 1418 4814 ¹⁸
1448 4781 1602 4837 Joan.
1638 4799 1735 4848 xu,
1763 4783 1813 4839 6.

1924 4788 1964 4818 ‘9
1997 4785 2340 4853 Matth.xxw,
2378 4788 2464 4843 15.
2572 4789 2618 4822 ²⁹
2645 4789 2711 4844 IV
2747 4789 2878 4861 Reg.
2913 4804 2985 4856 tv,
3016 4789 3070 4845 8.
3171 4792 3213 4822 ³¹
3253 4789 3393 4845 Psat.

1868 5033 2002 5143 5‘23)
2043 5032 2573 5101 Προκαλουμένων.
2621 5032 2676 5085 In
2722 5031 3012 5096 nonnullis,
3063 5032 3402 5102 προσκαλου-

1868 5122 1998 5156 ενων
2007 5145 2019 5154 .

1824 5122 2019 5242 μεέᾛ).
2044 5175 2114 5226 El
2151 5171 2459 5241 διώκομεν.
2490 5173 2616 5241 Reg.
2643 5175 2752 5237 hm,
2781 5174 2829 5224 εἰ
2861 5171 3176 5242 ἐδιώκομεν.

1894 5239 2008 5311 (23)
2028 5245 2244 5297 Φίλων
2267 5239 2363 5298 καὶ
2381 5242 2499 5296 τῶν
2527 5239 2815 5310 πλησίον.
2835 5243 2947 5296 Duo
2967 5239 3130 5313 Regg.
3157 5251 3210 5296 et
3226 5239 3320 5296 0r.
3345 5240 3399 5306 1,

1822 5315 1989 5384 φίλων
2021 5333 2121 5384 μου
2158 5315 2386 5368 καὶτῶν
2422 5313 2682 5384 πλησίων.

1894 5383 2031 5455 (⁸26)
2058 5386 2158 5449 Ἐξ
2183 5387 2480 5450 ἐναντίας.
2518 5383 2652 5452 Reg.
2677 5399 2705 5436 τι
2738 5383 2916 5455 addit,
2949 5400 3071 5452 μου.

1899 5451 2011 5529 (⁸27)
2051 5456 2288 5529 Πέτρος.
2330 5455 2532 5529 Atlndit
2569 5451 2747 5529 l'oArSan
2781 5455 2846 5529 ad
2894 5451 3110 5529 Petrum
3160 5451 3399 5529 Alexan-

1827 5521 2002 5581 drunt'
2038 5521 2353 5594 ριἰιιέιιιειη,
2417 5525 2505 5592 qni
2560 5525 2870 5594 aliquandiu
2926 5521 3406 5594 Maximo-lavere

1831 5601 1974 5652 visus
2009 5591 2112 5651 est.
2147 5596 2291 5649 Etias
2336 5599 2387 5649 id
2423 5591 2585 5650 refert
2626 5591 2691 5652 ad
2739 5595 3024 5664 quemdam
3070 5607 3100 5647 e
3129 5591 3405 5662 discipulis

1827 5671 1929 5723 sibi
1961 5668 2465 5724 familiarissimum.
