3932 6580
584 400 716 490 issi

1220 429 1279 488 S.
1318 427 1652 487 GREGORII
1719 426 2065 485 THEOLOGI
2120 424 2376 484 ORATIO
2413 420 2605 480 XXVI.
2639 451 2709 465 -
2745 421 2813 477 IN
2854 421 3168 482 SEIPSUM.

3679 432 3798 488 I222

584 549 638 604 in
688 556 843 604 nocte
885 547 985 604 hac
1024 560 1213 601 omnes
1238 544 1552 601 scandalum
1583 545 1727 614 passi
1764 545 1971 599 sunt“.
2018 542 2163 599 Nihil
2204 556 2420 612 propius
2451 540 2651 594 factum
2685 548 2790 606 est,
2820 555 2982 608 quam
3031 549 3089 594 ut
3148 538 3337 597 Petrus
3361 540 3525 597 etiam
3556 558 3635 599 me
3669 548 3802 613 θωυ-

585 652 731 696 raret
752 640 797 672 “
826 656 841 692 ι
880 654 943 694 ac
973 652 1313 708 nequaquam
1340 636 1570 692 fortasse
1593 634 1685 690 flet
1714 650 1920 701 amare,
1954 644 2013 690 ut
2033 644 2256 705 peccato
2285 633 2586 687 medeatur.

657 731 839 787 XVIII.
874 730 1026 786 Unus
1049 744 1148 799 ego
1173 729 1373 795 audax,
1416 738 1475 781 ut
1516 737 1763 796 apparet,
1791 742 1856 781 ac
1890 727 2163 781 temerita-

2333 721 2439 778 IH'.
2479 722 2655 783 Μόνος
2705 718 2971 792 τολμηρὸς
3022 720 3155 790 ἐγὼ,
3202 723 3293 777 καὶ
3338 724 3571 796 θράσους
3615 728 3806 798 γέμων,

588 826 656 879 tis
688 824 910 894 plenus,
942 836 1082 876 unus
1129 822 1181 877 in
1223 821 1386 875 rebus
1428 820 1713 874 horrendis
1739 834 1833 888 spe
1859 819 1996 873 bona
2022 818 2151 873 sub-

586 916 765 981 nixus,
803 929 939 969 unus
970 922 1280 968 constanter
1312 912 1537 966 adversa
1577 910 1833 973 tolerans.
1857 918 1911 965 et
1941 908 2154 979 publice

585 1005 890 1075 propositus
914 1044 929 1068 ,
978 1011 1033 1059 et
1070 1002 1323 1072 privatim
1350 1010 1693 1070 contemptus
1720 1041 1736 1067 ,
1781 1010 1836 1054 et
1864 1015 1931 1055 ex
1962 1000 2114 1055 bellis
2134 1039 2151 1066 ,

588 1114 707 1169 quae
739 1097 866 1150 mihi
900 1094 1224 1158 inferuntur,
1260 1093 1467 1149 Orienti
1494 1102 1547 1147 et
1574 1091 1853 1148 Occidenti
1892 1100 2073 1148 notus.
2109 1089 2153 1145 Ο

588 1189 851 1259 insignem
888 1184 1167 1239 audaciam
1194 1184 1206 1237 ι
1255 1182 1316 1238 Si
1341 1183 1625 1236 consistant
1658 1182 1929 1236 adversum
1957 1198 2035 1235 me
2065 1197 2155 1235 ca-

588 1289 731 1341 stra,
763 1292 863 1329 non
902 1272 1102 1328 timebit
1144 1288 1235 1325 cor
1279 1287 1473 1327 meum.
1524 1268 1584 1325 Si
1610 1282 1853 1341 exsurgat
1882 1271 2154 1325 adversum

589 1383 671 1422 me
697 1366 957 1435 pra'lium,
982 1362 1039 1416 in
1067 1366 1163 1415 hoc
1194 1378 1287 1432 ego
1321 1361 1623 1430 sperabo".
1646 1362 1726 1415 Ac
1750 1370 1954 1415 tantum
1983 1361 2154 1426 abest,

591 1468 648 1511 ut
696 1457 985 1527 quidquam
1040 1456 1397 1509 humanarum
1446 1461 1509 1505 et
1566 1453 1915 1521 prementium
1974 1467 2156 1507 rerum

592 1553 842 1605 acerbum
871 1557 924 1602 et
952 1545 1357 1601 formidolosum
1386 1543 1691 1599 existimem
1718 1582 1734 1608 ,
1782 1555 1841 1599 ut
1893 1545 2156 1613 meipsum

592 1640 814 1695 missum
858 1638 1089 1705 faciens,
1136 1652 1229 1692 eos
1279 1636 1521 1706 lugeam,
1570 1636 1663 1705 qui
1694 1637 1823 1690 mihi
1856 1636 2159 1692 molestiam

594 1730 974 1785 exhibuerunt.
1014 1729 1059 1784 Ο
1093 1727 1335 1782 membra
1363 1727 1489 1781 olim
1514 1726 1737 1789 Christi,
1763 1727 2001 1781 membra
2030 1728 2157 1781 mihi

595 1821 779 1884 chara,
800 1820 901 1876 etsi
932 1834 1073 1874 nunc
1102 1828 1379 1887 corrupta,
1402 1817 1566 1890 485
1592 1819 1831 1872 membra
1857 1818 2013 1887 hujus
2035 1833 2158 1888 gre-

594 1914 694 1980 gis,
725 1926 880 1980 quem
911 1910 1061 1981 prius
1091 1912 1254 1966 etiam
1284 1908 1396 1963 fere
1416 1948 1429 1973 ,
1475 1925 1637 1978 quam
1686 1909 1897 1964 collecti
1947 1910 2158 1976 essetis,

596 2004 929 2071 prodidistis.
962 2002 1239 2069 Quomodo
1269 2001 1513 2056 distracti
1541 2001 1693 2066 estis,
1720 2016 1784 2055 ac
1811 2001 2158 2067 distraxistis,

2257 814 2332 877 ὡς
2356 812 2496 866 ἔοικε
2517 828 2532 844 ο
2564 813 2721 882 μόνος
2748 811 2965 877 εῦελπις
2989 812 3046 867 ἐν
3078 815 3189 877 τοῖς
3214 815 3480 888 φοϐεροῖς,
3510 818 3665 888 μόνος
3688 836 3806 890 np-

2258 904 2507 975 τερικὸς,
2548 904 2643 958 καὶ
2671 903 2907 974 δημοσία
2948 905 3354 976 προτιθέμενος,
3393 909 3488 961 καὶ
3519 910 3623 980 ἰδίᾳ
3652 927 3807 964 κατα-

2260 992 2639 1063 φρονούμενος,
2665 993 2759 1045 καὶ
2792 992 3045 1063 Ἀνατολῇ
3072 994 3165 1047 καὶ
3185 995 3345 1048 Δύσει
3372 997 3451 1068 τῷ
3477 998 3806 1068 πολεμεῖσθαι

2259 1082 2673 1156 γνωριζόμενος.
2724 1084 2835 1155 Τῆς
2886 1085 3175 1149 ἀπονοίαςὶ
3240 1086 3377 1141 Ἐὰν
3424 1090 3807 1157 παρατάξηται

2260 1178 2351 1232 ἐπ’
2406 1176 2509 1246 ἐμὲ
2559 1174 2927 1244 παρεμϐολὴ,
2979 1178 3052 1229 οὐ
3104 1178 3502 1245 φοϐηθήσεται
3551 1181 3589 1247 ἡ
3619 1180 3806 1249 καρδία

2257 1286 2374 1338 μου
2400 1284 2414 1300 ·
2465 1267 2574 1321 ἐὰν
2605 1264 2923 1335 ἐπαναστῇ
2956 1266 3049 1320 ἐπ’
3077 1266 3180 1336 ἐμὲ
3209 1270 3498 1337 πόλεμος,
3551 1270 3617 1322 ἐν
3642 1274 3804 1341 ταύτῃ

2261 1361 2375 1432 ἐγὼ
2411 1359 2645 1420 ἐλπίζω.
2676 1358 2943 1413 Τοσοῦτον
2976 1360 3168 1431 ἀπέχω
3197 1360 3289 1413 τοῦ
3322 1362 3549 1432 φοϐερὸν
3582 1364 3804 1432 ἡγεῖσθαί

2262 1472 2316 1507 τι
2342 1452 2449 1507 τῶν
2475 1452 2777 1523 παρόντων,
2808 1452 2947 1506 ὥστε
2966 1453 3026 1506 τὸ
3050 1454 3172 1506 κατ’
3194 1453 3427 1523 ἐμαυτὸν
3452 1455 3625 1523 ἀφεὶς,
3646 1456 3805 1528 θρηνῶ

2262 1543 2390 1607 τοὺς
2431 1544 2801 1615 λυπήσαντας.
2849 1544 3004 1615 Μέλη
3050 1545 3285 1616 Χριστοῦ
3324 1545 3439 1615 (28)
3482 1563 3636 1609 ποτε,
3687 1548 3802 1618 μέλη

2263 1637 2420 1707 τίμια
2449 1636 2592 1707 ἐμοὶ,
2629 1636 2676 1689 εί
2703 1635 2798 1690 καὶ
2828 1634 2941 1708 (29)
2990 1634 3085 1689 νῦν
3112 1635 3485 1708 διεφθαρμένα
3505 1676 3520 1701 ,
3556 1638 3683 1707 μέλη
3720 1640 3801 1709 τῆς

2266 1730 2501 1800 ποίμνης
2547 1728 2772 1799 ταύτης,
2814 1728 2879 1799 ἦν
2914 1728 3284 1799 προδεδώκατε
3319 1728 3546 1800 μικροῦ,
3581 1730 3667 1782 καὶ
3694 1732 3803 1800 πρὶν

2268 1821 2615 1891 συναχθῆναι.
2663 1820 2787 1884 Πῶς
2819 1820 3183 1891 διεσπάσθητε
3218 1822 3310 1875 κα)⁵
3359 1822 3705 1884 διεσπάσατε,
3743 1824 3804 1886 ὡς

2269 1911 2438 1983 βοΐδια
2470 1912 2580 1983 (50)
2631 1913 2694 1965 ὲκ
2726 1912 2938 1983 δεσμῶν
2982 1913 3268 1983 ἀνειμένα;
3310 1913 3426 1976 πῶς
3469 1913 3803 1983 θυσιαστηρίῳ

2268 2003 2650 2076 θυσιαστήριον
2697 2004 3088 2076 ἀντηγείρατε;
3135 2004 3251 2069 πῶς
3301 2005 3549 2073 ἐγένεσθε
3584 2007 3657 2068 είς
3694 2009 3801 2075 ipf;-

595 2095 745 2164 quasi
776 2094 960 2149 tenelli
991 2095 1154 2149 boves
1183 2093 1413 2147 vinculis
1445 2092 1638 2147 soluti?
1686 2092 1952 2162 quomodo
1990 2092 2159 2147 altare

2272 2113 2432 2167 μωσιν
2463 2095 2720 2161 ἐξάπινα;
2757 2095 2874 2160 πῶς
2905 2097 2997 2149 καὶ
3021 2096 3172 2151 αὐτοὶ
3213 2096 3544 2168 νενέκρωσθε
3576 2100 3637 2167 τῇ
3664 2101 3800 2167 τομῇ,

595 2185 856 2240 adversus
892 2184 1062 2239 altare
1105 2184 1399 2243 erexistis?
1439 2184 1709 2254 quomodo
1742 2192 1961 2253 repente
1991 2185 2042 2238 in
2068 2187 2133 2241 de

595 2276 912 2331 solutionem
943 2291 1005 2330 ac
1032 2275 1338 2330 vastitatem
1372 2275 1497 2330 facti
1532 2275 1762 2329 estis“?
1794 2277 2083 2344 quomodo,
2108 2292 2139 2331 e

598 2368 704 2439 ipsi
730 2383 825 2438 per
852 2370 990 2424 hanc
1019 2369 1312 2423 sectionem
1345 2376 1519 2422 morte
1549 2364 1726 2422 allecti
1754 2369 1907 2433 estis,
1932 2376 1985 2421 et
2009 2369 2165 2425 nobis

596 2461 838 2517 dolorem
865 2460 1171 2517 inussistis?
1200 2460 1470 2531 quomodo
1512 2470 1790 2529 pastorum
1819 2461 2165 2529 simplicitate

598 2553 663 2607 ad
691 2553 870 2624 gregis
896 2553 1302 2608 dissolutionem
1330 2560 1384 2607 et
1409 2551 1633 2605 exitium
1659 2552 1810 2606 abusi
1842 2553 1973 2606 estis
2002 2552 2024 2605 ?
2049 2551 2162 2607 Non

597 2645 740 2699 enim
770 2660 864 2699 eos
896 2644 965 2699 ob
998 2644 1324 2715 imperitiam
1357 2642 1772 2713 reprehendam,
1807 2644 1900 2698 sed
1935 2654 2165 2699 vestram

601 2736 994 2806 improbitatem
1021 2735 1309 2789 accusabo.
1336 2733 1659 2803 Corruptela:
1684 2744 1808 2795 tuas,
1836 2733 2026 2801 Israel,
2053 2736 2169 2802 quis

600 2838 865 2881 succurret
881 2825 969 2877 ‘7?
1008 2824 1161 2891 Quod
1206 2824 1660 2879 medicamentum
1698 2823 2000 2888 nanciscar,
2032 2825 2175 2879 cica-

2265 2188 2361 2243 καὶ
2390 2190 2538 2260 ἡμᾶς
2573 2189 2755 2258 ἀλγεῖν
2785 2191 3156 2260 πεποιήκατε;
3190 2189 3307 2253 πῶς
3336 2190 3595 2261 ἁπλότητι
3636 2191 3801 2259 ποιμέ-

2266 2298 2371 2335 νων
2423 2282 2533 2351 (51)
2578 2284 2657 2346 εἰς
2688 2282 2921 2353 ποίμνης
2957 2282 3198 2337 διάλυσιν
3228 2283 3662 2354 κατεχρήσασθε;
3691 2284 3801 2335 Οὐδὲ

2264 2373 2372 2445 γὰρ
2402 2373 2640 2439 ἐκείνους
2685 2375 2963 2446 μέμφομαι
3007 2377 3102 2445 τῆς
3130 2374 3407 2445 ἀπειρίας,
3431 2374 3545 2427 ἀλλ’
3577 2374 3705 2443 ὑμᾶς
3735 2361 3801 2425 αῖ-

2266 2465 2527 2536 τιάσομαι
2560 2467 2656 2537 τῆς
2681 2466 2899 2529 κακίας.
2936 2463 3015 2532 Τῇ
3055 2462 3344 2534 διαφθορᾷ
3389 2480 3527 2531 σου,
3573 2466 3796 2531 Ἰσραὴλ,

2268 2554 2361 2620 τίς
2381 2554 2679 2623 ,βοηθήσει
2696 2571 2714 2618 ;
2745 2555 2808 2608 Τί
2839 2555 3127 2626 φάρμακον
3153 2552 3399 2625 εὕρωμαι
3437 2553 3543 2625 (τε)
3572 2553 3797 2606 ουνουὶιω⁸

2272 2645 2456 2711 τικόν;
2497 2647 2649 2700 ποῖον
2676 2647 2996 2716 ὲπίδεσμονς
3036 2644 3153 2708 πῶς
3201 2644 3419 2713 συνάψω
3446 2646 3514 2697 τὰ
3541 2644 3797 2705 Bias-uim;

2274 2737 2383 2790 τίσι
2408 2738 2657 2809 δάκρυσι,
2688 2738 2797 2790 τίσι
2825 2737 3024 2805 λόγοις,
3051 2737 3193 2790 τίσιν
3213 2737 3399 2806 εὐχαῖς
3433 2735 3731 2809 θεραπεύσω
3752 2737 3799 2788 τὸ

2281 2830 2623 2901 σύντριμμα;
2653 2830 2685 2901 ἢ
2711 2829 2851 2899 τάχα
2888 2829 2978 2881 τὸν
3011 2828 3195 2882 τοῦτον
3219 2828 3451 2899 τρόπον;

603 2920 753 2973 tricis
802 2914 1129 2974 obducendae
1186 2913 1294 2967 vim
1353 2913 1596 2969 habens?
1641 2929 1746 2983 qua
1798 2914 1963 2968 fascia
2010 2918 2201 2971 vulnus
2236 2917 2531 2991 obligabo?
2597 2920 2866 2989 quomodo
2934 2918 3201 2985 disjuncta
3247 2915 3602 2971 conuectant?
3640 2915 3801 2984 quibus

607 3009 884 3079 lacrymis,
921 3006 1115 3076 quibus
1143 3005 1343 3070 verbis,
1378 3004 1573 3073 quibus
1602 3007 1852 3075 precibus
1878 3005 2003 3059 huic
2033 3006 2329 3063 calamitati
2368 3010 2664 3066 medebor?
2700 3024 2765 3063 an
2798 3009 2898 3063 hoc
2926 3008 3153 3062 fortasse
3182 3008 3339 3062 modo
3365 3007 3388 3060 ?

674 3097 813 3153 XIX.
863 3096 1105 3151 Trinitas
1139 3103 1361 3161 sancta,
1391 3104 1446 3148 et
1468 3094 1742 3147 adoranda
1773 3133 1786 3158 ,
1815 3102 1869 3147 et
1901 3093 2133 3162 perfecta
2158 3134 2175 3160 ,

604 3201 660 3245 et
689 3206 809 3261 qua:
860 3198 1007 3243 recte
1057 3203 1085 3240 a
1136 3187 1291 3241 nobis
1320 3186 1666 3256 conjungeris
1710 3194 1875 3254 atque
1925 3185 2176 3255 religiose

606 3284 834 3349 coleris,
856 3291 1027 3350 .tuum
1060 3279 1165 3333 hoc
1198 3293 1330 3347 opus
1359 3286 1480 3342 est,
1517 3286 1606 3330 tua
1653 3275 1970 3330 conficiendi
2019 3276 2176 3345 hujus

609 3374 807 3443 negotii
830 3372 968 3426 laus.
991 3367 1205 3424 Utinam
1233 3377 1287 3421 tu
1310 3369 1408 3423 hos
1438 3368 1591 3422 nobis
1612 3367 1890 3434 restituas,
1918 3367 2180 3423 hactenus

610 3481 639 3518 a
677 3464 830 3518 nobis
862 3463 1189 3530 diremptos,
1227 3468 1284 3513 ut
1324 3474 1419 3529 per
1451 3459 1622 3529 ipsam
1656 3458 2068 3528 disjunctionem
2113 3458 2181 3514 ad

606 3552 946 3607 concordiam
977 3560 1031 3604 et
1057 3549 1205 3616 pacis
1233 3548 1470 3603 studium
1500 3549 1817 3603 erudiantur
1850 3565 1863 3601 :
1913 3564 1977 3603 ac
2027 3549 2183 3603 nobis

610 3661 706 3714 pro
735 3645 894 3713 hujus
922 3644 1046 3697 vita:
1080 3642 1352 3697 laboribus
1380 3649 1433 3696 et
1458 3641 1714 3695 aerumnis
1751 3639 1990 3695 caelestia
2021 3639 2180 3703 bona,

610 3750 664 3793 ct
697 3738 765 3791 ab
794 3736 939 3791 omni
973 3734 1195 3789 dissidio
1223 3732 1502 3795 immunia,
1541 3732 1825 3801 rependas.
1863 3730 2059 3786 Ilorum
2087 3745 2183 3783 au-

615 3841 720 3883 tem
770 3827 1093 3896 primarium
1130 3825 1256 3878 illud
1291 3832 1400 3890 est,
1437 3833 1492 3878 et
1540 3823 1860 3886 maximum,
1905 3830 1963 3874 ut
1998 3821 2184 3891 purius

613 3919 928 3991 pleniusque
951 3934 979 3972 a
1005 3930 1055 3972 te
1076 3915 1382 3979 illuminati,
1408 3914 1664 3977 sciamus,
1686 3913 1950 3981 quomodo
1971 3913 2180 3977 eadem,

613 4022 665 4065 et
688 4010 863 4063 unitas
889 4008 1225 4075 intelligeris,
1257 4016 1311 4060 et
1336 4005 1574 4060 Trinitas
1600 4004 1889 4074 reperiris;
1915 4006 2184 4074 quomodo

616 4099 920 4169 ingenitus,
963 4097 1211 4168 genitus,
1247 4105 1302 4150 et
1337 4096 1669 4165 procedens,
1715 4110 1820 4149 una
1865 4097 1936 4151 sit
1969 4107 2181 4162 natura,

624 4204 733 4245 tres
761 4190 1140 4259 proprietates,
1173 4185 1321 4242 Unus
1344 4186 1507 4251 Deus,
1531 4187 1619 4256 qui
1650 4203 1703 4240 es
1728 4202 1884 4256 super
1913 4190 2107 4253 omnia,
2134 4196 2185 4242 et

618 4299 711 4352 per
740 4282 947 4347 omnia,
977 4290 1022 4333 et
1056 4280 1110 4332 in
1137 4279 1375 4333 omnibus
1397 4277 1443 4309 ’⁸
1477 4294 1491 4331 :
1526 4277 1619 4347 qui
1660 4291 1758 4331 nec
1793 4277 2053 4347 superiori
2086 4293 2185 4334 nec

624 4372 862 4427 inferiori
891 4372 1056 4440 gradu
1086 4370 1396 4433 collocaris,
1428 4383 1527 4422 nec
1551 4370 1840 4435 decrescis,
1868 4385 1965 4424 nec
1986 4370 2185 4424 sectio-

624 4477 745 4517 nem
772 4461 1046 4526 admittis;
1083 4476 1145 4514 ac
1170 4462 1364 4530 partim
1393 4460 1610 4529 quidem
1632 4459 1744 4528 jam
1770 4460 2189 4531 comprehende-

623 4555 735 4618 ris,
768 4554 965 4623 partim
1002 4552 1332 4622 inquireris,
1379 4552 1666 4622 aliquando
1704 4562 1880 4608 autem
1935 4552 2184 4615 fortasse,

620 4655 860 4713 quantus
882 4659 965 4708 es,
992 4642 1326 4713 percipieris,
1354 4642 1607 4695 nimirum
1636 4643 1702 4697 ab
1725 4642 1811 4709 iis,
1836 4642 1925 4713 qui
1950 4658 2045 4714 per
2067 4643 2186 4697 vita:

2354 3099 2453 3153 19'.
2508 3099 2678 3171 Τριὰς
2726 3099 2875 3167 ἁγία,
2920 3099 3015 3151 καὶ¹
3064 3096 3447 3168 προσκυνητὴ,
3497 3097 3587 3149 καὶ
3619 3096 3800 3161 τελεία,

2282 3190 2375 3243 καὶ
2414 3190 2594 3254 καλῶς
2628 3191 2715 3260 ὑφ’
2746 3191 2901 3261 ήμῶν
2935 3188 3273 3260 συνάγομένη
3312 3205 3371 3241 τε
3409 3189 3503 3242 καὶ
3549 3187 3800 3257 σεϐομένη,

2282 3282 2372 3334 σὸν
2402 3281 2462 3334 τὸ
2490 3281 2668 3350 ἔργον,
2705 3282 2795 3336 σὺν
2834 3282 2892 3335 τὸ
2924 3279 3271 3352 κατόρθωμα.
3307 3279 3379 3332 Σὺ
3405 3279 3621 3342 τούτους
3644 3296 3694 3332 τε
3718 3279 3803 3330 πά-

2280 3369 2362 3422 λιν
2388 3370 2859 3441 άποκαταστήσαις
2886 3372 3015 3441 ἡμῖν
3034 3410 3048 3435 ,
3081 3369 3331 3422 τοσοῦτον
3355 3368 3683 3432 διαστάντας,
3708 3370 3805 3420 ὅσον

2282 3460 2635 3531 παιδευθῆναι
2678 3460 2755 3532 τῷ
2796 3461 3059 3532 χωρισμῷ
3091 3459 3225 3531 πρὸς
3263 3460 3549 3529 ὁμόνοιαν·
3585 3463 3668 3513 καὶ
3702 3462 3807 3530 ἡμῖν

2279 3551 2390 3605 τῶν
2424 3551 2675 3605 ἐντεῦθεν
2708 3550 2917 3621 μόχθων
2951 3550 3221 3620 ἀντιδοίης
3247 3550 3315 3602 τὰ
3340 3551 3632 3621 ὲπουράνιά
3652 3568 3702 3601 τε
3732 3550 3806 3601 καὶ

2281 3644 2638 3696 ἀστασίαστα.
2682 3641 2803 3695 Τῶν
2847 3641 2903 3694 δέ
2957 3642 3075 3694 ἐστι
3126 3641 3186 3692 τὸ
3222 3639 3436 3711 πρῶτον
3472 3640 3580 3711 (55)
3615 3644 3696 3693 καὶ
3728 3641 3807 3709 pi-

2280 3752 2485 3805 γιστον,
2512 3734 2883 3806 ἐλλαμφθῆναί
2923 3751 3004 3787 σοι
3035 3731 3362 3803 τελεώτερόν
3391 3750 3450 3785 τε
3480 3733 3532 3798 (5
3546 3734 3587 3801 ι)
3614 3734 3695 3785 καὶ
3725 3749 3805 3783 κα-

2281 3827 2609 3899 θαρώτερον,
2640 3826 2755 3889 πῶς
2787 3828 2820 3896 ἡ
2860 3826 2994 3897 αὑτὴ
3017 3865 3030 3890 ,
3066 3826 3159 3878 καὶ
3197 3825 3365 3895 μονὰς
3400 3825 3517 3894 νοῇ,
3550 3824 3638 3876 καὶ
3672 3821 3806 3894 Τριὰς

2282 3919 2512 3991 εὑρίσκῃ
2532 3936 2548 3949 ο
2577 3918 2693 3982 πῶς
2724 3918 2786 3971 τὸ
2812 3917 3124 3988 ἀγέννητον,
3158 3916 3252 3968 καὶ
3276 3915 3338 3968 τὸ
3360 3915 3633 3982 γεννητὸν,
3663 3916 3738 3966 καί
3757 3912 3807 3963 τὸ

2283 4010 2490 4082 προϊὸν,
2527 4010 2626 4080 μία
2654 4009 2833 4078 φύσις,
2862 4012 3007 4079 τρεῖς
3039 4007 3316 4076 ἰδιότητες,
3350 4000 3453 4072 Εἷς
3489 4006 3646 4071 Θεὸς,
3680 4008 3706 4058 ό
3730 4004 3806 4056 ἐπὶ

2283 4100 2558 4163 πάντων,
2608 4100 2705 4154 καὶ
2755 4099 2852 4153 διὰ
2910 4099 3170 4162 πάντων,
3205 4098 3305 4151 καὶ
3353 4097 3425 4151 ἐν
3455 4096 3669 4152 πᾶσιν
3710 4095 3804 4148 οὔτε

2283 4190 2703 4262 ὑπερτιθέμενος
2740 4191 2873 4262 (55),
2896 4189 3020 4243 οὔτε
3058 4189 3497 4260 μετατιθέμενος,
3519 4187 3637 4240 οὔτε
3664 4187 3807 4258 μειού-

2289 4298 2467 4352 μενος,
2496 4281 2617 4335 οὔτε
2645 4282 2993 4353 τεμνόμενοςσ
3011 4281 3070 4335 τὸ
3091 4282 3187 4352 μὲν
3204 4282 3327 4352 ἄρτι
3360 4279 3805 4350 καταλαμϐανόμευ

2285 4390 2394 4436 νος,
2437 4374 2499 4427 τὸ
2524 4375 2581 4428 δὲ
2619 4374 2945 4445 ζητούμενος
2968 4415 2982 4439 ,
3018 4372 3146 4425 ποτὲ
3172 4372 3229 4425 δὲ
3249 4409 3263 4433 ,
3307 4372 3429 4424 ὅσον
3458 4367 3529 4434 εἴ,
3560 4372 3708 4441 τυχὸν
3731 4387 3804 4422 κτι-

2284 4462 2760 4536 ταληφθησόμενος
2796 4467 2910 4533 τοῖς
2951 4462 3187 4516 ἐνταῦθα
3223 4461 3404 4525 καλῶς
3446 4460 3702 4532 ξητήσασι
3725 4461 3804 4529 (36)

2285 4554 2373 4607 διὰ
2419 4556 2537 4626 βὲου
2565 4558 2656 4611 καὶ
2691 4556 2951 4627 θεωρίας⁶
2992 4548 3037 4623 ᾧ
3076 4557 3226 4609 πᾶσα
3256 4555 3403 4621 δόξα,
3453 4554 3610 4624 τιμὴ,
3646 4554 3805 4625 κράτος

2286 4646 2367 4709 εἰς
2411 4648 2536 4711 τοὺς
2581 4647 2799 4710 αἰῶνας.
2860 4647 3051 4717 Ἀμήν.

625 4740 947 4808 probitatem
1005 4746 1058 4790 et
1105 4733 1613 4805 contemplationem
1656 4744 1709 4790 te
1753 4736 1806 4790 in
1851 4736 1957 4791 hoc
2001 4735 2201 4791 saecqu
2242 4747 2388 4792 recte
2416 4739 2761 4807 qumsiverint
2790 4756 2806 4792 :
2837 4738 2921 4817 cui
2948 4736 3125 4791 omnis
3148 4734 3335 4806 gloria,
3359 4736 3530 4790 honor
3570 4745 3625 4791 et
3667 4736 3799 4805 impe-

626 4834 761 4887 rium
796 4832 847 4882 in
880 4828 1096 4883 saecula.
1131 4827 1323 4882 Amen.

695 4919 958 5041 136313111),
996 4932 1115 4971 xxt'l
1136 4956 1151 4982 ,
1177 4916 1266 4969 51.
1341 4914 1388 4947 ³⁵
1420 4913 1548 4969 ibid.
1581 4913 1766 4969 69-75.

626 5007 700 5052 ιν,
731 5007 783 5041 ο.

1839 4915 1885 4951 ⁸⁸
1921 4913 2059 4969 Psal.
2088 4928 2237 4980 xxvi,
2263 4913 2316 4968 5.

2428 4912 2473 4942 ’⁸
2503 4910 2643 4965 Psal.
2670 4926 2836 4975 Lxxtt,
2873 4909 2956 4966 I9.
3029 4910 3073 4941 ’⁷
3108 4904 3233 4961 Ose.
3262 4923 3384 4974 xm,
3406 4907 3458 4961 9.
3562 4907 3608 4938 ’³
3640 4908 3799 4977 Ephes.

698 5079 808 5151 (‘28)
848 5076 1011 5145 Μέλη
1068 5075 1349 5151 Χριστοῦ.
1398 5092 1428 5151 Α(
1470 5073 1721 5151 Membra
1772 5070 1995 5151 phristi.
2020 5086 2039 5120 ι
2094 5067 2170 5151 Ilii

2288 5068 2553 5151 “0913,!9";

626 5139 1009 5221 designareos;
1048 5139 1141 5221 qui
1194 5161 1314 5221 cum
1362 5147 1429 5199 ab
1479 5160 1544 5198 eo
1593 5143 1724 5196 nihil
1772 5140 1881 5195 laesi
1922 5139 2187 5221 fuissent,

629 5210 807 5292 partas
846 5210 1263 5292 Maximi'secuti
1300 5222 1681 5292 erant,_atque
1726 5226 1848 5292 eum
1879 5210 2186 5279 pontiticem

627 5283 968 5350 creaverant,
993 5288 1149 5339 altari
1179 5286 1434 5339 adversus
1464 5283 1633 5335 altare
1659 5291 1860 5334 erecto.

703 5358 813 5426 (99)
853 5360 923 5410 El
962 5356 1081 5409 καί.
1119 5354 1208 5410 Sic
1238 5354 1372 5423 Reg.
1400 5357 1510 5407 bm.
1536 5351 1593 5406 In
1622 5353 1732 5415 ed.,
1760 5350 1855 5403 καὶ
1892 5349 1963 5401 εί.

702 5428 815 5499 (30)
855 5426 1075 5499 Βοΐδια.
1117 5444 1134 5477 t
1166 5426 1369 5499 Buculi.
1392 5442 1411 5475 ι

702 5484 811 5567 (31)
852 5496 982 5562 Πῶς
1025 5496 1331 5567 ἁπλότητι-
1378 5492 1693 5567 ποιμένων.
1750 5488 1806 5567 Si
1858 5487 1985 5567 Elim
2036 5484 2187 5567 ﬁdes,

631 5554 924 5637 Gregorius
958 5554 1051 5620 hic
1082 5567 1148 5619 de
1179 5554 1257 5619 se‘
1284 5554 1491 5632 plurali
1528 5575 1751 5615 numero
1789 5558 2043 5637 loquitur.
2083 5554 2191 5637 ,νε-

635 5629 770 5693 τιιιῐῖ
811 5637 926 5691 haec
977 5629 1347 5706 interpretatio
1398 5648 1520 5690 cutn
1571 5629 1920 5700 sequentibus
1965 5629 2189 5681 minime

2359 5137 2472 5201 (52)
2513 5136 2801 5207 Εὕρωμᾳι.
2830 5136 2962 5203 Reg.
2992 5138 3044 5199 ι),
3077 5136 3326 5207 εῦρομαι.

2383 5154 2472 5201 02)
2513 5154 2801 5213 bvaygt.
2831 5154 2962 5203 ueg.
2992 5154 3044 5199 ι),
3077 5154 3326 5258 ευζρομαι.

2381 5209 2468 5272 53)
2513 5207 2580 5260 Τὸ
2622 5222 2876 5272 πρῶτον.
2915 5209 3122 5260 Deest?
3185 5210 3233 5260 in
3269 5211 3363 5261 Ur.
3395 5207 3444 5259 I.

2380 5273 2467 5346 54)
2514 5276 2869 5344 Τελεώτερόν
2904 5292 2985 5329 τε.
3015 5276 3105 5331 Sic
3131 5278 3234 5332 duo
3273 5276 3440 5348 Regg.
3470 5286 3524 5331 et
3561 5286 3665 5331 tres
3690 5273 3807 5330 Gelli.

2288 5347 2448 5403 Decet
2476 5364 2537 5399 τε
2566 5349 2616 5398 in
2648 5348 2734 5399 ed.

2362 5416 2473 5487 (55)
2514 5416 2661 5496 Οὔτε
2698 5414 3199 5496 ὑπερτιθέμενος..
3230 5424 3333 5469 etc.
3364 5414 3485 5469 Bill.
3514 5434 3531 5470 :

2297 5487 2697 5555 superponeris,
2733 5502 2831 5539 nec
2865 5486 3253 5553 transportetis.
3284 5504 3305 5536 ι

2367 5556 2477 5627 (56)
2516 5555 2844 5627 Ζητήσασι.
2876 5555 3008 5625 Reg.
3037 5572 3090 5623 a,
3119 5556 3474 5627 ἐκζητήσασι.

3573 5435 3593 5470 ι
3622 5418 3705 5488 qui
3742 5425 3811 5471 nec
