2058 3128
173 210 1774 243 m

337 319 918 411 ΡΒλἘῈΑΤΙΟ
969 319 1149 409 GEP

782 319 918 410 ῩΙΟ
969 319 1594 426 GENERALIS.

212 548 361 580 Praeclara
382 547 446 578 duo
466 546 614 578 Ecclesia;
635 546 749 577 Graecae
772 545 889 581 sidera.
918 545 1109 585 Gregorium
1132 547 1368 579 Nazianzenum
1394 551 1425 579 et
1443 548 1594 580 Basilium
1618 549 1782 588 Magnum,

175 601 283 632 eadem
300 599 395 630 tellus
406 599 517 629 eodem
537 601 679 637 tempore
705 597 787 628 tulit.
809 597 911 627 Ambo
926 598 1140 628 sanctissimis
1160 598 1237 629 editi
1263 599 1460 638 parentibus,
1479 600 1572 630 ambo
1587 601 1647 640 ipsi
1665 601 1783 637 sancti.

175 654 237 682 tate
255 651 408 688 insignes,
423 648 515 679 ambo
529 648 657 679 dicendi
673 647 763 686 copia
783 647 1049 686 praestantissimi,
1064 648 1156 678 ambo
1170 648 1309 688 denique
1321 649 1449 686 paribus
1467 650 1582 682 studiis
1601 651 1782 683 universam

176 700 345 732 Ecclesiam
364 707 458 739 quam
476 698 536 729 late
556 700 652 737 patet,
667 697 793 736 scriptis
810 696 1023 733 illustrarunt,
1047 697 1190 727 moribus
1206 701 1371 729 ornarent.

212 752 323 782 Plures
335 750 399 788 jam
413 748 486 778 anni
501 751 587 784 sunt,
604 756 642 778 ex
659 754 723 786 quo
735 745 850 776 eximia
862 745 973 776 Basilii
990 746 1106 785 scripta
1122 748 1273 785 castigata
1297 750 1328 777 et
1344 747 1487 786 pristiam
1508 749 1629 781 reddita
1652 749 1784 789 integri-

176 804 231 836 tati
249 804 283 833 in
301 803 403 833 lucem
427 801 541 831 emissa
561 802 646 830 sunt.
665 799 742 836 Spes
759 802 825 828 erat
842 797 1031 834 Gregorium
1050 798 1286 829 Nazianzenum
1314 799 1460 837 proximo
1478 803 1665 831 secuturum
1687 803 1783 832 inter-

177 854 270 886 vallo.
288 853 321 883 Id
339 852 399 882 fuit
418 851 449 881 in
467 850 569 886 votis;
594 852 623 879 et
647 851 731 879 certe
749 847 831 878 idem
851 855 977 886 sperare
1003 847 1116 878 licebat
1140 848 1178 878 ab
1200 848 1262 884 iis,
1285 848 1339 887 qui
1361 853 1422 879 tam
1439 850 1615 888 prwclaram
1632 851 1663 881 in
1677 859 1784 882 emen-

176 907 287 938 dandis
301 906 338 936 ad
355 908 498 935 veterum
515 901 659 933 codicum
677 900 771 930 fidem
789 903 854 929 tum
872 900 1054 930 Graecorum
1073 903 1139 929 tum
1157 900 1342 930 Latinorum
1358 900 1486 931 Patrum
1504 901 1632 940 scriptis
1647 911 1782 934 navave-

177 963 245 988 rant
259 964 396 994 cperam.
415 954 494 984 Cum
512 952 596 983 enim
617 951 755 991 primum
783 949 820 980 ad
846 957 928 988 Opus
947 949 1033 980 istud
1049 949 1193 979 animum
1213 950 1413 989 appulissent
1442 951 1553 988 nostri,
1569 959 1735 991 novasque
1749 953 1783 983 in

175 1010 258 1041 diem
287 1016 304 1038 e
331 1006 418 1046 prelo
451 1006 606 1035 exeuntes
643 1001 822 1040 priscorum
858 1005 1140 1031 monumentorum
1173 1001 1334 1032 editiones
1362 1002 1484 1040 placere
1513 1003 1605 1034 bonis
1632 1004 1783 1037 omnibus

175 1057 428 1097 conspexissent,
453 1054 484 1084 id
506 1053 566 1084 sibi
584 1051 701 1090 negotii
726 1050 929 1082 crediderunt
945 1050 1024 1086 dari,
1041 1054 1076 1080 ut
1100 1050 1260 1081 maximos
1277 1059 1423 1090 quosque
1439 1052 1608 1091 utriusque
1620 1053 1782 1089 Ecclesiae.

174 1109 288 1139 Graeciaa
299 1106 419 1138 scilicet
431 1108 461 1136 et
477 1103 606 1140 Latinae,
621 1103 726 1132 Patres
739 1102 770 1132 in
790 1101 892 1132 lucem
910 1101 1102 1132 emitterent.
1117 1101 1162 1131 Ad
1177 1109 1257 1139 opus
1274 1106 1334 1133 tam
1351 1102 1484 1133 arduum
1500 1109 1629 1135 strenue
1644 1105 1784 1143 aggressi

175 1163 260 1190 sunt.
276 1159 345 1194 Quo
358 1163 506 1188 successu
524 1157 638 1184 norunt
653 1160 776 1183 omnes.
794 1152 940 1190 lnsignes
953 1157 1089 1192 quatuor
1102 1151 1205 1183 Latini
1218 1153 1335 1188 Patres,
1351 1153 1566 1192 Augustinus,
1580 1155 1783 1191 Ambrosius.

176 1212 400 1247 Hieronymus.
419 1204 602 1244 Gregorius,
623 1203 784 1242 prodiere;
801 1206 863 1233 tres
882 1211 1011 1241 quoque
1027 1211 1043 1233 e
1060 1203 1189 1238 Graecis,
1205 1202 1410 1241 Athanasius,
1427 1204 1575 1242 Basilius,
1592 1206 1784 1246 Chrysosto.

177 1269 260 1292 mus.
275 1260 363 1290 Unus
389 1257 539 1286 hactenus
568 1252 827 1291 exspectabatur;
856 1259 956 1282 unum
973 1260 1085 1282 omnes
1114 1252 1363 1283 desiderabant:
1381 1257 1560 1285 extremum
1589 1257 1648 1288 hoc
1665 1266 1784 1290 munus

177 1311 388 1352 postulabant.
412 1307 488 1342 Quae
519 1307 611 1334 tantae
636 1302 826 1340 Gregorium
845 1309 942 1331 morte
962 1304 1110 1332 tenerent
1134 1301 1343 1332 mirabantur.
1359 1302 1443 1333 Nihil
1460 1311 1591 1336 necesse
1607 1309 1654 1337 est
1670 1315 1784 1340 causas

177 1368 371 1402 percurrere,
389 1365 460 1397 quae
480 1355 588 1386 tandiu
607 1353 794 1392 Gregorium
810 1353 1022 1383 retardarunt.
1035 1353 1120 1384 Varii
1138 1357 1282 1389 eventus,
1303 1361 1452 1394 morsque
1472 1355 1539 1394 ipsa
1559 1356 1785 1397 impedimento

177 1411 249 1442 fuit.
265 1411 406 1440 Domnus
423 1408 475 1437 Fr.
492 1405 639 1435 Louvard
652 1404 737 1433 istud
758 1411 840 1442 opus
858 1411 1028 1441 aggressus
1044 1403 1159 1439 fuerat,
1178 1403 1225 1434 vir
1240 1404 1320 1434 acris
1336 1412 1372 1435 ac
1387 1405 1586 1438 vehementis
1603 1408 1726 1448 ingenii
1753 1414 1786 1443 et

177 1461 301 1501 «quasi
329 1457 454 1497 ignis‘;
473 1467 487 1483 η
504 1455 600 1485 multa
624 1454 690 1493 jam
717 1457 934 1492 Congesserat,
964 1454 1151 1484 innumeras
1178 1463 1218 1485 ex
1248 1454 1345 1487 variis
1364 1456 1591 1496 manuscriplis
1618 1459 1785 1492 codicibus

177 1512 330 1543 lectiones
346 1507 557 1545 descripserat
575 1507 656 1544 ipse,
671 1510 701 1536 et
716 1505 853 1537 describi
872 1509 1055 1542 curaverat;
1088 1506 1144 1537 sed
1163 1509 1208 1536 tot
1225 1506 1361 1545 jactatus
1396 1512 1444 1538 est
1468 1510 1722 1549 tempestatibus,
1748 1517 1785 1544 ut

176 1561 302 1598 incepto
317 1558 471 1589 desistere
484 1561 611 1588 coactus
628 1556 680 1586 sit.
698 1556 779 1586 Tum
799 1555 868 1594 ejus
883 1555 1016 1592 scrinia,
1044 1560 1077 1586 et
1100 1564 1300 1596 quaecunque
1321 1562 1494 1596 paraverat,
1510 1558 1542 1589 iu
1561 1560 1654 1591 amici
1672 1569 1785 1594 manus

177 1619 362 1651 pervenere,
380 1618 444 1649 quo
460 1617 521 1640 non
537 1612 601 1639 erat
617 1608 787 1647 quisquam
805 1616 846 1638 ex
862 1608 982 1638 nostris
1010 1608 1049 1638 ad
1065 1615 1146 1647 opus
1169 1608 1255 1638 istud
1274 1609 1501 1647 perficiendum
1519 1611 1619 1649 magis
1635 1611 1785 1645 idoneus.

177 1662 323 1692 Nostrum
339 1661 408 1691 dico
424 1659 628 1690 Prudentium
642 1660 763 1695 Maran,
786 1659 841 1698 qui
856 1659 888 1689 in
903 1658 1016 1689 Basilii
1033 1658 1240 1698 epistolarum
1258 1659 1400 1691 editione
1431 1662 1632 1699 elaboranda.
1647 1665 1786 1705 aliisque

177 1713 333 1754 praeclaris
347 1714 509 1752 operibus,
526 1712 694 1742 maximam
705 1712 830 1742 laudem
846 1712 980 1751 adeptus
992 1715 1039 1742 est
1051 1723 1058 1742 :
1069 1713 1123 1752 qui
1136 1712 1244 1744 Graece
1259 1713 1434 1753 Latineque
1451 1713 1631 1746 luculenter
1645 1715 1784 1748 sciebat:

178 1764 275 1802 quiin
288 1764 450 1794 versandis
462 1763 575 1795 diurna
587 1767 806 1804 nocturnaque
819 1773 914 1795 manu
931 1767 1113 1796 sanctorum
1129 1765 1270 1801 Patrum,
1287 1765 1423 1796 maxime
1439 1766 1632 1804 Graecorum,
1645 1768 1785 1808 scriptis,

179 1812 273 1842 vitam
301 1820 426 1843 omnem
455 1816 705 1851 consumpserat.
727 1813 785 1844 Sed
808 1812 889 1844 heu!
909 1813 984 1843 dum
1001 1813 1136 1844 nimium
1165 1813 1254 1852 operi
1286 1822 1413 1844 manum
1430 1814 1601 1846 admovere
1630 1821 1785 1855 moratur,

180 1861 315 1902 aliisque
330 1863 362 1892 in
378 1862 448 1892 dies
461 1862 664 1893 elaborandis
680 1863 804 1901 scriptis
827 1866 1012 1901 occupatur,
1027 1866 1128 1893 morte
1151 1865 1329 1900 correptus,
1346 1862 1566 1901 imperfectum
1584 1864 1670 1896 istud
1689 1866 1786 1897 relin-

179 1915 258 1954 quit.
273 1915 430 1946 Audacior
455 1914 595 1954 profecto
622 1914 797 1951 videbitur,
815 1914 966 1953 quisquis
981 1913 1165 1945 inchoatum
1196 1917 1258 1944 tam
1276 1913 1403 1944 diflicile
1423 1921 1504 1952 opus
1517 1914 1707 1953 susceperit.
1723 1915 1788 1949 Nec

177 1965 308 1996 dubium
341 1965 420 2004 quin
445 1964 629 1995 temerarius
659 1964 779 2001 audiat,
808 1973 843 1995 ac
858 1964 890 1994 iu
920 1963 971 1994 sui
1000 1963 1237 2002 comparatione
1257 1963 1399 1995 defuncti
1427 1964 1624 1995 desiderium
1655 1966 1784 1998 excitet.

179 2017 403 2048 Verumtamen
419 2018 445 2047 si
462 2017 534 2057 quis
546 2016 734 2048 temeritatis
750 2019 857 2047 notam
875 2017 994 2052 inurat,
1009 2016 1091 2055 iusta
1108 2015 1202 2046 nobis
1219 2024 1290 2047 esse
1312 2020 1416 2056 potest
1431 2017 1607 2048 excusatio.
1623 2016 1786 2053 Quantum

178 2067 264 2097 enim
281 2067 382 2102 licuit,
397 2075 479 2098 onus
493 2070 552 2096 tam
566 2066 666 2105 impar
685 2066 809 2097 viribus
827 2066 945 2096 nostris
968 2065 1133 2104 suscipere
1155 2066 1394 2103 recusavimus;
1421 2067 1477 2098 sed
1494 2067 1734 2102 reluctantibus,
1756 2071 1788 2097 et

179 2119 364 2150 tenuitatem
382 2122 517 2149 nostram
532 2118 737 2149 ceusantibus
752 2117 904 2155 imposita
926 2117 1018 2148 nobis
1036 2117 1104 2148 haec
1119 2117 1341 2156 estprovineia
1360 2117 1400 2148 ab
1418 2118 1479 2155 his,
1499 2125 1636 2157 quorum
1653 2117 1786 2156 imperia

179 2168 351 2199 detrectare
367 2169 453 2199 nefas
475 2168 597 2200 fuisset.
612 2170 808 2200 lubentibus
825 2169 931 2209 itaque
950 2169 1107 2201 cessimus
1125 2179 1134 2199 :
1164 2170 1288 2200 admota
1305 2169 1458 2209 deinceps
1473 2169 1564 2209 eperi
1588 2177 1697 2206 manu,
1723 2178 1785 2201 nec

178 2220 263 2251 curis
279 2229 336 2250 nec
356 2219 516 2251 laboribus
533 2222 733 2261 pepercimus
750 2225 783 2252 ut
797 2221 887 2260 jussa
910 2213 1153 2252 facesseremus.
1168 2221 1267 2252 Nemo
1285 2228 1350 2251 non
1370 2220 1520 2259 intelligit
1534 2223 1689 2259 quantum
1704 2219 1786 2250 labo-

182 2272 225 2302 ris
244 2276 273 2302 et
287 2280 390 2311 operae
407 2272 652 2311 impendentium
665 2271 762 2302 fuerit
776 2271 808 2301 in
829 2271 1037 2308 emendanda,
1050 2271 1162 2302 saltem
1182 2271 1328 2310 pluribus
1353 2271 1385 2301 in
1404 2271 1493 2308 locis,
1513 2271 1612 2301 veteri
1634 2269 1786 2306 editione,

181 2324 214 2354 in
225 2323 398 2363 seligendis
407 2325 500 2356 variis
515 2324 720 2360 lectionibus,
735 2324 886 2354 vertenda
897 2323 1072 2354 carminum
1084 2327 1172 2363 parte
1188 2323 1335 2359 maxima,
1349 2321 1557 2362 disponendis
1569 2320 1681 2351 ordine
1696 2319 1786 2351 chro-

181 2376 327 2415 nologico
348 2376 501 2415 epistolis,
518 2376 550 2408 in
565 2376 746 2407 adornanda
764 2376 795 2406 S.
811 2375 960 2414 Gregorii
977 2376 1061 2412 Vita,
1083 2375 1269 2414 exponenda
1290 2375 1359 2413 ejus
1375 2374 1540 2407 doctrina,
1556 2373 1590 2403 in
1612 2371 1787 2404 enodandis

181 2427 275 2457 variis
290 2427 537 2466 difﬁcultatibus,
551 2428 714 2469 rebusque
735 2428 769 2459 in
787 2427 858 2458 aliis
874 2427 1020 2466 pluribus
1033 2436 1111 2466 quas
1129 2430 1274 2458 accurata
1290 2426 1388 2457 editio
1406 2424 1555 2465 postulat.

185 2506 1761 2519 _~_._______________—______—_—._———

792 2570 938 2608 PARS
965 2568 1170 2608 PRIMA.

571 2697 619 2734 ﬁt.
635 2706 676 2728 na
692 2705 793 2728 unus
809 2705 834 2727 s.
850 2706 1002 2728 caecam:
1020 2705 1148 2728 omnem
1176 2703 1393 2727 EDITIONIBUS.

221 2755 360 2788 Primum
379 2756 508 2796 quidem
524 2758 687 2788 doctorum
706 2757 858 2794 virorum,
887 2757 942 2797 qui
958 2765 1052 2796 opera
1078 2757 1223 2796 Gregorii
1239 2757 1273 2788 in
1298 2757 1403 2788 lucem
1423 2754 1565 2795 proferre
1580 2752 1785 2787 studuerunt,

183 2805 305 2838 labores
321 2810 396 2837 sunt
412 2807 689 2839 commemorandi.
707 2807 770 2839 Alii
796 2808 898 2848 plura,
917 2807 970 2839 alii
988 2806 1159 2847 pauciora:
1174 2807 1226 2839 alii
1244 2807 1364 2845 Graece,
1380 2806 1434 2838 alii
1456 2806 1567 2838 Latine
1579 2807 1714 2841 tantum,
1731 2801 1785 2833 alii

219 2867 227 2883 '
239 2868 320 2896 Eccli.
333 2875 426 2900 xum,
441 2869 468 2895 1.

280 2916 416 2947 Parnm.
436 2917 492 2946 Gn.
516 2916 646 2947 XXXV.
1617 2916 1632 2944 t

749 3089 754 3093 .
995 3027 1246 3090 1593502
