2058 3128
206 2946 222 2978 .J

267 219 297 247 η
770 205 955 244 ramento
974 215 1180 243 essemus.
1202 231 1237 236 —
1255 215 1344 243 ritas
1363 215 1385 244 ι.
1847 221 1882 249 ις

267 277 373 308 Graece
385 274 478 306 simul
497 277 527 306 et
541 274 672 312 Latine;
688 274 742 306 alii
759 276 912 315 quasdam
928 281 1049 307 tantum
1063 277 1234 312 orationes,
1251 282 1305 307 aut
1320 276 1498 308 carminum
1518 281 1636 316 partem
1662 279 1813 319 aliquam,
1831 283 1880 312 vel

267 327 489 367 epistolarum.
507 326 577 356 Non
596 326 681 367 enim
708 327 815 357 omnia
840 325 949 363 simul,
975 327 1117 364 dispersa
1140 326 1215 358 hinc
1239 327 1313 357 inde
1340 327 1440 358 sancti
1467 327 1607 359 doctOris
1639 336 1731 366 opera
1760 331 1884 367 prodire

267 381 424 416 poterant,
440 377 495 407 sed
514 385 568 415 per
589 376 777 414 particulas,
803 380 964 416 quatenus
980 377 1012 407 in
1037 376 1205 407 hominum
1233 377 1454 408 studiosorum
1484 386 1597 410 manus
1615 383 1645 409 et
1661 380 1882 418 cognitionem

266 432 434 462 venerunt.
451 429 511 459 Sua
530 426 666 466 singulis
683 426 752 457 laus
768 425 948 462 reddenda;
965 425 1084 465 quippe
1106 426 1176 465 qui,
1203 426 1328 456 tametsi
1347 425 1568 464 imperfectum
1588 427 1782 466 reliquerint
1800 437 1881 468 opus

267 483 355 522 quod
381 482 600 521 aggredimur,
628 478 722 510 nobis
750 481 856 509 tamen
882 478 1056 517 prmeundo
1074 478 1155 508 viam
1181 478 1441 515 monstraverint,
1459 480 1490 510 et
1504 478 1542 509 ad
1560 478 1786 517 perﬁciendum
1804 489 1880 512 non-

266 537 347 569 nihil
364 535 571 568 contulerint.
938 566 958 572 ﬁ

930 565 1092 596 Editiones
1110 565 1235 597 Grame.

304 628 331 660 Ι.
347 629 385 659 Ut
407 628 446 658 de
471 625 587 657 Graecis
613 621 811 654 editionibus
836 618 974 658 primum
1001 619 1157 654 dicamus,
1184 618 1269 658 quod
1296 618 1428 658 quidem
1454 618 1532 649 ordo
1551 619 1676 650 videtur
1695 621 1877 658 postulare,

265 682 367 721 prima
386 689 456 711 sese
471 679 561 710 oﬂ‘ert
580 677 649 712 illa,
677 682 741 713 qua
766 672 972 703 continentur
1001 681 1017 699 α
1041 670 1190 709 Gregorii
1218 671 1408 702 Nazianzeni
1441 671 1601 702 orationes
1631 670 1811 703 lectissima:
1826 681 1880 703 xvi

269 720 376 763 Graece
394 739 431 762 ex
449 729 591 761 editione
609 727 649 756 M.
666 722 789 755 Masuri
807 731 814 750 :
829 721 971 752 Venetiis
987 720 1020 751 in
1035 721 1158 751 tedibns
1174 721 1245 751 Aldi
1263 722 1353 758 1516,
1371 723 1449 755 in-S'
1463 723 1515 762 (a).
1535 732 1550 748 »

304 779 456 820 Epistula:
476 775 637 808 nonnulla:
664 771 834 809 Gregorii,
866 778 928 800 una
951 777 1024 800 cum
1051 769 1197 808 epistolis
1226 770 1346 807 Basilii,
1374 772 1457 810 typis
1490 779 1614 802 excusas
1640 775 1714 802 sunt
1745 774 1881 812 primum

265 833 447 870 Baganona:
461 834 545 858 anno
564 825 642 856 1528
657 825 749 861 in-8°,
765 823 881 854 deinde
899 821 1045 852 Venetiis
1060 830 1144 852 anno
1164 822 1242 852 1532
1259 823 1346 853 curis
1365 823 1525 862 ObSOpmi,
1541 822 1645 855 in-fol.
1865 854 1867 856 η

305 878 450 918 Gregorii
467 874 657 907 Nazianzeni
676 872 832 911 Theologi
861 871 1021 902 orationes
1037 879 1069 900 ιι
1086 870 1331 910 elegantissimae
1355 872 1543 911 prodierunt
1561 883 1643 906 anno
1663 876 1737 907 1536
1759 877 1791 908 in
1807 879 1880 909 reti.

264 931 324 962 bus
342 927 500 960 hmrcdum
526 925 612 959 Aldi,
632 924 725 954 in-S".

305 982 438 1013 Easdem
457 977 616 1009 orationes
633 973 718 1013 typis
735 971 896 1003 mandavit
913 971 1086 1002 Vechelius
1102 970 1231 1002 Parisiis
1250 979 1334 1002 anno
1361 971 1449 1003 15M.

302 1032 401 1063 Paulo
419 1033 488 1070 post
507 1029 600 1067 longe
620 1024 810 1063 locupletior
826 1023 950 1061 vulgata
964 1026 1011 1053 est
1028 1022 1126 1054 editio
1142 1023 1282 1061 Operum
1310 1023 1474 1063 Gregorii;
1489 1034 1559 1065 quze
1580 1035 1642 1058 non
1661 1029 1879 1060 modooratio-

263 1093 334 1121 nes,
350 1083 379 1115 si
395 1083 502 1114 minus
518 1087 641 1114 omnes,
660 1076 771 1108 saltem
800 1084 908 1106 earum
931 1078 1050 1114 partem
1081 1075 1276 1113 maximam;
1302 1084 1412 1106 verum
1438 1076 1533 1108 etiam
1552 1088 1642 1110 Lxxx
1669 1080 1832 1119 epistolas,
1848 1085 1879 1111 et

263 1134 420 1175 permulta
436 1132 574 1164 carmina
587 1128 870 1168 complectebatur.
889 1127 982 1157 Anno
999 1126 1116 1157 Christi
1132 1127 1211 1158 1550
1239 1127 1357 1166 prodiit
1378 1129 1522 1165 Basilete,
1551 1131 1732 1169 sumptibus
1748 1131 1879 1162 Joannis

262 1185 424 1225 Hervagii,
441 1184 549 1214 Graeca
565 1181 618 1212 illa
633 1180 750 1216 editio;
770 1188 865 1219 quam
883 1179 1040 1217 proxime,
1062 1178 1173 1209 eodem
1189 1178 1310 1209 scilicet
1327 1188 1423 1215 anno,
1441 1180 1610 1212 subsecuta
1630 1186 1677 1212 est
1695 1183 1878 1214 earumdem

263 1245 397 1276 operum
422 1234 580 1265 elaborata
603 1231 700 1262 variis
723 1229 762 1260 ab
793 1229 980 1260 auctoribus
997 1228 1108 1259 Latina
1124 1228 1357 1267 interpretatio.
1379 1230 1487 1260 Exstat
1516 1232 1547 1261 in
1567 1231 1663 1270 Regia
1680 1232 1878 1263 Bibliotheca

262 1290 359 1328 hujus
378 1288 494 1318 Griecm
514 1283 667 1315 editionis
685 1281 847 1321 exemplar
864 1289 935 1311 cum
953 1280 1038 1310 notis
1054 1279 1092 1310 ad
1108 1289 1194 1310 oram
1212 1280 1284 1310 libri
1312 1281 1451 1320 scriptis.
1482 1281 1516 1311 In
1538 1280 1594 1311 hac
1613 1281 1753 1312 editione
1771 1291 1878 1312 recen-

262 1345 351 1372 setur
362 1340 444 1371 inter
461 1338 562 1377 Opera
583 1334 726 1373 Gregorii
751 1333 911 1372 tragmdia,
936 1331 1080 1362 Christus
1094 1333 1226 1371 patiens,
1255 1341 1327 1372 qua:
1341 1333 1406 1372 jam
1423 1333 1473 1364 bis
1499 1333 1607 1364 Graece
1624 1334 1711 1373 prelo
1734 1335 1853 1365 exierat
1869 1345 1877 1364 :

261 1395 382 1430 Romae,
395 1398 479 1423 anno
504 1389 595 1425 15'42,
621 1386 714 1422 in-8°,
733 1393 790 1425 per
814 1384 989 1415 Antonium
1017 1384 1147 1414 Bladum
1177 1384 1375 1421 Asulanum;
1400 1388 1430 1416 et
1460 1385 1594 1416 Lovanii
1620 1394 1705 1417 anno
1720 1387 1808 1422 13th,
1826 1396 1879 1426 per

260 1445 436 1483 Rutgerum
453 1441 623 1472 Roscium:
643 1438 814 1476 utriusque
837 1435 992 1467 editionis
1021 1435 1116 1475 hujus
1141 1436 1300 1474 tragoediae
1323 1444 1386 1467 non
1409 1435 1554 1467 meminit
1569 1437 1876 1469 Fabricius.Eodem

263 1503 347 1526 anno
362 1493 463 1525 editio
478 1492 564 1523 Bladi
582 1490 714 1521 Parisiis
730 1490 763 1519 in
785 1488 909 1519 ofﬁcina
926 1487 1098 1519 Christiani
1115 1487 1259 1518 Vechelii
1273 1497 1381 1519 recusa
1400 1492 1460 1520 est.

300 1544 482 1576 Sententias
507 1546 537 1574 et
560 1542 684 1580 regulas
707 1540 778 1572 vitae
804 1549 844 1570 ex
867 1540 1013 1578 Gregorii
1034 1539 1225 1571 Nazianzeni
1247 1541 1375 1580 scriptis
1397 1540 1563 1575 collectas,
1592 1540 1717 1578 Grmce;
1734 1540 1877 1579 ejusdem

259 1594 384 1625 iambos
401 1592 537 1632 aliquot,
550 1591 658 1622 Greece
674 1589 782 1626 etiam,
799 1588 908 1620 studio
921 1589 1052 1620 Joannis
1064 1589 1224 1627 Sambuci,
1238 1590 1424 1630 Antuerpiae
1441 1590 1471 1620 in
1482 1590 1585 1621 lucem
1597 1591 1702 1621 emisit
1718 1591 1877 1622 Plautinus

260 1653 346 1677 anno
363 1644 452 1679 1568,
472 1643 564 1674 in-8'.

299 1696 362 1726 Nec
378 1702 451 1726 vero
469 1692 733 1733 praetermittenda
748 1693 864 1724 Selecla
875 1692 1012 1722 carmina
1026 1691 1063 1722 ab
1074 1692 1263 1730 Hieronymo
1296 1692 1444 1723 Brunello
1459 1693 1489 1723 S.
1508 1694 1536 1724 J.
1548 1693 1642 1730 edita,
1655 1702 1725 1724 cum
1740 1693 1877 1733 GeOrgio

258 1747 365 1778 Piside
381 1750 410 1777 et
429 1744 556 1784 Synesii
572 1753 607 1775 ac
624 1743 795 1774 Clementis
807 1742 982 1774 Alexandri
993 1741 1122 1780 hymnis
1137 1750 1144 1770 :
1163 1742 1268 1771 Romae
1290 1750 1373 1773 anno
1390 1743 1477 1779 1500,
1497 1741 1585 1772 in-8°.

299 1795 450 1834 Addenda
480 1795 572 1826 etiam
606 1796 750 1833 poemata
779 1792 924 1832 quaedam
957 1799 974 1822 a
1004 1791 1125 1822 Davide
1155 1791 1351 1828 Bmschelio,
1392 1792 1539 1829 Lugduni
1569 1793 1753 1825 Batavorum
1792 1802 1878 1825 anno

259 1847 348 1882 1591,
372 1845 464 1880 in-S‘,
486 1853 524 1875 ex
543 1842 668 1874 ofﬁcina
689 1840 983 1877 Plantiniana,cum
1002 1839 1183 1878 paraphrasi
1199 1840 1419 1879 Grmca,quam
1438 1841 1638 1874 Hmschelius
1660 1843 1774 1874 Nicette
1793 1851 1874 1883 opus

259 1903 332 1927 esse
349 1893 531 1924 arbitratur.

298 1945 456 1984 Denique,
480 1942 614 1982 geminm
637 1939 781 1979 Gregorii
808 1939 842 1970 in
868 1938 1031 1970 Julianum
1055 1938 1280 1977 imperatorem
1307 1939 1486 1977 invectivas,
1511 1942 1631 1981 Graece,
1653 1953 1725 1975 cum
1743 1944 1876 1976 scholiis

258 1997 393 2033 Graecis;
405 1995 546 2034 ejusdem
559 1993 660 2024 oratio
679 1992 712 2022 in
727 1990 882 2029 Martyres
899 1994 925 2020 et
941 1995 1051 2020 contra
1065 1990 1221 2024 Arianos;
1245 1990 1353 2021 deCem
1373 1999 1463 2022 novas
1475 1993 1629 2032 epilellE,
1650 1999 1876 2026 testamentum

258 2046 541 2088 Gregoriimmnia
558 2055 596 2076 ex
619 2043 816 2076 Bibliotheca
832 2043 963 2074 Henrici
990 2043 1099 2075 Savilii
1122 2044 1204 2075 edita
1224 2048 1301 2075 sunt
1321 2045 1449 2083 Etonaa,
1474 2046 1566 2078 in-Ir'.
1585 2057 1669 2080 anno
1689 2050 1779 2086 1610,
1801 2058 1876 2081 cura

258 2104 289 2132 et
302 2100 407 2131 studio
418 2099 454 2129 Β.
467 2098 632 2136 Montagu,
649 2096 732 2135 typis
747 2095 882 2126 Joannis
896 2095 1028 2125 Norton.

612 2158 616 2161 -
916 2145 1080 2176 Edilionea
1101 2146 1229 2178 Latinae.

295 2202 439 2241 Gregorii
456 2199 648 2231 Nazranzeni
663 2197 813 2235 carmina,
833 2198 872 2229 ad
888 2197 969 2229 bene
982 2198 1135 2237 beateque
1149 2199 1320 2231 vivendum
1337 2199 1520 2236 utilissima,
1533 2200 1642 2231 Latine
1655 2223 1664 2238 ,
1679 2210 1718 2232 ex
1734 2201 1874 2233 editione

255 2255 327 2286 Aldi
345 2254 477 2286 Manutii
496 2251 631 2283 Romani
647 2254 676 2281 et
691 2250 773 2281 Petri
790 2250 920 2281 Candidi
937 2250 1096 2282 monachi.
1117 2251 1274 2289 Venetiis,
1288 2251 1388 2283 Aldus
1402 2252 1576 2289 Manutius,
1593 2251 1689 2287 in-lu',
1708 2253 1796 2283 15οῖι.

295 2308 388 2337 Anno
405 2305 495 2339 1508,
510 2303 618 2334 decem
639 2302 786 2341 Gregorii
814 2302 988 2338 orationes,
1009 2310 1047 2333 ex
1065 2311 1171 2334 earum
1189 2312 1324 2335 numero
1340 2313 1420 2344 quas
1438 2313 1455 2335 a
1472 2303 1585 2335 Ruﬁno
1606 2303 1717 2333 Latine
1738 2303 1874 2335 redditas

253 2356 522 2393 ferunt,vulgatae
539 2357 613 2385 sunt
628 2353 843 2392 Argentorati,
873 2361 945 2384 cum
974 2353 1078 2392 ipsius
1109 2354 1297 2387 Praefatione
1315 2357 1354 2386 ad
1373 2356 1606 2396 Apronianum,
1637 2363 1692 2393 per
1719 2355 1873 2386 Joannem

251 2407 440 2438 Knobauch.
451 2407 506 2437 Hea
516 2408 590 2436 sunt
604 2406 775 2442 orationes,
789 2406 865 2437 olim
878 2414 900 2441 ι,
912 2414 1031 2442 xn,xv,
1041 2415 1120 2442 xvn,
1132 2416 1248 2444 xxvm,
1264 2417 1382 2446 xxxx",
1394 2411 1535 2445 xx‘xvtn,
1550 2415 1666 2444 xxxix,
1682 2416 1769 2443 xuv,
1784 2415 1813 2436 ι..

290 2459 410 2490 Eodem
425 2466 522 2495 anno,
539 2457 616 2488 alias
631 2462 753 2497 septem
770 2458 943 2494 orationes,
962 2459 1072 2490 Latine
1089 2469 1105 2490 a
1122 2468 1157 2490 se
1173 2461 1324 2499 redditas,
1338 2463 1491 2501 Augustae
1509 2460 1750 2492 Vindelicorum
1769 2458 1871 2490 ΟΕοο-

251 2507 434 2548 lampadius
452 2507 605 2545 vulgavit.

289 2559 383 2590 Anno
404 2559 493 2592 1522,
510 2558 570 2588 alia
594 2557 802 2596 quarumdam
819 2559 966 2598 Gregorii
984 2560 1166 2592 orationum
1182 2561 1284 2593 editio
1305 2562 1420 2601 Lipsiae
1434 2560 1553 2601 prodit!
1569 2562 1675 2591 m-S’:
1691 2561 1721 2590 at
1736 2558 1790 2590 illa
1804 2566 1869 2590 non

249 2610 355 2642 dill‘ert
370 2609 409 2640 ab
432 2609 711 2648 Argentoratensi.

287 2662 381 2691 Anno
399 2661 488 2695 1531,
506 2659 680 2691 Bilibaldus
698 2660 952 2697 Pirkheimerus,
969 2662 1026 2700 qui
1052 2661 1153 2693 tribus
1169 2666 1242 2693 ante
1262 2663 1356 2694 annis
1376 2663 1522 2703 Gregorii
1537 2662 1782 2702 Apologeticum
1810 2663 1872 2693 La-

249 2712 373 2757 tinitate
390 2713 541 2744 donatum
559 2712 591 2742 in
608 2713 709 2743 lucem
730 2712 891 2748 emiserat,
913 2713 1039 2751 triginta
1069 2717 1140 2744 Octo
1157 2715 1330 2751 orationes,
1345 2724 1425 2756 quas
1439 2716 1550 2747 Latine
1566 2719 1716 2752 verterat,
1739 2715 1872 2746 Basilem

248 2763 336 2802 prelo
354 2763 537 2802 supposuit.
555 2763 697 2794 Necdum
727 2764 801 2795 inde
823 2764 991 2802 exierant,
1019 2774 1091 2797 cum
1119 2775 1202 2798 mors
1229 2767 1358 2798 abstulit
1385 2768 1612 2808 interpretem;
1646 2768 1737 2807 cujus
1767 2779 1782 2795 ct
1806 2776 1870 2798 non

247 2817 382 2845 mortem
403 2813 644 2852 deplorandam,
656 2815 875 2853 aitErasmus,
888 2814 943 2847 sed
954 2817 1131 2848 deﬂendam
1147 2818 1303 2856 publicam
1320 2818 1503 2859 studiorum
1514 2820 1684 2861 jacturam.
1700 2832 1716 2849 ao
1730 2820 1870 2858 Quippe,

247 2864 498 2902 Pirkheimerus,
515 2866 547 2897 ni
565 2864 680 2896 festina
707 2874 792 2896 mors
811 2865 1001 2904 obstitisset,
1032 2879 1046 2897 σι
1062 2868 1216 2900 eximium
1244 2868 1431 2901 Christiana)
1450 2870 1664 2912 philosophiae
1690 2877 1870 2911 praeconem

281 2948 319 2985 (a)
332 2948 392 2977 Cat.
407 2949 476 2978 Bibl.
492 2948 570 2985 Reg,
586 2953 649 2978 tom.
671 2948 690 2984 Ι,
707 2956 765 2985 pag.
780 2948 842 2977 510.
859 2956 885 2977 n.
902 2948 968 2977 2M.
