2058 3128
215 226 250 256 15
722 230 906 260 PREFATIO
925 232 1027 262 GENEI

1019 234 1129 262 RALIS.
1150 249 1185 257 -—
1202 235 1293 264 PARS
1311 236 1332 264 1.
1794 243 1828 275 η

211 287 399 326 Gregorium
421 288 656 321 Nazianzenum
672 290 719 322 sic
733 292 843 323 Latine
856 293 1038 333 loquentem
1061 296 1153 327 nobis
1171 307 1183 324 η
1206 298 1338 328 daturus
1353 296 1477 336 fuisset,
1492 303 1528 332 ut
1545 301 1644 334 (ἓνωοί
1661 306 1827 337 sermonis

209 346 307 370 sonos
325 347 419 370 nemo
447 340 689 371 desideraturus
714 340 842 373 fuiSSct.
869 343 1008 376 Joannes
1042 346 1166 383 Straub,
1189 347 1334 378 Bilibaldi
1360 356 1470 387 gener,
1499 351 1665 384 translatas
1690 362 1831 387 asocem

208 396 269 444 suo
284 389 446 444 orationes
470 390 610 444 edendas
635 392 755 422 curavit
780 393 909 424 Basilem
927 403 966 425 ex
991 395 1115 426 otlicina
1133 396 1345 434 Frobeniana,
1370 407 1454 430 anno
1478 400 1567 432 1531.
1588 402 1831 444 Editioni,quaa

209 440 349 496 plurima.
362 442 421 472 alia
440 441 584 496 Gregorii
607 450 703 496 opera
719 445 951 485 complectitur,
966 448 1092 487 preaﬁxa
1106 451 1154 480 est
1170 449 1408 488 elegantissima
1424 451 1547 483 Erasini
1564 454 1698 493 epistola
1717 440 1752 486 in
1767 440 1829 496 qua

207 489 318 522 laudes
341 491 524 530 interpretis
545 493 765 531 prosequitur.

246 544 340 574 Anno
356 543 515 583 sequenti,
529 543 683 575 Claudius
700 545 872 578 Chevallon
889 548 1018 579 Parisiis
1044 549 1185 589 vulgavit
1217 550 1363 590 Gregorii
1388 551 1580 584 Nazianzeni
1613 562 1828 594 cognomento

206 593 362 642 Theologi
378 595 538 626 orationes
554 604 691 634 xxxvm,
710 601 874 636 tractatus,
890 608 1057 631 sermones
1073 604 1102 633 et
1120 602 1219 633 libros
1238 602 1358 642 aliquot
1373 603 1496 641 Latine,
1508 593 1664 637 Bilibaldo
1678 606 1827 638 Pirkhei-

206 651 313 679 mero,
333 640 446 675 Ruﬁno
466 645 664 686 presbytero,
687 652 717 680 et
737 651 826 682 Petro
845 652 1022 684 Mosellano
1040 640 1333 691 interpretibus,ex
1354 655 1496 687 editione
1517 657 1651 688 Joannis
1666 649 1828 690 Straub'et

205 695 362 726 Desiderii
388 696 520 727 Erasmi.
540 698 642 738 Hujus
661 701 847 734 Parisiensis
867 704 1016 735 editionis
1034 706 1106 735 anni
1125 705 1201 735 1532
1217 714 1278 735 non
1297 704 1422 736 videtur
1438 707 1623 738 meminisse
1636 708 1820 740 Fabricius.

243 747 345 778 Aliam
363 757 446 779 anno
460 750 536 780 1550
554 751 728 791 Volt‘angus
745 754 923 791 Muscutus,
939 756 1086 791 Basileae,
1108 756 1192 795 apud
1211 757 1373 786 Joannem
1390 756 1595 795 Hervagium,
1614 757 1738 796 praeﬁxa
1754 759 1827 798 epi-

205 799 284 831 stola
304 803 531 840 nuncupatoria
549 803 740 842 Augustanaa
756 805 942 843 reipublicae
966 806 1124 845 praefectis
1150 806 1352 842 consulibus,
1382 805 1532 837 adornari
1560 808 1684 837 curavit
1710 808 1826 839 editio-

205 859 290 889 nem,
310 861 380 892 quas
393 853 504 884 Latine
519 853 648 886 exhibet
671 857 827 896 quidquid
847 858 955 888 Grmce
986 858 1210 898 complectitur
1227 857 1326 888 editio
1352 857 1496 897 ejusdem
1522 858 1596 888 anni
1614 858 1698 896 apud
1729 866 1825 890 eum-

204 903 276 934 dem
294 905 485 943 Hervagium
501 918 508 943 ;
525 908 646 940 scilicet
662 919 786 941 xxxvru
802 911 962 943 orationes
977 921 992 942 a
1009 912 1103 943 Pirk'n
1112 912 1232 943 eimero
1252 911 1363 942 Latine
1381 910 1530 948 redditas,
1550 910 1711 941 orationes
1727 912 1824 950 quin-

203 963 267 994 que
285 956 323 986 de
338 956 514 996 Theologia
529 968 545 989 a
568 960 657 991 Petro
678 963 864 999 Mosellano,
890 967 1027 1003 quatuor
1049 968 1155 995 autem
1180 964 1219 995 ab
1242 963 1311 1002 ipso
1337 961 1498 996 Musculo,
1516 969 1629 998 nempe
1644 969 1666 995 ι,
1681 970 1747 993 xu.
1762 970 1826 992 ην

203 1009 234 1036 et
254 1015 357 1043 vau;
384 1007 511 1039 demum
532 1009 728 1047 tragmdiam,
745 1010 887 1041 Christus
901 1012 1039 1050 patiens,
1055 1021 1092 1042 ex
1115 1012 1261 1043 versione
1290 1010 1466 1042 Sebastiani
1496 1008 1701 1041 Guldebeccii
1727 1009 1825 1050 Tigu.

202 1055 276 1094 riui,
293 1060 324 1086 et
341 1057 400 1087 alia
421 1063 563 1097 poemata
593 1067 666 1089 cum
691 1059 953 1098 interpretatione
969 1061 1041 1091 Aldi
1065 1061 1216 1092 Manutii.

240 1107 333 1137 Anno
352 1108 440 1142 1550,
458 1109 633 1140 orationem
657 1109 697 1141 de
715 1110 910 1149 pauperibus
936 1111 1081 1142 emendis
1102 1115 1132 1142 et
1153 1111 1352 1149 benignitate
1381 1108 1641 1149 complectendis,
1658 1118 1728 1141 cum
1745 1110 1824 1142 dua-

200 1156 260 1187 bus
275 1158 418 1196 Gregorii
435 1160 569 1198 Nysseni
598 1161 796 1192 orationibus
818 1162 962 1201 ejusdem
993 1162 1186 1202 argumenti,
1203 1171 1242 1194 ex
1269 1162 1533 1202 interpretatione
1560 1161 1643 1192 Petri
1662 1161 1823 1194 l-‘rancisci

199 1208 267 1239 Zini
286 1210 385 1240 edidit
410 1211 537 1242 Parisiis
556 1213 770 1250 Vascosanus,
787 1214 883 1245 ἱη-Ιιο.

239 1261 332 1292 Anno
348 1262 436 1299 1569,
454 1264 571 1302 prodiit
588 1265 717 1296 Parisiis
734 1266 817 1305 apud
834 1265 1005 1297 Claudium
1029 1267 1147 1306 Fremy
1166 1265 1268 1306 prima
1294 1265 1438 1305 Operum
1455 1262 1610 1300 Gregorii,
1631 1263 1779 1294 adornata
1803 1271 1821 1293 a

199 1315 315 1346 Jacobo
333 1316 425 1347 Billio
438 1318 570 1348 Prunteo
584 1317 688 1348 Sancti
713 1317 879 1348 Michaelis
896 1316 930 1348 in
959 1327 1066 1349 eremo
1083 1318 1208 1355 abbate,
1226 1316 1339 1353 editio,
1367 1316 1435 1346 sive
1461 1313 1692 1351 interpretatio.
1721 1313 1818 1345 Aliud

199 1365 284 1394 enim
302 1369 348 1395 est
364 1365 475 1403 editio,
493 1366 578 1397 aliud
609 1367 838 1405 interpretatio.
863 1368 896 1398 ld
928 1367 1028 1398 sensit
1055 1367 1125 1407 ipse
1142 1367 1267 1403 Bittius,
1287 1366 1468 1405 librumque
1493 1371 1587 1394 suum
1621 1363 1784 1403 inscripsit
1810 1373 1819 1394 ε

199 1415 346 1454 Gregorii
361 1416 462 1456 Opera
489 1427 570 1449 nova
591 1419 796 1450 translatione
814 1419 939 1455 donata,
967 1423 1041 1456 etc.,
1063 1428 1134 1450 cum
1161 1417 1395 1451 commentariis
1429 1416 1547 1447 Nicetis
1574 1415 1727 1451 Serronii,
1757 1419 1808 1447 etc

197 1463 265 1493 Non
284 1472 344 1494 una
361 1473 451 1496 pcvae
467 1465 563 1505 hujus
585 1467 855 1506 interpretationis
874 1467 935 1498 fuit
953 1468 1063 1499 editio.
1080 1469 1139 1499 Vel
1163 1468 1233 1508 ipso
1259 1474 1343 1497 anno
1360 1465 1505 1503 sequenti
1524 1465 1639 1504 prodiit
1664 1464 1819 1503 Coloniae,

196 1514 382 1554 plurieSque
399 1516 549 1556 deinceps
567 1527 676 1549 recusa
694 1522 753 1549 est.
770 1519 816 1550 De
838 1520 894 1550 bac
918 1520 1076 1558 versione,
1095 1529 1166 1560 quae
1190 1519 1312 1551 czeteris
1337 1518 1432 1556 longe
1463 1519 1599 1556 praestat,
1627 1525 1700 1548 mox
1730 1517 1820 1556 plura

196 1565 352 1596 dicemus.

233 1621 304 1657 Quo
334 1623 476 1657 tempore
499 1617 611 1649 Billius
642 1618 788 1657 Gregorii
819 1618 978 1659 Operibus
1002 1619 1114 1650 Latine
1134 1618 1295 1650 vertendis
1322 1615 1542 1653 incumbebat,
1569 1616 1817 1653 Leuvenkmius,

195 1666 396 1698 hortantibus
413 1665 534 1704 amicis,
556 1667 703 1698 eumdem
725 1667 863 1699 laborem
888 1672 1091 1708 susceperat;
1122 1677 1260 1707 cumque
1279 1668 1318 1698 de
1334 1667 1419 1698 Billii
1453 1668 1561 1699 labore
1585 1668 1699 1699 certior
1717 1667 1818 1699 factus

195 1717 319 1754 fuisset,
340 1724 470 1748 manum
484 1716 523 1747 de
545 1714 650 1747 tabula
682 1716 792 1748 tollere
818 1717 987 1756 cogitabat.
1016 1719 1057 1748 At
1090 1726 1127 1749 eo
1154 1717 1306 1757 deinceps
1335 1718 1422 1748 edito
1453 1717 1646 1749 sententiam
1671 1718 1818 1753 mutavit.

196 1776 267 1799 cum
284 1770 427 1799 cerneret
445 1775 478 1798 se
495 1775 591 1806 quam
606 1767 704 1798 multa
722 1776 784 1799 non
807 1769 896 1808 prius
912 1769 990 1806 visa,
1007 1769 1128 1809 quibus
1143 1769 1299 1801 caruisset
1326 1769 1453 1806 Bittius,
1470 1770 1690 1809 congessisse;
1717 1769 1817 1801 maxie

196 1828 248 1851 me
263 1829 337 1851 vero
352 1821 438 1859 quod
456 1823 566 1850 nactus
587 1822 671 1848 esset
687 1818 764 1848 Elite
783 1818 945 1849 Cretensis
975 1819 1210 1859 archiepiscopi
1234 1819 1267 1849 in
1294 1819 1530 1850 Nazianzenum
1558 1821 1818 1858 commentarios,

196 1870 312 1910 quibus
327 1870 463 1901 ducibus
484 1868 522 1900 ad
539 1867 699 1898 eruendas
721 1868 886 1905 abstrusos
902 1869 934 1899 in
954 1868 1117 1908 plerisque
1141 1868 1218 1899 locis
1242 1867 1434 1898 Nazianzeni
1451 1876 1567 1899 sensus
1592 1869 1638 1899 uti
1668 1877 1704 1899 se
1721 1875 1820 1908 posse

195 1929 308 1959 magna
322 1930 392 1952 cum
410 1921 546 1951 utilitate
569 1919 748 1956 conspexit.
764 1921 918 1952 Praeterea
942 1921 1068 1959 egregia
1094 1920 1281 1959 scriptorum
1298 1919 1490 1949 Nazianzeni
1516 1919 1721 1958 exemplaria,
1744 1921 1818 1959 qui-

193 1970 254 2002 bus
272 1979 350 2001 usus
369 1973 428 2006 est,
447 1969 597 2007 celebret,
616 1970 698 2001 inter
713 1978 784 2009 quae
801 1971 867 2001 duo
885 1971 1021 2001 summis
1037 1970 1127 2001 etl‘ert
1155 1968 1325 2006 laudibus;
1348 1969 1484 2000 alterum
1509 1970 1671 2002 Choniatae
1686 1971 1817 2002 Acumi-

193 2021 260 2052 nali
281 2029 374 2051 manu
391 2020 560 2059 scriptum;
580 2021 713 2052 alterunt
733 2022 825 2059 longe
846 2022 1021 2061 antiquius,
1042 2022 1217 2053 litterarum
1239 2021 1393 2060 elegantia
1423 2024 1589 2059 praestans,
1615 2025 1645 2052 et
1668 2021 1816 2060 scriptio-

192 2073 243 2105 nis
257 2073 453 2112 integritate;
473 2076 558 2103 tanta
575 2075 696 2106 scilicet
712 2074 876 2114 diligentia
901 2079 1077 2110 exaratum,
1094 2074 1219 2106 nullum
1240 2077 1275 2105 ut
1292 2073 1325 2104 in
1345 2081 1384 2104 eo
1398 2071 1532 2103 verbum
1550 2080 1712 2111 perperam
1732 2072 1814 2103 scri-

193 2131 280 2167 ptum
298 2127 482 2164 reperiatur.
503 2127 531 2156 ls
549 2125 650 2156 codex
667 2125 835 2160 Basileam,
852 2125 907 2155 ubi
927 2125 1102 2155 etiamnum
1123 2133 1237 2163 magna
1260 2123 1468 2154 veneratione
1487 2125 1681 2158 asservatur,
1701 2121 1814 2152 allatus

191 2179 334 2215 tempore
351 2175 476 2206 concilii
501 2174 708 2210 Basileensis,
727 2174 879 2212 plurimas
895 2173 1024 2204 exhibet
1043 2173 1196 2212 picturas,
1219 2173 1340 2213 hasque
1371 2173 1455 2204 inter
1470 2173 1647 2209 elegantem
1669 2173 1814 2211 Gregorii

190 2225 376 2265 imaginem.
394 2226 516 2256 Horum
532 2223 798 2262 exemplariorum
815 2231 874 2262 ope
891 2222 1060 2260 depravata
1077 2222 1217 2262 plurima
1242 2231 1277 2253 se
1301 2221 1491 2256 correxisse,
1508 2225 1538 2252 et
1555 2220 1664 2251 mutila
1682 2220 1814 2259 integri-

191 2275 248 2306 tati
269 2275 448 2306 restituisse
463 2274 577 2306 asserit
593 2270 842 2304 Leuvenklaius.
861 2271 980 2302 Prodiit
997 2270 1051 2302 illa
1069 2272 1169 2303 editio
1186 2271 1318 2302 Basileaa
1333 2279 1416 2302 anno
1433 2271 1511 2302 1571
1530 2278 1568 2300 ex
1593 2270 1718 2302 ofﬁcina
1733 2272 1814 2303 Her-

192 2326 336 2364 vagiana,
352 2335 453 2365 eaque
477 2329 539 2357 tam
555 2323 718 2354 diuturnis
739 2321 857 2361 vigiliis
877 2322 1041 2362 tantisque
1063 2322 1151 2352 curis
1175 2320 1347 2356 elaborata,
1371 2323 1406 2350 ut
1422 2319 1456 2350 in
1486 2319 1588 2356 prima
1611 2319 1682 2349 libri
1698 2320 1813 2358 pagina

193 2373 258 2405 hinc
272 2374 445 2405 inscribere
463 2383 527 2405 non
553 2371 745 2403 dubitaverit
763 2381 773 2402 :
790 2381 806 2399 «
825 2372 889 2402 Nec
905 2371 1056 2410 deinceps
1081 2371 1173 2402 aliam
1193 2369 1369 2409 exspectari
1386 2369 1628 2409 locupletiorem
1655 2378 1748 2409 posse
1771 2371 1811 2402 dc

195 2425 346 2462 prommio
362 2424 458 2455 lector
473 2423 644 2463 intelliget.
661 2434 677 2452 ι
694 2423 774 2454 Num
793 2423 975 2455 Germanus
990 2423 1148 2464 interpres
1164 2422 1235 2462 plus
1261 2430 1354 2462 aequo
1370 2422 1435 2453 sibi
1456 2422 1632 2462 indulgeat.
1647 2431 1686 2454 ex
1702 2423 1812 2455 dicen-
1858 2457 1862 2469 ί

192 2475 241 2506 dis
256 2475 479 2508 declarabitur.
1239 2507 1243 2510 .
1843 2479 1845 2483 ’

228 2524 462 2556 Leuvenklaius
478 2523 652 2554 editionem
673 2523 707 2554 in
725 2526 788 2554 tres
804 2524 935 2555 omnino
952 2524 1115 2556 distribuit
1131 2529 1234 2556 tomos
1262 2535 1271 2556 :
1295 2532 1434 2565 quorum
1451 2524 1574 2564 primus
1588 2525 1748 2558 orationes
1763 2536 1812 2558 xx

191 2584 262 2606 cum
278 2576 397 2606 Elianis
411 2576 646 2607 commentariis
661 2575 815 2612 continet,
848 2580 996 2617 totusque
1015 2578 1118 2617 ipsius
1139 2578 1274 2610 debetur
1290 2579 1466 2615 industriae,
1482 2578 1538 2618 qui
1560 2588 1632 2610 eum
1649 2580 1688 2610 de
1700 2580 1810 2611 Graeco

191 2626 224 2656 in
241 2625 384 2656 Latinum
401 2633 582 2656 sermonem
597 2625 768 2657 transtulit.
780 2626 870 2657 Alter
884 2627 1022 2667 reliquas
1038 2628 1198 2660 orationes
1213 2639 1323 2667 xxxu,
1341 2641 1414 2663 eum
1431 2634 1578 2672 epistolis
1594 2639 1625 2665 et
1640 2636 1809 2674 poematiis

190 2679 343 2710 hactenus
360 2679 453 2709 editis
468 2677 706 2718 complectitur;
727 2686 798 2717 qua)
812 2677 943 2717 quidem
961 2680 1096 2718 sumpsit
1114 2688 1154 2711 ex
1176 2681 1314 2714 Billiana
1340 2683 1495 2716 editione.
1514 2686 1597 2716 Huic
1616 2689 1701 2717 torno
1724 2695 1808 2726 prre-

190 2728 396 2759 l'aliunculam
412 2727 506 2760 Billio
525 2727 732 2758 honoriﬁcam
749 2727 893 2766 praeﬁxit,
909 2727 1024 2767 hisque
1045 2729 1151 2760 verbis
1166 2739 1241 2762 eum
1261 2732 1436 2772 alloquitur
1451 2744 1461 2764 :
1483 2746 1496 2761 α
1513 2735 1714 2775 Quapropter
1729 2737 1807 2768 mihi

191 2779 339 2818 polliceor
355 2783 385 2811 te
403 2779 506 2810 virum
521 2780 696 2819 sapientem
711 2787 746 2810 ac
759 2779 886 2811 doctum
907 2781 1060 2819 Optimam
1079 2783 1111 2812 in
1127 2787 1245 2822 partem
1265 2785 1435 2817 consilium
1453 2791 1596 2818 nostrum
1613 2788 1806 2828 interpreta-

191 2832 307 2860 turum.
327 2829 426 2860 Debet
445 2829 531 2860 enim
553 2829 677 2866 abesse,
690 2836 763 2859 cum
778 2829 865 2859 omni
881 2828 920 2860 ab
942 2829 1107 2862 hominum
1129 2841 1260 2871 genere,
1287 2837 1352 2865 tum
1380 2845 1397 2867 a
1429 2836 1574 2870 litteratis
1603 2839 1806 2878 potissimum

191 2880 325 2931 invidia;
343 2881 463 2921 quibus
481 2890 555 2913 esse
570 2880 650 2911 nihil
664 2879 827 2931 antiquius
845 2890 899 2920 par
912 2886 970 2919 est,
986 2892 1081 2923 quam
1113 2889 1148 2916 ut
1162 2889 1193 2917 et
1210 2886 1271 2925 ipsi
1285 2887 1436 2925 juvandae
1455 2890 1529 2921 totis
1549 2890 1671 2922 viribus
1688 2892 1798 2931 reipu-

192 2929 280 2963 blicea
294 2931 453 2970 studeant,
471 2935 571 2980 ιρις(
584 2930 646 2964 Sua
659 2930 908 2964 Leuvenklaium
922 2941 996 2973 spes
1011 2933 1123 2967 fefellit
1140 2946 1148 2966 :
1165 2944 1237 2968 nam
1262 2938 1343 2970 male
1361 2943 1409 2971 est
1428 2949 1443 2972 a
1462 2940 1558 2973 Bittio
1584 2941 1723 2981 habitus,
1737 2929 1772 2974 et
1786 2951 1806 2974 α
