2058 3128
251 243 287 274 {5
758 236 942 266 PREFATIO
961 235 1165 264 GENERALIS.
1185 251 1221 257 ——
1238 235 1328 264 PARS
1347 235 1367 262 Ι.
1834 237 1870 265 ιο

249 300 395 333 Billianaa
417 296 688 337 interpretationis
711 296 786 327 anni
812 295 889 326 1583
918 294 1151 325 Parisiensibus
1170 293 1356 329 editoribus,
1377 295 1442 323 tum
1460 291 1492 322 in
1517 292 1716 332 praefatione,
1745 296 1813 324 tum
1835 295 1867 325 in

251 351 348 388 notis,
367 351 399 380 in
419 349 537 389 quibus
554 348 742 388 plerumque
758 346 935 377 acrioribus
953 346 1060 376 verbis
1085 345 1232 384 repulsus
1251 348 1279 374 et
1298 344 1474 383 increpitus
1491 346 1549 374 est.
1566 344 1601 374 ln
1615 346 1741 375 tertium
1766 348 1795 375 et
1815 345 1868 376 ul-

250 403 365 434 timum
386 405 520 436 tomum,
537 412 552 429 α
569 399 626 440 qui
645 403 742 436 totus,
759 410 774 428 no
793 399 900 438 inquit
918 397 1165 434 Leuvenklaius,
1183 408 1198 425 at
1215 397 1323 427 itidem
1340 401 1451 427 noster
1468 399 1525 432 est,
1543 406 1557 424 ιο
1584 404 1618 426 ea
1636 396 1731 427 refert
1750 396 1872 436 Grego-

250 453 288 484 rii
307 455 463 492 poemata,
483 460 553 492 quae
574 451 728 483 hactenus
759 460 823 482 non
850 453 940 482 erant
966 449 1037 481 luce
1061 449 1187 480 donata.
1220 449 1373 479 Prteterea
1401 448 1518 479 Nicetze
1540 448 1805 478 commentarium
1837 450 1868 481 in

249 502 395 541 Gregorii
415 502 605 538 sententias,
621 504 682 531 tam
698 500 862 540 quaternis
890 507 985 539 quam
1003 498 1140 538 singulis
1158 499 1304 529 versibus
1324 498 1476 534 inclusas,
1493 499 1621 538 adjecit,
1647 503 1677 530 et
1705 501 1868 539 egregium

249 553 343 583 Pselli
362 553 533 584 Christiani
550 553 733 593 philosophi
756 553 794 584 de
809 552 986 583 difficilium
1002 551 1201 583 Nazianzeni’
1219 551 1360 582 locorum
1384 551 1549 583 intellectu
1566 553 1681 584 librum
1708 563 1716 583 :
1742 553 1870 585 demum

250 601 406 642 dialogos,
422 613 503 643 quos
519 604 656 634 Cmsario
672 603 752 634 falso
774 603 928 642 ascriptos
946 612 986 633 ne
1014 602 1144 642 quidem
1161 602 1353 641 suspicatur.

289 653 395 684 Julius
416 653 575 684 Gabrielis
596 654 785 692 Eugubinus
803 658 865 684 tres
880 654 1026 692 Gregorii
1044 654 1217 691 orationes,
1234 653 1356 684 scilicet
1372 655 1401 684 1⁹
1416 652 1664 692 Apologetieum,
1678 653 1711 683 2°
1728 653 1776 683 De
1787 663 1869 683 amo-

249 712 282 733 re
298 713 368 743 erga
385 713 548 744 pauperes,
567 704 597 734 3'
614 704 652 734 In
667 704 799 734 natalem
826 703 905 734 diem
920 704 1097 735 Saluatoris
1112 704 1226 741 nostri,
1253 703 1365 735 Latine
1387 704 1525 734 redditas
1550 703 1650 734 edidit
1669 712 1752 734 anno
1781 705 1868 741 1573,

249 754 447 794 Antuerpim,
465 756 548 794 typis
569 754 789 792 Plantinianis,
807 755 912 786 in-S’:
933 764 1013 794 quas
1033 755 1126 786 etiam
1153 754 1297 790 scholiis,
1327 755 1396 786 sive
1417 754 1656 785 commentariis
1683 754 1867 787 illustravit.

249 805 382 835 Addidit
404 810 552 844 praeterea
582 805 829 836 emendationes
853 814 890 837 ex
918 805 1029 835 multis
1049 804 1279 836 vetustissimis
1307 812 1343 835 ac
1367 804 1598 843 probatissimis
1628 805 1868 844 exemplaribus

250 860 356 887 erutas
382 856 414 886 in
431 856 535 887 Graeca
552 857 658 888 omnia
673 858 818 897 Gregorii
842 866 953 897 opera,
969 867 1040 897 quae
1055 858 1197 888 editione
1218 856 1351 887 Basileaa
1367 856 1444 887 anni
1461 858 1538 888 1550
1554 858 1768 889 continentur.
1786 859 1868 889 Prae-

252 906 311 937 ﬂxa
333 910 382 938 est
403 909 635 947 nuncupatoria
652 910 795 948 Antonio
811 909 929 940 Carafae
951 909 1103 940 cardinali
1124 910 1273 948 epistola.

290 959 425 990 Billiana
442 961 548 991 versio
564 957 681 992 iterum
707 961 839 992 Parisiis
857 962 938 1001 apud
958 961 1131 993 Nivellium
1162 964 1194 992 et
1215 961 1382 992 Nicolaum
1405 960 1588 997 Chesneau,
1610 971 1693 993 anno
1710 963 1798 998 1583,
1829 970 1868 994 ex

252 1011 393 1041 secunda
411 1010 749 1049 Billii.recognitione,
766 1011 822 1050 qui
843 1012 932 1050 operi
950 1011 1142 1043 immortuus
1161 1015 1209 1043 est
1229 1022 1236 1041 :
1256 1020 1368 1042 verum
1388 1011 1512 1041 auctior
1538 1012 1591 1042 illa
1609 1016 1704 1051 atque
1721 1014 1870 1044 emcnda-

250 1063 311 1094 tior
327 1071 435 1094 recusa
451 1066 498 1094 est
520 1072 593 1095 cura
610 1066 640 1094 et
655 1063 762 1094 studio
784 1063 994 1101 Genebrardi,
1028 1065 1084 1104 qui
1115 1072 1183 1095 eam
1207 1063 1363 1102 Gregorio
1388 1062 1464 1093 XIII
1504 1064 1653 1095 Pontiﬁci
1683 1065 1811 1095 dicavit.
1832 1065 1869 1095 In

248 1115 329 1147 duos
345 1116 493 1147 distincta
518 1119 566 1146 est
584 1119 698 1153 tomos,
720 1120 850 1156 propter
866 1125 981 1148 novam
1000 1117 1212 1155 plurimorum
1231 1116 1385 1147 librorum
1401 1115 1630 1146 accessionem.
1646 1114 1814 1145 Accessere
1828 1115 1870 1144 si-

247 1168 378 1207 quidem
399 1169 515 1200 Nicetae
531 1169 686 1205 Serronii,
707 1168 816 1206 Pselli,
835 1169 912 1200 Elian
932 1169 1097 1202 Cretensis
1120 1169 1355 1206 commentarii,
1374 1167 1518 1208 epistolas
1545 1168 1716 1208 plusquam
1742 1171 1868 1198 centum

247 1222 493 1262 quinquaginta,
510 1226 571 1253 tam
591 1221 707 1252 Graeca;
725 1230 819 1261 quam
842 1222 964 1254 Latinae

287 1273 383 1303 Anno
403 1273 494 1311 1753,
512 1273 657 1306 Venetiis
673 1275 854 1314 sumptibus
871 1276 1004 1307 Antonii
1038 1276 1124 1307 Zatta
1148 1276 1261 1308 Latine
1288 1275 1476 1315 prodierunt
1498 1271 1605 1303 omnia
1632 1269 1778 1309 Gregorii
1805 1268 1869 1299 Na-

247 1323 390 1355 zianzeni
407 1324 510 1363 Opera
527 1334 565 1356 ex
582 1326 691 1358 eadem
707 1327 855 1358 versione
874 1330 904 1358 et
922 1336 994 1358 cum
1013 1328 1126 1358 iisdem
1143 1327 1382 1359 commentariis
1399 1330 1429 1357 et
1447 1323 1602 1359 scholiis;
1627 1321 1745 1362 quibus
1761 1327 1868 1351 acces-

247 1382 319 1405 sere
337 1375 449 1406 Latine
465 1379 586 1408 tantum
598 1386 669 1417 quae
686 1386 705 1409 a
722 1378 841 1410 Jacobo
854 1379 961 1410 Tollio
977 1382 1008 1411 et
1025 1380 1202 1411 Muratorio
1226 1383 1362 1419 utraque
1379 1378 1487 1417 lingua
1501 1376 1566 1417 jam
1583 1375 1667 1406 edita
1682 1373 1818 1408 fuerant,
1835 1371 1870 1402 ut

246 1427 357 1463 postea
372 1424 530 1457 dicemus.
1447 1436 1452 1441 “

838 1477 998 1509 Editt‘ones
1026 1478 1284 1510 Graec-Latinae.

285 1526 426 1558 Primum
438 1531 608 1559 occurrunt
621 1528 767 1568 Gregorii
782 1528 974 1559 Nazianzeni
1005 1529 1142 1559 carmina
1163 1529 1202 1559 ad
1221 1528 1302 1558 bene
1325 1527 1483 1566 beateque
1498 1528 1671 1559 vivendum
1687 1526 1868 1563 utilissima,

247 1584 265 1606 ο
285 1575 394 1608 Graeco
419 1577 452 1607 iu
481 1577 628 1608 Latinum
648 1579 686 1609 ad
713 1579 843 1609 verbum
871 1585 1023 1609 conversa
1043 1577 1081 1608 ab
1109 1578 1190 1609 Aldo
1225 1577 1369 1608 Manutio
1382 1577 1536 1615 Romano,
1560 1581 1590 1609 et
1615 1578 1756 1617 ejusdem
1785 1575 1870 1617 typis

247 1634 366 1658 excusa
381 1627 486 1659 Graece
503 1631 534 1658 et
549 1627 672 1664 Latine,
694 1627 852 1664 Venetiis,
871 1635 956 1659 anno
972 1627 1061 1664 150’s,
1079 1627 1177 1658 in-zi".
1196 1626 1387 1658 Laudandus
1404 1627 1519 1664 Aldus,
1537 1628 1592 1667 qui
1614 1628 1735 1666 primus
1749 1631 1866 1666 partem

245 1677 384 1718 aliquam
402 1679 549 1718 Gregorii
568 1679 744 1710 carminum
777 1681 901 1711 vertere
921 1679 1071 1716 tentavit;
1098 1679 1244 1719 quamvis
1261 1678 1346 1710 enim
1363 1687 1468 1709 cressa
1491 1683 1521 1710 et
1539 1678 1711 1718 ineleganti
1727 1688 1762 1709 ea
1782 1681 1869 1710 veste

246 1729 428 1766 donaverit,
444 1729 573 1760 donavit
591 1733 709 1768 tamen,
727 1734 758 1762 et
773 1731 847 1762 aliis
865 1731 945 1762 viam
961 1731 1098 1770 aperuit.

284 1779 428 1818 Gregorii
446 1780 588 1820 quaedam
604 1783 634 1811 et
648 1783 755 1811 sancta
770 1781 910 1812 carmina
927 1789 998 1812 cum
1010 1779 1143 1811 Joannis
1158 1780 1256 1820 Langi
1269 1780 1376 1812 Silesii
1392 1779 1667 1819 interpretatione,
1683 1782 1712 1809 et
1725 1778 1866 1817 ejusdem

247 1830 344 1869 Langi
362 1835 505 1869 poemata
520 1830 642 1869 aliquot
660 1830 839 1862 Christiana
860 1831 1029 1867 :Basileae,
1050 1832 1139 1868 1561,
1165 1832 1258 1868 in-S",
1278 1841 1332 1871 per
1354 1832 1508 1862 Joannem
1532 1831 1724 1870 Oporinum.
1746 1831 1867 1861 Versus

246 1880 371 1910 Graecos
387 1880 507 1910 Latinis
527 1880 658 1911 totidem
676 1881 821 1912 versibus
837 1890 901 1913 non
920 1881 1156 1920 inelegantibus
1173 1881 1277 1912 reddit
1292 1881 1462 1919 interpres.

285 1930 484 1966 Ann01563,
504 1930 665 1961 Henricus
681 1929 860 1970 Stephanus
877 1931 909 1961 in
930 1931 1032 1962 lucem
1057 1931 1174 1967 emisit,
1190 1939 1262 1961 cum
1282 1930 1406 1969 Synesii
1426 1929 1566 1969 hymnis,
1580 1929 1722 1969 Gregorii
1736 1928 1867 1959 Nazian-

245 1979 318 2011 zeni
348 1980 423 2010 odas
454 1979 575 2018 aliquot
592 1979 698 2010 Graece
721 1983 751 2009 et
776 1979 898 2017 Latine,
919 1988 959 2010 ex
988 1979 1136 2011 versione
1163 1983 1192 2011 et
1216 1988 1288 2011 cum
1313 1980 1399 2010 notis
1423 1979 1579 2012 Francisci
1597 1980 1682 2010 Porti
1698 1989 1706 2009 :
1724 1977 1864 2012 Parisiis,

243 2028 394 2068 in-2lr(a).

284 2078 404 2109 Ibidem
426 2085 509 2109 anno
527 2079 616 2116 1570,
640 2080 781 2111 Joannes
803 2080 985 2112 Benenatus
1011 2081 1153 2120 vulgavit
1176 2081 1319 2120 Gregorii
1341 2080 1532 2112 Nazianzeni
1553 2079 1628 2111 odas
1650 2079 1769 2116 Greece,
1792 2086 1863 2109 cum

243 2129 356 2161 Latina
375 2129 534 2165 versione,
555 2130 642 2161 in-8'
667 2131 720 2171 (ὁ).
742 2131 876 2170 Ibidem,
898 2133 1041 2171 Gregorii
1065 2133 1255 2164 Nazianzeni
1271 2133 1340 2165 odae
1353 2134 1475 2172 aliquot
1501 2132 1606 2161 Graece
1625 2134 1654 2160 et
1677 2129 1805 2166 Latine,
1825 2137 1864 2160 ex

245 2180 393 2211 versione
415 2183 444 2211 et
463 2189 534 2211 cum
552 2181 635 2211 notis
653 2182 813 2214 Francisci
828 2181 926 2218 Porti,
941 2183 1025 2221 apud
1043 2181 1208 2213 Claudium
1227 2183 1407 2218 Morellum,
1424 2181 1513 2217 1618,
1526 2180 1614 2211 in-Qh
1630 2180 1680 2219 (ο).

284 2229 445 2269 Opuscula
462 2229 609 2268 quendam
627 2234 701 2263 tunc
713 2232 852 2271 primum
869 2231 901 2262 in
916 2232 1018 2262 lucem
1033 2231 1129 2267 edita,
1145 2231 1270 2271 aliaque
1283 2232 1356 2262 item
1378 2229 1524 2262 versibus
1541 2229 1671 2264 reddita,
1689 2236 1866 2268 magnaque

244 2289 283 2311 ex
304 2283 389 2319 parte
407 2280 479 2320 Cyri
494 2280 712 2320 Dadybrensis
729 2280 871 2321 episcopi
888 2281 1123 2312 commentariis
1142 2281 1318 2317 illustrata,
1336 2289 1408 2312 cum
1426 2280 1539 2319 praevia
1559 2279 1690 2318 epistola
1706 2279 1744 2308 ad
1761 2277 1866 2308 cardi-

242 2330 348 2362 nalem
371 2329 532 2366 Sirletum,
557 2330 729 2371 interprete
746 2331 865 2362 Jacobo
881 2330 990 2368 Billio,
1006 2331 1100 2367 in-8',
1118 2331 1206 2366 1575,
1220 2330 1364 2367 Parisiis,
1379 2330 1461 2370 apud
1480 2331 1634 2362 Joannem
1654 2330 1863 2360 Beneuatum.

283 2383 375 2413 Anno
399 2381 489 2419 1582,
512 2381 627 2420 Lipsiae
649 2381 734 2421 typis
755 2380 887 2412 Joannis
908 2379 1048 2411 Steiman
1069 2380 1186 2419 prodiit
1207 2380 1291 2411 in-8°
1306 2380 1362 2420 (ά),
1386 2380 1488 2411 oratio
1510 2379 1654 2418 Gregorii
1673 2377 1864 2409 Nazianzcni

242 2433 286 2464 De
300 2433 474 2464 Pentecoste
492 2433 600 2464 Graece
617 2437 647 2464 et
663 2433 787 2469 Latine,
808 2441 848 2463 ex
871 2431 1012 2462 editione
1031 2434 1061 2463 et
1073 2439 1143 2462 cum
1161 2431 1292 2463 scholiis
1310 2431 1443 2463 Mattbei
1460 2429 1620 2461 Dresseri.

282 2486 375 2517 Anno
390 2486 478 2522 1591,
495 2486 527 2516 S.
550 2484 694 2524 Gregorii
716 2481 908 2513 Nazianzeni
925 2481 1128 2512 definitiones
1147 2489 1251 2512 rerum
1268 2481 1429 2520 simplices
1445 2481 1557 2511 incerti
1575 2477 1727 2513 auctoris,
1753 2481 1782 2508 et
1799 2477 1868 2507 Ma-

242 2536 322 2567 ximi
348 2536 494 2568 monachi
518 2534 733 2568 deﬁnitiones,
752 2532 861 2562 Graece
878 2534 909 2562 et
923 2531 1034 2561 Latine
1051 2539 1090 2561 ex
1106 2531 1257 2562 versione
1272 2531 1403 2562 Joannis
1422 2529 1641 2566 Leuvenklaii,
1660 2536 1698 2559 ex
1724 2527 1864 2559 editione

246 2590 277 2618 et
293 2595 363 2618 cum
381 2585 466 2617 notis
481 2585 611 2617 Davidis
626 2580 802 2613 Hceschelii
822 2591 829 2610 :
847 2579 1079 2618 Heidelberng,
1096 2588 1135 2610 ex
1158 2579 1282 2610 oliicina
1299 2580 1534 2610 Santandreana
1548 2578 1628 2609 in-S'
1646 2577 1696 2618 (ε).

280 2637 372 2667 Anno
388 2636 477 2672 1596,
500 2634 606 2666 Nonni
624 2629 884 2670 Panopolitani...
912 2631 942 2659 et
956 2629 989 2660 S.
1005 2628 1150 2667 Gregorii
1167 2628 1355 2659 Nazianzeni
1371 2629 1565 2666 tetrasticha,
1590 2628 1736 2665 disticha,
1755 2636 1864 2659 mona—

241 2688 319 2718 stica
331 2688 471 2718 carmina
490 2694 562 2717 cum
580 2684 728 2716 versione
742 2682 853 2712 Latina
876 2691 892 2712 e
909 2681 1050 2720 regione,
1069 2689 1108 2712 ex
1132 2680 1395 2720 interpretatione
1418 2681 1552 2713 Erhardi
1568 2680 1762 2713 Hedencccii
1780 2691 1788 2711 :
1805 2681 1863 2711 Ba-

241 2739 329 2769 silcae
344 2738 382 2768 ad
400 2737 576 2777 Lecythum
593 2732 893 2768 Valdkirchianum,
908 2731 975 2762 iri-8
989 2730 1036 2771 (f.)

275 2843 314 2878 (α)
331 2842 391 2870 Cat.
406 2842 463 2871 Bib.
483 2842 562 2879 Reg,
588 2847 653 2872 tom.
677 2843 698 2878 I,
722 2850 782 2879 pag.
805 2841 868 2876 550,
884 2840 933 2870 sub
948 2847 1024 2869 num.
1113 2841 1152 2881 ((1)
1256 2850 1282 2868 n.

239 2875 310 2907 502!
449 2906 455 2912 κ
525 2875 560 2879 ’⁷
691 2875 772 2879 ”’
861 2875 864 2876 ⁷

723 2875 733 2879 ’
759 2875 772 2879 ⁷
861 2875 864 2876 ⁷
1113 2875 1147 2912 (e)
1163 2877 1240 2909 lbid.,
1259 2885 1285 2904 n.
1300 2877 1353 2903 208
1367 2881 1394 2905 et
1409 2883 1437 2906 n.
1452 2875 1519 2905 258.

275 2915 312 2950 (b)
324 2913 402 2950 lbid.,
416 2906 521 2950 ηῼδοδ.
666 2915 670 2917 ‘

666 2915 670 2917 ‘
1113 2906 1145 2949 ω
1161 2906 1239 2946 lbid.,
1256 2920 1284 2940 n.
1297 2912 1359 2940 250.

276 2916 300 2950 (ὁ
324 2916 402 2946 lbid.,
416 2921 443 2940 n.
459 2916 521 2941 505.
1113 2916 1117 2944 1

276 2916 312 2985 te;
329 2949 406 2983 lbid.,
425 2957 453 2976 n.
467 2949 531 2977 5M.
1115 2961 1117 2963 ί
