2058 3128
195 167 228 195 Π
703 169 887 198 ΡΜΞΕΑΤΙΟ
905 169 1007 198 GENEI

997 170 1107 200 BALIS.
1126 186 1162 192 —
1179 172 1269 200 PARS
1287 172 1308 201 Ι.
1774 174 1807 202 18

233 225 326 256 Anno
343 225 432 263 1608,
449 225 592 264 Gregorii
610 226 803 258 Nazianzeni
825 227 1009 265 Threnodt'a,
1025 237 1083 260 seu
1104 230 1285 269 poemation
1303 229 1477 268 elegiacum
1492 229 1532 261 de
1546 229 1645 262 animi
1662 231 1713 263 sui
1727 231 1807 264 atte-

195 274 296 306 ctibus
310 277 340 304 et
357 275 506 310 miseriis,
522 275 630 306 Graece
643 279 674 306 et
699 276 810 307 Latine
826 276 1032 315 :Ingolstadt.
1049 277 1149 307 Adam
1167 277 1324 313 Saturius,
1343 279 1431 315 1608,
1448 281 1540 313 iii-8".

175 334 182 368 ὲ
233 325 327 354 Anno
348 324 438 361 1619,
468 324 616 363 Epistolas
630 326 775 366 Gregorii
790 327 983 359 Nazianzeni
999 339 1007 357 :
1024 327 1208 367 lngolstadt.
1238 327 1482 367 Elegantissima
1504 331 1571 364 htBC
1591 334 1638 364 est
1652 332 1810 372 Epistola-

196 384 262 408 rum
277 376 389 406 editio.

231 427 418 459 Ann01658
433 427 549 466 prodiit
564 427 658 464 liber,
681 428 732 459 cui
749 428 858 458 titulus
885 428 1043 464 Ἐμπύρευμ

996 437 1065 464 ευμα
1089 429 1240 466 εὐσεϐείας,
1257 430 1345 462 varia
1359 439 1398 462 ex
1419 431 1564 463 Patribus
1578 432 1695 463 Graecis
1713 432 1808 464 colle-

193 484 302 511 ctanea
321 479 489 516 exhibens,
506 482 601 520 atque
616 479 698 510 inter
711 488 746 510 ea
770 480 941 519 «Gregorii
966 478 1158 512 Nazianzeni
1180 481 1317 512 carmina
1334 481 1542 522 quaedam...»
1564 483 1680 515 Omnia
1701 484 1808 515 Graece

193 539 263 562 cum
285 531 532 570 interpetatione
561 529 672 560 Latina
695 533 725 559 et
750 537 788 560 ex
812 528 953 560 editione
979 529 1111 560 Joannis
1132 530 1264 570 Gaspari
1279 530 1400 562 Suiceri
1417 541 1425 560 :
1441 532 1563 572 Tiguri,
1589 533 1681 565 Joan.
1698 533 1808 565 Jacob.

193 584 382 617 Bodmerus.
402 583 491 614 iri-12
505 582 556 622 (α).

231 636 324 666 Λιιηο
341 635 430 670 1696,
449 634 488 664 ι).
505 631 652 671 Gregorii
667 631 862 662 Nazianzeni
874 630 1009 670 theologi
1023 631 1169 662 Carmina
1184 640 1297 670 cygneo
1312 631 1438 663 inedita.
1458 632 1531 664 Haec
1547 635 1758 674 continentur
1773 633 1807 664 in

192 687 287 725 libro,
311 688 361 718 cui
378 686 490 717 titulus
507 696 514 716 :
531 684 644 715 Jacobi
661 683 757 714 Tullii
779 683 918 722 insignia
939 683 1062 714 itineris
1083 683 1191 714 Italici
1207 694 1214 714 :
1232 683 1366 722 Trajecti
1384 683 1422 714 ad
1437 682 1596 720 Rhenum,
1609 684 1698 720 1696,
1713 683 1810 715 in-lt'.

231 738 325 768 Anno
343 737 431 773 1709,
449 737 599 772 carmina,
617 737 684 767 sive
708 736 931 776 epigrammata
947 745 1087 767 ccxxvni
1106 737 1137 767 S.
1156 736 1301 775 Gregorii
1320 735 1510 767 Nazianzeni
1529 746 1536 766 :
1553 736 1690 773 Patavii,
1713 735 1809 767 in-b'.

192 790 275 820 inter
296 790 456 820 Anecdota
477 789 597 826 Greca,
620 797 691 828 quae
713 788 873 820 Antonius
893 789 1105 826 Muratorius,
1123 788 1213 820 ducis
1232 788 1364 819 Mutina)
1382 786 1659 824 bibliothecarius,
1685 786 1808 827 publici

191 839 272 879 juris
286 839 373 870 fecit.

234 893 328 922 Anno
354 891 443 928 1716,
470 889 601 922 collecta
623 890 661 921 D.
686 889 833 928 Gregorii
859 890 1051 922 Nazianzeni
1076 889 1213 930 plurima
1239 891 1384 930 poemata
1408 888 1441 921 in
1463 887 1611 920 Latinum
1635 894 1807 923 conversa,

193 946 322 974 auctora
340 941 496 981 Dionysio
511 941 659 980 Gaullyer
678 950 686 970 :
706 940 848 976 Parisiis,
872 939 972 970 iri-12.

759 991 922 1022 Editionu
948 991 1077 1031 Vulgari
1097 1000 1243 1024 sermone.

233 1046 404 1085 Quatrains
421 1046 615 1077 sententiam
636 1045 672 1076 de
691 1045 724 1075 S.
738 1044 888 1083 (ἰν-ἐροίη
907 1044 943 1074 dc
965 1043 1137 1081 Nazianze,
1153 1053 1224 1074 avoc
1235 1053 1293 1074 une
1310 1043 1410 1074 briéve
1425 1042 1615 1083 exposition,
1631 1039 1757 1071 tournt‘:
1774 1047 1810 1070 οη

192 1107 259 1129 vers
269 1098 408 1138 frangais
419 1106 479 1136 par
499 1097 630 1136 Jucques
647 1096 683 1126 de
699 1096 803 1136 Billy:
815 1095 921 1133 Paris,
938 1095 1114 1126 Guillaume
1127 1095 1326 1133 Chaudiéres,
1341 1096 1431 1131 1576,
1448 1094 1544 1126 ἰπὶ-8⁸.

232 1148 320 1179 1693.
336 1148 503 1178 Orationes
519 1155 632 1177 omnes
655 1146 775 1176 Gallico
801 1145 951 1176 idiomate
968 1154 1067 1175 versae
1082 1148 1155 1176 sunt
1176 1154 1230 1184 per
1249 1145 1414 1177 Nicolaum
1430 1143 1598 1180 Fontaino,
1626 1143 1659 1172 ut
1682 1141 1810 1172 notatur

193 1199 226 1231 in
243 1199 341 1229 Catal.
357 1201 436 1238 Reg.
453 1198 533 1229 Bibl.
553 1197 697 1233 Parisiis,
712 1198 732 1228 2
748 1198 811 1228 vol.
829 1196 920 1233 iii-8°,
937 1196 1020 1235 apud
1037 1197 1191 1227 Joannem
1209 1195 1346 1227 Pralard.

232 1249 321 1280 1735.
342 1248 492 1279 Geminas
517 1249 679 1280 orationes
700 1252 809 1280 contra
826 1247 988 1279 Julianum
1003 1249 1213 1283 desertorem,
1239 1257 1255 1278 a
1276 1256 1311 1278 se
1332 1245 1453 1278 Gallice
1471 1246 1621 1281 redditas,
1637 1253 1709 1276 cum
1726 1244 1811 1275 nolis

194 1299 336 1330 edendas
352 1299 473 1330 curavit
492 1299 728 1330 ecclesiasticus
745 1298 1061 1336 Grationopolitanus
1079 1297 1262 1336 :Lngduni,
1280 1297 1386 1334 ino12,
1403 1295 1486 1336 apud
1505 1294 1641 1333 Duplain

233 1349 322 1381 1767.
347 1348 457 1381 Oratio
472 1349 499 1386 Ι,
516 1349 584 1380 sive
601 1347 834 1388 Apologeticus.
853 1346 971 1378 Gallice
991 1354 1063 1377 cum
1082 1346 1165 1378 notis
1184 1346 1346 1384 :Parisiis,
1369 1345 1454 1386 apud
1472 1343 1669 1376 Ludovicum
1693 1342 1810 1382 Lottic,

194 1400 299 1432 in-12.

638 1449 679 1480 De
697 1448 830 1480 editione
845 1448 1082 1480 Gnaeo-Latina
1102 1449 1275 1480 Parisiensi
1291 1449 1379 1480 1630.

233 1505 324 1536 Nunc
347 1505 383 1535 ad
400 1501 674 1535 Graeco-Latinam
694 1501 881 1537 editionem,
895 1509 966 1540 quae
980 1501 1123 1531 Graecum
1139 1501 1297 1539 Gregorii,
1317 1504 1348 1531 et
1365 1500 1508 1531 Latinam
1525 1500 1609 1531 Billii
1622 1499 1813 1539 interpreta-

197 1557 318 1591 tionem
335 1555 571 1594 complectitur,
586 1553 767 1584 veniamus.
783 1553 852 1583 Non
869 1561 929 1583 una
947 1555 995 1583 est
1010 1552 1076 1583 hinc
1089 1552 1199 1584 editio.
1212 1551 1333 1583 Prodiit
1348 1551 1485 1591 primum
1495 1560 1578 1583 anno
1593 1552 1682 1588 1609,
1697 1551 1813 1582 deinde

195 1615 278 1638 anno
297 1606 385 1641 1630,
412 1604 555 1639 Parisiis,
575 1602 718 1642 denique
739 1601 895 1638 Coloniae,
923 1601 970 1632 Vel
997 1602 1103 1641 potius
1127 1602 1264 1641 Lipsiaa;
1290 1610 1361 1641 quae
1384 1602 1481 1634 editio
1503 1601 1542 1632 ab
1564 1601 1635 1632 aliis
1657 1600 1718 1632 hoc
1743 1600 1814 1631 solo

196 1658 365 1696 discrepat,
386 1657 470 1697 quod
487 1655 634 1694 pluribus
650 1657 766 1685 scateat
785 1653 922 1684 mendis.
947 1654 1037 1685 Hanc
1051 1654 1218 1693 magniﬁce
1238 1653 1439 1685 commendat
1461 1652 1647 1685 Fredericus
1661 1651 1814 1683 Morellus

199 1719 213 1736 ι
228 1712 290 1738 uta
310 1715 474 1746 nunquam
487 1706 566 1736 satis
584 1704 713 1736 laudato
734 1704 828 1734 Billio
846 1703 1016 1742 diligenter
1032 1704 1175 1735 collatam
1193 1712 1264 1735 cum
1282 1703 1387 1742 Regiis
1412 1712 1501 1740 mss.,
1517 1708 1547 1734 et
1565 1711 1636 1734 cum
1653 1702 1814 1733 Mediceis

197 1758 328 1797 Regina)
340 1757 461 1793 matris,
481 1764 605 1787 necnon
624 1764 705 1796 quos
723 1755 960 1787 illustrissimus
981 1756 1150 1786 cardinalis
1165 1756 1299 1787 Sirletus
1328 1765 1367 1788 ex
1392 1755 1481 1787 Italia
1497 1754 1643 1791 miserat,
1672 1753 1814 1793 denique

197 1816 270 1840 cum
285 1808 393 1838 codice
412 1816 507 1846 quem
523 1806 607 1837 ultro
624 1806 836 1837 commodavit
851 1814 898 1836 Vll’
914 1805 1110 1836 clarissimus
1125 1806 1244 1836 Paulus
1261 1807 1423 1842 Petavius,
1437 1809 1533 1840 curiae
1548 1817 1704 1848 supremae
1721 1816 1814 1840 sena-

202 1861 254 1890 tor
271 1857 516 1897 integerrimns;
547 1857 581 1887 in
606 1855 697 1895 cujus
715 1855 784 1886 libri
804 1863 857 1886 ora
875 1855 1041 1894 marginali
1058 1855 1215 1886 variantes
1229 1852 1358 1895 quidem
1374 1857 1539 1895 lectiones,
1566 1859 1763 1898 conjecturas
1783 1861 1815 1889 et

199 1910 440 1943 emendationes
454 1909 569 1940 Billius
582 1917 716 1948 operosa
733 1907 903 1938 sedulitate
918 1908 1134 1943 adnotaverat,
1151 1919 1166 1936 n
1183 1911 1245 1939 etc.
1261 1909 1335 1939 Hinc
1351 1912 1381 1940 et
1392 1909 1452 1940 alia
1467 1909 1546 1940 mira
1561 1909 1719 1948 praedicat.
1735 1909 1814 1939 Rem

202 1965 308 1992 tamen
329 1961 460 2000 propius
478 1959 732 1991 considerantes,
750 1957 842 1988 ﬁdem
861 1956 976 1988 habere
992 1956 1179 1988 detrectant.
1196 1957 1264 1988 lmo
1279 1957 1511 1989 Parisiensibus
1527 1957 1743 1998 typographis,
1756 1966 1814 1996 pro

198 2012 350 2045 laudibus
368 2016 430 2043 tam
447 2012 590 2049 impense
603 2009 728 2040 dilectas
744 2008 876 2039 editioni
892 2008 1066 2045 concessis,
1087 2019 1102 2036 ι
1114 2017 1169 2040 eos
1186 2009 1263 2040 nihil
1281 2009 1387 2040 minus
1403 2008 1598 2048 prtestitissc,
1615 2017 1709 2048 quam
1729 2009 1814 2048 quod

201 2061 331 2101 polliciti
350 2065 438 2092 erant
456 2061 534 2100 (b),»
558 2071 574 2091 a
597 2059 793 2091 Montacutio
808 2059 967 2098 objeclum
985 2064 1044 2096 est,
1060 2060 1114 2098 qui
1132 2061 1315 2099 prteclarum
1336 2061 1476 2100 elogium
1498 2061 1610 2092 irridet
1636 2064 1666 2091 et
1684 2060 1816 2099 depellit

201 2112 248 2143 sic
271 2112 496 2151 prosequendo
514 2122 522 2142 :
541 2110 734 2141 «liabebant
752 2110 898 2147 fortasse,
924 2110 1042 2142 habere
1067 2120 1142 2142 sane
1167 2115 1324 2150 poterant,
1345 2111 1474 2151 Regios,
1495 2111 1672 2150 Regineos,
1695 2110 1817 2149 Petavii

201 2163 312 2200 libros,
332 2164 450 2198 Sir-leti,
464 2167 541 2200 etc.,
559 2163 626 2199 sed,
645 2165 679 2192 ut
696 2162 749 2194 ille
761 2162 897 2202 Epicteti
913 2163 1086 2199 lucernam,
1101 2163 1138 2194 ad
1155 2164 1415 2201 ostentationem,
1427 2172 1492 2195 non
1513 2163 1551 2194 ad
1566 2171 1680 2200 usum;
1696 2162 1816 2203 quippe

200 2215 256 2255 qui
271 2213 488 2244 deformarunt
504 2213 604 2251 magis
620 2212 807 2251 Gregorium
822 2221 916 2251 quam
933 2213 1035 2244 fuerat
1052 2213 1083 2243 in
1099 2214 1240 2245 editione
1258 2215 1369 2253 prima.
1385 2225 1400 2243 ν

239 2263 322 2300 Quid
340 2267 405 2292 tum
424 2263 632 2299 Parisienses,
657 2267 685 2294 et
704 2262 847 2294 fortassis
867 2263 934 2303 ipse
957 2265 1134 2296 Morellus?
1159 2266 1196 2296 ab
1214 2265 1292 2305 ipsis
1314 2266 1481 2298 audiamus
1497 2278 1505 2298 :
1521 2267 1607 2298 «Nec
1630 2258 1814 2302 molestum,

201 2324 261 2349 nec
276 2315 486 2354 injucundqu
513 2315 584 2351 tibi,
604 2316 730 2356 (leclOri
750 2315 908 2356 φιλαληθεῖ)
925 2317 1075 2356 inquiunt
1097 2317 1129 2348 in
1145 2317 1397 2357 praefatiuncula,
1413 2318 1439 2348 si
1458 2318 1609 2357 propositi
1623 2317 1816 2358 consiliique

201 2367 315 2403 nostri,
335 2375 371 2397 ac
397 2375 458 2397 non
483 2367 589 2399 dubiae
614 2367 837 2398 destinationis
858 2368 891 2399 in
910 2369 948 2398 D.
965 2369 1109 2408 Gregorii
1127 2369 1316 2401 Nazianzeni
1342 2370 1492 2408 cperibus
1514 2370 1621 2401 Graece
1646 2373 1677 2402 et
1703 2371 1816 2402 Latine

205 2418 338 2450 edendis
358 2424 386 2450 te
405 2419 511 2458 paucis
529 2420 751 2451 admonemus.
768 2420 819 2451 Sic
835 2421 934 2459 igitur
953 2421 1080 2457 habeto,
1097 2429 1155 2452 nos
1173 2422 1205 2452 in
1221 2421 1329 2452 animo
1345 2421 1493 2452 habuisse
1511 2420 1605 2460 hujus
1623 2421 1814 2452 sanctissimi

183 2474 234 2506 ~et
263 2470 519 2508 eloquentissimi
549 2469 700 2500 antistitis
732 2479 864 2509 operum
891 2470 1035 2504 δίγλωττον
1071 2471 1243 2502 editionem
1269 2471 1398 2509 aggredi
1429 2480 1466 2502 ex
1495 2471 1603 2502 codice
1628 2471 1816 2501 Basiliensis

206 2518 338 2551 εκδόπεως
353 2520 426 2550 anni
446 2520 522 2550 1550
540 2518 620 2558 apud
644 2518 851 2558 Hervagium,
869 2528 963 2558 quem
988 2520 1184 2552 clarissimus
1206 2521 1255 2551 vir
1269 2521 1406 2551 Jacobus
1422 2520 1548 2558 Billius,
1567 2521 1734 2561 utriusque
1756 2521 1818 2551 lin-

207 2579 276 2609 gnte
291 2571 518 2608 peritissimus,
538 2579 609 2601 cum
626 2570 735 2609 Regiis
750 2570 918 2602 codicibus
933 2571 1063 2602 Gallicis
1084 2575 1115 2602 et
1131 2580 1202 2602 cum
1218 2571 1337 2602 Italicis
1353 2576 1498 2603 accurate
1514 2572 1738 2603 contulerat....
1753 2572 1818 2602 Ve-

207 2631 275 2653 rnm
294 2623 378 2654 enim
401 2623 552 2662 quoniam
567 2630 628 2653 non
644 2623 763 2663 ubique
775 2632 846 2654 cum
864 2623 965 2662 ipsius
980 2624 1091 2656 Latina
1107 2625 1368 2664 interpretatione
1380 2623 1610 2656 conveniebant
1627 2622 1695 2661 ejus
1710 2629 1818 2652 emen-

205 2674 351 2704 dationes
376 2679 405 2705 et
433 2674 572 2710 εἰκασμοί,
593 2674 756 2714 multaque
771 2676 809 2707 ab
830 2676 884 2706 illo
902 2676 1017 2708 fuerant

1006 2680 1025 2707 ιι
1041 2677 1071 2708 in
1096 2680 1185 2708 textu
1207 2677 1322 2715 deleta,
1349 2686 1420 2716 quae
1443 2676 1530 2708 idem
1550 2683 1660 2706 rursus
1684 2672 1818 2708 δευτέρων

205 2724 356 2760 ἀμεινόνων
376 2727 554 2765 reponenda
577 2727 751 2759 ἀναπεισθεὶς
773 2730 959 2765 censuerat,
985 2731 1015 2759 et

1005 2731 1015 2759 t
1033 2733 1141 2760 contra
1162 2729 1336 2764 sustulerat
1357 2728 1390 2758 in
1413 2727 1522 2757 Latina
1541 2723 1817 2765 interpretatione,

208 2784 279 2816 quae
293 2777 325 2807 in
339 2777 457 2809 Gmcis
478 2778 586 2810 relicta
608 2781 718 2817 erant;
737 2783 860 2812 tantum
878 2779 941 2812 sibi
956 2789 1119 2812 assumere
1135 2780 1239 2811 noluit
1259 2779 1426 2819 prmiectus
1440 2776 1608 2816 διορθώσεσι,
1631 2779 1665 2808 ιιι
1683 2776 1722 2808 de
1740 2772 1818 2806 tanti

245 2883 283 2919 (η)
298 2883 357 2912 Cat.
373 2883 433 2913 Lib.
455 2883 520 2921 Reg.
541 2891 605 2914 tom.
621 2886 642 2920 ι,
657 2894 683 2915 n.
699 2886 761 2914 271.
1021 2886 1059 2922 (6)
1072 2885 1150 2923 Greg.
1167 2885 1245 2919 Nam,
1257 2885 1282 2913 in
1300 2883 1465 2913 lubiavect.
1477 2883 1545 2912 dua.
