2058 3128
245 184 280 212 ιο
760 184 946 213 PREFATIO
965 183 1054 213 GENE

1049 183 1166 211 IRALlS.
1186 199 1220 204 —
1239 184 1326 213 PARS
1344 184 1362 213 Ι.
1827 190 1861 219 20

245 243 306 275 viri
322 251 420 284 opere
436 246 466 276 et
478 243 604 280 ἀγχινοίᾳ
621 245 815 275 sententiam
831 243 949 280 ferret;
964 242 1141 282 maluitque
1157 242 1196 274 de
1208 243 1266 274 hoc
1277 243 1338 274 sibi
1353 242 1470 274 tradito
1484 243 1674 284 exprimere,
1693 254 1729 278 ac
1745 245 1862 279 deinde

245 293 279 324 in
295 294 381 324 notis
396 303 431 325 ac
449 294 580 326 scholiis
597 293 746 326 collectas
764 293 866 325 varias
880 294 1036 325 lectiones
1052 296 1292 332 representare,
1305 301 1439 333 quaeque
1454 295 1554 333 magis
1564 304 1636 326 cum
1652 296 1861 336 interpretum

245 343 391 375 oratione
407 344 637 380 consentirent,
662 344 710 375 vel
727 351 798 375 cum
816 343 956 375 auctoris
972 351 1071 374 sensu
1086 338 1355 379 convenirent,in
1378 342 1456 374 locis
1471 344 1629 384 ambiguis
1642 345 1821 378 indicare.»

281 392 453 429 Quodnam
479 398 585 425 autem
603 393 780 425 «traditum
803 393 897 430 illud,
924 394 964 424 de
985 401 1051 433 quo
1078 392 1161 423 bona
1191 393 1251 423 fide
1274 394 1461 425 correctioni
1487 394 1653 434 prmfectus
1682 395 1861 434 exprimere

244 442 423 474 maluit?Si
438 444 587 474 traditum
601 444 692 481 illud,
709 445 737 476 is
756 448 822 476 erat
835 444 1025 476 emendatus
1041 453 1056 475 a
1070 444 1163 474 Billio
1179 443 1280 475 codex
1293 444 1390 483 probe
1406 445 1540 476 collatus
1555 449 1585 477 et
1597 444 1860 485 castigatissimus

245 490 427 528 effectus;»
461 500 518 522 cur
538 492 576 523 ad
594 493 711 525 calcem
739 494 863 534 rejects:
884 493 968 523 Billii
985 493 1162 524 lectiones?
1189 493 1357 524 Hominem
1373 494 1492 534 quippe
1507 496 1627 533 credas,
1653 497 1739 537 quod
1765 497 1858 535 solet,

243 543 396 583 quodque
414 551 546 583 prorsus
567 544 620 575 hic
638 545 746 584 operis
762 545 992 580 necessarium,
1009 553 1072 584 praa
1094 545 1242 575 manibus
1261 545 1414 578 habuisse
1430 547 1514 579 Billii
1537 549 1695 589 quoddam
1716 553 1861 590 autogra-

242 593 363 633 phum;
380 595 407 625 si
425 594 532 626 minus
551 606 565 623 α
578 597 872 636 castigatissimum,
885 608 899 624 »
919 599 983 627 ate
1001 604 1066 635 quo
1081 596 1218 635 diligens
1235 597 1349 628 saltem
1366 602 1397 628 et
1413 603 1524 630 acutus
1540 600 1754 639 typographus
1770 610 1862 641 expe-

243 646 311 681 dire
324 655 358 677 se
376 650 539 686 utcunque
558 649 677 685 posset.
694 644 754 676 Sed
770 649 920 675 neutrum
937 644 1061 684 uspiam
1083 644 1215 675 afﬁrmat
1236 645 1473 678 Genebrardus.
1493 648 1595 687 Igitur
1612 660 1627 677 α
1641 650 1666 680 si
1681 651 1828 682 traditum
1842 663 1858 681 »

243 698 323 730 illud
340 698 419 730 nihil
441 703 488 730 est
511 699 573 730 nisi
590 699 788 737 Hervagiana
807 698 905 729 editio
919 697 1116 732 Basiliensis,
1136 697 1244 735 unius,
1261 702 1294 729 ut
1308 704 1441 737 constat,
1462 701 1546 732 Billii
1561 709 1669 738 manu,
1691 703 1860 743 liturisque

244 753 304 780 tam
328 751 471 788 confusa,
497 754 558 782 tam
582 749 773 789 perturbata,
794 752 854 779 «ut
875 756 969 787 quam
985 746 1058 779 λέξιν
1074 747 1121 774 καὶ
1136 747 1214 783 ῥῆσιν
1241 749 1341 787 magis
1374 750 1542 788 probaret,
1569 760 1663 790 quam
1692 753 1858 791 rejiceret,

244 798 396 836 διαρῤήδην
414 809 579 840 nunquam
597 800 823 838 exprimeret,»
840 798 925 836 quod
939 798 1008 836 ipse
1023 797 1140 828 fatetur
1155 802 1249 837 atque
1265 799 1360 830 etiam
1375 801 1484 832 scribit
1500 803 1670 838 Morellus:
1689 813 1744 835 cur
1760 805 1861 836 inser-

243 854 281 881 tae
306 851 424 889 passim
447 853 543 890 atque
566 850 707 881 suﬂ‘ectaa
729 848 816 878 Billii
842 857 899 879 seu
921 847 1091 883 lectiones,
1113 856 1170 878 seu
1197 849 1402 888 conjecturae;
1424 859 1494 882 cum
1514 853 1631 885 fatente
1654 855 1796 893 Morello,
1819 866 1860 889 ne

241 901 379 932 obscure
392 901 535 940 quidem,
554 910 614 931 nec
630 900 695 931 ullo
714 901 808 931 modo
829 908 970 939 unquam
988 899 1196 938 expresserit,
1215 900 1292 939 quid
1311 902 1470 940 probaret,
1486 904 1563 942 quid
1582 904 1745 942 rejiceret?
1759 906 1859 937 Deni-

240 959 305 990 que
325 951 398 990 quis
414 952 569 982 Hercules
594 951 630 981 ad
651 950 711 981 hoc
731 961 745 977 α
758 950 895 988 Αυεὶω»
913 949 1082 989 plusquam
1107 949 1294 980 «stabulum
1312 954 1596 990 repurgandum?»
1614 955 1651 984 Et
1669 957 1771 985 tamen
1787 955 1861 986 huic

239 1000 328 1039 operi
349 1001 536 1031 admovetur
560 1001 756 1040 «praefectus
782 999 1036 1030 correctionibus
1063 999 1318 1038 typographicis;
1333 1011 1347 1028 ››
1372 1001 1428 1040 qui
1443 1001 1576 1034 forsitan
1595 1003 1660 1040 vix,
1684 1007 1718 1034 ut
1733 1003 1798 1035 fere
1814 1005 1859 1041 fit,

239 1051 347 1083 Graece
364 1052 468 1090 legere
485 1055 576 1083 norat

282 1102 384 1133 Venia
401 1105 504 1132 tamen
520 1101 607 1141 digni
627 1100 775 1131 videntur
794 1096 989 1129 Parisienses
1006 1098 1154 1130 editores.
1169 1110 1183 1126 α
1202 1099 1285 1136 Quid
1307 1100 1390 1130 enim
1409 1100 1460 1130 hic
1471 1108 1554 1138 agas,
1577 1113 1590 1129 ι)
1607 1104 1640 1132 ut
1655 1102 1775 1133 Morelli
1789 1111 1860 1133 ver-

242 1151 293 1182 bis
310 1156 390 1190 utar,
407 1163 422 1181 α
440 1152 495 1183 ubi
511 1160 605 1191 quam
622 1154 696 1187 λέξιν
706 1153 753 1180 καὶ
767 1153 847 1189 ῥῆσιν
861 1149 959 1187 magis
975 1149 1132 1188 probaret,
1147 1158 1241 1189 quam
1256 1150 1400 1189 rejiceret
1415 1150 1532 1181 diserte
1548 1160 1710 1191 nunquam
1727 1146 1862 1192 (Billius)

240 1202 456 1240 exprimeret?
468 1202 526 1233 Ubi
545 1210 609 1232 non
625 1201 758 1239 ubique,
774 1211 788 1227 η
802 1199 887 1239 quod
903 1199 1034 1229 aiuntin
1047 1199 1143 1230 altera
1160 1199 1355 1238 praefatione,
1371 1210 1385 1229 ι(
1398 1209 1469 1230 cum
1481 1201 1588 1232 Latina
1602 1202 1863 1240 interpretatione

240 1251 473 1282 conveniebant
493 1250 735 1282 emendationes
756 1253 786 1279 et
802 1249 993 1287 conjectures
1025 1258 1035 1278 :
1062 1249 1119 1278 ubi
1144 1250 1241 1279 multa
1263 1249 1295 1279 in
1313 1252 1399 1280 textu
1415 1249 1529 1287 deleta,
1552 1259 1623 1290 quas
1647 1252 1728 1283 idem
1749 1253 1862 1283 Billius

241 1301 422 1340 reponenda
438 1302 626 1337 censuerat;
651 1302 681 1330 et
702 1301 812 1330 contra
834 1298 1005 1328 sustulerat
1023 1298 1054 1328 in
1071 1298 1180 1328 Latina
1193 1297 1468 1337 interpretatione,
1484 1309 1554 1340 quae
1569 1302 1601 1331 in
1615 1302 1730 1332 Graecis
1755 1303 1862 1335 relicta

242 1358 332 1385 erant
349 1365 357 1384 :
376 1365 391 1383 ››
410 1363 475 1385 uno
499 1354 608 1390 verbo,
624 1353 678 1384 ubi
696 1360 755 1383 nec
769 1351 876 1382 Latina
896 1359 967 1381 cum
984 1350 1111 1387 Graecis,
1128 1359 1185 1382 nec
1205 1351 1309 1382 Graeca
1325 1361 1396 1383 cum
1413 1353 1531 1383 Latinis
1549 1354 1767 1385 convenirent.
1780 1354 1864 1391 Quid

241 1412 327 1442 agas,
343 1404 487 1444 inquam,
503 1404 578 1440 nisi,
592 1412 651 1435 nec
661 1401 861 1438 Basiliensia,
881 1409 952 1440 quae
967 1400 1155 1441 plerumque
1170 1401 1272 1433 deleta
1287 1405 1341 1432 aut
1357 1403 1549 1441 perturbata,
1565 1412 1623 1434 nec
1640 1403 1773 1435 Billiana
1792 1413 1866 1444 quas

242 1456 338 1487 dubia
385 1455 515 1495 penitus
552 1458 583 1486 et
617 1455 747 1491 incerta,
782 1453 838 1483 sed
870 1451 1071 1483 inconditum
1102 1452 1275 1490 quoddam,
1316 1452 1453 1485 informe
1495 1458 1526 1485 et
1558 1455 1743 1494 ambiguum
1782 1463 1863 1494 opus

243 1506 318 1537 edas
329 1509 344 1538 τ

283 1560 364 1591 Ecce
377 1560 455 1598 jam.
479 1567 542 1590 non
566 1568 579 1587 α
597 1558 809 1598 propositum,
826 1568 840 1585 »
859 1564 923 1586 non
938 1567 952 1583 α
972 1554 1142 1586 consilium
1157 1563 1192 1586 ac
1207 1555 1390 1594 destinatio,
1407 1565 1423 1584 »
1439 1555 1493 1586 sed
1513 1564 1607 1595 opera
1635 1556 1863 1587 Parisiensium

244 1611 414 1643 editorum.
434 1612 501 1642 Hoc
516 1618 626 1642 eorum
642 1617 736 1649 opus,
752 1608 832 1648 ipsis
851 1606 1040 1638 fatentibus.
1059 1606 1142 1637 Hinc
1154 1607 1261 1637 mirari
1278 1607 1366 1637 subit
1381 1607 1436 1646 qui
1452 1607 1531 1638 falso
1547 1608 1662 1639 Graecis
1677 1608 1866 1646 inscriptum

245 1662 423 1693 doctissimi
441 1661 526 1692 Billii
540 1669 656 1692 nomen
671 1661 780 1691 doctos
797 1659 913 1698 pariter
927 1663 956 1689 et
969 1658 1113 1688 indoctos
1131 1658 1162 1689 in
1179 1666 1316 1689 errorem
1331 1658 1504 1695 induxerit,
1520 1663 1554 1690 ut
1577 1659 1610 1690 in
1635 1659 1692 1690 hac
1710 1659 1863 1695 editione.

245 1712 353 1742 Grmca
370 1711 501 1742 meliora
518 1718 613 1749 quam
625 1710 657 1740 in
670 1709 841 1740 Basiliensi
855 1708 915 1739 sibi
934 1707 1174 1746 persuaderent.
1191 1708 1266 1738 lnde
1282 1707 1454 1747 Gregorius
1466 1710 1525 1740 sub
1541 1709 1609 1740 falsi
1627 1710 1711 1741 Billii
1725 1711 1866 1741 nominis

243 1764 356 1792 umbra
371 1760 536 1800 neglectus
553 1759 866 1799 incultusquejacet,
881 1758 957 1797 quia
978 1766 1102 1788 summa
1133 1765 1206 1788 cura
1224 1757 1358 1788 collatus
1386 1765 1459 1788 cum
1480 1767 1559 1791 mss.
1583 1763 1616 1791 et
1639 1760 1824 1792 emendatus
1849 1768 1868 1791 α

244 1813 339 1845 Billio
357 1816 476 1844 temere
493 1811 692 1852 prmdicatur.

789 1861 830 1892 De
845 1861 1036 1892 correctione
1050 1870 1102 1891 seu
1118 1860 1222 1891 codice
1237 1860 1336 1891 Billii.

284 1916 351 1947 Prae
367 1915 515 1947 manibus
532 1914 689 1946 habemus
706 1912 865 1944 famosum
883 1911 970 1942 Billii
988 1911 1151 1946 volumen,
1172 1910 1211 1941 de
1235 1919 1298 1950 quo
1317 1915 1377 1941 tam
1394 1911 1472 1942 mira
1489 1911 1725 1948 Genebrardus,
1750 1912 1868 1943 Morel-

245 1967 310 2004 lus,
329 1966 450 2005 aliique
466 1965 650 2004 pradicant.
664 1963 813 1994 Chatardi
831 1962 983 2001 primum,
997 1961 1049 1992 cui
1069 1961 1292 1992 bibliothecam
1309 1961 1423 1992 Billius
1448 1962 1577 2001 legarat,
1597 1966 1661 1993 tum
1690 1962 1869 1992 Genebrar-

247 2017 293 2053 di,
310 2017 426 2048 deinde
443 2016 476 2046 in
494 2015 615 2046 Petavii
631 2022 744 2046 manus
759 2013 848 2044 venit
861 2012 889 2042 is
907 2013 1019 2044 codex.
1040 2012 1067 2042 Α
1096 2012 1223 2042 Petavio
1252 2016 1399 2044 senatore
1427 2013 1600 2044 Parisiensi
1627 2012 1664 2043 ad
1690 2012 1868 2042 Richerios.

247 2069 461 2100 Sorbonicum
478 2068 641 2099 doctorem
656 2066 804 2103 alterum,
823 2065 954 2096 alterum
972 2063 1132 2094 medicum
1147 2063 1254 2094 fratris
1270 2064 1338 2104 ejus
1353 2064 1465 2100 ﬁlium,
1482 2064 1609 2094 demum
1626 2063 1663 2094 ad
1676 2061 1868 2101 bibliopolae

249 2120 389 2152 transiit.
408 2120 502 2150 Hunc
518 2121 660 2158 emptum
682 2117 728 2148 vir
743 2117 860 2154 clarus,
879 2116 1035 2147 librorum
1052 2119 1082 2145 et
1098 2115 1275 2146 litterarum
1290 2123 1410 2151 amans,
1423 2115 1460 2145 D.
1474 2115 1574 2146 Barcn
1592 2114 1786 2145 Senonensis
1804 2121 1871 2143 me-

249 2172 386 2213 tropolis
425 2171 599 2203 canonicus
637 2173 668 2201 et
693 2172 874 2208 promotor,
915 2175 989 2199 cum
1027 2167 1065 2198 de
1093 2175 1172 2197 neva
1208 2167 1352 2205 Gregorii
1393 2174 1526 2204 operum
1558 2166 1700 2196 editione
1732 2165 1871 2203 cogitare

250 2228 398 2256 nostrum
427 2223 571 2255 audisset
592 2221 813 2261 .Louvardum,
844 2220 906 2260 ipsi
928 2220 1034 2250 statim
1059 2219 1142 2250 ultro
1168 2218 1286 2249 obtulit
1311 2218 1438 2254 librum,
1461 2221 1556 2258 atque
1573 2217 1665 2249 etiam
1681 2216 1870 2256 generosius

250 2275 352 2307 misit.

291 2325 388 2357 Liber
403 2325 508 2356 editus
521 2327 570 2356 est
583 2324 716 2356 Basilere
737 2322 820 2362 apud
833 2322 1027 2361 Hervagium
1045 2328 1129 2352 anno
1141 2321 1230 2352 1550.
1248 2331 1262 2349 α
1277 2320 1312 2350 In
1325 2328 1393 2358 ora,
1412 2330 1427 2348 »
1442 2327 1504 2351 non
1518 2321 1654 2354 tantum,
1667 2322 1703 2349 ut
1718 2317 1871 2349 Morellus

253 2376 458 2412 admonebat,
472 2375 529 2406 sed
541 2376 622 2406 intra
636 2375 737 2405 lineas
753 2375 846 2412 longe
861 2372 1078 2412 frequentius;
1095 2382 1110 2399 ι
1125 2380 1184 2402 nec
1198 2371 1452 2406 emendationes,
1465 2371 1677 2409 conjecturas,
1692 2368 1843 2399 lectiones
1854 2379 1870 2396 ν

256 2428 422 2466 duntaxat,
439 2436 550 2458 verum
570 2427 762 2466 glossemata
779 2424 888 2462 etiam,
906 2432 1096 2463 synonyma,
1120 2426 1149 2454 et
1166 2422 1195 2453 id
1212 2430 1314 2461 genus
1335 2422 1406 2460 alia,
1434 2430 1528 2452 manu
1551 2430 1607 2451 sua
1632 2420 1794 2451 adnotavit
1808 2419 1874 2450 Bil-

251 2479 330 2510 lius.
348 2479 408 2510 Sed
425 2479 507 2509 intra
526 2477 626 2507 lineas
642 2477 683 2507 ita
703 2475 892 2515 plerumque
906 2473 971 2504 haec
991 2473 1121 2508 inserta,
1139 2475 1201 2502 tam
1217 2472 1298 2503 male
1317 2472 1411 2511 picta,
1429 2474 1512 2501 tanta
1535 2470 1723 2501 confusione
1738 2471 1874 2509 ascripta

252 2533 342 2566 sunt,
358 2534 394 2560 ut
410 2537 469 2560 nec
484 2531 605 2567 aperte,
623 2535 682 2558 nec
697 2526 844 2561 obscure,
861 2524 1016 2563 nul|0que
1031 2531 1162 2562 prorsus
1180 2522 1273 2552 modo
1294 2529 1554 2561 pernoscas,-non
1572 2521 1686 2556 dicam,
1705 2528 1776 2559 quae
1794 2529 1874 2558 spu-

253 2580 299 2610 ria
325 2580 377 2613 sit.
405 2587 476 2617 quia
493 2585 643 2617 germana
658 2576 750 2607 lectio
764 2597 772 2612 ,
793 2576 849 2606 sed
871 2578 906 2606 ut
928 2583 968 2605 ne
986 2573 1159 2605 divinando
1177 2572 1307 2612 quidem
1326 2571 1520 2611 assequeris,
1547 2579 1586 2602 an
1609 2570 1662 2601 illa
1687 2571 1780 2601 lectio
1796 2571 1837 2601 sit
1857 2579 1875 2601 e

253 2629 481 2668 manuscriplis
499 2630 601 2664 eruta,
618 2630 672 2658 aut
690 2636 706 2658 e
727 2626 932 2665 quibusnam,
948 2633 986 2654 an
1001 2623 1117 2662 glossa,
1135 2631 1174 2652 an
1190 2622 1383 2661 conjectura,
1405 2631 1444 2652 an
1460 2621 1651 2652 emendatio.
1666 2621 1767 2652 Credo
1784 2621 1876 2661 equi-

254 2681 342 2717 ‘iem,
362 2689 402 2711 ne
422 2679 534 2710 Billius
547 2679 616 2718 ipse
630 2677 804 2712 redivivus,
817 2675 896 2715 quid
911 2674 971 2706 sibi
989 2679 1056 2705 tum
1075 2673 1180 2709 vellet,
1196 2673 1289 2702 modo
1309 2676 1416 2710 posset
1431 2671 1600 2711 explicare.
1615 2671 1695 2701 Pura
1711 2675 1785 2710 puta
1801 2675 1876 2701 sunt

255 2731 450 2768 adversaria,
469 2731 503 2762 in
522 2738 594 2770 qua)
608 2729 696 2760 aliud
712 2731 843 2766 agentes
858 2727 1029 2766 scriptores
1047 2724 1165 2756 cursim
1181 2732 1217 2754 ac
1234 2723 1421 2754 festinanter
1438 2731 1477 2754 ex
1497 2727 1638 2761 tempore
1667 2726 1804 2753 mentem
1821 2729 1876 2751 ex-

257 2787 406 2818 onerant,
424 2783 495 2813 sine
514 2782 610 2818 serie,
629 2781 700 2811 sine
713 2779 838 2816 ordine,
852 2780 924 2809 sine
939 2777 1158 2813 distinctione,
1176 2779 1211 2807 ut
1226 2775 1288 2806 nisi
1304 2775 1380 2814 cito,
1392 2778 1446 2806 aut
1461 2775 1613 2815 perendie
1628 2774 1781 2814 digerant,
1797 2772 1876 2813 quid

256 2834 318 2865 sibi
339 2833 510 2870 voluerint,
529 2832 591 2870 ipsi
607 2834 717 2871 postea
733 2838 798 2860 non
815 2828 1006 2868 intelligant.

298 2886 486 2918 Versionem
503 2893 593 2918 suam
607 2884 710 2924 primo
725 2883 856 2923 quidem
871 2890 996 2921 magna,
1014 2884 1079 2921 tum
1096 2879 1244 2912 secundis
1261 2877 1345 2911 curis
1357 2887 1482 2912 summa
1507 2877 1675 2911 sedulitate
1689 2874 1800 2906 Billius
1818 2873 1877 2905 ad-
