2058 3128
215 135 251 163 2!
737 137 922 166 PREFATIO
941 135 1142 165 GENEﬂALiS.
1159 153 1195 158 —-
1212 137 1300 166 PARS
1317 139 1339 166 ἰ.
1793 138 1830 167 22

215 193 357 231 ornavit;
382 195 420 225 ad
437 194 535 236 idque
555 195 681 227 consilii
698 195 865 233 lectiones,
886 195 1020 233 scholia,
1045 196 1179 235 glossas,
1203 197 1412 236 conjecturas,
1429 197 1669 229 emendationes
1687 196 1722 227 in
1744 195 1833 228 edito

216 254 276 276 suo
293 247 478 284 promiscue
494 248 666 287 congessit.
685 248 805 280 Verum
820 248 860 279 de
875 248 992 279 Graecis
1004 247 1148 284 edendis,
1162 257 1221 280 seu
1235 248 1411 288 desperarit
1426 248 1571 286 omnino,
1588 248 1675 288 quod
1687 247 1831 279 insinuat

214 297 456 336 Genebrardus;
477 308 535 331 seu
552 301 638 339 quod
655 301 775 337 verius,
788 300 873 331 serio
890 308 1050 340 nunquam
1076 300 1240 339 cogitarit;
1255 299 1296 330 iis
1314 303 1399 331 certe
1423 308 1529 339 neque
1546 299 1707 336 studium,
1724 306 1832 338 neque

214 358 318 380 curam
336 351 433 382 ullam
453 352 628 392 impendit;
651 352 715 383 imo
730 352 776 383 sic
796 352 976 392 perturbata
993 351 1133 391 reliquit,
1150 352 1274 391 utquid
1287 351 1510 391 rejiciendum,
1523 351 1601 390 quid
1615 349 1829 386 retinendum,

214 399 273 438 ipsi
290 400 430 432 editores
446 410 511 432 non
529 402 692 440 potuerint
718 410 890 441 agnoscere
917 410 974 432 nec
993 401 1164 441 quisquam
1195 401 1295 440 possit
1321 400 1514 440 intelligere.
1535 401 1704 440 Nunquam
1723 400 1832 431 Graeca

213 450 356 489 Gregorii
372 450 474 490 Opera
494 452 589 482 edere
605 451 799 482 destinatum
814 451 860 482 illi
875 451 979 482 animo
995 450 1054 482 fuit
1071 461 1079 481 ε
1101 454 1132 482 et
1150 455 1246 487 certe,
1278 450 1306 481 si
1328 451 1360 481 id
1384 451 1469 482 serio
1489 451 1669 489 cogitasset,
1689 450 1717 480 si
1740 446 1830 489 operi

214 509 341 531 manum
371 502 577 537 admovisset,
596 501 623 532 si
642 502 720 540 quid
736 501 960 541 prom0visset,
979 510 1035 532 cur
1052 510 1090 532 eo
1107 505 1188 532 statu
1205 502 1317 545 saltem
1335 501 1442 533 Graeca
1460 501 1651 532 Nazianzeni
1667 509 1731 532 non
1750 500 1828 531 reli-

213 552 294 591 quit,
311 560 376 591 quo
393 551 507 583 lsidori
520 552 690 583 Pelusiotae
705 551 871 591 epistolas,
883 560 963 591 quas
977 561 993 582 e
1010 552 1093 582 Billii
1107 551 1236 583 schedis
1248 552 1386 583 triennio
1405 556 1475 591 post
1491 553 1560 592 ejus
1581 552 1702 584 obitum
1723 553 1831 584 Graece

215 609 245 635 et
263 605 372 635 Latine
385 604 562 636 Chatardus
575 604 689 635 excudi
705 605 851 635 curavit:
869 605 934 635 imo
950 613 1015 643 quo
1027 607 1112 635 statu
1129 604 1259 644 reliquit
1275 607 1402 636 centum
1416 605 1528 644 viginti
1543 609 1666 644 septem
1685 605 1829 645 ejusdem

213 655 358 693 Gregorii
375 655 540 693 epistolas,
556 663 627 694 quae
643 655 749 685 Graece
762 655 880 693 pariter
896 658 926 685 et
944 655 1054 686 Latine
1069 655 1139 694 ipso
1152 663 1233 694 pene
1255 663 1319 694 quo
1336 659 1482 686 mortuus
1498 659 1545 686 est
1564 664 1648 686 anno
1664 655 1834 695 prodiere?

213 705 295 742 Quid
313 705 500 742 Chatardus,
517 705 573 745 qui
597 708 628 735 et
649 705 683 735 in
705 705 810 742 elogio
831 705 939 735 Jacobi
963 705 1060 742 Billii,
1085 709 1114 735 et
1131 705 1163 735 in
1180 705 1312 744 epistola
1333 705 1371 736 ad
1393 696 1598 737 Godefridum
1618 706 1745 738 Biliium
1762 706 1834 745 eius

214 756 357 791 fratrem,
372 755 516 793 deposita
529 755 611 793 apud
628 763 662 785 se
680 754 766 785 Billii
779 754 899 785 inedita
914 763 1023 793 opera,
1042 766 1056 782 α
1076 754 1160 785 velut
1175 754 1363 794 posthumos
1382 766 1396 783 ιν
1414 755 1567 795 quosdam
1585 767 1599 783 α
1617 755 1716 786 libros
1731 767 1745 784 υ
1763 757 1834 795 pol—

215 805 320 836 licitus
333 808 410 841 erat,
422 805 508 836 hunc
523 804 615 835 nobis
632 813 745 842 unum,
761 808 791 836 et
801 808 877 835 natu
893 805 1056 844 majorem.
1073 809 1102 837 et
1115 804 1235 844 parenti
1250 804 1439 841 chariorem,
1459 808 1490 835 et
1510 805 1623 836 merito
1637 806 1835 845 prastantio-

216 863 284 886 rem
302 855 440 885 invidit?
457 854 563 885 Primo
579 862 718 893 namque
736 859 909 893 conceptus
924 863 939 885 a
957 854 1051 885 Billio
1066 854 1150 885 fetus
1163 854 1214 884 hic
1227 854 1301 890 fuit,
1317 853 1436 893 vixque
1458 853 1697 892 Griecmlinguaa
1715 855 1833 892 tyroci-

214 904 268 935 nia
285 906 463 935 excesserat
477 903 542 940 ille,
559 913 574 930 ει
596 902 638 943 (α)
653 902 732 933 Cum
748 903 879 934 incessit
896 903 924 934 ei
941 903 1098 942 cupiditas
1116 903 1285 935 Latinitate
1301 902 1385 934 hunc
1409 903 1622 943 (Gregorium)
1645 904 1785 934 donandi
1801 908 1834 935 et

213 965 253 987 an
269 955 449 986 innumeris
467 955 585 994 quibus
597 954 736 985 scatebat
755 954 879 985 mendis
896 957 926 986 et
942 954 1074 985 salebris
1093 955 1299 994 repurgandi.
1322 955 1421 985 Totus
1438 958 1505 985 erat
1518 954 1651 993 (Billius)
1668 954 1700 985 in
1716 954 1836 993 Grego-

215 1006 306 1038 riano
321 1005 375 1036 illo
391 1013 500 1044 opere,
517 1006 603 1044 quod
620 1014 684 1036 non
700 1005 862 1036 immerito
880 1005 1049 1044 pistrinum
1065 1013 1173 1042 suum,
1190 1005 1222 1035 in
1238 1014 1302 1044 quo
1317 1005 1371 1036 diu
1390 1005 1418 1036 ei
1435 1005 1617 1036 molendum
1632 1005 1704 1042 fuit,
1716 1005 1837 1037 alicubi

213 1055 479 1095 appellathddit
500 1055 580 1086 infra
598 1055 778 1087 Chatardus
795 1067 803 1086 :
821 1067 836 1084 α
852 1055 1010 1095 Cupiebat
1025 1059 1055 1086 et
1071 1056 1140 1095 ipse
1155 1055 1294 1096 (Billius)
1311 1057 1466 1095 impense,
1484 1055 1560 1087 dum
1579 1060 1740 1095 superstes
1757 1061 1836 1094 erat,

214 1110 248 1136 ut
263 1106 388 1136 Graecus
400 1108 579 1136 sanctorum
596 1106 725 1136 illorum
738 1106 865 1137 Patrum
884 1114 966 1146 quos
979 1106 1152 1144 transtulit,
1169 1109 1338 1137 contextus
1354 1106 1392 1137 ab
1407 1105 1478 1144 ipso
1496 1106 1677 1144 recognitus
1694 1109 1724 1136 et
1736 1106 1836 1136 abin-

213 1156 356 1187 numeris
372 1154 494 1186 mendis
510 1155 691 1186 vindicatus
708 1155 925 1192 recuderetur,
939 1155 1142 1194 maximeque
1155 1155 1192 1185 D.
1209 1155 1354 1193 Gregorii
1369 1153 1599 1185 Nazianzeni...
1611 1155 1644 1184 in
1662 1163 1726 1194 quo
1738 1156 1834 1185 casti-

214 1205 334 1244 gando,
366 1204 580 1236 convertenda
613 1207 644 1236 et
675 1205 865 1236 illustrando
905 1205 959 1235 diu
999 1205 1202 1244 multumque
1245 1213 1280 1235 se
1311 1204 1440 1235 torsit...
1474 1203 1536 1234 Sed
1566 1203 1626 1234 hoc
1664 1213 1681 1234 a
1714 1204 1837 1235 biblio-

214 1255 294 1294 polis
320 1262 484 1294 nunquam
513 1255 670 1294 consequi
700 1255 815 1293 potuit,
845 1255 902 1294 qui
929 1264 946 1286 a
975 1255 1093 1285 Graecis
1121 1259 1151 1285 et
1175 1253 1318 1285 Hebrteis
1340 1253 1472 1284 edendis
1507 1253 1600 1290 plane
1621 1252 1835 1284 abhorrent.-

251 1305 287 1336 ld
302 1305 432 1346 quidem
447 1305 592 1344 impense
605 1305 732 1343 Billius,
749 1310 779 1339 et
794 1317 809 1338 a
824 1308 935 1347 primis
955 1307 1022 1338 fere
1037 1306 1277 1345 Grmczelingute
1295 1305 1463 1345 tyrociniis
1479 1306 1634 1344 cupiebat,
1649 1308 1759 1339 nullus
1777 1307 1838 1338 du-

214 1358 281 1389 iito
298 1368 306 1388 :
325 1356 421 1395 Operi
434 1365 487 1395 par
502 1359 580 1392 erat,
602 1361 632 1387 et
649 1358 778 1389 confusa
795 1358 867 1389 licet
892 1362 998 1398 parata
1019 1358 1165 1395 materia,
1185 1357 1323 1388 feliciter
1342 1361 1444 1388 tamen
1460 1356 1645 1395 perfecisset
1659 1357 1836 1397 inceptum,

215 1409 242 1440 si
259 1417 332 1449 spes
347 1408 462 1439 edendi
478 1407 584 1446 aliqua
600 1410 667 1438 tum
686 1408 873 1438 aﬂ'ulsissct.
894 1408 1012 1438 Verum
1029 1415 1100 1438 cum
1116 1405 1204 1437 nulla
1220 1405 1397 1444 all‘ulgeret,
1412 1405 1444 1436 in
1460 1405 1578 1437 Graecis
1594 1414 1698 1445 operae
1712 1408 1837 1437 tantum

214 1459 391 1494 collocavit,
416 1461 570 1497 quantum
596 1457 853 1497 interpretationi
881 1466 947 1488 sum
970 1457 1329 1496 conducerejudicavit.
1360 1457 1428 1487 Hoc
1451 1455 1512 1487 fuit
1539 1464 1619 1496 opus
1644 1456 1729 1487 Billii
1754 1457 1835 1488 circa

214 1513 357 1543 Graecum
374 1509 544 1547 Gregorii:
561 1508 613 1538 hic
629 1516 713 1538 unus
728 1507 829 1544 labor,
847 1518 860 1535 α
879 1506 911 1537 in
929 1515 994 1545 quo
1014 1511 1099 1538 totus
1125 1507 1198 1545 fuit,
1225 1518 1239 1535 ››
1266 1506 1318 1537 cui
1342 1506 1435 1537 etiam
1455 1506 1646 1539 immortuus
1668 1511 1727 1539 est.
1758 1508 1836 1539 Cum

215 1566 319 1593 autem
346 1559 520 1591 Chatardus
544 1558 586 1589 ait
604 1558 635 1588 in
652 1557 755 1595 elogio
771 1557 853 1587 Billii
872 1566 880 1586 :
906 1567 921 1584 α
939 1557 1054 1587 Omnia
1073 1557 1110 1587 D.
1125 1556 1270 1595 Gregorii
1293 1556 1481 1587 Nazianzeni
1498 1558 1601 1596 Opera
1625 1562 1790 1597 repurgata
1807 1562 1838 1588 et

216 1612 316 1642 multo
341 1608 483 1640 auctiora
501 1607 594 1644 facta.
617 1606 808 1646 conquisitis
834 1605 987 1636 nimirum
1014 1605 1234 1644 undequaque
1257 1605 1419 1635 veteribus
1442 1605 1560 1636 Graecis
1585 1606 1837 1644 exemplaribus,

216 1661 390 1700 multisque
408 1659 447 1690 ad
465 1667 538 1689 eum
551 1657 698 1689 missis...
715 1657 800 1696 typis
817 1657 956 1694 mandat,
971 1667 985 1684 »
1007 1659 1066 1687 etc.
1088 1666 1096 1686 :
1116 1665 1155 1686 ex
1172 1656 1223 1686 his
1237 1655 1344 1686 verbis
1361 1655 1526 1693 discimus,
1547 1665 1691 1696 quaenam
1710 1665 1726 1687 a
1742 1657 1843 1687 Billio.

217 1723 231 1740 ιι
251 1717 430 1751 repurgata,
447 1724 461 1742 ››
479 1717 510 1744 et
526 1712 576 1743 cui
594 1712 638 1742 rei
658 1722 672 1739 α
692 1710 886 1751 conquisita,
905 1722 920 1739 π
939 1710 1100 1749 missaque
1122 1709 1313 1749 exemplaria
1336 1709 1462 1746 Graeca;
1480 1707 1631 1738 nimirum
1647 1717 1661 1734 α
1678 1706 1837 1744 castigan-

220 1761 282 1799 dis,
311 1762 588 1800 recognoscendis,
615 1760 890 1800 repurgandisque
906 1771 921 1788 ια
948 1758 1093 1798 pauculis
1111 1757 1241 1796 Graecis,
1259 1760 1288 1788 et
1311 1757 1431 1788 Latium
1454 1756 1556 1795 ipsius
1581 1755 1837 1793 interpretationi

218 1813 415 1853 editionique
426 1813 570 1851 Gregorii
589 1812 799 1852 perﬁciendae,
816 1811 943 1851 qualem
961 1814 1101 1842 extrema
1116 1818 1212 1840 manu
1232 1808 1359 1847 politam
1374 1807 1514 1838 moriens
1532 1815 1616 1838 anno
1631 1807 1708 1837 1582
1723 1806 1836 1838 Billius

216 1863 346 1902 reliquit
370 1872 506 1903 quaeque
528 1873 610 1896 anno
626 1864 772 1903 sequenti
788 1872 805 1894 e
830 1864 916 1902 prelo
936 1870 1061 1901 egressa
1081 1864 1129 1892 est
1147 1871 1155 1892 :
1172 1866 1202 1891 at
1217 1859 1334 1890 Graecis
1357 1858 1567 1895 orationibus,
1584 1857 1789 1895 carminibus,
1805 1862 1836 1890 et

215 1913 363 1953 epistolis
376 1914 450 1954 plus
469 1922 574 1953 operte
589 1916 738 1953 praeterea
753 1912 832 1943 nihil
850 1911 1016 1951 impendit.

253 1966 287 1997 Si
305 1967 433 1998 Graecus
453 1969 622 1997 contextus
639 1974 653 1996 a
672 1965 766 1996 Billio
784 1967 831 1995 cst
847 1975 861 1992 ε
881 1963 1028 2000 collatus,
1048 1962 1243 2002 recognitus,
1261 1964 1460 2001 repurgatus,
1476 1959 1804 1999 castigatissimusque
1821 1971 1836 1986 ι

217 2016 364 2052 eﬂ'ectus,
381 2020 414 2046 ut
435 2019 562 2046 narrant
581 2015 806 2047 Genebrardus
825 2018 855 2045 et
874 2013 1071 2051 Chatardus;
1100 2021 1168 2048 cur,
1189 2020 1311 2051 quaeso,
1336 2011 1394 2041 viri
1417 2010 1499 2041 docti
1524 2010 1682 2048 Billioque
1703 2009 1837 2047 conjun-

215 2065 349 2096 etissimi
362 2074 443 2104 opus
463 2077 477 2093 α
496 2065 775 2104 castigatissimum
794 2075 810 2094 in
826 2073 889 2104 prae
903 2063 1025 2094 caeteris
1042 2063 1186 2093 mandari
1204 2062 1286 2101 typis
1301 2069 1365 2092 non
1382 2062 1555 2092 curarunt?
1570 2062 1694 2099 Ergone
1712 2060 1745 2090 id
1758 2069 1774 2090 a
1790 2061 1837 2090 bi-

217 2115 370 2153 bli0polis
386 2116 539 2155 consequi
556 2125 619 2147 non
635 2119 830 2155 potuerunt;
847 2115 904 2155 qui
917 2114 1185 2145 recalescentibus
1200 2113 1296 2153 paulo
1312 2116 1382 2152 post
1396 2114 1576 2144 Graecarum
1592 2111 1838 2143 Hebraicarum-

214 2177 277 2206 que
293 2169 467 2200 litterarum
486 2168 613 2206 studiis,
636 2168 738 2208 ipsius
762 2167 952 2199 Nazianzeni
973 2167 1122 2206 plurima,
1141 2169 1208 2196 tum
1227 2165 1342 2196 lsidori
1356 2165 1505 2196 volumen
1527 2166 1697 2204 integrum,
1713 2164 1834 2202 omnia,

213 2219 322 2250 Graece
340 2222 370 2249 et
384 2218 493 2249 Latine
510 2218 700 2257 vulgarunt?
717 2218 801 2256 Quin
818 2218 911 2249 etiam
930 2217 1012 2247 haud
1025 2216 1066 2248 ita
1077 2217 1175 2248 multo
1189 2219 1271 2255 post,
1287 2216 1357 2255 ipsa
1370 2214 1837 2254 GregoriiNazianzeniomnia

213 2271 416 2310 aliorumque
441 2271 522 2301 bene
545 2270 718 2301 multorum
740 2278 834 2308 opera
850 2269 956 2299 Graece
972 2272 1002 2299 et
1020 2268 1130 2300 Latine
1158 2268 1242 2307 typis
1263 2267 1510 2306 elegantissimis
1527 2267 1609 2298 edita
1624 2270 1711 2298 sunt.
1731 2266 1836 2297 Unum

217 2323 372 2353 duntaxat
391 2322 502 2353 addam
519 2329 527 2351 ι
546 2325 650 2353 textus
667 2322 721 2353 ille
737 2333 752 2350 α
771 2325 967 2361 expurgatus
984 2323 1014 2351 et
1030 2320 1310 2359 castigatissimus,
1336 2331 1352 2349 ι»
1370 2328 1466 2359 quem
1489 2318 1664 2350 Chatardus
1687 2323 1717 2349 et
1732 2318 1837 2349 Gene-

213 2373 348 2405 brardus
366 2373 527 2409 viderunt,
545 2373 600 2403 ille
615 2373 683 2410 ipse
696 2376 755 2408 est,
783 2380 879 2412 quem
910 2371 1041 2402 exhibet
1064 2374 1207 2409 emptum
1226 2379 1243 2402 a
1258 2371 1295 2400 D.
1312 2371 1414 2401 Baron
1435 2369 1630 2401 Senonensis
1651 2367 1836 2407 metropolis

215 2423 383 2460 canonico,
403 2424 602 2463 missumque
619 2423 658 2453 D.
671 2422 838 2453 Francisco
858 2421 1003 2451 Louvard
1021 2420 1203 2460 exemplar;
1221 2420 1305 2459 quod
1324 2424 1502 2459 opportune
1519 2423 1676 2451 servatum
1694 2427 1757 2449 non
1777 2429 1836 2449 ex-

215 2472 301 2504 cidit.
322 2473 403 2504 Hinc
418 2478 504 2504 certo
520 2472 674 2504 discimus
691 2471 917 2503 correctionem
935 2470 1102 2501 Billianam
1129 2478 1287 2509 nusquam
1311 2477 1449 2506 exstare,
1474 2479 1631 2509 nusquam
1661 2469 1835 2509 exstitisse,

215 2520 360 2559 adeoque
385 2521 594 2552 Parisiensem
615 2521 787 2552 editionem
814 2528 878 2550 non
894 2520 1005 2559 majori
1035 2519 1067 2549 in
1085 2520 1218 2556 honore,
1236 2529 1331 2559 quam
1354 2520 1569 2551 Basileensem
1588 2520 1777 2558 habendam,
1796 2521 1836 2552 de

215 2580 276 2612 qua
294 2571 408 2602 Billius
425 2582 434 2602 :
449 2581 464 2599 ι
481 2570 699 2609 Hervagianus
716 2570 828 2606 codex.
843 2569 899 2609 qui
916 2578 999 2599 unus
1017 2569 1218 2608 suppetebat,
1242 2572 1287 2599 tot
1302 2572 1429 2609 tamque
1448 2569 1539 2601 foedis
1558 2570 1720 2601 erroribus
1736 2576 1836 2602 scate-

214 2624 279 2660 bat,
296 2627 329 2654 ut
344 2623 383 2654 ad
396 2622 456 2654 hoc
466 2622 577 2662 Augiea
588 2622 747 2653 stabulum
763 2621 998 2660 repurgandum
1013 2628 1075 2651 non
1094 2628 1157 2651 uno
1174 2621 1312 2652 Hercule
1323 2629 1405 2659 Opus
1419 2625 1517 2654 esset.
1533 2622 1625 2653 Nulla
1635 2623 1749 2658 oratio,
1763 2623 1837 2653 nul-

216 2674 244 2705 la
262 2675 490 2713 propemodum
508 2673 622 2713 pagina
637 2673 834 2711 gravissimis
847 2673 971 2704 mendis
987 2673 1125 2703 vacabat.
1150 2677 1347 2713 Ὀλοσὼματος,
1365 2677 1398 2704 ut
1415 2674 1455 2705 ita
1470 2674 1584 2709 dicam,
1607 2676 1673 2704 erat
1685 2673 1750 2705 hac
1767 2674 1835 2711 pla-

215 2732 265 2764 ga.
283 2734 299 2753 ι
315 2723 489 2756 Chatardus
505 2723 600 2754 etiam
617 2724 681 2756 haec
694 2724 734 2755 de
749 2723 843 2754 Billio
861 2722 973 2754 scribit
985 2723 1022 2753 ad
1036 2722 1162 2754 fratrem
1180 2724 1249 2763 ejus
1266 2724 1509 2755 Laudunensem
1526 2723 1684 2761 abbatem,
1700 2723 1751 2755 cui
1770 2722 1838 2754 Bil-

254 2837 292 2875 (a)
316 2838 390 2874 E103.
415 2839 494 2872 Billii,
511 2839 588 2874 epist.
612 2839 644 2867 ad
669 2839 762 2869 Godcl'.
785 2840 901 2874 Billium,
919 2848 993 2875 oper.
1013 2839 1124 2881 Grcgor.
1140 2840 1182 2868 ed.
1199 2849 1243 2869 au.
1260 2839 1336 2872 1383,
1349 2848 1373 2874 p.
1392 2840 1466 2867 l530.
