2058 3128
265 164 300 195 23
777 169 962 204 ΡῐὶιΕιτΑΤΙΟ
978 175 1077 204 GENEI

1062 177 1178 207 IRALlS.
1198 194 1234 199 —
1251 179 1341 208 PARS
1357 180 1378 209 Ι.
1840 185 1874 212 21

267 222 387 284 lienam
403 224 561 260 lsidorum
577 236 748 272 nuncupat.
766 232 933 267 éPndebat
950 237 1034 267 enim
1048 246 1134 273 eum,
1148 239 1232 278 quod
1245 240 1401 272 Graecia...
1417 244 1476 272 tam
1488 242 1627 282 doctum,
1638 247 1697 276 tam
1707 246 1871 284 disertum,

265 275 393 318 tamque
408 279 579 312 facundum
597 287 756 315 auctorem
768 290 797 316 et
809 290 966 318 oratorem
985 297 1077 320 suum
1093 290 1219 321 haberet
1237 295 1296 322 tam
1313 293 1458 324 mutilum
1474 304 1509 325 ac
1522 294 1671 334 lacerum,
1686 301 1793 337 totque
1809 299 1874 338 pla-

265 328 313 366 gis
330 329 526 367 confossum,
545 334 578 361 ut
594 333 770 365 semivivus
788 336 918 367 relictus
934 338 1136 370 videretur.»
1149 340 1224 376 Quae
1241 350 1311 372 cum
1329 352 1399 373 vera
1415 344 1490 380 sint,
1509 351 1603 385 atque
1618 347 1650 377 in
1667 328 1874 380 Parisiensem

265 378 436 410 'editionem
454 381 575 419 possint
595 385 784 423 retorqueri,
799 389 832 416 ut
847 396 885 417 ex
900 386 993 418 dictis
1015 394 1148 426 constat,
1166 390 1240 420 inde
1261 400 1390 432 quoque
1402 378 1651 427 constare'debct
1666 400 1873 430 necessariam

265 439 336 481 psse
354 440 467 463 novam
484 434 623 472 Operum
640 435 782 475 Gregorii
799 438 987 469 Nazianzmi
1004 440 1195 476 editionem;
1209 443 1343 473 maxime
1357 452 1427 474 cum
1444 447 1528 477 nulla
1546 449 1584 478 sit
1600 457 1671 486 quae
1686 452 1790 481 omnia
1807 452 1875 489 ejus

265 481 367 528 ppera
394 485 564 521 cont-ineat,
582 486 669 516 nulla
688 495 759 526 quae
775 495 838 518 non
856 489 1034 520 innumeris
1050 491 1172 521 mendis
1195 497 1324 523 scalcat.
1339 494 1385 524 Ad
1401 503 1512 526 novam
1533 481 1628 535 igitur
1644 499 1782 537 Opernm
1800 481 1876 531 G‘re—

264 530 346 567 gorii
367 532 539 565 editionem
555 534 766 566 adornandum
780 537 878 567 nostri
892 543 968 568 sunt
981 539 1132 576 aggressi.
1150 540 1273 571 Primus
1289 542 1377 579 operi
1395 552 1520 574 manum
1538 530 1722 578 avdmovitlD.
1739 550 1875 580 Jac-obus

264 580 452 620 Frischius;
473 592 538 623 quo
558 585 653 623 paulo
671 589 739 624 post
767 587 936 623 exstincto,
960 588 1048 625 operi
1071 589 1223 619 successit
1251 591 1288 621 D.
1307 591 1492 623 Franciscus
1505 595 1668 632 Louvard;
1696 607 1803 629 verum
1831 603 1876 631 tot

264 632 507 670 tempestatibus
522 634 659 673 jactatus
675 638 721 665 est
742 639 776 666 ut
799 645 864 667 rem
881 637 1028 668 infectam
1050 638 1232 678 relinquere
1248 645 1375 672 coactus
1387 642 1438 673 sit.
1457 644 1536 675 Tum
1556 652 1658 684 partes
1677 649 1747 678 illas
1762 657 1875 680 susce-

265 680 310 719 pit
328 682 362 712 D.
377 683 571 715 Prudentius
588 683 708 724 Maran,
724 686 779 717 sed
800 696 817 718 e
837 692 1018 720 transverso
1042 698 1127 720 mors
1148 691 1315 722 incurrens
1337 693 1438 724 virum
1463 694 1588 727 doctum
1605 699 1745 736 abstulit,
1768 701 1876 739 prius-

266 740 359 771 quam
382 741 463 772 opus
481 744 679 774 promovere,
707 739 826 769 nedum
846 741 997 779 perﬁcere
1015 743 1167 779 potuerit.
1184 743 1318 774 Demum
1336 753 1406 782 nos,
1427 745 1499 776 licet
1515 747 1650 785 impares
1672 753 1756 780 tanto
1772 750 1875 786 oneri,

265 794 278 810 ι
296 783 329 813 in
347 792 458 816 eorum
483 785 619 823 labores,
638 798 653 816 ν
669 787 762 819 inviti
777 789 832 820 sed
846 789 943 829 jussi,
959 790 1161 824 intravimus.
1187 793 1270 830 Quid
1289 794 1406 833 singuli
1433 795 1466 826 in
1486 795 1542 829 hac
1559 783 1698 831 editione
1723 801 1876 839 praesule.-

264 835 339 872 rint,
353 845 440 869 nunc
457 839 695 877 exponendum.

262 922 329 959 ﬁll.
349 930 426 957 QUID
448 932 559 954 Νοετιιι
582 933 614 954 IN
634 933 696 955 11Δο
712 934 861 956 EDITIONE
885 935 1014 957 OPERUM
1032 937 1181 959 GREGORII
1204 938 1397 960 ADORNANDA
1423 938 1659 962 PRESTITEBINT
1683 941 1874 966 EXPONITUI'

302 997 445 1028 Stadium
465 998 551 1029 istud
569 1000 625 1038 qui
646 1000 730 1038 prior
750 1002 916 1040 ingressus
931 1003 1046 1041 fuerat,
1063 1005 1199 1036 Iacobus
1215 1005 1379 1037 Frischius
1399 1008 1499 1037 morte
1515 1006 1621 1036 statim
1641 1010 1688 1036 est
1710 1006 1873 1044 sublatus;

264 1050 416 1089 quasdam
438 1054 557 1082 tantum
576 1052 732 1084 variantes
747 1053 899 1085 lectiones
916 1056 1058 1094 reliquit.

301 1098 340 1128 D.
358 1099 549 1131 Franciscus
563 1099 724 1140 Louvard,
739 1102 794 1140 qui
807 1104 962 1134 successit
978 1105 1080 1143 operi,
1099 1105 1152 1136 diu
1170 1106 1373 1147 multumque
1390 1107 1562 1145 insudavit,
1581 1109 1659 1139 nulli
1676 1109 1815 1148 pepercit
1829 1109 1873 1140 la-

255 1147 344 1180 .bori.
364 1148 516 1180 Ardentis
535 1150 657 1188 ingenii
678 1151 833 1190 impetum
865 1158 996 1185 secutus
1010 1179 1019 1191 ,
1036 1156 1252 1195 undequaque
1275 1157 1483 1196 conquirebat
1499 1159 1654 1198 quidquid
1673 1147 1872 1199 propositum

262 1208 355 1231 suum
367 1201 480 1240 juvare
499 1207 619 1241 posset.
637 1205 707 1240 Quo
722 1204 839 1236 factum
855 1210 916 1243 est,
937 1211 970 1237 ut
988 1207 1175 1238 immensam
1195 1217 1298 1239 rerum
1317 1210 1356 1240 ad
1371 1210 1515 1248 Gregorii
1533 1209 1707 1239 editionem
1731 1216 1872 1239 necessa‘

256 1253 379 1286 ,riarum
396 1254 519 1293 copiam
534 1255 743 1294 congesserit.
762 1256 881 1287 Omnes
899 1265 980 1296 pene
1004 1258 1162 1289 editiones
1180 1261 1391 1297 comparavit,
1409 1261 1478 1291 sive
1496 1261 1631 1297 Graecas,
1648 1260 1715 1290 sive
1731 1259 1872 1295 Latinas,

258 1305 328 1336 sive
350 1305 624 1343 Graeco-Latinas;
642 1306 679 1337 ad
708 1315 799 1345 quas,
814 1319 828 1335 α
843 1309 969 1345 omnia,
987 1309 1012 1339 si
1031 1310 1165 1348 paucula
1191 1312 1334 1350 quaedam
1351 1312 1501 1351 excipias,
1522 1323 1536 1340 »
1557 1321 1572 1342 a
1591 1321 1623 1342 se
1649 1315 1756 1341 exacta
1774 1311 1872 1341 fuisse

261 1355 402 1394 Gregorii
419 1355 522 1395 Opera
539 1360 683 1389 testatur.
702 1359 767 1389 Has
781 1369 893 1392 omnes
913 1361 1007 1399 longo
1023 1363 1135 1393 ordine
1154 1368 1309 1399 recenset,
1329 1364 1540 1399 Basileenses.
1557 1363 1717 1397 Billianas,
1733 1366 1806 1397 etc.,
1825 1362 1872 1392 le-

261 1407 396 1443 ctiones,
413 1416 484 1447 qua:
499 1409 536 1439 ad
552 1409 668 1441 calcem
694 1410 871 1442 editionum
891 1412 1081 1451 rejiciuntur
1098 1423 1105 1443 :
1123 1417 1218 1452 atque
1247 1415 1342 1445 etiam
1361 1415 1386 1445 s‘i
1408 1424 1487 1454 quas
1506 1413 1660 1444 lectiones
1680 1413 1728 1444 vel
1746 1417 1836 1443 notas
1853 1420 1872 1443 a

261 1457 338 1488 viris
355 1457 457 1489 doctis
478 1458 509 1488 in
526 1468 579 1490 ora
609 1460 762 1493 librorum
783 1463 915 1502 scriptas
933 1465 1033 1501 novit,
1053 1468 1135 1496 tanta
1160 1466 1323 1504 diligentia
1341 1467 1526 1504 exquisivit,
1549 1469 1581 1496 ut
1600 1465 1722 1496 tandem
1749 1473 1871 1503 repere-

263 1509 316 1540 rit.
332 1509 599 1541 anosissimum
616 1513 767 1544 volumen
784 1515 979 1545 Basileensis
999 1516 1165 1553 editionis,
1186 1517 1217 1546 in
1235 1526 1300 1556 quo
1317 1517 1470 1548 lectiones
1484 1521 1514 1548 et
1531 1517 1780 1551 emendationcs,
1800 1524 1871 1554 quae

260 1568 277 1590 θ
290 1568 385 1591 manu
398 1559 481 1589 Billii
496 1559 534 1590 ad
551 1569 621 1590 oras
637 1564 667 1590 et
685 1560 764 1591 intra
783 1561 881 1592 lineas
896 1563 1021 1602 scriptae
1036 1568 1121 1600 sunt,
1135 1570 1249 1602 sponte
1265 1574 1320 1596 sua
1338 1566 1477 1604 benigne
1492 1565 1618 1601 obtulit.
1637 1570 1666 1596 ut
1680 1566 1742 1604 jam
1753 1565 1869 1594 dictum

261 1612 321 1646 est,
339 1609 386 1639 vir
410 1608 609 1640 clarissimus
627 1609 665 1640 D.
684 1609 799 1641 Baron.
815 1611 910 1641 Aliud
929 1611 1073 1650 ejusdem
1091 1614 1246 1644 editionis
1263 1615 1436 1650 exemplar,
1454 1625 1468 1642 α
1489 1624 1560 1645 cum
1593 1614 1870 1645 emendationibus

260 1664 290 1689 et
309 1658 572 1690 adnotationibus
600 1660 728 1698 scriptis
748 1668 843 1691 manu
860 1661 921 1691 viri
938 1662 1022 1692 docti
1038 1673 1052 1690 ››
1071 1662 1193 1701 accepit
1208 1672 1223 1692 a
1242 1663 1279 1692 D.
1298 1663 1426 1700 Naulin,
1444 1663 1512 1694 viro
1528 1668 1636 1694 caetera
1656 1663 1760 1698 docto,
1776 1666 1870 1701 atque

262 1709 419 1748 imprimis
437 1708 671 1747 Scripturarum
695 1709 802 1739 studio
823 1709 1002 1740 clarissimo
1016 1732 1023 1746 ,
1044 1711 1074 1741 in
1097 1712 1182 1742 curia
1210 1712 1383 1742 Parisiensi
1412 1713 1574 1744 advocato.
1601 1713 1768 1751 Exemplar
1787 1711 1869 1742 istud

259 1759 469 1798 Eervagianas
483 1758 648 1793 editionis,
667 1757 696 1787 in
713 1758 840 1788 Heinsii
859 1758 1066 1790 Bibliothecae
1081 1760 1222 1799 catalogo
1240 1761 1388 1800 Lugduni
1403 1762 1587 1793 Batavorum
1609 1763 1693 1794 edito
1710 1771 1762 1792 an.
1780 1762 1869 1798 1682,

260 1821 291 1852 p.
307 1814 338 1849 ’1,
359 1822 391 1844 n.
405 1813 464 1844 129
479 1813 666 1852 inscriptum
687 1815 744 1844 est.
767 1811 935 1843 Lectiones
955 1815 985 1843 et
1001 1814 1243 1845 emendationes
1260 1818 1335 1845 sunt
1353 1814 1516 1853 eleganter
1532 1813 1632 1852 pictis,
1648 1812 1700 1843 sed
1718 1812 1869 1850 Anglum,

258 1863 383 1895 Calvini
409 1863 601 1901 discipulum
617 1884 625 1899 ,
646 1863 797 1902 sapiunt,
813 1863 846 1893 ni
873 1863 976 1895 fallor.
993 1864 1152 1901 Quasdam
1180 1866 1440 1901 emendationes.
1455 1875 1533 1905 quas
1557 1865 1589 1896 in
1606 1874 1659 1896 ora
1679 1865 1869 1910 Parisiensis

258 1913 410 1945 editionis
441 1913 517 1944 anni
545 1913 648 1948 1630,
670 1912 745 1942 olim
775 1913 922 1951 apposuit
951 1914 1156 1944 doctissimus
1183 1916 1222 1945 de
1250 1915 1366 1946 Barcos
1399 1916 1495 1946 abbas
1524 1916 1757 1956 Sancygiranus
1775 1938 1784 1952 ,
1811 1916 1869 1945 de-

257 1965 354 1997 scribi
387 1969 417 1996 et
450 1965 487 1995 ad
528 1973 563 1995 se
600 1964 706 2000 mitti,
740 1965 984 2006 emendationcs.
1017 1974 1147 2005 quoque
1177 1976 1212 1997 ac
1253 1973 1345 1998 notas
1380 1977 1396 1998 a
1435 1968 1619 1999 doctissimo
1662 1966 1867 1998 Tillemontio

257 2017 295 2047 ad
324 2024 411 2047 oram
442 2016 627 2046 Parisiensis
657 2015 808 2046 editionis
835 2017 1206 2056 scriptas.etadomino
1237 2020 1392 2050 Tronchai
1422 2020 1542 2050 oblatas
1569 2019 1703 2050 exscribi
1733 2018 1864 2049 curavit.

298 2066 438 2096 Tandem
454 2065 691 2104 copiosissimas
711 2067 877 2104 lectiones,
890 2078 968 2108 quas
984 2079 1000 2100 e
1018 2071 1137 2108 Regiis,
1157 2071 1350 2103 Colberlinis
1365 2073 1624 2111 Mazarinwisque
1642 2072 1865 2110 manuscriptis

257 2116 408 2148 collectas
422 2137 431 2152 ,
450 2116 488 2147 ad
505 2124 590 2147 oram
607 2118 856 2150 Graeco~Latinaa
871 2121 1022 2152 editionis
1051 2123 1242 2154 Parisiensis
1269 2124 1343 2154 anni
1370 2124 1446 2155 1630
1470 2132 1563 2154 manu
1581 2123 1704 2162 propria
1722 2123 1868 2162 appinxit

257 2170 307 2200 vir
322 2170 538 2205 doctissimus.
554 2178 590 2200 ac
604 2171 643 2201 de
657 2172 770 2202 litteris
784 2173 899 2204 Grmcis
917 2175 1035 2213 optime
1055 2176 1187 2206 meritus
1206 2177 1243 2206 It.
1256 2177 1287 2206 P.
1300 2176 1523 2207 Combet‘tstus.
1542 2173 1785 2210 Dominicanus,
1799 2173 1866 2212 ipse

256 2229 316 2251 sua
340 2221 511 2258 exscripsit
530 2224 637 2252 noster
655 2222 841 2253 Louvardus
859 2234 866 2253 :
883 2224 933 2254 cui
956 2229 1103 2263 praeterea
1120 2227 1156 2256 lt.
1174 2227 1206 2257 P.
1226 2227 1254 2257 le
1275 2226 1376 2262 Quien
1393 2226 1549 2259 doctrina.
1567 2224 1759 2258 eruditione,
1788 2223 1865 2254 scri-

256 2270 319 2309 ptis
337 2270 535 2301 clarissimus
549 2293 558 2308 ,
575 2279 592 2300 e
605 2271 810 2303 Dominicana
829 2271 961 2309 familia,
982 2274 1110 2304 Parisiis
1130 2274 1166 2305 ad
1185 2275 1288 2305 vicum
1306 2274 1408 2305 Sancti
1426 2275 1602 2310 Honorati,
1619 2275 1667 2305 sui
1688 2275 1784 2306 decus
1802 2283 1867 2305 ma-

255 2321 380 2352 ximum
398 2321 520 2352 ordinis
538 2343 547 2356 .
564 2323 805 2354 emendutiones
832 2327 863 2355 et
890 2329 979 2356 notas
1002 2326 1164 2357 censorias
1190 2326 1222 2356 in
1240 2325 1405 2356 Billianam
1423 2334 1549 2357 omnem
1572 2335 1702 2365 operum
1722 2325 1863 2364 Gregorii

255 2373 552 2411 interpretationem
565 2394 573 2407 ,
591 2373 629 2402 ab
650 2374 760 2403 eodem
789 2374 878 2405 Patre
896 2375 1088 2406 Combctisio
1105 2376 1280 2406 elaboratas
1307 2376 1445 2414 benigne
1462 2376 1605 2412 tradidit;
1625 2380 1654 2406 et
1670 2375 1798 2415 quidem
1826 2383 1864 2405 eo

256 2424 370 2462 majori
388 2424 598 2462 benignitate,
611 2422 696 2461 quod
714 2422 783 2462 ipse
803 2433 884 2463 pene
904 2429 1057 2456 statuerat
1073 2426 1166 2456 edere
1182 2425 1380 2463 Gregorium,
1398 2428 1525 2464 propter
1556 2425 1748 2465 singularem
1775 2425 1864 2456 theo-

255 2474 320 2513 logi
334 2474 516 2505 afﬁnitatem
531 2483 601 2505 cum
619 2475 827 2512 Dainasceno,
843 2475 934 2514 cujus
953 2480 1016 2506 tum
1035 2477 1207 2508 editionem
1228 2478 1413 2508 adornabat.

295 2525 434 2555 Primum
464 2529 569 2556 autem
606 2531 716 2556 nostro
746 2527 913 2558 Louvardo
947 2528 1089 2561 studium
1122 2529 1183 2559 fuit
1219 2529 1336 2559 scrinia
1370 2527 1633 2558 bibliothecarum
1674 2533 1863 2560 revmvere,

254 2577 286 2604 et
307 2574 466 2613 quidquid
501 2583 518 2604 θ
551 2583 583 2605 re
613 2583 671 2605 sua
696 2579 763 2605 erat
790 2576 983 2607 describere.
1005 2577 1200 2615 Scriptorum
1233 2586 1326 2607 manu
1356 2577 1501 2607 codicum
1530 2580 1647 2606 tantam
1678 2577 1795 2614 reperit
1814 2584 1866 2606 co-

253 2622 338 2661 piam
355 2645 364 2659 ,
388 2627 423 2653 ut
446 2623 477 2653 in
495 2623 544 2653 his
572 2623 751 2661 deligendis
769 2633 873 2663 operte
896 2625 967 2664 plus
996 2626 1194 2665 insumptum
1213 2648 1221 2662 ,
1242 2635 1338 2666 quam
1364 2627 1397 2657 in
1424 2625 1627 2657 inveniendis
1656 2625 1802 2662 fateatur,
1819 2632 1865 2657 al.-

253 2682 317 2712 que
348 2674 452 2706 exiis
480 2674 669 2705 immensam
705 2676 862 2707 variarum
893 2677 1064 2709 lectionum
1098 2678 1219 2718 copiam
1249 2678 1318 2709 sive
1351 2679 1476 2717 prepria
1495 2700 1503 2716 ,
1532 2681 1600 2711 sive
1629 2681 1732 2712 aliena
1767 2688 1863 2711 manu

252 2723 392 2762 collegit.

292 2771 350 2802 His
366 2772 516 2803 omnibus
535 2774 738 2811 comparatis,
757 2775 970 2813 praefationes,
999 2778 1094 2808 vitam
1110 2777 1268 2814 auctoris,
1287 2777 1491 2816 praefigendas
1506 2779 1644 2820 singulis
1662 2783 1862 2813 orationibus

250 2821 489 2853 admonitiones
507 2845 516 2859 ,
541 2825 698 2866 quidquid
729 2827 857 2858 demum
876 2834 1053 2861 accuratam
1074 2830 1156 2861 solet
1172 2833 1267 2869 atque
1284 2831 1376 2861 etiam
1398 2831 1491 2862 debet
1514 2834 1689 2865 editionem
1706 2835 1861 2873 comitari,

250 2877 376 2902 summa
391 2870 556 2910 diligentia
571 2882 606 2905 ac
625 2874 786 2907 celeritate
799 2878 940 2917 parabat,
958 2883 1052 2918 atque
1078 2887 1116 2910 eo
1132 2887 1301 2920 progressu
1315 2902 1323 2918 ,
1342 2883 1375 2911 ut
1403 2880 1562 2921 fastigium
1579 2885 1669 2923 operi
1692 2885 1862 2924 imposuis-
