  <div class='ocr_page' id='page_1' title='image "/cluster/home/n/w/nwhite01/storage/ocr_20150623/35/njp.32101077772554/022.png"; bbox 0 0 2058 3128; ppageno 0'>
   <div class='ocr_carea' id='block_1_1' title="bbox 231 134 1043 165">
    <p class='ocr_par' dir='ltr' id='par_1_1' title="bbox 231 134 1043 165">
     <span class='ocr_line' id='line_1_1' title="bbox 231 134 1043 165; baseline 0.007 -7"><span class='ocrx_word' id='word_1_1' title='bbox 231 138 266 165; x_wconf 68' lang='grc' dir='ltr'><strong>ες,</strong></span> <span class='ocrx_word' id='word_1_2' title='bbox 739 134 923 164; x_wconf 69' lang='grc' dir='ltr'><strong>ΡΒᾹΞΡΑΊΊΟ</strong></span> <span class='ocrx_word' id='word_1_3' title='bbox 941 135 1043 164; x_wconf 72' lang='lat' dir='ltr'><strong>GENEl</strong></span> 
     </span>
    </p>
   </div>
   <div class='ocr_carea' id='block_1_2' title="bbox 1033 134 1845 165">
    <p class='ocr_par' dir='ltr' id='par_1_2' title="bbox 1036 135 1845 165">
     <span class='ocr_line' id='line_1_2' title="bbox 1036 135 1845 165; baseline 0 -2"><span class='ocrx_word' id='word_1_4' title='bbox 1036 135 1145 164; x_wconf 69' lang='lat' dir='ltr'><strong>[tALlS.</strong></span> <span class='ocrx_word' id='word_1_5' title='bbox 1165 150 1199 157; x_wconf 89' lang='lat'><strong>—</strong></span> <span class='ocrx_word' id='word_1_6' title='bbox 1217 135 1307 165; x_wconf 73' lang='lat' dir='ltr'><strong>PARS</strong></span> <span class='ocrx_word' id='word_1_7' title='bbox 1324 136 1343 165; x_wconf 83' lang='grc' dir='ltr'><strong>Ι.</strong></span> <span class='ocrx_word' id='word_1_8' title='bbox 1811 137 1845 164; x_wconf 72' lang='lat'><strong>26</strong></span> 
     </span>
    </p>
   </div>
   <div class='ocr_carea' id='block_1_3' title="bbox 231 191 1847 233">
    <p class='ocr_par' dir='ltr' id='par_1_3' title="bbox 231 191 1847 233">
     <span class='ocr_line' id='line_1_3' title="bbox 231 191 1847 233; baseline 0.001 -8"><span class='ocrx_word' id='word_1_9' title='bbox 231 199 292 231; x_wconf 80' lang='lat' dir='ltr'><strong>set,</strong></span> <span class='ocrx_word' id='word_1_10' title='bbox 309 193 342 224; x_wconf 91' lang='lat' dir='ltr'><strong>ni</strong></span> <span class='ocrx_word' id='word_1_11' title='bbox 359 193 522 224; x_wconf 92' lang='lat' dir='ltr'><strong>continuis</strong></span> <span class='ocrx_word' id='word_1_12' title='bbox 539 191 695 224; x_wconf 90' lang='lat' dir='ltr'><strong>molestiis</strong></span> <span class='ocrx_word' id='word_1_13' title='bbox 719 196 749 224; x_wconf 89' lang='lat' dir='ltr'><strong>et</strong></span> <span class='ocrx_word' id='word_1_14' title='bbox 769 193 1009 232; x_wconf 78' lang='lat' dir='ltr'><strong>impedimentis</strong></span> <span class='ocrx_word' id='word_1_15' title='bbox 1031 195 1230 227; x_wconf 86' lang='lat' dir='ltr'><strong>conﬂictatus</strong></span> <span class='ocrx_word' id='word_1_16' title='bbox 1256 195 1383 228; x_wconf 78' lang='lat' dir='ltr'><strong>fuisset.</strong></span> <span class='ocrx_word' id='word_1_17' title='bbox 1400 195 1535 226; x_wconf 87' lang='lat' dir='ltr'><strong>Demum</strong></span> <span class='ocrx_word' id='word_1_18' title='bbox 1550 195 1678 233; x_wconf 80' lang='lat' dir='ltr'><strong>incepto</strong></span> <span class='ocrx_word' id='word_1_19' title='bbox 1693 196 1847 227; x_wconf 84' lang='lat' dir='ltr'><strong>desistere</strong></span> 
     </span>
    </p>
   </div>
   <div class='ocr_carea' id='block_1_4' title="bbox 231 242 1849 286">
    <p class='ocr_par' dir='ltr' id='par_1_4' title="bbox 231 242 1849 286">
     <span class='ocr_line' id='line_1_4' title="bbox 231 242 1849 286; baseline 0 -9"><span class='ocrx_word' id='word_1_20' title='bbox 231 251 372 280; x_wconf 87' lang='lat' dir='ltr'><strong>coactus.</strong></span> <span class='ocrx_word' id='word_1_21' title='bbox 387 245 466 275; x_wconf 90' lang='lat' dir='ltr'><strong>nihil</strong></span> <span class='ocrx_word' id='word_1_22' title='bbox 483 244 630 276; x_wconf 81' lang='lat' dir='ltr'><strong>absolvit.</strong></span> <span class='ocrx_word' id='word_1_23' title='bbox 648 245 728 275; x_wconf 89' lang='lat' dir='ltr'><strong>Tum</strong></span> <span class='ocrx_word' id='word_1_24' title='bbox 753 246 904 284; x_wconf 75' lang='lat' dir='ltr'><strong>pependit</strong></span> <span class='ocrx_word' id='word_1_25' title='bbox 924 246 1103 285; x_wconf 90' lang='lat' dir='ltr'><strong>interrupta</strong></span> <span class='ocrx_word' id='word_1_26' title='bbox 1122 247 1266 286; x_wconf 80' lang='lat' dir='ltr'><strong>Gregorii</strong></span> <span class='ocrx_word' id='word_1_27' title='bbox 1283 255 1418 286; x_wconf 89' lang='lat' dir='ltr'><strong>operum</strong></span> <span class='ocrx_word' id='word_1_28' title='bbox 1435 246 1546 282; x_wconf 80' lang='lat' dir='ltr'><strong>editio,</strong></span> <span class='ocrx_word' id='word_1_29' title='bbox 1565 242 1723 286; x_wconf 50' lang='lat' dir='ltr'><strong>minasque</strong></span> <span class='ocrx_word' id='word_1_30' title='bbox 1735 246 1849 285; x_wconf 81' lang='lat' dir='ltr'><strong>ingen-</strong></span> 
     </span>
    </p>
   </div>
   <div class='ocr_carea' id='block_1_5' title="bbox 233 297 1848 338">
    <p class='ocr_par' dir='ltr' id='par_1_5' title="bbox 233 297 1848 338">
     <span class='ocr_line' id='line_1_5' title="bbox 233 297 1848 338; baseline 0.002 -13"><span class='ocrx_word' id='word_1_31' title='bbox 233 301 278 326; x_wconf 91' lang='lat' dir='ltr'><strong>tes</strong></span> <span class='ocrx_word' id='word_1_32' title='bbox 294 305 438 335; x_wconf 90' lang='lat' dir='ltr'><strong>operum.</strong></span> <span class='ocrx_word' id='word_1_33' title='bbox 459 297 564 333; x_wconf 67' lang='lat' dir='ltr'><strong>Minae,</strong></span> <span class='ocrx_word' id='word_1_34' title='bbox 581 297 724 336; x_wconf 88' lang='lat' dir='ltr'><strong>inquam,</strong></span> <span class='ocrx_word' id='word_1_35' title='bbox 740 298 886 336; x_wconf 76' lang='lat' dir='ltr'><strong>ingentes</strong></span> <span class='ocrx_word' id='word_1_36' title='bbox 902 307 1055 336; x_wconf 91' lang='lat' dir='ltr'><strong>operum;</strong></span> <span class='ocrx_word' id='word_1_37' title='bbox 1075 307 1144 329; x_wconf 89' lang='lat' dir='ltr'><strong>nam</strong></span> <span class='ocrx_word' id='word_1_38' title='bbox 1158 303 1270 338; x_wconf 67' lang='lat' dir='ltr'><strong>praeter</strong></span> <span class='ocrx_word' id='word_1_39' title='bbox 1282 298 1433 337; x_wconf 79' lang='lat' dir='ltr'><strong>Graegorii</strong></span> <span class='ocrx_word' id='word_1_40' title='bbox 1450 297 1563 336; x_wconf 81' lang='lat' dir='ltr'><strong>Opera,</strong></span> <span class='ocrx_word' id='word_1_41' title='bbox 1576 298 1654 328; x_wconf 70' lang='lat' dir='ltr'><strong>Elite</strong></span> <span class='ocrx_word' id='word_1_42' title='bbox 1669 298 1700 328; x_wconf 90' lang='lat' dir='ltr'><strong>in</strong></span> <span class='ocrx_word' id='word_1_43' title='bbox 1718 306 1848 328; x_wconf 85' lang='lat' dir='ltr'><strong>novem-</strong></span> 
     </span>
    </p>
   </div>
   <div class='ocr_carea' id='block_1_6' title="bbox 233 348 1847 389">
    <p class='ocr_par' dir='ltr' id='par_1_6' title="bbox 233 348 1847 389">
     <span class='ocr_line' id='line_1_6' title="bbox 233 348 1847 389; baseline 0.001 -11"><span class='ocrx_word' id='word_1_44' title='bbox 233 348 335 378; x_wconf 90' lang='lat' dir='ltr'><strong>decim</strong></span> <span class='ocrx_word' id='word_1_45' title='bbox 351 349 525 383; x_wconf 84' lang='lat' dir='ltr'><strong>orationes,</strong></span> <span class='ocrx_word' id='word_1_46' title='bbox 543 358 662 387; x_wconf 82' lang='lat' dir='ltr'><strong>easque</strong></span> <span class='ocrx_word' id='word_1_47' title='bbox 677 349 869 388; x_wconf 81' lang='lat' dir='ltr'><strong>insigniores</strong></span> <span class='ocrx_word' id='word_1_48' title='bbox 885 359 921 380; x_wconf 81' lang='lat' dir='ltr'><strong>ac</strong></span> <span class='ocrx_word' id='word_1_49' title='bbox 939 350 1151 389; x_wconf 72' lang='lat' dir='ltr'><strong>theologicas;</strong></span> <span class='ocrx_word' id='word_1_50' title='bbox 1169 352 1284 382; x_wconf 70' lang='lat' dir='ltr'><strong>Nicetes</strong></span> <span class='ocrx_word' id='word_1_51' title='bbox 1309 352 1382 382; x_wconf 93' lang='lat' dir='ltr'><strong>item</strong></span> <span class='ocrx_word' id='word_1_52' title='bbox 1401 351 1432 381; x_wconf 92' lang='lat' dir='ltr'><strong>in</strong></span> <span class='ocrx_word' id='word_1_53' title='bbox 1451 349 1610 380; x_wconf 74' lang='lat' dir='ltr'><strong>sexdecim</strong></span> <span class='ocrx_word' id='word_1_54' title='bbox 1626 349 1702 380; x_wconf 84' lang='lat' dir='ltr'><strong>alias</strong></span> <span class='ocrx_word' id='word_1_55' title='bbox 1720 349 1847 379; x_wconf 88' lang='lat' dir='ltr'><strong>Oratio-</strong></span> 
     </span>
    </p>
   </div>
   <div class='ocr_carea' id='block_1_7' title="bbox 233 399 1848 439">
    <p class='ocr_par' dir='ltr' id='par_1_7' title="bbox 233 399 1848 439">
     <span class='ocr_line' id='line_1_7' title="bbox 233 399 1848 439; baseline 0.005 -10"><span class='ocrx_word' id='word_1_56' title='bbox 233 407 289 429; x_wconf 92' lang='lat' dir='ltr'><strong>nes</strong></span> <span class='ocrx_word' id='word_1_57' title='bbox 305 399 549 435; x_wconf 80' lang='lat' dir='ltr'><strong>couunentaria;</strong></span> <span class='ocrx_word' id='word_1_58' title='bbox 570 400 691 436; x_wconf 79' lang='lat' dir='ltr'><strong>Basilii,</strong></span> <span class='ocrx_word' id='word_1_59' title='bbox 710 401 815 431; x_wconf 85' lang='lat' dir='ltr'><strong>meJio</strong></span> <span class='ocrx_word' id='word_1_60' title='bbox 832 402 950 432; x_wconf 59' lang='lat' dir='ltr'><strong>saeculo</strong></span> <span class='ocrx_word' id='word_1_61' title='bbox 966 402 1091 432; x_wconf 91' lang='lat' dir='ltr'><strong>decimo</strong></span> <span class='ocrx_word' id='word_1_62' title='bbox 1110 403 1255 433; x_wconf 80' lang='lat' dir='ltr'><strong>Ecclesiae</strong></span> <span class='ocrx_word' id='word_1_63' title='bbox 1270 402 1477 433; x_wconf 67' lang='lat' dir='ltr'><strong>Casariensis</strong></span> <span class='ocrx_word' id='word_1_64' title='bbox 1494 400 1634 439; x_wconf 76' lang='lat' dir='ltr'><strong>episcopi</strong></span> <span class='ocrx_word' id='word_1_65' title='bbox 1657 401 1749 439; x_wconf 71' lang='lat' dir='ltr'><strong>longe</strong></span> <span class='ocrx_word' id='word_1_66' title='bbox 1764 401 1848 437; x_wconf 71' lang='grc' dir='ltr'><strong>ομη-</strong></span> 
     </span>
    </p>
   </div>
   <div class='ocr_carea' id='block_1_8' title="bbox 234 448 1847 492">
    <p class='ocr_par' dir='ltr' id='par_1_8' title="bbox 234 448 1847 492">
     <span class='ocr_line' id='line_1_8' title="bbox 234 448 1847 492; baseline 0.003 -15"><span class='ocrx_word' id='word_1_67' title='bbox 234 448 276 478; x_wconf 86' lang='lat' dir='ltr'><strong>mi</strong></span> <span class='ocrx_word' id='word_1_68' title='bbox 295 449 484 485; x_wconf 72' lang='lat' dir='ltr'><strong>selioliastte,</strong></span> <span class='ocrx_word' id='word_1_69' title='bbox 504 449 537 479; x_wconf 93' lang='lat' dir='ltr'><strong>iu</strong></span> <span class='ocrx_word' id='word_1_70' title='bbox 555 449 634 479; x_wconf 84' lang='lat' dir='ltr'><strong>duas</strong></span> <span class='ocrx_word' id='word_1_71' title='bbox 649 459 742 488; x_wconf 82' lang='lat' dir='ltr'><strong>supra</strong></span> <span class='ocrx_word' id='word_1_72' title='bbox 766 451 975 489; x_wconf 79' lang='lat' dir='ltr'><strong>quadraginta</strong></span> <span class='ocrx_word' id='word_1_73' title='bbox 1003 451 1164 481; x_wconf 88' lang='lat' dir='ltr'><strong>orationes</strong></span> <span class='ocrx_word' id='word_1_74' title='bbox 1183 450 1325 487; x_wconf 83' lang='lat' dir='ltr'><strong>scholia;</strong></span> <span class='ocrx_word' id='word_1_75' title='bbox 1342 451 1469 481; x_wconf 88' lang='lat' dir='ltr'><strong>demum</strong></span> <span class='ocrx_word' id='word_1_76' title='bbox 1489 452 1584 482; x_wconf 88' lang='lat' dir='ltr'><strong>simul</strong></span> <span class='ocrx_word' id='word_1_77' title='bbox 1605 461 1676 482; x_wconf 91' lang='lat' dir='ltr'><strong>cum</strong></span> <span class='ocrx_word' id='word_1_78' title='bbox 1694 453 1847 492; x_wconf 80' lang='lat' dir='ltr'><strong>cperibus</strong></span> 
     </span>
    </p>
   </div>
   <div class='ocr_carea' id='block_1_9' title="bbox 233 495 1848 543">
    <p class='ocr_par' dir='ltr' id='par_1_9' title="bbox 233 495 1848 543">
     <span class='ocr_line' id='line_1_9' title="bbox 233 495 1848 543; baseline 0.002 -11"><span class='ocrx_word' id='word_1_79' title='bbox 233 501 391 540; x_wconf 72' lang='lat' dir='ltr'><strong>Gregorii,</strong></span> <span class='ocrx_word' id='word_1_80' title='bbox 410 504 481 540; x_wconf 89' lang='lat' dir='ltr'><strong>plus</strong></span> <span class='ocrx_word' id='word_1_81' title='bbox 497 507 617 541; x_wconf 78' lang='lat' dir='ltr'><strong>septem</strong></span> <span class='ocrx_word' id='word_1_82' title='bbox 635 503 837 542; x_wconf 83' lang='lat' dir='ltr'><strong>scriptorum,</strong></span> <span class='ocrx_word' id='word_1_83' title='bbox 855 512 992 543; x_wconf 90' lang='lat' dir='ltr'><strong>quorum</strong></span> <span class='ocrx_word' id='word_1_84' title='bbox 1013 512 1052 533; x_wconf 90' lang='lat' dir='ltr'><strong>ne</strong></span> <span class='ocrx_word' id='word_1_85' title='bbox 1069 503 1199 542; x_wconf 85' lang='lat' dir='ltr'><strong>quidem</strong></span> <span class='ocrx_word' id='word_1_86' title='bbox 1217 506 1288 533; x_wconf 87' lang='lat' dir='ltr'><strong>nota</strong></span> <span class='ocrx_word' id='word_1_87' title='bbox 1313 507 1388 533; x_wconf 88' lang='lat' dir='ltr'><strong>sunt</strong></span> <span class='ocrx_word' id='word_1_88' title='bbox 1407 504 1545 539; x_wconf 85' lang='lat' dir='ltr'><strong>nomina,</strong></span> <span class='ocrx_word' id='word_1_89' title='bbox 1561 495 1647 533; x_wconf 79' lang='lat' dir='ltr'><strong>fetus</strong></span> <span class='ocrx_word' id='word_1_90' title='bbox 1668 503 1848 539; x_wconf 87' lang='lat' dir='ltr'><strong>edere,imo</strong></span> 
     </span>
    </p>
   </div>
   <div class='ocr_carea' id='block_1_10' title="bbox 233 550 1849 596">
    <p class='ocr_par' dir='ltr' id='par_1_10' title="bbox 233 550 1849 596">
     <span class='ocr_line' id='line_1_10' title="bbox 233 550 1849 596; baseline 0.004 -16"><span class='ocrx_word' id='word_1_91' title='bbox 233 550 424 589; x_wconf 69' lang='lat' dir='ltr'><strong>praemittere</strong></span> <span class='ocrx_word' id='word_1_92' title='bbox 439 555 604 584; x_wconf 80' lang='lat' dir='ltr'><strong>statuerat.</strong></span> <span class='ocrx_word' id='word_1_93' title='bbox 620 553 776 594; x_wconf 85' lang='lat' dir='ltr'><strong>l&#39;leraque</strong></span> <span class='ocrx_word' id='word_1_94' title='bbox 793 559 900 593; x_wconf 84' lang='lat' dir='ltr'><strong>parata</strong></span> <span class='ocrx_word' id='word_1_95' title='bbox 915 557 1016 591; x_wconf 87' lang='lat' dir='ltr'><strong>erant,</strong></span> <span class='ocrx_word' id='word_1_96' title='bbox 1035 559 1066 586; x_wconf 88' lang='lat' dir='ltr'><strong>et</strong></span> <span class='ocrx_word' id='word_1_97' title='bbox 1079 555 1210 594; x_wconf 79' lang='lat' dir='ltr'><strong>quidem</strong></span> <span class='ocrx_word' id='word_1_98' title='bbox 1243 554 1330 594; x_wconf 87' lang='lat' dir='ltr'><strong>prelo</strong></span> <span class='ocrx_word' id='word_1_99' title='bbox 1349 555 1521 587; x_wconf 88' lang='lat' dir='ltr'><strong>maturiora</strong></span> <span class='ocrx_word' id='word_1_100' title='bbox 1536 564 1631 596; x_wconf 90' lang='lat' dir='ltr'><strong>quam</strong></span> <span class='ocrx_word' id='word_1_101' title='bbox 1647 556 1716 595; x_wconf 90' lang='lat' dir='ltr'><strong>ipsa</strong></span> <span class='ocrx_word' id='word_1_102' title='bbox 1730 557 1849 596; x_wconf 81' lang='lat' dir='ltr'><strong>Grego-</strong></span> 
     </span>
    </p>
   </div>
   <div class='ocr_carea' id='block_1_11' title="bbox 233 604 407 643">
    <p class='ocr_par' dir='ltr' id='par_1_11' title="bbox 233 604 407 643">
     <span class='ocr_line' id='line_1_11' title="bbox 233 604 407 643; baseline 0.011 -9"><span class='ocrx_word' id='word_1_103' title='bbox 233 605 272 634; x_wconf 93' lang='lat' dir='ltr'><strong>rii</strong></span> <span class='ocrx_word' id='word_1_104' title='bbox 292 604 407 643; x_wconf 83' lang='lat' dir='ltr'><strong>Opera.</strong></span> 
     </span>
    </p>
   </div>
   <div class='ocr_carea' id='block_1_12' title="bbox 271 654 1846 697">
    <p class='ocr_par' dir='ltr' id='par_1_12' title="bbox 271 654 1846 697">
     <span class='ocr_line' id='line_1_12' title="bbox 271 654 1846 697; baseline 0.001 -13"><span class='ocrx_word' id='word_1_105' title='bbox 271 654 492 686; x_wconf 83' lang='lat' dir='ltr'><strong>Intermissum</strong></span> <span class='ocrx_word' id='word_1_106' title='bbox 506 655 559 686; x_wconf 89' lang='lat' dir='ltr'><strong>diu</strong></span> <span class='ocrx_word' id='word_1_107' title='bbox 577 664 670 695; x_wconf 91' lang='lat' dir='ltr'><strong>opus,</strong></span> <span class='ocrx_word' id='word_1_108' title='bbox 689 656 815 687; x_wconf 83' lang='lat' dir='ltr'><strong>tandem</strong></span> <span class='ocrx_word' id='word_1_109' title='bbox 833 656 928 695; x_wconf 87' lang='lat' dir='ltr'><strong>longo</strong></span> <span class='ocrx_word' id='word_1_110' title='bbox 947 659 1018 695; x_wconf 91' lang='lat' dir='ltr'><strong>post</strong></span> <span class='ocrx_word' id='word_1_111' title='bbox 1037 659 1179 695; x_wconf 88' lang='lat' dir='ltr'><strong>tempore</strong></span> <span class='ocrx_word' id='word_1_112' title='bbox 1197 655 1231 686; x_wconf 92' lang='lat' dir='ltr'><strong>in</strong></span> <span class='ocrx_word' id='word_1_113' title='bbox 1247 659 1350 687; x_wconf 77' lang='lat' dir='ltr'><strong>nostri</strong></span> <span class='ocrx_word' id='word_1_114' title='bbox 1378 656 1542 688; x_wconf 81' lang='lat' dir='ltr'><strong>Prudentii</strong></span> <span class='ocrx_word' id='word_1_115' title='bbox 1559 665 1672 688; x_wconf 87' lang='lat' dir='ltr'><strong>manus</strong></span> <span class='ocrx_word' id='word_1_116' title='bbox 1688 657 1846 697; x_wconf 82' lang='lat' dir='ltr'><strong>pervenit,</strong></span> 
     </span>
    </p>
   </div>
   <div class='ocr_carea' id='block_1_13' title="bbox 234 705 1845 746">
    <p class='ocr_par' dir='ltr' id='par_1_13' title="bbox 234 705 1845 746">
     <span class='ocr_line' id='line_1_13' title="bbox 234 705 1845 746; baseline 0.002 -12"><span class='ocrx_word' id='word_1_117' title='bbox 234 705 294 736; x_wconf 90' lang='lat' dir='ltr'><strong>viri</strong></span> <span class='ocrx_word' id='word_1_118' title='bbox 314 706 492 738; x_wconf 85' lang='lat' dir='ltr'><strong>eruditione</strong></span> <span class='ocrx_word' id='word_1_119' title='bbox 507 711 537 737; x_wconf 90' lang='lat' dir='ltr'><strong>et</strong></span> <span class='ocrx_word' id='word_1_120' title='bbox 556 707 719 738; x_wconf 86' lang='lat' dir='ltr'><strong>laboribus</strong></span> <span class='ocrx_word' id='word_1_121' title='bbox 737 708 886 738; x_wconf 85' lang='lat' dir='ltr'><strong>Ecclesiae</strong></span> <span class='ocrx_word' id='word_1_122' title='bbox 900 707 1028 738; x_wconf 82' lang='lat' dir='ltr'><strong>utilitati</strong></span> <span class='ocrx_word' id='word_1_123' title='bbox 1043 707 1197 746; x_wconf 80' lang='lat' dir='ltr'><strong>impensis</strong></span> <span class='ocrx_word' id='word_1_124' title='bbox 1215 729 1223 741; x_wconf 88' lang='lat'><strong><em>.</em></strong></span> <span class='ocrx_word' id='word_1_125' title='bbox 1243 716 1358 746; x_wconf 89' lang='lat' dir='ltr'><strong>nempe</strong></span> <span class='ocrx_word' id='word_1_126' title='bbox 1371 707 1504 738; x_wconf 89' lang='lat' dir='ltr'><strong>edendis</strong></span> <span class='ocrx_word' id='word_1_127' title='bbox 1519 711 1700 738; x_wconf 87' lang='lat' dir='ltr'><strong>sanctorum</strong></span> <span class='ocrx_word' id='word_1_128' title='bbox 1718 708 1845 738; x_wconf 82' lang='lat' dir='ltr'><strong>Patrum</strong></span> 
     </span>
    </p>
   </div>
   <div class='ocr_carea' id='block_1_14' title="bbox 233 754 1848 795">
    <p class='ocr_par' dir='ltr' id='par_1_14' title="bbox 233 754 1848 795">
     <span class='ocr_line' id='line_1_14' title="bbox 233 754 1848 795; baseline 0.001 -9"><span class='ocrx_word' id='word_1_129' title='bbox 233 754 373 793; x_wconf 80' lang='lat' dir='ltr'><strong>scriptis,</strong></span> <span class='ocrx_word' id='word_1_130' title='bbox 390 756 572 787; x_wconf 86' lang='lat' dir='ltr'><strong>clarissimi.</strong></span> <span class='ocrx_word' id='word_1_131' title='bbox 590 757 691 787; x_wconf 88' lang='lat' dir='ltr'><strong>Nemo</strong></span> <span class='ocrx_word' id='word_1_132' title='bbox 717 761 801 788; x_wconf 91' lang='lat' dir='ltr'><strong>certe</strong></span> <span class='ocrx_word' id='word_1_133' title='bbox 824 766 840 788; x_wconf 90' lang='lat' dir='ltr'><strong>e</strong></span> <span class='ocrx_word' id='word_1_134' title='bbox 856 759 975 788; x_wconf 89' lang='lat' dir='ltr'><strong>nostris</strong></span> <span class='ocrx_word' id='word_1_135' title='bbox 998 757 1036 788; x_wconf 88' lang='lat' dir='ltr'><strong>ad</strong></span> <span class='ocrx_word' id='word_1_136' title='bbox 1064 756 1208 795; x_wconf 82' lang='lat' dir='ltr'><strong>Gregorii</strong></span> <span class='ocrx_word' id='word_1_137' title='bbox 1226 756 1400 787; x_wconf 87' lang='lat' dir='ltr'><strong>editionem</strong></span> <span class='ocrx_word' id='word_1_138' title='bbox 1418 757 1681 792; x_wconf 78' lang='lat' dir='ltr'><strong>concinnandam,</strong></span> <span class='ocrx_word' id='word_1_139' title='bbox 1699 760 1729 787; x_wconf 90' lang='lat' dir='ltr'><strong>et</strong></span> <span class='ocrx_word' id='word_1_140' title='bbox 1744 757 1782 787; x_wconf 87' lang='lat' dir='ltr'><strong>ad</strong></span> <span class='ocrx_word' id='word_1_141' title='bbox 1799 757 1848 786; x_wconf 92' lang='lat' dir='ltr'><strong>in-</strong></span> 
     </span>
    </p>
   </div>
   <div class='ocr_carea' id='block_1_15' title="bbox 231 807 1850 847">
    <p class='ocr_par' dir='ltr' id='par_1_15' title="bbox 231 807 1850 847">
     <span class='ocr_line' id='line_1_15' title="bbox 231 807 1850 847; baseline 0.001 -11"><span class='ocrx_word' id='word_1_142' title='bbox 231 809 355 845; x_wconf 89' lang='lat' dir='ltr'><strong>ceptum</strong></span> <span class='ocrx_word' id='word_1_143' title='bbox 375 815 455 846; x_wconf 90' lang='lat' dir='ltr'><strong>opus</strong></span> <span class='ocrx_word' id='word_1_144' title='bbox 472 807 556 838; x_wconf 85' lang='lat' dir='ltr'><strong>istud</strong></span> <span class='ocrx_word' id='word_1_145' title='bbox 581 807 808 846; x_wconf 79' lang='lat' dir='ltr'><strong>perﬁciendum</strong></span> <span class='ocrx_word' id='word_1_146' title='bbox 825 809 926 847; x_wconf 85' lang='lat' dir='ltr'><strong>magis</strong></span> <span class='ocrx_word' id='word_1_147' title='bbox 953 809 1100 840; x_wconf 89' lang='lat' dir='ltr'><strong>idoneus.</strong></span> <span class='ocrx_word' id='word_1_148' title='bbox 1118 809 1236 838; x_wconf 89' lang='lat' dir='ltr'><strong>Verum</strong></span> <span class='ocrx_word' id='word_1_149' title='bbox 1254 811 1403 846; x_wconf 84' lang='lat' dir='ltr'><strong>suscepto</strong></span> <span class='ocrx_word' id='word_1_150' title='bbox 1416 808 1504 847; x_wconf 89' lang='lat' dir='ltr'><strong>operi</strong></span> <span class='ocrx_word' id='word_1_151' title='bbox 1524 808 1628 838; x_wconf 87' lang='lat' dir='ltr'><strong>serius</strong></span> <span class='ocrx_word' id='word_1_152' title='bbox 1647 816 1774 838; x_wconf 81' lang='lat' dir='ltr'><strong>manum</strong></span> <span class='ocrx_word' id='word_1_153' title='bbox 1794 807 1850 838; x_wconf 86' lang='lat' dir='ltr'><strong>ad-</strong></span> 
     </span>
    </p>
   </div>
   <div class='ocr_carea' id='block_1_16' title="bbox 232 855 1848 901">
    <p class='ocr_par' dir='ltr' id='par_1_16' title="bbox 232 855 1848 901">
     <span class='ocr_line' id='line_1_16' title="bbox 232 855 1848 901; baseline 0.003 -16"><span class='ocrx_word' id='word_1_154' title='bbox 232 855 344 892; x_wconf 86' lang='lat' dir='ltr'><strong>movit,</strong></span> <span class='ocrx_word' id='word_1_155' title='bbox 362 865 421 887; x_wconf 89' lang='lat' dir='ltr'><strong>nec</strong></span> <span class='ocrx_word' id='word_1_156' title='bbox 437 857 571 889; x_wconf 90' lang='lat' dir='ltr'><strong>multum</strong></span> <span class='ocrx_word' id='word_1_157' title='bbox 588 861 789 892; x_wconf 80' lang='lat' dir='ltr'><strong>acceleravit.</strong></span> <span class='ocrx_word' id='word_1_158' title='bbox 808 861 972 892; x_wconf 88' lang='lat' dir='ltr'><strong>Delectum</strong></span> <span class='ocrx_word' id='word_1_159' title='bbox 993 861 1161 901; x_wconf 85' lang='lat' dir='ltr'><strong>quemdam</strong></span> <span class='ocrx_word' id='word_1_160' title='bbox 1180 861 1338 892; x_wconf 86' lang='lat' dir='ltr'><strong>variarum</strong></span> <span class='ocrx_word' id='word_1_161' title='bbox 1356 861 1529 891; x_wconf 86' lang='lat' dir='ltr'><strong>lectionum</strong></span> <span class='ocrx_word' id='word_1_162' title='bbox 1544 883 1552 897; x_wconf 87' lang='lat'><strong>,</strong></span> <span class='ocrx_word' id='word_1_163' title='bbox 1577 870 1711 901; x_wconf 87' lang='lat' dir='ltr'><strong>quarum</strong></span> <span class='ocrx_word' id='word_1_164' title='bbox 1739 859 1848 890; x_wconf 83' lang='lat' dir='ltr'><strong>ﬂorem</strong></span> 
     </span>
    </p>
   </div>
   <div class='ocr_carea' id='block_1_17' title="bbox 232 907 1848 952">
    <p class='ocr_par' dir='ltr' id='par_1_17' title="bbox 232 907 1848 952">
     <span class='ocr_line' id='line_1_17' title="bbox 232 907 1848 952; baseline 0.002 -14"><span class='ocrx_word' id='word_1_165' title='bbox 232 907 403 943; x_wconf 80' lang='lat' dir='ltr'><strong>libaverat,</strong></span> <span class='ocrx_word' id='word_1_166' title='bbox 421 910 491 949; x_wconf 84' lang='lat' dir='ltr'><strong>ejus</strong></span> <span class='ocrx_word' id='word_1_167' title='bbox 506 920 598 942; x_wconf 89' lang='lat' dir='ltr'><strong>manu</strong></span> <span class='ocrx_word' id='word_1_168' title='bbox 617 912 785 951; x_wconf 90' lang='lat' dir='ltr'><strong>scriptum,</strong></span> <span class='ocrx_word' id='word_1_169' title='bbox 811 917 840 943; x_wconf 89' lang='lat' dir='ltr'><strong>et</strong></span> <span class='ocrx_word' id='word_1_170' title='bbox 858 913 993 952; x_wconf 88' lang='lat' dir='ltr'><strong>plurima</strong></span> <span class='ocrx_word' id='word_1_171' title='bbox 1010 913 1150 944; x_wconf 79' lang='lat' dir='ltr'><strong>carmina</strong></span> <span class='ocrx_word' id='word_1_172' title='bbox 1164 935 1173 951; x_wconf 89' lang='lat'><strong>,</strong></span> <span class='ocrx_word' id='word_1_173' title='bbox 1189 921 1261 952; x_wconf 84' lang='lat' dir='ltr'><strong>quae</strong></span> <span class='ocrx_word' id='word_1_174' title='bbox 1283 913 1391 943; x_wconf 87' lang='lat' dir='ltr'><strong>stricta</strong></span> <span class='ocrx_word' id='word_1_175' title='bbox 1407 913 1553 943; x_wconf 88' lang='lat' dir='ltr'><strong>oratione</strong></span> <span class='ocrx_word' id='word_1_176' title='bbox 1570 916 1706 944; x_wconf 82' lang='lat' dir='ltr'><strong>verterat</strong></span> <span class='ocrx_word' id='word_1_177' title='bbox 1723 911 1848 947; x_wconf 84' lang='lat' dir='ltr'><strong>Billius,</strong></span> 
     </span>
    </p>
   </div>
   <div class='ocr_carea' id='block_1_18' title="bbox 232 959 985 1001">
    <p class='ocr_par' dir='ltr' id='par_1_18' title="bbox 232 959 985 1001">
     <span class='ocr_line' id='line_1_18' title="bbox 232 959 985 1001; baseline 0.005 -12"><span class='ocrx_word' id='word_1_178' title='bbox 232 959 270 989; x_wconf 80' lang='lat' dir='ltr'><strong>ab</strong></span> <span class='ocrx_word' id='word_1_179' title='bbox 290 959 358 996; x_wconf 90' lang='lat' dir='ltr'><strong>ipso</strong></span> <span class='ocrx_word' id='word_1_180' title='bbox 377 959 480 990; x_wconf 71' lang='lat' dir='ltr'><strong>SOlJiﬂ</strong></span> <span class='ocrx_word' id='word_1_181' title='bbox 496 961 640 992; x_wconf 89' lang='lat' dir='ltr'><strong>oratione</strong></span> <span class='ocrx_word' id='word_1_182' title='bbox 657 962 778 993; x_wconf 84' lang='lat' dir='ltr'><strong>reddita</strong></span> <span class='ocrx_word' id='word_1_183' title='bbox 797 963 985 1001; x_wconf 90' lang='lat' dir='ltr'><strong>reperimus.</strong></span> 
     </span>
    </p>
   </div>
   <div class='ocr_carea' id='block_1_19' title="bbox 271 1008 1850 1055">
    <p class='ocr_par' dir='ltr' id='par_1_19' title="bbox 271 1008 1850 1055">
     <span class='ocr_line' id='line_1_19' title="bbox 271 1008 1850 1055; baseline -0.003 -13"><span class='ocrx_word' id='word_1_184' title='bbox 271 1012 407 1042; x_wconf 86' lang='lat' dir='ltr'><strong>Mullum</strong></span> <span class='ocrx_word' id='word_1_185' title='bbox 425 1013 528 1045; x_wconf 87' lang='lat' dir='ltr'><strong>adhuc</strong></span> <span class='ocrx_word' id='word_1_186' title='bbox 543 1021 647 1052; x_wconf 76' lang='lat' dir='ltr'><strong>operte</strong></span> <span class='ocrx_word' id='word_1_187' title='bbox 663 1019 692 1045; x_wconf 89' lang='lat' dir='ltr'><strong>et</strong></span> <span class='ocrx_word' id='word_1_188' title='bbox 710 1015 827 1046; x_wconf 89' lang='lat' dir='ltr'><strong>laboris</strong></span> <span class='ocrx_word' id='word_1_189' title='bbox 847 1015 1098 1055; x_wconf 74' lang='lat' dir='ltr'><strong>impenulendum</strong></span> <span class='ocrx_word' id='word_1_190' title='bbox 1118 1018 1284 1054; x_wconf 88' lang='lat' dir='ltr'><strong>supererat</strong></span> <span class='ocrx_word' id='word_1_191' title='bbox 1297 1036 1305 1050; x_wconf 93' lang='lat'><strong>,</strong></span> <span class='ocrx_word' id='word_1_192' title='bbox 1322 1014 1358 1044; x_wconf 83' lang='lat' dir='ltr'><strong>ad</strong></span> <span class='ocrx_word' id='word_1_193' title='bbox 1383 1011 1601 1052; x_wconf 81' lang='lat' dir='ltr'><strong>perﬁciendam</strong></span> <span class='ocrx_word' id='word_1_194' title='bbox 1618 1010 1756 1048; x_wconf 86' lang='lat' dir='ltr'><strong>Operum</strong></span> <span class='ocrx_word' id='word_1_195' title='bbox 1772 1008 1850 1040; x_wconf 86' lang='lat' dir='ltr'><strong>Gre-</strong></span> 
     </span>
    </p>
   </div>
   <div class='ocr_carea' id='block_1_20' title="bbox 228 1059 1849 1106">
    <p class='ocr_par' dir='ltr' id='par_1_20' title="bbox 228 1059 1849 1106">
     <span class='ocr_line' id='line_1_20' title="bbox 228 1059 1849 1106; baseline 0 -16"><span class='ocrx_word' id='word_1_196' title='bbox 228 1059 314 1102; x_wconf 69' lang='lat' dir='ltr'><strong>gorii</strong></span> <span class='ocrx_word' id='word_1_197' title='bbox 331 1064 517 1095; x_wconf 87' lang='lat' dir='ltr'><strong>editionem.</strong></span> <span class='ocrx_word' id='word_1_198' title='bbox 538 1065 651 1096; x_wconf 85' lang='lat' dir='ltr'><strong>Collati</strong></span> <span class='ocrx_word' id='word_1_199' title='bbox 669 1067 798 1106; x_wconf 89' lang='lat' dir='ltr'><strong>quidem</strong></span> <span class='ocrx_word' id='word_1_200' title='bbox 816 1072 904 1099; x_wconf 86' lang='lat' dir='ltr'><strong>erant</strong></span> <span class='ocrx_word' id='word_1_201' title='bbox 922 1076 1015 1098; x_wconf 87' lang='lat' dir='ltr'><strong>manu</strong></span> <span class='ocrx_word' id='word_1_202' title='bbox 1031 1067 1149 1098; x_wconf 78' lang='lat' dir='ltr'><strong>exarati</strong></span> <span class='ocrx_word' id='word_1_203' title='bbox 1169 1067 1296 1098; x_wconf 87' lang='lat' dir='ltr'><strong>codices</strong></span> <span class='ocrx_word' id='word_1_204' title='bbox 1310 1066 1501 1101; x_wconf 81' lang='lat' dir='ltr'><strong>orationum,</strong></span> <span class='ocrx_word' id='word_1_205' title='bbox 1519 1063 1722 1104; x_wconf 85' lang='lat' dir='ltr'><strong>epistolarum</strong></span> <span class='ocrx_word' id='word_1_206' title='bbox 1737 1064 1766 1091; x_wconf 91' lang='lat' dir='ltr'><strong>et</strong></span> <span class='ocrx_word' id='word_1_207' title='bbox 1782 1069 1849 1091; x_wconf 90' lang='lat' dir='ltr'><strong>car-</strong></span> 
     </span>
    </p>
   </div>
   <div class='ocr_carea' id='block_1_21' title="bbox 233 1112 1849 1155">
    <p class='ocr_par' dir='ltr' id='par_1_21' title="bbox 233 1112 1849 1155">
     <span class='ocr_line' id='line_1_21' title="bbox 233 1112 1849 1155; baseline -0.001 -13"><span class='ocrx_word' id='word_1_208' title='bbox 233 1113 354 1144; x_wconf 90' lang='lat' dir='ltr'><strong>minum</strong></span> <span class='ocrx_word' id='word_1_209' title='bbox 369 1125 377 1150; x_wconf 89' lang='lat'><strong>;</strong></span> <span class='ocrx_word' id='word_1_210' title='bbox 395 1115 448 1143; x_wconf 87' lang='lat' dir='ltr'><strong>sed</strong></span> <span class='ocrx_word' id='word_1_211' title='bbox 466 1114 724 1147; x_wconf 74' lang='lat' dir='ltr'><strong>variaelecliones</strong></span> <span class='ocrx_word' id='word_1_212' title='bbox 737 1117 841 1148; x_wconf 80' lang='lat' dir='ltr'><strong>adhuc</strong></span> <span class='ocrx_word' id='word_1_213' title='bbox 858 1117 1030 1155; x_wconf 82' lang='lat' dir='ltr'><strong>dissipatae,</strong></span> <span class='ocrx_word' id='word_1_214' title='bbox 1043 1118 1076 1148; x_wconf 92' lang='lat' dir='ltr'><strong>in</strong></span> <span class='ocrx_word' id='word_1_215' title='bbox 1095 1117 1212 1148; x_wconf 83' lang='lat' dir='ltr'><strong>chartis</strong></span> <span class='ocrx_word' id='word_1_216' title='bbox 1230 1120 1351 1148; x_wconf 88' lang='lat' dir='ltr'><strong>tantum</strong></span> <span class='ocrx_word' id='word_1_217' title='bbox 1370 1116 1547 1155; x_wconf 66' lang='lat' dir='ltr'><strong>descriptae,</strong></span> <span class='ocrx_word' id='word_1_218' title='bbox 1561 1114 1694 1144; x_wconf 89' lang='lat' dir='ltr'><strong>necdum</strong></span> <span class='ocrx_word' id='word_1_219' title='bbox 1711 1112 1746 1142; x_wconf 90' lang='lat' dir='ltr'><strong>ad</strong></span> <span class='ocrx_word' id='word_1_220' title='bbox 1761 1118 1849 1141; x_wconf 81' lang='lat' dir='ltr'><strong>oram</strong></span> 
     </span>
    </p>
   </div>
   <div class='ocr_carea' id='block_1_22' title="bbox 232 1163 1849 1208">
    <p class='ocr_par' dir='ltr' id='par_1_22' title="bbox 232 1163 1849 1208">
     <span class='ocr_line' id='line_1_22' title="bbox 232 1163 1849 1208; baseline 0 -16"><span class='ocrx_word' id='word_1_221' title='bbox 232 1163 426 1201; x_wconf 82' lang='lat' dir='ltr'><strong>exemplaris</strong></span> <span class='ocrx_word' id='word_1_222' title='bbox 444 1164 557 1196; x_wconf 87' lang='lat' dir='ltr'><strong>edendi</strong></span> <span class='ocrx_word' id='word_1_223' title='bbox 573 1168 716 1207; x_wconf 72' lang='lat' dir='ltr'><strong>appictae.</strong></span> <span class='ocrx_word' id='word_1_224' title='bbox 732 1170 1007 1206; x_wconf 86' lang='lat' dir='ltr'><strong>Quemadmodum</strong></span> <span class='ocrx_word' id='word_1_225' title='bbox 1027 1170 1211 1208; x_wconf 82' lang='lat' dir='ltr'><strong>priusquam</strong></span> <span class='ocrx_word' id='word_1_226' title='bbox 1229 1169 1344 1200; x_wconf 88' lang='lat' dir='ltr'><strong>domus</strong></span> <span class='ocrx_word' id='word_1_227' title='bbox 1362 1168 1548 1204; x_wconf 76' lang='lat' dir='ltr'><strong>mditicetur,</strong></span> <span class='ocrx_word' id='word_1_228' title='bbox 1565 1175 1614 1197; x_wconf 88' lang='lat' dir='ltr'><strong>res</strong></span> <span class='ocrx_word' id='word_1_229' title='bbox 1628 1165 1665 1196; x_wconf 90' lang='lat' dir='ltr'><strong>ad</strong></span> <span class='ocrx_word' id='word_1_230' title='bbox 1692 1163 1849 1195; x_wconf 57' lang='lat' dir='ltr'><strong>aediﬁcan-</strong></span> 
     </span>
    </p>
   </div>
   <div class='ocr_carea' id='block_1_23' title="bbox 232 1212 1846 1258">
    <p class='ocr_par' dir='ltr' id='par_1_23' title="bbox 232 1212 1846 1258">
     <span class='ocr_line' id='line_1_23' title="bbox 232 1212 1846 1258; baseline 0.001 -17"><span class='ocrx_word' id='word_1_231' title='bbox 232 1212 310 1241; x_wconf 90' lang='lat' dir='ltr'><strong>dum</strong></span> <span class='ocrx_word' id='word_1_232' title='bbox 329 1214 533 1250; x_wconf 79' lang='lat' dir='ltr'><strong>necessariae,</strong></span> <span class='ocrx_word' id='word_1_233' title='bbox 551 1217 678 1247; x_wconf 88' lang='lat' dir='ltr'><strong>materia</strong></span> <span class='ocrx_word' id='word_1_234' title='bbox 695 1240 703 1254; x_wconf 95' lang='lat'><strong>,</strong></span> <span class='ocrx_word' id='word_1_235' title='bbox 719 1219 800 1254; x_wconf 84' lang='lat' dir='ltr'><strong>calx,</strong></span> <span class='ocrx_word' id='word_1_236' title='bbox 814 1223 975 1254; x_wconf 65' lang='lat' dir='ltr'><strong>crementa,</strong></span> <span class='ocrx_word' id='word_1_237' title='bbox 993 1219 1086 1257; x_wconf 81' lang='lat' dir='ltr'><strong>ligna,</strong></span> <span class='ocrx_word' id='word_1_238' title='bbox 1105 1222 1134 1249; x_wconf 92' lang='lat' dir='ltr'><strong>et</strong></span> <span class='ocrx_word' id='word_1_239' title='bbox 1151 1227 1352 1258; x_wconf 68' lang='lat' dir='ltr'><strong>quaecunque</strong></span> <span class='ocrx_word' id='word_1_240' title='bbox 1370 1216 1538 1248; x_wconf 74' lang='lat' dir='ltr'><strong>aedificanti</strong></span> <span class='ocrx_word' id='word_1_241' title='bbox 1554 1219 1629 1246; x_wconf 90' lang='lat' dir='ltr'><strong>sunt</strong></span> <span class='ocrx_word' id='word_1_242' title='bbox 1645 1212 1823 1245; x_wconf 85' lang='lat' dir='ltr'><strong>necessaria</strong></span> <span class='ocrx_word' id='word_1_243' title='bbox 1837 1233 1846 1246; x_wconf 87' lang='lat'>.</span> 
     </span>
    </p>
   </div>
   <div class='ocr_carea' id='block_1_24' title="bbox 231 1265 1848 1309">
    <p class='ocr_par' dir='ltr' id='par_1_24' title="bbox 231 1265 1848 1309">
     <span class='ocr_line' id='line_1_24' title="bbox 231 1265 1848 1309; baseline 0.003 -18"><span class='ocrx_word' id='word_1_244' title='bbox 231 1267 464 1300; x_wconf 68' lang='lat' dir='ltr'><strong>praeparantur:</strong></span> <span class='ocrx_word' id='word_1_245' title='bbox 493 1265 537 1295; x_wconf 90' lang='lat' dir='ltr'><strong>sic</strong></span> <span class='ocrx_word' id='word_1_246' title='bbox 553 1274 623 1304; x_wconf 63' lang='lat' dir='ltr'><strong>quae</strong></span> <span class='ocrx_word' id='word_1_247' title='bbox 648 1269 684 1298; x_wconf 85' lang='lat' dir='ltr'><strong>ad</strong></span> <span class='ocrx_word' id='word_1_248' title='bbox 706 1270 880 1300; x_wconf 82' lang='lat' dir='ltr'><strong>editionem</strong></span> <span class='ocrx_word' id='word_1_249' title='bbox 898 1270 1041 1308; x_wconf 82' lang='lat' dir='ltr'><strong>Gregorii</strong></span> <span class='ocrx_word' id='word_1_250' title='bbox 1061 1270 1253 1306; x_wconf 83' lang='lat' dir='ltr'><strong>necessaria,</strong></span> <span class='ocrx_word' id='word_1_251' title='bbox 1272 1274 1443 1309; x_wconf 73' lang='lat' dir='ltr'><strong>prmparala</strong></span> <span class='ocrx_word' id='word_1_252' title='bbox 1461 1271 1604 1309; x_wconf 85' lang='lat' dir='ltr'><strong>quidem,</strong></span> <span class='ocrx_word' id='word_1_253' title='bbox 1624 1268 1679 1299; x_wconf 86' lang='lat' dir='ltr'><strong>sed</strong></span> <span class='ocrx_word' id='word_1_254' title='bbox 1704 1267 1848 1298; x_wconf 89' lang='lat' dir='ltr'><strong>nondum</strong></span> 
     </span>
    </p>
   </div>
   <div class='ocr_carea' id='block_1_25' title="bbox 233 1313 1847 1358">
    <p class='ocr_par' dir='ltr' id='par_1_25' title="bbox 233 1313 1847 1358">
     <span class='ocr_line' id='line_1_25' title="bbox 233 1313 1847 1358; baseline 0.003 -18"><span class='ocrx_word' id='word_1_255' title='bbox 233 1315 359 1342; x_wconf 86' lang='lat' dir='ltr'><strong>tractata</strong></span> <span class='ocrx_word' id='word_1_256' title='bbox 377 1318 407 1342; x_wconf 87' lang='lat' dir='ltr'><strong>et</strong></span> <span class='ocrx_word' id='word_1_257' title='bbox 422 1313 580 1345; x_wconf 73' lang='lat' dir='ltr'><strong>elaborata</strong></span> <span class='ocrx_word' id='word_1_258' title='bbox 600 1326 608 1345; x_wconf 73' lang='grc' dir='ltr'>ι</span> <span class='ocrx_word' id='word_1_259' title='bbox 634 1318 727 1348; x_wconf 70' lang='lat' dir='ltr'><strong>variae</strong></span> <span class='ocrx_word' id='word_1_260' title='bbox 744 1318 897 1349; x_wconf 86' lang='lat' dir='ltr'><strong>lectiones</strong></span> <span class='ocrx_word' id='word_1_261' title='bbox 912 1319 1062 1349; x_wconf 83' lang='lat' dir='ltr'><strong>sanandis</strong></span> <span class='ocrx_word' id='word_1_262' title='bbox 1081 1319 1179 1349; x_wconf 81' lang='lat' dir='ltr'><strong>Graeci</strong></span> <span class='ocrx_word' id='word_1_263' title='bbox 1197 1322 1301 1349; x_wconf 86' lang='lat' dir='ltr'><strong>textus</strong></span> <span class='ocrx_word' id='word_1_264' title='bbox 1321 1319 1398 1349; x_wconf 88' lang='lat' dir='ltr'><strong>locis</strong></span> <span class='ocrx_word' id='word_1_265' title='bbox 1413 1319 1590 1356; x_wconf 81' lang='lat' dir='ltr'><strong>depravatis</strong></span> <span class='ocrx_word' id='word_1_266' title='bbox 1615 1321 1726 1358; x_wconf 66' lang='lat' dir='ltr'><strong>praesto</strong></span> <span class='ocrx_word' id='word_1_267' title='bbox 1746 1319 1847 1351; x_wconf 83' lang='lat' dir='ltr'><strong>erant,</strong></span> 
     </span>
    </p>
   </div>
   <div class='ocr_carea' id='block_1_26' title="bbox 233 1361 1845 1407">
    <p class='ocr_par' dir='ltr' id='par_1_26' title="bbox 233 1361 1845 1407">
     <span class='ocr_line' id='line_1_26' title="bbox 233 1361 1845 1407; baseline 0.003 -17"><span class='ocrx_word' id='word_1_268' title='bbox 233 1361 288 1390; x_wconf 82' lang='lat' dir='ltr'><strong>sed</strong></span> <span class='ocrx_word' id='word_1_269' title='bbox 307 1361 447 1391; x_wconf 83' lang='lat' dir='ltr'><strong>nondum</strong></span> <span class='ocrx_word' id='word_1_270' title='bbox 473 1363 645 1402; x_wconf 66' lang='lat' dir='ltr'><strong>adhibitae;</strong></span> <span class='ocrx_word' id='word_1_271' title='bbox 663 1367 808 1406; x_wconf 75' lang='lat' dir='ltr'><strong>adeoque</strong></span> <span class='ocrx_word' id='word_1_272' title='bbox 825 1367 1044 1397; x_wconf 82' lang='lat' dir='ltr'><strong>emendandus</strong></span> <span class='ocrx_word' id='word_1_273' title='bbox 1069 1372 1235 1406; x_wconf 81' lang='lat' dir='ltr'><strong>supererat</strong></span> <span class='ocrx_word' id='word_1_274' title='bbox 1254 1372 1360 1399; x_wconf 84' lang='lat' dir='ltr'><strong>textus</strong></span> <span class='ocrx_word' id='word_1_275' title='bbox 1377 1390 1385 1404; x_wconf 91' lang='lat'><strong>,</strong></span> <span class='ocrx_word' id='word_1_276' title='bbox 1402 1369 1598 1399; x_wconf 83' lang='lat' dir='ltr'><strong>emendanda</strong></span> <span class='ocrx_word' id='word_1_277' title='bbox 1616 1376 1746 1407; x_wconf 83' lang='lat' dir='ltr'><strong>quoque</strong></span> <span class='ocrx_word' id='word_1_278' title='bbox 1763 1365 1845 1395; x_wconf 80' lang='lat' dir='ltr'><strong>Billii</strong></span> 
     </span>
    </p>
   </div>
   <div class='ocr_carea' id='block_1_27' title="bbox 233 1411 1847 1456">
    <p class='ocr_par' dir='ltr' id='par_1_27' title="bbox 233 1411 1847 1456">
     <span class='ocr_line' id='line_1_27' title="bbox 233 1411 1847 1456; baseline 0.003 -16"><span class='ocrx_word' id='word_1_279' title='bbox 233 1411 464 1450; x_wconf 84' lang='lat' dir='ltr'><strong>interpretatio.</strong></span> <span class='ocrx_word' id='word_1_280' title='bbox 478 1412 702 1446; x_wconf 84' lang='lat' dir='ltr'><strong>Concinuanda</strong></span> <span class='ocrx_word' id='word_1_281' title='bbox 720 1421 785 1446; x_wconf 85' lang='lat' dir='ltr'><strong>erat</strong></span> <span class='ocrx_word' id='word_1_282' title='bbox 805 1416 863 1446; x_wconf 88' lang='lat' dir='ltr'><strong>vita</strong></span> <span class='ocrx_word' id='word_1_283' title='bbox 877 1416 1046 1455; x_wconf 78' lang='lat' dir='ltr'><strong>Gregorii;</strong></span> <span class='ocrx_word' id='word_1_284' title='bbox 1067 1417 1104 1447; x_wconf 86' lang='lat' dir='ltr'><strong>ad</strong></span> <span class='ocrx_word' id='word_1_285' title='bbox 1126 1417 1211 1455; x_wconf 85' lang='lat' dir='ltr'><strong>quod</strong></span> <span class='ocrx_word' id='word_1_286' title='bbox 1229 1426 1310 1456; x_wconf 88' lang='lat' dir='ltr'><strong>opus</strong></span> <span class='ocrx_word' id='word_1_287' title='bbox 1328 1418 1501 1455; x_wconf 76' lang='lat' dir='ltr'><strong>fragmenta</strong></span> <span class='ocrx_word' id='word_1_288' title='bbox 1522 1419 1636 1449; x_wconf 86' lang='lat' dir='ltr'><strong>Gallica</strong></span> <span class='ocrx_word' id='word_1_289' title='bbox 1650 1414 1847 1448; x_wconf 83' lang='lat' dir='ltr'><strong>TillemOutii</strong></span> 
     </span>
    </p>
   </div>
   <div class='ocr_carea' id='block_1_28' title="bbox 226 1465 1846 1505">
    <p class='ocr_par' dir='ltr' id='par_1_28' title="bbox 226 1465 1846 1505">
     <span class='ocr_line' id='line_1_28' title="bbox 226 1465 1846 1505; baseline 0 -11"><span class='ocrx_word' id='word_1_290' title='bbox 226 1465 634 1505; x_wconf 56' lang='lat' dir='ltr'><strong>commentariorumque;</strong></span> <span class='ocrx_word' id='word_1_291' title='bbox 648 1474 762 1495; x_wconf 87' lang='lat' dir='ltr'><strong>onmes</strong></span> <span class='ocrx_word' id='word_1_292' title='bbox 788 1466 858 1495; x_wconf 74' lang='lat' dir='ltr'><strong>vitm</strong></span> <span class='ocrx_word' id='word_1_293' title='bbox 877 1465 978 1504; x_wconf 80' lang='lat' dir='ltr'><strong>ipsius</strong></span> <span class='ocrx_word' id='word_1_294' title='bbox 997 1475 1099 1496; x_wconf 85' lang='lat' dir='ltr'><strong>annos</strong></span> <span class='ocrx_word' id='word_1_295' title='bbox 1115 1467 1247 1497; x_wconf 89' lang='lat' dir='ltr'><strong>minime</strong></span> <span class='ocrx_word' id='word_1_296' title='bbox 1273 1467 1540 1504; x_wconf 88' lang='lat' dir='ltr'><strong>complectuntur,</strong></span> <span class='ocrx_word' id='word_1_297' title='bbox 1559 1466 1714 1505; x_wconf 66' lang='lat' dir='ltr'><strong>praecipue</strong></span> <span class='ocrx_word' id='word_1_298' title='bbox 1730 1473 1846 1502; x_wconf 86' lang='lat' dir='ltr'><strong>suppe—</strong></span> 
     </span>
    </p>
   </div>
   <div class='ocr_carea' id='block_1_29' title="bbox 235 1515 1847 1557">
    <p class='ocr_par' dir='ltr' id='par_1_29' title="bbox 235 1515 1847 1557">
     <span class='ocr_line' id='line_1_29' title="bbox 235 1515 1847 1557; baseline 0 -13"><span class='ocrx_word' id='word_1_299' title='bbox 235 1515 355 1545; x_wconf 82' lang='lat' dir='ltr'><strong>tebant.</strong></span> <span class='ocrx_word' id='word_1_300' title='bbox 370 1515 458 1546; x_wconf 66' lang='lat' dir='ltr'><strong>Notae</strong></span> <span class='ocrx_word' id='word_1_301' title='bbox 478 1517 544 1547; x_wconf 85' lang='lat' dir='ltr'><strong>sive</strong></span> <span class='ocrx_word' id='word_1_302' title='bbox 559 1516 819 1552; x_wconf 82' lang='lat' dir='ltr'><strong>observationes,</strong></span> <span class='ocrx_word' id='word_1_303' title='bbox 833 1517 960 1555; x_wconf 85' lang='lat' dir='ltr'><strong>aliaque</strong></span> <span class='ocrx_word' id='word_1_304' title='bbox 978 1517 1113 1555; x_wconf 89' lang='lat' dir='ltr'><strong>plurima</strong></span> <span class='ocrx_word' id='word_1_305' title='bbox 1133 1525 1204 1556; x_wconf 65' lang='lat' dir='ltr'><strong>quae</strong></span> <span class='ocrx_word' id='word_1_306' title='bbox 1221 1517 1430 1557; x_wconf 90' lang='lat' dir='ltr'><strong>requiruntur</strong></span> <span class='ocrx_word' id='word_1_307' title='bbox 1448 1516 1484 1547; x_wconf 91' lang='lat' dir='ltr'><strong>ad</strong></span> <span class='ocrx_word' id='word_1_308' title='bbox 1504 1517 1690 1554; x_wconf 84' lang='lat' dir='ltr'><strong>editionem,</strong></span> <span class='ocrx_word' id='word_1_309' title='bbox 1706 1516 1847 1546; x_wconf 85' lang='lat' dir='ltr'><strong>nondum</strong></span> 
     </span>
    </p>
   </div>
   <div class='ocr_carea' id='block_1_30' title="bbox 233 1567 1248 1607">
    <p class='ocr_par' dir='ltr' id='par_1_30' title="bbox 233 1567 1248 1607">
     <span class='ocr_line' id='line_1_30' title="bbox 233 1567 1248 1607; baseline 0.002 -11"><span class='ocrx_word' id='word_1_310' title='bbox 233 1567 415 1597; x_wconf 80' lang='lat' dir='ltr'><strong>elaborata:</strong></span> <span class='ocrx_word' id='word_1_311' title='bbox 435 1567 498 1598; x_wconf 66' lang='lat' dir='ltr'><strong>haec</strong></span> <span class='ocrx_word' id='word_1_312' title='bbox 511 1568 616 1598; x_wconf 89' lang='lat' dir='ltr'><strong>omnia</strong></span> <span class='ocrx_word' id='word_1_313' title='bbox 630 1575 685 1606; x_wconf 92' lang='lat' dir='ltr'><strong>pro</strong></span> <span class='ocrx_word' id='word_1_314' title='bbox 704 1567 825 1598; x_wconf 89' lang='lat' dir='ltr'><strong>viribus</strong></span> <span class='ocrx_word' id='word_1_315' title='bbox 837 1571 987 1607; x_wconf 75' lang='lat' dir='ltr'><strong>prmstare</strong></span> <span class='ocrx_word' id='word_1_316' title='bbox 1002 1569 1104 1599; x_wconf 82' lang='lat' dir='ltr'><strong>conati</strong></span> <span class='ocrx_word' id='word_1_317' title='bbox 1121 1577 1248 1598; x_wconf 89' lang='lat' dir='ltr'><strong>sumus.</strong></span> 
     </span>
    </p>
   </div>
   <div class='ocr_carea' id='block_1_31' title="bbox 272 1617 1848 1659">
    <p class='ocr_par' dir='ltr' id='par_1_31' title="bbox 272 1617 1848 1659">
     <span class='ocr_line' id='line_1_31' title="bbox 272 1617 1848 1659; baseline 0 -13"><span class='ocrx_word' id='word_1_318' title='bbox 272 1617 412 1647; x_wconf 88' lang='lat' dir='ltr'><strong>Primum</strong></span> <span class='ocrx_word' id='word_1_319' title='bbox 445 1617 474 1647; x_wconf 88' lang='lat' dir='ltr'><strong>id</strong></span> <span class='ocrx_word' id='word_1_320' title='bbox 506 1618 598 1648; x_wconf 87' lang='lat' dir='ltr'><strong>nobis</strong></span> <span class='ocrx_word' id='word_1_321' title='bbox 628 1619 772 1649; x_wconf 82' lang='lat' dir='ltr'><strong>studium</strong></span> <span class='ocrx_word' id='word_1_322' title='bbox 802 1619 863 1649; x_wconf 83' lang='lat' dir='ltr'><strong>fuit</strong></span> <span class='ocrx_word' id='word_1_323' title='bbox 899 1619 999 1650; x_wconf 81' lang='lat' dir='ltr'><strong>varias</strong></span> <span class='ocrx_word' id='word_1_324' title='bbox 1034 1619 1188 1650; x_wconf 88' lang='lat' dir='ltr'><strong>lectiones</strong></span> <span class='ocrx_word' id='word_1_325' title='bbox 1223 1628 1294 1650; x_wconf 92' lang='lat' dir='ltr'><strong>cum</strong></span> <span class='ocrx_word' id='word_1_326' title='bbox 1327 1619 1412 1651; x_wconf 91' lang='lat' dir='ltr'><strong>edito</strong></span> <span class='ocrx_word' id='word_1_327' title='bbox 1448 1619 1591 1659; x_wconf 73' lang='lat' dir='ltr'><strong>Gregorii</strong></span> <span class='ocrx_word' id='word_1_328' title='bbox 1623 1621 1708 1650; x_wconf 77' lang='lat' dir='ltr'><strong>txlu</strong></span> <span class='ocrx_word' id='word_1_329' title='bbox 1740 1618 1848 1648; x_wconf 81' lang='lat' dir='ltr'><strong>Graeco</strong></span> 
     </span>
    </p>
   </div>
   <div class='ocr_carea' id='block_1_32' title="bbox 234 1667 1848 1710">
    <p class='ocr_par' dir='ltr' id='par_1_32' title="bbox 234 1667 1848 1710">
     <span class='ocr_line' id='line_1_32' title="bbox 234 1667 1848 1710; baseline -0.001 -12"><span class='ocrx_word' id='word_1_330' title='bbox 234 1667 400 1705; x_wconf 77' lang='lat' dir='ltr'><strong>conferre,</strong></span> <span class='ocrx_word' id='word_1_331' title='bbox 433 1668 499 1699; x_wconf 87' lang='lat' dir='ltr'><strong>lora</strong></span> <span class='ocrx_word' id='word_1_332' title='bbox 527 1675 672 1709; x_wconf 73' lang='lat' dir='ltr'><strong>corrupta</strong></span> <span class='ocrx_word' id='word_1_333' title='bbox 699 1680 833 1709; x_wconf 82' lang='lat' dir='ltr'><strong>sanare,</strong></span> <span class='ocrx_word' id='word_1_334' title='bbox 864 1677 899 1702; x_wconf 88' lang='lat' dir='ltr'><strong>ut</strong></span> <span class='ocrx_word' id='word_1_335' title='bbox 940 1681 996 1703; x_wconf 86' lang='lat' dir='ltr'><strong>sua</strong></span> <span class='ocrx_word' id='word_1_336' title='bbox 1033 1673 1134 1702; x_wconf 78' lang='lat' dir='ltr'><strong>textui</strong></span> <span class='ocrx_word' id='word_1_337' title='bbox 1174 1673 1295 1710; x_wconf 85' lang='lat' dir='ltr'><strong>puritas</strong></span> <span class='ocrx_word' id='word_1_338' title='bbox 1324 1673 1564 1706; x_wconf 86' lang='lat' dir='ltr'><strong>restitueretur,</strong></span> <span class='ocrx_word' id='word_1_339' title='bbox 1592 1676 1736 1699; x_wconf 84' lang='lat' dir='ltr'><strong>suusuue</strong></span> <span class='ocrx_word' id='word_1_340' title='bbox 1766 1667 1848 1697; x_wconf 91' lang='lat' dir='ltr'><strong>nitor</strong></span> 
     </span>
    </p>
   </div>
   <div class='ocr_carea' id='block_1_33' title="bbox 236 1716 1847 1760">
    <p class='ocr_par' dir='ltr' id='par_1_33' title="bbox 236 1716 1847 1760">
     <span class='ocr_line' id='line_1_33' title="bbox 236 1716 1847 1760; baseline -0.002 -11"><span class='ocrx_word' id='word_1_341' title='bbox 236 1719 434 1749; x_wconf 83' lang='lat' dir='ltr'><strong>redderetur.</strong></span> <span class='ocrx_word' id='word_1_342' title='bbox 455 1720 501 1750; x_wconf 81' lang='lat' dir='ltr'><strong>Ad</strong></span> <span class='ocrx_word' id='word_1_343' title='bbox 531 1720 826 1758; x_wconf 89' lang='lat' dir='ltr'><strong>interpretationem</strong></span> <span class='ocrx_word' id='word_1_344' title='bbox 846 1722 930 1759; x_wconf 90' lang='lat' dir='ltr'><strong>quod</strong></span> <span class='ocrx_word' id='word_1_345' title='bbox 954 1725 1084 1760; x_wconf 82' lang='lat' dir='ltr'><strong>spectat.</strong></span> <span class='ocrx_word' id='word_1_346' title='bbox 1102 1721 1216 1751; x_wconf 86' lang='lat' dir='ltr'><strong>Billius</strong></span> <span class='ocrx_word' id='word_1_347' title='bbox 1234 1723 1282 1751; x_wconf 93' lang='lat' dir='ltr'><strong>vir</strong></span> <span class='ocrx_word' id='word_1_348' title='bbox 1300 1722 1468 1760; x_wconf 90' lang='lat' dir='ltr'><strong>utriusque</strong></span> <span class='ocrx_word' id='word_1_349' title='bbox 1486 1721 1601 1757; x_wconf 54' lang='lat' dir='ltr'><strong>lingua:</strong></span> <span class='ocrx_word' id='word_1_350' title='bbox 1618 1716 1847 1757; x_wconf 73' lang='lat' dir='ltr'><strong>pemissimus,</strong></span> 
     </span>
    </p>
   </div>
   <div class='ocr_carea' id='block_1_34' title="bbox 236 1767 1847 1809">
    <p class='ocr_par' dir='ltr' id='par_1_34' title="bbox 236 1767 1847 1809">
     <span class='ocr_line' id='line_1_34' title="bbox 236 1767 1847 1809; baseline -0.002 -10"><span class='ocrx_word' id='word_1_351' title='bbox 236 1768 376 1806; x_wconf 74' lang='lat' dir='ltr'><strong>Gregorii</strong></span> <span class='ocrx_word' id='word_1_352' title='bbox 393 1769 493 1807; x_wconf 86' lang='lat' dir='ltr'><strong>Opera</strong></span> <span class='ocrx_word' id='word_1_353' title='bbox 513 1772 573 1799; x_wconf 88' lang='lat' dir='ltr'><strong>tam</strong></span> <span class='ocrx_word' id='word_1_354' title='bbox 591 1769 674 1800; x_wconf 82' lang='lat' dir='ltr'><strong>felici</strong></span> <span class='ocrx_word' id='word_1_355' title='bbox 691 1779 842 1800; x_wconf 88' lang='lat' dir='ltr'><strong>successu</strong></span> <span class='ocrx_word' id='word_1_356' title='bbox 856 1770 966 1800; x_wconf 86' lang='lat' dir='ltr'><strong>Latine</strong></span> <span class='ocrx_word' id='word_1_357' title='bbox 984 1770 1121 1800; x_wconf 85' lang='lat' dir='ltr'><strong>reddidit</strong></span> <span class='ocrx_word' id='word_1_358' title='bbox 1135 1774 1287 1809; x_wconf 78' lang='lat' dir='ltr'><strong>tantoque</strong></span> <span class='ocrx_word' id='word_1_359' title='bbox 1303 1771 1386 1809; x_wconf 88' lang='lat' dir='ltr'><strong>apud</strong></span> <span class='ocrx_word' id='word_1_360' title='bbox 1401 1779 1512 1800; x_wconf 86' lang='lat' dir='ltr'><strong>omnes</strong></span> <span class='ocrx_word' id='word_1_361' title='bbox 1530 1769 1561 1798; x_wconf 84' lang='lat' dir='ltr'><strong>in</strong></span> <span class='ocrx_word' id='word_1_362' title='bbox 1578 1768 1698 1798; x_wconf 85' lang='lat' dir='ltr'><strong>honore</strong></span> <span class='ocrx_word' id='word_1_363' title='bbox 1715 1771 1760 1797; x_wconf 87' lang='lat' dir='ltr'><strong>est</strong></span> <span class='ocrx_word' id='word_1_364' title='bbox 1778 1767 1847 1804; x_wconf 81' lang='lat' dir='ltr'><strong>ejus</strong></span> 
     </span>
    </p>
   </div>
   <div class='ocr_carea' id='block_1_35' title="bbox 236 1815 1846 1858">
    <p class='ocr_par' dir='ltr' id='par_1_35' title="bbox 236 1815 1846 1858">
     <span class='ocr_line' id='line_1_35' title="bbox 236 1815 1846 1858; baseline -0.002 -9"><span class='ocrx_word' id='word_1_365' title='bbox 236 1818 471 1858; x_wconf 85' lang='lat' dir='ltr'><strong>interpretatio,</strong></span> <span class='ocrx_word' id='word_1_366' title='bbox 489 1824 521 1850; x_wconf 91' lang='lat' dir='ltr'><strong>ut</strong></span> <span class='ocrx_word' id='word_1_367' title='bbox 539 1819 727 1850; x_wconf 83' lang='lat' dir='ltr'><strong>temerarius</strong></span> <span class='ocrx_word' id='word_1_368' title='bbox 743 1822 828 1848; x_wconf 88' lang='lat' dir='ltr'><strong>certe</strong></span> <span class='ocrx_word' id='word_1_369' title='bbox 844 1818 1013 1849; x_wconf 85' lang='lat' dir='ltr'><strong>auditurus</strong></span> <span class='ocrx_word' id='word_1_370' title='bbox 1029 1819 1084 1852; x_wconf 89' lang='lat' dir='ltr'><strong>sit,</strong></span> <span class='ocrx_word' id='word_1_371' title='bbox 1101 1819 1248 1858; x_wconf 87' lang='lat' dir='ltr'><strong>quisquis</strong></span> <span class='ocrx_word' id='word_1_372' title='bbox 1264 1827 1376 1849; x_wconf 87' lang='lat' dir='ltr'><strong>novam</strong></span> <span class='ocrx_word' id='word_1_373' title='bbox 1396 1820 1550 1849; x_wconf 84' lang='lat' dir='ltr'><strong>adornare</strong></span> <span class='ocrx_word' id='word_1_374' title='bbox 1567 1817 1746 1847; x_wconf 87' lang='lat' dir='ltr'><strong>teutaverit.</strong></span> <span class='ocrx_word' id='word_1_375' title='bbox 1763 1815 1846 1846; x_wconf 83' lang='lat' dir='ltr'><strong>Nihil</strong></span> 
     </span>
    </p>
   </div>
   <div class='ocr_carea' id='block_1_36' title="bbox 235 1867 1847 1908">
    <p class='ocr_par' dir='ltr' id='par_1_36' title="bbox 235 1867 1847 1908">
     <span class='ocr_line' id='line_1_36' title="bbox 235 1867 1847 1908; baseline -0.004 -6"><span class='ocrx_word' id='word_1_376' title='bbox 235 1874 340 1902; x_wconf 84' lang='lat' dir='ltr'><strong>tamen</strong></span> <span class='ocrx_word' id='word_1_377' title='bbox 359 1880 397 1902; x_wconf 91' lang='lat' dir='ltr'><strong>eo</strong></span> <span class='ocrx_word' id='word_1_378' title='bbox 413 1873 452 1901; x_wconf 84' lang='lat' dir='ltr'><strong>de</strong></span> <span class='ocrx_word' id='word_1_379' title='bbox 470 1872 600 1902; x_wconf 86' lang='lat' dir='ltr'><strong>Billiana</strong></span> <span class='ocrx_word' id='word_1_380' title='bbox 618 1870 882 1908; x_wconf 86' lang='lat' dir='ltr'><strong>interpretatione</strong></span> <span class='ocrx_word' id='word_1_381' title='bbox 905 1869 1030 1907; x_wconf 81' lang='lat' dir='ltr'><strong>judicio</strong></span> <span class='ocrx_word' id='word_1_382' title='bbox 1057 1869 1230 1899; x_wconf 85' lang='lat' dir='ltr'><strong>deterritus</strong></span> <span class='ocrx_word' id='word_1_383' title='bbox 1246 1874 1356 1900; x_wconf 82' lang='lat' dir='ltr'><strong>noster</strong></span> <span class='ocrx_word' id='word_1_384' title='bbox 1372 1870 1571 1906; x_wconf 89' lang='lat' dir='ltr'><strong>Louvardus,</strong></span> <span class='ocrx_word' id='word_1_385' title='bbox 1589 1870 1682 1900; x_wconf 87' lang='lat' dir='ltr'><strong>aliam</strong></span> <span class='ocrx_word' id='word_1_386' title='bbox 1702 1868 1762 1898; x_wconf 91' lang='lat' dir='ltr'><strong>sibi</strong></span> <span class='ocrx_word' id='word_1_387' title='bbox 1781 1867 1847 1897; x_wconf 89' lang='lat' dir='ltr'><strong>ela-</strong></span> 
     </span>
    </p>
   </div>
   <div class='ocr_carea' id='block_1_37' title="bbox 235 1916 1846 1960">
    <p class='ocr_par' dir='ltr' id='par_1_37' title="bbox 235 1916 1846 1960">
     <span class='ocr_line' id='line_1_37' title="bbox 235 1916 1846 1960; baseline -0.004 -8"><span class='ocrx_word' id='word_1_388' title='bbox 235 1922 407 1952; x_wconf 82' lang='lat' dir='ltr'><strong>borandam</strong></span> <span class='ocrx_word' id='word_1_389' title='bbox 428 1924 602 1960; x_wconf 86' lang='lat' dir='ltr'><strong>putaverat.</strong></span> <span class='ocrx_word' id='word_1_390' title='bbox 619 1925 650 1951; x_wconf 90' lang='lat' dir='ltr'><strong>et</strong></span> <span class='ocrx_word' id='word_1_391' title='bbox 667 1921 698 1951; x_wconf 93' lang='lat' dir='ltr'><strong>in</strong></span> <span class='ocrx_word' id='word_1_392' title='bbox 717 1919 879 1950; x_wconf 89' lang='lat' dir='ltr'><strong>vertendis</strong></span> <span class='ocrx_word' id='word_1_393' title='bbox 900 1919 1024 1949; x_wconf 87' lang='lat' dir='ltr'><strong>duabus</strong></span> <span class='ocrx_word' id='word_1_394' title='bbox 1043 1919 1257 1955; x_wconf 83' lang='lat' dir='ltr'><strong>orationibus,</strong></span> <span class='ocrx_word' id='word_1_395' title='bbox 1276 1928 1389 1958; x_wconf 90' lang='lat' dir='ltr'><strong>nempe</strong></span> <span class='ocrx_word' id='word_1_396' title='bbox 1407 1919 1507 1959; x_wconf 87' lang='lat' dir='ltr'><strong>prima</strong></span> <span class='ocrx_word' id='word_1_397' title='bbox 1525 1923 1555 1950; x_wconf 91' lang='lat' dir='ltr'><strong>et</strong></span> <span class='ocrx_word' id='word_1_398' title='bbox 1570 1918 1727 1954; x_wconf 77' lang='lat' dir='ltr'><strong>Secunda,</strong></span> <span class='ocrx_word' id='word_1_399' title='bbox 1747 1916 1789 1947; x_wconf 86' lang='lat' dir='ltr'><strong>al.</strong></span> <span class='ocrx_word' id='word_1_400' title='bbox 1813 1916 1846 1946; x_wconf 74' lang='grc'><strong>1⁸</strong></span> 
     </span>
    </p>
   </div>
   <div class='ocr_carea' id='block_1_38' title="bbox 235 1969 1846 2009">
    <p class='ocr_par' dir='ltr' id='par_1_38' title="bbox 235 1969 1846 2009">
     <span class='ocr_line' id='line_1_38' title="bbox 235 1969 1846 2009; baseline -0.002 -8"><span class='ocrx_word' id='word_1_401' title='bbox 235 1975 265 2002; x_wconf 83' lang='lat' dir='ltr'><strong>et</strong></span> <span class='ocrx_word' id='word_1_402' title='bbox 281 1972 348 2006; x_wconf 70' lang='grc' dir='ltr'><strong>Μ’,</strong></span> <span class='ocrx_word' id='word_1_403' title='bbox 368 1972 410 2001; x_wconf 92' lang='lat' dir='ltr'><strong>rei</strong></span> <span class='ocrx_word' id='word_1_404' title='bbox 433 1971 609 2009; x_wconf 84' lang='lat' dir='ltr'><strong>periculum</strong></span> <span class='ocrx_word' id='word_1_405' title='bbox 628 1971 879 2000; x_wconf 68' lang='lat' dir='ltr'><strong>feceranverum</strong></span> <span class='ocrx_word' id='word_1_406' title='bbox 903 1972 1019 1999; x_wconf 88' lang='lat' dir='ltr'><strong>mutata</strong></span> <span class='ocrx_word' id='word_1_407' title='bbox 1037 1969 1194 1999; x_wconf 84' lang='lat' dir='ltr'><strong>sententia</strong></span> <span class='ocrx_word' id='word_1_408' title='bbox 1215 1969 1343 2008; x_wconf 85' lang='lat' dir='ltr'><strong>incepto</strong></span> <span class='ocrx_word' id='word_1_409' title='bbox 1368 1969 1500 2006; x_wconf 89' lang='lat' dir='ltr'><strong>destitit,</strong></span> <span class='ocrx_word' id='word_1_410' title='bbox 1517 1975 1547 2001; x_wconf 89' lang='lat' dir='ltr'><strong>et</strong></span> <span class='ocrx_word' id='word_1_411' title='bbox 1565 1971 1728 2000; x_wconf 86' lang='lat' dir='ltr'><strong>Billianam</strong></span> <span class='ocrx_word' id='word_1_412' title='bbox 1746 1969 1846 1999; x_wconf 85' lang='lat' dir='ltr'><strong>inter-</strong></span> 
     </span>
    </p>
   </div>
   <div class='ocr_carea' id='block_1_39' title="bbox 235 2013 1846 2062">
    <p class='ocr_par' dir='ltr' id='par_1_39' title="bbox 235 2013 1846 2062">
     <span class='ocr_line' id='line_1_39' title="bbox 235 2013 1846 2062; baseline -0.004 -9"><span class='ocrx_word' id='word_1_413' title='bbox 235 2023 443 2062; x_wconf 83' lang='lat' dir='ltr'><strong>pretationem</strong></span> <span class='ocrx_word' id='word_1_414' title='bbox 467 2030 593 2053; x_wconf 87' lang='lat' dir='ltr'><strong>servare</strong></span> <span class='ocrx_word' id='word_1_415' title='bbox 611 2019 763 2050; x_wconf 78' lang='lat' dir='ltr'><strong>decrevit.</strong></span> <span class='ocrx_word' id='word_1_416' title='bbox 790 2020 876 2050; x_wconf 88' lang='lat' dir='ltr'><strong>Idem</strong></span> <span class='ocrx_word' id='word_1_417' title='bbox 903 2018 964 2049; x_wconf 80' lang='lat' dir='ltr'><strong>fuit</strong></span> <span class='ocrx_word' id='word_1_418' title='bbox 983 2019 1151 2049; x_wconf 88' lang='lat' dir='ltr'><strong>consilium</strong></span> <span class='ocrx_word' id='word_1_419' title='bbox 1176 2024 1286 2049; x_wconf 90' lang='lat' dir='ltr'><strong>nostro</strong></span> <span class='ocrx_word' id='word_1_420' title='bbox 1305 2013 1487 2050; x_wconf 86' lang='lat' dir='ltr'><strong>Prudentio.</strong></span> <span class='ocrx_word' id='word_1_421' title='bbox 1513 2020 1684 2059; x_wconf 62' lang='lat' dir='ltr'><strong>Utrimque</strong></span> <span class='ocrx_word' id='word_1_422' title='bbox 1704 2017 1846 2055; x_wconf 77' lang='lat' dir='ltr'><strong>vestigiis</strong></span> 
     </span>
    </p>
   </div>
   <div class='ocr_carea' id='block_1_40' title="bbox 234 2069 1845 2111">
    <p class='ocr_par' dir='ltr' id='par_1_40' title="bbox 234 2069 1845 2111">
     <span class='ocr_line' id='line_1_40' title="bbox 234 2069 1845 2111; baseline -0.005 -6"><span class='ocrx_word' id='word_1_423' title='bbox 234 2075 438 2111; x_wconf 65' lang='lat' dir='ltr'><strong>inhaerentes,</strong></span> <span class='ocrx_word' id='word_1_424' title='bbox 455 2084 523 2105; x_wconf 87' lang='lat' dir='ltr'><strong>eam</strong></span> <span class='ocrx_word' id='word_1_425' title='bbox 551 2082 567 2103; x_wconf 94' lang='lat' dir='ltr'><strong>e</strong></span> <span class='ocrx_word' id='word_1_426' title='bbox 596 2073 727 2111; x_wconf 80' lang='lat' dir='ltr'><strong>regione</strong></span> <span class='ocrx_word' id='word_1_427' title='bbox 752 2070 850 2102; x_wconf 75' lang='lat' dir='ltr'><strong>Graeci</strong></span> <span class='ocrx_word' id='word_1_428' title='bbox 870 2074 1040 2101; x_wconf 81' lang='lat' dir='ltr'><strong>contextus</strong></span> <span class='ocrx_word' id='word_1_429' title='bbox 1062 2075 1178 2100; x_wconf 77' lang='lat' dir='ltr'><strong>sariam</strong></span> <span class='ocrx_word' id='word_1_430' title='bbox 1207 2074 1319 2101; x_wconf 83' lang='lat' dir='ltr'><strong>tectam</strong></span> <span class='ocrx_word' id='word_1_431' title='bbox 1346 2072 1565 2106; x_wconf 77' lang='lat' dir='ltr'><strong>servavimus;</strong></span> <span class='ocrx_word' id='word_1_432' title='bbox 1593 2074 1623 2100; x_wconf 87' lang='lat' dir='ltr'><strong>et</strong></span> <span class='ocrx_word' id='word_1_433' title='bbox 1639 2070 1664 2100; x_wconf 86' lang='lat' dir='ltr'><strong>si</strong></span> <span class='ocrx_word' id='word_1_434' title='bbox 1682 2069 1810 2107; x_wconf 82' lang='lat' dir='ltr'><strong>quando</strong></span> <span class='ocrx_word' id='word_1_435' title='bbox 1828 2076 1845 2097; x_wconf 86' lang='lat' dir='ltr'><strong>a</strong></span> 
     </span>
    </p>
   </div>
   <div class='ocr_carea' id='block_1_41' title="bbox 233 2120 1843 2164">
    <p class='ocr_par' dir='ltr' id='par_1_41' title="bbox 233 2120 1843 2164">
     <span class='ocr_line' id='line_1_41' title="bbox 233 2120 1843 2164; baseline -0.005 -6"><span class='ocrx_word' id='word_1_436' title='bbox 233 2134 341 2159; x_wconf 87' lang='lat' dir='ltr'><strong>mente</strong></span> <span class='ocrx_word' id='word_1_437' title='bbox 357 2127 502 2164; x_wconf 84' lang='lat' dir='ltr'><strong>Gregorii</strong></span> <span class='ocrx_word' id='word_1_438' title='bbox 521 2125 655 2156; x_wconf 86' lang='lat' dir='ltr'><strong>Billiaua</strong></span> <span class='ocrx_word' id='word_1_439' title='bbox 673 2122 894 2161; x_wconf 89' lang='lat' dir='ltr'><strong>interpretatio</strong></span> <span class='ocrx_word' id='word_1_440' title='bbox 922 2122 1069 2152; x_wconf 83' lang='lat' dir='ltr'><strong>aberrare</strong></span> <span class='ocrx_word' id='word_1_441' title='bbox 1093 2126 1147 2152; x_wconf 91' lang='lat' dir='ltr'><strong>aut</strong></span> <span class='ocrx_word' id='word_1_442' title='bbox 1169 2131 1238 2153; x_wconf 87' lang='lat' dir='ltr'><strong>eam</strong></span> <span class='ocrx_word' id='word_1_443' title='bbox 1259 2131 1323 2153; x_wconf 88' lang='lat' dir='ltr'><strong>non</strong></span> <span class='ocrx_word' id='word_1_444' title='bbox 1340 2124 1418 2153; x_wconf 86' lang='lat' dir='ltr'><strong>satis</strong></span> <span class='ocrx_word' id='word_1_445' title='bbox 1443 2123 1570 2161; x_wconf 78' lang='lat' dir='ltr'><strong>assequi</strong></span> <span class='ocrx_word' id='word_1_446' title='bbox 1589 2122 1655 2151; x_wconf 87' lang='lat' dir='ltr'><strong>visa</strong></span> <span class='ocrx_word' id='word_1_447' title='bbox 1674 2124 1733 2156; x_wconf 87' lang='lat' dir='ltr'><strong>est,</strong></span> <span class='ocrx_word' id='word_1_448' title='bbox 1749 2120 1843 2151; x_wconf 87' lang='lat' dir='ltr'><strong>aliam</strong></span> 
     </span>
    </p>
   </div>
   <div class='ocr_carea' id='block_1_42' title="bbox 233 2171 1845 2210">
    <p class='ocr_par' dir='ltr' id='par_1_42' title="bbox 233 2171 1845 2210">
     <span class='ocr_line' id='line_1_42' title="bbox 233 2171 1845 2210; baseline -0.005 -1"><span class='ocrx_word' id='word_1_449' title='bbox 233 2177 335 2209; x_wconf 78' lang='lat' dir='ltr'><strong>textui</strong></span> <span class='ocrx_word' id='word_1_450' title='bbox 354 2177 494 2207; x_wconf 78' lang='lat' dir='ltr'><strong>inSerere</strong></span> <span class='ocrx_word' id='word_1_451' title='bbox 511 2184 574 2205; x_wconf 89' lang='lat' dir='ltr'><strong>non</strong></span> <span class='ocrx_word' id='word_1_452' title='bbox 592 2173 823 2208; x_wconf 82' lang='lat' dir='ltr'><strong>dubitavimus,</strong></span> <span class='ocrx_word' id='word_1_453' title='bbox 845 2171 892 2201; x_wconf 91' lang='lat' dir='ltr'><strong>vel</strong></span> <span class='ocrx_word' id='word_1_454' title='bbox 913 2172 943 2202; x_wconf 89' lang='lat' dir='ltr'><strong>in</strong></span> <span class='ocrx_word' id='word_1_455' title='bbox 960 2173 1043 2202; x_wconf 88' lang='lat' dir='ltr'><strong>nolis</strong></span> <span class='ocrx_word' id='word_1_456' title='bbox 1065 2172 1236 2210; x_wconf 84' lang='lat' dir='ltr'><strong>subjicere,</strong></span> <span class='ocrx_word' id='word_1_457' title='bbox 1265 2172 1413 2203; x_wconf 82' lang='lat' dir='ltr'><strong>lectorem</strong></span> <span class='ocrx_word' id='word_1_458' title='bbox 1445 2175 1616 2204; x_wconf 82' lang='lat' dir='ltr'><strong>monendo.</strong></span> <span class='ocrx_word' id='word_1_459' title='bbox 1633 2173 1665 2203; x_wconf 91' lang='lat' dir='ltr'><strong>ld</strong></span> <span class='ocrx_word' id='word_1_460' title='bbox 1683 2177 1789 2202; x_wconf 82' lang='lat' dir='ltr'><strong>autem</strong></span> <span class='ocrx_word' id='word_1_461' title='bbox 1807 2172 1845 2201; x_wconf 81' lang='lat' dir='ltr'><strong>de</strong></span> 
     </span>
    </p>
   </div>
   <div class='ocr_carea' id='block_1_43' title="bbox 236 2223 1843 2262">
    <p class='ocr_par' dir='ltr' id='par_1_43' title="bbox 236 2223 1843 2262">
     <span class='ocr_line' id='line_1_43' title="bbox 236 2223 1843 2262; baseline -0.002 -4"><span class='ocrx_word' id='word_1_462' title='bbox 236 2228 438 2258; x_wconf 88' lang='lat' dir='ltr'><strong>orationibus</strong></span> <span class='ocrx_word' id='word_1_463' title='bbox 455 2229 575 2256; x_wconf 84' lang='lat' dir='ltr'><strong>tantum</strong></span> <span class='ocrx_word' id='word_1_464' title='bbox 594 2228 623 2254; x_wconf 74' lang='lat' dir='ltr'><strong>rt</strong></span> <span class='ocrx_word' id='word_1_465' title='bbox 643 2224 787 2262; x_wconf 84' lang='lat' dir='ltr'><strong>epistolis</strong></span> <span class='ocrx_word' id='word_1_466' title='bbox 814 2223 1081 2261; x_wconf 76' lang='lat' dir='ltr'><strong>intelligendum;</strong></span> <span class='ocrx_word' id='word_1_467' title='bbox 1101 2232 1171 2254; x_wconf 84' lang='lat' dir='ltr'><strong>nam</strong></span> <span class='ocrx_word' id='word_1_468' title='bbox 1198 2225 1237 2254; x_wconf 85' lang='lat' dir='ltr'><strong>de</strong></span> <span class='ocrx_word' id='word_1_469' title='bbox 1258 2225 1454 2255; x_wconf 82' lang='lat' dir='ltr'><strong>carminibus</strong></span> <span class='ocrx_word' id='word_1_470' title='bbox 1471 2226 1557 2256; x_wconf 89' lang='lat' dir='ltr'><strong>aliud</strong></span> <span class='ocrx_word' id='word_1_471' title='bbox 1580 2225 1638 2255; x_wconf 82' lang='lat' dir='ltr'><strong>fuit</strong></span> <span class='ocrx_word' id='word_1_472' title='bbox 1656 2224 1843 2255; x_wconf 81' lang='lat' dir='ltr'><strong>consilium.</strong></span> 
     </span>
    </p>
   </div>
   <div class='ocr_carea' id='block_1_44' title="bbox 231 2273 1841 2314">
    <p class='ocr_par' dir='ltr' id='par_1_44' title="bbox 231 2273 1841 2314">
     <span class='ocr_line' id='line_1_44' title="bbox 231 2273 1841 2314; baseline -0.003 -6"><span class='ocrx_word' id='word_1_473' title='bbox 231 2277 310 2308; x_wconf 88' lang='lat' dir='ltr'><strong>Cum</strong></span> <span class='ocrx_word' id='word_1_474' title='bbox 329 2278 413 2307; x_wconf 86' lang='lat' dir='ltr'><strong>enim</strong></span> <span class='ocrx_word' id='word_1_475' title='bbox 435 2275 541 2306; x_wconf 88' lang='lat' dir='ltr'><strong>Latina</strong></span> <span class='ocrx_word' id='word_1_476' title='bbox 560 2275 642 2304; x_wconf 84' lang='lat' dir='ltr'><strong>Billii</strong></span> <span class='ocrx_word' id='word_1_477' title='bbox 661 2274 800 2304; x_wconf 87' lang='lat' dir='ltr'><strong>carmina</strong></span> <span class='ocrx_word' id='word_1_478' title='bbox 817 2273 932 2304; x_wconf 62' lang='lat' dir='ltr'><strong>Graecis</strong></span> <span class='ocrx_word' id='word_1_479' title='bbox 947 2273 1091 2312; x_wconf 88' lang='lat' dir='ltr'><strong>Gregorii</strong></span> <span class='ocrx_word' id='word_1_480' title='bbox 1112 2274 1309 2305; x_wconf 87' lang='lat' dir='ltr'><strong>carminibus</strong></span> <span class='ocrx_word' id='word_1_481' title='bbox 1326 2283 1388 2304; x_wconf 89' lang='lat' dir='ltr'><strong>non</strong></span> <span class='ocrx_word' id='word_1_482' title='bbox 1405 2279 1482 2305; x_wconf 76' lang='lat' dir='ltr'><strong>satis</strong></span> <span class='ocrx_word' id='word_1_483' title='bbox 1499 2277 1720 2314; x_wconf 84' lang='lat' dir='ltr'><strong>respondeant,</strong></span> <span class='ocrx_word' id='word_1_484' title='bbox 1739 2273 1841 2304; x_wconf 87' lang='lat' dir='ltr'><strong>visum</strong></span> 
     </span>
    </p>
   </div>
   <div class='ocr_carea' id='block_1_45' title="bbox 233 2325 1843 2367">
    <p class='ocr_par' dir='ltr' id='par_1_45' title="bbox 233 2325 1843 2367">
     <span class='ocr_line' id='line_1_45' title="bbox 233 2325 1843 2367; baseline -0.002 -7"><span class='ocrx_word' id='word_1_485' title='bbox 233 2335 279 2360; x_wconf 75' lang='lat' dir='ltr'><strong>est</strong></span> <span class='ocrx_word' id='word_1_486' title='bbox 292 2330 396 2360; x_wconf 66' lang='lat' dir='ltr'><strong>Graeca</strong></span> <span class='ocrx_word' id='word_1_487' title='bbox 409 2328 544 2367; x_wconf 87' lang='lat' dir='ltr'><strong>pedestri</strong></span> <span class='ocrx_word' id='word_1_488' title='bbox 558 2335 706 2358; x_wconf 86' lang='lat' dir='ltr'><strong>sermone</strong></span> <span class='ocrx_word' id='word_1_489' title='bbox 723 2326 998 2363; x_wconf 84' lang='lat' dir='ltr'><strong>reddere,Latinis</strong></span> <span class='ocrx_word' id='word_1_490' title='bbox 1011 2325 1249 2357; x_wconf 73' lang='lat' dir='ltr'><strong>Billiiversibus</strong></span> <span class='ocrx_word' id='word_1_491' title='bbox 1266 2327 1303 2357; x_wconf 82' lang='lat' dir='ltr'><strong>ad</strong></span> <span class='ocrx_word' id='word_1_492' title='bbox 1324 2327 1497 2365; x_wconf 85' lang='lat' dir='ltr'><strong>marginem</strong></span> <span class='ocrx_word' id='word_1_493' title='bbox 1512 2327 1692 2357; x_wconf 77' lang='lat' dir='ltr'><strong>interiorem</strong></span> <span class='ocrx_word' id='word_1_494' title='bbox 1705 2325 1843 2365; x_wconf 83' lang='lat' dir='ltr'><strong>rejectis.</strong></span> 
     </span>
    </p>
   </div>
   <div class='ocr_carea' id='block_1_46' title="bbox 271 2378 1843 2419">
    <p class='ocr_par' dir='ltr' id='par_1_46' title="bbox 271 2378 1843 2419">
     <span class='ocr_line' id='line_1_46' title="bbox 271 2378 1843 2419; baseline -0.002 -9"><span class='ocrx_word' id='word_1_495' title='bbox 271 2380 461 2418; x_wconf 84' lang='lat' dir='ltr'><strong>Priusquam</strong></span> <span class='ocrx_word' id='word_1_496' title='bbox 484 2383 589 2409; x_wconf 86' lang='lat' dir='ltr'><strong>autem</strong></span> <span class='ocrx_word' id='word_1_497' title='bbox 619 2380 753 2410; x_wconf 87' lang='lat' dir='ltr'><strong>ulterius</strong></span> <span class='ocrx_word' id='word_1_498' title='bbox 781 2378 1032 2417; x_wconf 70' lang='lat' dir='ltr'><strong>progrediamur,</strong></span> <span class='ocrx_word' id='word_1_499' title='bbox 1054 2378 1105 2408; x_wconf 90' lang='lat' dir='ltr'><strong>hic</strong></span> <span class='ocrx_word' id='word_1_500' title='bbox 1130 2378 1235 2408; x_wconf 85' lang='lat' dir='ltr'><strong>obiter</strong></span> <span class='ocrx_word' id='word_1_501' title='bbox 1256 2380 1484 2418; x_wconf 82' lang='lat' dir='ltr'><strong>exponendum</strong></span> <span class='ocrx_word' id='word_1_502' title='bbox 1503 2379 1636 2419; x_wconf 86' lang='lat' dir='ltr'><strong>quinam</strong></span> <span class='ocrx_word' id='word_1_503' title='bbox 1661 2378 1727 2409; x_wconf 88' lang='lat' dir='ltr'><strong>sint</strong></span> <span class='ocrx_word' id='word_1_504' title='bbox 1750 2385 1843 2408; x_wconf 84' lang='lat' dir='ltr'><strong>manu</strong></span> 
     </span>
    </p>
   </div>
   <div class='ocr_carea' id='block_1_47' title="bbox 232 2428 1278 2467">
    <p class='ocr_par' dir='ltr' id='par_1_47' title="bbox 232 2428 1278 2467">
     <span class='ocr_line' id='line_1_47' title="bbox 232 2428 1278 2467; baseline -0.003 -5"><span class='ocrx_word' id='word_1_505' title='bbox 232 2431 349 2462; x_wconf 79' lang='lat' dir='ltr'><strong>exarati</strong></span> <span class='ocrx_word' id='word_1_506' title='bbox 367 2431 503 2466; x_wconf 85' lang='lat' dir='ltr'><strong>codices,</strong></span> <span class='ocrx_word' id='word_1_507' title='bbox 524 2428 632 2460; x_wconf 86' lang='lat' dir='ltr'><strong>excusi</strong></span> <span class='ocrx_word' id='word_1_508' title='bbox 667 2439 682 2460; x_wconf 87' lang='lat' dir='ltr'><strong>a</strong></span> <span class='ocrx_word' id='word_1_509' title='bbox 701 2430 736 2460; x_wconf 91' lang='lat' dir='ltr'><strong>D.</strong></span> <span class='ocrx_word' id='word_1_510' title='bbox 751 2429 931 2466; x_wconf 86' lang='lat' dir='ltr'><strong>Louvardo,</strong></span> <span class='ocrx_word' id='word_1_511' title='bbox 948 2429 1067 2467; x_wconf 89' lang='lat' dir='ltr'><strong>quibus</strong></span> <span class='ocrx_word' id='word_1_512' title='bbox 1087 2428 1136 2458; x_wconf 89' lang='lat' dir='ltr'><strong>usi</strong></span> <span class='ocrx_word' id='word_1_513' title='bbox 1153 2437 1278 2459; x_wconf 89' lang='lat' dir='ltr'><strong>sumus.</strong></span> 
     </span>
    </p>
   </div>
   <div class='ocr_carea' id='block_1_48' title="bbox 343 2514 1731 2550">
    <p class='ocr_par' dir='ltr' id='par_1_48' title="bbox 343 2514 1731 2550">
     <span class='ocr_line' id='line_1_48' title="bbox 343 2514 1731 2550; baseline -0.004 -6"><span class='ocrx_word' id='word_1_514' title='bbox 343 2515 357 2550; x_wconf 69' lang='grc' dir='ltr'><strong>ς</strong></span> <span class='ocrx_word' id='word_1_515' title='bbox 378 2514 432 2544; x_wconf 89' lang='lat' dir='ltr'><strong>lll.</strong></span> <span class='ocrx_word' id='word_1_516' title='bbox 457 2523 583 2544; x_wconf 66' lang='lat' dir='ltr'><strong>norma</strong></span> <span class='ocrx_word' id='word_1_517' title='bbox 604 2520 754 2542; x_wconf 70' lang='lat' dir='ltr'><strong>versuum</strong></span> <span class='ocrx_word' id='word_1_518' title='bbox 776 2519 931 2545; x_wconf 76' lang='lat' dir='ltr'><strong>CODICUM,</strong></span> <span class='ocrx_word' id='word_1_519' title='bbox 955 2519 994 2540; x_wconf 70' lang='lat' dir='ltr'><strong>an</strong></span> <span class='ocrx_word' id='word_1_520' title='bbox 1018 2518 1098 2545; x_wconf 74' lang='lat' dir='ltr'><strong>quos</strong></span> <span class='ocrx_word' id='word_1_521' title='bbox 1122 2518 1273 2540; x_wconf 75' lang='lat' dir='ltr'><strong>enecatur</strong></span> <span class='ocrx_word' id='word_1_522' title='bbox 1296 2519 1471 2541; x_wconf 79' lang='lat' dir='ltr'><strong>ORATIONES</strong></span> <span class='ocrx_word' id='word_1_523' title='bbox 1493 2519 1731 2541; x_wconf 68' lang='lat' dir='ltr'><strong>auesoavmus.</strong></span> 
     </span>
    </p>
   </div>
   <div class='ocr_carea' id='block_1_49' title="bbox 270 2584 1843 2626">
    <p class='ocr_par' dir='ltr' id='par_1_49' title="bbox 270 2584 1843 2626">
     <span class='ocr_line' id='line_1_49' title="bbox 270 2584 1843 2626; baseline -0.002 -8"><span class='ocrx_word' id='word_1_524' title='bbox 270 2587 426 2618; x_wconf 86' lang='lat' dir='ltr'><strong>Plurimos</strong></span> <span class='ocrx_word' id='word_1_525' title='bbox 445 2593 471 2618; x_wconf 83' lang='lat' dir='ltr'><strong>et</strong></span> <span class='ocrx_word' id='word_1_526' title='bbox 493 2588 622 2626; x_wconf 85' lang='lat' dir='ltr'><strong>quidem</strong></span> <span class='ocrx_word' id='word_1_527' title='bbox 652 2586 884 2625; x_wconf 57' lang='lat' dir='ltr'><strong>probatissima;</strong></span> <span class='ocrx_word' id='word_1_528' title='bbox 911 2589 993 2616; x_wconf 73' lang='lat' dir='ltr'><strong>notte</strong></span> <span class='ocrx_word' id='word_1_529' title='bbox 1016 2586 1143 2616; x_wconf 87' lang='lat' dir='ltr'><strong>codices</strong></span> <span class='ocrx_word' id='word_1_530' title='bbox 1170 2585 1203 2615; x_wconf 89' lang='lat' dir='ltr'><strong>in</strong></span> <span class='ocrx_word' id='word_1_531' title='bbox 1232 2585 1403 2615; x_wconf 90' lang='lat' dir='ltr'><strong>consilium</strong></span> <span class='ocrx_word' id='word_1_532' title='bbox 1432 2585 1654 2616; x_wconf 77' lang='lat' dir='ltr'><strong>adhibuimus.</strong></span> <span class='ocrx_word' id='word_1_533' title='bbox 1675 2585 1741 2614; x_wconf 83' lang='lat' dir='ltr'><strong>Hos</strong></span> <span class='ocrx_word' id='word_1_534' title='bbox 1762 2584 1843 2615; x_wconf 85' lang='lat' dir='ltr'><strong>inter</strong></span> 
     </span>
    </p>
   </div>
   <div class='ocr_carea' id='block_1_50' title="bbox 230 2634 1841 2674">
    <p class='ocr_par' dir='ltr' id='par_1_50' title="bbox 230 2634 1841 2674">
     <span class='ocr_line' id='line_1_50' title="bbox 230 2634 1841 2674; baseline -0.002 -6"><span class='ocrx_word' id='word_1_535' title='bbox 230 2644 315 2668; x_wconf 79' lang='lat' dir='ltr'><strong>Unus</strong></span> <span class='ocrx_word' id='word_1_536' title='bbox 331 2641 378 2667; x_wconf 85' lang='lat' dir='ltr'><strong>est</strong></span> <span class='ocrx_word' id='word_1_537' title='bbox 394 2637 523 2674; x_wconf 79' lang='lat' dir='ltr'><strong>Regius,</strong></span> <span class='ocrx_word' id='word_1_538' title='bbox 541 2637 616 2667; x_wconf 88' lang='lat' dir='ltr'><strong>olim</strong></span> <span class='ocrx_word' id='word_1_539' title='bbox 635 2646 723 2666; x_wconf 92' lang='lat' dir='ltr'><strong>num.</strong></span> <span class='ocrx_word' id='word_1_540' title='bbox 742 2636 831 2671; x_wconf 75' lang='lat'><strong>1809,</strong></span> <span class='ocrx_word' id='word_1_541' title='bbox 850 2644 935 2666; x_wconf 89' lang='lat' dir='ltr'><strong>nunc</strong></span> <span class='ocrx_word' id='word_1_542' title='bbox 956 2640 1060 2666; x_wconf 84' lang='lat' dir='ltr'><strong>autem</strong></span> <span class='ocrx_word' id='word_1_543' title='bbox 1079 2643 1167 2665; x_wconf 93' lang='lat' dir='ltr'><strong>num.</strong></span> <span class='ocrx_word' id='word_1_544' title='bbox 1186 2634 1246 2665; x_wconf 82' lang='grc'>510</span> <span class='ocrx_word' id='word_1_545' title='bbox 1263 2639 1324 2665; x_wconf 86' lang='lat' dir='ltr'><strong>tota</strong></span> <span class='ocrx_word' id='word_1_546' title='bbox 1345 2635 1508 2673; x_wconf 86' lang='lat' dir='ltr'><strong>republica</strong></span> <span class='ocrx_word' id='word_1_547' title='bbox 1528 2636 1676 2666; x_wconf 76' lang='lat' dir='ltr'><strong>litterario</strong></span> <span class='ocrx_word' id='word_1_548' title='bbox 1692 2634 1841 2665; x_wconf 79' lang='lat' dir='ltr'><strong>fatuosis~</strong></span> 
     </span>
    </p>
   </div>
   <div class='ocr_carea' id='block_1_51' title="bbox 232 2685 1842 2726">
    <p class='ocr_par' dir='ltr' id='par_1_51' title="bbox 232 2685 1842 2726">
     <span class='ocr_line' id='line_1_51' title="bbox 232 2685 1842 2726; baseline -0.001 -9"><span class='ocrx_word' id='word_1_549' title='bbox 232 2688 345 2723; x_wconf 89' lang='lat' dir='ltr'><strong>simus,</strong></span> <span class='ocrx_word' id='word_1_550' title='bbox 361 2689 417 2726; x_wconf 87' lang='lat' dir='ltr'><strong>qui</strong></span> <span class='ocrx_word' id='word_1_551' title='bbox 436 2688 523 2718; x_wconf 90' lang='lat' dir='ltr'><strong>solus</strong></span> <span class='ocrx_word' id='word_1_552' title='bbox 540 2698 556 2718; x_wconf 89' lang='lat' dir='ltr'><strong>e</strong></span> <span class='ocrx_word' id='word_1_553' title='bbox 572 2688 745 2718; x_wconf 78' lang='lat' dir='ltr'><strong>Gallicanis</strong></span> <span class='ocrx_word' id='word_1_554' title='bbox 762 2688 913 2718; x_wconf 91' lang='lat' dir='ltr'><strong>omnibus</strong></span> <span class='ocrx_word' id='word_1_555' title='bbox 930 2693 1059 2716; x_wconf 87' lang='lat' dir='ltr'><strong>cunctas</strong></span> <span class='ocrx_word' id='word_1_556' title='bbox 1072 2687 1215 2726; x_wconf 78' lang='lat' dir='ltr'><strong>Gregorii</strong></span> <span class='ocrx_word' id='word_1_557' title='bbox 1233 2687 1394 2718; x_wconf 89' lang='lat' dir='ltr'><strong>orationes</strong></span> <span class='ocrx_word' id='word_1_558' title='bbox 1408 2687 1560 2718; x_wconf 79' lang='lat' dir='ltr'><strong>continet.</strong></span> <span class='ocrx_word' id='word_1_559' title='bbox 1577 2687 1621 2717; x_wconf 88' lang='lat' dir='ltr'><strong>De</strong></span> <span class='ocrx_word' id='word_1_560' title='bbox 1637 2695 1701 2726; x_wconf 88' lang='lat' dir='ltr'><strong>quo</strong></span> <span class='ocrx_word' id='word_1_561' title='bbox 1711 2685 1842 2716; x_wconf 85' lang='lat' dir='ltr'><strong>Billius:</strong></span> 
     </span>
    </p>
   </div>
   <div class='ocr_carea' id='block_1_52' title="bbox 232 2738 1842 2780">
    <p class='ocr_par' dir='ltr' id='par_1_52' title="bbox 232 2738 1842 2780">
     <span class='ocr_line' id='line_1_52' title="bbox 232 2738 1842 2780; baseline 0.002 -15"><span class='ocrx_word' id='word_1_562' title='bbox 232 2748 247 2765; x_wconf 73' lang='grc' dir='ltr'>ι</span> <span class='ocrx_word' id='word_1_563' title='bbox 265 2738 349 2773; x_wconf 88' lang='lat' dir='ltr'><strong>Tuli,</strong></span> <span class='ocrx_word' id='word_1_564' title='bbox 378 2739 495 2777; x_wconf 86' lang='lat' dir='ltr'><strong>inquit,</strong></span> <span class='ocrx_word' id='word_1_565' title='bbox 530 2741 762 2780; x_wconf 86' lang='lat' dir='ltr'><strong>amplissimum</strong></span> <span class='ocrx_word' id='word_1_566' title='bbox 784 2741 924 2771; x_wconf 86' lang='lat' dir='ltr'><strong>codicem</strong></span> <span class='ocrx_word' id='word_1_567' title='bbox 951 2740 1138 2779; x_wconf 84' lang='lat' dir='ltr'><strong>capitalibus</strong></span> <span class='ocrx_word' id='word_1_568' title='bbox 1167 2740 1280 2770; x_wconf 86' lang='lat' dir='ltr'><strong>litteris</strong></span> <span class='ocrx_word' id='word_1_569' title='bbox 1310 2745 1484 2775; x_wconf 81' lang='lat' dir='ltr'><strong>exaratum,</strong></span> <span class='ocrx_word' id='word_1_570' title='bbox 1505 2743 1624 2773; x_wconf 87' lang='lat' dir='ltr'><strong>tantum</strong></span> <span class='ocrx_word' id='word_1_571' title='bbox 1645 2739 1842 2778; x_wconf 80' lang='lat' dir='ltr'><strong>antiquitatis</strong></span> 
     </span>
    </p>
   </div>
   <div class='ocr_carea' id='block_1_53' title="bbox 231 2790 1843 2832">
    <p class='ocr_par' dir='ltr' id='par_1_53' title="bbox 231 2790 1843 2832">
     <span class='ocr_line' id='line_1_53' title="bbox 231 2790 1843 2832; baseline -0.001 -12"><span class='ocrx_word' id='word_1_572' title='bbox 231 2797 294 2829; x_wconf 83' lang='lat' dir='ltr'><strong>prae</strong></span> <span class='ocrx_word' id='word_1_573' title='bbox 310 2799 344 2820; x_wconf 89' lang='lat' dir='ltr'><strong>se</strong></span> <span class='ocrx_word' id='word_1_574' title='bbox 362 2790 529 2826; x_wconf 82' lang='lat' dir='ltr'><strong>ferentem,</strong></span> <span class='ocrx_word' id='word_1_575' title='bbox 548 2797 581 2822; x_wconf 92' lang='lat' dir='ltr'><strong>ut</strong></span> <span class='ocrx_word' id='word_1_576' title='bbox 599 2793 703 2832; x_wconf 90' lang='lat' dir='ltr'><strong>ipsius</strong></span> <span class='ocrx_word' id='word_1_577' title='bbox 719 2792 864 2832; x_wconf 82' lang='lat' dir='ltr'><strong>Gregorii</strong></span> <span class='ocrx_word' id='word_1_578' title='bbox 883 2794 1112 2832; x_wconf 85' lang='lat' dir='ltr'><strong>propemodum</strong></span> <span class='ocrx_word' id='word_1_579' title='bbox 1129 2797 1221 2823; x_wconf 70' lang='lat' dir='ltr'><strong>aetate</strong></span> <span class='ocrx_word' id='word_1_580' title='bbox 1234 2793 1371 2832; x_wconf 89' lang='lat' dir='ltr'><strong>scriptus</strong></span> <span class='ocrx_word' id='word_1_581' title='bbox 1384 2801 1454 2824; x_wconf 87' lang='lat' dir='ltr'><strong>esse</strong></span> <span class='ocrx_word' id='word_1_582' title='bbox 1468 2793 1643 2827; x_wconf 85' lang='lat' dir='ltr'><strong>videretur,</strong></span> <span class='ocrx_word' id='word_1_583' title='bbox 1660 2790 1714 2829; x_wconf 88' lang='lat' dir='ltr'><strong>qui</strong></span> <span class='ocrx_word' id='word_1_584' title='bbox 1733 2793 1843 2829; x_wconf 69' lang='lat' dir='ltr'><strong>praete!</strong></span> 
     </span>
    </p>
   </div>
   <div class='ocr_carea' id='block_1_54' title="bbox 233 2842 1842 2887">
    <p class='ocr_par' dir='ltr' id='par_1_54' title="bbox 233 2842 1842 2887">
     <span class='ocr_line' id='line_1_54' title="bbox 233 2842 1842 2887; baseline 0.001 -15"><span class='ocrx_word' id='word_1_585' title='bbox 233 2842 384 2882; x_wconf 76' lang='lat' dir='ltr'><strong>epistolas</strong></span> <span class='ocrx_word' id='word_1_586' title='bbox 400 2847 429 2875; x_wconf 84' lang='lat' dir='ltr'><strong>et</strong></span> <span class='ocrx_word' id='word_1_587' title='bbox 446 2852 570 2884; x_wconf 87' lang='lat' dir='ltr'><strong>versus,</strong></span> <span class='ocrx_word' id='word_1_588' title='bbox 588 2846 693 2878; x_wconf 87' lang='lat' dir='ltr'><strong>omnia</strong></span> <span class='ocrx_word' id='word_1_589' title='bbox 710 2846 812 2885; x_wconf 84' lang='lat' dir='ltr'><strong>ipsius</strong></span> <span class='ocrx_word' id='word_1_590' title='bbox 830 2845 934 2886; x_wconf 87' lang='lat' dir='ltr'><strong>Opera</strong></span> <span class='ocrx_word' id='word_1_591' title='bbox 957 2845 1154 2877; x_wconf 84' lang='lat' dir='ltr'><strong>continebat.</strong></span> <span class='ocrx_word' id='word_1_592' title='bbox 1173 2845 1274 2882; x_wconf 87' lang='lat' dir='ltr'><strong>Quem</strong></span> <span class='ocrx_word' id='word_1_593' title='bbox 1294 2854 1366 2878; x_wconf 86' lang='lat' dir='ltr'><strong>cum</strong></span> <span class='ocrx_word' id='word_1_594' title='bbox 1389 2845 1591 2887; x_wconf 78' lang='lat' dir='ltr'><strong>paucissimis</strong></span> <span class='ocrx_word' id='word_1_595' title='bbox 1610 2844 1724 2877; x_wconf 81' lang='lat' dir='ltr'><strong>diebus</strong></span> <span class='ocrx_word' id='word_1_596' title='bbox 1737 2843 1842 2875; x_wconf 85' lang='lat' dir='ltr'><strong>incre-</strong></span> 
     </span>
    </p>
   </div>
  </div>
