2058 3128
259 144 294 173 37
775 146 962 175 ΡΒᾸΞΕΔΤΙΟ
980 147 1071 175 GENE

1065 147 1183 175 IRALIS.
1202 160 1238 168 -—
1255 146 1345 174 PARS
1363 147 1384 174 1.
1843 145 1877 174 9-8

263 201 353 232 dibili
373 201 534 234 celeritate
549 204 769 243 perlegissem,
780 213 819 235 ex
835 213 939 245 eoque
957 205 1125 237 innumera
1140 207 1219 242 loca,
1233 214 1304 246 qua:
1319 207 1352 236 in
1369 206 1528 246 impresso
1543 206 1660 238 vitiose
1676 205 1867 245 legebantur

260 251 434 290 integritati
457 261 523 283 suae
545 255 774 293 restituissem,
797 257 902 288 statim
928 267 1002 289 eum
1028 259 1169 290 Athenas
1186 259 1262 298 (quo
1279 258 1364 289 enim
1391 258 1455 289 alio
1473 259 1603 290 nomine
1628 259 1876 298 incomparabile

258 301 339 332 illud
358 301 513 333 bonarum
540 306 684 336 omnium
707 306 883 338 litterarum
902 306 1163 350 gazophylacium
1183 308 1375 348 appellem?)
1391 308 1592 340 referendum
1613 307 1722 339 habui.
1735 319 1749 336 ι
1765 308 1877 344 Quan-

259 355 324 381 tum
344 351 507 384 festinaret
521 354 647 392 Billius,
668 356 719 388 hic
735 366 776 388 ex
794 357 864 397 ipso
887 358 1054 395 discimus,
1081 367 1117 389 ac
1142 358 1182 389 de
1200 358 1317 389 Griecis
1337 357 1538 397 «integritati
1555 366 1621 388 suae
1636 357 1843 389 restituendis
1860 370 1874 387 ι

259 410 332 431 eum
353 410 415 432 nou
432 404 601 441 cogitasse,
624 406 687 437 nisi
705 407 811 446 quoad
832 407 968 438 versioni
986 416 1052 438 suae
1068 408 1145 438 satis
1162 407 1302 438 haberet.

298 453 424 484 Famosi
443 454 530 485 illius
555 456 688 493 codicis,
708 457 852 487 omnium
875 460 1037 497 quotquot
1062 458 1094 487 in
1116 458 1213 496 Regia
1233 452 1428 488 bibliotheca
1447 455 1546 486 Graeci
1563 458 1771 487 asservantur
1786 465 1875 488 orna-

261 501 390 538 tissimi,
406 503 538 534 formam
556 514 593 536 ex
611 506 752 545 catalogo
767 506 971 537 bibliothecas
986 507 1092 545 Regiaa
1118 515 1301 546 expressam
1319 507 1422 537 oculis
1441 506 1612 545 subjicere,
1629 515 1688 537 nec
1704 509 1872 540 molestum

257 552 364 588 nobis,
383 562 440 584 nec
457 554 561 585 forsan
579 555 638 594 ipsi
656 555 814 593 ingratum
831 556 954 587 lectori.
971 556 1231 586 Membranaceus
1247 555 1345 587 codex
1362 559 1410 586 est
1423 577 1432 592 ,
1449 558 1533 585 totus
1549 563 1565 584 a
1581 555 1683 594 capite
1701 556 1738 585 ad
1757 555 1873 588 calcem

258 601 440 633 uncialibus
468 603 581 635 litteris
609 604 756 643 oblongis
775 609 804 636 et
826 606 862 635 ad
881 605 1044 651 sinistram
1069 605 1236 644 paululum
1262 605 1394 636 deﬂexis
1416 605 1654 643 elegantissime
1681 606 1872 645 descriptus,

259 660 331 682 cum
359 653 544 684 accentibus
572 655 671 693 prima
699 665 806 687 manu.
836 656 1002 687 Colutunis
1025 657 1149 687 duabus
1175 658 1297 696 paginae
1326 657 1604 688 distinctte:tituli
1633 658 1812 689 orationum
1839 660 1872 690 in

258 702 442 732 membrana
458 711 553 734 aurea
572 704 692 734 exarati
710 715 717 735 :
733 705 869 743 singulae
885 705 983 736 ferme
999 704 1224 736 distinctiones
1239 705 1386 744 majores,
1403 708 1455 735 aut
1472 707 1609 744 periodi,
1626 707 1739 739 litteris
1754 710 1871 747 aureis,

255 751 391 789 pictisve
408 752 517 791 ﬁguris
536 753 707 793 incipiunt.
724 757 822 788 lnitio
839 758 993 796 imagines
1009 758 1155 798 quittque
1171 758 1301 797 paginas
1319 758 1462 797 singulas
1479 766 1635 802 oecupant
1649 773 1656 794 :
1671 764 1793 803 primae,
1810 769 1874 797 ter.

255 804 306 833 tite
323 806 352 833 et
368 809 489 841 quartae
506 807 688 839 membrana
705 810 855 846 caerulea;
872 811 1021 841 secundm
1036 819 1110 842 vero
1127 815 1157 842 et
1171 813 1304 851 quintae,
1323 820 1430 844 aurea.
1899 812 1903 815 ’

296 854 324 884 1n
340 854 489 885 Christus
507 855 538 885 in
556 858 703 891 cathedra
720 862 848 903 sedens,
862 866 893 893 et
908 863 1037 894 sinistra
1055 872 1150 894 manu
1171 864 1287 894 librum
1303 865 1496 904 resignatum
1514 869 1640 896 tenens.
1657 866 1692 897 In
1710 867 1792 899 libro
1807 867 1872 900 haec

254 905 404 943 leguntur
422 915 429 935 =
445 911 563 946 Ειρήνην
578 913 627 948 τὴν
643 917 713 952 ἐμὴν
732 917 836 954 δίδωμι,
856 914 887 945 id
906 920 964 950 est,
987 914 1066 945 Pace.

856 914 887 945 id
906 920 964 950 est,
987 914 1092 945 Pacem
1106 924 1202 945 meum
1217 914 1255 944 do
1272 915 1358 946 vobis
1376 920 1396 947 ¹.
1416 916 1533 947 Caetera
1548 917 1661 949 deleta.

293 957 338 986 lla
357 958 436 989 Tres
455 959 561 997 ﬁgura:
592 966 712 992 stantes
734 972 806 994 cum
830 963 1018 994 diadematis
1037 969 1067 995 et
1091 964 1164 995 aliis
1189 965 1318 1003 imperii
1346 965 1541 1004 insignibus.
1560 966 1593 996 In
1611 968 1716 1000 medio
1731 970 1870 1003 EudOcia

254 1006 413 1060 Augusta,
432 1009 540 1040 dextra
564 1015 739 1050 sceptrum,
760 1013 887 1043 sinistra
915 1013 1046 1052 globum
1070 1017 1196 1044 tenens.
1222 1014 1318 1044 Juxta
1344 1015 1409 1045 duo
1434 1015 1510 1052 ﬁlii;
1536 1016 1610 1048 hinc
1633 1019 1698 1049 Leo
1721 1021 1870 1060 Despota,

255 1057 330 1110 inde
346 1059 538 1110 Alexander.
557 1062 696 1102 Uterque
725 1064 854 1095 sinistra
881 1065 1010 1103 globum
1031 1068 1145 1103 gestat.
1174 1065 1347 1105 Imaginem
1368 1066 1465 1097 ambit
1484 1067 1604 1100 limbus
1622 1071 1751 1110 quidam
1769 1057 1872 1105 caerete

254 1106 345 1146 lacus,
371 1109 404 1140 in
421 1118 484 1149 quo
503 1110 536 1141 hi
553 1119 662 1143 vcr5us
678 1114 759 1143 albis
777 1114 890 1144 litteris
907 1117 981 1144 sunt
995 1114 1118 1152 scripti.

601 1174 832 1209 Εὐκληματοῦσαν
844 1175 963 1208 ap.va
978 1183 1007 1200 σε
1024 1174 1070 1200 τοῦ
1086 1174 1204 1209 κράτους

605 1211 708 1241 Βότρυς
727 1210 864 1245 φέρουσαν
876 1210 938 1240 τοὺς
952 1210 1089 1245 val-cvm);
1096 1209 1227 1241 δεσπότας

606 1245 744 1279 Βασίλριος
760 1244 861 1279 πρὸηξε
884 1245 1017 1279 Ῥομαίων
1029 1244 1096 1276 ἄναξ

599 1280 668 1306 Μεθ’
681 1276 718 1305 ὧν
732 1276 913 1315 προλάμπεις,
927 1276 1038 1305 Εὺδοκία
1055 1279 1208 1316 φωσφόρος.

599 1327 717 1354 Felicem
735 1331 759 1353 te
772 1327 926 1360 palmitibus
944 1327 1023 1353 vitent
1040 1326 1143 1359 imperii

603 1362 734 1388 [tacentes
749 1362 891 1390 ferentem,
910 1369 1020 1388 serenos
1034 1362 1137 1389 scilicet
1150 1361 1296 1396 principes,

601 1396 717 1423 Basilius
731 1398 861 1429 promovit
877 1396 1060 1422 Romanorum
1076 1395 1224 1430 imperator

602 1431 668 1458 Cum
684 1432 782 1465 quibus
796 1431 949 1466 prml'ulges,
966 1431 1082 1458 I‘Zudocia
1097 1431 1218 1458 lucifera.

291 1487 349 1517 Illi
365 1490 395 1517 et
413 1487 469 1517 w-
485 1495 594 1518 cruces
612 1485 683 1516 duae
702 1494 807 1516 aurea:
821 1488 986 1524 gemmata:
1006 1493 1078 1515 cum
1097 1484 1230 1515 ﬁmbriis
1248 1485 1396 1525 utrinque
1410 1488 1622 1526 pendentibus
1635 1495 1666 1523 et
1680 1492 1737 1525 bac
1752 1495 1868 1528 inscri-

257 1539 368 1578 ptione
384 1547 413 1569 tc
428 1547 466 1569 xc
485 1543 555 1578 νικᾷ.
573 1549 587 1566 α
603 1537 696 1568 Iesus
712 1537 857 1568 Christus
873 1537 982 1568 vincit.
994 1547 1009 1564 »

299 1588 353 1618 να.
365 1589 443 1619 Tres
460 1589 565 1627 ﬁgurae
581 1593 714 1621 stantes.
732 1591 766 1621 In
784 1590 890 1620 medio
904 1589 1040 1619 Basilius
1055 1597 1128 1620 cum
1144 1588 1272 1628 imperii
1288 1589 1482 1626 insignibus.
1499 1591 1613 1625 Dextra
1628 1594 1713 1626 Elias
1729 1597 1867 1637 prophe-

255 1646 298 1676 ta,
319 1642 402 1672 rosei
418 1650 474 1672 seu
500 1641 597 1672 lucidi
621 1645 737 1675 coloris
760 1649 849 1674 veste
868 1643 1013 1678 indutus,
1037 1642 1177 1673 labarum
1197 1651 1290 1673 manu
1317 1645 1432 1674 elatum
1454 1647 1579 1681 tenens,
1597 1649 1627 1676 et
1641 1646 1758 1678 Basilio
1774 1648 1866 1686 quasi

255 1693 436 1732 porrigens.
455 1695 544 1726 Laeva
561 1693 688 1726 Gabriel
705 1692 929 1731 archangelus,
946 1691 1048 1722 alatus
1071 1695 1102 1722 et
1121 1690 1231 1722 habitu
1246 1692 1463 1731 imperatorio,
1478 1693 1621 1725 diadema
1639 1695 1748 1726 Basilii
1773 1697 1865 1736 capiti

250 1745 433 1784 imponens.
458 1747 631 1785 Imaginem
651 1749 746 1777 totam
770 1744 870 1775 ambit
887 1743 1068 1782 inscriptio,
1088 1751 1148 1774 seu
1168 1743 1388 1782 tetrastichon,
1405 1743 1497 1783 cujus
1515 1753 1626 1776 versus
1645 1745 1766 1785 primus
1781 1746 1868 1778 dele-

255 1798 306 1826 tus
325 1798 373 1828 est
390 1806 398 1826 :
416 1797 533 1838 reliqui
552 1802 614 1829 tres
632 1798 804 1829 etiamnum
822 1795 883 1834 legi
903 1798 1048 1834 possunt.

600 1859 683 1902 ῌὶκῂν
695 1859 766 1902 natat-:1
776 1857 879 1902 ἑζορῷν
903 1857 995 1902 ᾘλίας
1012 1857 1177 1898 ὑπογρᾴφει·

609 1896 638 1921 '0
655 1892 772 1930 Γαϐριὴλ
786 1892 813 1930 δὲ
825 1892 873 1928 ἑὴν
889 1892 975 1930 χάραν
990 1892 1165 1930 προμηνιξων,

600 1930 733 1962 Basilus,
750 1927 841 1964 ὲτέςρει
856 1936 884 1954 σε
896 1928 998 1962 κόσμου
1013 1927 1176 1962 προστάτην.

603 1977 748 2004 Victoriatn
761 1977 793 2002 de
812 1975 934 2002 hostibus
951 1975 1019 2001 Elias
1031 1975 1164 2009 designat,

603 2011 713 2038 Gabriel
732 2017 820 2038 autem
833 2011 960 2044 gaudium
975 2011 1149 2042 annuntians,

604 2047 626 2073 0
637 2045 730 2078 Basili,
749 2049 861 2072 coronat
877 2051 901 2072 te
913 2045 987 2072 orbis
1001 2049 1146 2072 rectorem.

290 2094 336 2123 Ex
353 2093 403 2123 his
425 2091 534 2131 ﬁguris
561 2096 691 2130 apparet
717 2091 871 2130 scriptum
895 2100 965 2121 esse
991 2091 1077 2121 hunc
1101 2091 1242 2122 codicem
1261 2095 1333 2122 ante
1349 2099 1466 2122 annum
1493 2091 1564 2128 886,
1588 2099 1653 2130 quo
1679 2099 1763 2122 anno
1781 2090 1864 2122 obiit

256 2146 394 2176 Basilius
409 2145 590 2184 imperator,
607 2144 820 2180 cognomento
835 2140 977 2178 Macedo,
1000 2142 1132 2171 maritus
1151 2140 1311 2178 Eudociae,
1331 2141 1446 2171 Leonis
1469 2141 1628 2180 Sapientis
1645 2145 1676 2172 et
1692 2141 1865 2172 Alexandri

250 2200 340 2236 pater

290 2248 445 2278 Prteterea
460 2246 493 2277 in
509 2245 622 2277 eodem
638 2243 749 2275 codice
771 2251 833 2273 una
849 2244 879 2273 et
901 2242 1111 2282 quadraginta
1136 2242 1293 2282 imagines
1310 2245 1386 2273 sunt
1401 2242 1627 2281 amplissima);
1649 2244 1759 2280 totque
1787 2240 1864 2272 olim

250 2301 352 2333 erant,
367 2301 445 2336 quot
461 2297 635 2328 orationes.
653 2295 713 2327 Sed
733 2304 770 2326 ex
785 2294 850 2325 illis
876 2295 1008 2333 integra:
1024 2302 1137 2325 novem
1155 2293 1387 2325 desiderantur.
1407 2293 1454 2325 Ex
1470 2294 1510 2324 iis
1525 2303 1597 2333 quae
1612 2295 1786 2332 supersunt
1803 2299 1865 2322 no-

250 2356 321 2379 vem
337 2347 489 2379 decemve
503 2347 542 2378 ad
563 2345 729 2376 historiam
747 2344 1008 2380 ecclesiasticam,
1027 2344 1163 2374 maxime
1186 2343 1332 2382 Gregorii
1349 2343 1464 2381 nostri,
1483 2343 1658 2382 pertinent.
1673 2342 1864 2372 Orationum

249 2400 330 2430 ordo
349 2399 383 2430 in
402 2398 463 2429 hoc
480 2396 698 2436 manuscripto
712 2395 750 2426 ad
766 2394 1027 2433 cbronologicum
1043 2394 1187 2433 proxime
1202 2394 1333 2432 accedit,
1348 2394 1440 2425 initio
1452 2393 1600 2425 maxime.
1611 2392 1713 2423 Prima
1727 2399 1864 2431 namque

247 2455 310 2486 est,
326 2461 342 2478 ι(
356 2449 389 2480 in
407 2448 523 2480 Pascha
540 2452 570 2480 et
588 2446 803 2481 tarditatem,»
820 2453 892 2484 quae
914 2444 995 2475 male
1011 2444 1043 2474 in
1061 2443 1156 2474 editis
1174 2449 1244 2474 xu“
1256 2447 1316 2475 est.

289 2499 437 2531 Codicem
462 2499 546 2529 hunc
573 2507 643 2529 eum
667 2497 818 2529 omnibus
843 2496 939 2528 editis
956 2495 1156 2527 orationibus
1181 2501 1291 2527 noster
1318 2496 1506 2527 Louvardus
1526 2495 1673 2531 contulit,
1695 2499 1792 2533 quem
1813 2491 1864 2523 his

249 2550 364 2581 litteris
381 2551 527 2590 designat
545 2550 562 2582 b
578 2559 617 2585 m,
638 2549 714 2590 quia
731 2551 874 2588 tempore
896 2547 1005 2578 Basilii
1021 2547 1205 2578 Macedonis
1222 2549 1362 2587 scriptus
1378 2548 1508 2587 ipsique
1525 2547 1663 2579 oblatus.

289 2599 434 2638 Longum
452 2604 537 2631 esset
562 2601 610 2632 ire
636 2611 692 2642 per
715 2601 840 2640 singula
857 2611 865 2630 :
883 2603 930 2632 sat
947 2600 1006 2631 erit
1030 2600 1176 2631 codicum
1202 2601 1320 2640 quibus
1346 2601 1397 2631 usi
1427 2609 1551 2639 sumus,
1577 2599 1698 2640 quique
1721 2605 1738 2628 ε
1755 2599 1864 2628 nostro

247 2646 417 2680 Louvardo
437 2650 543 2683 collati
560 2655 635 2684 sunt
655 2651 772 2684 seriem
786 2655 904 2690 texere,
920 2659 991 2683 Cum
1011 2650 1094 2681 notis
1118 2650 1239 2690 quibus
1254 2651 1446 2683 indicantur.

281 2734 294 2753 ³
305 2733 382 2764 Joan.
401 2743 455 2770 xiv,
468 2735 513 2764 27.
