2058 3128
176 199 213 229 33
684 200 868 228 PREFATIO
886 195 1089 230 σΕΝΕΒΑιιε.
1112 218 1146 225 -
1165 202 1253 231 PARS
1273 194 1302 230 1.:
1766 203 1802 232 ει

217 258 501 289 Eminentisstmus
528 256 696 289 cardinalis
722 257 936 294 Passvonaeus,
956 258 1011 297 qui
1040 258 1116 289 dum
1142 258 1262 290 viveret
1293 260 1413 290 litteras
1443 258 1569 289 amabat
1599 262 1630 290 et
1657 259 1799 296 fovebat,

178 307 291 339 litteris
309 307 378 347 ipse
398 307 638 343 ornatissimus,
654 306 704 336 his
724 307 840 337 nostris
857 306 982 338 favebat
1006 307 1135 344 studiis,
1153 311 1187 338 ut
1208 312 1396 347 argumento
1422 313 1497 339 sunt
1527 309 1633 347 plures
1658 310 1737 341 datte
1762 310 1802 342 ad

179 361 323 388 nostrum
343 358 548 387 Franciseum
573 357 774 387 Louvardum
797 360 828 387 et
852 357 1063 387 Prudentium
1091 358 1256 388 Maranum
1282 358 1405 395 litterte,
1433 359 1551 398 quibus
1580 369 1735 398 propensa
1766 360 1800 392 in

177 418 237 441 nos
257 414 430 448 nostraque
446 409 564 446 studia,
581 419 616 441 ac
633 413 809 441 contestata
833 409 1028 446 humanitas,
1051 414 1082 442 et
1100 419 1189 441 amor
1214 411 1403 448 litterarum,
1419 418 1497 450 quas
1517 409 1583 446 ipse
1607 419 1668 440 nou
1697 411 1801 441 colere

177 461 293 494 solum,
321 460 375 490 sed
396 468 509 490 ornare
539 460 697 491 studebat.
721 461 896 491 Permultas
927 469 966 491 ex
996 461 1092 491 variis
1116 461 1280 492 codicibus
1298 470 1394 492 manu
1423 460 1560 499 scriptis.
1584 468 1649 490 non
1678 464 1798 491 tantum

178 517 243 538 suae
268 508 371 546 ipsius
398 507 617 546 bibliothecae,
647 509 702 540 sed
730 509 823 539 etiam
851 509 1024 545 Vaticanae,
1055 509 1209 540 lectiones
1237 511 1351 546 varias,
1379 515 1440 541 tam
1471 511 1672 548 orationum,
1703 519 1799 548 quam

178 559 399 598 epistolarum,
423 565 518 599 atque
535 558 626 590 etiam
655 558 830 588 carminum
853 558 1083 588 describendas
1102 558 1277 597 eleganter,
1305 559 1450 599 ipsisque
1471 560 1639 589 mittendas
1664 561 1796 591 curavit.

177 608 224 638 Ad
244 616 326 647 opus
351 611 482 638 strenue
500 608 658 646 agendum
676 606 919 643 cohortabatur,
947 607 1131 645 signiﬁcans
1150 616 1311 638 summum
1339 609 1520 648 pontificem
1540 610 1580 648 (is
1604 615 1668 641 erat
1696 610 1804 642 felicis.

178 660 340 691 memoria:
355 659 546 690 Benedictus
560 660 644 699 XIV)
662 659 694 689 in
713 667 828 697 magno
848 658 945 697 hujus
963 659 1116 690 editionis
1141 668 1212 691 esse
1228 660 1403 700 desiderio,
1420 665 1450 692 et
1473 662 1677 693 Sanctitatem
1703 663 1798 694 Suam

178 718 239 740 una
260 718 367 739 secum
384 710 422 739 de
439 709 494 738 illo
514 717 610 747 opere
630 708 829 747 frequentem
848 707 963 738 habere
980 715 1173 738 Sermonem.
1800 723 1802 726 -

216 760 354 798 Insignis
377 759 508 789 abbatis;
540 758 572 788 S.
609 758 757 788 Germani
787 757 1062 791 bibliothecarius.
1095 766 1111 787 e
1141 757 1339 788 cbarissimis
1368 760 1486 790 nostris
1510 762 1673 793 sodalibus
1700 771 1802 799 unus,

178 811 217 842 D.
238 812 351 846 Patert,
368 819 404 840 ex
423 810 569 849 pluribus
585 809 748 840 codicibus
765 809 890 847 scriptis
907 817 1015 844 manu,
1033 817 1095 839 non
1116 812 1237 839 tantum
1255 810 1285 839 S.
1302 810 1464 848 Germani,
1481 813 1535 843 sed
1557 815 1650 844 etiam
1679 815 1799 852 ltegite,

178 860 441 895 Claromontante,
458 863 531 894 etc..
547 860 648 890 varias
667 859 832 894 lectiones,
847 862 873 888 el
893 858 1022 897 quidem
1041 859 1277 896 elegantissima
1295 868 1388 890 manu
1405 864 1435 890 et
1452 863 1605 901 sagaciter
1624 864 1803 902 descriptas-

179 912 351 943 liberaliter
368 910 621 942 sutuuinistravit
637 913 674 942 D.
688 911 861 942 Prudentia
877 911 997 941 Maran.
1011 910 1098 942 Alias
1114 919 1244 952 quoque
1259 911 1337 942 alter
1351 921 1368 943 θ
1385 913 1514 949 nostris,
1529 921 1546 943 a
1562 921 1596 943 se
1610 912 1798 953 descriptas,

176 965 215 995 D.
228 964 369 994 Andreas
386 963 482 993 Brion
501 967 699 1001 peramanter
715 962 842 992 obtulit.

215 1015 278 1046 Nec
307 1014 436 1046 tacitum
473 1014 649 1052 relinquam
679 1012 926 1043 dilectissimum
966 1011 1106 1042 sodalem
1132 1013 1171 1044 D.
1200 1013 1364 1044 Danielem
1402 1013 1538 1049 Labbat,
1565 1021 1619 1051 qui
1652 1011 1798 1051 diligenti

176 1068 207 1096 ot
235 1065 336 1096 multo
362 1064 467 1095 labore
497 1063 619 1094 indices
657 1061 927 1099 locupletissimos
963 1061 1146 1097 adornavit,
1183 1070 1241 1091 nec
1277 1063 1312 1093 D.
1347 1063 1539 1100 Dionysium
1563 1062 1704 1100 d'0lin-,
1741 1061 1798 1101 qui

177 1115 289 1147 menda
327 1114 550 1154 typographica
586 1111 763 1151 corrigendi
802 1111 938 1141 libenter
970 1111 1001 1140 in
1030 1119 1066 1141 se
1100 1120 1208 1141 curam
1248 1112 1409 1150 suscepit,
1434 1116 1464 1142 et
1493 1120 1622 1150 operam
1654 1113 1800 1144 studiose

176 1169 363 1204 prosecutus
392 1168 449 1194 est.
479 1164 546 1193 1am
573 1162 652 1194 faxit
681 1162 764 1191 Deus
788 1163 822 1190 ut
854 1165 963 1191 noster
999 1160 1050 1190 hic
1079 1161 1386 1201 quantuluscunque
1420 1162 1508 1192 labor
1541 1163 1572 1192 in
1600 1171 1678 1193 usus
1707 1163 1800 1195 cedat

175 1215 324 1248 Ecclesiae
348 1214 519 1251 catltolicte,
544 1213 596 1244 cui
624 1212 781 1253 quidquid
801 1211 930 1242 fecerim
962 1215 1063 1242 totum
1091 1220 1257 1250 consecro,
1289 1214 1450 1253 quidquid
1479 1215 1661 1254 scripserim
1693 1218 1800 1247 totum

176 1266 344 1298 submitto.

179 1333 1784 1347 Μ

672 1413 1027 1460 SECUNDA
1079 1413 1286 1460 PARS.

780 1507 946 1535 DEFENSIO
967 1505 1200 1538 GRECORIANA.

607 1674 620 1712 ε
638 1674 663 1704 Ι.
679 1682 836 1704 ιιιςιηεηειο
849 1682 1004 1705 σιιιςαοιιιι
1024 1682 1184 1704 snvnasus
1199 1682 1353 1704 mutual.

213 1751 324 1782 Plures
343 1758 406 1782 non
423 1753 543 1781 tantum
568 1758 606 1782 ex
626 1749 849 1787 heterodoxis,
865 1751 952 1790 quod
975 1751 1089 1781 mirum
1110 1760 1173 1781 non
1191 1755 1251 1787 est,
1270 1751 1324 1781 sed
1353 1751 1447 1782 etiam
1465 1761 1503 1782 ex
1519 1751 1703 1789 Catholicis,
1719 1753 1798 1785 Gre-

176 1803 265 1842 gorio
281 1811 389 1842 parum
401 1811 509 1841 aequus
526 1810 559 1832 se
573 1800 789 1839 praebuerunt,
803 1801 866 1831 imo
883 1810 955 1831 eum
973 1801 1126 1831 conviciis
1144 1801 1309 1836 lacessere,
1330 1801 1499 1831 calumniis
1513 1806 1607 1841 atque
1630 1803 1722 1833 etiam
1739 1803 1797 1834 fal-

175 1855 221 1884 sis
235 1853 422 1884 criminibus
444 1852 631 1883 iusimulare
651 1852 720 1881 ausi
740 1855 828 1888 sunt,
857 1860 994 1890 quorum
1013 1851 1222 1889 petulantiam
1251 1850 1398 1889 frangere
1423 1855 1455 1881 et
1483 1853 1797 1892 contumeliasjuvat

175 1905 358 1934 retundere.
378 1903 583 1942 Singulorum
603 1907 706 1934 tamen
724 1904 895 1934 calumniis
911 1908 941 1934 et
960 1903 1104 1934 dicteriis
1122 1903 1154 1933 in
1182 1903 1372 1942 Gregorium
1391 1902 1575 1934 refellendis
1601 1913 1662 1935 non
1682 1906 1796 1936 immo-

175 1955 276 1984 rabor.
297 1954 404 1984 Missis
422 1954 517 1993 igitur
539 1954 660 1990 Dallo'ei,
684 1954 810 1988 Clerici,
830 1953 989 1992 Basnagii,
1007 1957 1079 1989 etc.,
1113 1958 1160 1984 sat
1178 1953 1236 1983 erit
1256 1953 1395 1983 Tollium
1413 1954 1466 1993 qui
1494 1963 1549 1985 eos
1575 1956 1716 1987 imitatus
1733 1961 1796 1994 est,

174 2005 339 2043 castigare,
355 2009 385 2035 et
401 2005 524 2035 diluere
542 2012 613 2043 quae
637 2003 790 2034 adversus
809 2002 998 2040 Gregorium
1027 2002 1107 2032 falso
1125 2006 1154 2033 et
1173 2001 1394 2033 inverecunde
1411 2003 1550 2041 scripsit.
1569 2005 1598 2034 is
1614 2005 1743 2044 quidem
1762 2006 1796 2036 in

175 2057 299 2096 scriptis
315 2057 470 2095 Theologi
490 2055 739 2090 versatissimus,
775 2055 829 2085 Sed
849 2054 881 2084 in
898 2058 1060 2085 auctorem
1079 2054 1317 2093 iniquiSsimus,
1336 2058 1397 2084 tam
1416 2055 1512 2085 multa
1528 2054 1589 2085 huc
1606 2056 1692 2092 illuc,
1710 2060 1794 2086 tam-

173 2107 406 2147 queinjuriosa
440 2106 508 2137 viro
532 2113 641 2139 sancto
666 2107 830 2147 sparsitin
860 2107 1058 2145 argumentis
1090 2111 1120 2137 et
1151 2107 1237 2137 notis
1269 2107 1481 2146 quorumdam
1501 2108 1693 2142 carminum,
1723 2116 1796 2147 quas

173 2155 242 2197 ipse
258 2157 395 2196 vulgavit
425 2165 508 2188 anno
523 2157 612 2194 1690,
640 2161 675 2188 ut
693 2157 801 2187 omnia
830 2156 970 2195 proferre
989 2155 1119 2194 longum
1149 2156 1230 2187 foret
1259 2167 1268 2186 :
1299 2156 1456 2196 praecipua
1474 2159 1575 2187 tamen
1592 2157 1743 2194 delibare,
1763 2161 1795 2189 et

173 2207 249 2238 falsa
266 2206 448 2242 ostendere,
463 2207 590 2238 animus
608 2211 667 2238 est.
872 2215 874 2217 '

211 2259 351 2288 Primum
368 2257 497 2297 quidem
519 2257 551 2288 in
581 2259 779 2296 argumento,
799 2255 867 2285 sive
892 2266 906 2283 α
919 2264 1012 2286 causa
1036 2255 1145 2293 scripti
1159 2267 1174 2282 ιο
1191 2255 1353 2290 carminis,
1373 2254 1458 2294 quod
1483 2254 1655 2292 GregOrius
1670 2267 1685 2283 ιι
1699 2255 1738 2286 de
1757 2263 1795 2286 se

173 2307 241 2347 ipso
256 2312 286 2339 et
301 2307 455 2338 adversus
470 2307 636 2346 episcopos
653 2317 668 2334 ιι
686 2305 841 2342 condidit,
868 2305 1019 2343 quodque
1038 2303 1160 2334 Tollius
1175 2304 1282 2334 Graece
1302 2304 1423 2342 primus
1439 2306 1593 2345 vulgavit,
1610 2307 1656 2338 sic
1676 2308 1794 2338 amaris

173 2357 291 2388 salibus
309 2360 433 2396 poetam
456 2357 555 2395 carpit
582 2366 590 2386 :
610 2367 624 2384 α
638 2355 716 2386 Cum
736 2363 811 2386 vero
839 2354 927 2385 omni
945 2355 1020 2389 vita,
1051 2358 1117 2383 tum
1142 2357 1172 2384 et
1191 2354 1277 2383 cultu
1296 2353 1447 2393 victuque
1473 2357 1663 2387 monachum
1685 2357 1794 2395 potius

173 2409 383 2440 severissima!
408 2408 610 2448 integritatis,
640 2417 736 2448 quam
755 2411 849 2438 tantae
878 2405 1045 2444 dignitatis
1071 2408 1178 2443 ageret
1192 2413 1228 2436 ac
1244 2404 1376 2436 referret
1398 2406 1606 2446 episcopum;
1623 2407 1660 2437 ad
1677 2407 1742 2437 hinc
1761 2409 1793 2438 et

172 2459 300 2491 altiores
315 2460 356 2491 ob
373 2460 587 2491 eruditionem
614 2460 844 2499 del'ensamque
863 2458 917 2488 SS.
938 2458 1108 2488 Trinitatis
1137 2457 1314 2488 doctrinam
1333 2458 1464 2497 spiritus
1477 2467 1588 2498 gerere
1615 2459 1792 2496 videretur,

173 2511 452 2551 Cieeronianaeque
466 2511 676 2543 imbecillitati
694 2510 812 2547 amnis,
829 2514 862 2540 ut
879 2509 935 2540 ille
964 2509 1166 2540 consulatum
1183 2517 1276 2539 suum
1294 2513 1324 2540 et
1339 2509 1509 2548 expulsum
1528 2511 1605 2540 urbe
1621 2509 1791 2541 Catilinam

172 2564 320 2594 orantibus
337 2568 459 2595 tantum
483 2570 549 2594 non
566 2561 653 2592 horis
680 2559 886 2595 memorabat,
903 2558 946 2588 ita
962 2562 993 2588 et
1010 2558 1081 2597 ipse
1097 2562 1252 2589 contusos
1271 2559 1410 2589 Arianos
1425 2563 1455 2590 et
1472 2567 1562 2590 suam
1576 2560 1725 2590 Triadem
1742 2569 1794 2591 as-

171 2613 264 2644 sidue
280 2614 475 2652 prtedicaret,
501 2613 665 2650 ingentem
681 2609 743 2640 sibi
761 2607 972 2648 quorumdam
992 2616 1126 2638 suorum
1153 2608 1428 2647 presbyterorum,
1445 2609 1647 2648 aliorumque
1663 2609 1791 2648 episco-

171 2671 284 2702 porum
304 2663 450 2694 conﬂavit
466 2662 622 2693 invidiam
654 2685 661 2692 .
675 2684 701 2692 ..
723 2661 799 2691 Sero
817 2659 946 2698 sapiunt
965 2659 1122 2698 Phryges.
1141 2659 1330 2699 Gregorius,
1346 2660 1401 2700 qui
1419 2661 1692 2700 promptissimum
1707 2661 1792 2692 hunc

171 2720 337 2742 assensum
355 2719 418 2741 non
436 2714 653 2750 exspectaret;
669 2709 795 2749 propria
809 2718 844 2740 se
862 2712 988 2748 captum
1005 2709 1118 2740 videns
1135 2709 1338 2748 ingenuitate
1354 2710 1466 2747 animi,
1486 2719 1667 2750 quanquam
1683 2712 1792 2742 statim

171 2760 242 2792 l'acti
259 2761 441 2800 ptenitebat,
459 2762 581 2800 pudore
597 2763 704 2790 tamen
721 2759 892 2793 adductus,
914 2758 961 2788 ‘in
977 2758 1136 2790 sententia
1164 2760 1304 2798 perstitit
1330 2782 1339 2790 .
1355 2781 1365 2790 .
1380 2781 1389 2789 .
1416 2761 1499 2790 Hinc
1514 2760 1620 2791 statim
1644 2765 1726 2792 natae
1743 2761 1792 2792 hte

171 2813 321 2851 querelae,
351 2812 426 2844 hinc
450 2812 523 2848 illa),
558 2814 592 2842 ut
615 2811 656 2842 ita
687 2810 803 2847 dicam,
820 2810 965 2848 lacrymm
991 2812 1023 2840 et
1039 2810 1144 2841 caeteri
1163 2810 1279 2849 throni,
1307 2811 1338 2842 in
1354 2812 1473 2851 quibus
1503 2816 1533 2844 et
1549 2814 1790 2853 patientiam,et

171 2863 269 2894 animi
300 2863 408 2900 robur,
438 2871 473 2894 ac
502 2862 750 2895 moderationem
767 2863 815 2894 .iu
845 2866 907 2894 tam
924 2862 1024 2901 probo
1053 2863 1122 2895 viro
1139 2863 1302 2896 desideres
1320 2886 1328 2895 .
1343 2886 1351 2895 .
1366 2888 1374 2896 .
1392 2865 1578 2907 Ciceronem
1604 2876 1681 2899 sane
1696 2875 1790 2899 nemo
