2058 3128
272 214 308 242 35
779 209 965 238 PREFATIO
983 208 1084 237 GENVEI

1083 195 1240 237 aausﬁ—
1258 208 1349 237 rans
1369 209 1404 237 ll.
1859 208 1895 237 δε

272 270 387 302 melius
403 267 563 308 expressit
579 267 655 305 vita,
672 266 828 304 moribus,
857 267 1054 308 eloquentia.
1067 267 1208 304 fortuna,
1226 275 1328 306 usque
1344 266 1375 297 in
1389 265 1560 303 exsilium;
1578 269 1609 298 et
1628 264 1661 297 in
1676 265 1805 304 exsilio,
1820 269 1892 298 uter

273 320 399 352 mollior
417 320 467 350 vix
487 319 655 359 quisquam
672 317 798 348 dixerit.
811 329 826 346 in

310 369 420 408 Neque
437 376 510 399 vero
529 368 578 398 his
596 370 767 398 contentus
787 366 926 403 Tollius,
945 367 1135 405 Gregorium
1165 365 1269 397 adhuc
1285 366 1413 406 gravius
1429 365 1612 405 perstringit
1626 374 1660 396 in
1674 369 1758 396 notis
1772 366 1809 396 ad
1827 373 1893 396 car-

272 418 357 449 mina
374 428 391 449 a
408 427 442 449 se
457 418 592 457 vulgata.
610 416 656 447 Ad
680 417 821 456 primum
840 425 966 447 versum
984 416 1132 447 carminis
1156 417 1310 447 adversus
1337 415 1503 454 episcopos
1519 416 1562 454 (p.
1584 415 1613 455 ιι)
1633 426 1641 446 :
1659 417 1739 446 «Est
1755 415 1786 446 in
1804 414 1892 446 hisce

274 467 336 502 vir,
359 467 479 506 inquit,
496 465 719 496 sanctissimus
736 464 858 504 aliquid
875 465 1005 495 humani
1025 474 1158 504 passus;
1174 465 1285 504 optimi
1301 465 1432 505 quidem
1449 467 1576 497 consilii
1592 471 1689 507 atque
1706 467 1892 503 voluntatis,

272 519 329 550 sed
346 519 377 549 in
405 518 545 549 ferendis
573 516 702 556 injuriis
723 516 888 555 aliquanto
904 525 998 556 quam
1015 516 1180 556 oportebat
1204 516 1343 552 mollior,
1361 516 1532 555 minusque
1556 527 1572 548 a
1592 518 1744 549 conviciis
1761 522 1790 548 et
1806 527 1893 548 neer-

272 571 383 607 bitate,
406 578 478 610 quia
494 569 710 600 Christianum
734 568 878 606 dedecet,
909 571 1099 607 temperans.
1115 579 1129 596 ν
1145 569 1230 605 Quin
1248 572 1277 599 et
1295 568 1358 599 haec
1375 568 1490 607 scripta
1517 577 1589 599 esse
1617 569 1740 599 dixerat
1758 569 1893 605 Tollius,

273 626 365 653 aucto
380 630 418 652 ex
435 620 619 659 poenitentia
638 624 669 651 et
697 621 954 652 adversariorum
973 621 1120 651 ludibriis
1137 621 1258 656 dolore,
1274 621 1454 660 irritatique
1469 621 1542 652 inde
1556 621 1587 651 in
1608 621 1689 652 hanc
1705 620 1802 651 veluti
1824 621 1894 651 vin-

273 672 387 703 dictam
410 670 483 709 aegri
497 671 561 709 jam
577 671 675 702 nimis
690 671 793 701 animi
815 671 1064 710 perturbatione.
1088 671 1135 701 Ad
1153 679 1277 701 versum
1294 671 1332 702 18
1348 670 1492 710 ejusdem
1512 671 1673 708 carminis,
1689 671 1742 702 ubi
1757 672 1801 702 ait
1815 671 1894 702 Gre-

272 723 406 762 gorius:
430 723 622 754 «Neminem
639 722 669 752 in
686 722 727 752 iis
747 730 818 762 quae
833 722 935 753 dicam
962 721 1132 755 indicabo:
1149 726 1286 753 attamen
1311 734 1340 758 ι,
1356 723 1461 762 inquit
1479 724 1604 754 Tollius
1621 725 1665 763 (p.
1680 724 1723 764 5),
1743 736 1757 752 «
1778 724 1808 754 id
1827 733 1895 755 car-

272 777 357 806 mine
387 776 426 806 de
445 776 507 806 vita
535 784 593 806 sua
614 775 748 814 impigre
777 779 806 805 et
825 775 994 813 peracerbe
1026 774 1121 811 fecit;
1137 787 1151 803 ιο
1176 775 1207 805 id
1228 780 1287 811 est,
1306 775 1495 806 nominavit.
1512 774 1609 805 Addit
1626 775 1758 814 insuper
1768 774 1893 805 Tollius

272 826 314 866 (p.
330 828 359 866 6)
376 838 384 857 :
401 837 416 855 α
431 828 473 858 ita
487 830 596 857 exat-te
624 826 665 856 iis
693 824 879 863 designatis,
899 833 981 864 quos
1002 825 1197 864 perstringit,
1225 829 1258 855 ut
1277 825 1463 855 nominasse
1479 831 1546 854 non
1567 832 1647 863 opus
1662 824 1775 860 fuerit;
1791 825 1847 854 sed
1863 826 1894 854 et

272 880 345 910 alibi
362 879 534 909 Maximum
553 877 719 909 nominat.
735 900 742 907 .
758 899 766 908 .
785 876 854 915 ejus
873 884 993 908 comam
1014 876 1093 906 adeo
1112 875 1248 915 satyrice
1265 875 1405 914 exagitat
1421 878 1451 906 et
1465 875 1545 906 adeo
1560 883 1683 914 aspere,
1697 879 1732 906 ut
1745 874 1823 905 nihil
1842 883 1895 905 su-

272 940 336 971 pra.
352 930 433 967 Quid
446 931 460 960 ?
478 930 594 970 inquit,
614 930 762 969 laqueum
783 937 960 968 proponere
978 928 1110 959 inimico
1128 928 1164 958 ad
1182 928 1405 967 suspendium,
1434 930 1469 958 ut
1488 926 1569 959 nihil
1585 928 1625 958 de
1641 927 1796 958 conviciis
1822 925 1894 956 istis

272 984 384 1019 dicam,
402 983 582 1014 hominisne
598 985 643 1014 est
665 981 827 1013 Christum
859 981 1033 1012 sectantis?
1049 982 1118 1012 Non
1137 981 1272 1012 videtur.
1303 980 1448 1020 Denique
1463 992 1477 1009 »
1498 980 1537 1010 ad
1553 978 1700 1010 carminis
1716 977 1746 1014 5,
1763 984 1845 1007 vers.
1863 977 1893 1012 1,

272 1034 318 1073 (p.
332 1033 382 1074 8h)
409 1045 423 1061 α
445 1033 623 1073 Capistrum
641 1034 688 1064 ori
704 1042 765 1065 suo
783 1034 979 1073 impositum,
1008 1037 1261 1073 praereptamque
1276 1033 1415 1064 docendi
1433 1032 1561 1072 publice
1577 1031 1756 1063 facultatem
1771 1030 1892 1068 Grego-

272 1086 340 1116 rius
358 1085 543 1124 gravissime
559 1086 630 1115 tulit
647 1089 688 1116 et.
709 1109 716 1116 .
734 1108 740 1116 .
755 1109 762 1117 .
788 1085 911 1116 acerbis
942 1085 1110 1125 questibus
1128 1085 1292 1124 deplorat;
1325 1093 1399 1123 ergo
1417 1092 1503 1115 nunc
1528 1083 1562 1114 in
1586 1081 1784 1113 adversarios
1802 1087 1894 1118 suos,

273 1136 329 1175 qui
347 1144 418 1166 eum
437 1135 527 1165 malis
541 1135 664 1167 artibus
678 1138 716 1168 ad
734 1137 937 1176 episcopatus
953 1137 1188 1167 abdicationem
1203 1137 1434 1176 compulerant,
1452 1135 1586 1176 satyrico
1603 1134 1776 1165 invehitur.
1790 1144 1805 1161 ι

310 1186 462 1224 Gregorio
477 1186 600 1226 aequior
615 1196 677 1219 non
695 1187 754 1219 fuit
773 1189 946 1228 Dupinius,
977 1189 1030 1228 qui
1046 1189 1084 1220 de
1102 1197 1140 1219 eo
1155 1189 1226 1219 talia
1250 1189 1390 1220 scribere
1407 1197 1471 1220 non
1491 1191 1540 1218 est
1566 1183 1687 1215 verilus
1707 1182 1748 1221 (ai
1769 1181 1896 1213 πεῖθ’

270 1239 380 1278 gorius
395 1239 525 1278 quidem
560 1237 725 1278 piissimus
754 1238 828 1275 fuit,
857 1239 912 1269 sed
930 1239 1026 1269 homo
1055 1239 1149 1278 paulo
1166 1239 1272 1268 minus
1292 1239 1524 1273 consideratus,
1547 1238 1576 1265 et
1600 1231 1737 1271 negotiis
1753 1231 1893 1263 inantus.

270 1293 372 1324 Tanto
385 1292 570 1323 solitudinis
595 1291 758 1322 desiderio
774 1291 938 1330 flagrabat,
971 1295 1005 1322 ut
1023 1291 1125 1328 nullo,
1143 1291 1229 1329 quod
1257 1291 1297 1321 ab
1313 1300 1348 1322 ea
1372 1290 1564 1325 retrahebat,
1592 1288 1695 1318 oﬂicio
1728 1286 1782 1317 diu
1807 1284 1895 1323 fungi

271 1344 390 1378 posset.
418 1341 554 1379 Aggredi
587 1349 636 1370 res
654 1340 781 1372 arduas.
799 1348 939 1375 moxque
957 1344 1123 1379 susceptas
1149 1341 1329 1380 relinquere
1365 1341 1487 1379 pernix.
1508 1341 1587 1370 Cum
1602 1344 1664 1370 tres
1695 1337 1896 1376 episcopatus

270 1389 430 1426 habuerit,
447 1399 486 1420 ne
504 1397 602 1420 unum
629 1389 758 1428 quidem
775 1388 920 1428 legitime
936 1389 1087 1420 habuisse
1107 1389 1169 1419 dici
1189 1394 1303 1428 potest.
1332 1389 1466 1428 Ingenio
1490 1394 1555 1420 erat
1573 1389 1747 1427 Gregorius
1764 1393 1893 1416 moroso

272 1444 303 1471 et
317 1441 464 1480 satyrico,
479 1445 508 1471 et
525 1441 565 1470 ita
582 1440 619 1471 ad
631 1439 804 1479 jocandum
824 1447 940 1478 procax
957 1442 993 1469 ut
1010 1438 1133 1469 nemini
1149 1441 1302 1476 parceret,
1319 1446 1354 1468 ac
1372 1447 1411 1468 ne
1438 1438 1567 1476 quidem
1584 1437 1755 1477 episcopis,
1772 1436 1892 1475 quibus

222 1511 226 1517 .
273 1490 494 1529 eratapprime
522 1489 683 1520 infensus.
708 1489 766 1524 lla,
782 1497 876 1527 quem
898 1489 1042 1527 impense
1064 1489 1153 1528 prius
1170 1488 1323 1526 laudarat,
1341 1488 1474 1519 Maximi
1497 1487 1613 1519 famam
1633 1487 1709 1519 atris
1721 1486 1895 1518 admodum

274 1543 306 1569 et
323 1540 360 1570 ad
374 1545 537 1579 stuporem
556 1538 727 1570 infuscavit
744 1538 905 1569 coloribus
921 1547 956 1570 ac
971 1539 1162 1578 denigravit.
1177 1550 1192 1568 η

309 1589 431 1620 Vellem
449 1594 483 1620 ut
499 1589 615 1620 eruditi
636 1589 695 1619 viri
715 1589 769 1629 qui
787 1588 852 1620 haec
867 1589 906 1618 de
932 1589 1087 1627 Gregorio
1109 1589 1255 1620 sentiunt
1283 1593 1313 1620 et
1329 1587 1453 1627 dicunt,
1469 1589 1600 1621 nomina
1618 1598 1739 1626 eorum,
1757 1595 1895 1625 quorum

271 1640 385 1671 famam
403 1641 542 1679 maligno
561 1641 656 1671 dente
687 1640 887 1679 prosciderit,
904 1640 937 1670 in
968 1641 1110 1671 medium
1131 1641 1322 1680 proferrent.
1341 1642 1419 1672 Nam
1447 1642 1534 1680 quod
1564 1642 1684 1679 spectat
1702 1639 1893 1673 Maximum,

272 1698 368 1729 quem
386 1699 484 1720 unum
505 1695 682 1730 opponunt,
712 1692 790 1723 nihil
808 1700 926 1723 moror.
954 1692 1078 1723 Interea
1106 1701 1180 1723 vero
1198 1693 1291 1723 nobis
1319 1693 1365 1723 fas
1383 1698 1431 1723 est
1447 1693 1497 1723 his
1514 1690 1665 1723 com/iciis
1682 1692 1712 1720 et
1726 1687 1896 1719 calumniis

271 1739 378 1770 omnia
395 1741 538 1779 Gregorii
556 1749 652 1781 Opera
678 1748 738 1774 tam
754 1745 929 1780 orationes,
953 1753 1049 1784 quam
1077 1745 1231 1784 epistolas
1249 1749 1279 1775 et
1296 1745 1436 1776 carmina
1462 1752 1635 1784 Opponere.
1661 1742 1829 1780 Legantur,
1847 1740 1897 1770 in-

271 1801 378 1832 quam,
397 1793 570 1828 orationes,
607 1797 745 1826 maxime
775 1806 854 1836 quas
875 1797 985 1827 habuit
1000 1797 1038 1827 de
1057 1796 1274 1827 moderatione
1290 1796 1324 1827 in
1348 1797 1622 1836 disputationibus
1639 1793 1806 1830 servanda,
1832 1797 1896 1824 etc.

270 1843 430 1882 Legantur
450 1843 602 1882 epistolae,
621 1845 654 1875 in
671 1846 803 1885 quibus,
818 1847 904 1877 velut
923 1848 955 1877 in
971 1847 1047 1882 lilio,
1066 1847 1205 1886 parentis
1223 1847 1327 1885 imago
1360 1847 1554 1886 resplendet.
1571 1847 1618 1878 Ibi
1636 1845 1784 1877 liberales
1816 1844 1893 1884 joci,

268 1893 521 1932 jucundissimus
536 1895 566 1925 in
580 1896 715 1935 jocando
732 1898 830 1937 lepos,
850 1899 980 1937 argutia;
996 1907 1089 1930 inerte
1106 1908 1140 1930 ac
1158 1907 1301 1934 veneres,
1319 1900 1374 1930 sed
1391 1903 1504 1938 satyrce
1521 1898 1628 1930 nullre.
1649 1898 1811 1934 Leganlur
1827 1894 1895 1933 epi-

270 1948 360 1978 stolae
375 1947 412 1978 ad
437 1949 642 1980 Theodorum
671 1954 701 1980 et
726 1950 765 1980 ad
784 1950 1000 1982 'l‘lieoctenum
1018 1951 1076 1991 (b),
1109 1961 1246 1991 quarum
1267 1953 1359 1988 iram,
1386 1952 1648 1990 desideriumque
1676 1950 1822 1980 vindictae
1836 1956 1895 1979 suo

269 1995 373 2036 ipsius
390 1997 538 2036 exemplo
566 1999 761 2038 comprimit.
793 2000 954 2038 Legantur
980 2002 1073 2031 etiam
1103 2002 1241 2031 carmina
1263 2002 1302 2040 (τε)
1324 2012 1331 2031 :
1351 2001 1509 2040 legantur,
1548 2001 1691 2039 inquam,
1710 1999 1757 2030 vel
1776 2007 1810 2029 ea
1828 1999 1895 2036 ipsa

272 2047 357 2078 unde
373 2048 588 2077 calumniandi
618 2057 726 2078 ansam
743 2050 877 2088 arripuit
905 2050 1043 2080 Tollius.
1074 2051 1162 2080 Hanc
1189 2050 1250 2080 sibi
1269 2050 1374 2080 statim
1405 2049 1547 2087 regulam
1564 2049 1674 2079 statuit
1693 2046 1894 2086 Gregorius:

273 2107 288 2125 α
301 2097 461 2128 Conviciis
477 2097 606 2136 quidem
629 2099 788 2136 exagitare
817 2097 862 2128 fas
881 2107 943 2129 non
959 2103 1006 2130 est
1026 2108 1241 2139 quemquam;
1274 2104 1306 2130 et
1325 2104 1358 2130 ut
1383 2100 1530 2130 homines
1545 2100 1651 2130 cuncti
1667 2100 1705 2129 ab
1719 2107 1756 2128 eo
1770 2099 1891 2129 abhor—

272 2153 353 2186 rent,
369 2150 410 2180 ita
440 2149 644 2189 peculiariter
662 2147 729 2187 ipse
758 2147 872 2179 vitium
890 2147 949 2179 hoc
967 2149 1057 2179 odi.»
1074 2148 1142 2185 Vel,
1159 2152 1191 2178 ut
1214 2149 1282 2188 ipse
1296 2150 1389 2180 vertit
1407 2150 1532 2180 Tollius
1561 2148 1607 2188 (p.
1621 2150 1674 2184 5):
1696 2160 1710 2177 α
1725 2149 1893 2180 Neminem

271 2208 348 2231 Vero
363 2199 396 2229 in
411 2199 460 2230 liis
476 2207 548 2239 quae
563 2199 682 2234 dicam,
699 2197 862 2234 indicabo,
882 2198 1001 2228 veritus
1024 2206 1064 2228 no
1080 2207 1271 2238 quemquam
1288 2199 1479 2230 calumniari
1498 2200 1628 2237 videar;
1644 2209 1715 2240 quia
1728 2209 1777 2231 res
1794 2204 1825 2231 et
1841 2207 1897 2239 per

271 2256 308 2280 se
327 2248 434 2279 illicita
454 2252 515 2285 est,
541 2251 572 2279 et
598 2246 676 2278 mihi
693 2254 755 2285 prie
775 2246 885 2284 primis
902 2254 1008 2277 exosa.
1028 2246 1101 2276 Non
1122 2248 1206 2277 enim
1226 2257 1421 2288 quemquam
1438 2249 1626 2288 designabo,
1642 2260 1681 2282 ne
1699 2250 1838 2290 proferre
1853 2249 1897 2280 vi-

271 2300 347 2333 dear
365 2300 397 2330 in
422 2300 525 2331 lucem
548 2308 619 2340 qum
649 2298 834 2329 occultanda
866 2301 966 2329 erant.
982 2309 996 2325 ι
1027 2298 1064 2327 Et
1082 2298 1176 2336 paulo
1191 2301 1262 2337 post
1278 2299 1322 2339 (ά)
1341 2310 1348 2328 :
1367 2311 1382 2327 α
1395 2300 1430 2329 Et
1447 2300 1582 2340 quinam
1597 2302 1662 2331 sint
1686 2301 1760 2331 mali
1778 2298 1896 2339 patebit

271 2353 435 2391 deinceps,
455 2352 510 2382 ubi
537 2359 638 2382 meam
656 2351 833 2381 orationem
851 2357 1040 2389 oppugnans
1059 2350 1226 2381 manifesto
1252 2354 1282 2381 te
1311 2351 1529 2390 tuimetipsius
1553 2355 1767 2384 accusatorem
1791 2350 1897 2381 decla-

270 2403 426 2435 raveris.»
440 2402 612 2438 Nimirum,
632 2403 667 2431 ut
682 2408 754 2431 cum
777 2399 885 2430 Tullio
907 2399 1021 2439 loquar
1036 2400 1086 2440 (ο),
1111 2411 1126 2428 α
1140 2409 1199 2439 ego
1218 2401 1381 2432 neminem
1399 2403 1544 2434 nomino.
1561 2403 1666 2439 Quare
1689 2401 1784 2433 irasci
1800 2407 1895 2432 nemo

273 2453 352 2484 mihi
372 2453 483 2491 poterit
500 2463 508 2489 ;
526 2452 588 2482 nisi
607 2453 663 2491 qui
687 2456 760 2483 ante
776 2452 814 2482 de
830 2461 863 2482 se
882 2451 1017 2483 voluerit
1048 2453 1204 2484 conﬁteri.
1219 2464 1233 2481 »
1250 2453 1328 2489 Quae
1344 2453 1438 2484 verba
1460 2455 1678 2494 Hieronymus
1694 2453 1732 2484 ad
1747 2452 1896 2490 Nepotia-

272 2511 351 2534 num
371 2502 407 2541 (Γ)
435 2502 474 2532 de
491 2502 679 2533 clericorum
712 2501 797 2532 vitiis
815 2505 845 2532 et
860 2501 929 2541 ipse
949 2502 1121 2542 disputans
1150 2507 1297 2543 usurpat,
1319 2506 1353 2534 ut
1368 2504 1405 2534 ad
1422 2504 1590 2536 Rusticum
1614 2504 1668 2543 (g),
1698 2510 1737 2534 ex
1763 2502 1895 2542 prologo

271 2552 347 2585 libri
365 2552 461 2590 tertii,
481 2551 668 2583 thdriana
687 2562 695 2581 :
715 2550 802 2588 «Qui
828 2551 1009 2590 generalem
1022 2552 1062 2583 de
1094 2552 1183 2583 vitiis
1197 2552 1449 2592 disputationem
1466 2554 1498 2584 in
1515 2563 1605 2586 suam
1622 2553 1763 2585 referunt
1781 2556 1896 2583 centu-

273 2606 399 2637 meliam
415 2628 442 2637 ..
457 2628 464 2636 .
477 2614 567 2636 suam
580 2603 722 2636 indicant
738 2604 964 2636 conscientiam
979 2615 987 2642 ;
1003 2617 1017 2634 υ
1036 2605 1083 2637 vel
1100 2606 1274 2646 ipsissimis
1291 2607 1416 2638 Phaadri
1439 2608 1545 2638 verbis
1561 2605 1751 2645 elegantius,
1769 2615 1784 2631 ιι
1798 2605 1896 2634 stulto

274 2656 440 2687 nudabunt
467 2655 567 2687 animi
592 2655 833 2687 conscientiam.
848 2667 862 2685 ι
892 2655 982 2687 Unde
1006 2657 1225 2697 Hieronymus
1253 2663 1365 2690 contra
1379 2660 1526 2699 Ruﬁnum
1542 2657 1737 2698 generaliter
1751 2664 1896 2696 pronun-

274 2705 329 2737 tiat
345 2705 385 2745 (Ιι)
404 2716 412 2736 :
430 2716 444 2733 «
457 2706 591 2742 Quando
606 2706 675 2738 sine
691 2707 825 2739 nomine
840 2711 948 2741 contra
963 2709 1041 2740 vitia
1056 2710 1228 2748 scribitur;
1247 2712 1302 2751 qui
1322 2711 1481 2749 irascitur,
1500 2715 1665 2743 accusator
1679 2709 1732 2742 sui
1748 2711 1808 2741 est.
1824 2719 1840 2738 »

322 2777 551 2819 51‘)ii_ilil.ec_cles..
568 2783 586 2808 ι.
599 2780 670 2819 i[._p.
687 2779 741 2808 655

733 2780 741 2807 ἰ
1142 2788 1176 2818 (ε)
1191 2783 1244 2819 Pro
1260 2783 1316 2819 lege
1332 2778 1481 2815 Μὴιῖἰὶηηθ.
1500 2782 1545 2812 15.

322 2777 348 2812 ri)
360 2777 428 2819 Bibl.
444 2778 551 2811 ecclcs.,
568 2783 586 2808 ι.
600 2780 633 2811 ll.
644 2787 670 2815 p.
687 2779 741 2808 655
1142 2788 1176 2818 te)
1191 2783 1244 2810 Pro
1260 2783 1316 2819 lege
1332 2778 1481 2815 Μὴιῖἰὶηηθ.
1500 2782 1546 2812 15.

308 2777 334 2882 gl;
363 2813 446 2862 epist.
458 2814 492 2840 al.
510 2815 543 2855 8t
555 2821 582 2842 et
596 2816 657 2843 198.
830 2851 837 2858 ἱ
1107 2851 1118 2855 _
1154 2818 1175 2853 Γ)
1194 2818 1320 2859 Ηίετεερ.
1334 2819 1378 2850 55,
1392 2825 1412 2860 t.
1429 2819 1473 2851 IV.
1490 2827 1547 2854 par.
1563 2827 1594 2850 II.
1609 2827 1637 2855 p.
1655 2818 1719 2847 εὕει

320 2813 347 2882 6i
360 2848 449 2875 (κιτιη-
461 2851 494 2876 de
507 2857 596 2882 seipse
611 2857 636 2880 ct
649 2851 777 2881 adversus
794 2858 935 2882 episcopos
947 2871 955 2882 .
969 2858 993 2880 ν.
1013 2851 1047 2881 19
1142 2825 1179 2882 iu)
1196 2854 1245 2882 Iit.
1263 2854 1339 2882 li)|'ll..
1356 2858 1434 2882 εοιδι.
1449 2854 1493 2882 95.
1507 2863 1532 2882 n.
1551 2854 1612 2881 77t.

320 2813 347 2882 βξ
363 2813 446 2855 ιξνίδι·
458 2814 492 2840 al-
510 2815 543 2855 εξ
555 2821 582 2842 el
596 2813 657 2843 198}
830 2851 837 2858 '
1107 2851 1118 2855 _
1145 2813 1175 2853 Τ)
1194 2818 1268 2846 Hier.
1278 2813 1320 2852 ep.
1334 2819 1378 2850 55,
1394 2825 1412 2846 ι.
1429 2813 1473 2851 iV,
1490 2827 1547 2854 par.
1563 2827 1594 2850 Ii.
1609 2827 1612 2853 χ

320 2848 449 2894 exitum].
461 2851 494 2876 de
507 2857 596 2885 seipse
611 2857 636 2880 ct
649 2851 777 2881 adversus
794 2858 935 2888 episcopos
946 2871 955 2888 ,
969 2858 993 2880 ν.
1013 2851 1047 2881 19
1078 2889 1092 2892 _
1142 2825 1179 2894 ξφ)
1196 2854 1245 2894 Id,
1263 2854 1339 2894 iuga...
1356 2855 1434 2894 epist.
1449 2854 1493 2887 95,
1504 2863 1532 2894 ρ,
1551 2854 1612 2881 77t.

272 2886 301 2911 et
311 2890 399 2926 seqq:
457 2918 490 2926 Μ
811 2886 819 2887 '
885 2886 895 2888 “
946 2886 951 2888 ⁷
1078 2889 1092 2892 “
1140 2886 1179 2924 (Ia)
1194 2888 1257 2918 Adv.
1275 2887 1350 2924 Ru'f.,
1364 2886 1412 2917 lib.
1430 2897 1449 2924 i,
1467 2894 1486 2917 ι.
1504 2886 1534 2924 ll,
1551 2894 1620 2925 part.
1635 2898 1665 2924 ιι,
1678 2897 1704 2926 p.
1721 2889 1784 2918 561.

309 2916 442 2953 (d)'Vers.
457 2918 501 2949 29.
