2058 3128
193 196 230 225 51
700 192 884 221 PRAEFATiO
903 193 1107 222 GENERAIJS.
1129 210 1163 216 —
1181 193 1271 223 PARS
1290 196 1320 224 ιι.
1781 196 1819 227 53'

232 255 454 287 Coaticescant
473 253 571 292 igitur
600 255 696 290 atque
712 252 913 288 erubescant,
942 252 998 291 qui
1016 252 1173 291 Gregorio
1197 253 1331 284 crimina
1350 253 1503 291 inferunt,
1523 262 1595 292 qua:
1614 254 1734 291 oderat,
1752 261 1780 286 et
1798 266 1813 286 ιι

193 307 313 348 quibus
331 308 354 334 ἰ
367 303 571 344 peculiariter
585 303 787 334 abhorrebat.
803 314 818 331 ι»
846 303 1014 334 Neminem
1033 312 1227 344 quemquam
1242 306 1409 340 conviciis,
1431 306 1480 336 vel
1496 307 1615 346 satyris
1634 307 1810 344 lacessivit,

194 368 252 390 nec
270 359 330 390 nisi
346 357 504 397 generalis
523 356 593 396 ejus
610 355 647 385 de
670 355 757 385 vitiis
777 359 825 387 est
843 355 1029 394 disputatio.
1045 356 1087 386 At
1105 357 1281 387 nominavit
1297 357 1484 393 Maximum,
1513 358 1651 398 inquies.
1688 358 1809 395 Quidni

193 409 389 441 nominasset
404 409 556 438 Proteum
589 407 694 442 illum,
712 407 835 445 lupum,
858 407 1030 438 Christiani
1046 408 1134 439 orbis
1155 409 1253 440 totius
1279 409 1431 447 fabulam,
1456 412 1633 450 notumque
1650 410 1815 449 perturba-

195 465 293 492 torem
305 462 319 491 ?
333 460 474 491 Hoccine
490 459 620 490 demum
648 463 697 489 est
713 459 881 497 denigrare
909 459 1072 490 hominem
1085 462 1100 490 ?
1123 461 1265 493 Hoccine
1283 461 1397 493 famam
1415 462 1485 501 ejus
1500 462 1575 492 atris
1591 461 1762 491 admodum
1782 463 1814 491 et

193 515 232 542 ad
247 517 407 550 stuporem
423 510 585 541 coloribus
609 510 771 541 infuscare
784 511 798 540 τ’
814 511 882 541 lmo
910 512 998 547 vero,
1013 511 1068 551 qui
1087 512 1157 543 talia
1181 512 1276 550 fatur,
1293 513 1396 543 nivem
1425 512 1562 552 aspergit
1580 511 1762 551 nigredine.
1779 515 1813 542 ut

192 562 374 601 Ethiopem
388 562 490 598 lavet;
517 563 546 592 et
562 561 632 592 viro
647 561 851 593 sanctissimo
877 562 1039 592 infamiam
1062 562 1176 600 inurit,
1194 567 1228 593 ut
1242 563 1396 602 perditam
1411 562 1508 602 impio
1525 562 1640 593 famam
1654 562 1812 593 restituat.

192 611 275 648 Quid
291 611 376 651 quod
386 611 482 650 longe
497 613 638 650 graviora
656 614 695 644 de
708 614 846 644 Maximo
864 614 972 646 reticet
987 614 1187 652 Gregorius?

230 662 349 692 Verum
366 660 407 701 (a)
426 671 441 690 α
454 666 582 693 caeteros
600 663 643 693 ita
669 663 826 702 designat,
856 667 890 694 ut
919 664 1101 694 nominasse
1117 673 1180 694 non
1198 673 1279 703 opus
1295 664 1401 695 fuerit.
1418 676 1432 694 in
1448 666 1598 697 Fatemur
1617 666 1648 696 id
1663 665 1807 705 quidem.

191 713 261 750 Qua
277 722 350 744 vero
366 713 523 749 cautione,
539 722 660 754 quaeso,
680 713 834 743 attendas.
861 712 971 743 Primo
990 721 1140 753 namque,
1166 721 1205 744 ne
1224 714 1255 744 io
1273 715 1486 753 episcopalem
1507 716 1652 746 ordinem
1678 715 1812 747 dicenda

191 766 412 797 derivarcntur
427 770 458 797 et
488 766 704 797 redundarent
737 766 885 796 admonet
905 766 1104 804 Gregorius:
1130 777 1145 794 «
1159 766 1226 797 Non
1245 767 1404 804 omnium,
1420 767 1526 807 inquit
1540 767 1593 807 (b),
1611 768 1810 799 mentionem

191 816 301 847 faciam
316 839 324 847 .
339 839 346 848 .
359 839 366 846 .
384 817 461 848 Nam
476 817 592 849 multos
609 817 703 848 etiam
721 817 808 853 novi,
835 818 874 848 de
890 818 1009 857 quibus
1031 817 1230 857 loquendum
1248 821 1295 849 est
1320 818 1498 849 honestius.
1528 819 1646 849 Verum
1661 819 1811 858 quisquis

191 869 358 908 improbus
386 872 444 904 est,
466 871 497 898 et
513 869 678 908 plusquam
697 869 821 908 improb
832 877 881 905 us,
908 869 991 900 vinci
1009 878 1044 900 se
1061 870 1248 910 domarique
1264 871 1400 910 patiatur
1419 870 1470 911 (ο).
1490 871 1564 901 Mali
1584 872 1743 912 quidquid
1762 874 1811 903 est

190 921 371 953 vulnerabit
395 921 550 952 orationis
565 920 711 959 gladius;
737 920 803 951 im'o
817 922 951 952 sicarios
967 926 998 952 et
1015 921 1202 957 homicidas,
1226 922 1282 962 qui
1309 922 1400 954 falsis
1416 923 1619 954 sermonibus
1651 927 1745 963 atque
1771 924 1810 954 ﬁ-

191 975 366 1013 gmentis,n
385 978 527 1013 pastores
542 974 709 1013 ipsamque
725 974 903 1005 doctrinam
921 974 1123 1012 infamantes,
1144 986 1158 1004 et
1173 975 1340 1007 innoxium
1365 977 1542 1007 animarum
1559 976 1748 1015 sanguinem
1766 975 1814 1006 ef-

190 1023 378 1054 fundebant.
393 1033 407 1050 n
430 1022 536 1053 Verbo
551 1022 666 1060 dicam,
684 1022 778 1062 lupos
799 1026 940 1063 pastores
957 1023 1141 1062 insectatur,
1159 1025 1305 1056 doctores
1329 1027 1457 1064 spurios
1474 1031 1504 1058 et
1519 1028 1729 1059 adulterinos.
1747 1028 1813 1058 Pu-

189 1079 279 1108 tasne
297 1084 374 1107 vero
397 1083 561 1115 nunquam
581 1075 689 1112 licere,
720 1075 879 1107 laudabile
904 1085 1069 1115 nunquam
1096 1085 1180 1112 essc,
1196 1076 1322 1107 ovinam
1351 1077 1464 1116 pellem
1481 1088 1516 1109 ac
1531 1080 1646 1110 larvam
1664 1080 1747 1119 lupis
1760 1081 1815 1111 de-

190 1130 326 1166 trahere,
357 1131 392 1160 ut
407 1128 522 1159 detecti
550 1130 808 1167 cognoscantur?
829 1129 886 1159 «Si
906 1128 1092 1167 reipublicae
1114 1129 1248 1160 interest
1264 1129 1409 1167 cognosci
1430 1129 1528 1160 malos
1542 1141 1550 1167 ;
1565 1141 1579 1158 ››
1605 1130 1745 1169 profecto
1762 1132 1813 1162 in-

190 1183 286 1211 terest
307 1179 469 1216 Ecclesiae,
500 1178 608 1209 minus
624 1178 812 1217 catholicos,
829 1177 992 1218 falsosque
1010 1182 1151 1217 pastores
1175 1187 1381 1217 cognoscere.
1397 1180 1434 1210 Et
1452 1180 1508 1219 qui
1526 1180 1641 1212 larvam
1659 1181 1810 1219 detrahit,

191 1234 224 1261 ut
241 1233 483 1268 cognoscantur,
497 1236 536 1260 ne
560 1231 697 1259 mactent
716 1228 917 1263 etfurentur,
936 1228 963 1257 is
981 1227 1154 1258 laudabilis
1172 1231 1234 1258 cst.

228 1280 262 1310 ld
276 1278 423 1318 praestitit
437 1277 622 1316 Gregorius,
639 1277 695 1316 qui
712 1276 894 1316 posthabito
912 1276 1034 1314 privato
1051 1276 1232 1320 commodo,
1248 1275 1498 1314 periclitantium
1516 1277 1609 1308 saluti
1629 1280 1809 1312 animarum

188 1332 402 1371 Ecclesieeque
418 1330 513 1362 totius
530 1329 715 1364 consulens,
732 1328 765 1358 in
784 1328 949 1366 improbos
965 1332 996 1358 et
1009 1327 1083 1358 vitia
1118 1327 1275 1358 calamum
1303 1327 1453 1363 strinxit;
1473 1328 1551 1358 nihil
1582 1330 1646 1360 nisi
1673 1332 1812 1362 cl-arita-

188 1387 266 1418 tem,
284 1382 470 1420 nisitpacem
486 1380 610 1419 spirans
628 1380 681 1420 id).
701 1381 765 1410 Ista
785 1381 865 1411 flens
884 1380 990 1418 potius
1008 1389 1102 1420 quam
1122 1380 1271 1410 mordens
1290 1379 1435 1418 scripsit;
1458 1380 1521 1411 imo
1537 1393 1550 1409 α
1568 1381 1680 1413 ludens
1699 1394 1713 1411 υ
1730 1391 1812 1414 nono
1843 1405 1845 1408 ‹

188 1441 364 1472 nunquam,
394 1432 470 1472 quia
495 1431 665 1463 ridiculum
683 1432 746 1462 acri
769 1440 819 1462 res
841 1431 957 1462 fortius
986 1440 1022 1462 ac
1050 1432 1166 1462 melius
1201 1431 1391 1471 plerumque
1414 1440 1522 1463 secare
1544 1437 1688 1464 noverat.
1710 1434 1812 1466 Miror

187 1482 304 1519 virum,
325 1482 445 1521 alioqui
462 1482 593 1520 ingenio
611 1474 797 1523 perspicaci,
811 1483 920 1513 lusum
940 1491 1002 1513 non
1022 1483 1233 1519 intellexisse,
1246 1483 1301 1513 ubi
1318 1483 1505 1521 Gregorius,
1518 1483 1653 1515 dubium
1670 1486 1709 1516 de
1720 1494 1810 1518 coma

187 1535 265 1575 quid
283 1535 375 1566 faciat
395 1544 430 1566 ac
446 1536 676 1574 propemodum
695 1536 920 1574 desperantem
945 1535 1093 1574 cynicum
1110 1535 1244 1573 fingens,
1261 1536 1488 1574 sermonajam
1504 1535 1613 1566 tritum
1631 1537 1658 1566 ei
1676 1546 1808 1575 prover-

186 1587 275 1617 bium
293 1586 406 1617 testivs
421 1585 562 1624 suggerit
580 1596 588 1616 :
609 1597 624 1613 α
643 1585 772 1624 Reliqui
789 1584 844 1615 tibi
868 1587 982 1623 praeter
1001 1584 1113 1615 malam
1133 1593 1257 1615 crucem
1271 1593 1335 1624 jam
1351 1584 1442 1616 video
1457 1585 1549 1616 nihil.
1564 1598 1578 1614 ι)
1601 1586 1679 1623 Quis
1698 1596 1809 1620 vanam

187 1639 281 1670 Tollii
299 1638 335 1679 (ε)
353 1638 614 1669 exclamationem
631 1637 698 1668 risu
712 1646 776 1667 non
791 1637 948 1678 excipiat?
965 1636 1037 1674 Cui,
1055 1637 1200 1677 inquam,
1221 1637 1319 1668 risum
1337 1645 1401 1667 non
1418 1640 1541 1667 m0veat
1558 1636 1623 1667 haec
1639 1636 1808 1668 verborum

187 1690 332 1729 Gregorii
348 1689 512 1728 acceptio?
528 1700 542 1717 α
560 1689 645 1726 Quid
661 1690 675 1718 ?
689 1690 851 1729 Laqueum
869 1697 1048 1728 proponere
1078 1689 1212 1720 inimico
1230 1689 1268 1720 ad
1286 1689 1515 1729 suspendium,
1542 1688 1727 1721 horninisne
1761 1694 1808 1721 est

186 1743 346 1773 Christum
362 1742 533 1773 sectantis?
552 1753 566 1770 ιο
586 1742 666 1778 Quis
696 1742 781 1772 enim
810 1743 919 1773 mitior
936 1742 1118 1781 Gregorio?
1145 1741 1279 1772 Etiamsi
1306 1741 1425 1781 scripta
1458 1743 1595 1771 tacerent
1621 1740 1711 1776 facta,
1738 1741 1808 1780 ipsa

186 1794 316 1826 Maximi
333 1794 476 1830 historia,
492 1798 558 1824 acta
574 1793 713 1830 concilii,
730 1793 850 1831 sicarii,
863 1793 986 1833 lapides
1005 1802 1088 1833 quos
1107 1793 1244 1833 excepit,
1272 1802 1330 1824 nec
1351 1801 1546 1832 quemquam
1566 1792 1678 1824 ulcisci
1694 1801 1808 1832 passus

186 1849 245 1876 est.

223 1898 259 1928 In
276 1896 326 1927 his
343 1905 414 1936 quae
430 1895 627 1935 objiciuntur
643 1893 791 1933 Gregorii
808 1893 1018 1930 carminibus,
1042 1892 1136 1929 nihil,
1165 1896 1219 1924 aut
1249 1892 1313 1924 fere
1342 1893 1421 1923 nihil
1451 1892 1536 1932 quod
1552 1893 1584 1923 in
1600 1892 1805 1932 Apolagetico

184 1958 244 1981 suo
254 1953 284 1981 et
298 1949 373 1980 alibi
387 1949 505 1989 passim
519 1947 556 1978 ad
573 1947 728 1986 pepulqu
746 1946 947 1978 orationibus
965 1954 1027 1976 non
1042 1945 1235 1984 reperiatur;
1254 1946 1318 1975 imo
1335 1945 1414 1975 nihil
1430 1946 1515 1984 quod
1529 1945 1560 1975 in
1577 1945 1645 1976 suis
1657 1945 1807 1974 Dcsacer-

184 1999 271 2030 ἀοιεο
290 2000 378 2031 libris
405 2008 468 2030 non
498 1999 661 2038 scripserit
686 1999 783 2038 paulo
805 2002 876 2037 post
901 1998 1164 2037 Chrysoslomus.
1180 1998 1249 2028 Non
1266 1997 1363 2036 igitur
1390 1997 1518 2028 animiet
1538 1997 1767 2034 imbecillitate,
1787 2007 1803 2026 ι

186 2060 250 2083 non
262 2063 276 2081 κ
292 2051 491 2090 aegritudine,
506 2063 520 2080 π
537 2058 599 2081 non
614 2061 629 2079 α
647 2050 788 2090 impositi
806 2049 932 2088 capistri
951 2061 965 2078 ιο
980 2049 1104 2086 dolore,
1121 2058 1186 2080 non
1215 2049 1382 2080 abdicatio:
1401 2048 1585 2088 poenitentia
1604 2060 1618 2076 »
1636 2049 1807 2087 episcOpa-

184 2105 247 2140 tus,
262 2111 333 2142 qua:
349 2102 435 2132 nulla
453 2101 524 2139 fuit,
554 2103 607 2132 illa
623 2102 811 2141 conscripsit
840 2102 1024 2140 Gregorius.
1042 2102 1209 2140 Figmenta
1225 2101 1290 2132 haec
1305 2105 1379 2131 sunt
1395 2101 1434 2131 ab
1455 2099 1659 2130 heterodoxis
1672 2099 1802 2138 prolata,

184 2154 266 2185 male
281 2163 297 2184 a
315 2154 505 2194 quibusdam
520 2154 691 2185 Catholicis
709 2154 853 2193 repetita.
870 2154 977 2193 Apage
995 2161 1082 2192 ergo,
1104 2153 1200 2189 Tolli,
1219 2152 1357 2191 lepidam
1376 2152 1457 2182 hanc
1476 2155 1573 2186 tuam,
1591 2149 1804 2189 imoinjurio-

182 2213 249 2236 sam
264 2205 297 2235 in
311 2205 498 2244 Gregorium
515 2207 799 2246 comparationem,
816 2215 878 2246 qua
895 2206 1099 2244 Theologum
1118 2214 1190 2237 cum
1205 2205 1361 2237 Cicerone
1377 2204 1562 2243 componis;
1575 2203 1635 2234 hoc
1651 2206 1712 2241 est,
1729 2214 1743 2230 α
1761 2203 1802 2233 ita

183 2253 292 2288 animo
307 2260 454 2297 perculso
469 2259 642 2298 etabjecto,
655 2262 686 2290 ut
698 2259 769 2289 sine
783 2267 932 2290 sermone
945 2259 1024 2295 ullo,
1035 2259 1104 2288 sine
1115 2257 1308 2296 cogitatione
1321 2257 1525 2296 ullajaceret,
1539 2265 1554 2283 »
1566 2253 1667 2294 utam
1686 2253 1802 2285 mentis

183 2316 290 2340 errore
306 2310 404 2340 teneri
421 2322 436 2340 ι
457 2310 550 2350 vulgo
566 2311 749 2342 crederetur
764 2310 816 2350 (gl.
834 2310 918 2347 Quid
937 2310 1063 2341 confers
1082 2310 1258 2340 violentum
1274 2312 1418 2340 coactum
1433 2306 1530 2338 Tullii
1549 2306 1712 2341 exsilium,
1729 2315 1801 2337 cum

183 2359 359 2390 voluntaria
375 2359 531 2399 Gregorii,
562 2365 594 2392 et
622 2361 772 2400 expetita,
801 2365 898 2401 atque
926 2361 1021 2391 etiam
1036 2363 1162 2394 extorta
1176 2361 1214 2391 ab
1243 2359 1447 2398 imperatore,
1464 2363 1494 2389 et
1514 2356 1658 2388 omnium
1673 2360 1799 2386 aetatum

182 2410 392 2443 admiratione
424 2413 543 2451 digna,
586 2412 948 2452 ConstantinOpolitanae
982 2413 1069 2443 sedis
1110 2412 1334 2444 abdicatione?
1370 2410 1410 2450 (ἡ)
1437 2409 1521 2446 Quid
1554 2416 1688 2447 puerum
1729 2412 1800 2438 tan-

183 2461 248 2490 tum
263 2468 327 2491 non
342 2460 527 2500 ejulantem,
543 2464 574 2492 et
590 2461 732 2495 ﬂetibus.
747 2470 786 2492 ne
803 2461 971 2497 scriberet,
990 2472 1004 2490 α
1020 2461 1222 2500 impeditum,
1240 2472 1255 2489 ››
1272 2469 1345 2491 cum
1360 2459 1477 2490 athleta
1493 2461 1525 2489 et
1538 2457 1678 2496 glorioso
1695 2467 1709 2484 σ
1726 2465 1800 2487 con-

181 2508 303 2541 fessore
325 2521 340 2539 ιι
359 2511 591 2554 componis(i)?
607 2513 736 2552 Legesis
754 2521 866 2544 omnes
891 2513 930 2544 ad
945 2513 1086 2545 Atticum
1103 2513 1267 2553 epistolas,
1284 2521 1355 2553 quae
1373 2513 1453 2543 libro
1470 2511 1563 2542 tertio
1578 2510 1797 2546 continentur,

179 2560 328 2600 Liviique
343 2562 554 2595 Historiarum
574 2564 690 2595 librum
706 2573 782 2602 cxx,
799 2568 829 2595 et
846 2568 908 2595 tuas
925 2567 954 2595 te
972 2564 1088 2604 pudeat
1105 2563 1360 2602 comparationis.

220 2613 366 2653 Denique
381 2615 457 2654 quid
474 2615 643 2648 ambitiosa
661 2616 715 2647 illa
734 2616 902 2648 Ciceronis
921 2619 951 2647 et
967 2623 1204 2655 usquequaque
1220 2615 1291 2645 fusa
1305 2612 1471 2653 jactantia,
1487 2620 1559 2644 cum
1575 2610 1797 2646 assidua,cum

180 2663 335 2702 modesta,
351 2674 423 2697 cum
442 2667 623 2698 necessaria
649 2670 681 2699 et
708 2666 859 2707 religiosa
885 2665 1109 2706 praedicatione
1137 2664 1330 2696 Trinitatis?
1357 2663 1443 2701 Quid
1467 2661 1584 2694 Christi
1602 2661 1642 2693 ad
1668 2659 1798 2692 Belial?

216 2779 254 2830 ἐξ)
266 2779 338 2830 31'1-
354 2782 548 2830 22295‘191
663 2783 688 2817 ια
704 2790 730 2819 υ·
741 2783 768 2812 σ-

683 2803 688 2816 ,
704 2790 730 2819 p.
741 2783 768 2812 6.
1098 2784 1138 2830 alii
1151 2783 1245 2830 μιῆς..
1318 2790 1359 2815 ιιι,
1372 2782 1450 2819 epist.
1466 2782 1495 2811 2.

227 2815 254 2880 he
266 2815 342 2843 Vers.
354 2816 390 2844 25
403 2822 431 2844 et
441 2825 518 2853 seqq.
634 2815 637 2818 ’
682 2815 685 2817 ’
705 2815 714 2819 ’
1105 2819 1180 2859 Ibid”
1200 2826 1244 2852 ep.
1261 2817 1304 2845 12.

227 2850 350 2889 acim“.
366 2852 402 2889 ει,
417 2851 461 2889 12,
475 2861 498 2879 ν.
516 2852 560 2885 12,
578 2853 669 2882 15-17.
1052 2855 1089 2889 (In)
1107 2853 1186 2884 llud,
1204 2852 1305 2889 υρηιι.

228 2831 254 2885 ες
261 2831 560 2885 ὀςῖὲὲξῧεῦῗῖέῗῖῗῆε,
578 2853 669 2882 ιδ-ι-ι,
1051 2831 1089 2889 ὶκί
1105 2831 1186 2884 ὶῖἳίῗίῖ,
1200 2831 1246 2886 ξ’ῥῖ
1263 2831 1295 2879 ἰῖ

228 2885 257 2956 d;
271 2884 358 2912 Carm.
377 2886 411 2913 al.
429 2887 455 2921 1,
473 2895 497 2916 v.
515 2889 542 2916 6.
1051 2889 1082 2924 (ἰ)
1097 2889 1175 2922 tbid.,
1189 2895 1230 2923 cp.
1251 2887 1296 2914 10.

228 2928 244 2956 ρ
267 2919 342 2949 Vere.
357 2921 420 2950 959.
