2058 3128
271 195 303 222 59
772 190 956 220 PREFATIO
975 190 1181 220 GENEBALIS.
1201 207 1235 213 —
1256 191 1347 222 PARS
1367 192 1398 220 11.
1853 191 1890 219 ιο

270 251 351 287 Quid
373 249 423 281 hic
440 249 591 288 theologo
608 248 812 279 sanctissimo
828 258 900 280 cum
918 252 1045 280 oratore
1074 249 1228 288 profano?
1251 249 1333 286 Quid
1357 249 1546 280 humilitatis
1571 248 1688 280 Christi
1711 248 1887 287 discipulo,

270 311 340 334 cum
364 302 447 341 turpi
462 305 491 332 et
509 302 633 341 abjecto
650 301 759 339 gloriae
779 301 951 339 mancipio,
970 309 1065 340 quem
1079 300 1259 339 gloriolam,
1282 301 1422 332 veritatis
1440 300 1623 339 dispendio,
1640 308 1809 338 corrogare
1825 307 1889 331 non

269 356 390 394 pudet?
404 354 517 390 Ardea,
535 354 641 393 inquit
667 352 801 391 epistola
831 353 868 382 ad
890 353 1042 383 Luceinm
1060 352 1112 392 (α),
1132 363 1146 381 α
1167 353 1343 391 cupiditate
1373 352 1566 384 incredibili.
1585 374 1593 383 .
1610 375 1618 383 .
1638 375 1646 384 .
1666 376 1672 383 .
1692 375 1699 382 .
1718 360 1834 382 nomen
1855 353 1891 383 ut

269 408 411 434 nostrum
428 404 616 436 illustretur.
630 404 660 432 et
675 401 1108 440 celebreturtuis.....Itaque
1120 405 1148 432 te
1162 402 1254 440 plane
1272 403 1365 432 etiam
1383 405 1477 441 atque
1494 403 1587 432 etiam
1606 411 1693 442 rogo,
1706 407 1735 432 ut
1756 407 1890 432 etornes

269 461 305 483 ea
324 453 545 483 vehementius
563 452 654 482 etiam
674 458 770 489 quam
791 449 925 480 fortasse
951 450 1063 480 sentis.
1080 473 1088 481 .
1105 472 1113 481 .
1133 473 1142 482 .
1159 450 1326 490 amorique
1347 456 1456 482 nostro
1472 451 1652 491 plusculum
1669 453 1776 488 etiam,
1794 461 1889 490 quam

269 506 414 537 concedit
435 508 561 539 veritas.
580 503 723 541 largiare.
741 513 756 531 n
775 503 852 532 Item
870 502 907 532 ad
922 502 1062 532 Atticum
1081 503 1213 540 epistola
1233 504 1282 533 58.
1296 515 1309 530 «
1325 503 1512 542 Epistolam,
1529 503 1646 543 inquit,
1664 503 1782 534 Luccio
1793 511 1888 542 quam

269 556 423 595 misi,qna
432 564 480 585 res
493 564 577 585 meas
587 559 618 584 ut
629 555 745 585 scribat
758 563 846 593 rogo,
864 554 911 584 fac
924 559 956 584 ut
970 555 1009 584 ab
1024 563 1062 585 eo
1074 564 1182 585 sumas
1196 566 1204 592 ;
1216 555 1306 586 valde
1320 556 1402 586 bella
1421 559 1486 592 est:
1501 565 1639 595 eumque
1655 559 1687 585 ut
1699 558 1889 593 apprOperet

270 604 458 639 adhorteris,
470 608 499 634 et
516 604 600 643 quod
617 603 693 633 mihi
713 603 753 633 ita
772 612 806 634 se
819 603 974 633 facturum
996 603 1169 642 rescripsit,
1184 605 1300 643 gratias
1317 613 1402 643 agas.
1423 617 1437 634 »
1454 605 1535 642 Quis
1553 605 1740 635 tuleritcum
1760 604 1889 634 homine

270 656 332 682 tam
351 653 489 691 glorioso
505 655 694 693 Gregorium
709 656 884 694 componi?
900 656 1082 695 Nequidem
1102 657 1227 688 ratione
1251 658 1444 696 eloquentize
1462 658 1636 697 comparari
1664 665 1759 696 posse
1775 665 1889 687 conce-

269 705 387 736 derem.
406 707 563 744 Argntum
583 717 734 748 mihique,
751 712 895 743 acutum,
911 712 940 738 et
959 708 1051 747 plane
1080 708 1257 739 laconicum
1282 709 1441 740 scribendi
1460 718 1573 747 genus,
1591 713 1729 740 sectatus
1747 714 1793 739 est
1807 709 1887 738 Gre-

268 758 398 795 gorius:
429 760 555 790 Tullius
576 769 662 797 vero,
682 765 713 790 ut
731 761 842 791 scribit
872 765 983 791 auctor
1000 761 1084 801 (pag.
1098 762 1162 798 78),
1183 773 1196 789 α
1216 763 1396 792 obstetricis
1425 762 1603 792 animorum
1625 774 1638 790 ι
1658 762 1747 792 Edrn.
1774 761 1890 792 Ricbe-

270 807 348 842 rius,
367 819 381 836 α
403 809 554 839 Asianum
572 814 602 840 et
627 811 808 841 redundans
826 822 840 838 »
859 811 964 849 potius
981 819 1075 849 quam
1102 812 1232 841 atticum
1253 815 1283 842 et
1303 820 1445 850 pressum
1460 812 1625 843 aﬂ‘ectavit.
1644 812 1678 842 In
1699 813 1830 850 Dialogo
1850 812 1890 842 de

269 858 478 894 oratoribus,u
489 859 650 890 elumbem
665 864 695 890 et
711 866 893 890 enervatam
907 861 1069 891 Ciceronis
1089 861 1305 900 eloquentiam
1319 874 1332 890 ››
1347 863 1570 893 vocatBrutus.
1583 862 1710 893 Diutius
1727 862 1832 893 forsan
1851 862 1889 892 iis

271 906 454 938 refellendis
483 909 646 946 intmoror,
675 919 745 949 quae
763 911 895 941 ridenda
925 911 1031 950 potius
1061 916 1092 941 et
1108 913 1355 946 contemnenda,
1382 921 1476 952 quam
1493 913 1577 943 serio
1594 916 1683 943 erant
1703 911 1886 944 refellenda.

269 955 496 988 Verumtamen
517 967 587 988 cum
607 959 740 990 lectores
760 961 906 990 nonnulli
925 961 1002 996 sint,
1027 961 1144 999 quibus
1164 961 1233 998 plus
1255 961 1422 1000 religionis
1441 971 1535 1002 quam
1567 962 1710 993 scientiae
1734 962 1829 997 inest,
1856 963 1887 991 et
1938 982 1941 985 -

273 1014 410 1044 quorum
441 1009 636 1038 conscientia
666 1009 788 1040 infirma
817 1019 852 1040 ac
882 1011 989 1040 timida
1017 1011 1086 1040 laedi
1119 1016 1227 1050 posset
1254 1012 1449 1042 carminibus
1468 1012 1622 1042 adversus
1650 1012 1826 1042 Maximum
1855 1013 1887 1041 et

270 1058 437 1094 episcoiuos
454 1057 702 1098 scriptiszjuvat
725 1059 781 1090 hos
799 1069 836 1090 ex
855 1061 971 1090 animis
989 1062 1156 1099 scrupulos
1176 1061 1330 1098 evellere,
1347 1063 1477 1101 quinam
1495 1063 1541 1092 illi
1559 1062 1620 1092 sint
1635 1062 1788 1100 episcOpi,
1805 1069 1887 1100 quos

270 1107 436 1146 exagitavit
449 1107 632 1147 Gregorius,
648 1110 864 1148 ostendendo;
883 1114 915 1141 ut
932 1111 1046 1141 merito
1065 1111 1252 1150 exagitatos,
1269 1116 1364 1152 atque
1381 1112 1475 1142 etiam
1502 1112 1582 1144 dure
1595 1112 1776 1151 increpitos,
1791 1111 1889 1151 quili—

269 1159 323 1190 bet
339 1159 506 1197 intelligat.

308 1209 413 1239 Primo
429 1209 558 1247 quidem
573 1216 667 1239 nemo
679 1209 782 1239 nescit
797 1209 1005 1239 correctionis
1022 1208 1169 1239 fraternae
1183 1212 1374 1248 praeceptum
1395 1217 1465 1240 esse
1482 1212 1543 1240 tam
1562 1210 1593 1239 in
1612 1209 1708 1240 veteri
1728 1218 1823 1250 quam
1851 1210 1885 1240 in

269 1266 350 1289 nova
387 1258 454 1298 lege
475 1269 483 1289 :
504 1270 518 1287 σι
537 1259 604 1289 Νοιι
639 1259 744 1289 oderis
773 1259 898 1289 fratrem
930 1263 1033 1296 tuum,
1058 1271 1072 1287 »
1105 1261 1148 1291 ait
1178 1261 1306 1299 Moyses
1328 1261 1350 1297 ³,
1376 1271 1390 1287 ε
1419 1261 1474 1290 sed
1505 1261 1631 1299 publice
1663 1269 1759 1298 argue
1785 1261 1888 1296 illum,

269 1318 310 1340 ne
328 1308 442 1339 trabeas
461 1317 557 1347 super
574 1308 627 1339 illo
648 1313 833 1349 peccatum;
852 1320 866 1336 ν
885 1310 993 1340 Matth.
1007 1319 1093 1344 .xvn,
1113 1311 1161 1344 16,
1179 1310 1217 1340 17
1234 1320 1242 1339 :
1265 1321 1279 1337 ιι
1296 1310 1326 1340 Si
1353 1313 1459 1340 autem
1490 1313 1519 1340 te
1549 1319 1609 1340 non
1629 1311 1763 1340 audierit
1778 1309 1886 1350 (frater

268 1359 368 1398 tuus),
387 1358 502 1390 adhibe
533 1363 634 1389 tecum
657 1359 761 1390 adhuc
791 1368 908 1394 unum,
941 1359 987 1389 vel
1018 1359 1099 1389 duos
1130 1364 1278 1390 testes....
1305 1359 1398 1396 Quod
1429 1359 1456 1390 si
1485 1368 1548 1390 non
1574 1360 1709 1390 audierit
1740 1359 1888 1390 eos:dic

268 1407 427 1439 Erclesiae.
447 1420 461 1436 ω
480 1408 564 1444 Quin
583 1412 694 1438 etante
710 1408 810 1446 legem
823 1409 985 1448 scriptam,
1004 1413 1125 1440 natura;
1146 1409 1173 1439 vi
1189 1413 1218 1439 et
1234 1409 1409 1444 cliaritatis,
1425 1418 1463 1440 eo
1479 1410 1617 1449 quisque
1639 1409 1742 1440 ofﬁcio
1760 1410 1888 1440 teneba-

269 1461 331 1494 tur,
361 1458 520 1497 imprimis
538 1458 712 1497 prmpOsiti,
730 1461 889 1497 parentes,
925 1459 1079 1497 magistri.
1107 1464 1260 1498 pastores.
1277 1460 1324 1490 Ab
1343 1459 1410 1497 ipsa
1441 1459 1523 1490 enim
1541 1465 1649 1491 natura
1677 1463 1706 1491 et
1721 1459 1885 1499 cbaritate,

268 1517 331 1548 qua
351 1508 483 1548 proximi
501 1509 586 1538 salus
604 1509 695 1538 nobis
711 1508 796 1539 cordi
816 1517 886 1539 esse
904 1509 1010 1544 debet,
1029 1509 1124 1547 huius
1142 1510 1287 1548 praecepti
1303 1509 1477 1540 necessitas
1493 1509 1574 1540 ﬂuit.

307 1558 414 1588 Potest
429 1558 550 1597 itaque,
569 1561 663 1596 atque
690 1559 785 1588 etiam
805 1559 900 1590 debet
919 1562 948 1589 et
965 1563 1103 1595 tenetur,
1130 1559 1186 1598 qui
1202 1560 1348 1594 scientia,
1363 1560 1529 1598 dignitate,
1559 1563 1590 1591 et
1622 1561 1725 1590 olhcto
1755 1567 1885 1604 eminet,

269 1617 402 1648 arguere
424 1612 602 1646 peccantes,
620 1619 634 1635 α
653 1608 733 1639 dure
752 1620 765 1637 ο
783 1609 877 1640 etiam
898 1610 1058 1641 interdum
1077 1621 1091 1638 α
1109 1611 1283 1648 increpare,
1297 1620 1312 1637 »
1332 1610 1471 1640 maxime
1487 1621 1501 1638 (ι
1521 1609 1635 1640 utsani
1648 1609 1712 1639 sint
1726 1609 1758 1638 in
1776 1609 1885 1646 ﬁde‘,»

269 1665 305 1692 nt
325 1661 465 1691 vitentur
482 1659 621 1698 improbi
638 1663 661 1695 ',
680 1660 776 1699 idque
792 1661 982 1691 nominatim
1010 1665 1044 1691 ut
1071 1661 1262 1700 discipulus,
1287 1669 1382 1700 quem
1409 1660 1561 1698 diligebat
1588 1659 1718 1696 Jesus‘;
1744 1659 1790 1689 vel
1810 1669 1881 1698 gra-

270 1711 374 1751 phice,
395 1714 428 1740 ut
442 1711 657 1749 apostolorum
675 1710 827 1748 Princeps
843 1711 853 1726 '
868 1732 876 1746 ,
895 1719 930 1741 ac
947 1711 1021 1741 Jud.
1037 1711 1059 1746 ⁸,
1086 1711 1311 1750 perstringere,
1337 1714 1431 1749 atque
1456 1710 1550 1740 etiam
1568 1709 1692 1747 publice
1709 1708 1883 1739 traducere.

270 1771 285 1788 σ
304 1761 472 1791 Manifesta
511 1761 597 1791 enim
620 1762 756 1799 peccata,
776 1771 790 1787 ι)
809 1764 840 1790 ut
858 1760 964 1799 inquit
991 1761 1165 1799 Gregorius
1194 1760 1274 1791 alter
1291 1761 1402 1799 etipse
1430 1761 1563 1798 Magnus
1581 1760 1635 1800 (ὁ),
1655 1771 1668 1788 α
1684 1768 1746 1790 non
1760 1760 1883 1790 occulta

268 1811 465 1841 correctione
483 1811 664 1849 purganda;
681 1810 736 1840 sed
754 1809 854 1848 palam
870 1814 946 1840 sunt
961 1810 1128 1849 arguendi,
1146 1810 1201 1849 qui
1219 1810 1319 1849 palam
1335 1815 1480 1840 nocent.»
1492 1810 1643 1849 Apostolo
1660 1810 1882 1849 prmeipiente:

268 1871 286 1889 α
306 1861 473 1892 Peccantes
489 1869 592 1892 coram
607 1860 759 1891 omnibus
773 1868 869 1898 argue
884 1861 917 1889 ':
936 1871 950 1889 ι
969 1860 1054 1899 quod
1073 1859 1219 1890 Christus
1238 1860 1346 1890 docuit
1359 1863 1390 1889 et
1404 1859 1489 1895 fecit,
1509 1871 1523 1887 ιι
1541 1860 1652 1890 acerbe
1675 1863 1706 1890 et
1732 1868 1848 1895 amare,
1868 1871 1882 1886 ι

270 1914 304 1942 ut
319 1912 361 1941 ait
377 1911 575 1949 Augustinus
591 1912 650 1950 (c);
670 1921 684 1937 α
704 1911 758 1940 sed
776 1911 922 1946 amando,
942 1921 957 1938 ιθ
974 1917 1054 1949 quos
1067 1910 1220 1948 arguebat
1234 1909 1373 1940 Iudaeos.
1390 1909 1458 1940 Hoc
1471 1918 1487 1940 a
1508 1909 1671 1949 prophetis
1687 1912 1718 1940 et
1730 1908 1883 1948 apostolis

271 1961 398 2000 egregie
415 1961 589 1998 praestitum
607 1969 702 1990 neruo
720 1961 836 1990 nescit.

307 2010 455 2040 Ecclesiae
475 2013 559 2039 certe
577 2008 711 2039 interest
730 2020 742 2035 α
762 2008 964 2046 hypocrilas,
988 2007 1085 2039 falsos
1108 2012 1316 2047 proprietas,»
1341 2009 1436 2045 lupos
1455 2012 1514 2037 suo
1540 2013 1632 2036 ovma
1650 2006 1733 2045 pelle
1750 2006 1883 2037 latentes

269 2059 427 2099 diguosci,
448 2062 482 2088 ut
505 2059 535 2088 in
564 2058 674 2088 odium
692 2058 889 2088 adducantur
905 2061 934 2088 et
954 2057 1117 2096 fugiantur
1144 2067 1161 2088 a
1192 2057 1455 2095 simplicioribus,
1484 2061 1517 2086 ut
1538 2056 1659 2086 nemini
1677 2061 1810 2087 noceant
1826 2057 1882 2096 (d).

268 2111 342 2142 Haec.
358 2109 461 2139 munia
478 2108 636 2139 charitatis
653 2117 726 2147 erga
746 2109 942 2146 proximum,
961 2118 1032 2146 erga
1049 2109 1149 2138 Deum
1166 2112 1196 2138 et
1216 2108 1390 2138 Ecclesiam
1405 2129 1412 2141 .
1438 2106 1539 2137 ofﬁcia
1566 2105 1656 2136 fuere
1681 2105 1712 2135 in
1744 2106 1882 2141 Christo.

268 2161 300 2192 in
316 2162 448 2194 Joanne,
466 2160 497 2189 in
521 2159 698 2198 Stephano,
715 2159 764 2189 cui
784 2170 798 2187 α
820 2159 930 2197 lingua
947 2159 1058 2194 ferox,
1078 2158 1149 2188 lene
1168 2167 1237 2194 cor;
1256 2169 1270 2186 ι)
1286 2159 1339 2197 qui
1360 2169 1375 2186 ιι
1393 2157 1540 2187 saaviebat
1565 2159 1593 2185 et
1618 2156 1752 2185 amabat.
1773 2167 1786 2183 ιι
1808 2155 1883 2185 Haec

268 2212 361 2241 etiam
374 2209 576 2247 inTbeulogo
593 2209 729 2247 aliisque
747 2209 824 2239 viris
837 2209 967 2243 sanctis,
981 2217 1062 2246 quos
1076 2208 1247 2248 aliquando
1261 2209 1315 2238 Dei
1333 2207 1444 2246 gloria,
1462 2207 1550 2236 zelus
1566 2206 1680 2236 domus
1691 2205 1760 2240 Dei,
1778 2206 1883 2235 immi-

268 2260 374 2290 nentia
391 2259 588 2298 simplicibus
611 2258 702 2290 tnala.
721 2265 874 2295 Oppressa
892 2258 1061 2288 calumniis
1078 2257 1271 2294 innocentia,
1293 2257 1416 2295 religio,
1434 2256 1614 2287 acrioribus
1635 2256 1740 2285 verbis
1757 2255 1880 2295 impios

268 2309 428 2347 exagitare
444 2307 678 2346 compulerunt,
699 2306 865 2337 cbaritatis
883 2306 985 2337 officia
1004 2306 1104 2338 fuisse
1123 2307 1257 2337 dubium
1278 2310 1420 2337 nonest.

306 2361 395 2392 Nunc
413 2360 467 2399 qui
491 2364 523 2391 et
547 2359 658 2399 quales
680 2358 801 2389 fuerint
817 2358 971 2398 episcopi,
1000 2367 1081 2398 quos
1109 2359 1286 2398 Gregorius
1313 2360 1346 2390 in
1376 2358 1574 2389 carminibus
1594 2359 1741 2397 exagitat,
1757 2361 1787 2389 et
1809 2366 1880 2399 qum

267 2413 364 2444 facies
386 2412 539 2442 Ecclesiae
565 2411 662 2442 totius
686 2410 796 2448 fuerit,
827 2411 969 2442 dicamus
986 2412 1034 2450 (ο).
1055 2411 1260 2442 Theodosius
1291 2419 1424 2449 magnus
1441 2418 1526 2441 anno
1553 2410 1611 2444 38,0
1633 2418 1723 2441 sacro
1739 2409 1825 2440 fonte
1840 2410 1879 2440 ab

266 2461 419 2494 Ascholio
434 2459 713 2492 Thessalonicensi
732 2459 884 2498 episcopo
902 2460 1055 2491 lustratus
1073 2471 1087 2488 α
1105 2468 1237 2491 aureum
1253 2460 1290 2491 ad
1307 2461 1459 2500 populum
1479 2462 1566 2492 urbis
1581 2461 1878 2500 Constantinopoli-

267 2518 347 2544 tanae
364 2525 378 2541 η
392 2513 531 2543 edictum
550 2511 649 2548 dedit,
667 2520 732 2551 quo
755 2511 890 2542 sancivit
906 2522 920 2540 α
935 2512 1126 2551 judicandos
1144 2512 1394 2551 plectendosque
1419 2512 1603 2550 haereticos,
1622 2525 1636 2542 ιο
1663 2513 1717 2553 qui
1743 2524 1758 2542 ι
1783 2522 1877 2553 quam

268 2562 409 2603 pontifex
425 2562 580 2592 Damasus
596 2561 772 2600 Petrusque
786 2561 988 2592 Alexandriae
1003 2554 1177 2601 episcopus
1208 2562 1438 2601 sequebantur,
1455 2563 1547 2593 [idem
1566 2572 1627 2594 non
1644 2563 1876 2603 amplecteren-

266 2618 328 2646 tur.
339 2614 450 2644 »Tunc
463 2613 569 2653 itaque
582 2614 613 2644 in
630 2614 781 2653 palatium
799 2615 952 2647 redeunte
967 2623 1003 2646 ac
1017 2614 1204 2645 dominante
1221 2614 1375 2645 catholica
1387 2614 1459 2651 ﬁde,
1473 2615 1511 2646 ad
1527 2623 1595 2646 eam
1611 2624 1741 2656 quoque
1756 2616 1877 2648 rediere

301 2707 312 2724 ³
328 2707 414 2736 Lavit.
431 2716 486 2740 xix,
504 2708 548 2735 17.
584 2708 596 2724 ⁸
612 2707 664 2736 Tit.
679 2715 700 2741 ι,
715 2706 758 2735 15.
808 2707 820 2724 ⁸
834 2707 855 2736 ll
873 2707 943 2735 Tim.
958 2715 988 2742 ιι,
1005 2708 1048 2741 ΓΙ;
1063 2715 1077 2736 ιι

265 2741 278 2758 ³
292 2743 300 2769 l
314 2743 385 2770 Tini.
399 2751 425 2777 v,
440 2744 484 2770 20.

1063 2715 1103 2741 ιιι,
1118 2707 1145 2735 5.
1183 2709 1193 2724 ⁶
1206 2707 1239 2735 ΙΙΙ
1261 2707 1339 2737 Joan.
1353 2708 1379 2736 9.
1418 2709 1428 2725 '
1444 2708 1465 2736 ll
1481 2709 1553 2737 Petr.
1569 2717 1598 2741 ιι.
1617 2709 1630 2737 1
1647 2717 1698 2745 sqq
1750 2709 1831 2737 'Jud.
1848 2708 1874 2736 4.

1882 2809 1888 2834 ι

1143 2847 1171 2881 (Ι)
1189 2846 1255 2880 Aug.
1269 2854 1349 2874 serm.
1365 2827 1426 2877 51.5,
1443 2851 1507 2881 tom.
1527 2844 1562 2878 ν,
1576 2853 1601 2879 p.
1615 2845 1695 2872 1202.
1755 2879 1771 2881 λ
1815 2878 1830 2881 _
1859 2876 1865 2881 _
1883 2827 1888 2862 ξ

313 2846 339 2874 n)
353 2846 452 2872 (λίπει-η
465 2846 511 2877 rip.
525 2846 600 2877 fum.,
612 2846 657 2871 lib.
673 2851 698 2875 ν,
714 2851 756 2879 cp.
772 2846 813 2873 15.
1143 2847 1171 2881 (Ι)
1189 2846 1255 2880 Aug.
1269 2854 1349 2874 serm.
1365 2846 1426 2877 515,
1443 2851 1507 2872 tom.
1527 2846 1562 2878 ν,
1576 2846 1695 2879 p.1‘2t12.

312 2878 337 2918 θ)
352 2877 431 2918 βίθὲσ
442 2878 497 2913 Μιιε
513 2880 868 2918 .gp._17.lih._i_uv,toan",
881 2888 942 2918 pag.
957 2881 1036 2910 1280.
1098 2846 1164 2918 μιὶσ)
1179 2881 1271 2918 ὃθεν..
1285 2882 1331 2918 lib.
1351 2889 1377 2918 v,
1400 2880 1567 2918 c.‘6;_Suz.,
1586 2882 1632 2908 lib.
1647 2889 1695 2914 vn,
1711 2887 1738 2910 c.
1755 2879 1771 2907 7
1785 2889 1792 2914 ;
1808 2876 1874 2908 Cod.

312 2916 336 2946 c)
346 2912 424 2947 Aug,
437 2912 516 2940 scrin.
530 2914 665 2946 517,tom.
682 2913 711 2948 V,
725 2923 750 2950 p.
769 2916 847 2943 1'270.
863 2912 867 2914 ’
883 2912 889 2917 ”
917 2912 932 2918 ’⁷
1097 2912 1235 2949 “audam,
1253 2918 1293 2944 tit.
1312 2917 1336 2950 Ι,
1355 2917 1405 2951 leg.
1421 2915 1449 2944 2.
1465 2915 1573 2944 Gothof.

313 2841 339 2874 ιι)
353 2841 511 2879 ρίσθτηνιξρ.
525 2844 600 2877 rem,
612 2844 657 2871 lib.
673 2851 698 2875 ν,
714 2851 756 2879 ep.
772 2845 813 2873 15.
