2058 3128
180 183 215 213 Η
672 178 857 211 PRIEFATIO
877 181 1082 211 GENERALIS.
1102 198 1137 203 -—
1157 182 1245 210 PARS
1266 183 1297 212 ll.
1772 181 1807 209 £9.

182 243 214 274 et
229 240 325 272 aulici
343 239 509 280 prtesules,
526 239 584 280 qui
598 248 637 270 cx
655 240 835 280 principum
852 239 958 271 favore
978 244 1130 278 metuque
1146 240 1293 279 penduli,
1317 239 1404 270 omni
1423 237 1514 270 facile
1534 239 1628 268 vento
1652 237 1808 269 doctrinm

182 291 372 326 circumlati,
393 290 492 322 dubio
507 291 614 322 animo
630 294 659 321 et
678 291 750 328 ﬁde,
771 296 935 323 momento
952 291 1014 323 huc
1036 291 1112 323 illuc
1129 292 1402 332 impellebantur:
1426 303 1439 319 «
1458 290 1587 326 Misera,
1609 289 1713 328 inquit
1729 289 1808 321 Gre-

181 344 292 383 gorius
315 342 369 384 (α),
397 346 428 373 et
450 342 661 374 abominanda
682 344 752 374 vitae
783 343 937 375 ludibria:
955 345 1039 384 quod
1065 345 1157 376 ﬁdem
1175 345 1300 382 attinet,
1317 349 1439 385 partem
1459 345 1491 375 in
1508 346 1676 382 utramque
1694 343 1807 383 parati,

182 403 247 425 non
259 394 315 425 Dei
327 394 446 433 legum,
459 394 514 424 sed
531 398 709 433 temporum
720 395 936 429 observantes.
951 396 1061 436 Euripi
1076 396 1237 432 doctrinae,
1250 397 1323 428 hinc
1334 397 1409 428 inde
1430 397 1592 435 reciproca
1604 395 1807 429 ﬂuctuantes,

185 444 381 479 adulatores,
399 442 505 473 dulcia
522 442 691 475 mulierum
709 453 842 482 venena,
859 445 967 485 parvis
990 446 1114 482 leones,
1130 449 1161 477 at
1181 454 1287 476 rerum
1307 447 1504 485 potientibus
1524 454 1630 477 canes.
1652 456 1666 473 π
1681 446 1716 476 In
1742 455 1810 476 car-

184 496 270 526 mine
286 495 328 525 De
341 494 406 524 vita
422 502 478 523 sua
497 504 511 521 α
529 493 683 526 aleatores
699 507 714 524 »
737 499 827 528 vocat
845 496 903 528 hos
922 496 996 536 epis:

996 505 1103 536 cOPOS.
1132 496 1278 529 κυδισταίν
1306 497 1560 532 chammleontes,
1596 495 1808 531 χαιιαιλεὸντων,

182 547 230 574 καὶ
245 545 346 581 τρόπον
362 544 534 571 πολυπόδων.

223 598 316 630 Tales
335 597 491 637 episcopi,
521 597 577 636 qui
607 597 691 628 inter
718 598 856 629 Arianos
884 601 914 629 et
937 598 1119 629 Catholicos
1147 598 1256 634 medii,
1280 598 1409 636 utrique
1433 597 1529 636 parti,
1551 606 1607 637 pro
1628 601 1809 639 temporum

183 647 320 684 ratione,
346 655 381 677 se
405 646 625 682 venditabant,
642 648 681 678 ab
705 648 847 679 Ecclesia
875 656 948 679 cum
977 649 1181 687 episcopatus
1206 647 1448 687 dignitatisque,
1476 656 1571 686 quam
1589 648 1809 686 obtinuerant,

184 699 306 730 honore
329 701 359 729 et
375 698 474 737 gradu
491 698 645 736 suscepti,
661 697 883 736 improborum
900 698 965 736 jam
983 697 1207 737 episcoporum
1227 697 1271 727 ita
1291 703 1461 727 numerum
1479 700 1645 733 auxerant,
1665 700 1699 727 ut
1714 697 1810 728 bonis

182 748 356 788 episcopis,
374 752 470 786 atque
488 747 583 778 etiam
603 747 636 778 in
656 747 804 778 conciliis
827 746 1001 786 aliquando
1019 748 1240 786 praevalerent.
1268 745 1352 776 Hinc
1369 745 1431 775 illae
1457 744 1614 784 Gregorii,
1632 746 1688 785 qui
1704 747 1809 778 zelum

183 808 216 835 et
232 803 485 842 indignationem
505 798 668 832 continere
696 805 761 828 non
776 798 915 835 valebat,
928 798 1024 837 justm
1037 799 1188 837 querelae.
1205 798 1289 829 Hinc
1318 803 1408 828 suam
1429 796 1542 836 ipsius,
1561 797 1608 828 vel
1626 806 1685 829 suo
1702 799 1809 838 potius

185 855 328 892 nomine,
342 854 538 894 collegarum
558 852 588 882 in
608 850 790 881 sacerdotio
806 849 991 881 facilitatem
1010 850 1042 880 in
1063 849 1248 889 hujusmodi
1266 847 1427 888 episcopis
1445 848 1650 879 admittendis
1667 848 1810 888 deplorat

185 904 236 935 his
249 904 352 935 verbis
362 903 402 943 (ὁ)
414 912 424 933 :
434 915 446 931 α
458 903 688 943 Proposuimus
699 911 776 933 voce
785 901 1017 942 praeconis,pro
1029 901 1153 933 foribus
1169 900 1343 932 sanctuarii
1356 899 1509 930 omnibus
1524 899 1808 931 denuntiavimus:

184 955 385 995 lngrediatur
412 954 468 993 qui
496 955 598 991 volet,
629 954 677 984 bis
710 954 794 988 licet,
824 955 878 983 aut
902 952 998 983 etiam
1037 951 1156 991 saepius
1185 951 1302 985 ﬁdem,
1329 957 1385 989 pro
1420 949 1599 985 occasione,
1626 951 1809 982 mutaverit.

183 1006 283 1036 Adest
299 1008 424 1043 tempus
444 1003 675 1038 nundinarum,
691 1009 786 1032 nemo
802 1001 892 1032 abeat
909 1000 989 1031 nihil
1011 1004 1173 1040 operatus,
1186 1011 1201 1029 ι)
1218 1004 1278 1032 etc.

224 1055 381 1095 Quisquis
402 1053 469 1084 haec
491 1058 522 1084 et
543 1052 602 1083 alia
621 1052 741 1083 similia
765 1060 797 1081 in
816 1051 889 1081 aliis
906 1050 1053 1088 Gregorii
1075 1050 1272 1081 carminibus
1299 1049 1423 1088 legerit,
1442 1049 1468 1080 is
1495 1050 1636 1089 profecto
1653 1050 1812 1090 intelliget

185 1107 317 1146 quinam
346 1105 466 1135 fuerint
493 1104 649 1144 episcopi,
682 1103 718 1134 de
740 1102 859 1142 quibus
881 1106 985 1134 tacere
1011 1111 1075 1133 non
1103 1102 1253 1142 potuerit,
1270 1110 1329 1133 nec
1354 1101 1513 1132 debuerit.
1531 1102 1730 1133 Excusandae
1748 1106 1809 1133 tam

186 1157 384 1194 praeposteris
409 1153 597 1191 benignitati
622 1162 658 1184 ac
677 1153 821 1184 facilitati
845 1153 922 1184 tales
945 1152 1113 1192 episcopos
1138 1151 1576 1188 admittendi,Alexandrinae
1590 1153 1707 1191 synodi
1727 1162 1811 1184 anno

183 1205 245 1236 362
268 1205 395 1240 habita),
422 1203 471 1234 vel
498 1207 583 1234 certe
604 1202 772 1233 Athanasii
796 1203 834 1232 de
862 1202 1056 1240 recipiendis
1074 1202 1232 1234 haereticis
1247 1202 1411 1233 decretum
1429 1203 1538 1241 procul
1564 1203 1664 1234 dubio
1678 1207 1812 1243 praeten-

185 1258 315 1289 debant.
332 1257 465 1290 Verum,
488 1259 521 1286 ut
548 1256 698 1286 observat
727 1254 900 1284 Annalium
929 1253 1206 1285 eminentissimus
1235 1262 1367 1293 parens,
1398 1253 1629 1286 Alexandrinis
1659 1256 1809 1287 Patribus

186 1317 324 1346 «magna
345 1308 437 1344 ratio,
456 1306 542 1346 quod
566 1306 734 1344 multiplex
758 1305 899 1340 illorum,
914 1316 928 1334 η
950 1305 1006 1345 qui
1032 1305 1130 1345 recipi
1150 1305 1603 1345 jubebantur,~episcoporum
1629 1315 1811 1339 «numerus

187 1363 284 1396 esset,
303 1359 360 1399 qui
379 1359 411 1390 in
428 1357 565 1389 concilio
579 1369 594 1386 ι
610 1357 823 1393 Aciminensi,
840 1357 888 1388 vel
907 1357 1100 1394 nescientes,
1115 1358 1163 1388 vel
1189 1357 1302 1394 coacti,
1320 1357 1447 1387 Arianis
1463 1360 1712 1392 consenserant;
1730 1356 1808 1395 ipsi-

186 1419 264 1450 que,
282 1410 338 1449 qui
363 1409 402 1440 ab
428 1408 556 1439 Arianis
586 1407 728 1447 partibus
755 1411 822 1438 tum
852 1407 1009 1445 redibant,
1036 1408 1161 1439 sincero
1191 1409 1334 1440 veritatis
1359 1417 1468 1440 amore
1496 1407 1639 1446 odioque
1660 1409 1810 1447 perfidiae,

186 1461 307 1500 quippe
322 1459 378 1499 qui
397 1458 459 1489 sub
475 1457 606 1488 Iuliano
629 1458 780 1495 Apostata
790 1456 830 1487 ad
846 1456 877 1486 id
893 1456 1006 1493 adduci
1023 1456 1222 1488 videbantur.
1240 1458 1407 1494 Praeterea,
1425 1462 1458 1489 ut
1474 1458 1810 1500 aitheronymus(c).

187 1521 203 1538 ι
218 1509 291 1540 huic
302 1516 457 1540 assensus
473 1511 520 1538 est
539 1505 716 1545 Occidens;
733 1510 763 1538 et
779 1516 835 1546 per
850 1511 913 1537 tam
932 1507 1148 1538 necessarium
1178 1508 1363 1545 concilium,
1382 1510 1503 1544 Satanae
1519 1511 1667 1545 faucibus
1684 1518 1812 1554 ereptus

186 1562 233 1590 est
254 1558 404 1589 mundus.
421 1568 435 1585 ι

224 1609 333 1648 Longe
351 1616 425 1638 vero
441 1608 550 1648 dispar
566 1607 645 1638 ratio
661 1607 721 1638 sub
737 1607 932 1642 Theodosio.
959 1607 1084 1648 aliaque
1102 1608 1252 1640 Ecclesiae
1274 1608 1382 1641 facies.
1401 1612 1446 1642 Ex
1472 1612 1513 1643 iis
1532 1614 1619 1644 enim
1638 1614 1812 1654 episcopis,

186 1660 240 1699 qui
258 1668 314 1699 spe
337 1659 386 1689 vel
415 1663 500 1689 metu
528 1657 688 1694 redibant,
715 1656 860 1696 plerique
877 1665 990 1687 omnes
1016 1657 1055 1688 ab
1081 1657 1222 1695 Arianis,
1240 1658 1427 1691 Constantio
1444 1665 1581 1699 mortuo,
1597 1663 1812 1703 desciverant,

187 1710 371 1748 iisdemque
403 1709 519 1739 iterum
554 1715 626 1737 sese
655 1705 865 1746 adiunxerant
894 1705 955 1736 sub
988 1705 1131 1744 Valente,
1159 1706 1236 1737 «bis
1267 1716 1304 1739 ac
1330 1709 1489 1748 sapius,»
1507 1715 1542 1742 ut
1566 1712 1810 1752 aitGregorius,

189 1761 309 1792 «tidem
330 1763 500 1796 mutantes,
519 1762 549 1789 et
565 1758 705 1789 alearum
731 1758 869 1795 instar,»
887 1761 941 1788 aut
964 1758 1131 1789 arundinis
1155 1764 1318 1791 momento
1339 1763 1467 1793 versati.
1491 1763 1580 1796 Unde
1603 1765 1739 1797 facilitas
1756 1767 1812 1798 illa

189 1813 357 1851 episcOpos
376 1811 481 1851 lapsos
511 1809 702 1849 recipiendi,
718 1819 801 1849 quaa,
830 1811 1030 1850 Hieronymo
1057 1814 1138 1842 teste
1153 1810 1211 1851 (ἀ),
1231 1813 1316 1843 laudi
1345 1813 1521 1846 Athanasio
1539 1819 1715 1856 quondam,
1734 1819 1812 1850 vitio

190 1861 369 1900 probroque
389 1863 463 1891 tunc
489 1859 561 1890 data
588 1863 635 1890 est
658 1859 748 1890 Petro
764 1859 981 1891 Alexandrino
1009 1860 1150 1899 praesuli.
1172 1872 1186 1889 ιι
1202 1861 1344 1892 Praesto»
1365 1862 1394 1892 ei
1410 1864 1561 1902 concilio,
1587 1866 1693 1905 inquit
1709 1868 1810 1899 Baro-

190 1910 264 1940 nius
293 1909 329 1949 (ε)
349 1910 388 1940 de
403 1909 543 1940 concilio
560 1911 701 1948 generali
722 1909 1080 1950 Constantinopolitano
1097 1911 1201 1950 primo
1217 1911 1367 1951 loquens,
1386 1913 1543 1945 «fuerunt
1560 1915 1668 1954 plures
1685 1926 1723 1948 ex
1735 1918 1811 1957 illis,

189 1961 244 2000 qui
271 1965 376 1998 antea,
394 1960 537 1992 Valentis
568 1963 722 1998 tempore,
747 1959 851 1998 pulsis
867 1959 1068 1996 orthodoxis,
1095 1959 1287 1990 Arianorum
1304 1958 1425 1998 favore,
1442 1968 1591 1994 vacantes
1610 1965 1704 1996 sedes
1721 1975 1812 1998 acce-

189 2016 311 2051 perant.
340 2012 382 2042 Hi
411 2012 496 2043 enim
526 2009 661 2048 tempori
687 2008 915 2046 iuservientes,
941 2009 1002 2040 sub
1027 2008 1185 2040 catholico
1213 2009 1406 2049 imperatore
1432 2019 1523 2050 teque
1551 2013 1714 2046 catholicas
1738 2016 1813 2047 ﬁdei

188 2061 373 2093 defensores
395 2070 430 2092 se
447 2061 624 2100 praebuere,
645 2069 716 2092 cum
733 2064 825 2092 antea
842 2061 891 2092 vel
918 2061 1016 2100 gratia
1038 2061 1153 2092 ducum
1186 2062 1359 2097 exercitus,
1379 2062 1425 2093 vel
1447 2063 1557 2096 favore
1585 2066 1721 2098 aliorum
1748 2078 1814 2100 ma-

189 2113 393 2152 gistratuum,
412 2112 444 2142 in
475 2113 695 2152 episcopatum
723 2112 855 2144 omnino
883 2113 955 2144 licet
985 2113 1111 2151 indigni
1135 2113 1349 2145 nihilominus
1377 2115 1595 2155 irrepsissent.
1617 2118 1664 2149 De
1690 2120 1812 2158 quibus

189 2165 340 2196 omnibus
359 2164 463 2196 fusius
490 2165 559 2204 ipse
588 2166 761 2205 Gregorius
789 2166 1024 2197 Nazianzenus.
1041 2177 1056 2195 »
1070 2166 1144 2196 Haec
1171 2165 1342 2204 Baronius,
1363 2167 1432 2206 qui,
1445 2176 1596 2209 expressa
1611 2171 1726 2203 horum
1745 2174 1812 2213 epi-

188 2228 358 2260 scoporum
378 2220 531 2260 imagine,
557 2220 603 2252 sic
633 2221 839 2260 prosequitur
856 2220 893 2260 (f)
913 2232 921 2252 :
941 2220 1134 2259 «Intelligis,
1164 2224 1254 2259 puto,
1278 2221 1402 2260 quales,
1427 2220 1569 2259 exceptis
1589 2220 1712 2260 paucis,
1736 2227 1812 2254 tunc

189 2277 262 2301 esse
279 2269 418 2300 solerent
433 2270 576 2310 episcopi
592 2271 767 2302 Orientalis
791 2272 963 2306 Ecclesiae;
993 2273 1157 2310 quomodo
1182 2273 1277 2304 ﬁdem
1303 2273 1424 2304 habere
1441 2273 1668 2306 consueverint
1685 2283 1744 2314 pro
1759 2285 1812 2307 ra-

190 2323 276 2353 tione
293 2323 445 2362 temporis
472 2323 635 2359 mobilem,
666 2327 696 2355 et
723 2323 855 2354 nonnisi
871 2323 908 2354 ad
927 2323 1085 2363 privatum
1102 2325 1307 2356 commodum
1324 2325 1604 2356 accommodatam.
1621 2325 1721 2365 Cujus
1737 2327 1813 2366 qui-

147 2376 152 2380 ‘
188 2373 260 2404 dem
278 2373 323 2404 rei
342 2381 408 2404 non
423 2373 600 2412 Gregorius
613 2375 780 2411 duntaxat,
799 2376 855 2405 sed
868 2377 897 2405 et
913 2375 1052 2406 Basilius
1068 2376 1133 2406 suis
1149 2376 1279 2415 scriptis
1294 2377 1436 2416 locuples
1452 2377 1542 2408 testis
1558 2377 1688 2413 accedit,
1705 2382 1738 2408 ut
1752 2386 1813 2409 suo

190 2424 258 2456 loco
274 2425 423 2464 superius
451 2429 498 2456 est
514 2426 807 2457 demonstratum.»
824 2426 913 2457 Alios
940 2427 1023 2458 bene
1052 2427 1169 2458 multos
1202 2427 1360 2459 adhibere
1379 2431 1489 2462 testes,
1513 2427 1651 2457 maxime
1676 2427 1814 2467 Chryso-

189 2479 328 2506 stomum
347 2479 377 2506 et
393 2476 644 2516 Hieronymum,
663 2479 785 2516 poterat
808 2477 987 2512 Baronius;
1004 2476 1072 2516 qui,
1091 2480 1259 2516 postquam
1275 2478 1521 2517 narravitquam
1549 2477 1632 2508 male
1647 2481 1744 2517 atque
1759 2478 1813 2508 in—

190 2526 284 2564 digne
299 2525 489 2564 Gregorium
506 2525 677 2558 habuerint
694 2537 702 2557 :
718 2527 789 2556 «Ex
805 2526 868 2565 his,
893 2526 1000 2566 inquit
1025 2527 1080 2566 (g),
1102 2527 1189 2558 disce
1205 2527 1279 2565 alia,
1295 2536 1411 2568 nempe
1436 2536 1532 2568 quam
1550 2537 1623 2559 vera
1654 2529 1717 2560 sint
1739 2538 1812 2569 quas

191 2575 223 2605 in
240 2575 350 2606 eodem
365 2576 540 2614 Gregorius
563 2576 764 2616 conscripsit.
778 2587 792 2604 ιι

229 2622 265 2653 Id
281 2623 410 2662 quidem
424 2624 546 2663 optime
561 2626 592 2654 et
608 2624 753 2664 apposite
772 2625 884 2655 auctor
900 2623 1189 2657 eminentissimus.
1206 2627 1283 2658 Nam
1298 2627 1417 2667 palam,
1436 2630 1517 2662 vivis
1550 2631 1615 2662 illis
1632 2635 1662 2662 et
1680 2632 1812 2664 auuien-
1847 2648 1850 2650 ν

239 2775 264 2816 ᾳ)
276 2775 365 2816 ςηνῐη.
374 2775 502 2816 _l,_Tol_l.,
517 2784 543 2802 v.
557 2775 713 2816 555-11718.“

557 2775 713 2816 mea-
1062 2773 1101 2816 id)
1115 2773 1276 2816 ρίινοίιτρτι-
1287 2776 1355 2816 s34-

239 2775 264 2810 α)
276 2775 365 2803 Carm.
383 2775 410 2808 Ι,
422 2775 502 2807 Toll.,
517 2784 543 2802 v.
557 2775 686 2803 554-338.
1062 2775 1101 2808 (εἰ)
1117 2775 1212 2801 Chron.
1232 2782 1276 2803 an.
1293 2776 1332 2803 374

225 2775 262 2850 3b)
273 2811 383 2850 (Earini
401 2811 439 2850 _De
452 2812 504 2850 uita
516 2819 575 2850 sim,
593 2819 620 2838 v.
634 2811 724 2850 i712].
900 2846 903 2850 ι
1109 2810 1171 2850 ᾼηλ
1183 2810 1244 2844 581,
1257 2810 1271 2846 ς
1287 2811 1332 2839 22.

225 2809 262 2881 (δὲ
273 2811 383 2852 GarmJ
403 2811 439 2837 De
452 2812 504 2836 vita
516 2819 575 2851 sua,
593 2819 620 2838 v.
634 2811 724 2838 i7-27.
900 2846 903 2850 ι
1109 2810 1161 2836 An.

276 2845 349 2896 Dial.
373 2845 433 2872 adv.
455 2844 546 2879 Lucri.
561 2865 568 2878 ,
590 2850 654 2873 tom.
676 2845 720 2879 IV,
745 2850 816 2881 part.
840 2853 880 2882 υ,
908 2852 969 2881 pag.
1062 2879 1098 2915 (9)

349 2927 483 2959 PATROL.
497 2927 554 2957 Ga.
572 2927 704 2958 XXXV.
1638 2933 1658 2962 2
