2058 3128
246 178 284 208 ,ιδ
738 172 921 200 ΡΗιΕἙΛΤΙΟ
940 171 1056 200 GENER

1060 171 1147 199 ALlS.
1169 186 1204 191 -—
1222 170 1314 198 PARS
1333 171 1367 198 II.
1838 172 1872 200 N

248 237 347 273 tibus,
367 237 454 268 vales
473 231 696 265 sanctissimus
714 239 787 261 vera
817 239 851 261 se
883 230 989 260 dicere
1023 229 1187 268 professus
1215 232 1262 259 est
1285 236 1343 259 nec
1372 236 1543 267 quisquam
1566 236 1664 258 ausus
1681 231 1728 258 est
1746 233 1873 261 contra-

248 287 355 318 dicere
368 297 375 316 ς
391 285 435 317 Ὠς
449 282 550 319 σφόδρα
569 280 688 318 χρώμεθ’
703 279 821 312 ἀναξίοις
835 280 892 311 τοῖς
907 279 1091 315 προπάταιςῐ
1108 279 1225 314 Βοήσομ’
1240 277 1270 304 οὐ
1284 277 1369 313 ψευδῆ
1389 277 1447 312 μὲν,
1464 276 1513 312 οὐχ
1528 276 1625 312 ἥδιστα
1638 277 1667 303 δέ
1679 277 1729 313 (α).
1747 290 1761 306 α
1772 278 1874 315 Quam

248 335 399 373 indignos
418 333 573 364 habemus
595 330 772 361 antistites!
792 329 932 360 Elatiore
954 329 1084 369 quidem
1106 337 1180 360 voce
1196 328 1313 364 dicam,
1330 335 1396 358 non
1413 326 1492 358 falsa
1518 327 1663 367 quidem,
1679 329 1736 360 sed
1756 329 1870 360 auditu

249 385 506 426 nonjucunda.»
525 383 555 414 Si
578 387 650 413 vera
667 379 734 409 haec
750 382 837 415 sunt,
853 381 886 408 ut
905 387 976 409 vera
996 386 1067 409 esse
1081 380 1224 415 constat;
1244 377 1318 416 quis
1336 379 1396 406 tam
1416 377 1535 414 gravia,
1556 380 1617 408 tam
1643 381 1751 416 aperta
1765 378 1875 410 Eccle-

250 437 305 467 siae
319 436 434 476 probra
451 437 545 473 atque
567 429 729 465 scandala,
745 428 980 467 simpliciurum
998 428 1168 467 dispendio
1187 431 1216 458 et
1231 426 1374 467 periculo
1399 427 1587 464 animarum,
1610 429 1740 458 tacenda
1763 427 1876 459 audeat

250 475 417 518 asserere?
431 484 540 522 Quid?
556 480 643 521 quod
661 478 761 510 multo
780 478 904 517 pejores
919 478 1024 509 adhuc
1045 481 1134 509 erant
1152 475 1212 514 illi,
1232 478 1271 509 de
1287 478 1407 517 quibus
1426 477 1570 517 loquitur
1586 478 1782 516 Gregorius?
1797 479 1874 510 Nam

250 538 290 568 de
307 537 348 567 iis
366 534 539 574 Gregorius
568 530 723 570 pleraque
754 531 848 559 tacet.
865 529 1038 565 Maximus,
1058 529 1113 567 qui
1133 537 1212 560 cane
1240 529 1329 568 pejor
1357 532 1387 559 et
1402 537 1521 567 angue,
1537 535 1572 558 ac
1588 527 1697 566 vipera
1715 527 1876 566 fabulosa,

251 594 322 624 quae
337 593 371 615 se
386 583 549 615 foveutm)
570 580 602 610 in
620 577 694 609 sinu
710 576 867 612 eneeavit,
884 585 996 608 omnes
1013 577 1106 608 facile
1123 577 1313 615 sceleribus,
1342 578 1449 618 iisque
1478 578 1630 617 publicis,
1647 582 1677 610 et
1704 579 1876 618 impuden-

242 635 294 666 tia
316 634 498 674 superabat.
519 630 582 669 ipsi
610 638 674 660 non
705 629 881 661 difﬁtentur
906 631 1094 662 adversarii.
1111 632 1200 663 Unde
1229 632 1337 664 mirari
1366 634 1466 670 subit,
1487 642 1544 666 cur
1568 634 1706 672 Tollius,
1724 635 1781 675 qui
1798 634 1875 666 huic

251 693 394 718 monstro
425 685 579 726 parcitum
616 682 733 718 vellet,
759 681 879 713 Iuliani
908 683 1067 722 Apostataa
1098 692 1163 715 non
1187 684 1281 715 etiam
1308 689 1415 716 contra
1444 685 1631 725 Gregorium
1655 685 1875 716 defensionem

250 747 349 770 ausus
368 738 408 768 sit
428 738 603 777 suscipere.
622 736 752 772 Verum.
771 736 858 776 quod
874 745 973 767 ausus
988 745 1052 767 non
1071 741 1118 768 est
1133 737 1271 774 Tollius,
1289 738 1385 770 audet
1401 738 1548 775 clericus,
1573 737 1658 777 quod
1677 736 1794 768 mirum
1809 745 1875 768 non

251 792 315 825 est;
331 788 396 819 imo
419 797 436 818 e
459 787 645 824 Catllolicis,
670 789 755 826 quod
775 788 958 820 luctuosum
980 789 1081 827 valde,
1108 793 1183 821 sunt
1202 789 1363 827 nonnulli,
1391 798 1529 829 quorum
1550 789 1674 821 nomini
1695 796 1802 828 parco,
1818 788 1876 828 qui

250 839 411 877 Apostatze
425 836 580 867 adversus
597 837 795 876 Theologum
816 838 1068 878 patrocinantur,
1088 843 1184 879 atque
1203 840 1324 871 Juliani
1341 840 1453 872 laudes
1479 840 1650 880 praedicare
1674 847 1738 871 non
1759 847 1876 870 veren-

251 895 312 921 tur.

289 950 400 982 Plures
416 949 512 981 etiam
533 959 572 982 ex
597 950 785 983 orthodoxis
803 954 965 993 episcopis
986 954 1074 985 villis
1090 955 1240 994 gravibus
1252 955 1445 992 laborantes,
1463 961 1599 994 quorum
1626 951 1793 982 minimum
1811 954 1876 982 erat

251 1001 473 1039 «ignorantia,
492 1009 562 1040 quae
586 999 716 1040 quidem
735 1002 799 1041 ipsa
828 1004 944 1033 malum
962 1007 1008 1034 est
1024 1015 1037 1032 ι
1055 1004 1063 1043 (

1062 1004 1106 1044 ib),
1118 1003 1214 1038 ἄγνοια
1229 1005 1283 1040 γὰρ
1299 1003 1383 1032 κακὸν
1396 1005 1456 1040 μὲν,
1475 1002 1532 1030 ἀλλ’
1545 1000 1628 1038 ἧσσον
1641 1000 1734 1027 κακόν·
1751 1001 1806 1040 qui
1823 1001 1874 1031 vix

251 1051 408 1090 baptismo
427 1050 604 1090 expurgati,
616 1061 630 1078 α
644 1051 748 1090 priora
766 1052 853 1089 vitia,
865 1064 879 1081 ››
891 1053 928 1093 (ε)
945 1053 978 1080 τὰ
996 1055 1062 1090 πρὶν

1076 1056 1162 1088 κακά,
1181 1057 1313 1088 virtutes
1334 1057 1438 1088 nullas
1455 1057 1492 1088 ad
1523 1057 1740 1095 episcopatum
1762 1053 1874 1084 affere-

252 1101 336 1132 banl.
354 1102 400 1131 De
422 1101 472 1131 his
497 1100 543 1131 sic
567 1100 661 1132 habet
683 1103 858 1142 Gregorius
877 1104 920 1144 (ά)
939 1116 946 1135 :
963 1106 1088 1137 «Pudet
1118 1116 1167 1138 me
1196 1108 1328 1146 quidem
1348 1108 1457 1139 dicere
1485 1115 1550 1147 quo
1578 1110 1669 1146 pacto
1689 1113 1740 1136 res
1760 1107 1877 1137 nostra;

251 1152 439 1188 comparatae
457 1148 532 1184 sint,
552 1147 608 1179 sed
626 1158 734 1180 canam
759 1156 875 1183 tamen.
896 1153 933 1192 (ε)
949 1153 1029 1184 Cum
1047 1155 1185 1186 ordinati
1201 1157 1435 1197 constitutique
1447 1157 1550 1189 simus
1568 1157 1696 1188 virtutis
1715 1157 1876 1192 doctores,

251 1201 396 1232 omnium
423 1200 577 1231 malorum
604 1199 728 1230 olIiciua
757 1208 880 1232 sumus.
897 1202 934 1242 (ί)
953 1203 1096 1235 Antistes
1122 1205 1209 1237 facili
1240 1211 1404 1238 momento
1420 1208 1592 1247 reperitur,
1609 1207 1665 1247 qui
1683 1206 1763 1237 nihil
1782 1209 1875 1237 antea

251 1253 445 1292 praestiterit,
466 1257 496 1284 et
514 1252 657 1284 novitius
686 1253 722 1283 ad
752 1253 940 1292 dignitatem
960 1257 1101 1288 accedat.
1119 1258 1161 1298 (g)
1177 1258 1239 1289 Res
1256 1259 1375 1290 divinae
1394 1259 1489 1291 modo
1508 1258 1701 1298 suntjactus
1720 1257 1875 1290 alearum.

251 1302 522 1341 cuborumque....
542 1301 583 1342 (h)
599 1302 674 1334 Heri
703 1304 839 1335 oratoris
857 1313 988 1337 munere
1006 1306 1155 1347 fungens,
1168 1308 1223 1348 jus
1245 1308 1358 1349 fasque
1383 1310 1496 1342 venale
1520 1309 1723 1341 habebas.....
1742 1306 1776 1348 (ἰ)
1793 1314 1878 1338 nunc

251 1355 358 1382 autem
374 1351 481 1382 subito
490 1350 597 1391 iudex
613 1355 644 1382 et
657 1352 767 1384 Daniel
793 1352 895 1384 factus
924 1363 1023 1387 es.....
1044 1355 1080 1396 (j)
1096 1357 1141 1388 Ne
1171 1358 1398 1389 vestimentum
1414 1359 1545 1398 quidem
1565 1365 1626 1391 tam
1641 1360 1735 1391 facile
1751 1362 1875 1391 mutare

251 1401 324 1441 quis
341 1404 448 1439 queat,
466 1405 499 1431 ut
516 1404 548 1432 tu
566 1409 670 1432 mores
686 1406 855 1434 mutas.....
873 1403 912 1442 (k)
928 1404 1003 1435 Heri
1027 1405 1136 1436 Simon
1165 1406 1275 1445 Magus
1293 1416 1376 1444 eras,
1394 1408 1489 1440 hodie
1516 1410 1626 1441 Simon
1655 1411 1779 1440 Petrus.
1805 1409 1875 1440 Heu

251 1453 382 1484 nimiam
401 1453 615 1484 celeritateml
631 1453 725 1484 Heul
743 1462 799 1492 pro
816 1455 983 1494 vulpecula
999 1455 1050 1487 leo
1068 1457 1217 1496 prodisti.
1229 1469 1244 1486 ι)
1260 1458 1285 1488 li
1302 1464 1378 1490 sunt
1396 1459 1541 1500 episcopi
1559 1460 1598 1491 de
1617 1459 1786 1499 quibusin
1803 1467 1876 1490 car-

251 1503 338 1534 mine
365 1503 408 1532 De
425 1503 492 1533 vita
510 1512 568 1532 sua
591 1502 699 1533 scribit
723 1502 776 1543 (1):
796 1504 887 1535 «Hoc
908 1505 1135 1537 brevissimum
1164 1507 1232 1538 dari
1251 1511 1355 1546 potest
1372 1513 1575 1549 praeceptum,
1604 1512 1635 1540 et
1660 1510 1817 1548 optimum
1834 1517 1875 1539 ne

251 1552 353 1584 salute
368 1553 495 1584 excidas
511 1553 751 1591 documentum,
772 1559 805 1585 ut
821 1564 882 1594 qua
909 1555 955 1586 illi
976 1562 1132 1596 praeeunt,
1152 1567 1192 1588 ne
1214 1559 1360 1598 sequaris
1377 1569 1384 1588 :
1403 1567 1539 1600 quorum
1559 1559 1694 1590 thronus
1712 1563 1875 1591 accusator

251 1605 300 1633 est
316 1610 439 1633 morum
454 1612 463 1639 ;
482 1605 513 1633 et
530 1602 663 1633 cancelli
681 1606 777 1642 atque
793 1605 1000 1645 supercilium
1020 1607 1127 1646 potius
1143 1616 1239 1647 quam
1262 1609 1323 1639 vita
1341 1608 1399 1640 hos
1420 1618 1437 1640 a
1453 1610 1544 1648 plebe
1559 1615 1742 1643 secernunt.
1756 1623 1771 1640 ι)
1789 1612 1875 1644 Hor-

251 1652 319 1684 rida
345 1661 421 1684 sane
440 1652 506 1684 haec
521 1657 686 1692 pastorum
702 1655 799 1697 hujus
815 1660 970 1698 temporis
990 1660 1114 1699 imago;
1131 1670 1214 1701 quos
1230 1670 1266 1693 ea
1287 1666 1408 1694 tantum
1426 1664 1549 1696 ratione
1565 1666 1659 1696 utiles
1678 1665 1876 1697 dicitEccle-

251 1704 306 1736 site
318 1704 504 1743 Gregorius,
520 1709 564 1742 ut,
584 1715 648 1745 quo
665 1717 729 1740 non
748 1710 891 1742 eundum
908 1713 963 1750 sit,
980 1721 1092 1744 eorum
1118 1714 1267 1753 exemplo
1281 1714 1392 1747 ﬁdeles
1407 1720 1594 1755 agnoscant.

289 1770 487 1809 Eligantjam
509 1778 595 1801 nunc
609 1771 794 1802 adversarii.
812 1772 868 1803 Vel
899 1772 966 1803 haec
982 1772 1058 1805 falsa
1083 1783 1154 1806 esse
1183 1776 1330 1815 probent,
1349 1778 1398 1808 vel
1427 1779 1620 1809 contendant
1645 1788 1681 1810 ea
1712 1787 1776 1810 non
1804 1787 1876 1812 esse

250 1821 450 1867 hujusmodi,
468 1830 539 1861 qua)
557 1821 622 1852 acri
639 1825 668 1853 et
688 1823 815 1862 publica
843 1823 939 1855 etiam
971 1825 1224 1864 reprehensione
1252 1828 1348 1867 digna
1379 1829 1569 1868 videantur;
1587 1831 1649 1869 vel,
1666 1832 1693 1862 si
1709 1840 1785 1863 vera
1803 1839 1875 1863 esse

249 1873 421 1912 fateantur,
441 1872 528 1913 quod
546 1873 676 1913 quidem
695 1872 856 1904 fateantur
873 1883 1006 1906 necesse
1025 1879 1084 1920 est,
1103 1877 1275 1908 ostendant
1290 1887 1307 1909 a
1323 1878 1453 1909 nemine
1476 1887 1630 1920 unquam,
1652 1889 1692 1912 ne
1707 1881 1838 1920 quidem
1857 1889 1876 1912 a

250 1926 446 1966 pastoribus,
465 1926 559 1957 etiam
592 1925 763 1964 episcopis,
782 1926 826 1957 ita
844 1925 975 1965 debere,
991 1932 1046 1959 aut
1074 1916 1182 1968 posse,
1208 1929 1309 1961 illaesa
1341 1930 1506 1966 charitale,
1530 1916 1683 1969 exagitari
1702 1942 1709 1961 :
1727 1930 1812 1970 quod
1827 1939 1878 1962 sa-

250 1975 312 2007 cris
337 1975 508 2014 Scripturis
535 1975 734 2011 adversatur,
762 1979 794 2006 et
822 1975 969 2008 fraternae
998 1980 1209 2010 correctionis
1233 1986 1431 2020 praeceptum
1464 1982 1591 2013 evertit.
1619 1982 1772 2012 Salutaris
1789 1989 1875 2011 enim

251 2026 354 2066 pudor
380 2033 611 2064 nonnunquam
632 2026 851 2063 incutiendus,
869 2030 899 2058 et
926 2032 1091 2067 peccantes
1121 2030 1316 2069 corripiendi
1346 2035 1520 2067 sunt,tum
1549 2035 1686 2073 propriae
1717 2034 1873 2073 ipsorum,

252 2085 319 2109 tum
338 2079 447 2109 salutis
472 2086 582 2109 eorum
597 2085 705 2111 causa.
721 2083 802 2115 quos
818 2076 986 2114 scandalis,
1002 2087 1097 2117 prava
1114 2079 1272 2118 doctrina,
1299 2081 1470 2121 pravisque
1493 2084 1648 2122 exemplis
1665 2084 1872 2123 pessundant.

252 2131 375 2168 «Quasi
403 2133 490 2167 tuba,
512 2130 556 2160 ait
584 2127 793 2168 Scriptura“,
822 2129 925 2160 exalta
945 2138 1055 2161 vocem
1088 2134 1186 2169 tuam,
1204 2136 1235 2164 et
1264 2133 1422 2164 annuntia
1452 2133 1571 2173 populo
1589 2142 1660 2164 meo
1678 2133 1797 2164 scelera
1821 2141 1875 2164 eo-

251 2192 336 2220 rum,
353 2186 384 2214 et
398 2181 616 2214 domuiJacob
634 2183 760 2221 peccata
777 2189 902 2212 eorum.
921 2193 936 2210 »
951 2183 1026 2213 Reis
1046 2191 1121 2222 ergo
1139 2186 1360 2217 annuntiauda
1379 2190 1455 2217 sunt
1472 2189 1598 2226 peccata
1614 2185 1797 2225 ;justaque,
1817 2194 1873 2216 ne-

251 2236 386 2267 cessaria
403 2239 433 2267 et
457 2238 563 2266 sancta
579 2233 757 2272 indignatio
776 2236 807 2264 et
826 2233 995 2264 verborum
1011 2235 1206 2273 acrimonia;
1221 2245 1279 2268 nec
1294 2237 1474 2277 injuriosus
1495 2240 1526 2268 et
1551 2236 1806 2268 contumeliosus
1824 2240 1871 2267 est

252 2287 429 2324 habendus,
445 2286 502 2326 qui
518 2286 607 2317 duris
623 2289 653 2317 et
670 2285 834 2324 probrosis
849 2286 1126 2325 increpationibus
1152 2292 1335 2327 peccatores
1354 2293 1494 2320 coercet.

292 2347 342 2377 An
361 2354 437 2378 vero
449 2346 633 2385 Gregorius,
651 2346 912 2386 Cbrysostomus,
931 2350 961 2377 et
977 2347 1033 2378 alii
1063 2348 1182 2388 passim
1203 2350 1262 2380 viri
1280 2351 1394 2388 sancti,
1412 2359 1475 2382 non
1493 2356 1659 2388 noverant,
1677 2351 1815 2392 quasilla
1831 2351 1872 2381 sit

250 2397 416 2432 acerbitas,
437 2405 532 2436 quam
565 2395 711 2428 Christus
740 2397 880 2434 damnat,
910 2406 982 2436 quae
1008 2398 1253 2437 maledicentia;
1284 2401 1363 2440 quid
1392 2401 1434 2432 sit
1466 2401 1562 2432 alicui
1599 2402 1775 2438 detrahere,
1791 2401 1870 2440 quid

250 2449 438 2487 demigrare?
455 2449 556 2486 Quam
577 2448 682 2488 iniqui
698 2451 881 2480 sanctorum
902 2457 962 2479 nos
977 2457 1090 2481 sumus
1105 2451 1339 2483 aestimatores!
1358 2452 1406 2483 Ab
1423 2452 1464 2483 iis
1492 2454 1663 2485 exercendi
1679 2453 1740 2484 zeli
1756 2457 1786 2484 et
1803 2461 1873 2483 cor-

249 2499 401 2532 rectionis
419 2500 504 2538 leges
523 2499 726 2539 accipiendas,
743 2507 809 2532 non
826 2509 842 2532 a
859 2500 952 2532 nobis
968 2500 1155 2542 damnandi,
1176 2504 1231 2544 qui
1249 2505 1361 2536 eodem
1387 2504 1501 2544 spiritu
1517 2514 1583 2537 non
1599 2505 1722 2545 agimur
1738 2507 1768 2537 et
1781 2505 1870 2544 igno-

303 2597 324 2613 ¹⁶
334 2596 386 2625 lsa.
396 2603 472 2630 Lvnl,
495 2598 520 2624 1,

282 2700 321 2738 (ᾳ)
335 2701 400 2738 fida.
416 2702 546 2738 epici,“
564 2701 626 2734 557,
641 2702 704 2733 558.

564 2701 626 2734 557,
641 2702 704 2733 558.
1122 2703 1160 2738 (g)
1173 2703 1252 2737 lbid.,
1266 2711 1293 2730 ν.
1310 2703 1372 2730 596.

283 2735 321 2773 (υ)
334 2735 415 2773 tua"
431 2743 457 2763 ν-
470 2737 533 2773 ξιξηο

566 2771 588 2773 ,Α
1123 2735 1162 2773 οι)
1176 2735 1254 2770 ulla;
1273 2746 1298 2764 ν.
1314 2738 1376 2773 4,15.

294 2770 319 2807 υ)
334 2770 413 2807 ibid,
427 2778 453 2797 ν.
541 2771 602 2799 448.

552 2771 602 2799 us.
1121 2770 1158 2807 (θ’
1169 2773 1246 2806 rma,
1262 2781 1286 2799 ν.
1303 2772 1364 2800 us.

317 2805 416 2842 illum,
429 2813 454 2831 ν.
467 2805 521 2842 ξᾷξ
530 2811 558 2834 et
570 2814 629 2842 seq.
1124 2805 1129 2842 ἰ

553 2811 558 2834 l
570 2814 629 2842 seq.
1124 2805 1157 2842 Η)
1172 2808 1249 2838 Ιὴίιιη
1262 2816 1289 2834 v.
1303 2808 1365 2834 424.

294 2839 319 2877 ε)
330 2838 414 2877 ibist--
428 2847 452 2866 v-
464 2840 531 2877 e95-
608 2838 618 2842 '
885 2861 896 2871 ιι

608 2838 618 2842 “
885 2861 896 2871 .‹
1122 2838 1159 2877 ῡς)
1172 2843 1250 2876 lbid.,
1264 2850 1289 2868 ν.
1304 2843 1365 2870 tae.

329 2874 406 2910 lbid.,
422 2882 448 2903 ν.
462 2875 524 2902 594.
909 2885 918 2893 ~
936 2895 949 2911 ,ς
1121 2874 1141 2913 (ι

909 2885 918 2893 ‘
936 2895 949 2911 ,ς
1169 2874 1259 2906 Carm.
1272 2878 1317 2911 '56,
1333 2878 1377 2912 57,
1390 2877 1435 2906 38.
