2058 3128
191 193 226 222 45
682 185 865 220 rimante
884 186 1089 221 GENEttALts.
1111 208 1143 214 ρ-
1163 187 1254 222 PARS
1276 187 1309 222 tl.
1732 203 1738 211 ι
1785 197 1822 226 4ο

189 251 298 282 ramus
313 251 389 291 quid
406 251 446 282 sit
462 250 626 282 «zelatum
651 259 722 282 esse
739 260 795 290 pro
812 251 952 282 Domino
969 253 1035 283 Deo
1053 253 1254 284 exercituum
1268 257 1303 291 ιι,
1318 263 1333 281 ν
1350 255 1380 283 et
1397 260 1468 292 qua
1494 252 1674 284 Christiana
1690 252 1821 286 libertas

192 309 264 333 esse
294 301 427 339 debeat;
453 302 652 341 ignoramus,
681 303 828 343 inquam,
859 303 930 334 licet
961 308 990 335 et
1015 305 1185 344 apostolos
1215 307 1367 345 virosque
1384 305 1590 344 apostolicos,
1610 314 1676 338 imo
1691 310 1820 345 Agnum

190 354 295 393 ipsum
313 359 518 385 mansuetum
534 355 576 385 ita
591 355 695 386 fuisse
711 355 855 386 locutum
876 357 1020 395 legamus
1036 361 1066 388 et
1082 358 1265 388 audiamus.

227 406 298 436 Non
323 412 399 444 ergo
418 405 610 445 culpandus,
630 407 684 437 sed
700 407 878 438 laudandus
895 407 1083 446 Grcgmius,
1101 409 1156 447 qui
1179 409 1358 440 Christiana
1376 410 1521 441 libertate
1537 411 1643 444 utens,
1660 408 1822 448 apostolo-

189 467 258 490 rum
278 461 308 489 et
325 456 444 488 Christi
465 458 568 497 ipsius
587 458 717 497 vestigia
738 463 888 496 secutus,
906 470 921 488 α
941 468 1010 490 zeto
1029 460 1150 490 zelatus
1179 464 1226 491 est
1252 470 1307 499 pro
1330 462 1469 492 Domino
1485 462 1552 492 Deo
1570 460 1785 498 exercituum,
1803 472 1818 490 ι

188 520 224 541 ac
240 514 425 550 peceatores
441 510 520 540 dure
548 510 736 550 increpavit.
762 512 832 543 Non
851 523 865 540 α
883 512 1081 551 imprudenti
1098 513 1234 543 nimium
1254 513 1391 551 fervore,
1411 525 1425 543 ν
1444 517 1476 546 ut
1490 513 1664 545 somniavit
1678 513 1818 547 Tollius.

189 571 204 586 α
223 567 442 590 successorem
462 558 522 588 sibi
542 559 673 597 petivit;
694 571 708 588 ν
726 560 780 591 sed
798 560 923 591 ardenti
948 570 983 592 ac
1011 562 1138 592 sincero
1157 562 1226 593 vitae
1244 563 1373 602 privatm
1389 568 1418 594 et
1438 563 1625 595 solitudinis
1641 563 1817 594 desiderio.

186 608 255 639 Non
271 617 344 639 eum
365 614 380 636 rt
400 608 552 644 statim,»
570 617 628 640 nec
645 618 787 649 unquam
805 610 966 649 ptBttil’dil,
984 612 1069 650 quod
1093 611 1202 642 sedem
1219 612 1603 652 Constantinopolitanam
1627 613 1817 644 abdicasset.

185 659 287 690 Nulla:
301 660 376 700 inde
397 670 411 687 α
428 659 580 698 querelae,
601 670 616 690 »ι
635 662 730 692 nullae
754 673 769 690 α
786 662 943 702 lacrymre,
958 674 972 690 ιι
992 663 1071 694 nulli
1096 674 1110 691 ι(
1137 664 1252 701 threni,
1283 665 1316 695 in
1335 665 1454 704 quibus
1480 666 1665 705 patientiam
1696 670 1727 697 et
1750 665 1820 696 ani-

187 712 230 742 mi
251 713 350 743 robur
377 721 412 743 ac
432 711 681 743 moderationem
704 713 737 743 in
769 718 828 744 tam
849 714 947 752 probo
967 715 1035 745 viro
1054 715 1231 747 desideres.
1251 727 1265 744 ι)
1284 717 1318 746 Id
1341 725 1434 748 omne
1458 718 1490 747 in
1513 717 1578 748 viro
1594 721 1703 749 sancto
1718 718 1818 749 mire-

187 770 284 795 mur:
301 764 477 804 aequiorem
497 767 618 794 tantum
634 766 666 795 in
683 765 787 795 'l‘ollio
807 774 912 795 rerum
929 766 1156 797 aestimatorem
1175 767 1551 799 desideramus.Fahulze
1563 775 1592 800 et
1611 770 1733 800 somnia
1752 770 1819 801 haec

186 820 285 846 sunt:
305 817 397 854 longe
413 815 482 845 alia:
510 816 583 845 sunt
611 814 812 852 querelarum
836 814 980 853 Gregorii
1000 818 1029 845 et
1049 815 1259 854 lacrymarum
1284 818 1402 849 causae.
1422 818 1569 855 Dolebat,
1587 819 1612 849 si
1632 819 1747 856 doluit,
1762 820 1818 852 de-

185 865 310 897 reltctas
337 873 434 902 oves,
450 873 530 904 quas
557 864 650 894 unice
670 864 834 902 diligebat,
855 865 920 894 imo
936 873 1017 902 quos
1042 866 1073 896 in
1090 866 1219 897 Christo
1237 872 1391 905 genuerat
1416 868 1516 905 ﬁlios;
1543 869 1602 899 hos
1622 869 1741 906 alieno,
1759 869 1817 910 qui

185 925 245 947 nec
261 924 368 947 amore
396 919 514 954 patrem
546 914 636 950 satis,
656 923 714 944 nec
738 914 954 945 sollicitudine
979 919 1136 953 pastorem
1160 916 1291 948 referret
1322 918 1454 949 traditos
1475 919 1619 956 dolebat,
1640 920 1745 958 fume,
1762 922 1817 953 siti

184 973 324 1004 arentes,
344 967 523 1006 haeresique
541 973 639 1004 prope
657 965 835 996 dominanti
859 967 1035 1005 expositos.
1053 968 1087 998 ltl
1107 968 1253 1007 quidem,
1285 972 1316 999 et
1345 971 1459 1001 merito
1477 969 1605 1001 dolebat
1625 971 1814 1010 Gregorius.

183 1020 265 1051 Hinc
282 1021 343 1051 illm
360 1021 505 1059 laerymaa
526 1018 617 1049 fuere
635 1028 643 1048 :
661 1026 724 1048 non
747 1018 900 1057 aliunde;
931 1027 1006 1055 non,
1025 1023 1058 1050 ut
1076 1020 1157 1050 male
1181 1028 1277 1051 sanus
1301 1021 1390 1060 ﬁngit
1411 1022 1534 1052 Tollius
1551 1021 1594 1062 (p.
1611 1021 1650 1054 8'4
1673 1023 1706 1054 in
1734 1025 1814 1064 not.)

182 1072 269 1111 quod
287 1084 301 1100 α
321 1073 493 1113 capistrum
521 1071 571 1101 ori
594 1078 653 1101 suo
679 1071 881 1109 impositum.
906 1075 1159 1110 praereptamque
1183 1073 1318 1103 docendi
1345 1073 1470 1112 publice
1491 1073 1688 1110 facultatem,
1708 1086 1722 1103 ιθ
1740 1084 1814 1114 gra-

183 1123 314 1153 vissime
332 1123 436 1154 ferret.
455 1122 539 1152 Nihil
556 1133 573 1153 a
588 1123 723 1155 veritate
740 1124 839 1162 magis
868 1124 1008 1154 alienum
1037 1125 1112 1162 ﬁngi
1139 1128 1262 1163 potest;
1277 1126 1302 1155 si
1326 1126 1456 1165 quidem
1483 1127 1562 1157 adeo
1581 1127 1702 1158 silentii
1720 1131 1823 1159 tenax,

183 1180 248 1207 erat
263 1176 449 1215 Gregorius,
466 1176 503 1207 ut
521 1176 582 1208 hoc
597 1176 669 1216 ipso
685 1177 780 1207 etiam
802 1180 956 1216 tempore,
977 1185 1016 1207 ne
1037 1177 1170 1207 Verbum
1193 1177 1324 1216 quidem
1343 1186 1398 1216 per
1417 1181 1513 1209 totam
1530 1178 1814 1218 Quadragesimam

182 1227 224 1258 sit
241 1228 449 1267 prolocutus;
465 1232 496 1259 et
514 1229 552 1260 ad
570 1229 771 1269 loquendum
786 1228 864 1259 alias
884 1228 929 1259 sic
943 1228 1063 1266 tardus,
1084 1232 1118 1259 ut
1136 1229 1174 1260 ad
1192 1229 1223 1260 id
1243 1228 1295 1260 vix
1320 1237 1356 1260 ac
1373 1237 1413 1260 ne
1434 1230 1486 1260 vix
1506 1230 1638 1270 quidem
1664 1231 1814 1270 compelli

183 1280 302 1316 pOSset.

223 1327 356 1359 Dolebat
373 1327 468 1359 etiam
499 1331 604 1358 tamen
634 1327 848 1358 suavissimos
867 1327 927 1358 sibi
949 1331 1123 1367 praereptos
1149 1326 1325 1360 familiares
1353 1332 1383 1360 et
1401 1330 1544 1368 amicos;
1560 1338 1625 1362 non
1655 1335 1760 1363 autem
1777 1341 1812 1364 se

183 1378 280 1410 verbo
300 1388 314 1406 α
334 1382 475 1417 captum,
501 1390 514 1407 ιι
533 1382 562 1410 et
584 1378 819 1410 abdicationem
854 1380 1044 1418 proportenti
1075 1380 1170 1410 citius
1190 1390 1286 1420 quam
1304 1382 1399 1412 vellet
1422 1383 1592 1420 episcopos
1620 1382 1811 1418 assensisse.

183 1429 358 1469 sedemque
373 1429 761 1468 Constantimpolitanmn
788 1428 988 1463 deseruisse,
1011 1437 1106 1468 quam
1124 1430 1267 1467 gaudens
1293 1430 1445 1469 reliquit;
1464 1433 1497 1458 ut
1523 1434 1711 1467 argumento
1737 1434 1811 1461 sunt

183 1480 328 1519 plurimm
345 1482 415 1519 post
430 1480 566 1511 reditum
584 1479 708 1518 scriptm
727 1479 911 1517 aGregorio
928 1478 1088 1516 epistolae,
1100 1479 1239 1509 maxime
1257 1488 1333 1510 vero
1350 1484 1424 1510 thv
1443 1480 1480 1511 ad
1495 1479 1708 1510 Amasonium
1726 1479 1810 1511 data.

181 1532 212 1563 Si
227 1533 268 1563 iis
285 1533 325 1564 de
343 1534 440 1562 rebus
462 1532 581 1567 dolere,
601 1539 733 1562 moerere
761 1534 792 1562 et
818 1530 981 1569 indignari
1008 1531 1128 1562 crimen
1144 1534 1202 1567 est,
1224 1531 1369 1570 Gregorii
1389 1531 1510 1562 crimen
1538 1539 1622 1566 esse,
1643 1539 1702 1561 nec
1718 1531 1757 1561 ab
1772 1539 1811 1562 eo

181 1584 272 1616 facile
292 1585 417 1615 liberari
443 1593 538 1624 posse
559 1584 708 1615 lubenter
734 1583 882 1615 fatemur.
910 1582 1030 1614 Caetera
1050 1591 1126 1614 vero
1144 1583 1222 1614 nihil
1242 1583 1388 1621 dolebat,
1407 1591 1466 1614 nec
1494 1581 1676 1613 relictarum
1701 1590 1811 1613 rerum

183 1636 247 1666 ullo
267 1636 435 1666 tenebatur
454 1635 628 1666 desiderio.

221 1684 394 1715 Tantorum
421 1684 530 1722 itaque
545 1685 697 1716 Ecclesia;
710 1707 719 1723 ,
738 1694 833 1725 quam
853 1685 941 1716 Deus
959 1696 975 1714 «
989 1685 1162 1725 acquisivit
1185 1684 1341 1724 sanguine
1355 1692 1415 1714 suo
1430 1687 1465 1721 η,
1486 1695 1501 1713 »
1520 1684 1677 1716 malorum
1699 1684 1811 1715 dolore

182 1735 367 1773 Gregorius,
386 1743 449 1765 non
469 1743 564 1766 secus
583 1744 618 1766 ac
629 1736 766 1767 Athenis
781 1735 954 1776 Apostolus
988 1735 1156 1772 incitatus,
1174 1736 1226 1774 pie
1242 1734 1302 1765 sibi
1320 1737 1495 1773 temperare
1523 1742 1586 1764 non
1605 1737 1738 1773 poterat,
1755 1742 1810 1764 ne-

183 1795 249 1826 que
265 1786 358 1817 etiam
377 1787 502 1824 debuit,
519 1791 552 1817 ut
570 1789 725 1819 teretibus
742 1792 778 1819 ac‘
796 1788 916 1819 teneris
928 1788 1062 1819 auribus
1079 1788 1273 1822 consuleret,
1290 1786 1431 1817 veritatis
1447 1794 1482 1817 ac
1499 1785 1664 1825 religionis
1678 1786 1810 1823 dispen-

181 1837 248 1873 dio,
269 1845 449 1868 sermonem
478 1837 636 1868 emollire.
668 1838 794 1868 Habent
827 1838 913 1867 enim
948 1837 1110 1867 molliores
1139 1836 1202 1866 illae
1237 1835 1435 1866 elocutiones
1467 1833 1576 1865 nescio
1602 1833 1679 1874 quid
1698 1833 1806 1873 frigidi

181 1884 380 1924 ﬂaccidique,
397 1893 462 1925 quo
482 1887 607 1917 veritati
625 1895 752 1925 semper
769 1886 916 1917 nonnihil
949 1885 1043 1925 perit.
1061 1885 1190 1916 Movent
1219 1884 1360 1924 profecto
1377 1884 1467 1915 aliter
1484 1885 1608 1924 propria
1630 1893 1736 1914 rerum
1751 1892 1810 1915 n0-

181 1935 281 1970 mina,
303 1935 508 1975 propriisque
533 1936 640 1966 inusta
661 1936 745 1966 notis
776 1935 909 1966 crimina
929 1946 937 1966 :
954 1944 1013 1966 nec
1031 1935 1119 1971 satis,
1140 1935 1166 1964 si
1192 1935 1329 1966 molliter
1354 1935 1556 1971 innocentia,
1581 1933 1712 1972 religio,
1731 1934 1808 1965 ﬁdes

180 1987 383 2025 defenditur;
400 1997 480 2027 pene
497 1988 669 2026 deseritur,
688 1988 714 2019 si
736 1996 799 2019 non
817 1988 912 2018 etiam
930 1988 1086 2027 proditur.
1106 1987 1190 2018 Nihil
1218 1988 1284 2019 veri
1302 1988 1436 2019 nimium
1454 1987 1553 2018 videri
1575 1988 1670 2019 debet
1695 1987 1810 2018 advero

180 2047 235 2069 sus
254 2039 445 2070 innocentiae
463 2043 493 2070 et
510 2038 654 2070 veritatis
673 2037 783 2068 hostes
800 2045 808 2065 :
826 2037 1011 2067 traducendi
1030 2035 1132 2075 palam
1150 2036 1170 2066 ii
1185 2039 1312 2073 sunt,et
1327 2036 1440 2066 nativis
1459 2036 1612 2075 pingendi
1631 2036 1806 2072 coloribus,

181 2095 215 2121 ut
229 2096 455 2130 agnoscantur,
476 2091 643 2130 agnitique
659 2091 803 2121 vitentur
819 2097 854 2120 ac
870 2088 1046 2127 t‘ugiantur.
1061 2089 1127 2119 Hae
1145 2089 1267 2118 ratione
1293 2088 1495 2127 simplicibus
1513 2090 1704 2126 consulitur,
1718 2097 1808 2120 men-

179 2143 306 2175 dacium
324 2144 514 2181 revincitur,
533 2152 621 2174 error
636 2143 817 2182 repellitur,
835 2141 933 2172 vincit
953 2145 984 2172 et
1004 2140 1177 2180 triumphat
1201 2141 1331 2171 veritas.
1347 2140 1416 2171 Non
1439 2140 1505 2179 jam
1525 2141 1733 2172 immommur
1747 2140 1807 2172 fat.

178 2194 225 2224 sis
237 2193 518 2224 criminationibus
537 2193 763 2232 prOpulsaudis
782 2200 854 2231 quae
879 2191 912 2221 in
933 2191 1121 2230 Gregorium
1144 2192 1305 2229 congessit
1322 2191 1359 2221 D.
1373 2191 1508 2230 Dupin.,
1524 2201 1595 2223 cum
1612 2197 1643 2223 et
1671 2193 1748 2224 satis
1766 2202 1806 2224 ex

179 2244 275 2274 modo
291 2244 385 2275 dictis
403 2243 602 2279 refellantur,
619 2246 649 2274 et
667 2243 819 2282 Dupinus
836 2242 906 2282 ipse
927 2242 961 2272 in
979 2251 1038 2273 sua
1063 2242 1102 2273 ad
1118 2243 1188 2273 DD.
1210 2242 1488 2282 archiepiscopum
1517 2243 1731 2275 Parisiensem
1748 2243 1806 2274 ded

180 2293 365 2332 claratione,
383 2297 415 2324 ut
435 2301 554 2325 temere
569 2295 721 2325 conﬁctas
737 2293 937 2324 damnaverit
955 2296 986 2323 et
1003 2294 1216 2323 revocaverit.

236 2347 304 2386 5|].
321 2356 486 2378 PEBPETUA
509 2355 659 2378 GREGORII
681 2353 865 2376 VIRGINITAS
879 2352 1005 2374 CONTRA
1029 2353 1047 2374 Β

934 2353 1005 2374 ιτιιι
1029 2353 1237 2374 Βενειιεαιωί
1258 2353 1297 2374 ΕΤ
1322 2353 1537 2375 ΜυΒΔΤΟῚΠυΜ
1563 2348 1746 2376 ASSERITUI.

218 2411 234 2428 α
251 2401 501 2432 PostNicaanum
526 2399 713 2433 concilium,
738 2397 847 2437 inquit
878 2395 1137 2435 Beveregius(a),
1158 2396 1384 2434 Spiridionem,
1401 2396 1589 2436 Gregorium
1619 2398 1804 2437 Nyssen‘um

179 2457 212 2484 ut
228 2453 478 2489 Nazianzenum,
494 2454 558 2482 tam
575 2454 695 2490 patrem
711 2457 806 2488 quam
828 2447 928 2478 ﬁlium
942 2446 1140 2486 Theologum
1165 2448 1372 2478 matrimonio
1389 2449 1554 2487 copulatos
1575 2449 1688 2486 fuisse,
1707 2458 1806 2481 nemo

178 2505 211 2535 in
226 2506 417 2546 antiquitate
441 2507 586 2535 versatus
612 2502 725 2534 nescit.
745 2512 760 2530 n
774 2501 849 2531 llaec
865 2500 1060 2531 conﬁdenter
1084 2499 1224 2531 scribere
1247 2508 1346 2531 ausus
1362 2505 1408 2531 est
1422 2500 1627 2539 Beveregius,
1645 2501 1733 2532 nulla
1758 2510 1806 2531 ra-

178 2555 279 2594 tione,
295 2556 446 2595 nullaque
463 2555 561 2585 nixus
586 2552 784 2585 auctoritate.
800 2552 878 2581 Tam
903 2550 1078 2580 inauditam
1099 2555 1130 2580 et
1147 2551 1292 2581 insanam
1317 2551 1504 2589 opinionem
1520 2550 1703 2581 dormitanti
1721 2548 1804 2581 scri-

178 2606 258 2645 ptori
274 2607 444 2643 excidisse,
462 2606 578 2636 dixerit
593 2603 743 2644 quisquis
759 2604 792 2634 in
808 2603 876 2633 sola
892 2601 1032 2641 theologi
1066 2602 1205 2634 lectione
1223 2607 1370 2634 versatus
1390 2602 1506 2639 fuerit;
1534 2601 1583 2633 vel
1607 2601 1717 2641 potius
1732 2602 1762 2632 id
1787 2611 1803 2632 a

176 2656 350 2696 Beveregio
382 2657 536 2696 scriptum
566 2656 598 2686 in
619 2655 751 2695 gratiam
782 2655 1010 2694 episcoporum
1026 2663 1092 2686 sum
1108 2655 1225 2693 gentis,
1243 2661 1300 2695 pro
1316 2664 1373 2686 sua
1397 2655 1432 2686 in
1449 2654 1688 2691 matrimonium
1707 2654 1805 2686 devo-

178 2708 275 2738 tione.

214 2723 275 2738 ιιιις.

214 2757 290 2788 Tale
305 2759 521 2788 commentum
538 2760 650 2787 notare
665 2758 714 2787 sat
731 2763 816 2793 esse,
835 2763 894 2787 nec
911 2755 1006 2786 ullam
1025 2755 1103 2787 huic
1120 2754 1295 2787 refellendo
1313 2763 1442 2795 operam
1458 2753 1705 2795 tmpendenaam
1722 2723 1805 2785 arbi-

209 2841 230 2858 ι’
242 2840 274 2869 Ill
291 2842 356 2868 Itea.
370 2848 426 2874 ιιι,
439 2840 481 2868 ιο.
520 2841 541 2857 ¹³
556 2841 616 2869 Act.
633 2847 668 2867 xx
697 2839 743 2867 28.

211 2910 249 2941 te)
261 2909 290 2938 in
302 2909 374 2938 notis
388 2909 420 2937 ad
433 2917 564 2938 canonem
576 2916 591 2936 v
603 2913 691 2944 apost.
