2058 3128
269 185 305 213 Π
762 182 946 212 ῬΙίᾸ-ΣΕΔἸΙΟ
965 182 1079 210 GENER

1077 183 1166 211 ALIS.
1191 198 1223 206 —-
1242 183 1332 211 Palis
1351 182 1382 210 ll.
1855 184 1889 211 48

271 249 383 282 trarer,
400 244 464 275 nisi
493 243 610 275 malum
642 252 768 282 serpere
801 243 943 282 longius,
963 247 991 275 et
1015 245 1118 275 virum
1147 244 1374 280 clarissimum,
1391 252 1408 273 θ
1424 241 1595 274 Catholicis
1621 249 1733 279 unum,
1751 242 1891 273 Murato-

271 296 356 327 rium
373 295 428 335 (a),
440 295 496 335 qui
513 294 685 325 mirabatur
700 294 777 324 olim
795 295 1020 325 conﬁdentiam
1036 295 1214 334 Beveregii,
1229 299 1340 334 praeter
1355 302 1450 333 quem
1469 304 1483 322 ι
1501 293 1609 324 uultus
1631 293 1735 324 adhuc
1752 293 1888 325 afﬁrma-

272 345 318 376 vit
346 345 582 376 Nazianzenum
607 344 707 375 tilium
730 352 870 383 unquam
897 353 969 375 sese
1001 344 1204 374 matrimonio
1218 344 1446 379 obstrinxisse,
1464 354 1478 370 ι
1507 342 1608 382 ipsius
1626 347 1734 381 postea
1751 351 1890 373 errorem

272 397 458 436 amplexum
474 396 575 428 fuisse
591 404 768 427 cernerem.
786 397 855 427 Non
873 401 978 427 tamen
995 396 1140 427 absolute
1154 396 1322 435 amplexus
1338 398 1398 431 est,
1418 395 1472 426 sed
1496 395 1678 434 suspicatus
1695 406 1710 423 α
1727 395 1890 434 Beveregii

273 446 466 476 sententiam
487 454 560 476 eum
579 445 712 477 veritate
728 445 921 476 consentire.
940 457 954 474 ιι
972 445 1035 482 Qui
1053 446 1147 476 etiam
1163 446 1202 476 de
1227 445 1407 476 Theosebia
1424 444 1490 475 haec
1505 445 1547 475 ait
1562 455 1569 475 :
1584 456 1599 473 ι
1616 446 1678 475 Aut
1694 445 1890 476 Nazianzeno

275 498 397 536 nupsit,
415 509 430 525 ι
449 497 535 537 quod
553 508 567 524 α
587 497 788 528 simillimum
808 506 882 529 vero
898 497 1045 528 arbitror.
1063 509 1078 525 ι
1099 498 1209 538 Itaque
1224 501 1442 529 commentum
1458 496 1624 535 Beveregii
1644 500 1674 527 et
1698 505 1803 536 prava)
1820 498 1889 528 Mu-

273 549 381 580 ratorii
398 548 594 587 suSpicionis
608 547 816 578 fundamenta
832 547 930 578 simul
948 547 1155 579 convellenda
1174 551 1261 579 sunt.

313 599 351 630 Ut
371 607 386 629 a
403 598 577 629 Muratorio
607 597 811 637 incipiamus,
829 597 937 634 verba,
953 605 1025 636 quae
1044 597 1113 628 viro
1143 598 1237 628 docto
1265 596 1372 628 fucum
1401 596 1560 631 fecerunt,
1577 597 1643 628 haec
1671 602 1745 629 sunt
1771 599 1802 629 in
1820 599 1893 638 epi-

272 656 445 692 grammate
459 651 659 685 Theosebiaa,
676 650 761 690 quod
779 651 848 689 ipse
868 650 1009 689 vulgavit
1026 659 1034 678 :
1050 654 1084 690 Γρ

1081 654 1201 690 >ηγορίου
1214 654 1333 690 μεγάλου
1345 654 1445 689 σύζυγε
1459 654 1597 689 ἀτρεκέως
1615 659 1621 666 '
1640 662 1654 678 or
1670 651 1813 690 Gregorii
1829 652 1893 681 Mll-

273 703 325 742 gni
346 711 417 732 vere
431 702 562 742 conjux.
584 713 598 729 ι»
618 702 664 731 Ex
681 701 732 731 his
749 701 888 740 plurima
905 700 1028 740 colligit
1058 701 1253 732 Muratorius
1275 712 1282 731 :
1301 701 1415 740 primo,
1433 701 1578 739 Gregorii
1602 702 1737 740 Nysseni
1757 711 1890 732 uxorem

272 764 335 785 non
354 754 454 785 fuisse
466 753 676 785 Theosebiam
694 763 703 790 ;
721 753 752 784 id
769 753 900 793 quidem
919 753 1040 792 optime
1057 752 1175 784 deinde
1188 763 1196 789 ;
1209 753 1410 790 Gregorium,
1424 752 1479 790 qui
1504 764 1518 779 σι
1536 753 1669 791 Magnus
1685 764 1701 782 ι
1719 753 1762 784 ibi
1779 755 1889 793 appel-

272 809 367 845 latur,
385 806 584 846 Theologum
605 814 690 843 esse,
706 805 796 845 cujus
827 814 920 842 uxor,
937 813 1041 844 eaque
1067 813 1226 844 germana,
1244 804 1426 834 Theosebia
1456 803 1573 842 fuerit;
1588 805 1617 836 id
1635 813 1710 836 vero
1726 806 1865 845 pessime
1882 815 1890 835 :

273 859 412 898 denique
430 859 504 889 hinc
521 858 716 896 epigramma
742 857 897 896 Theologi
910 865 980 888 esse
995 865 1058 888 non
1074 864 1179 896 posse.
1196 857 1274 893 Quae
1296 856 1428 896 quidem
1449 860 1481 887 ut
1507 857 1635 895 penitus
1660 857 1892 895 convellamus,

274 910 376 948 primo
391 907 610 944 statuendum,
627 908 713 947 quod
728 912 823 948 caput
847 912 906 946 est,
923 908 1045 940 nullius
1071 916 1213 947 unquam
1234 907 1380 947 conjugii
1398 907 1535 939 vinculis
1561 910 1759 949 Theologum
1789 911 1892 941 irreti-

274 964 340 990 tum
354 982 362 996 ,
377 959 494 990 nedum
511 958 698 990 Theosebite
719 960 923 1000 copulatum;
939 961 971 991 2⁸
985 960 1102 991 deinde
1120 959 1199 990 nihil
1224 961 1302 990 adeo
1321 959 1489 998 impedire,
1505 960 1681 999 quominus
1698 961 1892 999 epigramma

274 1011 433 1042 tribuatur
447 1010 602 1048 Gregorio
617 1010 819 1042 Nazianzeno
831 1032 840 1047 ,
857 1011 889 1042 3°
904 1020 1009 1051 neque
1035 1020 1073 1042 ex
1090 1011 1265 1050 epitaphio,
1283 1019 1389 1050 neque
1414 1019 1454 1041 ex
1471 1010 1604 1050 epistola
1619 1011 1695 1040 alias
1713 1019 1774 1040 xcv
1800 1011 1892 1049 sequi

270 1061 417 1100 Nysscno
434 1060 643 1090 Theosebiam
673 1061 835 1100 nupsisse.
850 1061 900 1093 Sic
919 1062 1106 1101 Gregorium
1129 1066 1302 1102 utrumque
1324 1071 1340 1092 a
1357 1061 1509 1100 coniugio
1532 1061 1681 1094 liberum.
1702 1064 1734 1091 et
1751 1060 1890 1091 caelibem

271 1113 366 1142 vitam
381 1112 512 1142 duxisse
531 1109 701 1141 constabit.

310 1161 504 1192 Muratorius
533 1161 616 1190 inter
643 1160 841 1199 Theologum
870 1161 1127 1192 ctTheosebiam
1156 1161 1394 1192 matrimonium
1413 1161 1514 1192 fuisse
1532 1162 1733 1201 suspicatus,
1751 1161 1892 1191 Theose-

272 1210 354 1240 biam
375 1222 390 1238 α
408 1218 479 1240 cum
506 1209 574 1240 viro
602 1210 804 1240 Nazianzano
833 1211 1008 1242 castitatem
1036 1211 1156 1251 potius,
1173 1220 1268 1251 quam
1292 1211 1375 1242 thori
1404 1212 1663 1252 conjunctionem
1691 1220 1818 1242 servare
1837 1220 1893 1242 vo-

273 1262 372 1293 luisse
389 1273 403 1289 »
424 1261 612 1300 conjiciebat
629 1271 638 1291 :
657 1269 731 1292 mox
745 1262 829 1292 idem
843 1273 858 1290 «
878 1262 961 1294 inter
977 1267 1150 1302 utrumque
1166 1264 1270 1294 carnis
1301 1263 1559 1294 communionem
1579 1275 1594 1293 ι
1614 1264 1764 1300 admittit,
1782 1263 1836 1294 sed
1853 1263 1893 1294 ad

272 1311 367 1342 breve
385 1315 508 1351 tempus
524 1333 532 1349 ,
549 1315 578 1342 et
594 1312 765 1344 arbitratur
781 1322 796 1340 α
816 1313 934 1342 recenti
954 1312 1028 1344 huic
1046 1313 1192 1351 opinioni
1211 1312 1379 1351 sulfragari
1403 1321 1498 1352 posse
1522 1322 1649 1345 versum
1667 1315 1756 1345 illum
1788 1315 1893 1345 Theo-

273 1364 350 1403 logi,
367 1365 407 1395 ita
425 1365 594 1396 scribentis
620 1365 652 1396 in
673 1364 814 1396 carmine
835 1373 867 1396 iv
890 1365 928 1396 de
952 1365 1067 1396 animas

1089 1373 1155 1396 sum
1183 1365 1420 1396 calamitatibus
1436 1375 1444 1396 :
1467 1369 1560 1405 Αὐτὰρ
1574 1369 1669 1396 ἔπειτα
1684 1369 1782 1404 γάμοιο
1808 1368 1893 1404 βαρὺν

272 1418 353 1454 ζυγὸν
369 1419 446 1451 ἕκτος
461 1419 557 1455 ἔθηκα.
590 1415 712 1446 Deinde
742 1423 814 1446 vero
839 1423 933 1454 grave
956 1416 1071 1455 jugum

1092 1416 1287 1447 matrimonii
1308 1424 1324 1446 a
1349 1424 1398 1446 me
1419 1417 1561 1455 seposui.
1581 1427 1594 1445 ι
1611 1416 1827 1446 Nihilominus
1850 1421 1892 1445 ta-

276 1475 347 1498 men
363 1467 427 1497 hth
440 1468 480 1498 ita
497 1476 532 1498 se
548 1467 663 1498 habere
678 1471 822 1498 asserere
837 1476 901 1498 non
915 1477 1013 1499 ausus
1028 1472 1076 1499 est
1091 1468 1295 1500 Muratorius.
1310 1469 1465 1499 Amemus
1479 1468 1582 1499 virum
1595 1468 1722 1499 doctum
1732 1468 1815 1507 quod
1831 1475 1894 1506 pres

274 1517 464 1547 verecundia
480 1526 548 1548 rem
562 1521 625 1548 tam
644 1515 819 1547 inauditam
844 1523 901 1554 pro
921 1519 1006 1546 certe
1025 1524 1088 1546 non
1105 1516 1251 1557 aairrnat.

311 1568 375 1599 Nos
392 1577 467 1599 vero
482 1577 576 1599 omne
593 1575 722 1608 prorsus
737 1566 975 1598 matrimonium
999 1576 1015 1598 a
1041 1567 1193 1606 Gregorio
1216 1567 1454 1607 propulsamus.
1477 1567 1549 1606 Ipse
1578 1566 1773 1598 Muratorius
1791 1566 1829 1606 (ὀί
1844 1575 1894 1597 ar-

272 1621 424 1656 gumenta
442 1619 659 1658 suppeditabit
681 1627 690 1648 :
712 1630 726 1647 α
744 1618 808 1649 Cur
826 1618 910 1650 enim
930 1618 1118 1658 Gregorius,
1132 1619 1250 1659 inquit,
1267 1620 1323 1660 qui
1340 1624 1403 1650 tam
1419 1627 1503 1659 saepe
1519 1627 1556 1668 ac
1572 1623 1616 1650 tot
1634 1619 1752 1656 verbis,
1767 1619 1814 1649 vel
1832 1618 1893 1648 mi.

273 1674 349 1700 nuta
366 1669 436 1701 vita:
452 1679 518 1700 suae
535 1671 731 1701 monimenta
750 1671 896 1701 versibus
912 1670 1040 1708 clausit,
1052 1671 1113 1702 hoc
1131 1679 1231 1702 unum
1258 1679 1323 1702 non
1342 1671 1422 1702 levis
1451 1669 1604 1701 momenti
1620 1669 1825 1708 praeterisset,
1837 1670 1893 1698 aut

273 1723 334 1750 tam
349 1719 480 1758 jejunus
497 1721 804 1750 commemorasset?
820 1730 834 1748 ι
851 1719 963 1761 Neque
981 1728 1055 1752 vero
1070 1721 1102 1752 id
1124 1725 1247 1752 tantum
1270 1721 1414 1756 silentio,
1431 1725 1462 1752 et
1479 1724 1681 1757 argumento.
1707 1722 1739 1750 ut
1766 1723 1890 1756 vocant,

273 1773 426 1807 negante;
444 1777 626 1810 quanquam
642 1769 674 1800 id
685 1777 788 1808 genus
799 1771 981 1809 argumenti
998 1771 1103 1802 valere
1126 1771 1234 1807 debet,
1258 1771 1313 1801 ubi
1339 1771 1420 1810 quid
1447 1770 1552 1806 habet,
1571 1769 1656 1809 quod
1681 1769 1753 1799 facti
1776 1769 1839 1799 vim
1861 1774 1892 1799 et

273 1820 380 1852 locum
397 1822 537 1853 obtineat
555 1833 564 1851 :
582 1821 632 1853 hic
649 1827 756 1853 autem
773 1821 879 1858 habet,
908 1822 935 1853 si
951 1831 1094 1863 unquam
1112 1822 1244 1860 habuit;
1261 1831 1333 1854 cum
1357 1823 1414 1862 qui
1431 1830 1536 1854 rerum
1553 1830 1684 1852 suarum
1708 1820 1892 1857 historiam,

273 1878 338 1900 non
359 1878 436 1907 uno,
453 1871 507 1901 sed
524 1870 694 1911 multiplici
711 1875 870 1910 poemate,
884 1880 949 1902 non
965 1873 1082 1910 obiter,
1097 1873 1154 1903 sed
1172 1872 1276 1903 dedita
1293 1880 1390 1911 opera
1412 1876 1624 1911 accurateque
1642 1875 1750 1902 texere
1761 1880 1797 1901 se
1824 1879 1894 1910 pro-

273 1920 391 1957 ﬁtetur,
409 1930 474 1952 rem
495 1925 600 1952 tamen
620 1931 715 1954 unam
733 1932 750 1955 e
766 1924 949 1964 praecipuis,
966 1925 994 1955 si
1011 1933 1073 1955 non
1090 1925 1185 1956 etiam
1211 1933 1250 1956 ex
1274 1924 1426 1955 omnibus
1450 1925 1639 1963 praecipuam
1663 1923 1748 1961 silet,
1764 1931 1834 1962 quze
1853 1922 1891 1953 ad

274 1970 347 2000 vitae
362 1970 543 2007 varietates,
558 1981 639 2010 quas
660 1972 776 2003 litteris
789 1974 918 2004 mandat
935 1982 1029 2013 quam
1061 1974 1198 2004 maxime
1216 1974 1309 2010 facit,
1326 1975 1421 2013 quale
1439 1973 1582 2012 profecto
1599 1978 1647 2003 est
1664 1973 1734 2003 vita:
1748 1981 1849 2012 genus
1863 1977 1892 2004 et

273 2029 400 2057 cursus,
415 2030 510 2060 quem
527 2022 702 2061 Gregorius
718 2027 828 2055 tenere
843 2024 1106 2056 decreverat.Ubi
1118 2026 1204 2056 enim
1219 2026 1258 2056 de
1275 2034 1392 2064 genere
1410 2024 1482 2055 vitae
1495 2025 1658 2064 diligendo
1673 2025 1892 2056 Nazianzenus

273 2072 397 2111 agebat,
413 2072 457 2103 ibi
474 2082 551 2104 sane
571 2074 682 2105 debuit
697 2083 790 2113 agere
805 2075 845 2106 de
869 2077 1088 2116 matrimonio,
1105 2077 1134 2108 si
1152 2078 1334 2117 posthabita
1353 2077 1462 2108 caelibe
1481 2078 1543 2107 vita
1567 2077 1606 2107 ad
1632 2078 1759 2117 nuptias
1773 2085 1893 2108 convo-

274 2125 360 2155 lavit.

312 2175 424 2214 Neque
440 2183 514 2206 vero
528 2184 597 2213 eos,
613 2178 668 2217 qui
687 2179 882 2212 matrimonii
900 2180 1039 2212 vinculis
1053 2181 1218 2213 astrictum
1235 2181 1335 2213 fuisse
1351 2182 1541 2221 Gregorium
1563 2183 1707 2217 censent,
1722 2185 1804 2211 istua
1823 2189 1891 2211 ma-

273 2225 460 2256 trimonium
474 2225 685 2260 collocaturos
700 2238 772 2261 esse
787 2231 923 2262 arbitror
948 2237 1117 2271 postquam
1143 2233 1308 2272 presbyter
1330 2237 1453 2264 creatus
1469 2236 1528 2263 est.
1546 2233 1593 2264 Ad
1612 2232 1762 2263 conﬁctas
1784 2231 1892 2270 itaque

272 2275 426 2315 Theologi
443 2277 570 2316 nuptias
587 2283 711 2319 tempus
726 2281 758 2312 id
778 2290 876 2313 unum
892 2288 1052 2322 superest,
1067 2285 1152 2323 quod
1167 2288 1241 2315 ante
1271 2285 1483 2316 sacerdotium
1515 2285 1584 2324 ejus
1601 2281 1733 2314 efﬂuxit.
1751 2282 1894 2313 Consen-

273 2326 311 2356 tit
325 2326 521 2357 Muratorius
534 2331 563 2358 et
578 2328 620 2359 ait
635 2328 676 2368 (ε)
695 2339 704 2360 :
723 2341 736 2358 ι
754 2330 822 2362 Non
836 2331 892 2362 diu
925 2332 1111 2363 constitisse
1141 2334 1244 2364 carnis
1274 2334 1534 2365 communionem
1553 2334 1636 2364 inter
1658 2333 1890 2363 Nazianzenum

272 2379 302 2406 et
316 2375 545 2413 Theosebiam;
562 2379 618 2410 sed
633 2384 805 2420 utrumque
822 2382 999 2413 castitatem
1018 2383 1083 2422 jam
1109 2383 1231 2422 pridem
1248 2385 1384 2423 elegisse
1397 2407 1406 2422 ,
1422 2388 1456 2414 ut
1478 2384 1691 2416 sacerdotium
1711 2383 1764 2414 ille
1783 2383 1890 2420 iniret,

273 2424 401 2456 utinter
427 2425 626 2459 diaconissas
657 2429 715 2460 ista
741 2434 957 2470 cooptaretur.
980 2444 993 2461 ι
1012 2433 1130 2464 Verum
1149 2437 1276 2473 tempus
1304 2435 1380 2465 illud
1401 2435 1506 2474 ipsum
1523 2438 1582 2470 est,
1600 2434 1631 2464 in
1655 2442 1720 2473 quo
1747 2438 1890 2464 accurata

270 2475 417 2514 Gregorii
445 2478 583 2509 narratio
613 2480 737 2511 nullum
757 2481 823 2512 ullo
842 2482 912 2513 vitas
928 2483 1029 2520 ipsius
1047 2488 1210 2515 momento
1240 2485 1417 2516 consistere
1442 2484 1682 2516 matrimonium
1712 2484 1838 2522 patitur.
1853 2484 1891 2516 Ut

271 2525 356 2556 enim
388 2526 486 2565 ﬁngas
509 2527 740 2567 Theosebiam,
760 2532 895 2562 aliamve
921 2533 1096 2572 quamlibet
1120 2534 1311 2574 Gregorium
1341 2543 1472 2566 uxorem
1501 2534 1656 2571 duxisse,
1677 2534 1835 2574 quidquid
1861 2539 1891 2565 et

269 2583 401 2616 quoquo
421 2576 514 2607 modo
528 2577 716 2617 ﬁnxeris,id
733 2589 828 2612 omne
848 2583 913 2613 ruit
929 2588 961 2614 et
981 2584 1111 2622 penitus
1137 2584 1335 2615 subvertitur
1363 2585 1589 2615 disertissimis
1608 2584 1753 2624 Gregorii
1771 2585 1889 2620 verbis,

272 2628 364 2659 vitam
382 2636 473 2658 suam
490 2627 718 2666 describentis,
735 2630 845 2670 ibique
861 2633 1100 2664 accuratissime
1116 2634 1170 2664 ubi
1187 2634 1226 2665 de
1243 2634 1314 2665 vita)
1328 2642 1446 2673 genere
1461 2634 1651 2672 deligendo.

307 2678 452 2718 Gregorii
470 2684 618 2718 parentes
635 2689 698 2711 non
714 2682 775 2721 ipsi
791 2685 938 2714 auctores
954 2683 1086 2715 fuerunt
1103 2688 1135 2716 ut
1149 2686 1291 2717 animum
1308 2687 1346 2717 ad
1359 2694 1491 2717 uxorem
1510 2686 1710 2725 appelleret;
1728 2688 1891 2724 parentes,

270 2732 415 2772 inquam,
428 2731 485 2771 qui
500 2739 565 2762 non
585 2733 680 2764 modo
696 2732 752 2763 ﬁlii
769 2737 876 2764 votum
906 2735 1060 2766 castitatis
1080 2745 1115 2767 ac
1137 2739 1337 2776 propositum
1364 2742 1491 2776 norant,
1508 2739 1562 2771 sed
1585 2747 1659 2771 eum
1677 2738 1762 2779 ipsi,
1786 2738 1890 2779 prius»

302 2849 340 2911 (la)
356 2849 450 2878 Muret.
466 2851 569 2879 notmin
585 2851 669 2887 epigr.
685 2850 720 2880 52
732 2851 855 2880 Tlieoreb.
869 2859 883 2880 ει
896 2860 924 2881 se
939 2853 1050 2887 editum,
1144 2854 1178 2924 (ὸέ
1195 2854 1263 2882 Ibid.

325 2885 509 2918 31,132,134.
1142 2892 1166 2924 (ρ
1193 2889 1258 2918 Ibid.

266 2885 509 2920 p.131,132,154.
601 2885 610 2887 ἡ
631 2885 642 2887 “
1044 2885 1048 2887 ’

449 2885 509 2913 134.
601 2885 642 2887 π
1044 2885 1048 2887 '
1142 2885 1257 2924 (r)lbid.
