2058 3128
179 194 215 222 ιθ
674 193 861 222 PREFATIO
879 194 1084 222 GENERALIS.
1103 210 1138 215 —
1159 194 1248 222 PARS
1269 195 1301 222 ll.
1773 197 1807 224 50

177 263 274 294 quam
293 255 488 289 nasceretur,
503 253 566 284 Deo
582 253 776 290 dicaverant,
793 257 824 284 et
841 257 949 284 natum
969 254 1170 290 obtulerant,
1192 255 1272 285 adeo
1294 257 1328 284 ut
1344 264 1358 282 α
1377 254 1415 284 ab
1432 257 1524 285 utero
1543 254 1655 285 matris
1671 254 1738 284 Deo
1754 263 1806 286 sa-

176 312 242 339 cer,
255 313 291 335 ac
307 313 386 344 puer
404 304 530 335 oblatus
546 317 561 335 in
579 305 674 337 fuerit
690 327 699 344 ,
716 310 747 336 et
762 305 893 345 quidem
910 306 948 335 ad
964 305 1063 336 altare
1076 327 1085 342 ,
1105 305 1242 336 solemni
1270 307 1331 335 ritu
1351 305 1509 345 lactisque
1526 313 1622 336 sacrm
1637 305 1808 344 Scriptura!

178 356 270 387 libris
291 355 400 395 :quod
418 355 488 395 ipse
499 357 611 388 scribit
625 357 800 396 Gregorius
813 357 867 397 ta),
882 357 937 398 qui
957 369 971 385 α
991 357 1131 396 parentis
1142 360 1251 388 votum
1267 365 1304 388 ac
1319 356 1517 388 desiderium
1537 359 1639 386 ratum
1658 355 1806 390 habuit,»

176 411 207 438 et
226 413 376 446 praestare
390 409 505 448 quovis
526 412 668 448 tempore
685 409 808 439 studuit
823 432 831 446 ,
858 415 955 448 atque
972 409 1069 440 etiam
1087 409 1248 448 prmstitit.
1273 420 1287 437 α
1305 409 1347 448 (b)
1369 408 1521 439 Devinxit
1549 416 1600 439 me
1616 408 1679 438 sibi
1705 407 1807 438 amica

177 459 320 495 castitas,
338 459 457 498 inquit,
471 462 501 489 et
517 458 605 489 carni
622 458 747 489 vincula
767 458 889 498 injecit,
907 458 1073 497 simulque
1089 459 1253 490 ardentem
1276 459 1395 490 divinae
1411 459 1578 497 sapientiae
1596 467 1632 489 ac
1647 459 1719 489 vitae
1735 466 1806 489 mo-

178 507 306 538 nastic-te
335 515 475 538 amorem
498 507 630 547 injecit;
648 508 720 538 vita)
736 529 745 542 .
763 516 834 547 qum
852 507 914 538 dici
945 511 1052 548 potest
1076 507 1192 539 futurae
1217 508 1383 547 primitiae;
1401 507 1522 547 quippe
1546 516 1618 547 quae
1637 513 1724 539 costa
1742 517 1805 539 non

175 559 312 598 indiget,
330 568 401 600 quae
418 569 534 599 cerpus
554 559 836 598 circumplectatur
851 568 960 596 suum,
981 560 1155 599 verbisque
1179 559 1350 598 deceptum
1369 557 1495 590 blandis
1522 558 1560 588 ad
1580 566 1684 589 amara
1707 558 1807 596 dcgu~

176 610 288 640 standa
321 611 479 641 adducat:
499 622 512 639 ιι
531 611 596 642 haec
624 616 700 642 sunt
726 612 867 650 conjugii
894 611 1042 647 vincula,
1060 612 1178 650 quibus
1207 610 1381 650 Gregorius
1398 619 1413 641 a
1437 618 1535 648 puero
1558 609 1726 649 copulatus
1745 614 1805 641 est.

175 660 302 699 Conjux
318 661 433 700 ipsius,
450 671 513 693 non
531 662 724 698 Theosebia,
743 664 798 694 sed
818 668 970 703 perpetua
989 664 1138 701 castitas;
1160 664 1278 703 conjux
1303 661 1461 702 sapientia
1480 660 1539 691 fuit
1553 682 1561 696 ,
1584 668 1620 690 ac
1637 661 1806 699 utriusque

177 711 263 741 socia
280 714 311 741 et
326 711 465 749 adjutrix
483 723 498 741 α
514 714 661 745 monachi
683 714 757 751 vita,
776 715 869 755 cujus
886 724 1026 746 amorem
1045 716 1107 756 ipsi
1128 727 1142 744 ››
1160 715 1269 755 injecit
1289 716 1417 746 castitas
1430 736 1438 751 ,
1457 722 1552 753 quam
1583 712 1618 743 in
1648 711 1804 750 naufragii

179 761 321 798 periculo
337 762 434 799 vovit,
449 765 479 793 et
493 771 589 803 quam
607 767 673 795 toto
695 764 767 795 vitm
784 768 940 805 tempore,
956 767 1113 806 quantum
1132 766 1224 798 licuit
1250 773 1286 797 ac
1311 773 1412 805 penes
1428 765 1533 804 ipsum
1551 763 1623 799 fuit,
1642 763 1806 802 professus

177 813 237 839 est.

217 859 388 891 innumera
404 870 443 892 ex
461 861 608 902 Gregorii
623 865 750 904 scriptis
769 866 829 898 alia
846 866 989 906 proferre
1015 866 1200 898 testimonia
1227 866 1420 898 facillimum
1439 869 1549 901 esset,
1575 864 1694 904 quibus
1714 863 1803 893 illum

178 909 268 939 nullo
285 918 427 951 unquam
455 915 662 946 matrimonio
678 917 885 948 constrictum
904 918 1005 950 fuisse
1019 941 1027 954 ,
1046 919 1102 950 sed
1122 919 1192 958 ejus
1207 941 1216 956 ,
1233 927 1329 958 quam
1355 918 1478 949 amabat
1495 917 1603 954 unice,
1623 928 1637 944 α
1654 915 1805 947 castitatis

175 962 258 1001 jugo
275 965 354 996 colla
374 971 529 1006 perpetuo
555 968 753 1008 ﬁrmiterque
772 970 963 1002 submisisse
979 982 994 999 n
1017 971 1216 1002 manifestum
1239 971 1327 1002 ﬁeret
1347 968 1399 1010 (ε).
1415 969 1551 1008 Legatur
1567 966 1704 998 narratio
1720 974 1806 996 som-

176 1013 222 1043 nii
239 1015 323 1053 quod
336 1017 559 1049 sanctissimus
577 1018 689 1049 doctor
704 1019 776 1051 fuse
793 1020 945 1052 describit
961 1021 1018 1062 (ἀ).
1044 1024 1073 1052 et
1093 1021 1125 1052 in
1149 1029 1214 1060 quo
1229 1021 1336 1052 adhuc
1351 1032 1366 1049 ι
1384 1028 1476 1060 puer,
1492 1028 1551 1050 uec
1566 1022 1671 1049 tamen
1691 1016 1805 1046 admo-

175 1067 252 1098 dum
274 1077 364 1107 puer,
381 1078 490 1101 verum
508 1079 543 1103 ea
559 1075 653 1103 aetate
669 1082 731 1113 qua
751 1073 827 1104 boni
844 1078 876 1105 et
901 1075 974 1105 mali
993 1075 1188 1114 imaginibus
1205 1075 1334 1105 animus
1362 1072 1566 1107 informatur,
1589 1081 1603 1098 ι
1621 1067 1750 1100 castitas
1775 1069 1805 1097 et

176 1117 332 1156 sapientia
351 1120 415 1151 sibi
436 1121 511 1153 visa;
527 1127 602 1155 sunt
618 1124 755 1156 humana
770 1126 890 1165 specie,
908 1130 1059 1166 tantaque
1075 1137 1113 1159 ex
1131 1127 1272 1167 ipsarum
1289 1126 1396 1158 afﬂatu
1419 1128 1450 1157 et
1472 1122 1639 1161 colloquio
1655 1119 1804 1160 puritatis

175 1172 308 1204 dilectio
337 1173 369 1204 in
408 1183 462 1207 cor
493 1178 650 1209 emanavit
668 1179 795 1220 ipsique
811 1180 1091 1220 semperinhaasit,
1112 1184 1146 1211 ut
1167 1179 1331 1215 vecordes.
1354 1187 1393 1209 ne
1421 1175 1502 1217 quid
1528 1174 1631 1204 dicam
1648 1170 1800 1209 θωριίυδυ

175 1224 292 1256 merito
324 1225 500 1265 videantur,
516 1230 571 1270 qui
588 1231 626 1262 de
652 1231 795 1270 Gregorii
814 1238 966 1271 perpetuo
991 1234 1140 1266 cmlibatu
1158 1235 1207 1265 vel
1229 1233 1384 1272 tantisper
1408 1226 1627 1262 dubitaverit!l
1644 1223 1695 1264 (θ)·
1715 1222 1804 1254 Unde

176 1273 224 1303 vir
245 1273 351 1306 factus
365 1277 552 1316 Gregorius,
570 1284 600 1310 et
618 1289 688 1311 cum
708 1281 842 1312 Athenis
859 1291 1007 1313 reversus
1023 1282 1239 1319 deliberaret,
1258 1289 1321 1312 non
1339 1281 1378 1312 de
1394 1280 1466 1310 vitm
1480 1285 1576 1310 cursu
1596 1297 1604 1312 ,
1625 1283 1734 1305 Ver‘lm
1765 1275 1804 1305 de

175 1323 238 1360 Via,
258 1334 318 1365 qua
344 1329 512 1366 expeditus
537 1333 573 1363 ad
593 1333 790 1372 propositum
807 1334 900 1364 tinem
917 1334 1035 1365 certius
1053 1334 1246 1373 perveniret,
1266 1333 1328 1364 hoc
1347 1333 1484 1371 primum
1503 1327 1612 1368 ponit:
1631 1337 1645 1354 α
1669 1326 1710 1366 (fl
1735 1325 1803 1354 ’31"

176 1374 252 1404 olim
273 1376 350 1406 mihi
366 1383 487 1410 certum
506 1386 586 1418 erat,
604 1391 638 1413 ac
656 1383 753 1414 veluti
771 1383 841 1422 lege
857 1383 1028 1420 sancitum,
1046 1391 1120 1423 quas
1137 1383 1240 1415 cluis
1260 1381 1381 1413 suntin
1401 1380 1596 1420 profundum
1614 1387 1648 1409 ea
1666 1377 1803 1416 projice-

176 1433 229 1461 re;
251 1425 347 1466 idque
364 1431 430 1478 tnm
449 1430 549 1469 magis
565 1441 600 1462 ac
617 1431 718 1470 magis
738 1432 910 1463 arridebat.
927 1444 941 1460 »

216 1476 301 1513 Quid
317 1476 415 1517 igitur
430 1481 492 1512 sibi
507 1483 574 1513 vult
594 1483 769 1521 Gregorius
785 1483 836 1514 his
855 1484 1026 1524 verbis(g),
1038 1497 1052 1513 α
1069 1493 1163 1524 grave
1180 1485 1295 1525 jugum
1312 1481 1506 1515 matrimonii
1525 1490 1541 1512 a
1557 1489 1607 1511 me
1619 1480 1802 1519 seposui?»

175 1525 245 1556 N0"
262 1527 447 1566 imPositum
468 1533 527 1564 hoc
543 1543 625 1566 onus
643 1535 770 1574 abjecit.
786 1536 840 1567 sed
855 1537 893 1567 ab
906 1545 944 1567 eo
972 1546 1099 1577 semper
1127 1537 1320 1574 declinavit,
1336 1545 1352 1567 a
1371 1544 1405 1566 se
1421 1533 1552 1569 amovit,
1569 1532 1607 1563 ab
1624 1540 1662 1562 eo
1683 1531 1802 1562 abhor-

176 1577 261 1614 ruit,
277 1586 385 1610 amore
401 1583 555 1614 castitatis
574 1589 603 1616 et
624 1585 694 1616 vitae
712 1586 905 1617 monasticae.
926 1586 976 1618 Sic
992 1595 1088 1626 grave
1116 1595 1199 1618 onus
1219 1585 1415 1617 matrimonii
1434 1585 1596 1621 excussit,
1620 1584 1704 1616 haud
1732 1585 1804 1624 qui-

176 1629 246 1659 dem
259 1630 444 1669 impositum
464 1644 625 1675 unquam;
643 1636 699 1666 sed
716 1645 732 1667 a
750 1645 785 1667 se
806 1637 986 1668 amovendo
1002 1645 1042 1667 ne
1061 1637 1293 1676 imponeretur.
1310 1637 1378 1667 Non
1396 1636 1487 1667 aliter
1500 1635 1674 1674 Gregorius
1690 1644 1805 1666 excus-

178 1678 221 1707 sit
237 1686 319 1709 onus
340 1681 548 1720 matrimonii,
564 1693 659 1723 quam
679 1688 770 1714 caute
792 1684 946 1724 fugiendo
961 1685 1118 1725 quidquid
1148 1685 1208 1717 hoc
1227 1685 1300 1716 vitea
1312 1693 1415 1724 genus
1431 1689 1575 1724 spectat,
1594 1688 1701 1724 utpote
1728 1693 1804 1716 con-

178 1728 311 1759 trarium
331 1732 498 1770 proposito
516 1733 681 1764 servandas
702 1734 898 1773 virginitatis
915 1740 945 1766 et
968 1738 1042 1766 vnto
1058 1732 1242 1766 monasticae
1262 1735 1347 1765 vitas.
1364 1734 1456 1765 Certe
1473 1734 1659 1772 Gregorius,
1677 1733 1732 1772 qui
1757 1733 1804 1763 vi-

178 1779 241 1806 tam
258 1780 465 1811 monasticam
483 1782 596 1813 iterato
615 1787 687 1813 voto
703 1791 738 1814 se
761 1784 986 1823 amplexurum
1008 1784 1217 1823 promiserat,
1235 1793 1370 1815 uxorem
1397 1784 1459 1815 sibi
1477 1784 1651 1824 adjungere
1668 1792 1730 1814 non
1749 1792 1803 1822 po-

181 1831 272 1864 terat,
288 1831 365 1869 quin
381 1832 485 1864 datam
504 1834 572 1866 Deo
592 1836 683 1866 ﬁdem
699 1836 835 1874 falleret,
854 1837 1026 1877 scelusque
1039 1837 1213 1868 maximum
1232 1837 1266 1867 in
1279 1846 1313 1869 se
1330 1837 1526 1868 admitteret.
1548 1837 1639 1867 Absit
1656 1836 1754 1875 igitur
1769 1841 1803 1867 ut

179 1877 283 1908 virum
310 1883 371 1910 tam
385 1886 541 1919 sanctum,
560 1884 676 1923 pietate
694 1886 867 1925 insignem,
883 1890 1005 1917 tantum
1024 1887 1129 1918 scelus
1147 1892 1368 1927 perpetrasse;
1390 1887 1492 1924 absit,
1511 1887 1654 1927 inquam,
1673 1891 1707 1918 ut
1727 1888 1804 1918 Gre-

179 1927 306 1965 gorium
339 1935 448 1969 spreto
475 1935 639 1965 servanda;
668 1935 859 1974 virginitatis
873 1940 965 1974 voto,
981 1944 1046 1975 quo
1062 1937 1236 1967 obstrictus
1252 1940 1329 1974 erat,
1350 1936 1406 1975 qui
1420 1947 1435 1963 ί
1455 1936 1493 1966 ab
1512 1939 1604 1967 utero
1618 1935 1726 1967 matris
1752 1944 1801 1966 sas

177 1985 231 2007 cer
248 1982 339 2015 erat,
361 1981 416 2019 qui
435 1983 544 2014 matris
567 1988 673 2015 votum
702 1994 738 2016 ac
769 1985 966 2016 desiderium
990 1989 1090 2016 ratum
1119 1985 1293 2023 habuerat,
1311 1997 1326 2014 ν
1344 1994 1477 2017 uxorem
1510 1986 1644 2018 duxisse
1671 1986 1803 2017 arbitre-

177 2035 261 2062 mur.
289 2032 345 2059 aut
372 2031 584 2071 suspicemur.
614 2035 702 2066 Talis
724 2035 866 2075 suSpicio
890 2039 951 2067 tam
970 2035 1004 2066 in
1019 2036 1210 2074 Gregorium
1238 2034 1416 2075 injuriosa.
1442 2044 1538 2076 quam
1570 2036 1726 2066 contraria
1751 2043 1803 2066 ve-

176 2078 274 2108 litati.

216 2129 368 2161 Constare
379 2131 521 2165 debetex
532 2134 627 2166 dictis
640 2135 831 2175 Gregorium
852 2135 950 2168 nullis
968 2145 1110 2176 unquam
1126 2137 1261 2177 nuptiis,
1277 2147 1336 2170 nec
1354 2146 1424 2168 cum
1447 2138 1641 2174 Theosebia,
1659 2146 1717 2168 nec
1729 2146 1800 2169 cum

177 2178 238 2209 alia
256 2179 399 2219 qualibet
414 2181 531 2215 femina
545 2185 709 2224 alligatum
721 2185 834 2216 fuisse.
852 2185 923 2222 Quo
946 2186 1176 2225 disputationis
1190 2187 1292 2226 capite
1307 2187 1412 2227 posito
1425 2211 1434 2225 ,
1452 2197 1488 2220 ac
1506 2196 1617 2219 eorum
1637 2210 1645 2224 ,
1667 2196 1738 2229 qua;
1753 2197 1803 2219 se-

177 2233 334 2267 quuntur,
353 2230 575 2271 fundamento,
592 2235 657 2274 jam
673 2239 787 2275 sponte
809 2244 868 2267 sua
888 2236 1036 2276 sequitur
1051 2236 1249 2276 Theologum
1267 2246 1330 2268 non
1361 2246 1432 2268 esse
1458 2247 1531 2268 eum
1548 2260 1557 2276 ,
1577 2239 1633 2278 qui
1656 2238 1688 2268 in
1705 2239 1803 2277 epita-

176 2280 253 2318 phio
265 2282 453 2314 Theosebiaa
466 2295 481 2313 cr
498 2286 633 2325 Magnus
650 2298 666 2316 ι
681 2288 811 2328 dicitur,
827 2292 857 2319 et
877 2289 967 2328 cujus
981 2288 1161 2320 'l‘lieosebia
1183 2300 1198 2317 ι
1218 2297 1292 2320 vere
1311 2289 1428 2329 cenjux
1443 2301 1458 2319 υ
1471 2298 1641 2329 comparve
1664 2290 1802 2329 appella-

177 2335 242 2361 tur.
258 2332 342 2364 Hinc
363 2334 510 2372 efﬁcitur,
527 2337 609 2368 nihil
624 2338 752 2369 obstare
768 2338 943 2379 quominus
960 2338 1020 2369 hoc
1036 2338 1234 2378 epitaphium
1258 2347 1275 2368 a
1302 2338 1456 2377 GregOrio
1482 2339 1639 2371 elaborari
1658 2340 1802 2379 potuisse

176 2382 332 2414 credatur.
351 2384 420 2415 Iino
436 2394 499 2417 non
514 2390 635 2418 tantum
653 2387 768 2426 potuit,
784 2387 839 2418 sed
858 2389 961 2427 reipsa
981 2388 1020 2419 ab
1046 2388 1118 2427 ipso
1145 2388 1342 2419 elaboratum
1372 2397 1442 2419 esse
1468 2398 1506 2421 ex
1530 2390 1663 2429 epistola
1680 2390 1721 2420 al.
1736 2399 1800 2422 xcv

176 2431 381 2464 manifestum
399 2439 462 2473 est;
476 2445 547 2476 quas
563 2437 692 2478 quidem
703 2438 838 2476 epistola
853 2447 924 2468 cuni
941 2438 1103 2478 epilaphio
1124 2441 1219 2469 rebus
1236 2441 1266 2469 et
1280 2438 1434 2469 verbisita
1447 2443 1613 2476 consonat,
1629 2443 1661 2471 ut
1678 2441 1801 2471 utrius-

177 2491 261 2521 que,
291 2485 338 2515 vel
370 2486 528 2524 neutrius,
558 2491 670 2518 auctor
692 2488 915 2526 agnoscendus
934 2489 974 2519 sit
992 2489 1179 2527 Gregorius.
1204 2489 1357 2520 Fatentur
1372 2493 1476 2520 autem
1491 2498 1603 2521 omnes
1620 2490 1800 2528 epistolam,

179 2543 364 2573 germanum
391 2548 462 2571 esse
486 2540 638 2582 Theologi
659 2542 758 2572 fetum
774 2542 811 2572 ad
827 2542 1015 2580 Gregorium
1035 2543 1218 2580 stsenum
1235 2543 1418 2574 scribentis.
1437 2544 1494 2574 Pro
1509 2548 1595 2574 certo
1613 2544 1722 2583 itaque
1749 2544 1802 2575 ha-

178 2587 329 2625 bendum,
347 2590 546 2630 Theologum
568 2600 627 2622 nec
644 2591 842 2625 Theosebiaa.
857 2599 916 2623 nec
939 2592 994 2622 ulli
1008 2593 1062 2623 alii
1079 2601 1218 2633 unquam
1237 2593 1572 2633 connubiojunctum,
1586 2596 1800 2635 eumdemquc

178 2649 249 2671 esse
266 2646 426 2674 auctorem
459 2644 626 2683 epitaphii.
646 2643 799 2674 Prwterea
830 2643 1010 2680 Muratorii,
1028 2644 1082 2683 qui
1101 2644 1277 2683 epitaphio,
1298 2648 1330 2674 ut
1344 2649 1375 2675 et
1399 2644 1533 2682 epistola
1552 2644 1591 2675 ad
1608 2645 1797 2683 Gregorium

178 2690 373 2729 Nyssenum,
399 2698 583 2733 perpetuam
600 2693 755 2732 Theologi
789 2693 1004 2732 virginitatem
1026 2693 1210 2726 labefactari
1225 2695 1407 2734 suspicatus
1428 2698 1497 2731 est,
1516 2695 1654 2726 rationes
1683 2703 1799 2727 evane-

177 2745 272 2772 scunt
291 2747 323 2773 et
338 2743 485 2776 funditus
506 2749 672 2777 corruunt.

225 2809 251 2852 ᾳ)
266 2809 355 2852 Germ.
371 2811 482 2852 31.2,}.
499 2814 560 2847 426,
578 2814 710 2848 455,448,
729 2813 791 2842 M9.

668 2814 710 2848 t8,
729 2813 791 2842 M9.
1049 2817 1083 2852 (ε)
1093 2817 1182 2845 Carm.
1195 2818 1229 2845 at.
1248 2817 1273 2849 l,
1288 2825 1312 2844 v.
1326 2817 1411 2852 280a:
1423 2824 1480 2852 seq.

227 2845 558 2887 bjl’bid.,v_._‘56,_e_tc.'
634 2845 638 2847 '
703 2845 707 2848 '

634 2845 638 2847 I
703 2845 707 2848 γ
1051 2845 1083 2887 ir)
1099 2853 1176 2884 Ibid.,
1193 2861 1218 2879 ν.
1239 2845 1303 2885 284,
1316 2851 1378 2887 sas.

209 2880 538 2924 'l5l93.'.'“-5'1:..“}{-_

587 2919 617 2924 .,-
646 2918 694 2924 η-
737 2921 804 2924 .-Α-
1051 2880 1187 2924 (Sarni.
1201 2888 1234 2915 al.
1252 2888 1278 2921 5,
1293 2880 1320 2916 ἦν.
1332 2886 1393 2915 283.

217 2915 255 2950 (ά)
271 2914 351 2949 lbid.,
371 2925 396 2944 ν.
409 2917 472 2952 ‘205,
487 2918 550 2952 206,
566 2919 628 2954 ‘207,
645 2918 696 2948 208
712 2921 744 2948 ad
755 2921 817 2950 515.
