2058 3128
185 176 221 204 55
679 174 864 205 ΡΒᾹΞΡΑΤΙΟ
886 175 997 206 GENEB

1003 176 1090 205 ALIS.
1115 192 1146 197 —-
1166 176 1255 205 PARS
1274 175 1306 205 Il.
1780 177 1813 204 54

185 235 561 275 αθωαυθῖᾱίεοοηὶδςδω
578 235 629 267 his
657 237 763 268 verbis
778 242 940 277 astruens,
965 248 997 279 qi

1000 239 1085 270 tibus
1109 238 1230 278 aptiora
1247 247 1312 270 non
1331 241 1406 270 sunt
1429 238 1468 269 ad
1487 237 1681 277 designanda
1705 237 1812 269 diaco-

184 285 283 316 nissae
303 285 415 317 merita
433 290 462 318 et
485 287 616 318 munia:
635 299 649 318 α
666 289 877 322 Theosebiam
906 299 981 322 vere
1010 299 1146 328 sacram,
1172 293 1269 330 atque
1293 290 1373 322 adeo
1392 289 1548 321 sacerdoti
1575 297 1755 329 comparem
1783 295 1813 321 et

181 344 291 379 parem
308 338 429 370 honore
445 343 476 370 et
492 340 615 379 magnis
631 342 792 381 mysteriis
808 343 947 382 dignam.
960 355 976 372 ι

223 388 375 420 Praeterea
393 398 455 420 vox
473 390 578 423 Graeca
596 396 712 431 σύζυγος
734 401 796 424 non
816 394 943 432 proprie
961 393 1118 432 signiﬁcat
1135 401 1204 429 eos,
1230 401 1312 432 quos
1331 392 1442 423 Latine
1467 393 1619 432 conjuges
1645 401 1810 427 vocamus.

183 438 333 473 maritum
361 442 391 471 et
414 448 567 478 uxorem;
590 444 645 473 sed
671 451 726 473 cos
745 443 933 482 generatim,
959 444 1014 483 qui
1031 435 1147 482 '0peris
1171 443 1314 482 ejusdem
1343 443 1435 479 socii,
1461 443 1546 475 idem
1576 444 1675 476 veluti
1696 445 1810 484 jugum

185 488 311 520 trahere
330 493 514 521 censentur.
532 491 576 521 Ita
594 491 721 522 consilii
739 491 925 531 participem
947 497 1037 524 vocat
1056 497 1172 532 σύζυγον
1194 492 1425 531 Aristophanes
1442 493 1473 524 in
1489 493 1602 525 Pluto:
1618 495 1661 525 ita
1680 503 1810 534 quoque

182 539 281 572 Plato.
298 541 350 572 Sic
385 550 402 572 e
427 543 560 580 nostris,
593 543 751 575 Macarius
779 544 948 584 Egyptius
978 544 1152 575 monachus
1181 547 1314 583 συζύγους
1342 544 1485 575 nominat
1505 544 1700 584 discipulos,
1728 554 1810 585 quos

182 592 278 624 binos
297 593 453 625 Dominus
478 594 578 632 misit,
603 598 752 635 tanquam
777 596 974 635 cOnjugales.
993 597 1039 628 Eo
1064 597 1158 628 etiam
1178 605 1275 628 sensu
1311 596 1488 628 TheOSebia
1519 601 1635 637 σύζυγος
1662 598 1808 637 Gregorii

181 642 321 697 Npsseni
343 642 403 674 fuit
425 647 455 675 et
477 646 540 677 dici
558 647 673 686 potuit,
692 647 779 687 quod
795 648 841 679 illi
860 660 874 677 ‹‹
889 657 943 688 par
966 649 1103 686 honore,
1116 660 1130 677 ι
1145 653 1287 689 ὁμότιμον,
1303 649 1389 689 quod
1407 660 1421 676 (ι
1438 651 1561 689 magnis
1578 650 1673 689 digna
1691 654 1810 690 myste-

180 696 250 727 riis,
265 702 280 719 ι
306 696 360 723 τῶν
374 697 500 732 μεγάλων
516 701 672 736 μυστηρίων
687 701 779 735 ἀξίαν,
809 697 916 738 iisque
950 699 991 728 mi

996 697 1169 730 nistrandis
1193 699 1322 729 fratrem
1350 705 1451 737 soror,
1479 701 1676 733 sacerdotem
1701 702 1808 733 diaco-

180 742 269 774 nissa
292 744 472 784 adjuvabat,
490 749 521 776 et
544 746 713 785 conjuncta
736 755 833 786 opera
853 747 1076 780 collaborabat.
1093 748 1169 779 Haec
1191 752 1296 779 autem
1322 748 1361 780 de
1388 757 1464 780 voce
1490 755 1605 791 σύζυγος
1633 752 1808 792 disputavi-

180 802 267 831 mus,
282 795 370 826 salvo
388 796 497 827 Basilii
516 797 615 836 patris
634 797 844 837 ejusdemque
861 798 1002 838 episcopi
1019 799 1181 830 connubio
1204 807 1276 829 cum
1299 799 1467 836 Emmelia,
1488 806 1519 833 et
1534 802 1680 842 Gregorii
1708 803 1807 842 patris

179 852 254 876 cum
270 846 392 878 Nonna.
409 847 564 878 Emmelia
580 847 663 879 enim
684 853 716 879 et
740 849 864 885 Nonna,
881 848 1092 879 sanctissima)
1118 847 1258 884 feminea,
1277 855 1350 878 vere
1375 849 1542 889 conjuges,
1567 852 1664 883 altera
1695 851 1805 882 Basilii

179 898 292 937 patris,
309 899 405 931 altera
427 899 573 940 Gregorii
605 900 702 939 patris
732 900 834 938 fuere,
858 901 945 940 quod
963 901 1037 932 aliis
1061 904 1091 932 et
1124 900 1272 940 plurimis
1300 901 1499 940 argumentis
1524 904 1658 932 constat.
1689 901 1803 932 Neutra

180 956 253 978 cum
279 949 390 980 marito
409 952 698 992 consanguinitatis
715 953 780 984 uilo
803 953 902 993 gradu
918 956 983 984 erat
1001 953 1183 993 conjuncta,
1208 954 1241 983 ut
1264 960 1373 983 vocem
1399 960 1415 982 a
1443 953 1548 983 nativa
1573 952 1806 992 signiﬁcatione

179 998 339 1033 deducere
355 1009 438 1042 opus
453 1003 506 1034 sit.

218 1051 319 1083 Nemo
335 1053 401 1092 jam
426 1063 490 1086 non
510 1055 664 1095 intelligit
683 1064 749 1096 quo
767 1056 880 1088 ordine
910 1056 1055 1088 habenda
1073 1055 1113 1086 sit
1133 1064 1213 1088 vana
1233 1054 1399 1086 Muratorii
1421 1055 1461 1086 de
1481 1056 1682 1088 matrimonio
1702 1056 1807 1088 Theo-

179 1103 244 1144 logi
268 1106 421 1146 suspicio,
439 1111 469 1139 et
488 1111 609 1147 quanto
634 1109 667 1139 in
684 1117 792 1141 errore
812 1112 955 1140 versatus
973 1109 1016 1139 sit
1033 1108 1237 1147 Beveregius,
1255 1107 1312 1148 qui
1340 1107 1537 1138 conﬁdenter
1563 1107 1677 1138 asserit
1703 1107 1808 1138 nemi-

177 1162 252 1186 nem
279 1156 312 1187 in
342 1157 534 1197 antiquitate
569 1163 727 1191 versatum
766 1161 893 1192 nescire
921 1161 1109 1200 Gregorium
1145 1159 1344 1199 Theologum
1387 1159 1591 1190 matrimonio
1621 1159 1805 1198 copulatum

178 1207 294 1239 fuisse.
310 1208 378 1240 Imo
396 1218 491 1241 nemo
513 1210 546 1242 in
575 1212 766 1252 antiquitate
793 1216 936 1245 versatus
954 1213 985 1244 id
1002 1221 1145 1253 unquam
1170 1212 1343 1252 cogitavit:
1361 1220 1446 1243 unus
1466 1212 1663 1251 Beveregius
1695 1215 1804 1242 natum

179 1266 218 1288 ex
235 1267 270 1290 se
294 1262 355 1289 tam
376 1259 559 1292 inauditum
587 1267 804 1294 commentum
825 1264 969 1303 protulit.
985 1263 1112 1294 Certum
1138 1263 1236 1302 igitur
1252 1265 1284 1293 et
1304 1263 1531 1294 inconcussum
1563 1266 1685 1292 maneat
1706 1262 1805 1293 nullis

176 1307 340 1347 alligatum
366 1318 509 1350 unquam
535 1313 657 1351 nuptiis
675 1313 775 1345 fuisse
803 1314 1000 1353 Theologum
1012 1336 1020 1350 ,
1045 1313 1113 1353 qui,
1130 1317 1166 1344 ut
1180 1313 1223 1344 ait
1241 1311 1428 1344 Theodulus
1446 1310 1621 1341 monachus
1636 1311 1668 1341 in
1686 1311 1806 1350 Grego-

176 1360 216 1391 rii
243 1361 396 1402 Theologi
426 1363 608 1395 laudatione
637 1365 778 1405 (p.153),
809 1376 824 1395 α
858 1366 987 1405 nuptias
1015 1374 1080 1397 non
1100 1365 1214 1404 attigit,
1234 1371 1342 1395 verum
1374 1363 1408 1393 in
1437 1368 1589 1401 perpetua
1620 1361 1803 1401 virginitate

177 1412 293 1444 vixit.»
311 1414 439 1446 Certum
462 1423 594 1455 quoque
610 1419 640 1447 et
662 1417 888 1449 inconcussum
909 1420 1034 1449 maneat
1059 1417 1249 1457 Gregorium
1265 1417 1448 1456 Nyssenum
1473 1412 1635 1444 connubio
1650 1412 1800 1452 junctum

176 1471 241 1494 non
264 1463 367 1495 fuisse
389 1474 460 1496 cum
479 1465 670 1505 Theosebia,
689 1477 760 1508 quae
787 1470 919 1508 quidem
939 1477 1029 1500 soror
1050 1469 1153 1508 ipsius
1181 1471 1259 1504 erat,
1279 1475 1342 1498 non
1366 1469 1471 1498 autem
1494 1464 1631 1503 conjux;
1659 1464 1803 1503 adeoque

175 1516 207 1543 et
232 1513 351 1552 ipsum,
368 1515 394 1545 si
411 1515 473 1546 alio
491 1524 558 1547 non
585 1516 684 1549 fuerit
703 1518 855 1558 conjugio
882 1518 1079 1558 implicatus,
1108 1518 1244 1550 liberum
1272 1521 1301 1549 et
1326 1516 1468 1547 cmlibcm
1490 1517 1643 1555 perpetuo
1668 1515 1800 1546 vixisse.

174 1563 255 1595 Sane
273 1564 329 1603 qui
354 1573 426 1596 eum
447 1568 577 1606 nuptias
604 1571 751 1610 attigisse
780 1571 965 1607 voluerunt,
992 1578 1055 1601 non
1084 1570 1179 1601 aliam
1199 1578 1294 1610 quam
1326 1567 1538 1599 Tlieosebiam
1568 1575 1641 1597 eum
1668 1575 1801 1597 uxorem

174 1612 325 1645 habuisse
352 1617 546 1654 statuerunt,
570 1628 629 1651 nec
649 1621 712 1651 alio
740 1620 806 1651 nixi
838 1620 1046 1652 fundamento
1075 1629 1170 1660 quam
1192 1619 1328 1659 epistola
1352 1620 1393 1651 al.
1408 1627 1488 1655 xcv;
1513 1626 1585 1658 quae
1611 1625 1682 1649 cum
1708 1617 1802 1649 aliam

174 1665 249 1704 prae;
259 1673 294 1695 se
313 1664 392 1696 ferat
407 1667 615 1709 sententiam,
633 1669 845 1700 ruit'omniuo
863 1670 1045 1708 nuptiarum
1064 1669 1203 1709 Nysseni
1221 1668 1478 1704 fundamentum,
1496 1667 1608 1698 victrix
1625 1671 1672 1698 est
1689 1667 1801 1707 Opinio

173 1714 430 1748 Centuriatorum
449 1717 502 1758 (α),
519 1720 575 1758 qui
596 1728 668 1750 eum
689 1722 842 1759 perpetuo
859 1721 1000 1752 caelibem
1022 1720 1142 1751 vixisse
1167 1718 1289 1755 volunt,
1312 1723 1343 1750 et
1365 1718 1494 1751 laudant
1521 1720 1698 1750 orationem
1724 1719 1802 1750 Gre-

173 1768 252 1806 gorii
268 1768 308 1798 al.
322 1778 368 1799 xx
387 1769 419 1799 in
435 1770 587 1811 Basiliuin
607 1770 769 1808 Magnum.

215 1817 347 1848 Librum
372 1816 416 1849 De
441 1819 625 1858 virginitate
653 1819 782 1858 scripsit
814 1819 978 1859 Nyssenus
1009 1819 1150 1858 (p.117),
1173 1817 1206 1848 in
1232 1825 1296 1857 quo
1325 1816 1392 1849 hinc
1419 1823 1495 1850 sunt
1523 1820 1639 1852 verba:
1662 1820 1800 1851 «Veluti

173 1867 311 1906 quodam
340 1872 430 1899 terra;
460 1869 550 1899 hiatu
580 1868 799 1906 prohibemur,
829 1868 1004 1908 quominus
1033 1867 1069 1898 ad
1103 1867 1184 1898 hanc
1217 1866 1432 1905 virginitatem
1466 1869 1702 1906 accedamus”
1728 1877 1801 1908 qua)

174 1918 270 1949 verba
303 1927 428 1950 amissaa
457 1913 653 1957 virginitatis
682 1918 854 1958 quamdam
882 1918 1099 1958 suspicionem
1126 1917 1277 1947 videntur
1301 1915 1446 1956 injicere.
1462 1917 1582 1948 Verum
1611 1917 1678 1948 haec
1705 1917 1800 1947 verba

172 1968 254 2010 ipsa,
280 1973 311 2001 et
334 1969 588 2010 comparationes
605 1977 683 2008 quas
713 1968 842 1999 adhibet
861 1967 887 1998 si
912 1967 1099 2007 perpendes,
1121 1965 1264 2005 suspicio
1287 1970 1467 1997 evanescet;
1491 1967 1562 1998 Non
1592 1967 1678 1998 enim
1703 1966 1800 2005 virgi-

171 2021 302 2064 nitatem
328 2021 445 2061 ipsam,
472 2020 530 2052 sed
558 2020 648 2051 illius
672 2020 743 2050 vitae
769 2019 950 2054 commoda,
979 2017 1143 2053 utilitates,
1179 2016 1321 2057 quietem
1353 2016 1510 2055 deplorat.
1536 2017 1619 2052 Non,
1646 2017 1797 2056 inquam,

171 2073 291 2105 nudam
316 2081 351 2104 ac
368 2073 547 2112 simplicem
574 2070 790 2110 virginitatem
806 2069 840 2102 in
858 2077 896 2100 eo
921 2071 1054 2100 tractatu
1074 2067 1219 2107 proponit
1245 2067 1430 2106 Nyssenus;
1449 2070 1505 2098 sed
1529 2068 1625 2098 vitam
1651 2066 1718 2097 Deo
1745 2067 1801 2097 de-

171 2125 290 2158 votam,
314 2120 447 2152 liberam
466 2120 553 2152 curis
578 2127 614 2150 ac
642 2119 814 2154 caelestem,
840 2117 932 2160 cujus
951 2117 1089 2156 adjutrix
1106 2117 1141 2147 in
1159 2116 1271 2156 primis
1288 2119 1319 2147 et
1345 2116 1431 2147 socia
1449 2117 1627 2155 virginitas.
1653 2116 1797 2155 Negotiis

173 2173 280 2205 autem
310 2170 518 2201 smcularibus
546 2170 694 2201 distracta
725 2169 881 2209 primunt,
908 2169 982 2199 dein
1012 2167 1186 2207 episcopali
1213 2167 1433 2199 sollicitudine
1459 2169 1597 2208 Nysseni
1629 2167 1693 2199 vita
1725 2177 1798 2199 cum

170 2220 280 2257 fuerit,
296 2220 375 2251 nihil
398 2220 517 2252 mirum
534 2221 574 2252 ab
595 2229 645 2257 eo,
665 2220 721 2260 qui
741 2220 836 2251 tantis
855 2219 948 2251 bonis
967 2220 1103 2255 carebat,
1125 2223 1242 2250 sortem
1266 2227 1355 2250 suam
1379 2218 1550 2259 deplorari.
1565 2217 1625 2255 Qui
1652 2217 1706 2249 vel
1720 2225 1797 2258 pro-

170 2267 280 2309 logum
302 2269 429 2308 legerit,
446 2269 502 2302 ubi
520 2273 702 2300 accuratum
722 2269 822 2300 totius
841 2268 916 2299 libri
933 2272 1169 2307 argumentum,
1187 2276 1252 2299 rem
1269 2268 1439 2307 intelliget.

218 2351 219 2354 η
459 2330 474 2366 §
495 2327 551 2359 Ill.
576 2337 617 2358 ne
641 2336 715 2358 vnn
737 2337 916 2359 nouasnca
937 2337 1025 2364 QUAM
1047 2336 1221 2359 puerassus
1243 2336 1300 2358 EST
1320 2337 1508 2360 GREGORIUS.

210 2379 396 2412 Monasticm
412 2379 484 2409 vitae
508 2377 709 2418 professione
727 2380 891 2410 astrictum
911 2379 1012 2410 fuisse
1027 2380 1228 2419 Gregorium,
1250 2388 1309 2410 nec
1343 2387 1407 2410 non
1426 2379 1591 2416 Basilium,
1608 2379 1798 2420 Chrysosto-

170 2440 258 2464 mum
287 2435 439 2464 constans
470 2435 518 2463 est
543 2431 689 2463 omnium
720 2436 805 2464 retro
834 2434 1023 2464 saeculorum
1055 2432 1224 2463 sententia.
1254 2431 1334 2462 Cum
1359 2431 1390 2462 id
1417 2432 1534 2471 negari
1557 2433 1702 2465 absolute
1730 2441 1796 2464 non

170 2482 283 2522 possit,
303 2490 419 2514 novam
445 2482 618 2522 quamdam
642 2482 843 2521 opinionem,
861 2483 941 2522 apud
967 2482 1117 2522 antiquos
1146 2481 1321 2513 inauditam
1349 2489 1494 2521 prorsus,
1512 2483 1624 2514 doctus
1642 2483 1797 2515 Thomas-

169 2534 260 2565 sinus
275 2534 411 2571 invenit,
426 2538 462 2566 ut
478 2534 670 2566 monachum
686 2542 752 2565 non
779 2533 882 2565 fuisse
897 2533 1085 2572 Gregorium
1101 2555 1110 2568 ,
1127 2541 1187 2564 nec
1202 2532 1357 2563 Basilium
1386 2536 1582 2567 ostenderet.
1600 2536 1794 2576 Hujusmodi

171 2585 357 2623 ﬁgmentum
374 2586 481 2616 arrisit
496 2586 708 2618 celeberrimo
734 2587 839 2619 abbati
868 2587 1034 2626 Trapensi,
1055 2585 1282 2617 monachorum
1308 2585 1412 2617 studia
1428 2586 1627 2628 impugnanti
1653 2588 1714 2628 (b);
1742 2597 1794 2625 ne,

169 2638 196 2668 si
225 2637 426 2677 Gregorium,
445 2638 613 2677 Basiliam,
638 2639 924 2679 Chrysostomum,
952 2643 1026 2675 etc.,
1058 2637 1232 2669 monachos
1266 2638 1368 2670 fuisse
1400 2641 1602 2678 agnosceret,
1630 2638 1795 2669 monachis

167 2688 216 2720 fas
230 2697 302 2721 esse
321 2689 428 2720 studio
452 2690 652 2727 incumbere,
676 2700 850 2731 agnoscere
874 2695 1051 2730 cogeretur.
1068 2691 1143 2729 Haec
1162 2691 1351 2729 Hieronymi
1379 2689 1520 2730 epistolae
1545 2689 1582 2718 ad
1602 2687 1795 2727 Principiam

168 2740 280 2777 verba,
304 2740 403 2780 hujus
423 2748 513 2771 nova:
529 2740 693 2780 opinionis
719 2741 965 2773 fundamentum
987 2742 1098 2772 statuit
1115 2741 1349 2771 Thomassinus
1365 2739 1429 2780 (c):
1447 2751 1462 2768 α
1477 2738 1686 2770 Suburbanus
1703 2738 1794 2769 vobis

167 2801 244 2833 ager
266 2801 323 2832 pro
350 2792 545 2824 monasterio
560 2791 633 2830 fuit,
657 2796 689 2824 et
711 2803 764 2825 rus
794 2794 930 2826 electum
958 2802 1014 2834 pro
1039 2792 1235 2824 solitudine.
1248 2816 1255 2823 .
1270 2816 1278 2823 .
1291 2816 1298 2824 .
1314 2792 1393 2830 Quis
1412 2792 1471 2824 hoc
1488 2790 1643 2828 crederet,
1662 2794 1697 2823 ut
1719 2799 1795 2823 con-

204 2863 332 2929 ξιὲὲεηι.
357 2873 393 2901 ιν,
419 2872 444 2894 c.
468 2864 512 2898 i0,
539 2864 631 2901 verbo_
646 2864 726 2901 Greg.
748 2866 827 2903 Nysa.
856 2870 959 2895 centur.

777 2875 827 2903 uas.
856 2870 959 2895 centur.
1050 2865 1087 2899 (1))
1103 2864 1169 2899 Bép.
1183 2872 1235 2892 aux
1247 2865 1321 2893 étud.
1341 2868 1470 2896 monast.,
1485 2871 1511 2899 p.
1528 2863 1587 2891 I78.

1063 2902 1098 2929 (τ)
1112 2900 1208 2929 Dim'n.
1227 2908 1277 2929 σε..
1290 2905 1358 2929 nart.
1377 2908 1406 2929 ιι.
1419 2900 1464 2927 lib.
1479 2907 1497 2929 ι.
1515 2907 1573 2929 cap.

168 2907 195 2936 ι).
210 2899 272 2929 512.
386 2899 391 2901 ⁷
625 2899 631 2901 ’
700 2899 709 2901 ’
777 2899 787 2903 ⁷
1063 2902 1098 2935 (r)
1112 2900 1208 2934 Dim'p.
1227 2908 1277 2934 ea,
1290 2905 1358 2935 part.
1377 2908 1406 2934 il,
1419 2900 1464 2927 lib.
1479 2907 1497 2933 ι,
1515 2907 1573 2934 cap.
1589 2899 1634 2928 46.
