2058 3128
268 145 304 174 55
762 143 950 172 ΡΒᾸΞῈΑΤῙΟ
970 143 1080 171 GENER

1081 143 1174 172 .ALIS.
1194 159 1228 163 —
1246 143 1337 171 PARS
1355 143 1387 171 ιι.
1858 145 1893 173 58

267 201 376 232 sutum
402 207 560 240 pronepos
577 199 826 240 (Pammachius,
858 210 954 242 quem
996 201 1214 240 Hieronymus
1243 201 1380 240 appellat
1404 201 1623 237 ἀρχιστράτηγον
1650 200 1891 241 monachorum)

267 262 282 280 α
298 251 382 282 inter
410 259 567 291 purpuras
594 254 780 283 senatorum
805 252 897 283 furva
919 251 1028 284 tunica
1046 251 1188 291 pullatus
1217 251 1430 283 incederet?»
1450 252 1517 283 Hoc
1546 255 1646 282 totum
1670 255 1736 288 est,
1765 251 1792 291 si
1813 251 1891 282 ﬁdes

266 290 480 332 Thomassino
497 301 552 341 (a),
583 301 770 340 mysterium
790 302 975 334 monasticae
1006 290 1219 342 professionis
1246 303 1405 343 Gregorii,
1422 302 1545 340 Basilii,
1562 290 1793 342 Chrysostom'i,
1816 306 1890 339 etc.,

265 353 418 384 nimirum
445 352 537 384 furva
567 353 672 385 tunica
702 353 860 394 pullatum
891 354 1053 393 incedere,
1084 364 1158 387 rure
1186 355 1318 387 versari.
1345 356 1415 386 Non
1445 356 1539 386 aliam
1564 355 1596 386 in
1616 355 1665 386 his
1684 355 1800 385 sanctis
1819 355 1892 385 vitae

264 405 448 436 monasticae
467 404 701 444 professionem
725 405 871 445 agnoscit
892 406 1136 443 Thomassiuus,
1154 406 1317 447 simulque
1339 410 1431 446 negat
1451 418 1466 435 ι(
1486 415 1559 438 vere
1590 407 1780 437 monachum
1804 414 1888 441 esse,

263 454 328 485 nisi
345 454 454 495 quise
480 456 516 485 ad
543 458 645 485 totum
675 455 748 485 vitae
773 458 899 495 tempus
923 457 1089 496 astringat,
1116 466 1218 497 seque
1248 457 1399 488 omnibus
1429 457 1688 496 professionibus
1716 456 1830 495 spoliet
1854 464 1890 487 ac

263 506 402 538 nudet.»
416 523 455 528 —
473 517 488 534 α
501 507 620 537 Verum
637 505 768 537 difﬁcile
784 514 851 537 non
867 507 939 544 erit,
963 506 1071 547 inquit
1097 511 1208 538 uoster
1225 507 1420 538 Prudentius
1448 507 1610 543 Maranus,
1638 507 1889 538 'l'humassinum

261 558 428 594 refellens,
444 561 621 597 utrumque
645 558 685 589 de
704 557 825 590 Basilio
842 563 1004 596 astruere;
1022 561 1053 590 et
1074 560 1160 599 quod
1186 559 1333 590 eruditus
1361 559 1594 590 Thomassinus
1613 560 1736 595 statuit,
1762 563 1797 590 ut
1814 568 1888 590 eum

264 609 459 641 monachum
480 617 543 641 non
559 610 660 641 fuisse
680 609 805 649 probet,
823 609 855 641 id
880 614 1069 642 convertere
1086 611 1119 640 in
1145 613 1368 649 argumentum
1396 618 1478 641 verae
1502 609 1591 641 illius
1609 609 1790 640 monasticae
1817 618 1890 647 pro-

261 659 428 691 fessionis.
442 672 455 689 »
476 660 567 698 Quod
585 661 624 692 de
639 660 759 692 Basilio
774 661 901 693 difﬁcile
921 671 984 693 non
1005 665 1063 699 est,
1080 662 1119 694 de
1135 662 1289 701 Gregorio
1304 661 1468 693 dimcilius
1484 671 1549 693 non
1566 662 1638 700 erit,
1656 662 1749 701 cujus
1765 662 1883 702 scripta

261 710 397 749 amplam
419 716 563 750 segetem
580 712 799 752 suppeditant.

299 760 420 791 Vereor
444 770 484 792 ne
500 766 603 793 actum
629 771 723 802 agere
740 762 859 796 videar,
877 766 909 793 et
936 771 1173 802 supervacaneo
1201 763 1388 794 incumbere
1419 762 1533 799 labori,
1556 761 1583 792 si
1606 761 1645 793 de
1674 762 1829 801 Gregorio
1855 759 1888 793 id

259 811 399 851 probare
427 813 605 852 aggrediar,
621 813 707 852 quod
724 813 764 844 de
784 813 904 845 Basilio
932 814 1079 852 probavit
1106 814 1177 853 ejus
1206 813 1413 852 epistularum
1447 813 1564 844 editor.
1581 812 1644 850 Qui
1672 812 1757 843 enim
1789 812 1888 842 unius

259 862 333 893 vitae
357 863 542 894 monasticae
572 862 802 902 professionem
823 863 955 901 probat,
985 867 1159 903 utrumque
1189 863 1383 894 monachum
1413 862 1518 893 fuisse
1545 861 1696 892 ostendit.
1713 860 1887 899 Aggrediar

260 916 380 950 tamen,
396 912 424 943 si
442 912 573 952 quidem
591 912 673 942 hanc
688 912 885 950 provinciam
906 917 1015 944 noster
1032 913 1226 944 Prudentius
1243 924 1257 941 α
1274 912 1376 943 sodali
1397 920 1531 951 operum
1551 911 1695 950 Gregorii
1712 911 1886 943 editionem

260 963 437 994 elaboranti
451 974 467 992 ι
484 962 626 1002 reliquit,
645 962 723 993 nihil
742 962 811 1002 ipse
828 974 842 990 α
855 963 887 993 in
905 963 955 993 his
971 972 1043 1003 quae
1058 964 1097 994 ad
1115 967 1262 994 sanctum
1279 963 1470 1002 Gregorium
1487 962 1726 993 Nazianzenum
1743 967 1885 1002 spectant

257 1013 458 1044 immoratus.
474 1025 488 1042 ao

295 1063 334 1096 Ut
353 1064 427 1104 quis
452 1073 526 1096 vere
552 1068 582 1096 et
605 1064 733 1103 proprie
763 1064 938 1096 monachus
969 1065 1023 1102 sit,
1051 1065 1189 1105 requirit
1213 1065 1447 1096 Thomassinus
1477 1068 1511 1095 ut
1540 1073 1602 1095 «se
1631 1065 1668 1096 ad
1691 1068 1789 1095 totum
1818 1065 1889 1095 vitm

257 1122 386 1154 tempus
405 1115 571 1155 astringat,
590 1123 691 1154 seque
709 1114 863 1146 omnibus
888 1115 1151 1154 possessionibus
1180 1115 1297 1154 spoliet
1325 1124 1361 1147 ac
1387 1115 1499 1146 nudet.
1515 1126 1530 1143 ιν
1559 1115 1736 1153 Utrumque
1757 1115 1885 1154 praesti-

257 1166 335 1196 tisse
355 1165 559 1204 Gregorium,
579 1163 754 1202 Gregorius
783 1164 962 1204 presbyter,
989 1164 1059 1204 ejus
1089 1164 1170 1194 Vitae
1198 1165 1343 1204 scriptor,
1362 1165 1489 1196 disertis
1519 1165 1624 1195 verbis
1652 1167 1784 1195 testatur
1809 1165 1888 1205 (μθ

256 1216 345 1255 θῑ9).
363 1216 464 1246 «lese
489 1215 550 1246 sibi
567 1214 755 1245 consulebat
783 1217 829 1250 ut,
845 1213 1118 1254 quemadmodum
1135 1214 1168 1244 in
1199 1215 1272 1245 vitae
1297 1214 1472 1246 discrimen
1498 1214 1653 1245 adductus
1683 1215 1884 1253 promiserat.

254 1268 323 1298 Deo
339 1275 411 1298 sese
439 1266 582 1302 offerret,
599 1268 629 1296 et
645 1274 660 1296 a
679 1265 800 1296 mundo
819 1265 998 1304 sejunctus,
1017 1273 1090 1296 cum
1110 1272 1148 1295 eo
1163 1265 1219 1304 qui
1238 1265 1327 1296 solus
1344 1264 1540 1304 purissimus
1565 1268 1625 1301 est,
1650 1265 1723 1296 vitae
1749 1274 1887 1296 censue!

255 1318 584 1357 tudinejungeretur,
609 1319 705 1355 atque
728 1324 768 1346 ex
788 1315 945 1346 librorum
965 1323 1130 1346 sacrorum
1150 1315 1290 1346 lectione
1307 1315 1453 1346 veritatis
1480 1315 1684 1353 splendorem
1709 1315 1884 1348 hauriret.-

310 1379 324 1396 α
338 1369 438 1406 quue
453 1367 549 1398 etiam
570 1375 625 1406 per
643 1374 772 1397 omnem
789 1365 886 1396 vitam
901 1364 1005 1396 facere
1021 1373 1085 1396 non
1102 1365 1238 1402 destitit,
1254 1365 1428 1396 monachus
1446 1374 1518 1396 esse
1535 1365 1640 1404 potius
1655 1366 1774 1396 habens
1791 1375 1884 1405 quam

255 1418 450 1453 mundanus,
466 1421 497 1448 et
517 1425 638 1456 pauper
652 1424 748 1455 quam
765 1416 999 1455 quaestuarius:
1020 1427 1067 1455 μον

1068 1419 1156 1456 παστὴς
1172 1419 1232 1446 ἀντὶ
1248 1419 1415 1456 κοσμικοῦ.»
1432 1415 1595 1456 Quidquid
1612 1416 1709 1454 igitur
1724 1416 1880 1447 Thomas-

255 1467 345 1497 sinus
366 1466 513 1506 requirit,
541 1469 575 1496 ut
592 1464 666 1504 quis
694 1465 822 1504 proprie
840 1464 964 1497 dicatur
983 1469 1013 1496 et
1035 1473 1108 1496 vere
1129 1465 1170 1495 sit
1191 1465 1378 1502 monachus,
1396 1465 1428 1496 id
1447 1474 1541 1497 omne
1563 1465 1738 1505 Gregorius
1765 1467 1887 1506 proasti-

255 1520 310 1555 tit;
338 1519 402 1548 imo
420 1518 508 1556 plura
536 1525 631 1556 quam
655 1516 806 1555 postulat.
852 1521 856 1524 ‘
1379 1534 1382 1537 ρ

292 1567 456 1606 Quidquid
472 1567 621 1607 objicitur
636 1575 652 1597 a
665 1566 892 1601 Thomassino,
911 1565 1081 1596 adductum
1105 1567 1253 1597 crederes
1275 1565 1314 1596 ad
1337 1566 1536 1605 probandum
1555 1568 1760 1599 monasticam
1789 1567 1886 1598 vitam

254 1619 433 1658 professum
451 1618 552 1649 fuisse
566 1617 769 1657 Gregorium.
789 1617 931 1656 Opponit
949 1621 1053 1647 tamen
1067 1617 1114 1647 vir
1129 1617 1255 1655 doctus,
1274 1617 1429 1656 Gregorio
1441 1617 1561 1649 fontem
1581 1622 1611 1648 et
1627 1618 1754 1649 hortum
1771 1617 1886 1656 fuisse,

253 1673 399 1712 adeoque
411 1672 516 1711 ipsum
535 1679 667 1703 suorum
683 1670 745 1701 sibi
763 1678 941 1701 reservasse
959 1673 1078 1708 partem
1095 1670 1253 1701 bonorum
1270 1673 1303 1705 et,
1317 1673 1481 1710 propterea
1497 1677 1570 1700 vere
1584 1673 1615 1700 et
1631 1670 1756 1710 proprie
1772 1678 1885 1701 mona-

253 1725 346 1756 chum
365 1732 429 1755 non
441 1723 554 1754 fuisse.
569 1723 643 1754 Haec
657 1721 802 1760 Gregorii
817 1722 911 1752 verba
929 1722 1051 1752 suntin
1066 1723 1207 1753 carmine
1225 1725 1297 1761 post
1310 1721 1486 1752 abdicatam
1501 1720 1885 1760 Constantinopolitanam

252 1779 362 1808 sedem
378 1775 508 1808 condito
523 1774 618 1816 (quod
635 1773 766 1814 quidem
790 1773 960 1804 observare
981 1773 1158 1812 plurimum
1175 1772 1332 1813 interest),
1350 1772 1383 1803 in
1397 1780 1460 1811 quo
1473 1780 1507 1803 se
1526 1772 1716 1804 monachum
1735 1772 1884 1812 appellat,

252 1830 338 1869 quod
355 1829 535 1860 dissimulat
551 1826 784 1859 Thomassinus
801 1825 840 1866 (ὁ)
861 1835 868 1854 :
890 1837 905 1854 α
921 1826 1030 1865 Nuper
1045 1826 1189 1865 quidam,
1204 1825 1323 1865 inquit,
1336 1823 1468 1860 stultus,
1485 1823 1610 1855 deliciis
1626 1825 1779 1864 perditus,
1796 1824 1885 1855 dives

251 1888 347 1923 atque
372 1883 530 1918 insolens,
559 1880 689 1913 delicias
711 1879 789 1910 mihi
815 1879 953 1919 vitaeque
979 1878 1146 1909 mollitiem
1170 1877 1359 1917 objectabat,
1383 1884 1453 1907 cum
1478 1875 1539 1906 alia
1559 1874 1655 1905 multa
1679 1874 1801 1911 dicens,
1818 1880 1883 1904 tum

252 1936 346 1966 etiam
362 1935 455 1971 illud,
477 1942 527 1964 me
542 1932 673 1963 divitem
691 1935 722 1963 et
746 1932 913 1971 cOpiosum
931 1940 1015 1968 esse,
1037 1934 1070 1962 ut
1087 1931 1143 1971 qui
1163 1934 1194 1961 et
1211 1930 1352 1967 hortum,
1371 1932 1401 1961 et
1419 1929 1532 1962 otium,
1550 1929 1581 1957 et
1596 1926 1788 1957 mediocrem
1811 1925 1885 1956 fon-

251 1991 313 2017 tem
330 1987 477 2017 habeam.
496 1996 510 2013 »
526 1984 609 2015 Hinc
627 1983 790 2014 concludit
810 1983 1053 2020 Thomassiuus,
1069 1983 1260 2021 Gregorium
1279 1990 1341 2012 non
1360 1980 1465 2012 omnia
1485 1980 1568 2010 bona
1592 1978 1758 2018 abiecisse,
1790 1978 1884 2009 adeo-

251 2048 315 2079 que
334 2047 396 2068 non
412 2037 538 2076 proprie
554 2035 745 2066 monachum
764 2035 877 2066 fuisse.
891 2036 939 2066 An
957 2036 1054 2071 serio,
1068 2044 1107 2065 an
1120 2037 1232 2074 jocose
1248 2037 1278 2065 et
1294 2034 1401 2069 ridere
1416 2033 1527 2064 volens
1542 2031 1602 2061 hoc
1618 2029 1733 2060 dixerit
1756 2029 1806 2060 vir
1829 2029 1886 2060 do-

252 2095 335 2126 ctus,
352 2089 492 2120 dubitari
510 2091 615 2126 posset
633 2099 641 2118 :
657 2088 773 2118 mirum
791 2088 878 2119 enim
895 2088 999 2118 virum
1017 2087 1145 2119 doctum
1169 2087 1288 2119 talibus
1311 2086 1493 2121 momentis,
1514 2085 1541 2114 si
1558 2086 1717 2114 momenta
1733 2082 1809 2114 licet
1827 2092 1883 2122 ap-

251 2142 384 2181 pellare,
398 2149 463 2171 rem
479 2144 540 2170 tam
553 2143 693 2177 apertam
709 2138 911 2178 impugnare.
927 2138 1102 2177 Gregorius
1118 2138 1245 2169 hortum
1260 2138 1374 2169 habuit
1387 2140 1417 2169 et
1432 2145 1565 2177 parvum
1579 2135 1716 2172 fontem;
1730 2144 1801 2174 quae
1815 2135 1887 2174 qui-

250 2191 341 2227 libet,
359 2193 394 2221 ut
411 2189 554 2229 quotidie
569 2190 728 2228 videmus,
740 2192 837 2224 habet
856 2193 1008 2224 eremita:
1025 2193 1099 2233 quis
1112 2193 1189 2224 inde
1206 2193 1291 2224 serio
1308 2192 1449 2230 colligat,
1465 2191 1653 2231 Gregorium
1672 2199 1803 2222 suorum
1821 2191 1884 2221 siti

251 2245 370 2280 partem
388 2241 545 2272 bonorum
566 2243 771 2273 reservasse?
787 2242 873 2273 Idem
891 2242 985 2273 etiam
1008 2246 1115 2281 posset
1139 2243 1246 2274 dicere
1263 2251 1335 2273 cum
1354 2254 1368 2271 α
1386 2242 1484 2273 stulto
1505 2241 1696 2279 deliciisque
1712 2241 1846 2280 perdito,
1867 2251 1884 2270 in.

251 2292 442 2331 Gregorium
463 2293 594 2324 divitem
617 2297 647 2324 et
673 2295 840 2334 copiosum
857 2294 969 2325 fuisse.
992 2294 1094 2331 Quem
1121 2294 1296 2333 Gregorius
1315 2294 1362 2325 sic
1377 2293 1493 2324 refellit
1512 2292 1551 2333 (ο)
1568 2304 1576 2323 :
1591 2303 1606 2320 α
1627 2294 1657 2324 Si
1675 2292 1807 2329 fontem,
1833 2294 1882 2323 Vel

252 2341 428 2380 hortulum,
451 2343 500 2375 vel
529 2343 716 2374 umbrosum
746 2344 1012 2374 nemusculum...
1038 2344 1277 2383 possideamus,
1296 2344 1326 2374 id
1350 2342 1789 2382 deliciasinterpretamini,»
1816 2351 1883 2376 ma.

251 2401 344 2431 gnam
371 2397 553 2425 nostrorum
581 2396 675 2427 nobis
692 2400 812 2435 partem
831 2397 989 2427 bonorum
1016 2405 1197 2427 reservasse
1219 2395 1430 2427 arbitramini.
1448 2406 1462 2422 α
1478 2394 1562 2431 Quid
1589 2404 1675 2430 vero,
1698 2395 1841 2435 inquam,
1864 2403 1884 2425 ο

252 2447 361 2485 miser,
379 2448 574 2486 lacrymasne
592 2451 690 2485 taces,
708 2453 738 2480 et
752 2450 874 2480 ventris
895 2449 1034 2485 frenum,
1052 2453 1082 2480 et
1101 2457 1242 2488 genuum
1260 2449 1403 2484 vulnera,
1422 2450 1598 2485 noctesque
1612 2446 1788 2482 insomnes,
1807 2446 1884 2483 qui-

250 2495 311 2527 bus
329 2497 476 2528 monachi
493 2507 550 2530 sua
565 2506 696 2538 corpora
715 2499 922 2530 conficientes
941 2501 1098 2530 enecant?
1116 2510 1130 2526 ιι
1147 2499 1221 2530 Haec
1236 2498 1409 2537 Gregorius
1434 2506 1442 2526 :
1469 2504 1564 2536 quem
1584 2495 1689 2526 omnia
1715 2494 1882 2534 abjecisse,

250 2556 351 2589 seque
366 2549 518 2581 omnibus
538 2551 803 2590 possessionibus
824 2551 980 2590 spoliasse
996 2560 1030 2582 ae
1045 2551 1199 2587 nudasse,
1226 2550 1312 2589 quod
1329 2548 1462 2588 requirit
1487 2545 1720 2578 Thomassinus
1749 2548 1782 2575 ut
1809 2545 1883 2584 quis

251 2610 325 2633 vere
348 2602 524 2633 monachus
549 2601 611 2632 dici
628 2606 658 2632 et
677 2610 748 2633 esse
765 2603 880 2642 possit,
896 2606 1016 2633 certum
1040 2605 1087 2633 est
1110 2602 1279 2641 ipsiusmet
1296 2601 1412 2632 verbis.
1430 2599 1541 2630 Omnia
1571 2599 1706 2635 dimisit,
1723 2597 1803 2629 nihil
1820 2597 1880 2628 sibi

251 2663 396 2692 servans,
413 2655 509 2686 etiam
528 2653 685 2686 facundiae
706 2654 831 2686 labores
849 2666 856 2686 :
881 2667 894 2683 α
913 2655 1027 2686 Omnia
1047 2655 1075 2685 ei
1096 2655 1151 2694 qui
1172 2662 1222 2685 me
1244 2655 1277 2684 in
1300 2657 1418 2684 surtem
1441 2652 1562 2690 accepit
1582 2654 1613 2682 et
1645 2650 1781 2682 servaVit
1796 2651 1885 2681 dono

252 2707 340 2744 dedi,
358 2708 593 2745 possessiones,
609 2710 718 2745 κτῆσιν,
740 2718 753 2734 η
769 2709 829 2737 etc.
846 2716 853 2736 :
870 2705 979 2737 eadem
998 2704 1115 2745 passim
1134 2704 1248 2744 repetit
1263 2702 1436 2742 Gregorius
1451 2702 1484 2733 in
1498 2700 1697 2733 orationibus
1714 2703 1744 2732 et
1761 2700 1796 2731 in
1811 2707 1883 2733 car-

253 2757 405 2788 minibus.

287 2839 327 2871 (n)
342 2838 373 2864 Ν.
391 2838 432 2870 15,
450 2838 519 2865 Net
532 2838 574 2870 15,
589 2837 694 2869 p.165.

653 2837 694 2866 55.
1132 2837 1167 2871 (ε)
1183 2835 1265 2869 lbid.,
1279 2844 1303 2863 v.
1323 2835 1353 2863 15
1365 2840 1392 2864 et
1409 2842 1465 2870 seq.

286 2873 324 2910 (ο)
336 2874 424 2901 Carm.
441 2874 474 2901 al.
490 2873 533 2907 59,
547 2881 571 2900 v.
589 2873 648 2900 1-4.
