2058 3128
157 159 192 188 57
657 158 843 186 PREFATIO
863 157 1067 187 GENERALIS.
1085 172 1122 179 ——
1139 157 1229 186 PARS
1249 157 1279 186 ll.
1753 161 1789 190 5s

193 216 286 255 Quod
304 218 409 247 autem
423 215 568 254 Gregorii
589 218 815 247 testamentum
831 218 965 255 spectat,
979 215 1060 246 nihil
1081 215 1113 246 in
1131 223 1168 246 eo
1183 215 1336 254 reperias,
1363 220 1448 253 quoa
1466 215 1585 245 nostra
1601 215 1789 250 adversetur

155 267 337 304 sententiae,
355 267 421 297 imo
440 266 519 296 nihil
536 266 622 306 quod
640 274 705 297 non
722 266 836 297 faveat.
854 266 892 296 Ut
908 265 993 296 enim
1007 261 1150 296 omittam
1173 264 1420 303 tunctemporis
1443 271 1507 294 non
1523 267 1647 296 tantum
1666 267 1788 304 testari,

155 317 212 349 sed
229 318 322 349 etiam
343 309 543 347 hereditates
560 315 647 348 adire
665 315 830 347 monachis
848 314 971 345 licitum
988 313 1102 348 fuisse,
1124 313 1314 352 legibusque
1329 321 1517 346 concessum
1537 325 1545 345 :
1563 316 1736 353 bonorum,
1749 319 1789 349 de

155 369 275 408 quibus
309 367 342 398 in
374 369 565 397 testamento
588 364 710 400 statuit,
745 371 810 394 non
841 362 1006 399 dominus,
1037 361 1094 393 sed
1115 366 1301 401 procurator
1329 365 1451 394 tantum
1469 364 1701 397 etadministet‘
1716 367 1787 399 fuit.

155 420 230 450 Haec
251 418 335 449 enim
360 416 468 448 omnia
498 416 564 454 jam
598 414 722 444 dudum
751 413 911 452 abjecerat
944 421 952 441 :
982 423 997 440 ex
1031 411 1232 451 Omnemque
1261 420 1363 442 meam
1386 413 1597 445 substantiam
1628 416 1791 448 catholica;

157 469 306 501 Nazianzi
334 467 539 503 consecravi,
566 466 696 506 inquit,
724 466 762 496 ad
794 473 985 504 pauperum,
1015 464 1072 504 qui
1117 464 1177 495 sub
1201 465 1310 496 eadem
1339 469 1414 496 sunt
1441 467 1604 505 Ecclesia,
1643 466 1791 502 ministe-

156 522 260 557 rium;
276 531 291 548 ιο
308 523 404 559 atque
418 518 462 548 ita
477 516 584 547 omnia
600 516 729 555 abjecit,
747 519 779 545 ut
797 526 811 543 α
826 524 862 546 ea
874 516 913 546 de
929 523 1022 546 causa
1039 518 1103 545 tres
1118 514 1241 545 alendis
1256 515 1449 554 pauperibus
1463 522 1626 548 curatores
1642 519 1792 550 institue-

156 572 211 603 rit.
230 583 244 600 η
263 572 333 602 Non
358 571 398 601 de
417 569 514 600 rebus
532 567 612 602 suis,
633 574 703 606 quae
720 565 817 596 nullae
831 569 934 603 erant,
964 565 1086 605 quippe
1105 564 1213 595 omnia
1236 564 1407 604 abjecerat,
1427 569 1621 599 testamento
1646 577 1706 601 suo
1724 573 1791 601 sta-

156 623 234 659 tuit,
251 623 306 653 sed
323 621 500 654 conﬁrmat,
516 617 601 657 quod
614 615 807 656 jampridem
831 615 1060 651 destinaverat,
1078 617 1329 654 sanctorumque
1346 621 1511 654 parentum
1528 620 1682 652 voluntati
1699 622 1793 653 obse-

157 674 282 715 quitur.
299 672 433 704 Veniam
451 670 512 701 sibi
529 669 596 701 dari
614 668 765 708 postulat,
782 668 868 708 quod
886 667 965 698 nihil
983 667 1084 707 possit
1105 667 1180 698 dare
1198 667 1364 707 Alypianaa
1381 669 1674 710 dulcissimceliliae;
1693 675 1790 706 ratio-

162 733 239 756 nem
256 724 338 755 hanc
354 723 440 753 addit
459 732 466 752 :
484 732 498 749 ι
514 721 638 761 Quippe
655 721 712 760 qui
730 721 838 752 omnia
851 721 918 760 jam
937 720 1134 760 pauperibus
1150 719 1322 755 destinavi,
1334 725 1385 751 aut
1407 723 1514 761 potius
1526 723 1721 756 beatissimis
1739 734 1794 764 pa-

159 775 319 811 rentibus,
342 773 399 813 qui
413 772 456 802 ita
474 771 723 811 pollicitierant,
748 771 922 802 obsecutus
939 779 1024 807 sum,
1048 777 1188 810 quorum
1205 770 1403 802 voluntatem
1420 771 1540 803 irritam
1561 773 1705 807 reddere.
1733 782 1794 806 nec

159 831 320 863 sanctum,
336 835 395 857 nec
411 829 513 856 tutum
527 825 673 856 arbitror.
696 835 711 852 π

205 878 370 909 Hmredem
387 885 482 908 suum
501 875 559 906 hoc
577 875 767 905 testamento
782 872 921 903 instituit
934 872 1123 911 Gregorium
1136 872 1326 903 monachum
1345 883 1352 902 :
1372 884 1386 901 α
1402 873 1511 905 Haeres
1528 883 1618 906 meus
1635 883 1702 906 esto
1714 874 1795 906 Gre-

161 929 273 967 gorius
290 927 486 964 monachus;
504 938 518 954 ››
533 924 687 964 additque
701 927 810 962 postea
827 932 835 952 :
851 934 865 950 α
880 923 922 953 ita
939 923 1068 962 quidem
1087 927 1122 954 ut
1139 924 1208 962 ipse
1224 931 1325 955 meam
1343 933 1471 956 omnem
1488 924 1711 964 substantiam,
1727 934 1795 957 mo-

161 979 259 1010 bilem
277 981 307 1010 et
325 977 536 1012 immobilem,
555 980 672 1007 sanctae
696 975 861 1006 catholica;
882 975 1032 1006 Nazianzi
1051 975 1202 1007 Ecclesrm
1225 977 1411 1007 restituat...
1434 978 1642 1016 sciensque...
1672 978 1705 1009 in
1724 988 1796 1011 eam

161 1041 230 1062 rem
248 1039 283 1062 se
296 1030 478 1061 institutum
498 1028 670 1065 haeredem,
693 1031 728 1059 ut
744 1035 799 1067 per
814 1027 920 1067 ipsum
937 1026 1089 1058 Ecclesiae
1104 1027 1211 1058 omnia
1234 1027 1306 1059 sine
1323 1027 1433 1059 fraude
1457 1031 1687 1059 conserventur
1711 1029 1766 1071 (a).
1780 1043 1795 1059 ι

160 1080 288 1113 Poterat
315 1088 390 1119 ergo
406 1078 597 1117 Gregorius,
613 1075 759 1116 quamvis
783 1075 959 1107 monachus
981 1079 1079 1112 esset,
1096 1079 1127 1107 et
1139 1076 1246 1107 omnia
1262 1076 1442 1116 abjecisset,
1461 1077 1579 1108 fontem
1597 1083 1627 1109 et
1645 1079 1798 1119 exiguum

161 1134 290 1164 hortum
319 1132 448 1163 habere.
466 1130 516 1161 Sic
533 1127 680 1167 Gregorii
705 1129 931 1158 testamentum
957 1128 1121 1158 conﬁrmat
1140 1136 1214 1158 eum
1231 1127 1304 1158 vitae
1322 1129 1506 1160 monasticae
1528 1127 1721 1168 professioni
1744 1132 1800 1161 ad-

162 1186 283 1217 dictum
306 1182 420 1218 fuisse,
438 1181 708 1221 diﬁicultatesque
731 1187 843 1211 omnes
862 1179 1023 1217 dissolvit,
1047 1180 1166 1211 nedum
1186 1179 1420 1212 imoedimeuto
1443 1189 1513 1212 esse
1533 1183 1564 1212 et
1579 1182 1799 1214 diﬂicultatem

164 1235 268 1275 possit
283 1234 423 1274 aliquam
442 1241 564 1272 parere.

206 1283 394 1315 Achillaeum
412 1283 615 1314 Thomassini
631 1285 871 1321 argumentum,
887 1282 926 1312 ad
946 1281 1194 1322 expugnandam
1219 1282 1366 1322 Gregorii
1390 1283 1597 1314 monasticam
1627 1283 1800 1323 professio—

166 1345 254 1373 nem,
270 1339 347 1367 sunt
359 1335 424 1366 haec
442 1334 586 1374 Gregorii
604 1335 697 1365 verba
711 1334 751 1374 (b)
768 1343 775 1363 :

516 1397 611 1438 Μέσην
626 1398 676 1424 τιν’
692 1394 774 1439 ἦλφον
786 1395 894 1437 ὰζὺγαρν
906 1396 953 1439 δία),
971 1396 1100 1458 ςιγάδων.

516 1433 577 1458 Των
589 1433 638 1458 μὲν
655 1432 687 1458 τὸ
707 1439 829 1458 συννουν.
845 1440 901 1458 των
914 1431 943 1458 οὲ
956 1440 969 1458 τ
1001 1431 1100 1458 mm

516 1433 577 1459 Τῶν
588 1431 638 1468 μὲν
655 1432 687 1459 τὸ
706 1431 829 1464 ὰύννουν,
845 1431 901 1458 τῶν
914 1431 943 1458 δὲ
956 1431 985 1458 τὸ
1001 1431 1118 1468 mm»;
1134 1431 1234 1468 φέρων.

523 1488 609 1516 Media
626 1489 697 1516 inter
713 1488 773 1516 illos
783 1488 888 1523 hosque
906 1488 1022 1521 procede
1041 1488 1093 1520 via,

520 1523 653 1551 Meditans
668 1529 696 1551 ut
711 1523 767 1556 isti,
787 1522 958 1551 commodum
972 1523 1079 1551 illorum
1095 1522 1238 1551 aemulans.

169 1589 248 1625 Quae
263 1587 372 1623 verba,
383 1587 410 1617 si
430 1587 497 1617 viro
511 1587 604 1617 docto
620 1585 712 1622 ﬁdes,
731 1585 912 1624 signiﬁcant
928 1584 1131 1623 Gregorium,
1153 1593 1224 1616 cum
1253 1584 1463 1619 deliberassat
1478 1584 1639 1622 quodnam
1655 1584 1727 1615 vitae
1743 1592 1802 1623 ge.

169 1647 230 1668 nus
259 1637 343 1667 inter
370 1636 578 1668 solitudinem
603 1637 832 1668 monachorum
854 1639 884 1668 et
899 1637 993 1668 vitam
1020 1637 1053 1667 in
1079 1637 1183 1668 media
1209 1638 1374 1668 civitatum
1399 1639 1488 1670 turba
1512 1641 1713 1678 sequeretur,
1736 1646 1804 1668 me-

171 1689 256 1719 aliam
269 1687 384 1718 iniisse
401 1689 495 1722 viam,
511 1691 544 1718 ut
559 1687 632 1718 aliis
648 1688 826 1727 prodesset,
843 1696 901 1718 nec
921 1687 983 1718 sibi
1003 1687 1176 1724 perniciem
1194 1687 1368 1726 inveniret,
1384 1688 1410 1719 si
1430 1689 1474 1720 ita
1489 1687 1637 1728 Gregorii
1652 1687 1745 1718 verba
1762 1687 1805 1717 li—

171 1744 221 1771 cet
237 1739 451 1779 interpretari,
471 1738 519 1770 fas
534 1739 576 1770 sit
591 1739 696 1770 dicere
711 1747 783 1770 cum
804 1742 895 1778 poeta
913 1749 920 1768 :

523 1803 567 1831 Nil
577 1803 648 1831 intra
663 1807 705 1832 est
715 1803 813 1837 oleam,
829 1803 866 1831 nil
878 1808 955 1831 extra
966 1808 1006 1831 est
1017 1805 1044 1831 in
1057 1810 1125 1831 nuce
1139 1803 1198 1830 duri
1213 1802 1260 1839 (ε).

171 1859 276 1896 Quam
293 1859 481 1899 longissime
493 1859 724 1891 Thomassinus
742 1860 866 1891 aberrat
887 1870 903 1892 a
924 1864 1030 1891 mente
1051 1859 1212 1899 Gregorii!
1236 1868 1333 1899 quam
1355 1860 1382 1890 si
1400 1858 1536 1892 velimus
1550 1855 1691 1895 assequi,
1708 1853 1807 1895 paulo

173 1911 342 1950 superiora
358 1911 529 1951 repetenda
545 1916 621 1944 sunt
637 1913 732 1944 verba
745 1912 788 1952 (ἀ)
806 1923 813 1942 :

524 1974 635 2012 ῌρςῖξτον
644 1975 767 2012 ρὲεοῦτο
777 1976 955 2012 φὼσοφῆσαι
968 1976 1135 2012 προυθέμηνι

535 2010 624 2046 Tum
637 2010 697 2046 Θεῷ
712 2011 760 2038 καὶ
775 2011 870 2041 τᾶλλα.
892 2010 939 2038 καὶ
953 2010 1050 2042 novet);
1064 2010 1149 2045 λόγων
1165 2030 1173 2043 ,

535 2045 579 2081 Ὠς
592 2047 616 2072 οἱ
636 2045 769 2081 παρέντες
784 2046 948 2081 μηλοϐότους
960 2046 1009 2078 τὰς
1018 2046 1121 2078 οὐσίας,

528 2080 563 2106 Ἠ
579 2080 868 2117 χρυσδκίὰθροίάαὺτες
885 2082 924 2113 εἰς
941 2081 1031 2117 ἅλμης
1046 2081 1154 2116 βύθους.

527 2136 648 2175 Primum
661 2139 769 2173 quidem
781 2139 967 2175 philosophari
980 2143 1138 2175 statueram,

536 2172 574 2208 tit
585 2173 639 2200 Deo
654 2172 814 2208 projicerém
827 2179 854 2201 et
868 2175 919 2201 alia
936 2175 1037 2207 omnia,
1053 2179 1079 2201 et
1094 2173 1226 2201 facundia:
1237 2173 1359 2208 labores,

530 2206 608 2244 Yclut
622 2206 667 2243 qui
684 2206 764 2244 agros
782 2209 930 2243 pecudibus
943 2209 1095 2243 pascendos
1113 2209 1290 2244 reliquerunt,

535 2241 583 2270 Vel
598 2241 907 2280 au'rum'congesserunt
922 2241 951 2272 iii
965 2245 1050 2271 maris
1067 2241 1244 2279 profundum.

181 2300 355 2339 Gregorius
369 2301 419 2333 his
438 2305 523 2333 certe
536 2302 642 2333 verbis
658 2303 809 2339 declarat,
831 2312 865 2334 se
877 2303 1065 2343 jamdudum
1082 2303 1188 2334 omnia
1205 2302 1360 2342 abjecisse
1375 2302 1408 2333 in
1425 2304 1629 2342 perpetuum,
1646 2299 1813 2332 desiderio

178 2351 405 2391 philosophice,
430 2352 464 2383 id
483 2356 543 2391 est,
569 2358 602 2385 ut
620 2355 766 2387 monachi
788 2355 884 2387 vitam
911 2359 1092 2393 exerceret;
1112 2355 1197 2395 quod
1220 2356 1256 2386 ad
1280 2356 1375 2386 vitam
1395 2353 1602 2386 monasticam
1627 2353 1761 2393 requirit
1777 2355 1808 2383 et

181 2400 328 2433 sutlicere
343 2401 460 2433 fatetur
474 2403 545 2442 ipse
559 2404 791 2436 Thomassinus
812 2414 820 2436 :
838 2414 942 2445 neque
959 2405 1044 2436 enim
1064 2405 1154 2445 plura
1171 2404 1217 2436 fas
1233 2405 1466 2445 estrcquirere.
1484 2405 1518 2436 Id
1534 2409 1640 2438 autem
1659 2405 1811 2436 decreve-

181 2457 228 2484 rat
245 2453 629 2494 Gregoriusjamdudum,
646 2453 679 2484 id
694 2453 791 2484 ﬁxum
807 2457 1027 2494 statutumque
1045 2458 1110 2485 erat
1124 2454 1162 2496 (ε)
1179 2465 1188 2486 :

532 2517 569 2543 Τδ
590 2516 637 2551 μὲν
649 2521 683 2542 τα
699 2515 800 2551 supra);
812 2516 840 2547 ἐς
855 2514 951 2550 βὺθους
969 2515 1056 2551 ῥίψαι,
1069 2515 1153 2551 πάλαι

533 2549 698 2586 Δεδὸγμένον
714 2549 741 2577 τί
752 2549 797 2586 ἦν,
812 2549 860 2577 καῖ
870 2551 923 2577 τότ’
936 2549 1036 2586 ἤρεσκε
1047 2549 1137 2577 πλέον.

534 2610 572 2636 Ea
586 2610 694 2643 quidem
707 2611 767 2644 qua:
779 2609 869 2636 carnis
883 2614 957 2640 sunt,
969 2609 996 2636 in
1013 2607 1174 2643 proiundum
1196 2608 1327 2642 projicere

536 2644 641 2672 Dudum
655 2643 786 2672 statutum
801 2649 870 2678 erat,
887 2650 1002 2679 tuncque
1016 2643 1140 2678 placebat
1155 2643 1250 2678 magis.

184 2701 255 2732 Hoc
273 2701 369 2732 ﬁxum
386 2702 493 2734 animo
510 2703 657 2742 Gregorii
684 2702 825 2741 sedebat,
849 2706 990 2743 votoque
1012 2701 1237 2734 sanctissimus
1260 2702 1374 2741 praesul
1402 2703 1551 2735 astrictus
1572 2703 1742 2736 tenebatur
1760 2702 1813 2743 (ί),

222 2809 259 2844 ta)
274 2806 349 2844 Qrat.
360 2806 395 2844 ἓξ
405 2814 430 2840 p.
444 2807 488 2844 50.
614 2843 658 2844 γη
689 2843 692 2844 ν

1064 2808 1103 2844 (d)
1113 2808 1207 2844 βαι-ιιι.
1227 2807 1333 2844 Desint
1347 2817 1405 2843 sua,
1417 2815 1443 2838 ν.
1457 2807 1511 2836 270
1523 2811 1550 2836 et
1564 2815 1621 2844 seq.

223 2841 258 2876 (b)
273 2842 362 2878 (farm.
377 2841 488 2878 Dejvila”
498 2850 556 2874 sua,
575 2850 601 2869 v.
614 2843 677 2877 510,
688 2843 748 2872 5H.
1065 2841 1099 2878 (ε)
1112 2843 1190 2876 lbid.,
1202 2851 1228 2870 ν.
1249 2842 1312 2875 282,
1324 2844 1386 2871 ‘285.

225 2878 259 2912 (ε)
278 2876 383 2910 ilorat.,
399 2876 449 2912 Ep.
464 2877 509 2906 lib.
527 2885 558 2912 ιι,
573 2885 615 2913 cp.
630 2879 656 2905 1.
670 2876 687 2879 ”

489 2885 509 2905 3.
527 2885 558 2912 ιι,
573 2885 615 2913 cp.
630 2879 656 2905 1.
670 2876 687 2879 ”
1066 2876 1096 2914 υ)
1109 2879 1182 2906 Orat.
1195 2878 1221 2913 2,
1232 2878 1265 2905 al.
1279 2878 1301 2905 1.
