2058 3128
263 153 298 182 59
756 151 945 180 PBJEFATIO
965 151 1173 180 GENERALIS.
1195 166 1230 172 —-
1249 150 1338 179 PARS
1356 150 1389 179 ll.
1856 151 1892 180 60

259 213 348 253 quod
365 224 380 241 ι
395 212 428 243 in
447 211 598 243 maximis
616 210 881 251 gravissimisque
899 210 1064 250 periculis,
1083 220 1098 237 ιο
1116 218 1189 241 cum
1206 208 1348 240 Athenas
1364 208 1443 240 mari
1461 211 1593 248 peteret,
1612 219 1626 236 ι
1642 209 1708 240 Deo
1721 213 1860 239 voverat.
1875 221 1890 237 ι

257 264 354 297 Nulla
367 265 433 304 jam
452 265 493 296 de
512 271 551 295 eo
566 263 768 294 deliberatio.

298 316 383 354 Quid
400 316 501 356 igitur
514 316 594 348 illud
614 318 692 350 erat.
705 313 746 345 de
760 322 826 353 quo
842 313 1017 353 Gregorius
1033 313 1120 344 intus
1136 312 1257 344 amicos
1274 311 1361 352 (a)ad
1378 310 1550 348 consilium
1563 312 1675 343 vocat?-

615 378 709 405 Ἐνδον
727 377 831 409 καθίζω
843 377 896 403 τῶν
907 376 990 411 φίλων
1007 377 1148 412 κριτήριον
1163 395 1172 407 ,

617 413 707 449 Ἐμῶν
724 412 872 448 λογισμῶν,
887 411 1007 448 γνησίων
1021 411 1206 447 nuptiis/516v.

611 471 687 498 Intus
701 471 804 497 amicos
821 470 847 496 in
865 469 1008 497 consilium
1022 476 1100 502 voco,

613 506 688 534 Meas
704 505 892 541 cogitationes,
909 511 968 540 quae.
984 504 1098 532 sincera:
1111 507 1174 532 sunt
1191 503 1353 532 hortatores.

258 574 384 607 Scilicet
400 576 574 615 Gregorius
590 585 604 603 α
623 573 663 614 (b)
678 574 763 605 inter
779 582 814 604 ea
832 581 903 613 quae
919 572 1140 613 prmstantiora
1161 575 1249 610 sunt,
1266 572 1298 602 id
1313 571 1400 611 quod
1419 571 1621 610 praestantius
1638 575 1686 602 est
1704 572 1885 611 quaerebat;

258 634 330 656 nam
348 635 420 666 qum
436 627 540 657 carnis
556 629 631 657 sunt
647 626 680 657 in
699 625 892 665 profundum
911 625 1049 664 abjicere
1068 625 1190 656 dudum
1209 627 1362 655 statutum
1380 626 1457 661 erat,
1481 629 1623 664 tuncque
1649 625 1793 663 placebat
1821 634 1886 655 ma-

256 677 316 717 gis.
331 678 553 709 Cunsideranti
574 682 681 709 autem
694 677 763 708 vias
779 686 852 717 qua)
864 677 903 709 ad
918 677 1021 708 Deum
1041 677 1175 712 ducunt,
1195 684 1340 716 quaenam
1361 675 1474 706 melior
1491 677 1586 710 esset,
1604 674 1749 705 invenire
1765 682 1827 705 non
1843 675 1887 704 fa-

259 727 321 758 cile
342 732 420 759 erat.
442 729 538 759 Aliud
552 729 651 766 enim,
669 729 806 760 aliorum
827 729 932 761 habita
947 729 1084 767 ratione,
1114 728 1235 760 bonum
1257 730 1311 758 aut
1330 727 1447 758 malum
1468 725 1646 762 videbatur,
1672 729 1706 756 ut
1729 735 1812 763 saepe
1841 727 1885 762 ﬁt.

256 777 310 808 ubi
326 777 404 816 quid
421 777 579 816 agendum
597 782 657 810 est.
677 779 817 818 Longam
834 779 933 809 veluti
951 779 1128 818 quamdam
1145 777 1438 818 peregrinationem
1461 775 1683 806 meditabatur.
1709 775 1888 814 Navigatio-

254 835 327 857 nem
344 827 476 866 quidem
494 828 665 866 effugerat,
679 830 710 857 et
728 827 823 857 maris
840 827 977 864 labores,
996 827 1051 858 sed
1068 827 1283 865 investigabat
1295 833 1442 866 quamam
1456 825 1635 864 expeditior
1650 828 1733 855 esset
1746 824 1806 855 via.
1822 825 1887 855 Ma-

252 876 446 916 gnifaciebat
463 878 564 909 Etiam
583 877 770 914 Thesbiten,
787 877 983 915 Carmelum,
1000 878 1163 909 desertum
1185 877 1319 908 Joannis
1343 875 1560 916 praecursoris,
1581 876 1717 906 ﬁliorum
1744 876 1887 907 Ionadab

252 927 353 956 vitam
371 927 443 957 sine
456 931 607 967 apparatu
625 940 632 960 :
650 938 761 961 verum
775 939 887 961 rursus
904 939 976 961 eum
998 931 1123 961 tenebat
1139 939 1301 961 sacrorum
1320 930 1487 961 Librorum
1505 937 1605 964 amor,
1623 937 1674 960 res
1689 937 1761 960 cum
1776 928 1885 959 deser-

252 980 284 1006 to
313 979 345 1007 et
367 975 476 1016 quiete
499 986 563 1010 non
582 981 754 1020 quadrans.
772 981 807 1011 In
824 985 995 1021 utramque
1012 984 1131 1021 partem
1150 990 1232 1022 saepe
1250 981 1389 1017 delatus,
1414 980 1540 1011 tandem
1556 979 1639 1010 inter
1653 987 1708 1009 sua
1729 978 1886 1009 desideria

251 1027 299 1058 sic
317 1027 407 1059 litem
426 1028 566 1066 diremit,
587 1031 770 1071 mentisque
789 1033 995 1071 agitationem
1012 1032 1156 1064 cohibuit
1173 1033 1306 1063 :videns
1324 1033 1409 1064 enim
1427 1040 1496 1067 eos,
1511 1038 1592 1070 quos
1608 1032 1737 1060 actuosa
1751 1028 1888 1059 delecta-

250 1077 305 1108 bat
325 1078 400 1117 vita,
417 1080 489 1111 aliis
505 1081 633 1120 quidem
651 1083 761 1119 utiles,
782 1083 843 1115 sibi
860 1086 966 1115 autem
983 1083 1118 1114 inutiles
1135 1092 1171 1115 ac
1190 1083 1282 1114 malis
1297 1082 1426 1122 agitari;
1443 1089 1498 1113 eos
1514 1083 1619 1111 autem
1635 1079 1689 1119 qui
1707 1078 1774 1109 vale
1788 1087 1888 1109 saecu'

251 1127 282 1158 lo
300 1127 464 1166 dixerunt,
485 1131 664 1163 stabiliores
687 1133 817 1173 quidem
847 1142 931 1172 esse,
958 1143 993 1166 ac
1017 1134 1051 1165 in
1072 1135 1174 1166 Deum
1201 1133 1322 1173 placida
1341 1136 1447 1165 mente
1471 1130 1642 1170 respicere,
1661 1132 1694 1160 at
1720 1129 1781 1160 sibi
1809 1129 1886 1159 solis

250 1177 418 1216 prodesse,
445 1185 579 1219 angusta
604 1182 769 1221 charitate,
789 1183 952 1223 vitamque
980 1184 1143 1215 insolitam
1176 1187 1207 1215 et
1234 1192 1377 1223 asperam
1405 1183 1572 1214 traducere
1601 1189 1610 1210 :
1639 1179 1774 1210 mediam
1802 1179 1888 1210 inter

251 1230 412 1267 utrosque
426 1228 511 1259 viam
530 1229 615 1267 iniit,
632 1232 776 1263 meditari
794 1236 829 1277 ut
844 1232 890 1269 hi,
911 1233 1064 1272 prodesse
1081 1236 1114 1263 ut
1131 1232 1176 1263 illi
1194 1234 1351 1264 statuens.
1371 1243 1386 1260 ››
1403 1231 1485 1262 Hinc
1500 1231 1653 1270 Gregorio
1681 1231 1885 1262 eremitarum

250 1281 349 1319 atque
367 1280 462 1311 etiam
476 1282 742 1315 anachoretarum
765 1284 895 1315 vivendi
912 1292 1013 1323 genus
1028 1284 1198 1321 arridebat,
1221 1284 1297 1315 hinc
1316 1283 1556 1316 coenobitarum.
1573 1283 1632 1314 Sed
1657 1283 1689 1314 in
1706 1282 1782 1320 illis,
1799 1283 1886 1323 quod

250 1330 314 1361 sibi
329 1331 409 1362 solis
424 1333 518 1364 utiles
534 1337 654 1371 essent,
671 1334 703 1364 in
716 1334 756 1365 iis
773 1342 848 1365 vero
865 1334 950 1374 quod
968 1335 1040 1365 aliis
1056 1334 1187 1374 quidem
1203 1334 1310 1371 utiles,
1327 1333 1388 1364 sibi
1406 1341 1480 1364 vero
1493 1337 1599 1364 essent
1619 1333 1761 1371 inutiles,
1777 1333 1888 1372 displi-

250 1381 353 1413 cebat.
371 1383 482 1422 Itaque
501 1384 637 1414 mediam
654 1376 729 1415 iniit
758 1385 840 1415 viam
860 1385 944 1416 inter
960 1385 1107 1416 eremitas
1128 1387 1158 1414 et
1176 1383 1329 1422 migades,
1352 1382 1386 1413 id
1407 1386 1455 1414 est
1471 1382 1555 1414 inter
1568 1384 1717 1415 eremitas
1740 1387 1770 1414 et
1783 1392 1888 1414 coeno-

251 1429 347 1467 bitas,
376 1431 505 1462 illorum
524 1432 563 1463 ad
581 1433 721 1465 ccelestia
740 1435 998 1472 conversionem,
1024 1437 1055 1466 et
1079 1434 1214 1465 istorum
1233 1433 1421 1465 charilatem
1445 1432 1602 1471 retinens,
1624 1437 1659 1465 ut
1679 1434 1740 1464 sibi
1768 1438 1797 1464 et
1817 1433 1887 1465 aliis

251 1481 356 1519 utilis,
374 1483 510 1513 maxime
528 1484 727 1522 parentibus,
744 1491 841 1517 esset.

298 1531 340 1561 Ea
363 1531 464 1569 igitur
481 1531 543 1562 fuit
563 1532 756 1565 deliberatio
770 1535 929 1574 Gregorii,
948 1538 1050 1567 utram
1070 1545 1107 1566 ex
1123 1535 1251 1566 duobus
1273 1535 1504 1566 monachorum
1535 1534 1722 1573 generibus,
1738 1535 1888 1565 eremita-

252 1588 367 1611 rumue
382 1588 421 1611 an
437 1581 669 1613 coenobitarum
687 1583 782 1614 vitam
800 1589 1003 1624 sequeretur.
1018 1587 1061 1616 Ac
1072 1585 1171 1616 veluti
1184 1585 1240 1624 qui
1253 1584 1285 1615 in
1301 1584 1410 1624 aliquo
1427 1583 1570 1623 periculo
1581 1587 1668 1624 gravi
1684 1586 1888 1618 constitutus,

257 1639 295 1663 se
313 1632 411 1663 vitam
431 1632 614 1672 religiosam
634 1634 856 1672 professurum
880 1637 947 1668 Deo
980 1636 1154 1675 pollicitus,
1181 1635 1276 1667 etiam
1294 1639 1369 1666 voto
1393 1644 1428 1666 se
1446 1635 1691 1676 obstrinxisset;
1709 1638 1825 1669 deinde
1835 1647 1888 1668 se-

253 1693 327 1720 cum
345 1689 522 1725 reputans,
549 1687 714 1726 quomodo
740 1689 934 1728 promissum
953 1689 1056 1725 faciat,
1076 1689 1161 1720 varia
1187 1688 1284 1729 hUJus
1314 1688 1468 1728 temporis
1496 1689 1638 1720 virorum
1665 1688 1888 1727 religiosorum

255 1734 405 1767 instituta
422 1741 453 1767 et
470 1736 570 1776 leges,
587 1738 828 1779 Trappistarum
852 1742 987 1778 scilicet,
1018 1741 1283 1778 Mendicantium,
1299 1744 1374 1778 etc.,
1390 1740 1579 1780 perpendit;
1611 1741 1752 1777 demum,
1781 1739 1890 1770 habito

253 1794 363 1817 secum
382 1787 532 1824 οοιιδίιίοι
553 1787 648 1819 vitam
667 1792 883 1832 trappisticam
899 1796 932 1824 ut
949 1793 1146 1832 asperiorem
1165 1792 1298 1831 refugit,
1319 1792 1392 1823 Men
1402 1791 1575 1822 dicentium
1596 1794 1702 1822 autem
1730 1794 1764 1821 ut
1791 1788 1890 1821 nimis

253 1845 420 1878 actuosam
436 1842 467 1870 et
491 1839 553 1869 sibi
570 1840 677 1870 minus
694 1841 804 1877 utilem
829 1842 963 1882 respuit,
984 1843 1048 1873 Deo
1064 1841 1202 1875 militare
1218 1841 1279 1872 sub
1297 1841 1406 1880 regula
1425 1842 1525 1872 sancti
1552 1840 1715 1872 Benedicti
1743 1844 1862 1871 mavult
1879 1850 1887 1870 ι

254 1889 330 1921 isne
348 1890 526 1920 monachus
545 1890 717 1930 dicendus,
737 1896 766 1924 et
785 1894 879 1924 vitam
896 1894 1104 1925 monasticam
1122 1893 1290 1932 amplexus
1307 1893 1408 1924 videri
1432 1893 1563 1932 posset?
1591 1892 1696 1923 Credo
1724 1891 1890 1932 equidem.

253 1941 354 1981 Atqui
375 1942 436 1973 hoc
452 1943 559 1982 ipsum
578 1947 627 1974 est
644 1943 732 1981 quod
758 1943 906 1982 praestitit
926 1943 1113 1982 Gregorius,
1147 1951 1220 1973 cum
1251 1942 1359 1974 habita
1381 1950 1491 1975 secum
1521 1942 1752 1973 deliberatione
1783 1946 1889 1972 utrum

256 1992 386 2024 vivendi
407 2002 523 2032 genus,
540 2003 579 2025 an
609 1995 829 2030 eremitarum,
847 2003 886 2026 an
915 1995 1074 2033 migadum
1101 1999 1304 2035 sequeretur,
1326 2003 1425 2026 unum
1451 2004 1489 2026 ex
1510 1998 1648 2034 utroque
1681 1997 1890 2033 temperatum

255 2042 430 2082 amplexus
450 2048 497 2075 est
515 2052 587 2074 cum
609 2043 751 2081 Basilio;
775 2044 831 2084 qui
849 2045 944 2075 vitam
962 2045 1136 2075 solitariam
1154 2048 1184 2076 et
1208 2044 1431 2077 emnobiticam
1454 2043 1604 2082 praeclare
1630 2043 1714 2074 inter
1730 2052 1764 2074 se
1781 2051 1892 2074 recon-

256 2091 419 2124 ciliaverat
438 2097 471 2123 et
487 2094 731 2133 permiscuerat,
750 2095 922 2126 exstructis
952 2095 1157 2126 monasteriis
1175 2103 1248 2135 quea
1270 2095 1390 2126 sociata
1412 2094 1485 2125 vitae
1510 2095 1686 2134 utriusque
1712 2094 1890 2134 commoda,

257 2142 341 2173 nulla
367 2145 472 2174 autem
490 2143 644 2183 permista
664 2143 824 2175 habebant
845 2144 1058 2176 incommoda.

296 2193 364 2224 Hoc
381 2194 407 2224 si
432 2201 498 2225 non
514 2195 623 2225 statim
641 2198 738 2234 atque
764 2200 917 2236 optasset,
938 2200 1023 2227 certe
1052 2205 1150 2236 quam
1175 2196 1316 2236 primum
1333 2196 1440 2234 licuit,
1457 2195 1530 2226 vitm
1553 2203 1655 2234 genus
1682 2198 1814 2226 secutus
1843 2203 1892 2234 es-

258 2242 457 2291 Gregorius;
481 2248 513 2275 et
529 2245 665 2276 secessit
693 2246 731 2277 ad
761 2246 931 2283 Basilium,
965 2255 1095 2286 unaque
1126 2255 1200 2278 cum
1231 2255 1271 2278 eo
1300 2247 1464 2278 Ponticam
1491 2245 1700 2277 solitudinem
1725 2246 1891 2277 incoluit:

257 2302 275 2328 κ
293 2293 457 2332 Degebant
483 2298 588 2328 tamen
607 2296 762 2335 singuli,»
781 2297 886 2336 inquit
901 2297 1070 2327 Annalium
1087 2297 1364 2328 ecclesiasticarum
1379 2305 1492 2336 parens
1502 2296 1664 2328 exituﬁno
1680 2295 1754 2336 (σ),«
1775 2296 1809 2326 in
1825 2296 1893 2327 sin-

257 2345 343 2384 gulis
363 2345 490 2391 cellqlis
508 2346 735 2386 separatis,ita
751 2350 857 2377 tamen
888 2347 971 2377 inter
988 2355 1023 2377 se
1053 2347 1224 2382 distantes,
1241 2351 1277 2378 ut
1304 2355 1370 2377 non
1404 2346 1606 2378 incommoda
1629 2346 1747 2386 saepius
1777 2355 1893 2378 conve-

258 2394 370 2426 niendi
386 2395 516 2427 daretur
530 2395 677 2428 facultas.
699 2396 734 2433 1d
755 2397 874 2427 etenim
895 2405 933 2428 ex
955 2397 1100 2436 Gregorii
1130 2397 1266 2436 epistola
1289 2396 1344 2436 (ά),
1371 2405 1468 2435 quam
1498 2401 1574 2427 tunc
1600 2397 1633 2426 in
1661 2403 1770 2427 eremo
1796 2404 1893 2435 agens

255 2444 295 2492 ad
316 2444 603 2486 Amphilochium,
630 2446 666 2477 in
697 2446 807 2477 eadem
836 2446 1014 2484 solitudine
1046 2446 1352 2486 philosophantem,
1382 2447 1525 2487 scripsit,
1556 2447 1649 2478 facile
1670 2450 1774 2486 potest
1800 2446 1894 2477 intel-

261 2495 331 2534 ligi.

297 2558 313 2575 α
329 2546 439 2583 Qualis
456 2550 564 2579 autem
581 2546 679 2578 fuerit
696 2546 766 2586 ejus
784 2545 938 2578 habitatio
968 2550 1000 2578 et
1022 2547 1137 2583 victus,
1162 2548 1262 2586 pergit
1287 2548 1455 2584 Baromus,
1487 2557 1525 2578 ex
1550 2549 1600 2580 his
1625 2551 1718 2580 etiam
1745 2549 1893 2589 assequi-

259 2605 342 2642 mur,
363 2605 435 2636 quas
450 2597 535 2628 idem
559 2597 598 2628 ad
614 2595 780 2632 Basilium,
797 2601 964 2636 postquam
981 2598 1056 2628 inde
1082 2602 1267 2634 recesserat,
1297 2598 1412 2629 ludens
1428 2598 1538 2629 scribit
1557 2599 1607 2629 his
1627 2599 1731 2630 verbis
1749 2610 1756 2630 :
1774 2610 1790 2628 ι
1807 2600 1894 2636 Quo-

260 2657 275 2674 ι
294 2647 380 2677 niam
398 2655 470 2687 quae
482 2643 678 2687 jocando'ad
694 2652 724 2678 te
738 2647 941 2685 scripsimus,
959 2657 1051 2688 aequo
1069 2649 1177 2680 animo
1200 2649 1276 2687 fers,
1296 2658 1332 2680 ee
1351 2658 1480 2689 quoque
1498 2659 1569 2690 qua;
1583 2651 1737 2691 deinceps
1750 2659 1894 2690 sequun-

258 2708 276 2731 ιι
294 2702 344 2729 tur
357 2699 559 2739 adjiciamus,
580 2708 620 2731 ex
636 2699 776 2730 Homero
802 2703 908 2731 autem
928 2701 1056 2732 initium
1071 2723 1074 2727 η
1088 2701 1224 2737 ducetur
1247 2713 1256 2732 :
1279 2702 1372 2734 Nunc
1399 2711 1470 2742 age,
1490 2700 1699 2742 progrediens
1729 2700 1893 2735 internum

294 2789 335 2858 (αξ
349 2789 428 2832 ιιιειιη
441 2799 468 2819 v.
481 2792 545 2828 e78,
558 2793 622 2821 979.
1105 2802 1132 2830 ρ.
1146 2794 1207 2821 887-

296 2825 323 2858 (b
353 2825 421 2854 llud.
1141 2831 1180 2858 (ά)
1198 2830 1207 2857 ί

296 2825 335 2865 (ὁ)
353 2825 421 2865 ibid.
459 2863 513 2865 -Λ
537 2825 543 2828 ⁷
602 2863 625 2865 μ
657 2863 661 2865 ἓ
702 2863 706 2865 Δ
843 2864 846 2865 ν
1024 2864 1036 2865 η
1105 2825 1108 2830 ’

602 2863 625 2865 μ
657 2863 661 2865 ,
702 2863 706 2865 _
843 2864 846 2865 ν
1024 2864 1036 2865 η
1105 2825 1113 2830 ’
1141 2831 1180 2865 td)
1198 2830 1245 2865 Ep.
1259 2830 1294 2858 al.
1310 2830 1352 2863 12,.

293 2862 330 2896 (ε)
346 2862 430 2896 Apud.
459 2863 536 2895 80".,
562 2865 577 2892 ε
602 2863 675 2897 Maii,
700 2863 726 2892 in
755 2862 814 2892 Vita
830 2864 963 2901 Gregorii,
984 2873 1007 2895 ε.
1023 2864 1048 2897 5-
