2058 3128
181 165 217 193 61η
677 170 870 200 PREFATIO
889 172 1093 201 GENERALIS.
1113 189 1149 195 —
1166 172 1256 202 PARS
1274 173 1308 202 ll.
1780 170 1814 200 θῖ

185 236 201 254 ι
219 226 366 263 concine,
385 233 509 265 quaeso,
525 229 693 265 ornatum;
719 229 882 267 tugurium
902 229 1052 261 videlicet
1077 233 1108 262 et
1133 233 1217 261 tecto
1243 232 1274 261 et
1296 228 1405 270 januis
1423 237 1546 266 carens,
1561 227 1667 260 focum
1683 226 1768 266 ignis
1783 230 1814 258 et

182 289 197 305 α
214 277 296 308 fumi
316 280 490 317 expertem,
512 278 648 318 parietes
666 279 742 318 igne
761 281 951 319 exsiccatos,
965 290 1004 313 ne
1023 282 1081 312 luti
1111 282 1211 321 guttis
1230 282 1435 321 impetamur,
1456 278 1750 322 Tantalis—similes,
1763 285 1814 309 ea-

183 338 199 356 (
215 329 352 369 demque
378 337 468 368 poma
489 329 628 368 multati,
657 331 812 362 nimirum
832 331 865 363 iu
891 333 982 372 aquis
1009 333 1169 371 sitientes,
1186 334 1382 365 miserandas
1404 333 1474 364 illas
1501 331 1612 372 epulas
1628 330 1813 370 etjejunas,

183 391 198 408 α
215 381 252 411 ad
271 390 351 420 quas
370 390 387 412 e
402 381 613 421 Cappadocia,
630 390 695 413 non
714 386 867 422 tanquam
887 384 925 414 ad
955 385 1215 425 Lotophagorum
1239 388 1467 425 paupertatem,
1482 383 1537 414 sed
1555 381 1654 412 veluti
1674 381 1711 412 ad
1730 380 1814 410 Alci-

183 441 198 459 α
217 431 269 461 noi
286 440 442 470 mensam,
459 441 517 464 nos
540 434 615 465 n0vi
630 438 661 466 et
686 437 858 467 aerumnosi
878 435 1022 476 naufragi
1048 437 1152 468 vocati
1166 426 1290 468 sumus.
1307 435 1440 476 Memini
1460 434 1546 466 enim
1563 441 1660 473 panes
1688 432 1759 462 illos
1782 434 1814 462 et

184 495 198 511 ι
212 483 354 523 juscula,
372 485 419 516 sic
440 486 524 517 enim
547 488 809 524 nominabantur,
829 497 1021 529 semperque
1049 490 1240 524 meminero,
1257 482 1507 520 dentibus‘circa
1523 485 1699 524 fragmenta
1715 481 1812 513 colla-

185 545 199 561 ι
217 535 435 571 ὺοεεριιιίὺυε,
453 545 488 567 ac
512 542 621 575 postea
648 539 776 574 erectis,
793 539 948 578 velutque
964 549 980 570 e
997 548 1088 570 como
1115 540 1276 576 retractis;
1297 547 1367 577 quae
1386 535 1565 573 sublimius
1587 538 1617 563 tu
1637 531 1812 571 ampliﬁca-

183 594 199 614 α
218 583 279 619 bis,
297 585 435 624 propriis
460 586 691 623 ca‘amitatibus
714 587 861 618 videlicet
878 587 1035 618 orationis
1064 588 1312 626 magnitudinem
1339 587 1393 618 libi
1418 584 1705 626 suppeditantibus.
1730 582 1814 619 QUl-

183 643 198 665 ci
218 634 278 665 bus
295 635 356 667 nisi
370 635 421 665 iila
436 644 559 674 magna,
571 638 601 665 et
619 644 796 674 pauperum
813 645 886 666 vere
902 637 1062 671 studiosa,
1080 641 1180 671 mater
1196 641 1246 668 tua
1266 646 1323 667 nos
1339 647 1433 676 quam
1451 635 1617 668 celerrime
1633 633 1811 668 liberasset,

183 695 198 712 α
216 685 373 724 nobisque
395 690 580 724 tempestate
593 685 720 725 jactatis
744 686 829 716 velut
850 691 960 725 partus
973 686 1149 716 exstitisset
1163 697 1171 722 ;
1186 687 1371 725 jampridem
1396 687 1478 726 apud
1504 686 1594 717 vivos
1610 693 1680 714 esse
1697 683 1812 721 desiis-

181 743 197 767 ᾳ
214 742 336 770 scmus,
365 735 437 766 ﬁdei
458 735 594 767 Pontica:
618 736 752 767 nomine
774 744 839 767 non
856 736 1009 776 majorem
1031 735 1158 768 laudem
1177 740 1425 775 consequentes,
1444 744 1539 776 quam
1564 733 1810 771 miserationem

181 793 198 813 α
215 788 381 814 moventes
398 785 450 825 (α).
471 796 486 814 ι

219 833 295 864 Haec
320 833 393 864 licet
419 834 493 874 joco
521 835 720 875 Gregorius,
746 835 829 867 seria
858 839 963 867 tamen
985 835 1149 867 describit.
1174 836 1297 873 Quanta
1318 836 1401 868 enim
1420 837 1492 868 vitre
1513 835 1708 871 austeritate,
1736 841 1809 865 cum

178 882 261 922 ipse,
281 887 348 914 tum
368 885 475 915 caeleri
495 886 643 916 monachi
661 886 804 917 eamdem
822 886 1030 916 solitudinem
1050 885 1227 916 incolentes
1246 885 1397 928 vixerint,
1428 894 1466 916 ex
1489 885 1552 922 his,
1571 894 1643 925 quae
1672 885 1711 915 de
1744 883 1807 920 sibi

178 933 334 972 subjectis
352 934 518 966 monachis
534 936 571 966 ad
590 935 775 966 Helleuium
803 935 925 972 scribit,
942 937 1018 966 satis
1044 935 1224 975 apparet(b)
1246 946 1254 965 τ
1275 947 1289 963 α
1307 936 1372 974 lpsi
1386 935 1484 972 enim,
1500 935 1616 974 inquit,
1634 933 1746 974 partim
1775 933 1810 964 in

178 983 278 1014 antris
308 985 540 1029 sohtariisque,
562 987 647 1018 etad
674 991 788 1017 terram
809 986 916 1016 stratis
945 987 1144 1026 rudibusque
1175 986 1338 1017 cubilibus
1374 985 1589 1022 delectantur;
1612 994 1628 1016 a
1659 984 1810 1015 domibus

177 1032 363 1071 abhorrent,
380 1039 613 1076 cognatamque
632 1037 770 1068 crelcstis
789 1035 956 1074 sapientiae
973 1037 1113 1076 quietem
1131 1037 1393 1076 amplectuntur:
1413 1036 1525 1075 partim
1548 1034 1662 1066 ferreis
1681 1042 1811 1073 compe-

178 1082 274 1114 dibus
290 1093 362 1115 sese
383 1087 581 1125 excruciant,
598 1090 634 1118 ut
654 1087 767 1117 vilium
785 1095 848 1117 una
880 1094 952 1117 cum
979 1095 1112 1123 corpore
1128 1087 1310 1118 conﬁciant.
1328 1087 1390 1117 Alii
1421 1094 1546 1117 rursum
1577 1084 1716 1116 ferarum
1746 1085 1810 1116 ritu

182 1135 290 1174 parvis
309 1138 525 1177 angustisque
543 1138 694 1169 domibus
719 1138 850 1175 inclusi,
869 1147 909 1169 ne
926 1138 1068 1169 mortalis
1085 1138 1216 1178 quidem
1237 1138 1418 1177 cujuspiam
1440 1139 1562 1168 vultum
1587 1137 1758 1176 aspiciunt,
1774 1145 1809 1168 ac

176 1193 261 1224 saepe
275 1188 370 1218 etiam
388 1191 471 1219 totos
499 1188 611 1228 viginti
632 1189 715 1226 dies,
742 1190 941 1229 totidemque
972 1193 1093 1225 noctes,
1115 1198 1131 1219 a
1149 1189 1220 1220 cibo
1249 1190 1422 1227 abstinent,
1440 1190 1638 1228 dimidiaquc
1668 1198 1704 1220 ex
1722 1192 1810 1228 parte

176 1236 295 1267 Christi
320 1239 476 1278 jejunium
503 1240 687 1277 imitantur;
716 1246 818 1280 utque
839 1240 988 1272 nonnihil
1015 1241 1085 1279 ipse
1111 1240 1238 1279 gloriosi
1257 1241 1437 1279 praedicem,
1452 1240 1580 1280 quidam
1600 1240 1727 1270 illorum
1743 1238 1805 1269 mei

176 1288 284 1327 gregis
302 1297 371 1320 OVIs
393 1294 471 1327 erat,
485 1290 561 1322 hinc
585 1300 682 1330 parvo
698 1292 836 1331 quodam
851 1292 970 1331 oppido
987 1300 1150 1330 egressus.
1164 1290 1244 1321 Sunt
1263 1290 1396 1330 insuper
1411 1290 1466 1330 qui
1484 1291 1641 1332 garrulam
1663 1289 1804 1327 linguam

175 1341 269 1378 quasi
308 1338 444 1370 vinculis
472 1341 665 1380 quibusdam
703 1342 900 1379 astringunt,
931 1341 1077 1380 labiaque
1109 1341 1239 1372 silentio
1267 1341 1499 1380 comprimunt,
1532 1348 1730 1378 summaeque
1757 1338 1802 1369 illi

175 1388 274 1418 Menti
294 1388 398 1419 laudis
418 1390 610 1421 sacriticium
635 1391 703 1422 sola
727 1397 833 1422 meme
863 1392 1014 1422 otl‘erunt.
1046 1392 1101 1421 Est
1124 1391 1226 1422 etiam
1249 1391 1304 1430 qui
1334 1399 1435 1421 annos
1462 1391 1603 1428 integros
1628 1390 1660 1420 in
1687 1390 1805 1428 templo

174 1443 275 1475 stans,
291 1449 386 1479 puras
405 1441 444 1471 ad
470 1443 571 1473 Deum
590 1451 702 1472 manus
737 1442 938 1481 cXpauderit,
959 1452 1028 1479 nec,
1045 1443 1130 1482 quod
1158 1443 1206 1473 vix
1225 1444 1373 1482 cuiquam
1394 1444 1485 1474 ﬁdem
1501 1441 1657 1472 facturum
1674 1444 1732 1478 est,
1747 1441 1795 1472 vel

173 1491 334 1521 tantillum
352 1492 573 1528 obdormierit,
594 1493 649 1523 sed
670 1492 732 1523 vivi
757 1492 874 1532 lapidis
892 1494 990 1524 instar
1003 1493 1133 1524 Christo
1149 1494 1272 1531 detixus
1289 1494 1424 1528 steterit,
1451 1502 1487 1524 ac
1507 1492 1591 1522 Velut
1611 1491 1801 1530 obriguerit.

173 1540 259 1571 Huic
278 1549 371 1578 porro
394 1541 502 1579 exigui
520 1542 582 1572 cibi
603 1542 756 1581 reliquias
787 1543 912 1573 vicinus
938 1551 1054 1573 corvus
1073 1543 1291 1582 impertiebat,
1310 1551 1490 1582 panemque
1507 1543 1676 1581 integrum,
1695 1542 1721 1571 si
1741 1541 1806 1573 duo

172 1591 574 1629 fortecssent,atferebat.
592 1593 791 1629 Quinetiam
819 1602 883 1633 quo
915 1597 1058 1633 tempore
1091 1593 1239 1625 Christus
1271 1593 1440 1624 salutifero
1469 1593 1523 1623 illo
1549 1592 1709 1632 Supplicio
1738 1601 1809 1632 per-

173 1644 304 1680 {unctUs
322 1645 471 1676 mortales
488 1645 630 1684 reliquit,
651 1645 802 1676 inventus
816 1649 863 1677 est
880 1645 1024 1684 qui-lani,
1039 1645 1094 1683 qui
1112 1645 1188 1676 hinc
1204 1645 1242 1676 ad
1262 1645 1408 1676 divinum
1439 1648 1578 1675 montem
1609 1643 1808 1680 ascenderet,

174 1695 286 1734 ibique
302 1699 332 1726 et
349 1704 510 1732 sermone,
526 1701 556 1726 et
573 1700 692 1733 mente,
710 1700 740 1727 et
777 1696 930 1727 membris
953 1688 1106 1726 immotus
1129 1700 1230 1732 stans,
1264 1696 1366 1726 ventis
1395 1696 1590 1734 nivibusque
1613 1695 1808 1734 jactaretur;

175 1752 246 1782 nec,
263 1754 446 1785 quanquam
462 1746 585 1786 alioqui
604 1746 713 1786 plures
742 1747 800 1777 viri
822 1747 864 1786 pii
885 1755 958 1778 eum
981 1747 1237 1783 circumstarent,
1256 1750 1286 1778 et
1301 1746 1339 1776 ab
1357 1747 1467 1776 eodem
1494 1745 1612 1776 obnixe
1630 1745 1808 1775 contende-

175 1795 462 1835 !‘ent,ulaliquam
484 1796 535 1827 sui
568 1797 711 1835 corporis
741 1797 897 1827 rationem
927 1796 1070 1832 haberet,
1095 1795 1243 1835 precibus
1272 1798 1377 1825 tamen
1395 1795 1492 1824 nullis
1520 1797 1722 1831 moveretur;
1751 1794 1808 1825 sed

175 1843 335 1876 Christum
354 1855 460 1884 regem
476 1847 652 1878 fortissime
669 1849 840 1884 consertis,
860 1851 893 1878 ut
907 1848 965 1878 dici
983 1847 1077 1883 solet,
1100 1847 1249 1878 manibus
1271 1846 1434 1877 retineret.
1456 1857 1471 1874 in

213 1897 299 1928 Alibi
328 1898 368 1930 de
391 1899 532 1930 Ponticis
551 1900 717 1931 monachis
741 1901 806 1932 haec
827 1900 922 1931 habet
945 1899 1120 1939 Gregorius
1140 1900 1176 1938 (ο)
1198 1910 1206 1928 :
1234 1910 1248 1926 α
1269 1898 1418 1938 Plerique
1446 1897 1508 1928 sub
1532 1897 1644 1928 ferreis
1664 1897 1802 1928 vinculis

175 1947 414 1991 ingemiscunt;
431 1951 485 1982 alii
503 1961 615 1983 rursus
632 1961 690 1996 pro
706 1954 778 1984 cibo
794 1953 919 1984 cineres
937 1953 1070 1990 habent;
1090 1955 1166 1982 sunt
1182 1951 1301 1991 quibus
1319 1955 1412 1991 potus
1428 1950 1577 1990 lacrymis
1593 1953 1808 1990 temperatur;

174 2000 228 2040 alii
251 2001 394 2034 hibernis
421 2003 552 2034 nivibus
570 2004 722 2042 impetiti,
739 2005 946 2044 quadraginta
963 2005 1046 2041 dies,
1060 2004 1257 2044 totidemque
1276 2007 1399 2040 noctes,
1417 2003 1503 2034 velut
1517 2002 1647 2032 arbores
1663 2002 1807 2040 quaedam

174 2059 339 2092 perstant,
360 2055 454 2086 corde
470 2065 584 2095 nempe
605 2065 622 2087 c
639 2061 719 2088 terra
743 2058 929 2095 migrantes,
945 2058 1113 2096 Deumque
1143 2057 1247 2087 solum
1271 2056 1302 2086 in
1321 2057 1425 2086 mente
1448 2055 1636 2085 habentes...
1653 2052 1735 2089 Quid
1751 2052 1810 2083 da-

176 2103 276 2145 nique
299 2111 354 2134 eos
377 2112 638 2142 commemorem,
669 2106 724 2146 qui
749 2106 863 2137 oculos
885 2106 1051 2144 claudunt,
1077 2109 1108 2136 et
1133 2114 1227 2137 aures
1245 2105 1329 2136 velut
1347 2105 1477 2144 pessulo
1509 2104 1646 2143 quodam
1671 2103 1807 2140 obdunt,

173 2160 216 2182 ne
232 2152 363 2184 aculeus
379 2154 538 2193 quiSpiam
559 2156 670 2186 mortis
699 2157 811 2187 furtim
832 2157 978 2196 irrepat?
999 2157 1038 2187 At
1069 2156 1133 2187 haec
1149 2157 1380 2187 medicamenta
1415 2156 1501 2187 carni
1530 2155 1613 2186 hosti
1633 2163 1704 2186 meo
1731 2162 1809 2193 pro-

174 2203 264 2242 pino.
285 2215 300 2232 )›
321 2204 395 2235 Hinc
413 2205 600 2244 Gregorius,
617 2208 673 2247 qui
699 2211 763 2240 haec
779 2209 874 2240 etiam
898 2210 974 2240 alibi
1005 2209 1107 2240 fusius
1127 2209 1169 2250 (ιι)
1188 2219 1194 2238 :
1216 2221 1230 2237 «
1250 2209 1383 2239 Carnem
1403 2216 1505 2239 meam
1531 2207 1631 2238 aetatis
1661 2207 1738 2238 ﬂore
1763 2205 1809 2237 la-

175 2255 363 2288 scivientem
381 2259 410 2286 et
425 2261 612 2288 aasluantem
631 2259 743 2290 multis
772 2269 807 2291 ac
824 2261 945 2291 crebris
961 2260 1127 2291 laboribus
1150 2258 1400 2294 attrivi,ventris
1413 2258 1587 2289 satietatem
1606 2256 1807 2296 vicinumque

176 2309 295 2339 rabiem
312 2308 442 2344 sustuli,
463 2309 575 2340 oculos
592 2312 809 2350 temperantiae
824 2311 1009 2350 adjumento
1044 2311 1207 2351 palpebris
1236 2311 1336 2345 inﬁxi,
1352 2310 1429 2340 iram
1447 2308 1571 2347 abrupi,
1589 2308 1728 2339 membra
1752 2308 1808 2338 de-

175 2359 276 2396 vinxr,
297 2361 396 2391 risum
416 2359 596 2399 deploravi;
621 2362 728 2393 omnia
745 2363 873 2394 Christo
899 2365 1079 2400 cesserunt,
1110 2363 1214 2401 priora
1235 2361 1345 2392 omnia
1360 2361 1584 2391 conciderunt.
1614 2359 1710 2390 Terra
1728 2358 1807 2389 mihi

174 2411 278 2442 lectus
292 2411 365 2447 fuit,
388 2411 562 2451 asperrima
589 2414 688 2444 vestis
719 2414 860 2445 membra
889 2414 1053 2452 contexit;
1076 2413 1247 2454 pervigilia
1277 2412 1371 2443 etiam
1388 2415 1420 2443 et
1450 2413 1662 2451 lacrymarum
1687 2410 1806 2441 imbres

175 2463 330 2495 adhibui:
350 2464 492 2495 interdiu
510 2463 610 2495 labori
629 2463 783 2495 humero:
797 2464 950 2503 subjunxi
975 2475 984 2495 :
1006 2463 1136 2504 hymnis
1160 2465 1225 2493 tota
1249 2465 1344 2493 nocte
1374 2460 1582 2492 concinendis
1609 2468 1726 2499 corpus
1752 2459 1806 2490 in-

176 2518 240 2545 star
253 2518 365 2546 statua:
381 2515 498 2552 defixi;
525 2515 647 2546 nullam
665 2516 798 2546 omnino
826 2515 1000 2546 humanam
1020 2515 1219 2548 voluntatem
1238 2522 1297 2544 nec
1315 2513 1348 2543 in
1366 2512 1508 2543 animum
1526 2510 1656 2550 quidem
1674 2513 1704 2541 et
1719 2509 1807 2548 cogi-

176 2568 327 2599 tationem
347 2568 533 2599 admittens.
549 2568 655 2605 Atque
671 2565 731 2596 hoc
746 2565 885 2605 quodam
901 2565 978 2596 mihi
1000 2565 1073 2596 vita!
1097 2565 1280 2596 institutum
1296 2567 1376 2595 erat.
1392 2574 1407 2591 η

214 2617 265 2648 Sic
281 2619 415 2650 mediam
435 2619 519 2649 viam
536 2617 608 2648 iniit
624 2616 797 2654 Gregorius
823 2616 907 2646 inter
931 2616 1136 2646 eremitarum
1163 2617 1192 2644 et
1219 2613 1383 2653 migadum
1404 2612 1532 2644 vivendi
1561 2612 1727 2647 rationem,
1743 2618 1806 2642 coe-

174 2658 351 2700 nobiticam
368 2670 539 2709 amplexus
558 2679 597 2701 ex
614 2673 750 2710 utraque
767 2671 973 2709 temperatam
991 2676 1007 2699 a
1032 2667 1164 2699 Basilio.
1188 2667 1218 2698 ls
1244 2666 1367 2706 primus
1396 2665 1541 2696 omnium
1570 2662 1744 2695 cmnobitas
1771 2662 1804 2692 in

174 2720 306 2754 Oriente
324 2721 477 2759 instituit,
495 2721 648 2763 legesque
665 2721 819 2760 condidit,
842 2729 923 2762 quas
949 2720 1044 2752 etiam
1064 2717 1213 2758 exemplo
1241 2717 1351 2749 docuit
1376 2724 1440 2748 una
1462 2722 1535 2747 cum
1560 2711 1734 2752 Gregorio,A
1749 2711 1808 2753 qui

209 2838 248 2912 ia)
262 2838 309 2874 Ep.
328 2838 363 2868 al.
378 2839 405 2867 8.
1057 2836 1092 2871 te)
1108 2836 1197 2863 Carm.
1211 2833 1245 2862 al.

221 2875 248 2909 ι)
263 2875 354 2903 Carm.
369 2875 405 2902 al.
423 2873 468 2911 47.
496 2901 500 2903 ,
1054 2872 1092 2908 (d)
1108 2870 1198 2905 Carm.
1214 2870 1248 2898 al.
1263 2870 1289 2896 bl

221 2869 248 2909 ι)
263 2869 354 2903 οὶππη.
369 2875 405 2902 al.
423 2873 468 2911 4ft.
496 2901 500 2903 .

496 2901 500 2903 .
1054 2869 1092 2908 (ά)
1108 2870 1198 2905 Carm.
1214 2870 1248 2898 at.
1263 2869 1306 2897 56.
