2058 3128
268 172 304 202 63
766 178 953 207 PR/EFATIO
972 178 1176 207 GENERALIS.
1195 193 1230 198 —
1249 177 1339 204 PARS
1355 176 1386 206 ll.
1860 171 1894 200 δι

267 233 388 267 Basilio
409 236 441 266 in
459 237 633 268 condendis
651 239 883 271 coenobitaruru
909 241 1027 280 regulis
1043 245 1139 279 alque
1157 239 1250 270 etiam
1281 236 1447 267 servandis
1472 234 1579 266 socius
1603 233 1675 269 fuit,
1704 235 1738 263 ut
1759 235 1893 263 constat.

266 285 378 325 Itaque
395 291 490 317 ambo
504 287 578 327 jure
596 297 631 319 ac
650 291 764 321 merito
794 291 1026 323 coenobitarum
1053 291 1241 329 patriarcha;
1264 287 1403 319 habendi
1433 290 1519 323 sunt,
1536 285 1594 325 qui
1623 284 1710 322 leges
1731 282 1895 314 monachis

265 336 452 371 condidere,
487 339 678 369 monasteria
707 342 908 380 exstruxere,’
923 345 955 371 et
981 339 1076 371 vitam
1109 339 1255 370 monachi
1273 345 1457 374 exercuere,
1479 339 1515 367 ut
1540 335 1732 366 Benedictus
1751 334 1783 364 in
1798 333 1894 364 Occi-

266 388 374 418 dente.

312 439 429 470 Praeter
450 440 588 479 privatas
604 443 763 482 cujusque
781 444 1041 482 exercitationes,
1058 453 1138 484 quas
1156 453 1195 476 ex
1210 444 1325 475 Ruﬁno
1343 443 1383 482 (a)
1399 441 1550 473 describit
1563 440 1718 471 Baronius
1734 439 1786 479 (ὁ),
1805 441 1894 469 erant

267 490 449 520 communia
469 491 600 530 utrique
617 494 792 530 exercitia;
817 504 832 525 a
859 496 979 534 quibus
1005 504 1078 526 cum
1097 494 1270 533 aliquando
1288 494 1464 524 abstractus
1482 491 1596 522 fuisset
1618 490 1802 528 Gregorius,
1828 489 1894 519 haec

265 539 484 579 ingemiscens
510 544 664 582 scripsit:
684 556 698 572 α
713 544 796 581 Quis
822 545 898 576 mihi
920 546 1007 577 dabit
1030 549 1062 576 ut
1091 546 1300 585 pristinorum
1327 544 1451 574 dierum
1471 541 1694 577 ,aﬂlictionem,
1719 540 1751 570 in
1774 539 1892 578 quibus

269 595 372 621 tecum
388 593 622 631 jucundissime
642 596 718 632 vixi,
737 597 787 627 vel
805 606 946 629 mensem
965 607 1066 629 unum
1082 597 1167 628 ferre
1188 597 1304 628 liceat?
1320 596 1472 636 quoniam
1491 602 1541 624 res
1557 593 1676 628 tristes,
1693 599 1763 630 quae
1778 592 1893 629 sponte

265 641 424 679 teruntur,
446 645 564 675 coactis
581 646 705 678 deliciis
721 649 869 688 potiores
887 650 1058 681 habentur.
1081 650 1161 687 Quis
1187 649 1274 681 dabit
1291 649 1368 679 mihi
1387 646 1580 687 psalmodias
1597 645 1679 680 illas,
1702 647 1732 675 et
1755 642 1890 682 vigilias.

267 694 297 720 et
313 691 350 721 ad
368 694 561 730 precandum
581 705 743 735 recessus,
769 699 932 740 vitamque
961 700 1049 731 illam
1077 700 1168 739 quasi
1191 699 1390 739 spiritualem
1409 701 1439 729 et
1461 695 1704 736 incorpoream?
1725 694 1804 730 Quis
1828 692 1891 723 fra-

263 743 360 778 trum,
391 745 478 783 quia
503 750 532 776 te
560 746 591 777 in
609 748 727 786 pietate
753 750 970 781 instituuntur
985 755 1017 781 et
1041 751 1074 781 in
1102 750 1241 782 sublime
1267 750 1445 788 eriguntur,
1481 747 1722 778 unanimitatem
1753 743 1839 775 dabit
1859 745 1891 774 et

264 795 490 826 concordiam?
517 797 596 833 Quis
617 800 743 831 virtutis
771 805 931 832 certamen
960 806 991 833 et
1019 811 1167 839 acumen,
1195 802 1280 842 quod
1309 801 1500 841 prtescriptis
1524 797 1627 830 modis
1656 800 1686 828 et
1713 795 1890 843 canonibus

264 843 510 890 διθδίηεὲδδωυδ
523 849 536 878 7
550 848 631 884 Quis
649 851 833 883 divinorum
852 853 1054 884 oraculorum
1080 853 1284 889 exercitium,
1309 851 1407 892 inque
1423 852 1487 882 illis
1505 858 1577 881 cum
1594 848 1725 888 spiritus
1742 845 1889 877 modera-

264 893 354 924 mine
379 895 540 928 iuventam
568 899 696 931 lucem?
717 906 784 939 aut,
811 906 845 933 ut
862 903 985 934 minora
1003 912 1037 934 ac
1059 902 1179 934 leviora
1201 903 1316 937 dicam,
1335 902 1408 942 quis
1430 901 1518 933 dabit
1544 902 1744 942 quotidianas
1771 900 1840 930 illas
1861 903 1891 930 et

264 948 448 980 manuarias
474 953 611 990 operas?
637 953 717 989 Quis
744 955 904 994 lignorum
929 955 1168 991 ﬁndendorum,
1196 955 1512 994 comportandorum,
1538 963 1574 985 ac
1596 951 1888 991 componendorum

266 997 409 1031 laborem
428 1005 459 1032 et
475 1001 688 1041 lapidicinas?
703 1006 783 1042 Quis
799 1007 998 1039 consitiones
1014 1012 1043 1039 et
1060 1007 1266 1047 irrigationes
1284 1007 1486 1046 plantarum?
1514 1006 1593 1043 Quis
1617 1006 1779 1045 platanum
1802 1003 1888 1034 illam

264 1058 407 1088 auream,
421 1051 538 1082 Xercis
557 1053 684 1090 platano
702 1056 969 1094 praestantiorem,
987 1056 1020 1087 in
1035 1065 1096 1097 qua
1115 1065 1178 1088 non
1198 1065 1252 1087 rex
1270 1056 1376 1086 mollis
1394 1061 1425 1086 et
1441 1061 1625 1094 enervatus,
1642 1055 1698 1086 sed
1715 1052 1890 1085 monachus

265 1100 400 1132 amictus
419 1105 449 1132 et
465 1102 670 1134 debilitatus?
686 1114 781 1144 quam
803 1115 861 1144 ego
891 1107 1042 1145 plantavi,
1060 1107 1176 1146 Apollo
1201 1107 1326 1146 rigavit,
1351 1106 1411 1137 hoc
1428 1111 1477 1138 est
1497 1106 1685 1138 excellentia
1711 1108 1776 1139 tua,
1802 1104 1889 1135 Deus

261 1154 368 1182 autem
384 1151 415 1182 in
436 1151 590 1183 honorem
610 1156 708 1185 nostri
729 1156 887 1194 provexit.
903 1167 918 1183 ι»

301 1201 373 1238 Quo
391 1206 534 1242 tempore
550 1205 726 1243 Gregorius
742 1207 774 1237 iu
792 1207 970 1239 solitudine
988 1209 1185 1246 versabatur,
1202 1212 1233 1240 et
1250 1208 1399 1239 monachi
1418 1208 1515 1238 vitam
1533 1215 1604 1237 cum
1621 1205 1741 1236 Basilio
1762 1213 1888 1236 exerce-

261 1251 328 1288 bat,
354 1254 474 1284 crebris
502 1263 635 1286 suorum
665 1256 778 1288 litteris
800 1266 871 1289 cum
895 1259 1031 1290 Basilius
1059 1259 1235 1290 Caesaream
1263 1262 1478 1293 revocaretur,
1511 1257 1674 1296 respondit
1691 1256 1729 1296 (ο)
1748 1265 1756 1285 :
1773 1256 1888 1286 «Nunc

261 1303 415 1341 quoniam
443 1314 497 1342 per
522 1306 654 1343 gratiam
682 1309 739 1338 Dei
766 1309 830 1338 voti
853 1309 951 1339 nostri
969 1317 1025 1347 pro
1043 1309 1166 1339 viribus
1191 1311 1355 1347 compotes
1373 1307 1446 1338 facti
1471 1314 1597 1342 sumus,
1612 1313 1769 1343 organum
1785 1304 1887 1335 bene-

261 1354 386 1385 dictum
405 1362 606 1396 puteumque
623 1356 818 1396 profundum
836 1357 957 1396 adepti,
976 1357 1179 1396 Gregorium,
1199 1365 1234 1388 os
1251 1357 1329 1387 illud
1349 1356 1421 1386 dico
1440 1354 1580 1392 Christi;
1597 1362 1766 1393 parumper
1782 1353 1887 1386 nobis,

261 1406 408 1443 obsecro,
426 1417 599 1448 parumper
614 1409 698 1440 hanc
715 1408 874 1440 morulam
892 1409 1071 1448 indulgete,
1089 1417 1185 1449 quam
1207 1417 1270 1439 non
1290 1409 1327 1439 ad
1346 1407 1406 1438 hoc
1424 1406 1575 1447 petimus,
1592 1411 1625 1438 ut
1639 1406 1767 1437 urbium
1787 1409 1887 1436 secte-

261 1466 334 1488 mur
349 1457 494 1496 delicias,
515 1460 569 1490 sed
591 1465 624 1491 ut
642 1461 786 1492 fruamur
802 1466 984 1493 sanctorum
1002 1461 1163 1493 convictu.
1180 1472 1195 1490 ιο
1214 1461 1404 1499 Gregorium
1421 1467 1552 1499 quoque
1569 1459 1669 1498 pietas
1689 1466 1761 1496 erga
1774 1465 1886 1500 paren-

260 1514 308 1541 tes
325 1511 533 1542 solitudinem
551 1512 732 1553 relinquere
748 1518 778 1545 et
793 1515 986 1545 Nazianzum
1005 1515 1122 1545 reverti
1139 1513 1314 1553 cempulit;
1338 1521 1397 1543 nec
1415 1514 1518 1542 tamen
1534 1510 1657 1541 interea
1677 1508 1764 1548 quod
1785 1515 1884 1538 vove-

259 1563 318 1595 rat,
338 1560 369 1591 id
392 1564 452 1597 est,
471 1562 617 1593 monachi
634 1563 742 1600 vitam,
756 1563 788 1593 in
807 1566 935 1602 paterna
948 1563 1045 1594 domo
1061 1571 1154 1602 agere
1172 1562 1308 1593 cessavit
1327 1571 1334 1591 :
1353 1573 1366 1590 α
1381 1561 1471 1592 Adeo
1490 1563 1536 1597 ut,
1549 1559 1656 1598 inquit
1673 1559 1728 1597 (α).
1748 1557 1887 1595 philoso-

259 1609 368 1649 phiam
387 1619 518 1650 quoque
531 1612 644 1650 ipsam,
663 1621 727 1651 qua
745 1621 803 1643 nec
820 1613 982 1651 possessio
1000 1612 1075 1649 ulla,
1094 1621 1151 1643 nec
1170 1620 1287 1642 nomen
1306 1612 1407 1642 ullum
1423 1610 1501 1641 mihi
1518 1609 1645 1641 charius
1659 1613 1719 1643 est,
1747 1611 1887 1640 contem-

261 1662 398 1700 pserim;
419 1662 480 1699 vel,
497 1666 530 1693 ut
548 1664 654 1694 verius
667 1663 863 1703 10quar,hoc
875 1663 1011 1700 primum
1024 1663 1214 1699 studuerim,
1229 1666 1262 1693 ut
1281 1671 1320 1693 no
1340 1660 1597 1701 philosophantis
1612 1659 1752 1699 speciem
1769 1659 1886 1698 praebe-

259 1720 363 1744 rem.»
391 1713 481 1750 Quod
501 1717 670 1744 externum
697 1717 744 1743 est
766 1713 799 1744 iu
827 1713 887 1743 vita
906 1713 1066 1748 monachi,
1092 1712 1154 1749 vel,
1183 1716 1217 1742 ut
1240 1712 1346 1751 ipsius
1364 1711 1469 1742 verbis
1485 1714 1568 1746 utar,
1597 1720 1612 1738 α
1628 1709 1884 1749 phil080phantis

259 1765 411 1803 speciem,
427 1777 442 1794 ι
458 1774 567 1796 amore
589 1769 756 1803 parentum
775 1764 933 1803 despexit,
950 1764 988 1796 ὡς
1001 1763 1071 1791 καὶ(

1072 1763 1225 1799 ριλοσοφισις
1237 1763 1373 1799 ὑπεριδεῖν
1388 1763 1473 1798 αὐτῆς
1485 1771 1493 1779 ·
1510 1762 1564 1793 sed
1582 1762 1669 1793 intus
1684 1770 1758 1793 vere
1775 1771 1884 1793 mona-

259 1817 310 1848 o'hi
327 1817 423 1848 vitam
444 1818 555 1857 agebat
575 1828 582 1847 :
601 1822 634 1848 ut
661 1817 746 1848 enim
762 1817 807 1848 ait
821 1817 890 1856 ipse
907 1816 1081 1856 Gregorius
1097 1816 1133 1856 (ε)
1153 1826 1160 1846 :
1181 1817 1331 1847 «Murum
1348 1820 1407 1852 est,
1436 1822 1499 1846 non
1517 1822 1699 1854 corporum,
1728 1814 1791 1846 vita
1815 1822 1884 1845 mo—

259 1868 378 1900 nastica
397 1879 404 1898 :
423 1880 439 1896 π

573 1928 688 1964 Τρόπων
703 1934 758 1964 γαρ
775 1925 844 1955 εἶναι
861 1927 910 1963 τὴν
927 1927 1021 1963 μονὴν,
1033 1928 1064 1955 οὐ
1085 1928 1230 1963 σωμάτων.

298 1983 476 2014 Observare
490 1983 577 2022 juvat
601 1983 792 2021 Gregorium
819 1992 834 2013 a
861 1983 1035 2014 solitudine
1059 1983 1229 2014 abductum
1253 1983 1288 2022 (Γ)
1307 1985 1392 2014 metu
1410 1992 1450 2014 ne
1471 1983 1750 2014 «benedictionem
1775 1985 1883 2021 pater-

258 2045 330 2069 nam
345 2037 519 2068 amitteret:
535 2048 548 2065 n
558 2036 607 2062 οὐκ
615 2036 727 2071 ἤνεγκα.
740 2053 747 2060 .
758 2053 765 2060 .
777 2052 784 2059 .
801 2033 983 2068 καταλυθῆναι
994 2033 1044 2069 τὴν
1061 2042 1070 2059 ε

1069 2033 1200 2067 ιύλογιαψ
1217 2042 1281 2073 quo
1297 2038 1406 2072 postea
1419 2037 1504 2065 metu
1520 2033 1668 2072 depulso,
1680 2041 1794 2071 nempe
1810 2037 1881 2073 post

257 2090 439 2119 sanctorum
455 2089 587 2116 mortem
607 2087 774 2123 parentum
800 2087 830 2113 et
850 2083 1025 2113 abdicatam
1050 2083 1159 2113 sedem
1177 2083 1576 2122 Constantinopolitanam,
1592 2089 1686 2117 totam
1704 2097 1718 2114 α
1731 2085 1880 2125 philoso-

259 2137 379 2177 phiam,
394 2145 455 2176 qua
475 2144 533 2166 nec
552 2135 713 2175 possessio
730 2135 791 2166 ulla
806 2157 815 2172 ,
830 2143 889 2166 nec
906 2142 1021 2165 nomen
1040 2135 1140 2166 ullum
1159 2135 1219 2174 ipsi
1237 2135 1364 2166 charius
1381 2138 1485 2174 erat,»
1502 2137 1532 2168 id
1550 2141 1609 2173 est,
1628 2138 1729 2177 ipsam
1743 2149 1758 2167 tl
1772 2138 1880 2178 philo-

258 2190 424 2229 sophantis
439 2190 579 2229 speciem
595 2200 609 2217 ιο
635 2193 666 2220 et
681 2196 801 2219 nomen
827 2188 995 2227 amplexus
1019 2191 1083 2224 est;
1110 2191 1142 2219 et
1160 2192 1219 2219 tam
1237 2188 1378 2220 exterius
1397 2199 1491 2229 quam
1514 2190 1664 2228 interius,
1684 2191 1788 2229 «ruri,
1803 2203 1817 2220 υ
1844 2196 1880 2223 ut

255 2243 368 2274 scribit
382 2242 613 2280 Hieronymus,
637 2253 651 2269 ι
665 2241 759 2271 vitam
781 2240 927 2271 monachi
943 2241 1098 2271 exercuit.
1113 2251 1129 2269 ι

298 2296 483 2334 Priusquam
501 2296 575 2326 hinc
599 2295 812 2331 discedamus,
837 2298 866 2325 et
886 2295 1028 2334 Gregorii
1049 2294 1165 2329 locum.
1194 2295 1249 2335 qui
1269 2295 1418 2335 objicitur
1440 2305 1479 2327 ex
1501 2296 1641 2328 carmine
1672 2297 1792 2335 primo,
1825 2306 1879 2327 re-

258 2347 454 2386 linquamus;
487 2355 580 2377 voces
604 2345 746 2386 quaedam
779 2344 984 2383 explananda)
1017 2348 1112 2382 sunt,
1139 2348 1172 2376 ut
1206 2345 1477 2384 vitilitigatoribus
1507 2348 1702 2376 occurratur.
1744 2345 1877 2380 Ἀζύγωνι

256 2401 368 2436 ἄζυγος.
383 2410 397 2426 ι(
413 2399 586 2438 injugatus,
603 2398 749 2432 caelebs,»
768 2398 863 2436 vulgo
881 2397 1047 2428 redditur:
1064 2406 1172 2428 verum
1186 2404 1269 2437 apud
1283 2398 1487 2437 Gregorium,
1504 2398 1558 2438 qui
1575 2398 1656 2429 hanc
1673 2406 1781 2430 vocem
1803 2398 1879 2430 huic

257 2451 325 2481 voci
342 2450 462 2486 μιγάδων
477 2451 622 2490 Opponit,
646 2450 743 2489 accipi
771 2450 865 2481 debet
887 2450 926 2480 de
942 2450 1094 2486 eremita,
1123 2451 1333 2488 anachoreta,
1366 2450 1413 2481 vel
1439 2450 1585 2489 quolibet
1612 2450 1781 2486 monacho,
1818 2450 1876 2489 qui

255 2501 388 2530 omnino
413 2501 501 2531 solus
517 2503 577 2537 est,
598 2509 656 2531 nec
673 2501 773 2530 ullum
802 2500 894 2530 habet
913 2499 1050 2530 socium.
1075 2499 1150 2529 ideo
1176 2500 1378 2530 Bollandistm
1403 2500 1652 2539 interpretantur
1677 2499 1847 2530 Solitarios
1866 2511 1877 2531 :

254 2550 489 2581 Leuvenklaius
511 2551 547 2580 ad
577 2559 673 2588 marg.
697 2558 744 2585 γρ.
761 2549 808 2576 καὶ
825 2548 977 2585 ἐρημικῶν.
1001 2548 1065 2578 Alii

1064 2557 1102 2578 er
1118 2549 1320 2588 interpretari
1335 2557 1443 2580 vocem
1465 2549 1545 2580 hanc
1568 2558 1632 2581 non
1660 2550 1783 2587 sinunt,
1804 2559 1876 2590 qum

254 2601 439 2638 prmcedunt
462 2605 493 2631 et
513 2609 585 2640 quas
604 2606 785 2641 sequuntur
808 2601 840 2631 in
864 2602 1030 2639 Gregorio.
1060 2602 1190 2636 Vereor,
1217 2610 1257 2632 ne
1284 2602 1396 2632 doctus
1416 2602 1607 2634 Sirmundus
1631 2603 1664 2634 in
1677 2603 1746 2634 Vita
1773 2604 1874 2634 saucii

251 2652 412 2683 Theodori
429 2653 572 2690 Studitm,
591 2661 680 2685 num.
697 2655 727 2690 5,
746 2663 775 2693 p.
791 2655 821 2690 7,
839 2654 944 2684 minus
961 2657 1043 2684 recte
1059 2661 1063 2674 ¹

1063 2655 1185 2684 verterit
1204 2655 1269 2685 haec
1279 2655 1372 2685 verba
1391 2665 1398 2685 :
1419 2654 1471 2681 Τοῦ
1483 2653 1641 2681 κοινωνικοῦ
1657 2654 1715 2690 βίου
1731 2654 1776 2681 τὸν
1785 2654 1875 2688 ama

251 2704 484 2741 προτιμήσαντας,
501 2716 514 2733 ι
527 2706 668 2736 caelibem
690 2707 787 2736 vitam
804 2706 951 2745 coniugio
964 2709 1063 2744 antepi

1061 2710 1194 2737 onentes
1211 2717 1218 2735 :
1237 2719 1250 2735 υ
1267 2707 1431 2740 Κοινωνικὺς
1449 2707 1505 2744 βίος
1520 2716 1656 2748 namque
1671 2708 1703 2739 in
1720 2708 1873 2748 Gregorio

251 2757 328 2784 orat.
345 2755 395 2790 21,
412 2764 431 2785 n
450 2756 499 2792 19,
515 2755 555 2786 de
575 2755 637 2786 vita
654 2755 840 2788 coenobitica
855 2760 930 2786 sunt
947 2755 1140 2794 accipienda.

287 2824 323 2861 (Ir)
340 2823 401 2861 Qui.
414 2824 458 2851 lib.
475 2833 505 2855 lt,
521 2833 545 2852 c.
559 2826 586 2853 9.
637 2860 657 2861 η
847 2860 862 2861 η

559 2826 586 2853 9.
637 2860 657 2861 η
847 2860 862 2861 Π
1123 2826 1161 2861 (d)
1177 2828 1224 2854 0r.
1238 2827 1265 2860 2,
1279 2835 1302 2860 p.
1320 2828 1363 2855 59.

287 2859 324 2896 (ρ)
343 2859 416 2896 liam,
433 2861 501 2896 apud
515 2860 592 2896 Boll.,
607 2860 623 2887 9
636 2860 706 2890 Maii.
722 2868 747 2893 ι).
765 2862 827 2889 588.
845 2860 928 2896 Epist.
941 2861 974 2889 nl.
990 2861 1016 2888 9.
1125 2859 1159 2896 (ρ)
1177 2863 1267 2889 Curtii.
1280 2859 1318 2888 De
1327 2864 1378 2890 vita
1392 2872 1450 2891 sua.

288 2893 322 2929 (ε)
341 2894 416 2929 Apud
433 2894 511 2928 Boll.,
528 2895 544 2923 9
557 2895 628 2930 Maii,
646 2904 670 2931 p.
688 2896 747 2924 588.
867 2893 876 2896 ’

557 2895 628 2930 Maii,
646 2904 670 2931 p.
688 2896 747 2924 588.
867 2893 876 2896 ’
1170 2897 1216 2927 0r.
1230 2898 1257 2932 ‘2,
1274 2906 1299 2933 ι).
1317 2898 1359 2926 59.
