2058 3128
169 180 206 208 65
661 179 845 208 PBASFATIO
864 178 1070 207 GENERALiS.
1090 194 1125 200 —-
1143 179 1233 208 PARS
1253 180 1284 208 ΙΙ.
1762 185 1797 213 tis

210 236 350 270 Μιγάδων,
383 235 443 266 alia
477 243 539 268 vox
569 236 758 274 exponenda
801 239 871 271 est,
904 235 930 266 si
959 236 1090 275 quidem
1132 237 1218 266 viros
1251 237 1362 268 doctos
1393 238 1426 268 in
1468 247 1609 271 errorem
1653 241 1793 280 impulit.

169 288 291 323 Μιγάδες
303 288 416 327 accipit
435 288 609 327 Gregorius
625 296 681 325 pro
700 287 888 323 caenobitis;
911 295 976 327 quo
995 296 1092 318 sensu
1111 296 1172 318 vox
1189 288 1241 319 illa
1260 297 1277 319 a
1297 283 1445 328 pluribus
1463 291 1630 329 accipitur,
1658 292 1690 322 in
1711 302 1796 331 quo-

174 349 243 371 rum
258 349 393 371 numero
410 344 485 370 sunt
502 345 631 371 sanctus
647 340 907 379 Chrysostomus,
924 340 1009 371 hom.
1027 341 1060 370 in
1076 340 1173 380 falsos
1187 340 1644 380 prophetas,-Tlteophylactus
1660 342 1692 372 in
1709 343 1799 385 Mar-

172 400 240 421 cum
254 399 280 421 c.
298 400 340 422 ιν,
379 391 470 418 Ἄλλοι
487 391 536 426 μέν
554 391 607 417 εἰσι
626 389 754 425 παρθένοι
777 389 823 416 καὶ
840 389 977 425 ὲρημικοί·
992 389 1066 417 ἄλλοι
1085 390 1197 425 μιγάδες
1211 390 1257 416 καὶ
1274 391 1302 417 ὲν
1320 390 1453 425 κοινοόίῳ⁴
1477 390 1566 426 ἕτεροι
1586 390 1676 417 λαῖκοὶ
1698 391 1745 418 καὶ
1768 391 1797 418 ὲν

171 441 270 477 γάμῳ*
299 442 329 472 id
344 447 403 480 est,
430 454 445 471 α
460 443 522 475 Alii
539 441 670 482 quidem
685 442 826 480 virgines
842 446 918 472 sunt
931 445 961 472 et
980 442 1115 472 solitarii
1134 441 1209 472 :alii
1231 443 1317 473 misti
1335 447 1365 474 et
1380 443 1412 473 in
1434 442 1598 478 coenobio;
1618 450 1728 473 rursus
1742 443 1796 472 alii

171 493 242 524 laici
266 497 297 523 et
322 495 353 523 in
379 492 529 532 conjugio
551 493 707 524 viventes.
722 505 736 521 ιι
767 493 888 523 Verum
908 502 924 524 a
942 493 1032 523 nullo
1051 493 1112 523 alio
1133 493 1251 523 certius
1280 502 1315 523 ac
1335 494 1450 524 melius
1473 493 1597 524 discere
1624 501 1798 531 possumus

174 552 268 583 quam
286 542 325 573 ab
340 542 410 580 ipso
425 541 580 580 Gregorio
601 542 679 581 quid
696 541 877 580 significare
895 541 1035 572 voluerit
1054 550 1130 572 voce
1148 540 1280 576 μιγάδων.
1299 542 1438 572 Primum
1456 542 1586 581 quidem
1604 541 1636 572 in
1653 542 1797 572 oratione

171 592 312 624 secunda
333 601 367 623 n.
387 592 439 626 29,
455 592 642 630 conjugatos
657 600 674 621 a
700 590 944 621 continentibus
960 590 1109 627 secernit,
1130 591 1256 630 hosque
1281 591 1365 621 inter
1383 591 1531 621 eremitas
1550 591 1719 634 coenobith
1744 593 1798 621 aut

174 644 278 676 mistis
297 643 430 683 opponit
448 654 455 674 :
474 643 676 680 «Quantum,
701 644 828 683 inquit,
848 643 1050 674 intervallum
1070 643 1153 674 inter
1169 644 1357 683 conjugatos
1381 646 1411 673 et
1438 642 1615 673 caelibes...
1640 644 1797 679 quantum

171 704 209 726 ex
227 695 278 726 his
292 703 405 725 rursus
421 694 504 725 inter
516 693 664 724 eremitas
681 697 710 724 et
726 693 914 728 cmnobitas.
934 693 989 732 qui
1008 693 1152 731 permisti
1170 693 1384 724 communiter
1400 693 1532 732 degunt,
1545 704 1558 719 π
1576 691 1607 722 id
1624 695 1683 726 est,
1701 690 1799 728 miga-

171 742 239 774 des.
261 743 294 773 In
316 743 460 773 oratione
482 752 539 772 ιιι
573 743 682 772 eadem
706 743 803 773 utitur
821 741 1041 777 distinctione,
1067 742 1122 773 sed
1150 743 1282 773 mutatis
1310 742 1427 779 verbis,
1454 745 1488 772 ut
1513 741 1612 779 magis
1636 740 1800 770 illuccscat

172 791 354 830 oppositio:
384 793 415 819 οι
425 790 476 826 τῆς
489 792 621 828 ἐρημίας.
633 812 640 820 .
653 812 660 819 .
674 812 681 819 .
702 793 726 819 οἱ
740 794 789 828 τῆς
806 791 957 828 ἐπιμιξίας.
975 791 984 822 1

985 792 1010 822 ιη
1028 792 1138 823 eadem
1155 793 1301 824 oratione
1317 792 1466 824 eremitas
1482 799 1536 822 eos
1555 799 1625 821 esse
1641 789 1696 826 ait,
1714 799 1728 817 α
1742 788 1797 828 qui

173 843 268 872 vitam
286 848 416 880 prorsus
439 838 625 874 solitariam,
643 842 673 869 et
686 838 725 869 ab
745 839 912 871 hominum
931 842 1082 873 societate
1101 846 1253 873 remotam
1269 845 1379 880 agunt,
1395 840 1446 872 sui
1464 841 1605 880 ipsarum
1627 842 1748 868 tantum
1767 842 1798 868 et

172 893 231 923 Dei
259 891 420 930 colloquio
446 889 636 927 fruentes”
670 890 789 930 quibus
816 893 950 931 opponit
971 894 1148 925 cmnobitas
1167 905 1174 924 :
1193 894 1275 924 «alii
1301 899 1407 925 autem
1431 892 1594 924 charitatis
1617 891 1719 929 legem
1744 897 1800 926 per

172 943 433 976 communionem
457 945 487 973 et
502 941 686 973 societatem
707 943 862 981 colentes,
880 945 1016 975 solitarii
1042 944 1141 975 simul
1160 950 1190 976 et
1213 945 1380 977 ccenobitae
1396 947 1481 979 sunt,
1494 955 1509 971 ιο
1530 947 1604 980 etc.;
1621 940 1750 977 ἐρημικοε
1768 949 1800 967 τε

172 995 241 1032 ὁμοῦ
264 995 311 1022 καὶ
328 994 449 1030 μιγάδες.
480 993 598 1032 Ecquis
613 993 675 1031 jam
690 993 762 1028 erit,
779 995 833 1033 qui
853 994 984 1024 coenobil

988 1004 1028 1024 .as
1045 994 1147 1026 fuisse
1166 995 1288 1030 μιγάδες,
1308 998 1337 1025 et
1356 993 1544 1032 Gregorium
1559 992 1615 1031 qui
1636 993 1716 1022 inter
1732 999 1800 1021 ere-

173 1047 267 1078 milas
283 1050 313 1078 et
330 1045 470 1084 migades
484 1043 619 1074 mediam
637 1042 710 1072 iniit
734 1043 830 1079 viam,
858 1043 954 1073 vitam
970 1044 1180 1075 monasticam
1209 1043 1394 1076 exercuisse
1414 1043 1599 1083 negaverit?
1625 1041 1691 1072 Nisi
1717 1041 1800 1071 forte

173 1098 228 1137 qui
246 1097 321 1127 velit
336 1096 508 1127 monachos
526 1102 589 1125 non
607 1094 709 1125 fuisse
746 1093 894 1125 eremitas
920 1097 949 1124 et
971 1094 1155 1131 ceenobitas,
1180 1103 1262 1134 quos
1290 1102 1363 1125 cum
1386 1092 1580 1124 Athanasius
1606 1091 1697 1123 exsul
1725 1100 1800 1130 per-

171 1153 297 1189 agraret
311 1149 495 1188 Egyptum,
512 1140 725 1183 consociavit;
741 1154 801 1177 nec
816 1145 924 1176 Basilii
942 1145 1131 1185 discipulos,
1158 1154 1252 1186 quos,
1269 1154 1306 1176 ex
1325 1145 1466 1177 eremitis
1484 1148 1513 1175 et
1529 1143 1707 1182 migadibus
1723 1149 1802 1180 prai-

171 1201 256 1232 clare
270 1199 355 1230 inter
372 1207 407 1229 se
422 1197 645 1235 reconciliatis,
663 1197 886 1235 congregavit;
909 1195 1028 1236 quibus
1050 1196 1143 1227 etiam
1169 1197 1255 1236 leges
1279 1195 1435 1232 condidit,
1458 1194 1610 1226 asceteria
1637 1198 1668 1224 et
1690 1201 1802 1223 mona-

173 1251 268 1283 steria
285 1249 452 1282 exstruxit.

174 1321 188 1358 §
216 1321 270 1352 IV.
304 1328 469 1350 cumsuam
496 1327 653 1349 secusne
682 1326 845 1347 EPISCOPUS
870 1327 1038 1349 HABENDUS
1064 1328 1284 1355 mcennnsous
1313 1328 1361 1350 sn
1386 1327 1584 1355 GRBGORIUS,
1615 1326 1669 1353 QUI
1696 1324 1800 1348 VULGO

614 1366 832 1388 NAZIANZENUS
869 1367 1089 1396 APPELLATUR,
1122 1368 1364 1390 INVESTIGATUR.

212 1421 319 1452 Primo
344 1421 473 1460 quidem
504 1421 696 1452 Sasimensis
720 1422 881 1457 Ecclesiae.
898 1430 970 1460 quas
985 1430 1096 1453 recens
1114 1432 1130 1454 a
1148 1423 1266 1454 Basilio
1286 1423 1379 1454 sedes
1401 1428 1503 1453 erecta
1522 1425 1609 1457 erat,
1630 1420 1800 1460 episcopus

174 1475 380 1502 consecratus
397 1470 461 1502 fuit
477 1471 652 1510 Gregorius
665 1471 704 1502 ab
722 1471 793 1510 ipso
816 1471 934 1502 Basilio
956 1474 987 1502 et
1003 1476 1091 1512 patre
1106 1472 1261 1512 Gregorio
1279 1472 1556 1511 compellentibus.
1574 1472 1657 1502 Huic
1675 1472 1803 1502 ordina-

174 1521 267 1556 tioni,
283 1521 312 1554 si
331 1521 438 1551 minus
453 1521 608 1558 animum,
629 1521 739 1552 saltem
764 1521 922 1552 cervicem
938 1521 1063 1553 inﬂexit
1081 1533 1088 1552 :
1107 1523 1160 1553 sed
1178 1531 1250 1554 cum
1266 1524 1302 1555 ad
1320 1523 1545 1564 capessendam
1562 1522 1671 1553 sedem
1691 1521 1801 1552 nullus

174 1575 295 1610 paterat
324 1572 441 1608 aditus,
467 1579 563 1611 quam
588 1572 711 1603 scilicet
731 1572 907 1604 Anthimus
931 1574 1060 1604 armatis
1087 1573 1244 1605 militibus
1270 1579 1455 1613 occupatam
1481 1574 1641 1609 tuebatur,
1670 1574 1802 1613 abjectis

174 1622 319 1658 Sasimis,
344 1622 375 1652 in
393 1622 601 1653 solitudinem
626 1631 660 1653 se
677 1622 832 1659 contulit;
854 1631 912 1654 nec
936 1623 1152 1660 oblationem,
1175 1633 1234 1655 nec
1260 1625 1512 1661 ordinationem,
1537 1632 1596 1655 nec
1625 1625 1802 1664 quidquam

174 1681 287 1703 eorum
304 1682 376 1712 quas
393 1673 477 1712 apud
505 1673 674 1712 episcopos
705 1673 737 1703 in
761 1680 849 1703 more
874 1678 904 1703 et
921 1673 1070 1704 instituto
1086 1678 1175 1708 sunt,
1201 1674 1334 1705 Sasimis
1354 1675 1491 1714 peregit,
1507 1677 1543 1705 ut
1558 1675 1628 1714 ipse
1645 1678 1802 1710 testatur;

176 1723 233 1754 sed
250 1724 346 1754 simul
362 1728 458 1764 atque
473 1728 678 1755 consecratus
695 1725 742 1753 est
765 1722 936 1762 episcopus
948 1745 957 1760 ,
977 1722 1085 1762 fugam
1101 1732 1197 1762 quam
1216 1724 1324 1755 animo
1339 1728 1539 1763 conceperat,
1556 1724 1703 1763 arripuit.

220 1773 340 1804 Deinde
352 1776 515 1804 revocatus
532 1781 550 1804 e
564 1772 755 1808 solitudine,
773 1772 915 1811 regimen
934 1772 1081 1803 Ecclesiae
1094 1772 1461 1812 Nazianzenaa,jubente
1473 1773 1591 1804 iterum
1616 1777 1716 1812 patre,
1743 1774 1802 1812 qui

175 1835 241 1867 prae
254 1831 343 1858 aetate
358 1826 433 1861 huic
448 1826 708 1858 administrandae
723 1825 826 1864 impar
841 1828 918 1862 erat,
931 1833 1041 1855 verum
1056 1833 1092 1855 ea
1109 1825 1310 1862 conditione,
1328 1828 1361 1856 ut
1378 1828 1504 1856 mortuo
1520 1830 1607 1865 patre
1621 1826 1702 1856 liber
1717 1827 1803 1856 esset

176 1880 266 1910 abire
296 1888 360 1919 quo
390 1880 497 1914 vellet,
527 1878 680 1918 suscepit.
714 1878 790 1908 «Ad
817 1879 913 1909 breve
936 1881 1104 1916 tempus,»
1126 1878 1233 1917 inquit
1257 1878 1326 1917 ipse
1352 1878 1525 1916 Gregorius
1554 1877 1608 1918 (a),
1636 1883 1691 1909 «et
1708 1880 1802 1917 quasi

177 1931 331 1969 hospites,
352 1930 571 1970 praefecturam
589 1931 794 1969 suscepimus
807 1940 815 1960 τ
828 1940 842 1958 ιο
862 1930 983 1967 accepit
999 1929 1142 1969 quidem,
1160 1930 1216 1960 sed
1234 1933 1358 1961 mortuo
1374 1934 1461 1969 patre
1478 1938 1546 1961 eam
1562 1931 1687 1969 abiecit.

215 1982 364 2021 Denique
392 1981 705 2020 Constantinopolim
731 1981 906 2012 accersitus
932 1980 972 2011 ab
996 1981 1156 2020 episcopis
1180 1980 1323 2012 Thracias
1338 1985 1368 2012 et
1390 1982 1590 2019 orthodoxis,
1616 1986 1651 2014 ut
1676 1991 1801 2014 causam

177 2032 250 2062 ﬁdei
266 2037 376 2063 contra
391 2035 570 2070 grassantes
587 2031 713 2071 lateque
729 2031 931 2061 dominantes
948 2032 981 2061 in
999 2032 1083 2070 regia
1097 2032 1225 2064 civitate
1239 2032 1388 2069 Arienos,
1405 2034 1650 2065 Macedonianos
1660 2034 1804 2074 aliasque

178 2084 320 2114 veritatis
338 2088 443 2123 pestes
461 2087 615 2121 tueretur,
634 2092 705 2114 cum
731 2083 929 2121 advenisset,
954 2083 1093 2122 tideique
1118 2092 1245 2115 causam
1271 2084 1480 2122 defendisset,
1504 2085 1669 2117 haereticos
1693 2086 1803 2124 proﬂi-

176 2137 293 2173 gasset,
314 2142 438 2164 errores
452 2133 607 2172 fugasset,
624 2133 795 2172 collapsam
812 2132 905 2163 fidem
927 2133 1135 2170 restituisset,
1152 2136 1182 2164 ct
1197 2133 1343 2165 omnium
1359 2134 1486 2165 animos
1501 2135 1561 2166 sibi
1577 2135 1801 2172 conciliasset;

179 2187 276 2217 totius
300 2185 409 2225 populi
434 2185 576 2225 clerique
595 2193 769 2221 consensu,
797 2189 962 2216 annuente
986 2185 1168 2216 Theodosio
1193 2186 1398 2225 imperatore,
1421 2186 1455 2217 in
1477 2186 1552 2217 sede
1572 2185 1800 2218 Constantino-

180 2238 333 2276 politana,
351 2236 444 2276 pulso
457 2234 663 2275 DemOpbilo,
680 2234 774 2273 pulso
789 2234 883 2266 etiam
897 2234 1050 2270 Maximo,
1064 2243 1129 2266 non
1149 2240 1253 2267 tamen
1269 2243 1451 2275 repugnans
1465 2240 1499 2266 ut
1513 2239 1617 2272 antea,
1629 2235 1804 2267 collocatus

178 2291 225 2318 est
242 2296 260 2318 ει
286 2291 395 2318 sancto
417 2286 561 2323 Meletio,
588 2286 716 2316 concilii
744 2287 924 2325 generalis,
943 2287 1028 2326 quod
1058 2290 1122 2317 tum
1146 2278 1375 2322 celebrabatur,
1403 2286 1548 2326 prmside.
1577 2286 1662 2318 Ortis
1687 2287 1804 2318 deinde

179 2338 320 2379 querelis
335 2338 419 2368 inter
435 2337 618 2378 episcopos,
634 2343 758 2376 arrepta
777 2337 958 2373 occasione,
980 2337 1155 2375 Gregorius
1173 2337 1297 2368 abdicat
1316 2345 1350 2368 se
1365 2337 1561 2377 episcopatu,
1580 2337 1719 2377 effringit
1736 2338 1805 2369 vin-

179 2390 262 2426 aula,
284 2393 315 2420 et
328 2389 444 2428 gaudio
460 2388 603 2427 gestiens
621 2389 754 2427 patriam
773 2390 897 2427 repetit,
916 2393 1021 2428 optata
1039 2389 1212 2420 solitudine
1234 2397 1268 2419 se
1285 2388 1456 2420 fruiturum
1477 2398 1621 2429 sperans.

217 2441 288 2477 Quo
304 2444 460 2478 tempore,
475 2439 756 2479 Constantinopoli
772 2441 893 2477 relicta,
914 2440 944 2470 in
961 2442 1094 2480 patriam
1114 2449 1264 2472 reversus
1283 2446 1331 2472 est
1346 2440 1538 2479 Gregorius,
1559 2442 1662 2473 adhuc
1679 2446 1805 2481 pastore

180 2493 330 2524 destituta
347 2495 412 2523 erat
436 2492 636 2523 Nazianzena
660 2492 817 2528 Ecclesia,
834 2493 1137 2531 Apollinaristarum
1162 2493 1292 2524 insidiis
1309 2496 1432 2532 patens.
1450 2492 1554 2531 Hujus
1573 2492 1716 2531 periculo
1734 2501 1805 2530 per-

182 2547 287 2574 motus
309 2542 496 2581 Gregorius,
513 2543 700 2581 rogantibus
718 2542 880 2582 episcopis
899 2546 929 2573 et
950 2543 1100 2574 universo
1117 2544 1250 2584 populo,
1267 2543 1356 2574 illius
1372 2551 1493 2579 curam,
1509 2543 1612 2574 donec
1630 2544 1806 2582 praeﬁcere-

181 2597 234 2623 tur
249 2592 430 2632 episcopus,
451 2600 484 2622 se
504 2597 732 2631 suscepturum
751 2593 899 2632 promisit
917 2603 924 2623 :
942 2601 1007 2633 quo
1026 2593 1187 2633 praefecto,
1203 2593 1284 2633 fugit
1301 2594 1415 2625 iterum
1437 2595 1469 2626 in
1486 2595 1710 2626 Solitudinem.

220 2643 297 2672 Esto
315 2651 400 2673 nunc
412 2641 572 2681 judicium
589 2641 729 2678 lectoris,
749 2643 917 2682 cuiusnam
943 2643 1095 2674 Ecclesiae
1110 2643 1286 2682 Gregorius
1304 2643 1470 2676 habendus
1488 2649 1520 2676 et
1539 2645 1747 2684 appellandus
1763 2645 1804 2675 sit

181 2695 364 2734 episcopus,
385 2698 415 2724 et
430 2702 469 2724 an
489 2698 553 2725 tres
569 2694 773 2733 episcopatus
796 2694 956 2725 habuerit.
973 2695 1086 2732 Nemo,
1116 2696 1243 2734 Opinor,
1269 2695 1414 2727 dicturus
1431 2698 1476 2727 est
1504 2704 1576 2726 eum
1603 2695 1706 2726 fuisse
1723 2695 1808 2725 Sasi-

182 2745 467 2776 mensis-Ecclesite
486 2746 664 2784 praesulem.
682 2746 773 2777 Certe
791 2747 938 2785 nuspiam
956 2746 1085 2786 scripsit
1101 2746 1278 2786 Gregorius
1294 2756 1328 2778 se
1346 2747 1440 2786 hujus
1451 2747 1603 2778 Ecclesize
1619 2746 1806 2786 cpisc0pum

183 2794 401 2826 renuntiatum
420 2795 534 2833 fuisse,
553 2800 586 2828 ut
604 2796 672 2836 ipse
689 2797 842 2836 loquitur,
859 2801 1031 2836 κηρυχθέντα
1043 2821 1051 2835 ,
1071 2797 1131 2828 hoc
1146 2801 1205 2835 est,
1221 2797 1286 2829 ullo
1304 2797 1452 2838 prmconii
1469 2805 1585 2837 genere
1600 2796 1806 2829 declaratum.

219 2886 258 2923 (a)
280 2888 329 2924 Ep.
345 2889 380 2916 at.
402 2888 447 2916 42.
