2058 3128
265 166 300 195 57
754 166 939 196 PREFATIO
959 167 1074 196 GENER

1080 166 1163 195 ALIS.
1185 183 1220 188 —-
1238 167 1330 196 PARS
1351 167 1383 195 ll.
1858 165 1892 193 68

265 223 475 262 Designatum
501 229 645 263 quidem,
663 223 876 262 prepositum,
893 223 1120 261 inauguratum
1141 222 1236 253 etiam
1268 223 1363 261 hujus
1383 221 1534 253 Ecclesiae
1551 221 1739 261 episcopum
1757 231 1791 254 se
1809 221 1889 254 fate-

267 278 319 303 tur
335 274 366 304 in
382 273 526 304 oratione
549 281 632 304 nona
659 273 892 312 undecimaque
916 272 1033 311 passim
1063 275 1093 303 et
1130 272 1163 302 in
1180 271 1313 310 epistola
1332 271 1373 303 al.
1394 271 1445 302 ιιιι.
1463 283 1478 300 α(
1503 273 1571 304 Non
1591 274 1750 311 Nazianzi,
1774 275 1890 314 inquit,

267 324 324 355 sed
341 324 536 355 Sasirnorum
566 323 760 365 (episcopus)
786 324 978 363 designati,»
997 332 1079 354 seut

1077 324 1183 361 navis,
1198 334 1213 351 α
1227 323 1380 362 propositi
1397 332 1509 355 sumus
1521 335 1528 355 :
1540 338 1554 355 ι
1570 331 1697 367 Σασίμων
1712 332 1742 359 δὲ
1757 331 1889 368 προεϐλή·

265 381 364 417 causa.
387 377 421 407 1d
437 376 522 407 enim
541 376 601 407 hoc
620 377 751 407 verbum
770 385 808 407 eo
830 377 888 407 loci
913 380 1016 410 sonat,
1034 384 1132 406 sensu
1148 375 1267 414 sapius
1286 383 1304 405 a
1323 383 1400 406 voce
1420 376 1610 412 «praedicari
1627 380 1657 408 et
1677 377 1854 407 renuntiari
1872 388 1888 406 ι

266 428 417 463 diverso;
437 427 523 465 quod
542 426 589 457 vel
607 435 645 456 ex
665 425 842 456 Sczomeno
860 429 956 464 patet,
974 425 1063 455 Hist.
1081 424 1135 455 lib.
1156 432 1185 458 ν,
1202 433 1270 462 cap.
1289 424 1321 461 8,
1337 428 1368 455 et
1384 424 1510 456 Socrate
1531 425 1585 456 lib.
1603 435 1634 462 v,
1657 435 1684 457 c.
1706 427 1737 462 8,
1755 435 1812 458 nec
1823 434 1889 458 non

267 483 298 510 et
312 480 393 520 Cyro
410 479 580 519 Prodomo,
599 478 632 508 in
652 479 744 509 titulo
762 479 1029 516 epigrammatum
1046 485 1179 506 suorum
1200 476 1232 506 in
1250 476 1331 507 hanc
1345 476 1582 507 ordinationem
1598 476 1773 515 Gregorii:

612 538 658 570 Εἰς
675 537 822 573 Γρηγόριον
836 536 1054 573 προϐαλλόμενον
1068 536 1108 567 εἰς
1122 535 1243 570 Σάσιμα.

268 590 308 626 At
324 604 431 635 neque
449 594 514 632 hic,
530 604 635 635 neque
653 604 786 634 usquam
803 595 879 626 alibi
898 595 1080 633 episcopum
1093 593 1307 623 Sasirnenseni
1325 593 1541 624 renuntiatum
1559 603 1593 625 se
1602 594 1776 633 Gregorius
1787 593 1887 632 dixit;

264 648 329 678 imo
344 647 520 678 attendenti
539 651 623 678 certo
641 656 774 686 negasse
791 648 926 676 videtur.
945 644 1224 682 Quemadmodum
1241 644 1326 674 enim
1348 644 1499 675 Nazianzi
1519 657 1532 673 ι
1545 646 1760 684 designatum,
1773 657 1788 674 ι
1816 654 1888 685 pro-

265 699 445 738 positumve
461 699 650 738 episcopum
670 697 720 727 hic
737 704 771 726 Se
789 695 894 733 negat,
920 703 955 724 ac
983 693 1179 724 Sasirnorum
1208 693 1343 730 fatetur;
1366 693 1412 724 sic
1430 693 1485 723 ille
1501 693 1658 725 Nazianzo
1675 703 1710 724 se
1727 693 1887 724 renuntias

265 752 332 779 tum
360 749 494 786 epistola
528 748 567 779 al.
592 746 653 778 225
678 749 808 783 fatetur,
822 755 857 776 ac
872 746 910 775 de
927 745 1058 774 Sasirnis
1073 749 1179 782 negat,
1198 752 1335 782 quorum
1354 745 1583 783 «designatum
1603 743 1887 783 propositumque:

264 798 447 837 episcopum
469 798 570 829 fuisse
591 806 662 828 sese
686 800 899 828 concesserat.
919 806 933 823 α
957 795 1021 833 Ego
1038 798 1134 830 certe,
1161 794 1280 833 inquit,
1306 794 1332 824 si
1361 802 1493 832 corpore
1509 794 1639 833 quidem
1666 794 1708 824 ita
1726 800 1775 823 me
1792 792 1889 823 trabea

264 853 343 887 rem,
361 855 394 880 ut
413 849 562 880 Ecclesiae
582 859 707 889 possem
728 848 935 879 Nazianzente
965 854 1112 885 praeesse,
1135 846 1226 885 cujus
1245 845 1284 876 ab
1311 845 1407 876 initio
1427 846 1542 885 praesul
1569 853 1639 874 sum
1668 844 1886 879 renuntiatus,

264 901 372 932 minus
390 905 496 931 autem
525 901 735 936 Sasimorum,
763 905 796 930 ut
821 898 912 928 vobis
940 897 1024 927 haud
1052 900 1136 927 recte
1166 896 1317 926 nonnulli
1345 895 1522 927 suadent.»
1547 895 1622 925 Hrec
1645 897 1723 925 Sunt
1741 893 1888 932 Gregorii

263 951 372 986 verba,
391 959 461 989 quae
481 959 544 980 non
562 951 642 982 bene
660 956 751 981 vetus
769 951 927 986 interpres
944 946 1097 978 reddidit.

301 994 398 1033 Porro
418 1002 495 1032 nihil
520 1003 623 1040 obest,
645 1003 708 1033 imo
726 1000 1011 1040 plurimumjnvat,
1029 996 1300 1027 reuuntiationem
1320 997 1403 1028 illam
1420 1008 1436 1026 ι
1463 996 1501 1027 ab
1517 994 1621 1031 initio,
1640 1002 1697 1025 seu
1715 993 1849 1034 primam
1867 1001 1884 1024 a

263 1044 417 1090 Gregorio
435 1053 553 1089 vocari,
571 1054 642 1083 cum
666 1051 875 1084 Sasimorum,
892 1048 932 1078 ob
955 1055 1026 1086 quae
1051 1046 1190 1085 primum
1218 1046 1255 1077 ad
1279 1047 1499 1086 episcopatum
1515 1050 1712 1085 assumptus,
1736 1045 1888 1084 designa-

263 1107 315 1133 tus
343 1107 415 1133 ante
435 1101 548 1133 fuisset
573 1111 667 1142 quam
692 1100 851 1132 Nazianzo
875 1096 1076 1129 renuutiatus
1095 1106 1103 1126 :
1123 1095 1226 1126 multo
1241 1097 1325 1127 obsit
1352 1097 1460 1127 minus
1479 1097 1518 1126 de
1539 1095 1776 1126 renuntiatione
1794 1095 1887 1126 tacita

263 1157 386 1184 tantum
411 1157 465 1183 aut
491 1161 554 1184 non
578 1153 723 1192 publica;
747 1151 778 1182 id
798 1159 813 1181 a
838 1147 993 1187 Gregorio
1021 1146 1092 1176 aliis
1121 1146 1155 1177 in
1179 1146 1258 1177 locis
1284 1147 1489 1185 explicatum.
1517 1146 1606 1183 Quin
1636 1146 1711 1177 inde
1735 1145 1881 1184 colligas,

263 1204 351 1236 nullo
368 1205 510 1242 Sasimis,
530 1214 590 1236 nec
608 1205 693 1236 taciti
711 1202 855 1243 quidem,
873 1199 992 1231 nedum
1009 1198 1165 1229 solemnis
1192 1207 1307 1237 genere
1328 1199 1477 1238 praeconii
1503 1198 1719 1228 renuntiatum
1737 1208 1746 1228 :
1763 1197 1886 1236 quippe

261 1253 300 1284 de
315 1252 471 1283 Nazianzo
483 1253 630 1283 concedit
645 1251 832 1291 Gregorius,
847 1249 887 1280 de
900 1247 1034 1278 Sasimis
1050 1255 1203 1286 expresse
1220 1252 1331 1286 negat;
1347 1248 1387 1279 de
1400 1248 1465 1279 illis
1479 1248 1621 1281 vicissim
1637 1250 1723 1290 quod
1739 1250 1885 1286 atIirmat,

261 1308 353 1342 negat
369 1304 407 1334 de
421 1303 594 1334 Nazianzo.

302 1353 398 1384 Erant
415 1354 522 1392 itaque
539 1352 656 1383 diversi
674 1350 800 1391 generis
816 1347 1071 1380 renuntiationes
1088 1347 1328 1387 episcoporum,
1346 1349 1480 1387 publicae
1498 1355 1528 1381 et
1544 1352 1706 1383 canonicre
1717 1351 1799 1388 alite,
1815 1350 1887 1381 alia;

260 1412 325 1434 non
342 1403 394 1434 ita.
411 1404 544 1441 Vulgata
560 1412 610 1434 res
627 1407 685 1438 est,
704 1401 842 1432 maxime
856 1399 888 1428 iu
902 1397 1045 1432 Oriente,
1058 1408 1071 1425 (ι

1079 1397 1187 1436 populi
1206 1398 1303 1428 totius
1320 1400 1494 1439 suffragiis,
1506 1413 1520 1428 ι)
1539 1406 1621 1441 ψήφῳ
1633 1405 1680 1432 τοῦ
1693 1405 1757 1432 λαοῦ
1771 1403 1884 1436 παντός.

261 1457 338 1485 tunc
355 1454 506 1492 temporis
525 1454 642 1485 electos
659 1461 730 1483 esse
748 1451 930 1491 episcopos,
954 1449 999 1479 uti
1017 1450 1056 1479 de
1071 1449 1246 1480 Athanasio
1265 1451 1378 1481 scribit
1394 1451 1567 1491 GregOr-ius
1580 1452 1643 1491 (o);
1673 1451 1721 1481 vel
1740 1455 1773 1481 ut
1792 1449 1886 1480 habet

260 1504 432 1535 concilium
446 1503 719 1537 Chalcedonense,
737 1501 862 1532 actione
893 1500 944 1535 16,
960 1510 974 1526 α
988 1500 1219 1538 pascendorum
1238 1500 1383 1530 omnium
1399 1501 1568 1533 calculis.»
1584 1502 1736 1541 Exempla
1755 1500 1885 1538 longius

261 1553 395 1592 petenda
412 1561 476 1583 non
493 1556 566 1582 sunt
584 1563 591 1582 :
610 1552 776 1582 Nectarius
793 1550 825 1580 in
842 1549 917 1580 sede
933 1548 1287 1587 C0ustantin0politana
1311 1550 1466 1590 Gregorio
1482 1553 1674 1591 subrogatus
1690 1555 1750 1587 est,
1767 1561 1782 1578 ι
1797 1558 1885 1581 cum-

260 1603 453 1640 munibus,»
480 1598 586 1643 inquit
605 1605 803 1636 Sozomenus
820 1601 873 1642 (ὁ),
903 1599 1046 1639 «synodi
1071 1601 1277 1639 suifragiisu
1303 1602 1429 1641 ipsique
1456 1602 1806 1642 Constantinopolitani
1830 1602 1886 1632 Pa-

261 1661 324 1687 tres
335 1656 374 1696 (c)
401 1655 465 1686 «ad
493 1656 657 1695 episcopos
684 1657 793 1687 Romae
819 1656 1053 1692 congregatos»
1080 1653 1229 1683 eumdem
1246 1662 1262 1684 a
1277 1663 1312 1684 se
1331 1656 1477 1687 scribunt
1498 1657 1680 1689 ordinatum
1715 1655 1885 1687 «universi

259 1708 336 1739 cieri
353 1708 514 1747 totiusque
529 1706 690 1745 suti‘ragiis
706 1705 855 1739 civitatis,
868 1716 882 1732 ιι
902 1709 1000 1740 παντὸς
1025 1717 1054 1735 τε

1073 1708 1120 1735 τοῦ
1138 1708 1250 1745 κλήρου,
1268 1711 1316 1737 καὶ
1334 1711 1426 1747 πάσης
1454 1713 1689 1750 ἐπιιξκηςριζομένης
1703 1713 1752 1748 τῆς
1768 1712 1882 1743 πόλεως.

259 1762 399 1802 Moxque
415 1761 453 1792 de
469 1761 623 1792 Flaviano
634 1760 855 1791 Antiocheno:
874 1758 1068 1794 «Canonice,
1083 1769 1097 1786 »
1118 1759 1180 1796 vel,
1198 1771 1212 1787 ar
1225 1760 1270 1790 uti
1291 1764 1571 1801 canonesjubent,
1590 1768 1653 1793 tota
1671 1763 1722 1793 illa
1740 1760 1883 1792 Ecclesia

259 1812 472 1851 suffragante,
512 1811 699 1844 ordinarunt
736 1809 879 1848 episcopi
907 1808 995 1839 illius
1029 1808 1202 1846 provincia:
1225 1813 1256 1839 et
1282 1810 1456 1843 diueceseos
1485 1813 1694 1845 Orientalis.»
1711 1817 1746 1845 Οἵ
1771 1825 1803 1843 τε
1833 1817 1883 1852 τῆς

258 1863 392 1900 ἐπαρχίας
412 1864 459 1891 καὶ
480 1865 529 1899 τῆς
551 1863 711 1899 ἀνατολικῆς
730 1862 933 1897 διοικήσεως....
960 1858 1108 1891 κανονικῶς
1123 1859 1328 1897 ἐχειροτόνησαν
1353 1863 1442 1899 πάσης
1470 1864 1616 1900 συμψῆφου
1639 1866 1687 1900 τῆς
1708 1863 1882 1899 Ἐκκλησιας.

257 1909 294 1940 1η
311 1910 447 1941 concilio
463 1909 610 1941 Ciialced.
629 1913 688 1941 act.
705 1909 754 1944 11,
772 1907 950 1946 Stephanus
965 1905 1146 1945 Ephesinus
1167 1915 1202 1937 se
1223 1908 1375 1939 canonice
1389 1909 1524 1940 electum
1545 1911 1665 1949 probat,
1689 1909 1738 1940 his
1756 1910 1861 1940 verbis
1873 1920 1884 1929 ο

258 1962 347 2001 quia,
367 1974 382 1990 α
409 1966 439 1993 et
468 1963 618 2001 populus,
654 1961 771 2001 inquit,
797 1964 827 1991 et
847 1960 962 1995 clerus,
990 1963 1021 1989 et
1039 1958 1227 1998 episcopi,»
1253 1962 1442 2001 episcopum
1461 1971 1511 1993 me
1528 1962 1773 1993 constituerunt.
1796 1962 1882 1992 Idem

259 2011 446 2047 concilium,
468 2015 528 2042 act.
545 2013 595 2047 16,
627 2020 690 2042 non
710 2010 790 2041 alios
808 2011 951 2048 agnoscit
969 2009 1148 2047 episcopus,
1162 2015 1275 2050 praeter
1290 2021 1358 2048 eos,
1383 2023 1398 2040 α
1413 2012 1468 2052 qui
1483 2013 1610 2044 decreto
1628 2013 1708 2044 facto
1723 2022 1738 2044 ει
1756 2012 1882 2044 clericis

260 2060 516 2100 uniuscajusque
536 2061 720 2099 metropolis
739 2063 769 2090 et
790 2060 1041 2098 posscssoribus.
1060 2064 1212 2100 κτητόρων.
1229 2065 1261 2092 et
1278 2062 1466 2094 clarissimis
1485 2064 1573 2100 viris,
1599 2073 1695 2103 super
1720 2064 1786 2095 hrec
1812 2068 1843 2094 et
1865 2072 1881 2094 θ

259 2111 536 2142 reverendissimis
567 2111 725 2150 episcopis
757 2111 927 2150 provincias
956 2113 1108 2144 omnibus
1133 2118 1189 2143 aut
1214 2113 1384 2151 pluribus»
1409 2113 1547 2145 instituti
1571 2119 1657 2146 sunt.
1683 2116 1712 2146 S.
1735 2112 1881 2146 Athana-

258 2163 326 2194 sius
342 2161 386 2202 (ἀ)
403 2161 592 2201 Gregorium
624 2165 716 2199 negat
740 2169 812 2192 esse
838 2161 1024 2200 episcopum
1052 2162 1320 2200 Alexandrinum,
1340 2164 1416 2203 quia
1448 2173 1580 2204 «neque
1607 2164 1690 2203 plebi
1717 2163 1880 2202 cognitus,

258 2222 364 2253 neque
389 2213 568 2252 postulatus
588 2222 604 2243 a
627 2211 822 2251 presbyteris
847 2211 985 2243 fuerat.»
1008 2213 1212 2245 Manifestius
1227 2214 1266 2245 de
1291 2215 1389 2246 Lucio
1407 2215 1628 2247 Theodoretus
1643 2215 1686 2245 ait
1710 2213 1768 2254 (c):
1786 2212 1880 2243 «Non

257 2265 290 2295 in
307 2263 555 2295 orthodoxorum
575 2264 801 2303 episcoporum
821 2264 955 2302 synodo,
975 2273 1039 2295 non
1057 2265 1209 2305 suffragio
1234 2266 1451 2305 legitimorum
1467 2268 1672 2305 clericorum,
1690 2275 1754 2298 non
1771 2269 1882 2304 postu-

257 2314 375 2346 latione
393 2314 507 2354 plebis,
521 2318 558 2345 ut
576 2313 727 2344 Ecclesiae
744 2313 829 2351 leges
845 2313 1046 2351 prmcipiunt,
1064 2315 1233 2346 ordinatus
1250 2319 1309 2347 est.
1329 2327 1344 2344 ιι

296 2367 387 2397 Nunc
404 2374 480 2396 vero
495 2366 535 2396 de
549 2363 781 2396 constituendis
799 2363 1004 2402 erigendisve
1020 2364 1112 2395 novis
1128 2365 1380 2404 episcopalibus,
1403 2367 1500 2398 veluti
1517 2367 1703 2403 Sasimensi.
1727 2368 1763 2398 ad
1781 2375 1878 2405 quem

258 2417 461 2455 potissimum
485 2415 623 2446 collimat
649 2413 714 2445 haec
738 2413 852 2449 oratio,
877 2413 955 2452 quid
979 2414 1088 2445 Patres
1115 2415 1298 2447 deﬁuierint
1326 2421 1360 2448 ut
1387 2421 1524 2453 constet,
1544 2427 1617 2448 ecce
1633 2418 1759 2449 concilii
1777 2418 1882 2448 Sardi-

257 2465 362 2495 censis
379 2473 480 2496 canon
498 2468 629 2495 sextus:
650 2475 664 2491 α
676 2462 850 2494 Provinciae
864 2463 1005 2502 episcopi
1023 2464 1140 2495 debent
1157 2465 1190 2495 in
1207 2465 1246 2496 iis
1265 2466 1398 2497 urbibus
1414 2469 1582 2507 episcopos
1598 2468 1805 2502 constituere,
1822 2467 1878 2498 ubi

257 2515 353 2546 etiam
374 2515 463 2553 prius
481 2514 626 2553 episcopi
643 2513 786 2544 fuerunt.
803 2512 834 2542 Si
850 2515 955 2543 autem
973 2513 1048 2544 urbs
1073 2513 1179 2553 aliqua
1196 2515 1380 2546 inveniatur
1398 2519 1458 2546 tam
1481 2517 1648 2555 populosa,
1665 2519 1699 2547 ut
1720 2516 1787 2556 ipsa
1809 2516 1880 2554 epi-

256 2568 389 2604 scopatu
405 2565 500 2603 digna
515 2564 692 2603 judicetur,
710 2563 854 2602 accipiat,
868 2574 883 2591 »
901 2563 1016 2594 iisdem
1035 2564 1175 2603 profecto
1191 2566 1329 2604 legibus,
1349 2571 1380 2598 et
1396 2576 1413 2598 a
1431 2567 1602 2606 provincias
1626 2567 1878 2606 suifragantibus

255 2615 431 2654 episcopis;
449 2614 536 2654 quod
561 2614 607 2645 vel
624 2613 773 2644 conciliis
790 2612 970 2643 deﬁnitum.
993 2614 1029 2644 lu
1052 2613 1295 2655 Carthaginensi
1318 2617 1474 2654 secundo,
1489 2626 1558 2649 can.
1576 2618 1606 2654 ὅ,
1624 2618 1662 2648 de
1680 2618 1771 2648 novis
1793 2617 1880 2647 sedi-

255 2667 316 2698 bus
333 2666 492 2705 erigendis
517 2665 746 2705 praescribitur,
770 2667 805 2695 ut
834 2675 849 2692 α
863 2666 1002 2703 populus
1018 2666 1077 2698 Dei
1095 2668 1326 2707 multiplicatus
1346 2670 1435 2706 sit;»
1459 2669 1577 2702 deinde
1593 2673 1652 2701 «ut
1668 2670 1879 2701 desiderave-

255 2717 334 2755 rit,»
356 2726 413 2748 seu
430 2716 638 2756 postulaverit
652 2716 862 2756 episcopum;
879 2720 945 2747 tum
969 2721 1004 2749 ut
1029 2718 1080 2749 ﬁat
1100 2730 1114 2747 α
1126 2728 1197 2751 cum
1218 2720 1288 2759 ejus
1303 2721 1469 2753 voluntate
1485 2722 1518 2753 in
1535 2722 1627 2762 cujus
1654 2725 1811 2762 potestate
1828 2723 1880 2753 est

289 2798 328 2836 (ᾳ)
348 2798 422 2836 Qrat.
437 2798 487 2836 21,
505 2808 532 2834 p.
548 2799 612 2836 δέξο.
1127 2801 1165 2836 (d)
1185 2800 1262 2834 Apol.
1276 2801 1303 2829 2.

290 2833 327 2872 (ὁ)
346 2833 419 2872 yisl.
437 2833 519 2872 I._vtl',
534 2842 559 2862 c.
574 2835 616 2872 'l._
663 2869 678 2872 η
806 2871 810 2872 7
846 2868 862 2872 _
974 2870 984 2872 _
995 2870 1020 2872 Η
1127 2833 1161 2871 (ε)
1183 2833 1255 2864 "in.
1270 2836 1314 2865 lib.
1327 2845 1365 2872 ιν,
1379 2845 1403 2866 c.
1419 2837 1466 2866 22.

288 2869 324 2903 (c)
344 2867 425 2896 Coac.
444 2869 536 2898 Const.
555 2877 578 2903 ι,
597 2869 644 2904 Ep.
662 2869 738 2905 Sym,
757 2874 777 2898 ι.
790 2871 823 2903 ιι.
841 2868 923 2900 Cone.
937 2870 1034 2906 p.966.

810 2872 823 2901 ζ.
841 2868 923 2900 σωκ.
937 2870 1034 2906 p.966.
1134 2867 1138 2869 ’
1153 2867 1157 2871 ’
1359 2867 1365 2872 ’
1611 2887 1622 2905 r-
