  <div class='ocr_page' id='page_1' title='image "/cluster/home/n/w/nwhite01/storage/ocr_20150623/35/njp.32101077772554/044.png"; bbox 0 0 2058 3128; ppageno 0'>
   <div class='ocr_carea' id='block_1_1' title="bbox 154 178 966 211">
    <p class='ocr_par' dir='ltr' id='par_1_1' title="bbox 154 178 966 211">
     <span class='ocr_line' id='line_1_1' title="bbox 154 178 966 211; baseline -0.012 4"><span class='ocrx_word' id='word_1_1' title='bbox 154 182 190 211; x_wconf 71' lang='grc'><strong>09</strong></span> <span class='ocrx_word' id='word_1_2' title='bbox 647 179 834 209; x_wconf 63' lang='grc' dir='ltr'><strong>ΡΒΕΕΔΤΙΟ</strong></span> <span class='ocrx_word' id='word_1_3' title='bbox 855 178 966 207; x_wconf 70' lang='lat' dir='ltr'><strong>GENEE</strong></span> 
     </span>
    </p>
   </div>
   <div class='ocr_carea' id='block_1_2' title="bbox 973 178 1785 211">
    <p class='ocr_par' dir='ltr' id='par_1_2' title="bbox 974 179 1785 210">
     <span class='ocr_line' id='line_1_2' title="bbox 974 179 1785 210; baseline 0.005 -4"><span class='ocrx_word' id='word_1_4' title='bbox 974 179 1062 207; x_wconf 82' lang='lat' dir='ltr'><strong>ALIS.</strong></span> <span class='ocrx_word' id='word_1_5' title='bbox 1081 195 1116 201; x_wconf 89' lang='lat'><strong>-—</strong></span> <span class='ocrx_word' id='word_1_6' title='bbox 1134 180 1223 209; x_wconf 80' lang='lat' dir='ltr'><strong>PARS</strong></span> <span class='ocrx_word' id='word_1_7' title='bbox 1242 181 1274 209; x_wconf 85' lang='lat' dir='ltr'><strong>ll.</strong></span> <span class='ocrx_word' id='word_1_8' title='bbox 1340 184 1347 191; x_wconf 79' lang='lat'><strong><em>‘</em></strong></span> <span class='ocrx_word' id='word_1_9' title='bbox 1750 182 1785 210; x_wconf 81' lang='lat'><strong>70</strong></span> 
     </span>
    </p>
   </div>
   <div class='ocr_carea' id='block_1_3' title="bbox 154 237 1780 279">
    <p class='ocr_par' dir='ltr' id='par_1_3' title="bbox 154 237 1780 279">
     <span class='ocr_line' id='line_1_3' title="bbox 154 237 1780 279; baseline -0.002 -5"><span class='ocrx_word' id='word_1_10' title='bbox 154 241 312 274; x_wconf 74' lang='lat' dir='ltr'><strong>dimcesis.</strong></span> <span class='ocrx_word' id='word_1_11' title='bbox 323 252 338 270; x_wconf 87' lang='grc' dir='ltr'><strong>ιι</strong></span> <span class='ocrx_word' id='word_1_12' title='bbox 357 239 534 272; x_wconf 85' lang='lat' dir='ltr'><strong>Concilium</strong></span> <span class='ocrx_word' id='word_1_13' title='bbox 551 239 648 278; x_wconf 75' lang='lat' dir='ltr'><strong>vulgo</strong></span> <span class='ocrx_word' id='word_1_14' title='bbox 663 239 786 271; x_wconf 90' lang='lat' dir='ltr'><strong>dictum</strong></span> <span class='ocrx_word' id='word_1_15' title='bbox 802 237 988 269; x_wconf 84' lang='lat' dir='ltr'><strong>Africanum</strong></span> <span class='ocrx_word' id='word_1_16' title='bbox 1004 237 1142 276; x_wconf 87' lang='lat' dir='ltr'><strong>addit(a)</strong></span> <span class='ocrx_word' id='word_1_17' title='bbox 1160 248 1168 268; x_wconf 88' lang='lat'><strong>:</strong></span> <span class='ocrx_word' id='word_1_18' title='bbox 1184 248 1198 265; x_wconf 77' lang='grc' dir='ltr'>α</span> <span class='ocrx_word' id='word_1_19' title='bbox 1210 237 1332 268; x_wconf 77' lang='lat' dir='ltr'><strong>Placuit</strong></span> <span class='ocrx_word' id='word_1_20' title='bbox 1349 241 1383 268; x_wconf 91' lang='lat' dir='ltr'><strong>ut</strong></span> <span class='ocrx_word' id='word_1_21' title='bbox 1395 237 1515 276; x_wconf 85' lang='lat' dir='ltr'><strong>plebes,</strong></span> <span class='ocrx_word' id='word_1_22' title='bbox 1529 247 1601 279; x_wconf 83' lang='lat' dir='ltr'><strong>quea</strong></span> <span class='ocrx_word' id='word_1_23' title='bbox 1614 248 1780 279; x_wconf 84' lang='lat' dir='ltr'><strong>nunquam</strong></span> 
     </span>
    </p>
   </div>
   <div class='ocr_carea' id='block_1_4' title="bbox 155 289 1777 331">
    <p class='ocr_par' dir='ltr' id='par_1_4' title="bbox 155 289 1777 331">
     <span class='ocr_line' id='line_1_4' title="bbox 155 289 1777 331; baseline -0.001 -8"><span class='ocrx_word' id='word_1_24' title='bbox 155 292 337 324; x_wconf 87' lang='lat' dir='ltr'><strong>habuerunt</strong></span> <span class='ocrx_word' id='word_1_25' title='bbox 353 291 499 331; x_wconf 86' lang='lat' dir='ltr'><strong>proprios</strong></span> <span class='ocrx_word' id='word_1_26' title='bbox 515 291 699 331; x_wconf 83' lang='lat' dir='ltr'><strong>episcopos,</strong></span> <span class='ocrx_word' id='word_1_27' title='bbox 715 291 778 321; x_wconf 89' lang='lat' dir='ltr'><strong>nisi</strong></span> <span class='ocrx_word' id='word_1_28' title='bbox 797 299 837 322; x_wconf 86' lang='lat' dir='ltr'><strong>ex</strong></span> <span class='ocrx_word' id='word_1_29' title='bbox 863 289 1007 330; x_wconf 88' lang='lat' dir='ltr'><strong>plenario</strong></span> <span class='ocrx_word' id='word_1_30' title='bbox 1030 290 1169 320; x_wconf 86' lang='lat' dir='ltr'><strong>concilio</strong></span> <span class='ocrx_word' id='word_1_31' title='bbox 1194 289 1452 329; x_wconf 81' lang='lat' dir='ltr'><strong>uniuscujusque</strong></span> <span class='ocrx_word' id='word_1_32' title='bbox 1467 291 1643 330; x_wconf 62' lang='lat' dir='ltr'><strong>provinciae</strong></span> <span class='ocrx_word' id='word_1_33' title='bbox 1660 295 1691 322; x_wconf 90' lang='lat' dir='ltr'><strong>et</strong></span> <span class='ocrx_word' id='word_1_34' title='bbox 1707 291 1777 330; x_wconf 86' lang='lat' dir='ltr'><strong>pri-</strong></span> 
     </span>
    </p>
   </div>
   <div class='ocr_carea' id='block_1_5' title="bbox 156 340 1781 381">
    <p class='ocr_par' dir='ltr' id='par_1_5' title="bbox 156 340 1781 381">
     <span class='ocr_line' id='line_1_5' title="bbox 156 340 1781 381; baseline -0.001 -7"><span class='ocrx_word' id='word_1_35' title='bbox 156 343 263 377; x_wconf 82' lang='lat' dir='ltr'><strong>matis,</strong></span> <span class='ocrx_word' id='word_1_36' title='bbox 278 345 375 381; x_wconf 86' lang='lat' dir='ltr'><strong>atque</strong></span> <span class='ocrx_word' id='word_1_37' title='bbox 388 350 549 373; x_wconf 89' lang='lat' dir='ltr'><strong>consensu</strong></span> <span class='ocrx_word' id='word_1_38' title='bbox 566 341 638 381; x_wconf 86' lang='lat' dir='ltr'><strong>ejus</strong></span> <span class='ocrx_word' id='word_1_39' title='bbox 661 342 699 372; x_wconf 89' lang='lat' dir='ltr'><strong>ad</strong></span> <span class='ocrx_word' id='word_1_40' title='bbox 719 341 811 380; x_wconf 90' lang='lat' dir='ltr'><strong>cujus</strong></span> <span class='ocrx_word' id='word_1_41' title='bbox 830 340 995 372; x_wconf 72' lang='lat' dir='ltr'><strong>dimcesim</strong></span> <span class='ocrx_word' id='word_1_42' title='bbox 1014 341 1124 371; x_wconf 86' lang='lat' dir='ltr'><strong>eadem</strong></span> <span class='ocrx_word' id='word_1_43' title='bbox 1143 340 1286 371; x_wconf 83' lang='lat' dir='ltr'><strong>Ecclesia</strong></span> <span class='ocrx_word' id='word_1_44' title='bbox 1314 341 1507 380; x_wconf 89' lang='lat' dir='ltr'><strong>pertinebat,</strong></span> <span class='ocrx_word' id='word_1_45' title='bbox 1524 342 1689 373; x_wconf 87' lang='lat' dir='ltr'><strong>decretum</strong></span> <span class='ocrx_word' id='word_1_46' title='bbox 1707 340 1781 372; x_wconf 85' lang='lat' dir='ltr'><strong>fue-</strong></span> 
     </span>
    </p>
   </div>
   <div class='ocr_carea' id='block_1_6' title="bbox 155 392 1782 432">
    <p class='ocr_par' dir='ltr' id='par_1_6' title="bbox 155 392 1782 432">
     <span class='ocr_line' id='line_1_6' title="bbox 155 392 1782 432; baseline 0 -8"><span class='ocrx_word' id='word_1_47' title='bbox 155 393 206 430; x_wconf 90' lang='lat' dir='ltr'><strong>rit,</strong></span> <span class='ocrx_word' id='word_1_48' title='bbox 231 394 365 424; x_wconf 89' lang='lat' dir='ltr'><strong>minime</strong></span> <span class='ocrx_word' id='word_1_49' title='bbox 380 393 576 432; x_wconf 74' lang='lat' dir='ltr'><strong>accipiant.»</strong></span> <span class='ocrx_word' id='word_1_50' title='bbox 599 393 650 424; x_wconf 82' lang='lat' dir='ltr'><strong>Ad</strong></span> <span class='ocrx_word' id='word_1_51' title='bbox 676 394 890 425; x_wconf 84' lang='lat' dir='ltr'><strong>conﬁrmanda</strong></span> <span class='ocrx_word' id='word_1_52' title='bbox 910 392 977 423; x_wconf 60' lang='lat' dir='ltr'><strong>hac</strong></span> <span class='ocrx_word' id='word_1_53' title='bbox 993 392 1102 423; x_wconf 87' lang='lat' dir='ltr'><strong>omnia</strong></span> <span class='ocrx_word' id='word_1_54' title='bbox 1120 392 1170 423; x_wconf 88' lang='lat' dir='ltr'><strong>vel</strong></span> <span class='ocrx_word' id='word_1_55' title='bbox 1195 392 1355 423; x_wconf 84' lang='lat' dir='ltr'><strong>suﬂiceret</strong></span> <span class='ocrx_word' id='word_1_56' title='bbox 1374 392 1508 431; x_wconf 90' lang='lat' dir='ltr'><strong>epistola</strong></span> <span class='ocrx_word' id='word_1_57' title='bbox 1523 393 1683 432; x_wconf 81' lang='lat' dir='ltr'><strong>Gregorii,</strong></span> <span class='ocrx_word' id='word_1_58' title='bbox 1702 393 1782 425; x_wconf 86' lang='lat' dir='ltr'><strong>alias</strong></span> 
     </span>
    </p>
   </div>
   <div class='ocr_carea' id='block_1_7' title="bbox 153 443 1782 483">
    <p class='ocr_par' dir='ltr' id='par_1_7' title="bbox 153 443 1782 483">
     <span class='ocr_line' id='line_1_7' title="bbox 153 443 1782 483; baseline 0 -9"><span class='ocrx_word' id='word_1_59' title='bbox 153 444 204 478; x_wconf 78' lang='lat'><strong>2&#39;2,</strong></span> <span class='ocrx_word' id='word_1_60' title='bbox 235 443 289 474; x_wconf 90' lang='lat' dir='ltr'><strong>ubi</strong></span> <span class='ocrx_word' id='word_1_61' title='bbox 305 443 343 474; x_wconf 89' lang='lat' dir='ltr'><strong>de</strong></span> <span class='ocrx_word' id='word_1_62' title='bbox 374 444 492 474; x_wconf 76' lang='lat' dir='ltr'><strong>Basilii</strong></span> <span class='ocrx_word' id='word_1_63' title='bbox 510 444 617 483; x_wconf 76' lang='lat' dir='ltr'><strong>Magni</strong></span> <span class='ocrx_word' id='word_1_64' title='bbox 634 444 793 475; x_wconf 79' lang='lat' dir='ltr'><strong>electione</strong></span> <span class='ocrx_word' id='word_1_65' title='bbox 810 455 818 474; x_wconf 87' lang='lat'><strong>:</strong></span> <span class='ocrx_word' id='word_1_66' title='bbox 837 444 892 474; x_wconf 90' lang='lat' dir='ltr'><strong>sed</strong></span> <span class='ocrx_word' id='word_1_67' title='bbox 909 443 946 473; x_wconf 90' lang='lat' dir='ltr'><strong>ad</strong></span> <span class='ocrx_word' id='word_1_68' title='bbox 973 443 1177 474; x_wconf 84' lang='lat' dir='ltr'><strong>astruendam</strong></span> <span class='ocrx_word' id='word_1_69' title='bbox 1197 443 1412 474; x_wconf 90' lang='lat' dir='ltr'><strong>Occidentalis</strong></span> <span class='ocrx_word' id='word_1_70' title='bbox 1439 444 1590 475; x_wconf 63' lang='lat' dir='ltr'><strong>Ecclesia</strong></span> <span class='ocrx_word' id='word_1_71' title='bbox 1613 444 1669 475; x_wconf 90' lang='lat' dir='ltr'><strong>hac</strong></span> <span class='ocrx_word' id='word_1_72' title='bbox 1692 443 1724 474; x_wconf 93' lang='lat' dir='ltr'><strong>in</strong></span> <span class='ocrx_word' id='word_1_73' title='bbox 1747 452 1782 474; x_wconf 90' lang='lat' dir='ltr'><strong>re</strong></span> 
     </span>
    </p>
   </div>
   <div class='ocr_carea' id='block_1_8' title="bbox 153 493 1780 534">
    <p class='ocr_par' dir='ltr' id='par_1_8' title="bbox 153 493 1780 534">
     <span class='ocr_line' id='line_1_8' title="bbox 153 493 1780 534; baseline 0.001 -10"><span class='ocrx_word' id='word_1_74' title='bbox 153 503 225 524; x_wconf 89' lang='lat' dir='ltr'><strong>cum</strong></span> <span class='ocrx_word' id='word_1_75' title='bbox 244 493 399 525; x_wconf 85' lang='lat' dir='ltr'><strong>Orientali</strong></span> <span class='ocrx_word' id='word_1_76' title='bbox 419 494 683 529; x_wconf 88' lang='lat' dir='ltr'><strong>consensionem,</strong></span> <span class='ocrx_word' id='word_1_77' title='bbox 705 493 859 525; x_wconf 89' lang='lat' dir='ltr'><strong>Sidonius</strong></span> <span class='ocrx_word' id='word_1_78' title='bbox 877 493 1086 532; x_wconf 82' lang='lat' dir='ltr'><strong>Apollinaris,</strong></span> <span class='ocrx_word' id='word_1_79' title='bbox 1103 494 1158 524; x_wconf 86' lang='lat' dir='ltr'><strong>lib.</strong></span> <span class='ocrx_word' id='word_1_80' title='bbox 1177 502 1219 529; x_wconf 83' lang='grc' dir='ltr'><strong>ιν,</strong></span> <span class='ocrx_word' id='word_1_81' title='bbox 1242 502 1294 533; x_wconf 90' lang='lat' dir='ltr'><strong>ep.</strong></span> <span class='ocrx_word' id='word_1_82' title='bbox 1313 495 1364 528; x_wconf 77' lang='lat'><strong>25,</strong></span> <span class='ocrx_word' id='word_1_83' title='bbox 1381 497 1411 524; x_wconf 89' lang='lat' dir='ltr'><strong>et</strong></span> <span class='ocrx_word' id='word_1_84' title='bbox 1427 494 1483 524; x_wconf 86' lang='lat' dir='ltr'><strong>lib.</strong></span> <span class='ocrx_word' id='word_1_85' title='bbox 1503 503 1533 530; x_wconf 80' lang='grc' dir='ltr'><strong>ν,</strong></span> <span class='ocrx_word' id='word_1_86' title='bbox 1550 503 1600 534; x_wconf 90' lang='lat' dir='ltr'><strong>ep.</strong></span> <span class='ocrx_word' id='word_1_87' title='bbox 1619 495 1650 528; x_wconf 80' lang='grc'><strong>5,</strong></span> <span class='ocrx_word' id='word_1_88' title='bbox 1669 494 1689 524; x_wconf 92' lang='grc'>8</span> <span class='ocrx_word' id='word_1_89' title='bbox 1704 498 1734 525; x_wconf 90' lang='lat' dir='ltr'><strong>et</strong></span> <span class='ocrx_word' id='word_1_90' title='bbox 1749 495 1780 534; x_wconf 86' lang='lat'><strong>9,</strong></span> 
     </span>
    </p>
   </div>
   <div class='ocr_carea' id='block_1_9' title="bbox 153 543 1781 584">
    <p class='ocr_par' dir='ltr' id='par_1_9' title="bbox 153 543 1781 584">
     <span class='ocr_line' id='line_1_9' title="bbox 153 543 1781 584; baseline 0 -10"><span class='ocrx_word' id='word_1_91' title='bbox 153 543 251 582; x_wconf 81' lang='lat' dir='ltr'><strong>hujus</strong></span> <span class='ocrx_word' id='word_1_92' title='bbox 267 544 517 576; x_wconf 82' lang='lat' dir='ltr'><strong>renuntiationis</strong></span> <span class='ocrx_word' id='word_1_93' title='bbox 548 545 714 584; x_wconf 89' lang='lat' dir='ltr'><strong>specimen</strong></span> <span class='ocrx_word' id='word_1_94' title='bbox 741 544 871 575; x_wconf 80' lang='lat' dir='ltr'><strong>exhibet</strong></span> <span class='ocrx_word' id='word_1_95' title='bbox 890 555 898 574; x_wconf 95' lang='lat'><strong>:</strong></span> <span class='ocrx_word' id='word_1_96' title='bbox 916 556 930 573; x_wconf 71' lang='grc' dir='ltr'><strong><em>α</em></strong></span> <span class='ocrx_word' id='word_1_97' title='bbox 945 545 982 575; x_wconf 89' lang='lat' dir='ltr'><strong>In</strong></span> <span class='ocrx_word' id='word_1_98' title='bbox 1012 544 1141 575; x_wconf 87' lang='lat' dir='ltr'><strong>nomine</strong></span> <span class='ocrx_word' id='word_1_99' title='bbox 1161 544 1276 579; x_wconf 79' lang='lat' dir='ltr'><strong>Patris,</strong></span> <span class='ocrx_word' id='word_1_100' title='bbox 1304 548 1334 574; x_wconf 89' lang='lat' dir='ltr'><strong>et</strong></span> <span class='ocrx_word' id='word_1_101' title='bbox 1354 544 1441 579; x_wconf 85' lang='lat' dir='ltr'><strong>Filii,</strong></span> <span class='ocrx_word' id='word_1_102' title='bbox 1460 548 1490 574; x_wconf 90' lang='lat' dir='ltr'><strong>et</strong></span> <span class='ocrx_word' id='word_1_103' title='bbox 1505 545 1645 582; x_wconf 85' lang='lat' dir='ltr'><strong>Spiritus</strong></span> <span class='ocrx_word' id='word_1_104' title='bbox 1661 546 1781 579; x_wconf 85' lang='lat' dir='ltr'><strong>sancti,</strong></span> 
     </span>
    </p>
   </div>
   <div class='ocr_carea' id='block_1_10' title="bbox 153 595 1781 636">
    <p class='ocr_par' dir='ltr' id='par_1_10' title="bbox 153 595 1781 636">
     <span class='ocr_line' id='line_1_10' title="bbox 153 595 1781 636; baseline 0 -10"><span class='ocrx_word' id='word_1_105' title='bbox 153 595 337 634; x_wconf 82' lang='lat' dir='ltr'><strong>Simplicius</strong></span> <span class='ocrx_word' id='word_1_106' title='bbox 355 600 415 633; x_wconf 89' lang='lat' dir='ltr'><strong>est,</strong></span> <span class='ocrx_word' id='word_1_107' title='bbox 433 605 530 636; x_wconf 84' lang='lat' dir='ltr'><strong>quem</strong></span> <span class='ocrx_word' id='word_1_108' title='bbox 557 595 731 635; x_wconf 68' lang='lat' dir='ltr'><strong>provincia)</strong></span> <span class='ocrx_word' id='word_1_109' title='bbox 752 599 870 627; x_wconf 59' lang='lat' dir='ltr'><strong>nostra;</strong></span> <span class='ocrx_word' id='word_1_110' title='bbox 897 596 1197 635; x_wconf 81' lang='lat' dir='ltr'><strong>metropolitanum,</strong></span> <span class='ocrx_word' id='word_1_111' title='bbox 1221 595 1344 627; x_wconf 80' lang='lat' dir='ltr'><strong>civitati</strong></span> <span class='ocrx_word' id='word_1_112' title='bbox 1369 599 1481 627; x_wconf 77' lang='lat' dir='ltr'><strong>vestrae</strong></span> <span class='ocrx_word' id='word_1_113' title='bbox 1496 596 1673 636; x_wconf 88' lang='lat' dir='ltr'><strong>(Bituricis)</strong></span> <span class='ocrx_word' id='word_1_114' title='bbox 1689 605 1781 626; x_wconf 92' lang='lat' dir='ltr'><strong>sum—</strong></span> 
     </span>
    </p>
   </div>
   <div class='ocr_carea' id='block_1_11' title="bbox 152 646 1779 689">
    <p class='ocr_par' dir='ltr' id='par_1_11' title="bbox 152 646 1779 689">
     <span class='ocr_line' id='line_1_11' title="bbox 152 646 1779 689; baseline 0.001 -11"><span class='ocrx_word' id='word_1_115' title='bbox 152 656 239 678; x_wconf 91' lang='lat' dir='ltr'><strong>mum</strong></span> <span class='ocrx_word' id='word_1_116' title='bbox 258 647 454 679; x_wconf 82' lang='lat' dir='ltr'><strong>sacerdotem</strong></span> <span class='ocrx_word' id='word_1_117' title='bbox 473 648 541 679; x_wconf 85' lang='lat' dir='ltr'><strong>fieri</strong></span> <span class='ocrx_word' id='word_1_118' title='bbox 557 648 673 679; x_wconf 86' lang='lat' dir='ltr'><strong>debere</strong></span> <span class='ocrx_word' id='word_1_119' title='bbox 693 648 867 688; x_wconf 90' lang='lat' dir='ltr'><strong>(Sidonius)</strong></span> <span class='ocrx_word' id='word_1_120' title='bbox 891 649 1079 688; x_wconf 89' lang='lat' dir='ltr'><strong>pronuntio.</strong></span> <span class='ocrx_word' id='word_1_121' title='bbox 1124 646 1415 679; x_wconf 87' lang='lat' dir='ltr'><strong>Proclamationum</strong></span> <span class='ocrx_word' id='word_1_122' title='bbox 1447 647 1621 685; x_wconf 85' lang='lat' dir='ltr'><strong>formulas,</strong></span> <span class='ocrx_word' id='word_1_123' title='bbox 1638 657 1703 689; x_wconf 89' lang='lat' dir='ltr'><strong>quo</strong></span> <span class='ocrx_word' id='word_1_124' title='bbox 1719 656 1779 679; x_wconf 80' lang='lat' dir='ltr'><strong>no-</strong></span> 
     </span>
    </p>
   </div>
   <div class='ocr_carea' id='block_1_12' title="bbox 151 697 1782 739">
    <p class='ocr_par' dir='ltr' id='par_1_12' title="bbox 151 697 1782 739">
     <span class='ocr_line' id='line_1_12' title="bbox 151 697 1782 739; baseline 0 -9"><span class='ocrx_word' id='word_1_125' title='bbox 151 698 239 730; x_wconf 89' lang='lat' dir='ltr'><strong>mine</strong></span> <span class='ocrx_word' id='word_1_126' title='bbox 256 698 393 738; x_wconf 84' lang='lat' dir='ltr'><strong>appellat</strong></span> <span class='ocrx_word' id='word_1_127' title='bbox 416 700 574 736; x_wconf 77' lang='lat' dir='ltr'><strong>Marinus,</strong></span> <span class='ocrx_word' id='word_1_128' title='bbox 591 699 750 738; x_wconf 84' lang='lat' dir='ltr'><strong>plurimas</strong></span> <span class='ocrx_word' id='word_1_129' title='bbox 773 699 842 737; x_wconf 89' lang='lat' dir='ltr'><strong>ipse</strong></span> <span class='ocrx_word' id='word_1_130' title='bbox 860 699 1054 739; x_wconf 81' lang='lat' dir='ltr'><strong>suppeditat,</strong></span> <span class='ocrx_word' id='word_1_131' title='bbox 1077 699 1121 729; x_wconf 79' lang='lat' dir='ltr'><strong>De</strong></span> <span class='ocrx_word' id='word_1_132' title='bbox 1142 708 1207 730; x_wconf 82' lang='lat' dir='ltr'><strong>mc.</strong></span> <span class='ocrx_word' id='word_1_133' title='bbox 1238 697 1344 729; x_wconf 80' lang='lat' dir='ltr'><strong>ordin.</strong></span> <span class='ocrx_word' id='word_1_134' title='bbox 1364 707 1468 730; x_wconf 87' lang='lat' dir='ltr'><strong>exerc.</strong></span> <span class='ocrx_word' id='word_1_135' title='bbox 1486 700 1515 736; x_wconf 83' lang='grc'><strong>1,</strong></span> <span class='ocrx_word' id='word_1_136' title='bbox 1532 709 1559 730; x_wconf 91' lang='lat' dir='ltr'><strong>c.</strong></span> <span class='ocrx_word' id='word_1_137' title='bbox 1576 701 1606 730; x_wconf 86' lang='lat'><strong>3.</strong></span> <span class='ocrx_word' id='word_1_138' title='bbox 1622 700 1782 738; x_wconf 78' lang='lat' dir='ltr'><strong>Insignior</strong></span> 
     </span>
    </p>
   </div>
   <div class='ocr_carea' id='block_1_13' title="bbox 151 750 1780 791">
    <p class='ocr_par' dir='ltr' id='par_1_13' title="bbox 151 750 1780 791">
     <span class='ocr_line' id='line_1_13' title="bbox 151 750 1780 791; baseline 0.002 -11"><span class='ocrx_word' id='word_1_139' title='bbox 151 754 258 781; x_wconf 88' lang='lat' dir='ltr'><strong>autem</strong></span> <span class='ocrx_word' id='word_1_140' title='bbox 275 750 327 781; x_wconf 88' lang='lat' dir='ltr'><strong>illa</strong></span> <span class='ocrx_word' id='word_1_141' title='bbox 351 753 410 787; x_wconf 88' lang='lat' dir='ltr'><strong>est,</strong></span> <span class='ocrx_word' id='word_1_142' title='bbox 429 759 523 789; x_wconf 90' lang='lat' dir='ltr'><strong>quam</strong></span> <span class='ocrx_word' id='word_1_143' title='bbox 542 759 580 781; x_wconf 91' lang='lat' dir='ltr'><strong>ex</strong></span> <span class='ocrx_word' id='word_1_144' title='bbox 597 750 804 790; x_wconf 81' lang='lat' dir='ltr'><strong>Euchologio</strong></span> <span class='ocrx_word' id='word_1_145' title='bbox 832 751 958 791; x_wconf 67' lang='lat' dir='ltr'><strong>Cryptaa</strong></span> <span class='ocrx_word' id='word_1_146' title='bbox 981 752 1117 782; x_wconf 75' lang='lat' dir='ltr'><strong>Ferratte</strong></span> <span class='ocrx_word' id='word_1_147' title='bbox 1136 751 1223 782; x_wconf 89' lang='lat' dir='ltr'><strong>idem</strong></span> <span class='ocrx_word' id='word_1_148' title='bbox 1251 750 1370 790; x_wconf 80' lang='lat' dir='ltr'><strong>profert</strong></span> <span class='ocrx_word' id='word_1_149' title='bbox 1387 761 1396 781; x_wconf 88' lang='lat'><strong>:</strong></span> <span class='ocrx_word' id='word_1_150' title='bbox 1414 762 1429 779; x_wconf 75' lang='grc' dir='ltr'><strong><em>α</em></strong></span> <span class='ocrx_word' id='word_1_151' title='bbox 1443 751 1601 789; x_wconf 82' lang='lat' dir='ltr'><strong>Sntl‘ragio</strong></span> <span class='ocrx_word' id='word_1_152' title='bbox 1618 756 1649 782; x_wconf 78' lang='lat' dir='ltr'><strong>et</strong></span> <span class='ocrx_word' id='word_1_153' title='bbox 1664 760 1780 791; x_wconf 84' lang='lat' dir='ltr'><strong>appro-</strong></span> 
     </span>
    </p>
   </div>
   <div class='ocr_carea' id='block_1_14' title="bbox 152 798 1779 840">
    <p class='ocr_par' dir='ltr' id='par_1_14' title="bbox 152 798 1779 840">
     <span class='ocr_line' id='line_1_14' title="bbox 152 798 1779 840; baseline 0.002 -11"><span class='ocrx_word' id='word_1_154' title='bbox 152 798 281 830; x_wconf 83' lang='lat' dir='ltr'><strong>batione</strong></span> <span class='ocrx_word' id='word_1_155' title='bbox 301 800 366 830; x_wconf 90' lang='lat' dir='ltr'><strong>Deo</strong></span> <span class='ocrx_word' id='word_1_156' title='bbox 383 799 521 831; x_wconf 79' lang='lat' dir='ltr'><strong>maxime</strong></span> <span class='ocrx_word' id='word_1_157' title='bbox 536 800 725 832; x_wconf 83' lang='lat' dir='ltr'><strong>amabilium</strong></span> <span class='ocrx_word' id='word_1_158' title='bbox 754 801 993 840; x_wconf 82' lang='lat' dir='ltr'><strong>episcoporum,</strong></span> <span class='ocrx_word' id='word_1_159' title='bbox 1020 804 1051 832; x_wconf 90' lang='lat' dir='ltr'><strong>et</strong></span> <span class='ocrx_word' id='word_1_160' title='bbox 1076 801 1355 831; x_wconf 89' lang='lat' dir='ltr'><strong>sanctissimorum</strong></span> <span class='ocrx_word' id='word_1_161' title='bbox 1378 801 1639 840; x_wconf 81' lang='lat' dir='ltr'><strong>presbyterorum</strong></span> <span class='ocrx_word' id='word_1_162' title='bbox 1660 805 1691 832; x_wconf 86' lang='lat' dir='ltr'><strong>et</strong></span> <span class='ocrx_word' id='word_1_163' title='bbox 1707 802 1779 832; x_wconf 85' lang='lat' dir='ltr'><strong>dia-</strong></span> 
     </span>
    </p>
   </div>
   <div class='ocr_carea' id='block_1_15' title="bbox 152 848 1780 890">
    <p class='ocr_par' dir='ltr' id='par_1_15' title="bbox 152 848 1780 890">
     <span class='ocr_line' id='line_1_15' title="bbox 152 848 1780 890; baseline 0.001 -12"><span class='ocrx_word' id='word_1_164' title='bbox 152 856 320 885; x_wconf 86' lang='lat' dir='ltr'><strong>conorum,</strong></span> <span class='ocrx_word' id='word_1_165' title='bbox 349 848 456 880; x_wconf 91' lang='lat' dir='ltr'><strong>divina</strong></span> <span class='ocrx_word' id='word_1_166' title='bbox 483 850 623 888; x_wconf 77' lang='lat' dir='ltr'><strong>gratia...</strong></span> <span class='ocrx_word' id='word_1_167' title='bbox 651 853 818 890; x_wconf 85' lang='lat' dir='ltr'><strong>promovet</strong></span> <span class='ocrx_word' id='word_1_168' title='bbox 843 851 969 882; x_wconf 81' lang='lat' dir='ltr'><strong>hunc...</strong></span> <span class='ocrx_word' id='word_1_169' title='bbox 991 851 1023 881; x_wconf 93' lang='lat' dir='ltr'><strong>in</strong></span> <span class='ocrx_word' id='word_1_170' title='bbox 1043 850 1232 890; x_wconf 86' lang='lat' dir='ltr'><strong>episcopum</strong></span> <span class='ocrx_word' id='word_1_171' title='bbox 1260 850 1380 887; x_wconf 89' lang='lat' dir='ltr'><strong>urbis,»</strong></span> <span class='ocrx_word' id='word_1_172' title='bbox 1407 854 1482 887; x_wconf 83' lang='lat' dir='ltr'><strong>etc.,</strong></span> <span class='ocrx_word' id='word_1_173' title='bbox 1504 854 1564 882; x_wconf 89' lang='lat' dir='ltr'><strong>etc.</strong></span> <span class='ocrx_word' id='word_1_174' title='bbox 1584 851 1609 881; x_wconf 95' lang='lat' dir='ltr'><strong>E</strong></span> <span class='ocrx_word' id='word_1_175' title='bbox 1626 850 1780 881; x_wconf 85' lang='lat' dir='ltr'><strong>Vaticano</strong></span> 
     </span>
    </p>
   </div>
   <div class='ocr_carea' id='block_1_16' title="bbox 151 899 1780 942">
    <p class='ocr_par' dir='ltr' id='par_1_16' title="bbox 151 899 1780 942">
     <span class='ocr_line' id='line_1_16' title="bbox 151 899 1780 942; baseline 0.002 -12"><span class='ocrx_word' id='word_1_176' title='bbox 151 899 326 938; x_wconf 87' lang='lat' dir='ltr'><strong>exemplari</strong></span> <span class='ocrx_word' id='word_1_177' title='bbox 342 899 437 932; x_wconf 88' lang='lat' dir='ltr'><strong>aliam</strong></span> <span class='ocrx_word' id='word_1_178' title='bbox 455 901 600 938; x_wconf 75' lang='lat' dir='ltr'><strong>exhibet,</strong></span> <span class='ocrx_word' id='word_1_179' title='bbox 618 902 650 932; x_wconf 94' lang='lat' dir='ltr'><strong>in</strong></span> <span class='ocrx_word' id='word_1_180' title='bbox 669 911 730 942; x_wconf 85' lang='lat' dir='ltr'><strong>qua</strong></span> <span class='ocrx_word' id='word_1_181' title='bbox 747 902 866 934; x_wconf 91' lang='lat' dir='ltr'><strong>dicitur</strong></span> <span class='ocrx_word' id='word_1_182' title='bbox 881 903 1060 942; x_wconf 72' lang='lat' dir='ltr'><strong>«suffragio</strong></span> <span class='ocrx_word' id='word_1_183' title='bbox 1075 907 1106 933; x_wconf 88' lang='lat' dir='ltr'><strong>et</strong></span> <span class='ocrx_word' id='word_1_184' title='bbox 1122 902 1351 942; x_wconf 85' lang='lat' dir='ltr'><strong>approbatione</strong></span> <span class='ocrx_word' id='word_1_185' title='bbox 1370 902 1422 933; x_wconf 65' lang='lat' dir='ltr'><strong>SS;</strong></span> <span class='ocrx_word' id='word_1_186' title='bbox 1441 903 1780 942; x_wconf 88' lang='lat' dir='ltr'><strong>metropolitanorum,</strong></span> 
     </span>
    </p>
   </div>
   <div class='ocr_carea' id='block_1_17' title="bbox 149 949 1776 993">
    <p class='ocr_par' dir='ltr' id='par_1_17' title="bbox 149 949 1776 993">
     <span class='ocr_line' id='line_1_17' title="bbox 149 949 1776 993; baseline 0.002 -13"><span class='ocrx_word' id='word_1_187' title='bbox 149 949 478 990; x_wconf 86' lang='lat' dir='ltr'><strong>archiepiscoporum,</strong></span> <span class='ocrx_word' id='word_1_188' title='bbox 495 953 735 992; x_wconf 88' lang='lat' dir='ltr'><strong>episcoporum,</strong></span> <span class='ocrx_word' id='word_1_189' title='bbox 751 966 765 983; x_wconf 88' lang='grc' dir='ltr'><strong>ιι</strong></span> <span class='ocrx_word' id='word_1_190' title='bbox 786 959 860 988; x_wconf 79' lang='lat' dir='ltr'><strong>etc..</strong></span> <span class='ocrx_word' id='word_1_191' title='bbox 877 957 975 993; x_wconf 85' lang='lat' dir='ltr'><strong>atque</strong></span> <span class='ocrx_word' id='word_1_192' title='bbox 992 963 1029 985; x_wconf 86' lang='lat' dir='ltr'><strong>ex</strong></span> <span class='ocrx_word' id='word_1_193' title='bbox 1046 954 1193 985; x_wconf 89' lang='lat' dir='ltr'><strong>Cedreno</strong></span> <span class='ocrx_word' id='word_1_194' title='bbox 1218 954 1350 985; x_wconf 85' lang='lat' dir='ltr'><strong>relatam</strong></span> <span class='ocrx_word' id='word_1_195' title='bbox 1369 954 1400 984; x_wconf 95' lang='lat' dir='ltr'><strong>in</strong></span> <span class='ocrx_word' id='word_1_196' title='bbox 1420 954 1629 985; x_wconf 82' lang='lat' dir='ltr'><strong>translatione</strong></span> <span class='ocrx_word' id='word_1_197' title='bbox 1646 954 1776 993; x_wconf 91' lang='lat' dir='ltr'><strong>episco-</strong></span> 
     </span>
    </p>
   </div>
   <div class='ocr_carea' id='block_1_18' title="bbox 153 1001 1778 1043">
    <p class='ocr_par' dir='ltr' id='par_1_18' title="bbox 153 1001 1778 1043">
     <span class='ocr_line' id='line_1_18' title="bbox 153 1001 1778 1043; baseline 0.002 -13"><span class='ocrx_word' id='word_1_198' title='bbox 153 1008 266 1038; x_wconf 88' lang='lat' dir='ltr'><strong>porum</strong></span> <span class='ocrx_word' id='word_1_199' title='bbox 290 1001 459 1032; x_wconf 82' lang='lat' dir='ltr'><strong>formulam</strong></span> <span class='ocrx_word' id='word_1_200' title='bbox 490 1002 634 1033; x_wconf 87' lang='lat' dir='ltr'><strong>eamdem</strong></span> <span class='ocrx_word' id='word_1_201' title='bbox 664 1003 803 1034; x_wconf 81' lang='lat' dir='ltr'><strong>adducit.</strong></span> <span class='ocrx_word' id='word_1_202' title='bbox 822 1015 835 1032; x_wconf 78' lang='grc' dir='ltr'><strong><em>α</em></strong></span> <span class='ocrx_word' id='word_1_203' title='bbox 857 1005 934 1037; x_wconf 69' lang='lat' dir='ltr'><strong>Haec</strong></span> <span class='ocrx_word' id='word_1_204' title='bbox 950 1007 1010 1040; x_wconf 86' lang='lat' dir='ltr'><strong>est,</strong></span> <span class='ocrx_word' id='word_1_205' title='bbox 1031 1003 1136 1043; x_wconf 88' lang='lat' dir='ltr'><strong>inquit</strong></span> <span class='ocrx_word' id='word_1_206' title='bbox 1161 1004 1208 1033; x_wconf 79' lang='lat' dir='ltr'><strong>vir</strong></span> <span class='ocrx_word' id='word_1_207' title='bbox 1223 1003 1348 1039; x_wconf 89' lang='lat' dir='ltr'><strong>doctus,</strong></span> <span class='ocrx_word' id='word_1_208' title='bbox 1372 1002 1536 1034; x_wconf 85' lang='lat' dir='ltr'><strong>electionis</strong></span> <span class='ocrx_word' id='word_1_209' title='bbox 1554 1002 1778 1042; x_wconf 77' lang='lat' dir='ltr'><strong>legitimtejam</strong></span> 
     </span>
    </p>
   </div>
   <div class='ocr_carea' id='block_1_19' title="bbox 151 1052 1780 1094">
    <p class='ocr_par' dir='ltr' id='par_1_19' title="bbox 151 1052 1780 1094">
     <span class='ocr_line' id='line_1_19' title="bbox 151 1052 1780 1094; baseline 0.002 -13"><span class='ocrx_word' id='word_1_210' title='bbox 151 1052 241 1082; x_wconf 68' lang='lat' dir='ltr'><strong>facta</strong></span> <span class='ocrx_word' id='word_1_211' title='bbox 257 1052 460 1084; x_wconf 82' lang='lat' dir='ltr'><strong>denuntiatio</strong></span> <span class='ocrx_word' id='word_1_212' title='bbox 477 1053 616 1092; x_wconf 87' lang='lat' dir='ltr'><strong>publica,</strong></span> <span class='ocrx_word' id='word_1_213' title='bbox 639 1054 705 1085; x_wconf 85' lang='lat' dir='ltr'><strong>ﬁeri</strong></span> <span class='ocrx_word' id='word_1_214' title='bbox 726 1054 820 1086; x_wconf 91' lang='lat' dir='ltr'><strong>solita</strong></span> <span class='ocrx_word' id='word_1_215' title='bbox 843 1063 915 1085; x_wconf 87' lang='lat' dir='ltr'><strong>cum</strong></span> <span class='ocrx_word' id='word_1_216' title='bbox 935 1054 1108 1094; x_wconf 84' lang='lat' dir='ltr'><strong>episcOpus</strong></span> <span class='ocrx_word' id='word_1_217' title='bbox 1133 1053 1170 1084; x_wconf 90' lang='lat' dir='ltr'><strong>ad</strong></span> <span class='ocrx_word' id='word_1_218' title='bbox 1194 1053 1443 1090; x_wconf 84' lang='lat' dir='ltr'><strong>ordinationem,</strong></span> <span class='ocrx_word' id='word_1_219' title='bbox 1467 1064 1482 1081; x_wconf 86' lang='grc' dir='ltr'><strong>ιι</strong></span> <span class='ocrx_word' id='word_1_220' title='bbox 1509 1052 1602 1090; x_wconf 87' lang='lat' dir='ltr'><strong>adde,</strong></span> <span class='ocrx_word' id='word_1_221' title='bbox 1630 1056 1661 1084; x_wconf 88' lang='lat' dir='ltr'><strong>et</strong></span> <span class='ocrx_word' id='word_1_222' title='bbox 1676 1052 1716 1084; x_wconf 88' lang='lat' dir='ltr'><strong>ad</strong></span> <span class='ocrx_word' id='word_1_223' title='bbox 1729 1053 1780 1084; x_wconf 82' lang='lat' dir='ltr'><strong>in-</strong></span> 
     </span>
    </p>
   </div>
   <div class='ocr_carea' id='block_1_20' title="bbox 150 1100 732 1134">
    <p class='ocr_par' dir='ltr' id='par_1_20' title="bbox 150 1100 732 1134">
     <span class='ocr_line' id='line_1_20' title="bbox 150 1100 732 1134; baseline 0.002 -3"><span class='ocrx_word' id='word_1_224' title='bbox 150 1100 418 1133; x_wconf 87' lang='lat' dir='ltr'><strong>thronizationem</strong></span> <span class='ocrx_word' id='word_1_225' title='bbox 439 1103 629 1134; x_wconf 71' lang='lat' dir='ltr'><strong>«accinctus</strong></span> <span class='ocrx_word' id='word_1_226' title='bbox 648 1106 732 1134; x_wconf 82' lang='lat' dir='ltr'><strong>est.»</strong></span> 
     </span>
    </p>
   </div>
   <div class='ocr_carea' id='block_1_21' title="bbox 189 1147 1771 1195">
    <p class='ocr_par' dir='ltr' id='par_1_21' title="bbox 189 1147 1771 1195">
     <span class='ocr_line' id='line_1_21' title="bbox 189 1147 1771 1195; baseline 0.003 -13"><span class='ocrx_word' id='word_1_227' title='bbox 189 1151 280 1182; x_wconf 87' lang='lat' dir='ltr'><strong>Tales</strong></span> <span class='ocrx_word' id='word_1_228' title='bbox 298 1157 386 1184; x_wconf 90' lang='lat' dir='ltr'><strong>erant</strong></span> <span class='ocrx_word' id='word_1_229' title='bbox 408 1154 440 1184; x_wconf 91' lang='lat' dir='ltr'><strong>in</strong></span> <span class='ocrx_word' id='word_1_230' title='bbox 463 1147 618 1186; x_wconf 74' lang='lat' dir='ltr'><strong>Ecclesiis</strong></span> <span class='ocrx_word' id='word_1_231' title='bbox 645 1155 799 1186; x_wconf 92' lang='lat' dir='ltr'><strong>omnibus</strong></span> <span class='ocrx_word' id='word_1_232' title='bbox 820 1155 967 1194; x_wconf 57' lang='lat' dir='ltr'><strong>publica},</strong></span> <span class='ocrx_word' id='word_1_233' title='bbox 985 1155 1147 1195; x_wconf 65' lang='lat' dir='ltr'><strong>legitima},</strong></span> <span class='ocrx_word' id='word_1_234' title='bbox 1164 1155 1326 1186; x_wconf 64' lang='lat' dir='ltr'><strong>canonica;</strong></span> <span class='ocrx_word' id='word_1_235' title='bbox 1343 1154 1531 1193; x_wconf 75' lang='lat' dir='ltr'><strong>electiones,</strong></span> <span class='ocrx_word' id='word_1_236' title='bbox 1555 1154 1771 1186; x_wconf 76' lang='lat' dir='ltr'><strong>renuntiatio-</strong></span> 
     </span>
    </p>
   </div>
   <div class='ocr_carea' id='block_1_22' title="bbox 150 1203 1773 1245">
    <p class='ocr_par' dir='ltr' id='par_1_22' title="bbox 150 1203 1773 1245">
     <span class='ocr_line' id='line_1_22' title="bbox 150 1203 1773 1245; baseline 0.001 -12"><span class='ocrx_word' id='word_1_237' title='bbox 150 1211 219 1240; x_wconf 90' lang='lat' dir='ltr'><strong>nes,</strong></span> <span class='ocrx_word' id='word_1_238' title='bbox 236 1203 455 1236; x_wconf 84' lang='lat' dir='ltr'><strong>ordinationes</strong></span> <span class='ocrx_word' id='word_1_239' title='bbox 472 1205 723 1245; x_wconf 86' lang='lat' dir='ltr'><strong>episcoporum;</strong></span> <span class='ocrx_word' id='word_1_240' title='bbox 744 1206 845 1237; x_wconf 63' lang='lat' dir='ltr'><strong>tacita;</strong></span> <span class='ocrx_word' id='word_1_241' title='bbox 862 1215 950 1242; x_wconf 91' lang='lat' dir='ltr'><strong>vero,</strong></span> <span class='ocrx_word' id='word_1_242' title='bbox 963 1209 995 1238; x_wconf 92' lang='lat' dir='ltr'><strong>et</strong></span> <span class='ocrx_word' id='word_1_243' title='bbox 1018 1210 1051 1237; x_wconf 89' lang='lat' dir='ltr'><strong>ut</strong></span> <span class='ocrx_word' id='word_1_244' title='bbox 1066 1207 1110 1237; x_wconf 87' lang='lat' dir='ltr'><strong>ita</strong></span> <span class='ocrx_word' id='word_1_245' title='bbox 1125 1206 1240 1242; x_wconf 89' lang='lat' dir='ltr'><strong>dicam,</strong></span> <span class='ocrx_word' id='word_1_246' title='bbox 1258 1206 1520 1245; x_wconf 62' lang='lat' dir='ltr'><strong>interpretativm,</strong></span> <span class='ocrx_word' id='word_1_247' title='bbox 1538 1205 1650 1245; x_wconf 81' lang='lat' dir='ltr'><strong>quales</strong></span> <span class='ocrx_word' id='word_1_248' title='bbox 1666 1205 1773 1236; x_wconf 85' lang='lat' dir='ltr'><strong>irritas</strong></span> 
     </span>
    </p>
   </div>
   <div class='ocr_carea' id='block_1_23' title="bbox 149 1253 1780 1295">
    <p class='ocr_par' dir='ltr' id='par_1_23' title="bbox 149 1253 1780 1295">
     <span class='ocr_line' id='line_1_23' title="bbox 149 1253 1780 1295; baseline 0.001 -13"><span class='ocrx_word' id='word_1_249' title='bbox 149 1261 219 1283; x_wconf 87' lang='lat' dir='ltr'><strong>esse</strong></span> <span class='ocrx_word' id='word_1_250' title='bbox 235 1253 375 1284; x_wconf 82' lang='lat' dir='ltr'><strong>decrevit</strong></span> <span class='ocrx_word' id='word_1_251' title='bbox 390 1254 589 1286; x_wconf 81' lang='lat' dir='ltr'><strong>Antiochena</strong></span> <span class='ocrx_word' id='word_1_252' title='bbox 618 1255 763 1294; x_wconf 81' lang='lat' dir='ltr'><strong>synodus</strong></span> <span class='ocrx_word' id='word_1_253' title='bbox 777 1264 861 1286; x_wconf 88' lang='lat' dir='ltr'><strong>anno</strong></span> <span class='ocrx_word' id='word_1_254' title='bbox 872 1255 944 1292; x_wconf 71' lang='lat' dir='ltr'><strong>3M,</strong></span> <span class='ocrx_word' id='word_1_255' title='bbox 958 1263 1028 1286; x_wconf 81' lang='lat' dir='ltr'><strong>can.</strong></span> <span class='ocrx_word' id='word_1_256' title='bbox 1042 1256 1092 1291; x_wconf 85' lang='lat'><strong>16,</strong></span> <span class='ocrx_word' id='word_1_257' title='bbox 1105 1256 1160 1295; x_wconf 88' lang='lat' dir='ltr'><strong>qui</strong></span> <span class='ocrx_word' id='word_1_258' title='bbox 1173 1255 1287 1286; x_wconf 89' lang='lat' dir='ltr'><strong>citalur</strong></span> <span class='ocrx_word' id='word_1_259' title='bbox 1305 1255 1336 1285; x_wconf 93' lang='lat' dir='ltr'><strong>in</strong></span> <span class='ocrx_word' id='word_1_260' title='bbox 1353 1262 1442 1286; x_wconf 89' lang='lat' dir='ltr'><strong>conc.</strong></span> <span class='ocrx_word' id='word_1_261' title='bbox 1454 1254 1602 1286; x_wconf 61' lang='lat' dir='ltr'><strong>Chalcad.</strong></span> <span class='ocrx_word' id='word_1_262' title='bbox 1615 1258 1674 1285; x_wconf 70' lang='lat' dir='ltr'><strong>act.</strong></span> <span class='ocrx_word' id='word_1_263' title='bbox 1692 1254 1780 1295; x_wconf 77' lang='lat' dir='ltr'><strong>11(b).</strong></span> 
     </span>
    </p>
   </div>
   <div class='ocr_carea' id='block_1_24' title="bbox 148 1303 1777 1344">
    <p class='ocr_par' dir='ltr' id='par_1_24' title="bbox 148 1303 1777 1344">
     <span class='ocr_line' id='line_1_24' title="bbox 148 1303 1777 1344; baseline 0.002 -12"><span class='ocrx_word' id='word_1_264' title='bbox 148 1314 164 1331; x_wconf 77' lang='grc' dir='ltr'><strong>ε</strong></span> <span class='ocrx_word' id='word_1_265' title='bbox 179 1303 210 1333; x_wconf 79' lang='lat' dir='ltr'><strong>Si</strong></span> <span class='ocrx_word' id='word_1_266' title='bbox 227 1303 300 1342; x_wconf 90' lang='lat' dir='ltr'><strong>quis</strong></span> <span class='ocrx_word' id='word_1_267' title='bbox 317 1303 487 1343; x_wconf 88' lang='lat' dir='ltr'><strong>episcopus</strong></span> <span class='ocrx_word' id='word_1_268' title='bbox 514 1313 628 1336; x_wconf 80' lang='lat' dir='ltr'><strong>vacans</strong></span> <span class='ocrx_word' id='word_1_269' title='bbox 647 1305 681 1336; x_wconf 93' lang='lat' dir='ltr'><strong>in</strong></span> <span class='ocrx_word' id='word_1_270' title='bbox 698 1305 873 1337; x_wconf 77' lang='lat' dir='ltr'><strong>Ecclesium</strong></span> <span class='ocrx_word' id='word_1_271' title='bbox 902 1307 1066 1336; x_wconf 86' lang='lat' dir='ltr'><strong>vacantem</strong></span> <span class='ocrx_word' id='word_1_272' title='bbox 1095 1304 1254 1344; x_wconf 81' lang='lat' dir='ltr'><strong>prosiliat,</strong></span> <span class='ocrx_word' id='word_1_273' title='bbox 1278 1304 1455 1344; x_wconf 80' lang='lat' dir='ltr'><strong>sedemque</strong></span> <span class='ocrx_word' id='word_1_274' title='bbox 1471 1304 1637 1343; x_wconf 88' lang='lat' dir='ltr'><strong>pervadat,</strong></span> <span class='ocrx_word' id='word_1_275' title='bbox 1653 1305 1777 1344; x_wconf 85' lang='lat' dir='ltr'><strong>absque</strong></span> 
     </span>
    </p>
   </div>
   <div class='ocr_carea' id='block_1_25' title="bbox 148 1355 1774 1397">
    <p class='ocr_par' dir='ltr' id='par_1_25' title="bbox 148 1355 1774 1397">
     <span class='ocr_line' id='line_1_25' title="bbox 148 1355 1774 1397; baseline 0 -12"><span class='ocrx_word' id='word_1_276' title='bbox 148 1355 273 1393; x_wconf 81' lang='lat' dir='ltr'><strong>integro</strong></span> <span class='ocrx_word' id='word_1_277' title='bbox 293 1355 497 1396; x_wconf 86' lang='lat' dir='ltr'><strong>perfectoque</strong></span> <span class='ocrx_word' id='word_1_278' title='bbox 513 1357 668 1394; x_wconf 85' lang='lat' dir='ltr'><strong>concilio,</strong></span> <span class='ocrx_word' id='word_1_279' title='bbox 684 1357 737 1388; x_wconf 88' lang='lat' dir='ltr'><strong>hic</strong></span> <span class='ocrx_word' id='word_1_280' title='bbox 752 1357 935 1397; x_wconf 84' lang='lat' dir='ltr'><strong>abjiciatur,</strong></span> <span class='ocrx_word' id='word_1_281' title='bbox 954 1356 1013 1388; x_wconf 90' lang='lat' dir='ltr'><strong>etsi</strong></span> <span class='ocrx_word' id='word_1_282' title='bbox 1030 1360 1168 1388; x_wconf 88' lang='lat' dir='ltr'><strong>cunctus</strong></span> <span class='ocrx_word' id='word_1_283' title='bbox 1187 1356 1327 1396; x_wconf 90' lang='lat' dir='ltr'><strong>populus</strong></span> <span class='ocrx_word' id='word_1_284' title='bbox 1343 1364 1440 1396; x_wconf 88' lang='lat' dir='ltr'><strong>quem</strong></span> <span class='ocrx_word' id='word_1_285' title='bbox 1459 1355 1606 1394; x_wconf 87' lang='lat' dir='ltr'><strong>diripuit,</strong></span> <span class='ocrx_word' id='word_1_286' title='bbox 1623 1364 1696 1386; x_wconf 92' lang='lat' dir='ltr'><strong>eum</strong></span> <span class='ocrx_word' id='word_1_287' title='bbox 1715 1355 1774 1386; x_wconf 89' lang='lat' dir='ltr'><strong>ba-</strong></span> 
     </span>
    </p>
   </div>
   <div class='ocr_carea' id='block_1_26' title="bbox 147 1404 1778 1448">
    <p class='ocr_par' dir='ltr' id='par_1_26' title="bbox 147 1404 1778 1448">
     <span class='ocr_line' id='line_1_26' title="bbox 147 1404 1778 1448; baseline 0.001 -13"><span class='ocrx_word' id='word_1_288' title='bbox 147 1405 224 1436; x_wconf 84' lang='lat' dir='ltr'><strong>bere</strong></span> <span class='ocrx_word' id='word_1_289' title='bbox 239 1406 405 1445; x_wconf 83' lang='lat' dir='ltr'><strong>delegerit.</strong></span> <span class='ocrx_word' id='word_1_290' title='bbox 425 1417 439 1435; x_wconf 91' lang='lat'><strong>»</strong></span> <span class='ocrx_word' id='word_1_291' title='bbox 457 1407 495 1438; x_wconf 91' lang='lat' dir='ltr'><strong>Et</strong></span> <span class='ocrx_word' id='word_1_292' title='bbox 515 1406 597 1438; x_wconf 86' lang='lat' dir='ltr'><strong>infra</strong></span> <span class='ocrx_word' id='word_1_293' title='bbox 613 1416 682 1439; x_wconf 89' lang='lat' dir='ltr'><strong>can.</strong></span> <span class='ocrx_word' id='word_1_294' title='bbox 704 1408 741 1438; x_wconf 77' lang='grc'><strong>21</strong></span> <span class='ocrx_word' id='word_1_295' title='bbox 759 1407 797 1448; x_wconf 78' lang='grc' dir='ltr'><strong>(ο)</strong></span> <span class='ocrx_word' id='word_1_296' title='bbox 813 1416 821 1435; x_wconf 90' lang='lat'><strong>:</strong></span> <span class='ocrx_word' id='word_1_297' title='bbox 838 1407 927 1438; x_wconf 75' lang='lat' dir='ltr'><strong>«Nec</strong></span> <span class='ocrx_word' id='word_1_298' title='bbox 945 1407 974 1437; x_wconf 94' lang='lat' dir='ltr'><strong>vi</strong></span> <span class='ocrx_word' id='word_1_299' title='bbox 990 1410 1118 1438; x_wconf 86' lang='lat' dir='ltr'><strong>coactus</strong></span> <span class='ocrx_word' id='word_1_300' title='bbox 1134 1415 1151 1437; x_wconf 88' lang='lat' dir='ltr'><strong>a</strong></span> <span class='ocrx_word' id='word_1_301' title='bbox 1167 1406 1310 1446; x_wconf 89' lang='lat' dir='ltr'><strong>populis,</strong></span> <span class='ocrx_word' id='word_1_302' title='bbox 1333 1414 1439 1446; x_wconf 88' lang='lat' dir='ltr'><strong>neque</strong></span> <span class='ocrx_word' id='word_1_303' title='bbox 1455 1406 1482 1436; x_wconf 91' lang='lat' dir='ltr'><strong>si</strong></span> <span class='ocrx_word' id='word_1_304' title='bbox 1500 1406 1596 1437; x_wconf 87' lang='lat' dir='ltr'><strong>etiam</strong></span> <span class='ocrx_word' id='word_1_305' title='bbox 1612 1404 1673 1436; x_wconf 88' lang='lat' dir='ltr'><strong>hoc</strong></span> <span class='ocrx_word' id='word_1_306' title='bbox 1693 1405 1722 1437; x_wconf 89' lang='lat' dir='ltr'><strong>ei</strong></span> <span class='ocrx_word' id='word_1_307' title='bbox 1738 1405 1778 1436; x_wconf 90' lang='lat' dir='ltr'><strong>ab</strong></span> 
     </span>
    </p>
   </div>
   <div class='ocr_carea' id='block_1_27' title="bbox 147 1457 1776 1499">
    <p class='ocr_par' dir='ltr' id='par_1_27' title="bbox 147 1457 1776 1499">
     <span class='ocr_line' id='line_1_27' title="bbox 147 1457 1776 1499; baseline -0.001 -11"><span class='ocrx_word' id='word_1_308' title='bbox 147 1457 310 1497; x_wconf 85' lang='lat' dir='ltr'><strong>episcopis</strong></span> <span class='ocrx_word' id='word_1_309' title='bbox 333 1458 545 1496; x_wconf 82' lang='lat' dir='ltr'><strong>suadeatur,»</strong></span> <span class='ocrx_word' id='word_1_310' title='bbox 575 1460 717 1492; x_wconf 83' lang='lat' dir='ltr'><strong>vacantis</strong></span> <span class='ocrx_word' id='word_1_311' title='bbox 740 1460 899 1497; x_wconf 68' lang='lat' dir='ltr'><strong>ecclesiae,</strong></span> <span class='ocrx_word' id='word_1_312' title='bbox 925 1459 1010 1499; x_wconf 72' lang='lat' dir='ltr'><strong>«qui</strong></span> <span class='ocrx_word' id='word_1_313' title='bbox 1036 1459 1197 1499; x_wconf 80' lang='lat' dir='ltr'><strong>propriam</strong></span> <span class='ocrx_word' id='word_1_314' title='bbox 1224 1458 1406 1496; x_wconf 72' lang='lat' dir='ltr'><strong>deseruit,»</strong></span> <span class='ocrx_word' id='word_1_315' title='bbox 1436 1458 1572 1488; x_wconf 89' lang='lat' dir='ltr'><strong>habetur</strong></span> <span class='ocrx_word' id='word_1_316' title='bbox 1590 1457 1776 1496; x_wconf 77' lang='lat' dir='ltr'><strong>episcopus.</strong></span> 
     </span>
    </p>
   </div>
   <div class='ocr_carea' id='block_1_28' title="bbox 148 1509 1777 1552">
    <p class='ocr_par' dir='ltr' id='par_1_28' title="bbox 148 1509 1777 1552">
     <span class='ocr_line' id='line_1_28' title="bbox 148 1509 1777 1552; baseline -0.001 -12"><span class='ocrx_word' id='word_1_317' title='bbox 148 1520 163 1536; x_wconf 73' lang='grc' dir='ltr'><strong><em>ο</em></strong></span> <span class='ocrx_word' id='word_1_318' title='bbox 179 1509 305 1550; x_wconf 87' lang='lat' dir='ltr'><strong>Ubique</strong></span> <span class='ocrx_word' id='word_1_319' title='bbox 321 1511 452 1551; x_wconf 68' lang='lat' dir='ltr'><strong>integrae</strong></span> <span class='ocrx_word' id='word_1_320' title='bbox 469 1515 500 1543; x_wconf 92' lang='lat' dir='ltr'><strong>et</strong></span> <span class='ocrx_word' id='word_1_321' title='bbox 516 1512 671 1552; x_wconf 66' lang='lat' dir='ltr'><strong>plenarim</strong></span> <span class='ocrx_word' id='word_1_322' title='bbox 690 1512 807 1552; x_wconf 80' lang='lat' dir='ltr'><strong>Synodi</strong></span> <span class='ocrx_word' id='word_1_323' title='bbox 831 1513 995 1544; x_wconf 90' lang='lat' dir='ltr'><strong>decretum</strong></span> <span class='ocrx_word' id='word_1_324' title='bbox 1008 1523 1023 1540; x_wconf 82' lang='grc' dir='ltr'><strong>ιι</strong></span> <span class='ocrx_word' id='word_1_325' title='bbox 1041 1512 1231 1551; x_wconf 89' lang='lat' dir='ltr'><strong>requiritur,</strong></span> <span class='ocrx_word' id='word_1_326' title='bbox 1253 1514 1286 1542; x_wconf 89' lang='lat' dir='ltr'><strong>et</strong></span> <span class='ocrx_word' id='word_1_327' title='bbox 1305 1514 1338 1542; x_wconf 90' lang='lat' dir='ltr'><strong>ut</strong></span> <span class='ocrx_word' id='word_1_328' title='bbox 1359 1522 1373 1539; x_wconf 76' lang='grc' dir='ltr'>α</span> <span class='ocrx_word' id='word_1_329' title='bbox 1387 1510 1492 1542; x_wconf 89' lang='lat' dir='ltr'><strong>nullas</strong></span> <span class='ocrx_word' id='word_1_330' title='bbox 1508 1509 1670 1541; x_wconf 88' lang='lat' dir='ltr'><strong>ordinatio</strong></span> <span class='ocrx_word' id='word_1_331' title='bbox 1683 1517 1777 1540; x_wconf 76' lang='lat' dir='ltr'><strong>secus</strong></span> 
     </span>
    </p>
   </div>
   <div class='ocr_carea' id='block_1_29' title="bbox 145 1560 1776 1603">
    <p class='ocr_par' dir='ltr' id='par_1_29' title="bbox 145 1560 1776 1603">
     <span class='ocr_line' id='line_1_29' title="bbox 145 1560 1776 1603; baseline 0.001 -13"><span class='ocrx_word' id='word_1_332' title='bbox 145 1560 224 1591; x_wconf 86' lang='lat' dir='ltr'><strong>facta</strong></span> <span class='ocrx_word' id='word_1_333' title='bbox 244 1562 328 1593; x_wconf 86' lang='lat' dir='ltr'><strong>vires</strong></span> <span class='ocrx_word' id='word_1_334' title='bbox 347 1562 487 1594; x_wconf 85' lang='lat' dir='ltr'><strong>habeat»</strong></span> <span class='ocrx_word' id='word_1_335' title='bbox 504 1572 627 1595; x_wconf 90' lang='lat' dir='ltr'><strong>canone</strong></span> <span class='ocrx_word' id='word_1_336' title='bbox 648 1565 685 1594; x_wconf 91' lang='grc'>19</span> <span class='ocrx_word' id='word_1_337' title='bbox 702 1564 901 1595; x_wconf 83' lang='lat' dir='ltr'><strong>decernitur.</strong></span> <span class='ocrx_word' id='word_1_338' title='bbox 915 1563 974 1594; x_wconf 88' lang='lat' dir='ltr'><strong>His</strong></span> <span class='ocrx_word' id='word_1_339' title='bbox 990 1564 1160 1603; x_wconf 82' lang='lat' dir='ltr'><strong>expositis,</strong></span> <span class='ocrx_word' id='word_1_340' title='bbox 1175 1562 1269 1594; x_wconf 85' lang='lat' dir='ltr'><strong>facile</strong></span> <span class='ocrx_word' id='word_1_341' title='bbox 1284 1561 1463 1603; x_wconf 76' lang='lat' dir='ltr'><strong>diiudicare</strong></span> <span class='ocrx_word' id='word_1_342' title='bbox 1481 1564 1530 1593; x_wconf 92' lang='lat' dir='ltr'><strong>est</strong></span> <span class='ocrx_word' id='word_1_343' title='bbox 1546 1569 1586 1592; x_wconf 88' lang='lat' dir='ltr'><strong>an</strong></span> <span class='ocrx_word' id='word_1_344' title='bbox 1602 1561 1776 1601; x_wconf 74' lang='lat' dir='ltr'><strong>episcopus</strong></span> 
     </span>
    </p>
   </div>
   <div class='ocr_carea' id='block_1_30' title="bbox 145 1612 795 1654">
    <p class='ocr_par' dir='ltr' id='par_1_30' title="bbox 145 1612 795 1654">
     <span class='ocr_line' id='line_1_30' title="bbox 145 1612 795 1654; baseline 0.006 -11"><span class='ocrx_word' id='word_1_345' title='bbox 145 1612 342 1645; x_wconf 82' lang='lat' dir='ltr'><strong>Sasimorum</strong></span> <span class='ocrx_word' id='word_1_346' title='bbox 358 1615 535 1654; x_wconf 79' lang='lat' dir='ltr'><strong>Gregorius</strong></span> <span class='ocrx_word' id='word_1_347' title='bbox 554 1616 722 1647; x_wconf 88' lang='lat' dir='ltr'><strong>habendus</strong></span> <span class='ocrx_word' id='word_1_348' title='bbox 741 1617 795 1647; x_wconf 89' lang='lat' dir='ltr'><strong>sit.</strong></span> 
     </span>
    </p>
   </div>
   <div class='ocr_carea' id='block_1_31' title="bbox 183 1664 1776 1706">
    <p class='ocr_par' dir='ltr' id='par_1_31' title="bbox 183 1664 1776 1706">
     <span class='ocr_line' id='line_1_31' title="bbox 183 1664 1776 1706; baseline 0.001 -12"><span class='ocrx_word' id='word_1_349' title='bbox 183 1664 290 1703; x_wconf 76' lang='lat' dir='ltr'><strong>Magni</strong></span> <span class='ocrx_word' id='word_1_350' title='bbox 308 1665 416 1696; x_wconf 90' lang='lat' dir='ltr'><strong>Basilii</strong></span> <span class='ocrx_word' id='word_1_351' title='bbox 433 1665 564 1704; x_wconf 88' lang='lat' dir='ltr'><strong>factum,</strong></span> <span class='ocrx_word' id='word_1_352' title='bbox 581 1674 766 1706; x_wconf 88' lang='lat' dir='ltr'><strong>quanquam</strong></span> <span class='ocrx_word' id='word_1_353' title='bbox 789 1676 806 1697; x_wconf 89' lang='lat' dir='ltr'><strong>a</strong></span> <span class='ocrx_word' id='word_1_354' title='bbox 824 1666 970 1705; x_wconf 90' lang='lat' dir='ltr'><strong>pluribus</strong></span> <span class='ocrx_word' id='word_1_355' title='bbox 1002 1665 1135 1696; x_wconf 88' lang='lat' dir='ltr'><strong>minime</strong></span> <span class='ocrx_word' id='word_1_356' title='bbox 1160 1666 1342 1705; x_wconf 90' lang='lat' dir='ltr'><strong>probatum,</strong></span> <span class='ocrx_word' id='word_1_357' title='bbox 1363 1674 1497 1704; x_wconf 84' lang='lat' dir='ltr'><strong>arguere</strong></span> <span class='ocrx_word' id='word_1_358' title='bbox 1515 1674 1579 1696; x_wconf 90' lang='lat' dir='ltr'><strong>non</strong></span> <span class='ocrx_word' id='word_1_359' title='bbox 1603 1665 1728 1696; x_wconf 71' lang='lat' dir='ltr'><strong>ausim:</strong></span> <span class='ocrx_word' id='word_1_360' title='bbox 1742 1667 1776 1697; x_wconf 84' lang='lat' dir='ltr'><strong>at</strong></span> 
     </span>
    </p>
   </div>
   <div class='ocr_carea' id='block_1_32' title="bbox 145 1716 1776 1756">
    <p class='ocr_par' dir='ltr' id='par_1_32' title="bbox 145 1716 1776 1756">
     <span class='ocr_line' id='line_1_32' title="bbox 145 1716 1776 1756; baseline 0.002 -11"><span class='ocrx_word' id='word_1_361' title='bbox 145 1717 242 1752; x_wconf 89' lang='lat' dir='ltr'><strong>certe,</strong></span> <span class='ocrx_word' id='word_1_362' title='bbox 260 1716 346 1754; x_wconf 92' lang='lat' dir='ltr'><strong>quod</strong></span> <span class='ocrx_word' id='word_1_363' title='bbox 363 1717 550 1748; x_wconf 88' lang='lat' dir='ltr'><strong>Sardicense</strong></span> <span class='ocrx_word' id='word_1_364' title='bbox 565 1717 738 1748; x_wconf 87' lang='lat' dir='ltr'><strong>concilium</strong></span> <span class='ocrx_word' id='word_1_365' title='bbox 758 1717 895 1755; x_wconf 87' lang='lat' dir='ltr'><strong>postulat</strong></span> <span class='ocrx_word' id='word_1_366' title='bbox 928 1716 966 1747; x_wconf 84' lang='lat' dir='ltr'><strong>ad</strong></span> <span class='ocrx_word' id='word_1_367' title='bbox 983 1724 1084 1747; x_wconf 85' lang='lat' dir='ltr'><strong>novos</strong></span> <span class='ocrx_word' id='word_1_368' title='bbox 1100 1716 1306 1754; x_wconf 86' lang='lat' dir='ltr'><strong>episcOpatus</strong></span> <span class='ocrx_word' id='word_1_369' title='bbox 1325 1716 1776 1756; x_wconf 66' lang='lat' dir='ltr'><strong>constituendos,mvjeevouca</strong></span> 
     </span>
    </p>
   </div>
   <div class='ocr_carea' id='block_1_33' title="bbox 151 1766 963 1808">
    <p class='ocr_par' dir='ltr' id='par_1_33' title="bbox 151 1767 963 1808">
     <span class='ocr_line' id='line_1_33' title="bbox 151 1767 963 1808; baseline 0 -11"><span class='ocrx_word' id='word_1_370' title='bbox 151 1770 240 1803; x_wconf 75' lang='grc' dir='ltr'><strong>πόλις,</strong></span> <span class='ocrx_word' id='word_1_371' title='bbox 257 1767 434 1807; x_wconf 70' lang='grc' dir='ltr'><strong>αΡυρυιοςε</strong></span> <span class='ocrx_word' id='word_1_372' title='bbox 451 1767 553 1807; x_wconf 83' lang='lat' dir='ltr'><strong>plebs,</strong></span> <span class='ocrx_word' id='word_1_373' title='bbox 569 1779 583 1796; x_wconf 89' lang='grc' dir='ltr'><strong>ιι</strong></span> <span class='ocrx_word' id='word_1_374' title='bbox 605 1776 806 1808; x_wconf 81' lang='lat' dir='ltr'><strong>nequaquam</strong></span> <span class='ocrx_word' id='word_1_375' title='bbox 824 1770 911 1798; x_wconf 88' lang='lat' dir='ltr'><strong>erant</strong></span> <span class='ocrx_word' id='word_1_376' title='bbox 934 1767 963 1797; x_wconf 71' lang='lat' dir='ltr'><strong>St</strong></span> 
     </span>
    </p>
   </div>
   <div class='ocr_carea' id='block_1_34' title="bbox 962 1766 1774 1808">
    <p class='ocr_par' dir='ltr' id='par_1_34' title="bbox 962 1766 1774 1806">
     <span class='ocr_line' id='line_1_34' title="bbox 962 1766 1774 1806; baseline 0.002 -9"><span class='ocrx_word' id='word_1_377' title='bbox 962 1767 1055 1797; x_wconf 72' lang='lat' dir='ltr'><strong>asima</strong></span> <span class='ocrx_word' id='word_1_378' title='bbox 1072 1777 1080 1797; x_wconf 90' lang='lat'><strong>:</strong></span> <span class='ocrx_word' id='word_1_379' title='bbox 1098 1778 1112 1794; x_wconf 75' lang='grc' dir='ltr'><strong>ι</strong></span> <span class='ocrx_word' id='word_1_380' title='bbox 1124 1775 1187 1798; x_wconf 91' lang='lat' dir='ltr'><strong>non</strong></span> <span class='ocrx_word' id='word_1_381' title='bbox 1209 1766 1440 1806; x_wconf 87' lang='lat' dir='ltr'><strong>multiplicatus</strong></span> <span class='ocrx_word' id='word_1_382' title='bbox 1464 1766 1521 1796; x_wconf 91' lang='lat' dir='ltr'><strong>Dei</strong></span> <span class='ocrx_word' id='word_1_383' title='bbox 1541 1767 1693 1806; x_wconf 89' lang='lat' dir='ltr'><strong>populus,</strong></span> <span class='ocrx_word' id='word_1_384' title='bbox 1707 1778 1723 1796; x_wconf 91' lang='grc' dir='ltr'><strong>ιι</strong></span> <span class='ocrx_word' id='word_1_385' title='bbox 1739 1773 1774 1799; x_wconf 89' lang='lat' dir='ltr'><strong>ut</strong></span> 
     </span>
    </p>
   </div>
   <div class='ocr_carea' id='block_1_35' title="bbox 147 1816 1774 1858">
    <p class='ocr_par' dir='ltr' id='par_1_35' title="bbox 147 1816 1774 1858">
     <span class='ocr_line' id='line_1_35' title="bbox 147 1816 1774 1858; baseline 0.002 -12"><span class='ocrx_word' id='word_1_386' title='bbox 147 1817 397 1856; x_wconf 81' lang='lat' dir='ltr'><strong>Carthaginense</strong></span> <span class='ocrx_word' id='word_1_387' title='bbox 415 1818 550 1857; x_wconf 89' lang='lat' dir='ltr'><strong>requirit</strong></span> <span class='ocrx_word' id='word_1_388' title='bbox 568 1829 576 1855; x_wconf 86' lang='lat'><strong>;</strong></span> <span class='ocrx_word' id='word_1_389' title='bbox 594 1819 780 1858; x_wconf 87' lang='lat' dir='ltr'><strong>episcopum</strong></span> <span class='ocrx_word' id='word_1_390' title='bbox 801 1826 859 1849; x_wconf 87' lang='lat' dir='ltr'><strong>nec</strong></span> <span class='ocrx_word' id='word_1_391' title='bbox 877 1817 1104 1856; x_wconf 87' lang='lat' dir='ltr'><strong>postulaverat,</strong></span> <span class='ocrx_word' id='word_1_392' title='bbox 1120 1825 1179 1848; x_wconf 90' lang='lat' dir='ltr'><strong>nec</strong></span> <span class='ocrx_word' id='word_1_393' title='bbox 1195 1816 1432 1847; x_wconf 81' lang='lat' dir='ltr'><strong>desideraverat</strong></span> <span class='ocrx_word' id='word_1_394' title='bbox 1450 1816 1538 1854; x_wconf 87' lang='lat' dir='ltr'><strong>plebs</strong></span> <span class='ocrx_word' id='word_1_395' title='bbox 1552 1816 1774 1854; x_wconf 80' lang='lat' dir='ltr'><strong>Sasimorum;</strong></span> 
     </span>
    </p>
   </div>
   <div class='ocr_carea' id='block_1_36' title="bbox 147 1865 1773 1907">
    <p class='ocr_par' dir='ltr' id='par_1_36' title="bbox 147 1865 1773 1907">
     <span class='ocr_line' id='line_1_36' title="bbox 147 1865 1773 1907; baseline 0 -9"><span class='ocrx_word' id='word_1_396' title='bbox 147 1867 291 1906; x_wconf 81' lang='lat' dir='ltr'><strong>ejusdem</strong></span> <span class='ocrx_word' id='word_1_397' title='bbox 306 1866 455 1897; x_wconf 68' lang='lat' dir='ltr'><strong>Ecclesia;</strong></span> <span class='ocrx_word' id='word_1_398' title='bbox 470 1867 546 1898; x_wconf 90' lang='lat' dir='ltr'><strong>cleri</strong></span> <span class='ocrx_word' id='word_1_399' title='bbox 565 1876 601 1898; x_wconf 87' lang='lat' dir='ltr'><strong>ac</strong></span> <span class='ocrx_word' id='word_1_400' title='bbox 617 1867 729 1906; x_wconf 88' lang='lat' dir='ltr'><strong>populi</strong></span> <span class='ocrx_word' id='word_1_401' title='bbox 746 1866 835 1897; x_wconf 88' lang='lat' dir='ltr'><strong>nulla</strong></span> <span class='ocrx_word' id='word_1_402' title='bbox 853 1865 1050 1902; x_wconf 86' lang='lat' dir='ltr'><strong>convocatio,</strong></span> <span class='ocrx_word' id='word_1_403' title='bbox 1066 1866 1163 1896; x_wconf 89' lang='lat' dir='ltr'><strong>coitio</strong></span> <span class='ocrx_word' id='word_1_404' title='bbox 1179 1866 1288 1903; x_wconf 78' lang='lat' dir='ltr'><strong>nulla;</strong></span> <span class='ocrx_word' id='word_1_405' title='bbox 1314 1874 1374 1896; x_wconf 86' lang='lat' dir='ltr'><strong>nec</strong></span> <span class='ocrx_word' id='word_1_406' title='bbox 1392 1866 1617 1905; x_wconf 88' lang='lat' dir='ltr'><strong>episcoporum</strong></span> <span class='ocrx_word' id='word_1_407' title='bbox 1638 1867 1773 1907; x_wconf 84' lang='lat' dir='ltr'><strong>previn-</strong></span> 
     </span>
    </p>
   </div>
   <div class='ocr_carea' id='block_1_37' title="bbox 143 1915 1774 1956">
    <p class='ocr_par' dir='ltr' id='par_1_37' title="bbox 143 1915 1774 1956">
     <span class='ocr_line' id='line_1_37' title="bbox 143 1915 1774 1956; baseline -0.001 -7"><span class='ocrx_word' id='word_1_408' title='bbox 143 1918 202 1949; x_wconf 73' lang='lat' dir='ltr'><strong>ciae</strong></span> <span class='ocrx_word' id='word_1_409' title='bbox 225 1916 364 1956; x_wconf 78' lang='lat' dir='ltr'><strong>plenaria</strong></span> <span class='ocrx_word' id='word_1_410' title='bbox 392 1918 551 1956; x_wconf 81' lang='lat' dir='ltr'><strong>synodus,</strong></span> <span class='ocrx_word' id='word_1_411' title='bbox 582 1921 616 1948; x_wconf 90' lang='lat' dir='ltr'><strong>ut</strong></span> <span class='ocrx_word' id='word_1_412' title='bbox 636 1917 878 1948; x_wconf 82' lang='lat' dir='ltr'><strong>Antiochennm</strong></span> <span class='ocrx_word' id='word_1_413' title='bbox 903 1919 935 1947; x_wconf 89' lang='lat' dir='ltr'><strong>et</strong></span> <span class='ocrx_word' id='word_1_414' title='bbox 961 1915 1108 1946; x_wconf 81' lang='lat' dir='ltr'><strong>Africana</strong></span> <span class='ocrx_word' id='word_1_415' title='bbox 1130 1915 1293 1952; x_wconf 88' lang='lat' dir='ltr'><strong>sanciunt,</strong></span> <span class='ocrx_word' id='word_1_416' title='bbox 1319 1915 1385 1947; x_wconf 87' lang='lat' dir='ltr'><strong>ulia</strong></span> <span class='ocrx_word' id='word_1_417' title='bbox 1412 1917 1648 1954; x_wconf 85' lang='lat' dir='ltr'><strong>intervenerat;</strong></span> <span class='ocrx_word' id='word_1_418' title='bbox 1665 1916 1774 1948; x_wconf 89' lang='lat' dir='ltr'><strong>nullus</strong></span> 
     </span>
    </p>
   </div>
   <div class='ocr_carea' id='block_1_38' title="bbox 143 1964 1774 2007">
    <p class='ocr_par' dir='ltr' id='par_1_38' title="bbox 143 1964 1774 2007">
     <span class='ocr_line' id='line_1_38' title="bbox 143 1964 1774 2007; baseline 0.001 -11"><span class='ocrx_word' id='word_1_419' title='bbox 143 1977 161 1996; x_wconf 76' lang='grc' dir='ltr'><strong>ε</strong></span> <span class='ocrx_word' id='word_1_420' title='bbox 180 1974 360 1998; x_wconf 89' lang='lat' dir='ltr'><strong>consensus</strong></span> <span class='ocrx_word' id='word_1_421' title='bbox 375 1977 390 1995; x_wconf 89' lang='grc' dir='ltr'><strong>ιι</strong></span> <span class='ocrx_word' id='word_1_422' title='bbox 406 1967 488 2006; x_wconf 88' lang='lat' dir='ltr'><strong>ejus,</strong></span> <span class='ocrx_word' id='word_1_423' title='bbox 506 1978 521 1995; x_wconf 79' lang='grc' dir='ltr'><strong><em>«ι</em></strong></span> <span class='ocrx_word' id='word_1_424' title='bbox 533 1967 565 1997; x_wconf 93' lang='lat' dir='ltr'><strong>in</strong></span> <span class='ocrx_word' id='word_1_425' title='bbox 586 1966 678 2007; x_wconf 90' lang='lat' dir='ltr'><strong>cujus</strong></span> <span class='ocrx_word' id='word_1_426' title='bbox 696 1970 884 2006; x_wconf 86' lang='lat' dir='ltr'><strong>potestatem</strong></span> <span class='ocrx_word' id='word_1_427' title='bbox 901 1965 1061 2001; x_wconf 61' lang='lat' dir='ltr'><strong>diaecesis,</strong></span> <span class='ocrx_word' id='word_1_428' title='bbox 1073 1976 1087 1992; x_wconf 87' lang='grc' dir='ltr'><strong>ιι</strong></span> <span class='ocrx_word' id='word_1_429' title='bbox 1108 1968 1177 1995; x_wconf 86' lang='lat' dir='ltr'><strong>tum</strong></span> <span class='ocrx_word' id='word_1_430' title='bbox 1196 1965 1286 1995; x_wconf 93' lang='lat' dir='ltr'><strong>dubii</strong></span> <span class='ocrx_word' id='word_1_431' title='bbox 1302 1964 1396 2003; x_wconf 88' lang='lat' dir='ltr'><strong>juris,</strong></span> <span class='ocrx_word' id='word_1_432' title='bbox 1413 1968 1527 2004; x_wconf 90' lang='lat' dir='ltr'><strong>postea</strong></span> <span class='ocrx_word' id='word_1_433' title='bbox 1547 1966 1685 2003; x_wconf 89' lang='lat' dir='ltr'><strong>tandem,</strong></span> <span class='ocrx_word' id='word_1_434' title='bbox 1702 1966 1774 2005; x_wconf 89' lang='lat' dir='ltr'><strong>ipso</strong></span> 
     </span>
    </p>
   </div>
   <div class='ocr_carea' id='block_1_39' title="bbox 145 2015 1758 2056">
    <p class='ocr_par' dir='ltr' id='par_1_39' title="bbox 145 2015 1758 2056">
     <span class='ocr_line' id='line_1_39' title="bbox 145 2015 1758 2056; baseline -0.001 -8"><span class='ocrx_word' id='word_1_435' title='bbox 145 2016 364 2048; x_wconf 84' lang='lat' dir='ltr'><strong>consentiente</strong></span> <span class='ocrx_word' id='word_1_436' title='bbox 380 2016 516 2053; x_wconf 88' lang='lat' dir='ltr'><strong>Basilio,</strong></span> <span class='ocrx_word' id='word_1_437' title='bbox 541 2017 649 2048; x_wconf 87' lang='lat' dir='ltr'><strong>cessit.</strong></span> <span class='ocrx_word' id='word_1_438' title='bbox 669 2017 760 2048; x_wconf 86' lang='lat' dir='ltr'><strong>Adeo</strong></span> <span class='ocrx_word' id='word_1_439' title='bbox 783 2015 928 2056; x_wconf 88' lang='lat' dir='ltr'><strong>primatis</strong></span> <span class='ocrx_word' id='word_1_440' title='bbox 954 2015 1142 2053; x_wconf 79' lang='lat' dir='ltr'><strong>suffragium</strong></span> <span class='ocrx_word' id='word_1_441' title='bbox 1160 2023 1224 2044; x_wconf 89' lang='lat' dir='ltr'><strong>non</strong></span> <span class='ocrx_word' id='word_1_442' title='bbox 1246 2017 1438 2052; x_wconf 86' lang='lat' dir='ltr'><strong>accesserat,</strong></span> <span class='ocrx_word' id='word_1_443' title='bbox 1463 2018 1497 2045; x_wconf 89' lang='lat' dir='ltr'><strong>ut</strong></span> <span class='ocrx_word' id='word_1_444' title='bbox 1517 2020 1636 2046; x_wconf 85' lang='lat' dir='ltr'><strong>armata</strong></span> <span class='ocrx_word' id='word_1_445' title='bbox 1655 2023 1758 2054; x_wconf 88' lang='lat' dir='ltr'><strong>prope</strong></span> 
     </span>
    </p>
   </div>
   <div class='ocr_carea' id='block_1_40' title="bbox 145 2064 1772 2106">
    <p class='ocr_par' dir='ltr' id='par_1_40' title="bbox 145 2064 1772 2106">
     <span class='ocr_line' id='line_1_40' title="bbox 145 2064 1772 2106; baseline 0 -9"><span class='ocrx_word' id='word_1_446' title='bbox 145 2067 274 2097; x_wconf 89' lang='lat' dir='ltr'><strong>modum</strong></span> <span class='ocrx_word' id='word_1_447' title='bbox 292 2075 386 2105; x_wconf 82' lang='lat' dir='ltr'><strong>inanu</strong></span> <span class='ocrx_word' id='word_1_448' title='bbox 404 2070 595 2106; x_wconf 78' lang='lat' dir='ltr'><strong>repugnaret</strong></span> <span class='ocrx_word' id='word_1_449' title='bbox 628 2067 819 2104; x_wconf 83' lang='lat' dir='ltr'><strong>Anthimus,</strong></span> <span class='ocrx_word' id='word_1_450' title='bbox 843 2074 939 2105; x_wconf 89' lang='lat' dir='ltr'><strong>quem</strong></span> <span class='ocrx_word' id='word_1_451' title='bbox 956 2076 970 2093; x_wconf 78' lang='grc' dir='ltr'><strong>α</strong></span> <span class='ocrx_word' id='word_1_452' title='bbox 993 2064 1139 2096; x_wconf 89' lang='lat' dir='ltr'><strong>martium</strong></span> <span class='ocrx_word' id='word_1_453' title='bbox 1168 2068 1199 2095; x_wconf 90' lang='lat' dir='ltr'><strong>et</strong></span> <span class='ocrx_word' id='word_1_454' title='bbox 1226 2072 1429 2103; x_wconf 74' lang='lat' dir='ltr'><strong>pugnacem»</strong></span> <span class='ocrx_word' id='word_1_455' title='bbox 1459 2065 1686 2096; x_wconf 78' lang='lat' dir='ltr'><strong>virumfestive</strong></span> <span class='ocrx_word' id='word_1_456' title='bbox 1697 2066 1772 2097; x_wconf 83' lang='lat' dir='ltr'><strong>Gre-</strong></span> 
     </span>
    </p>
   </div>
   <div class='ocr_carea' id='block_1_41' title="bbox 143 2115 1771 2159">
    <p class='ocr_par' dir='ltr' id='par_1_41' title="bbox 143 2115 1771 2159">
     <span class='ocr_line' id='line_1_41' title="bbox 143 2115 1771 2159; baseline 0 -12"><span class='ocrx_word' id='word_1_457' title='bbox 143 2118 255 2155; x_wconf 81' lang='lat' dir='ltr'><strong>gorius</strong></span> <span class='ocrx_word' id='word_1_458' title='bbox 269 2118 407 2157; x_wconf 88' lang='lat' dir='ltr'><strong>appellat</strong></span> <span class='ocrx_word' id='word_1_459' title='bbox 424 2117 481 2159; x_wconf 76' lang='grc' dir='ltr'><strong>(ἁ).</strong></span> <span class='ocrx_word' id='word_1_460' title='bbox 501 2117 615 2158; x_wconf 83' lang='lat' dir='ltr'><strong>Itaque</strong></span> <span class='ocrx_word' id='word_1_461' title='bbox 636 2118 822 2158; x_wconf 84' lang='lat' dir='ltr'><strong>episcopum</strong></span> <span class='ocrx_word' id='word_1_462' title='bbox 840 2117 987 2148; x_wconf 89' lang='lat' dir='ltr'><strong>eumdem</strong></span> <span class='ocrx_word' id='word_1_463' title='bbox 1009 2115 1157 2154; x_wconf 87' lang='lat' dir='ltr'><strong>epistola,</strong></span> <span class='ocrx_word' id='word_1_464' title='bbox 1175 2115 1254 2146; x_wconf 87' lang='lat' dir='ltr'><strong>alias</strong></span> <span class='ocrx_word' id='word_1_465' title='bbox 1269 2115 1321 2151; x_wconf 89' lang='lat'><strong>33,</strong></span> <span class='ocrx_word' id='word_1_466' title='bbox 1351 2115 1505 2147; x_wconf 88' lang='lat' dir='ltr'><strong>adversus</strong></span> <span class='ocrx_word' id='word_1_467' title='bbox 1535 2117 1771 2148; x_wconf 87' lang='lat' dir='ltr'><strong>ordinationem</strong></span> 
     </span>
    </p>
   </div>
   <div class='ocr_carea' id='block_1_42' title="bbox 143 2167 1772 2209">
    <p class='ocr_par' dir='ltr' id='par_1_42' title="bbox 143 2167 1772 2209">
     <span class='ocr_line' id='line_1_42' title="bbox 143 2167 1772 2209; baseline 0.002 -11"><span class='ocrx_word' id='word_1_468' title='bbox 143 2177 247 2206; x_wconf 87' lang='lat' dir='ltr'><strong>suam,</strong></span> <span class='ocrx_word' id='word_1_469' title='bbox 263 2177 334 2200; x_wconf 90' lang='lat' dir='ltr'><strong>cum</strong></span> <span class='ocrx_word' id='word_1_470' title='bbox 351 2169 422 2200; x_wconf 90' lang='lat' dir='ltr'><strong>aliis</strong></span> <span class='ocrx_word' id='word_1_471' title='bbox 440 2169 638 2208; x_wconf 86' lang='lat' dir='ltr'><strong>quibusdam</strong></span> <span class='ocrx_word' id='word_1_472' title='bbox 666 2169 841 2209; x_wconf 85' lang='lat' dir='ltr'><strong>episcopis,</strong></span> <span class='ocrx_word' id='word_1_473' title='bbox 867 2168 966 2199; x_wconf 88' lang='lat' dir='ltr'><strong>multa</strong></span> <span class='ocrx_word' id='word_1_474' title='bbox 992 2171 1169 2203; x_wconf 86' lang='lat' dir='ltr'><strong>causatum,</strong></span> <span class='ocrx_word' id='word_1_475' title='bbox 1189 2167 1393 2202; x_wconf 85' lang='lat' dir='ltr'><strong>soribentcm.</strong></span> <span class='ocrx_word' id='word_1_476' title='bbox 1421 2168 1637 2206; x_wconf 86' lang='lat' dir='ltr'><strong>minitantem,</strong></span> <span class='ocrx_word' id='word_1_477' title='bbox 1659 2175 1772 2208; x_wconf 89' lang='lat' dir='ltr'><strong>postu-</strong></span> 
     </span>
    </p>
   </div>
   <div class='ocr_carea' id='block_1_43' title="bbox 144 2217 1770 2260">
    <p class='ocr_par' dir='ltr' id='par_1_43' title="bbox 144 2217 1770 2260">
     <span class='ocr_line' id='line_1_43' title="bbox 144 2217 1770 2260; baseline -0.001 -10"><span class='ocrx_word' id='word_1_478' title='bbox 144 2219 329 2260; x_wconf 85' lang='lat' dir='ltr'><strong>lantemque</strong></span> <span class='ocrx_word' id='word_1_479' title='bbox 355 2219 513 2258; x_wconf 87' lang='lat' dir='ltr'><strong>synodum</strong></span> <span class='ocrx_word' id='word_1_480' title='bbox 535 2220 668 2250; x_wconf 91' lang='lat' dir='ltr'><strong>inducit.</strong></span> <span class='ocrx_word' id='word_1_481' title='bbox 691 2220 779 2251; x_wconf 88' lang='lat' dir='ltr'><strong>Unde</strong></span> <span class='ocrx_word' id='word_1_482' title='bbox 805 2218 963 2250; x_wconf 89' lang='lat' dir='ltr'><strong>Baronius</strong></span> <span class='ocrx_word' id='word_1_483' title='bbox 982 2217 1016 2257; x_wconf 77' lang='grc' dir='ltr'><strong>(ε)</strong></span> <span class='ocrx_word' id='word_1_484' title='bbox 1031 2227 1039 2248; x_wconf 93' lang='lat'><strong>:</strong></span> <span class='ocrx_word' id='word_1_485' title='bbox 1056 2227 1071 2245; x_wconf 73' lang='lat' dir='ltr'><strong>cr</strong></span> <span class='ocrx_word' id='word_1_486' title='bbox 1089 2217 1328 2254; x_wconf 80' lang='lat' dir='ltr'><strong>Existimnmus,</strong></span> <span class='ocrx_word' id='word_1_487' title='bbox 1353 2217 1469 2256; x_wconf 91' lang='lat' dir='ltr'><strong>inquit,</strong></span> <span class='ocrx_word' id='word_1_488' title='bbox 1495 2218 1580 2257; x_wconf 91' lang='lat' dir='ltr'><strong>quod</strong></span> <span class='ocrx_word' id='word_1_489' title='bbox 1596 2217 1770 2250; x_wconf 79' lang='lat' dir='ltr'><strong>Anthimus</strong></span> 
     </span>
    </p>
   </div>
   <div class='ocr_carea' id='block_1_44' title="bbox 144 2267 1770 2312">
    <p class='ocr_par' dir='ltr' id='par_1_44' title="bbox 144 2267 1770 2312">
     <span class='ocr_line' id='line_1_44' title="bbox 144 2267 1770 2312; baseline 0 -11"><span class='ocrx_word' id='word_1_490' title='bbox 144 2272 242 2303; x_wconf 85' lang='lat' dir='ltr'><strong>alium</strong></span> <span class='ocrx_word' id='word_1_491' title='bbox 258 2272 401 2307; x_wconf 84' lang='lat' dir='ltr'><strong>Sasimis.</strong></span> <span class='ocrx_word' id='word_1_492' title='bbox 426 2281 500 2312; x_wconf 67' lang='lat' dir='ltr'><strong>quae</strong></span> <span class='ocrx_word' id='word_1_493' title='bbox 524 2271 586 2302; x_wconf 87' lang='lat' dir='ltr'><strong>sibi</strong></span> <span class='ocrx_word' id='word_1_494' title='bbox 611 2271 819 2307; x_wconf 88' lang='lat' dir='ltr'><strong>vindicasset,</strong></span> <span class='ocrx_word' id='word_1_495' title='bbox 843 2271 1029 2310; x_wconf 87' lang='lat' dir='ltr'><strong>episcopum</strong></span> <span class='ocrx_word' id='word_1_496' title='bbox 1053 2267 1273 2304; x_wconf 83' lang='lat' dir='ltr'><strong>ordinaverit;</strong></span> <span class='ocrx_word' id='word_1_497' title='bbox 1303 2273 1333 2298; x_wconf 94' lang='lat' dir='ltr'><strong>et</strong></span> <span class='ocrx_word' id='word_1_498' title='bbox 1350 2268 1502 2304; x_wconf 87' lang='lat' dir='ltr'><strong>Basilius,</strong></span> <span class='ocrx_word' id='word_1_499' title='bbox 1520 2268 1558 2298; x_wconf 87' lang='lat' dir='ltr'><strong>ad</strong></span> <span class='ocrx_word' id='word_1_500' title='bbox 1573 2269 1770 2301; x_wconf 83' lang='lat' dir='ltr'><strong>dirimendas</strong></span> 
     </span>
    </p>
   </div>
   <div class='ocr_carea' id='block_1_45' title="bbox 143 2317 1769 2358">
    <p class='ocr_par' dir='ltr' id='par_1_45' title="bbox 143 2317 1769 2358">
     <span class='ocr_line' id='line_1_45' title="bbox 143 2317 1769 2358; baseline 0 -6"><span class='ocrx_word' id='word_1_501' title='bbox 143 2321 294 2352; x_wconf 72' lang='lat' dir='ltr'><strong>Ecclesia:</strong></span> <span class='ocrx_word' id='word_1_502' title='bbox 309 2320 542 2352; x_wconf 85' lang='lat' dir='ltr'><strong>controversias</strong></span> <span class='ocrx_word' id='word_1_503' title='bbox 561 2320 645 2351; x_wconf 90' lang='lat' dir='ltr'><strong>inter</strong></span> <span class='ocrx_word' id='word_1_504' title='bbox 659 2319 845 2351; x_wconf 79' lang='lat' dir='ltr'><strong>Catliolicos</strong></span> <span class='ocrx_word' id='word_1_505' title='bbox 863 2318 1044 2358; x_wconf 86' lang='lat' dir='ltr'><strong>periculoso</strong></span> <span class='ocrx_word' id='word_1_506' title='bbox 1059 2318 1115 2349; x_wconf 82' lang='lat' dir='ltr'><strong>illo</strong></span> <span class='ocrx_word' id='word_1_507' title='bbox 1143 2321 1286 2356; x_wconf 87' lang='lat' dir='ltr'><strong>tempore</strong></span> <span class='ocrx_word' id='word_1_508' title='bbox 1303 2318 1445 2354; x_wconf 83' lang='lat' dir='ltr'><strong>obortas,</strong></span> <span class='ocrx_word' id='word_1_509' title='bbox 1463 2317 1615 2350; x_wconf 83' lang='lat' dir='ltr'><strong>Anthimo</strong></span> <span class='ocrx_word' id='word_1_510' title='bbox 1631 2320 1769 2358; x_wconf 83' lang='lat' dir='ltr'><strong>pugnaci</strong></span> 
     </span>
    </p>
   </div>
   <div class='ocr_carea' id='block_1_46' title="bbox 144 2371 539 2403">
    <p class='ocr_par' dir='ltr' id='par_1_46' title="bbox 144 2371 539 2403">
     <span class='ocr_line' id='line_1_46' title="bbox 144 2371 539 2403; baseline -0.005 -1"><span class='ocrx_word' id='word_1_511' title='bbox 144 2371 268 2403; x_wconf 86' lang='lat' dir='ltr'><strong>homini</strong></span> <span class='ocrx_word' id='word_1_512' title='bbox 284 2372 354 2403; x_wconf 88' lang='lat' dir='ltr'><strong>loco</strong></span> <span class='ocrx_word' id='word_1_513' title='bbox 370 2371 514 2403; x_wconf 87' lang='lat' dir='ltr'><strong>cesserit.</strong></span> <span class='ocrx_word' id='word_1_514' title='bbox 525 2382 539 2399; x_wconf 84' lang='grc' dir='ltr'><strong>ιι</strong></span> 
     </span>
    </p>
   </div>
   <div class='ocr_carea' id='block_1_47' title="bbox 184 2428 1760 2471">
    <p class='ocr_par' dir='ltr' id='par_1_47' title="bbox 184 2428 1760 2471">
     <span class='ocr_line' id='line_1_47' title="bbox 184 2428 1760 2471; baseline -0.001 -7"><span class='ocrx_word' id='word_1_515' title='bbox 184 2434 268 2465; x_wconf 78' lang='lat' dir='ltr'><strong>Hinc</strong></span> <span class='ocrx_word' id='word_1_516' title='bbox 296 2434 430 2464; x_wconf 79' lang='lat' dir='ltr'><strong>fortasse</strong></span> <span class='ocrx_word' id='word_1_517' title='bbox 465 2432 575 2463; x_wconf 88' lang='lat' dir='ltr'><strong>referri</strong></span> <span class='ocrx_word' id='word_1_518' title='bbox 601 2432 703 2471; x_wconf 92' lang='lat' dir='ltr'><strong>possit</strong></span> <span class='ocrx_word' id='word_1_519' title='bbox 733 2430 813 2462; x_wconf 90' lang='lat' dir='ltr'><strong>illud</strong></span> <span class='ocrx_word' id='word_1_520' title='bbox 846 2429 1000 2469; x_wconf 68' lang='lat' dir='ltr'><strong>epistolae,</strong></span> <span class='ocrx_word' id='word_1_521' title='bbox 1032 2428 1106 2460; x_wconf 82' lang='lat' dir='ltr'><strong>alias</strong></span> <span class='ocrx_word' id='word_1_522' title='bbox 1127 2429 1178 2466; x_wconf 87' lang='lat'><strong>33,</strong></span> <span class='ocrx_word' id='word_1_523' title='bbox 1199 2440 1213 2457; x_wconf 74' lang='grc' dir='ltr'><strong>ε</strong></span> <span class='ocrx_word' id='word_1_524' title='bbox 1228 2428 1431 2468; x_wconf 77' lang='grc' dir='ltr'><strong>θρίηίοίυωιι</strong></span> <span class='ocrx_word' id='word_1_525' title='bbox 1450 2429 1536 2468; x_wconf 88' lang='lat' dir='ltr'><strong>quod</strong></span> <span class='ocrx_word' id='word_1_526' title='bbox 1552 2429 1591 2461; x_wconf 89' lang='lat' dir='ltr'><strong>de</strong></span> <span class='ocrx_word' id='word_1_527' title='bbox 1615 2430 1760 2470; x_wconf 80' lang='lat' dir='ltr'><strong>Gregorit</strong></span> 
     </span>
    </p>
   </div>
   <div class='ocr_carea' id='block_1_48' title="bbox 145 2477 1749 2524">
    <p class='ocr_par' dir='ltr' id='par_1_48' title="bbox 145 2477 1749 2524">
     <span class='ocr_line' id='line_1_48' title="bbox 145 2477 1749 2524; baseline -0.001 -12"><span class='ocrx_word' id='word_1_528' title='bbox 145 2495 161 2512; x_wconf 76' lang='grc' dir='ltr'><strong><em>α</em></strong></span> <span class='ocrx_word' id='word_1_529' title='bbox 176 2484 268 2524; x_wconf 89' lang='lat' dir='ltr'><strong>quasi</strong></span> <span class='ocrx_word' id='word_1_530' title='bbox 283 2483 408 2514; x_wconf 90' lang='lat' dir='ltr'><strong>devicto</strong></span> <span class='ocrx_word' id='word_1_531' title='bbox 424 2482 458 2523; x_wconf 77' lang='lat' dir='ltr'><strong>(ﬂ</strong></span> <span class='ocrx_word' id='word_1_532' title='bbox 474 2493 489 2512; x_wconf 86' lang='grc' dir='ltr'><strong>ιι</strong></span> <span class='ocrx_word' id='word_1_533' title='bbox 510 2482 699 2513; x_wconf 88' lang='lat' dir='ltr'><strong>concinebat</strong></span> <span class='ocrx_word' id='word_1_534' title='bbox 714 2481 908 2513; x_wconf 81' lang='lat' dir='ltr'><strong>Anthimus;</strong></span> <span class='ocrx_word' id='word_1_535' title='bbox 929 2478 1044 2518; x_wconf 83' lang='lat' dir='ltr'><strong>illique</strong></span> <span class='ocrx_word' id='word_1_536' title='bbox 1060 2479 1157 2509; x_wconf 82' lang='lat' dir='ltr'><strong>etiam</strong></span> <span class='ocrx_word' id='word_1_537' title='bbox 1175 2487 1287 2509; x_wconf 91' lang='lat' dir='ltr'><strong>versus</strong></span> <span class='ocrx_word' id='word_1_538' title='bbox 1301 2477 1346 2518; x_wconf 87' lang='lat' dir='ltr'><strong>(g)</strong></span> <span class='ocrx_word' id='word_1_539' title='bbox 1361 2499 1371 2516; x_wconf 87' lang='lat'><strong>,</strong></span> <span class='ocrx_word' id='word_1_540' title='bbox 1394 2479 1513 2518; x_wconf 88' lang='lat' dir='ltr'><strong>quibus</strong></span> <span class='ocrx_word' id='word_1_541' title='bbox 1530 2479 1668 2518; x_wconf 71' lang='lat' dir='ltr'><strong>Egyptii</strong></span> <span class='ocrx_word' id='word_1_542' title='bbox 1685 2488 1749 2520; x_wconf 62' lang='lat' dir='ltr'><strong>pra;</strong></span> 
     </span>
    </p>
   </div>
   <div class='ocr_carea' id='block_1_49' title="bbox 145 2528 1765 2573">
    <p class='ocr_par' dir='ltr' id='par_1_49' title="bbox 145 2528 1765 2573">
     <span class='ocr_line' id='line_1_49' title="bbox 145 2528 1765 2573; baseline -0.004 -8"><span class='ocrx_word' id='word_1_543' title='bbox 145 2534 234 2565; x_wconf 84' lang='lat' dir='ltr'><strong>sules</strong></span> <span class='ocrx_word' id='word_1_544' title='bbox 249 2534 458 2573; x_wconf 82' lang='lat' dir='ltr'><strong>suggillantur</strong></span> <span class='ocrx_word' id='word_1_545' title='bbox 475 2544 484 2565; x_wconf 83' lang='lat'><strong>:</strong></span> <span class='ocrx_word' id='word_1_546' title='bbox 501 2544 516 2562; x_wconf 85' lang='grc'><strong>«</strong></span> <span class='ocrx_word' id='word_1_547' title='bbox 528 2533 628 2572; x_wconf 83' lang='lat' dir='ltr'><strong>Leges</strong></span> <span class='ocrx_word' id='word_1_548' title='bbox 646 2536 810 2564; x_wconf 84' lang='lat' dir='ltr'><strong>versantes</strong></span> <span class='ocrx_word' id='word_1_549' title='bbox 820 2529 1013 2570; x_wconf 87' lang='lat' dir='ltr'><strong>jampridem</strong></span> <span class='ocrx_word' id='word_1_550' title='bbox 1043 2532 1199 2564; x_wconf 85' lang='lat' dir='ltr'><strong>mortuas,</strong></span> <span class='ocrx_word' id='word_1_551' title='bbox 1217 2537 1233 2559; x_wconf 92' lang='lat' dir='ltr'><strong>a</strong></span> <span class='ocrx_word' id='word_1_552' title='bbox 1248 2528 1371 2567; x_wconf 90' lang='lat' dir='ltr'><strong>quibus</strong></span> <span class='ocrx_word' id='word_1_553' title='bbox 1386 2537 1482 2566; x_wconf 88' lang='lat' dir='ltr'><strong>quam</strong></span> <span class='ocrx_word' id='word_1_554' title='bbox 1502 2528 1641 2559; x_wconf 90' lang='lat' dir='ltr'><strong>maxime</strong></span> <span class='ocrx_word' id='word_1_555' title='bbox 1656 2533 1686 2559; x_wconf 92' lang='lat' dir='ltr'><strong>et</strong></span> <span class='ocrx_word' id='word_1_556' title='bbox 1703 2537 1765 2559; x_wconf 81' lang='lat' dir='ltr'><strong>ma-</strong></span> 
     </span>
    </p>
   </div>
   <div class='ocr_carea' id='block_1_50' title="bbox 145 2577 1764 2624">
    <p class='ocr_par' dir='ltr' id='par_1_50' title="bbox 145 2577 1764 2624">
     <span class='ocr_line' id='line_1_50' title="bbox 145 2577 1764 2624; baseline -0.006 -8"><span class='ocrx_word' id='word_1_557' title='bbox 145 2584 264 2616; x_wconf 70' lang='lat' dir='ltr'><strong>nifesto</strong></span> <span class='ocrx_word' id='word_1_558' title='bbox 281 2593 405 2616; x_wconf 87' lang='lat' dir='ltr'><strong>eramus</strong></span> <span class='ocrx_word' id='word_1_559' title='bbox 421 2584 527 2616; x_wconf 91' lang='lat' dir='ltr'><strong>liberi.</strong></span> <span class='ocrx_word' id='word_1_560' title='bbox 543 2595 559 2612; x_wconf 82' lang='grc' dir='ltr'><strong>ιι</strong></span> <span class='ocrx_word' id='word_1_561' title='bbox 576 2584 612 2615; x_wconf 85' lang='grc' dir='ltr'><strong><em>Ει</em></strong></span> <span class='ocrx_word' id='word_1_562' title='bbox 629 2583 760 2624; x_wconf 89' lang='lat' dir='ltr'><strong>quidem</strong></span> <span class='ocrx_word' id='word_1_563' title='bbox 778 2582 859 2612; x_wconf 91' lang='lat' dir='ltr'><strong>liber</strong></span> <span class='ocrx_word' id='word_1_564' title='bbox 872 2601 881 2616; x_wconf 93' lang='lat'><strong>,</strong></span> <span class='ocrx_word' id='word_1_565' title='bbox 897 2579 1026 2611; x_wconf 87' lang='lat' dir='ltr'><strong>etiamsi</strong></span> <span class='ocrx_word' id='word_1_566' title='bbox 1042 2587 1118 2609; x_wconf 85' lang='lat' dir='ltr'><strong>vera</strong></span> <span class='ocrx_word' id='word_1_567' title='bbox 1134 2577 1275 2609; x_wconf 84' lang='lat' dir='ltr'><strong>fuissent</strong></span> <span class='ocrx_word' id='word_1_568' title='bbox 1290 2586 1362 2617; x_wconf 68' lang='lat' dir='ltr'><strong>qum</strong></span> <span class='ocrx_word' id='word_1_569' title='bbox 1377 2578 1424 2608; x_wconf 90' lang='lat' dir='ltr'><strong>illi</strong></span> <span class='ocrx_word' id='word_1_570' title='bbox 1441 2577 1635 2616; x_wconf 87' lang='lat' dir='ltr'><strong>objiciebant</strong></span> <span class='ocrx_word' id='word_1_571' title='bbox 1647 2599 1654 2613; x_wconf 90' lang='lat'><strong>,</strong></span> <span class='ocrx_word' id='word_1_572' title='bbox 1678 2577 1764 2607; x_wconf 88' lang='lat' dir='ltr'><strong>Sasi-</strong></span> 
     </span>
    </p>
   </div>
   <div class='ocr_carea' id='block_1_51' title="bbox 145 2625 1767 2674">
    <p class='ocr_par' dir='ltr' id='par_1_51' title="bbox 145 2625 1767 2674">
     <span class='ocr_line' id='line_1_51' title="bbox 145 2625 1767 2674; baseline -0.007 -7"><span class='ocrx_word' id='word_1_573' title='bbox 145 2643 271 2667; x_wconf 87' lang='lat' dir='ltr'><strong>morum</strong></span> <span class='ocrx_word' id='word_1_574' title='bbox 288 2635 455 2674; x_wconf 62' lang='lat' dir='ltr'><strong>praesulem</strong></span> <span class='ocrx_word' id='word_1_575' title='bbox 475 2643 549 2665; x_wconf 90' lang='lat' dir='ltr'><strong>eum</strong></span> <span class='ocrx_word' id='word_1_576' title='bbox 566 2642 638 2665; x_wconf 90' lang='lat' dir='ltr'><strong>esse</strong></span> <span class='ocrx_word' id='word_1_577' title='bbox 657 2631 890 2666; x_wconf 90' lang='lat' dir='ltr'><strong>renuntiatum,</strong></span> <span class='ocrx_word' id='word_1_578' title='bbox 908 2628 994 2660; x_wconf 90' lang='lat' dir='ltr'><strong>unde</strong></span> <span class='ocrx_word' id='word_1_579' title='bbox 1008 2628 1046 2659; x_wconf 85' lang='lat' dir='ltr'><strong>ad</strong></span> <span class='ocrx_word' id='word_1_580' title='bbox 1064 2627 1184 2658; x_wconf 84' lang='lat' dir='ltr'><strong>Sasima</strong></span> <span class='ocrx_word' id='word_1_581' title='bbox 1203 2627 1415 2664; x_wconf 80' lang='lat' dir='ltr'><strong>revocabant;</strong></span> <span class='ocrx_word' id='word_1_582' title='bbox 1437 2627 1493 2658; x_wconf 89' lang='lat' dir='ltr'><strong>sed</strong></span> <span class='ocrx_word' id='word_1_583' title='bbox 1519 2625 1636 2657; x_wconf 85' lang='lat' dir='ltr'><strong>frustra</strong></span> <span class='ocrx_word' id='word_1_584' title='bbox 1660 2630 1767 2665; x_wconf 88' lang='lat' dir='ltr'><strong>certe,</strong></span> 
     </span>
    </p>
   </div>
   <div class='ocr_carea' id='block_1_52' title="bbox 190 2719 1002 2763">
    <p class='ocr_par' dir='ltr' id='par_1_52' title="bbox 190 2728 1002 2763">
     <span class='ocr_line' id='line_1_52' title="bbox 190 2728 1002 2763; baseline 0.001 -8"><span class='ocrx_word' id='word_1_585' title='bbox 190 2728 218 2763; x_wconf 76' lang='grc' dir='ltr'><strong>α)</strong></span> <span class='ocrx_word' id='word_1_586' title='bbox 238 2728 305 2755; x_wconf 83' lang='lat' dir='ltr'><strong>Can.</strong></span> <span class='ocrx_word' id='word_1_587' title='bbox 321 2729 365 2756; x_wconf 86' lang='lat'><strong>65.</strong></span> <span class='ocrx_word' id='word_1_588' title='bbox 600 2762 604 2763; x_wconf 25' lang='grc' dir='ltr'><em>ν</em></span> <span class='ocrx_word' id='word_1_589' title='bbox 713 2762 716 2763; x_wconf 24' lang='grc' dir='ltr'><em>ν</em></span> <span class='ocrx_word' id='word_1_590' title='bbox 797 2761 802 2763; x_wconf 26' lang='grc' dir='ltr'>ν</span> <span class='ocrx_word' id='word_1_591' title='bbox 979 2728 1002 2747; x_wconf 68' lang='grc'><strong>⁸³</strong></span> 
     </span>
    </p>
   </div>
   <div class='ocr_carea' id='block_1_53' title="bbox 522 2719 1334 2763">
    <p class='ocr_par' dir='ltr' id='par_1_53' title="bbox 979 2719 1334 2763">
     <span class='ocr_line' id='line_1_53' title="bbox 979 2719 1334 2763; baseline -0.003 -17"><span class='ocrx_word' id='word_1_592' title='bbox 979 2720 1093 2763; x_wconf 51' lang='lat' dir='ltr'><strong>“diem:</strong></span> <span class='ocrx_word' id='word_1_593' title='bbox 1103 2719 1334 2763; x_wconf 50' lang='grc' dir='ltr'><strong>ὰναγκίιςόιξενρν.</strong></span> 
     </span>
    </p>
   </div>
   <div class='ocr_carea' id='block_1_54' title="bbox 178 2754 1507 2799">
    <p class='ocr_par' dir='ltr' id='par_1_54' title="bbox 178 2754 1507 2799">
     <span class='ocr_line' id='line_1_54' title="bbox 178 2754 1507 2799; baseline 0 -9"><span class='ocrx_word' id='word_1_594' title='bbox 229 2754 262 2790; x_wconf 58' lang='grc' dir='ltr'><strong>[εἶτ</strong></span> <span class='ocrx_word' id='word_1_595' title='bbox 280 2754 489 2795; x_wconf 49' lang='lat' dir='ltr'><strong>{resistente-ito;</strong></span> <span class='ocrx_word' id='word_1_596' title='bbox 513 2762 649 2798; x_wconf 78' lang='grc' dir='ltr'><strong>σχολάζων</strong></span> <span class='ocrx_word' id='word_1_597' title='bbox 677 2762 724 2799; x_wconf 49' lang='grc' dir='ltr'><strong>ἐπὶ</strong></span> <span class='ocrx_word' id='word_1_598' title='bbox 748 2761 928 2799; x_wconf 12' lang='grc' dir='ltr'><strong>σχςιλάζουὲσαν</strong></span> <span class='ocrx_word' id='word_1_599' title='bbox 1069 2754 1507 2799; x_wconf 16' lang='grc' dir='ltr'><strong>ἓμχειιοᾼ51ι,ἀξξὴξον,ᾎνθιμονι</strong></span> 
     </span>
    </p>
   </div>
   <div class='ocr_carea' id='block_1_55' title="bbox 144 2790 1444 2834">
    <p class='ocr_par' dir='ltr' id='par_1_55' title="bbox 144 2790 1444 2834">
     <span class='ocr_line' id='line_1_55' title="bbox 144 2790 1444 2834; baseline -0.001 -9"><span class='ocrx_word' id='word_1_600' title='bbox 144 2790 292 2834; x_wconf 40' lang='lat' dir='ltr'><strong>hunc!“</strong></span> <span class='ocrx_word' id='word_1_601' title='bbox 312 2790 410 2825; x_wconf 47' lang='grc' dir='ltr'><strong>ἑαυτὸν</strong></span> <span class='ocrx_word' id='word_1_602' title='bbox 431 2790 577 2834; x_wconf 41' lang='lat' dir='ltr'><strong>turbasti};</strong></span> <span class='ocrx_word' id='word_1_603' title='bbox 597 2790 753 2834; x_wconf 73' lang='grc' dir='ltr'><strong>ὗφαρπὰζοι</strong></span> <span class='ocrx_word' id='word_1_604' title='bbox 764 2790 812 2834; x_wconf 62' lang='grc' dir='ltr'><strong>ἶρν</strong></span> <span class='ocrx_word' id='word_1_605' title='bbox 833 2790 927 2832; x_wconf 61' lang='grc' dir='ltr'><strong>θρύψιν</strong></span> <span class='ocrx_word' id='word_1_606' title='bbox 1310 2798 1339 2834; x_wconf 48' lang='grc' dir='ltr'><strong>ης</strong></span> <span class='ocrx_word' id='word_1_607' title='bbox 1357 2790 1419 2834; x_wconf 64' lang='lat' dir='ltr'><strong>m7-</strong></span> <span class='ocrx_word' id='word_1_608' title='bbox 1437 2824 1444 2833; x_wconf 68' lang='grc'>,</span> 
     </span>
    </p>
   </div>
   <div class='ocr_carea' id='block_1_56' title="bbox 143 2822 1655 2869">
    <p class='ocr_par' dir='ltr' id='par_1_56' title="bbox 143 2822 1655 2869">
     <span class='ocr_line' id='line_1_56' title="bbox 143 2822 1655 2869; baseline -0.001 -9"><span class='ocrx_word' id='word_1_609' title='bbox 143 2822 578 2869; x_wconf 53' lang='grc' dir='ltr'><strong>ἆὶξῖἅῖιζιὶξιοῦἶέέὶέίαξξ⁷⁸ἐὲὂὲὖῦ</strong></span> <span class='ocrx_word' id='word_1_610' title='bbox 591 2822 751 2869; x_wconf 42' lang='lat' dir='ltr'><strong>deterges;</strong></span> <span class='ocrx_word' id='word_1_611' title='bbox 769 2822 862 2869; x_wconf 51' lang='lat' dir='ltr'><strong>arm,&quot;</strong></span> <span class='ocrx_word' id='word_1_612' title='bbox 872 2822 927 2859; x_wconf 47' lang='lat' dir='ltr'><strong>at;</strong></span> <span class='ocrx_word' id='word_1_613' title='bbox 1012 2822 1047 2869; x_wconf 59' lang='lat' dir='ltr'><strong>fit</strong></span> <span class='ocrx_word' id='word_1_614' title='bbox 1071 2825 1168 2869; x_wconf 70' lang='grc' dir='ltr'><strong>,ῼσπερ</strong></span> <span class='ocrx_word' id='word_1_615' title='bbox 1183 2822 1655 2869; x_wconf 41' lang='grc' dir='ltr'><strong>ξιπινξξίξόχῖινξ....ςξηῆῖτιῃῇένωνι</strong></span> 
     </span>
    </p>
   </div>
   <div class='ocr_carea' id='block_1_57' title="bbox 145 2859 957 2902">
    <p class='ocr_par' dir='ltr' id='par_1_57' title="bbox 145 2859 851 2902">
     <span class='ocr_line' id='line_1_57' title="bbox 145 2859 851 2902; baseline 0 -7"><span class='ocrx_word' id='word_1_616' title='bbox 145 2859 236 2900; x_wconf 49' lang='lat' dir='ltr'><strong>iraa:</strong></span> <span class='ocrx_word' id='word_1_617' title='bbox 254 2859 269 2895; x_wconf 70' lang='grc' dir='ltr'><strong><em>ὃ</em></strong></span> <span class='ocrx_word' id='word_1_618' title='bbox 284 2859 406 2901; x_wconf 41' lang='lat' dir='ltr'><strong>negat</strong></span> <span class='ocrx_word' id='word_1_619' title='bbox 421 2859 697 2902; x_wconf 43' lang='grc' dir='ltr'><strong>ὺῖρᾶρπέιάενξέλοιτᾶ</strong></span> <span class='ocrx_word' id='word_1_620' title='bbox 708 2867 801 2895; x_wconf 83' lang='grc' dir='ltr'><strong>αὐτόν.</strong></span> <span class='ocrx_word' id='word_1_621' title='bbox 845 2859 851 2865; x_wconf 61' lang='grc'><strong>’</strong></span> 
     </span>
    </p>
   </div>
   <div class='ocr_carea' id='block_1_58' title="bbox 775 2859 1587 2902">
    <p class='ocr_par' dir='ltr' id='par_1_58' title="bbox 776 2859 1587 2897">
     <span class='ocr_line' id='line_1_58' title="bbox 776 2859 1587 2897; baseline -0.004 -9"><span class='ocrx_word' id='word_1_622' title='bbox 776 2876 801 2895; x_wconf 74' lang='grc' dir='ltr'><strong>ν,</strong></span> <span class='ocrx_word' id='word_1_623' title='bbox 845 2859 851 2865; x_wconf 85' lang='grc'><strong><em>⁷</em></strong></span> <span class='ocrx_word' id='word_1_624' title='bbox 1012 2861 1049 2891; x_wconf 75' lang='lat' dir='ltr'><strong>tqi</strong></span> <span class='ocrx_word' id='word_1_625' title='bbox 1070 2859 1160 2888; x_wconf 63' lang='lat' dir='ltr'><strong>Carm;</strong></span> <span class='ocrx_word' id='word_1_626' title='bbox 1178 2860 1283 2897; x_wconf 31' lang='lat' dir='ltr'><strong>De‘uita</strong></span> <span class='ocrx_word' id='word_1_627' title='bbox 1294 2867 1353 2894; x_wconf 68' lang='lat' dir='ltr'><strong>sua,</strong></span> <span class='ocrx_word' id='word_1_628' title='bbox 1370 2867 1396 2887; x_wconf 89' lang='lat' dir='ltr'><strong>v.</strong></span> <span class='ocrx_word' id='word_1_629' title='bbox 1415 2859 1493 2892; x_wconf 77' lang='grc'><strong>1815,</strong></span> <span class='ocrx_word' id='word_1_630' title='bbox 1511 2859 1587 2886; x_wconf 73' lang='grc' dir='ltr'><strong>18η.</strong></span> 
     </span>
    </p>
   </div>
   <div class='ocr_carea' id='block_1_59' title="bbox 180 2903 924 2940">
    <p class='ocr_par' dir='ltr' id='par_1_59' title="bbox 180 2903 924 2940">
     <span class='ocr_line' id='line_1_59' title="bbox 180 2903 924 2940; baseline 0 -10"><span class='ocrx_word' id='word_1_631' title='bbox 180 2905 215 2940; x_wconf 77' lang='grc' dir='ltr'><strong>(ι)</strong></span> <span class='ocrx_word' id='word_1_632' title='bbox 229 2904 304 2940; x_wconf 82' lang='grc' dir='ltr'><strong>Μήτε</strong></span> <span class='ocrx_word' id='word_1_633' title='bbox 321 2904 375 2931; x_wconf 71' lang='grc' dir='ltr'><strong>ἀπὸ</strong></span> <span class='ocrx_word' id='word_1_634' title='bbox 389 2903 462 2931; x_wconf 78' lang='grc' dir='ltr'><strong>λαῶν</strong></span> <span class='ocrx_word' id='word_1_635' title='bbox 478 2903 686 2939; x_wconf 74' lang='grc' dir='ltr'><strong>ὲκοιαζὸμινον,</strong></span> <span class='ocrx_word' id='word_1_636' title='bbox 708 2905 774 2940; x_wconf 79' lang='grc' dir='ltr'><strong>μήτε</strong></span> <span class='ocrx_word' id='word_1_637' title='bbox 795 2903 846 2930; x_wconf 83' lang='grc' dir='ltr'><strong>ὑπὸ</strong></span> <span class='ocrx_word' id='word_1_638' title='bbox 864 2905 924 2931; x_wconf 74' lang='grc' dir='ltr'><strong>ἑπι-</strong></span> 
     </span>
    </p>
   </div>
  </div>
