2058 3128
283 169 314 197 Ἴ
773 168 958 198 PRIEFATIO
976 169 1182 199 GENERALIS.
1200 186 1234 191 —
1254 169 1344 198 PARS
1363 170 1396 199 ΙΙ.
1871 174 1906 203 73

283 227 334 258 his
349 227 445 259 etiam
462 227 577 266 positis
596 237 603 258 :
624 229 746 266 quanto
763 227 863 266 magis
880 228 906 258 si
924 227 1001 258 falsa
1017 227 1094 265 sint,
1110 228 1255 258 ordinato
1270 228 1301 258 in
1317 228 1386 267 ejus
1401 227 1506 259 locum
1521 228 1722 269 snﬁectoque
1740 229 1904 270 episc0po,

283 276 330 307 vel
351 285 435 309 novo
450 280 534 308 certe
552 278 738 316 episcopatu
756 278 915 308 exstincto
929 280 944 308 it

321 327 448 359 Constat
466 328 550 359 enim
567 328 687 368 alioqui
708 337 780 359 cum
800 329 955 360 Anthimn
979 329 1133 360 Basiliam
1160 338 1193 359 in
1222 330 1426 360 concordiam
1454 334 1563 369 postea
1587 331 1732 362 rediisse.
1757 331 1794 361 Et
1819 341 1904 371 qua,

280 388 401 419 quasso,
418 381 615 418 conditione,
633 384 743 420 pacato
759 381 904 412 Anthifni
928 382 1024 418 bello,
1041 382 1217 421 Gregorius
1234 391 1288 420 per
1302 381 1424 413 bellum
1442 383 1528 414 istud
1546 392 1583 414 ex
1604 382 1796 414 Antiocheni
1821 391 1904 413 con-

281 430 348 460 cilii
369 439 492 462 canone
520 432 559 462 18
584 431 753 471 hucusque
778 431 872 467 liber,
892 431 972 462 liber
1001 441 1072 462 esse
1089 432 1322 471 persewravit,
1341 431 1440 471 idque
1465 432 1566 471 palam
1587 442 1623 464 ac
1650 444 1666 461 α
1682 433 1869 468 manifesto,
1889 445 1902 460 ι

280 481 343 512 nisi
362 481 510 512 alterutra
529 491 568 512 ex
585 481 634 512 his
651 481 891 513 conditionibus
908 486 1058 521 accepta;
1076 481 1124 512 vel
1142 485 1177 512 ut
1193 482 1351 516 Anthimi,
1370 482 1460 521 cujus
1478 483 1651 521 provincia;
1670 484 1791 514 Sasima
1807 484 1901 514 cede-

281 533 367 570 bant,
387 534 546 564 ordinatio
566 533 697 569 Valeret,
717 533 765 564 vel
782 542 860 564 sane
877 534 968 564 locus
985 534 1137 572 episcopo
1155 535 1302 565 careret?
1331 533 1461 573 Alioqui
1479 534 1505 564 si
1523 534 1593 573 ejus
1621 534 1679 565 loci
1702 535 1903 566 renuntiatus

281 587 349 615 erat
367 583 553 623 episcopus,
571 584 657 623 quod
673 583 870 622 objiciebant
885 583 1075 618 adversarii,
1088 583 1152 622 jam
1170 591 1228 614 nec
1244 583 1378 614 occultis
1393 592 1451 614 nec
1463 584 1601 622 cognitis
1614 584 1793 615 rationibus
1808 585 1903 618 liber.

280 635 335 664 sed
353 637 429 665 tunc
443 634 591 664 Ecclesiae
605 633 779 664 Sasimensi
798 634 967 665 manifesto
987 635 1162 672 Gregorius
1178 633 1336 672 illigatus;
1357 635 1420 664 imo
1437 637 1468 664 et
1488 645 1502 662 ‹‹
1521 635 1751 666 communione
1771 635 1901 674 privan—

279 684 340 714 dus
354 695 368 711 ι
386 693 424 715 ex
442 683 585 722 ejusdem
602 683 799 714 Antiocheni
832 683 958 714 concilii
990 692 1112 714 canone
1132 684 1189 719 17,
1208 694 1222 711 α
1238 684 1263 713 si
1291 684 1328 714 ad
1356 683 1529 715 Ecclesiam
1558 685 1618 715 sibi
1647 686 1848 717 commissam
1863 709 1871 722 ,
1886 698 1902 715 ιο

280 734 412 764 remotis
425 734 491 773 jam
508 734 762 772 impedimentis,
781 745 794 761 α
812 733 859 764 ire
876 742 940 764 non
956 733 1182 773 acquievisset.
1199 744 1214 761 D
1235 733 1335 764 .Liber
1355 733 1464 773 itaque
1488 743 1505 764 a
1528 734 1659 766 Sasimis
1678 736 1851 774 Gregorius
1866 746 1903 768 ac

280 784 462 816 liberrimas
479 792 607 822 semper
621 783 696 819 fuit,
713 787 780 814 tum
796 787 881 820 ante,
900 786 967 814 tum
986 787 1056 822 post
1074 782 1188 813 factam
1208 792 1278 813 cum
1299 784 1454 814 Antlnmo
1475 793 1607 823 pacem;
1634 785 1759 818 etiamsi
1777 787 1815 817 ad
1831 796 1902 819 eam

277 835 454 866 Ecclesiam
472 834 588 865 fuisset
608 833 736 870 publice
754 837 784 864 et
800 834 955 864 canonice
970 833 1187 864 renuntiatus.
1210 833 1361 872 Superest
1375 835 1472 873 igitur
1488 838 1523 865 ut
1540 836 1633 866 tacita
1657 840 1687 866 et
1710 837 1833 868 occulta
1846 859 1854 873 ,
1874 838 1900 869 si

276 885 339 916 dici
357 885 460 920 liceat,
482 884 732 920 renuntiatione,
753 883 951 914 Sasimorum
974 883 1147 922 episcopus
1173 884 1347 922 Gregorius
1369 883 1465 915 fuerit
1484 895 1492 914 ε
1511 893 1623 916 verum
1649 895 1689 917 ne
1715 887 1748 918 id
1769 889 1901 928 quidem

276 935 341 967 ulla
359 935 481 966 ratione
496 933 623 965 defendi
643 936 758 973 potest.
788 934 900 973 Neque
924 934 1011 964 enim
1035 933 1287 965 conniventibus
1307 934 1353 964 vel
1373 935 1465 965 tacite
1487 936 1696 974 probantibus
1722 938 1902 978 episcopis,

276 986 381 1021 clero,
408 984 558 1024 populis,
585 993 656 1023 quas
684 984 776 1015 tacita
804 983 1002 1014 renuntiatio
1032 988 1099 1020 est,
1120 992 1263 1023 unquam
1282 984 1364 1015 hanc
1379 985 1553 1016 Ecclesiam
1571 986 1811 1019 administrasse
1835 990 1903 1021 ullo

277 1037 373 1068 modo
389 1036 450 1067 dici
469 1039 595 1074 potest;
613 1043 709 1074 quam
727 1035 809 1066 forte
824 1043 883 1066 nec
897 1035 996 1066 adivit
1014 1043 1170 1075 unquam,
1188 1045 1246 1066 nec
1263 1044 1279 1066 a
1296 1035 1407 1066 limine
1424 1035 1588 1073 salutavit,
1603 1037 1636 1067 in
1652 1047 1714 1077 qua
1730 1047 1790 1070 nec
1806 1040 1902 1078 sedit,

281 1095 339 1118 nec
355 1089 390 1118 ut
408 1086 534 1116 sederet
553 1085 617 1116 ulla
636 1087 665 1114 vi
684 1085 754 1123 cogi
771 1085 875 1124 potuit
893 1088 924 1115 et
940 1084 1067 1115 adduci.
1087 1096 1101 1113 tl
1114 1085 1280 1116 Certamen
1300 1086 1372 1116 iniit
1389 1090 1489 1125 pater,
1507 1097 1521 1115 ιι
1547 1087 1651 1126 inquit
1668 1089 1737 1127 ipse
1753 1089 1795 1131 (α)
1808 1111 1816 1125 ,
1835 1101 1850 1118 ‹‹
1867 1094 1903 1121 ut

276 1142 308 1173 in
330 1137 506 1168 Sasimensi
523 1136 599 1167 sede
619 1144 669 1166 me
685 1135 858 1166 collocaret
876 1146 883 1165 :
904 1140 939 1166 ut
957 1141 1064 1166 autem
1081 1144 1145 1166 non
1165 1136 1275 1173 valuit,
1295 1148 1308 1164 ιι
1327 1140 1386 1167 etc.
1404 1137 1502 1167 Paulo
1519 1141 1615 1176 post:
1634 1150 1647 1166 α
1665 1139 1775 1169 Datam
1794 1143 1902 1171 autem

277 1198 317 1220 ne
332 1188 506 1220 minimum
533 1187 663 1226 quidem
682 1186 856 1217 Ecclesiam
877 1186 990 1224 attigi;
1017 1185 1057 1215 ita
1081 1190 1118 1216 ut
1135 1194 1194 1216 nec
1211 1194 1311 1216 unum
1336 1185 1382 1216 ibi
1408 1186 1600 1218 sacriﬁcium
1624 1189 1690 1218 Deo
1708 1189 1902 1230 obtulerim,

277 1239 325 1270 vel
342 1247 452 1277 preces
472 1247 533 1268 una
554 1245 624 1268 cum
647 1237 765 1276 populo
784 1236 936 1271 fuderim,
958 1244 1016 1266 nec
1032 1235 1220 1267 clericorum
1240 1236 1378 1275 cuipiam
1396 1245 1510 1267 manus
1528 1238 1749 1276 imposuerim.
1767 1250 1782 1267 ι

313 1293 361 1322 Ex
380 1291 510 1322 histum
530 1290 633 1326 factis,
652 1293 718 1320 tum
735 1289 829 1320 dictis
846 1288 959 1327 liquet,
973 1289 1048 1327 quis
1063 1288 1095 1319 in
1109 1288 1265 1327 Gregorio
1279 1300 1293 1316 α
1309 1289 1557 1320 renuntiationis
1571 1293 1601 1320 et
1616 1290 1872 1328 proclamationis
1885 1303 1901 1321 ιι

275 1351 390 1374 sensus
407 1353 416 1373 :
433 1343 487 1373 ille
503 1342 669 1376 nimirum,
685 1341 741 1380 qui
762 1340 925 1380 hodieque
941 1340 1029 1371 inita:
1045 1340 1282 1379 possessionis,
1301 1344 1330 1371 et
1347 1345 1381 1372 ut
1400 1344 1532 1378 vocant,
1551 1342 1699 1373 beneﬁcii
1722 1343 1902 1383 cujuspiam

275 1406 290 1423 ι
304 1395 522 1431 investiturze;
537 1406 551 1422 ιι
568 1403 628 1425 seu
641 1393 738 1424 fuerit
755 1392 808 1423 illa
830 1393 964 1429 «tacita,
981 1403 995 1421 ιι
1014 1402 1086 1423 cum
1103 1393 1198 1424 alicui
1217 1393 1327 1424 sedem
1345 1393 1533 1431 invadenti,
1556 1397 1608 1425 aut
1633 1404 1743 1426 eorum
1760 1398 1797 1427 ad
1818 1405 1901 1436 quos

274 1448 459 1479 conferendi
478 1446 625 1478 beneﬁcii
647 1455 711 1478 non
729 1445 930 1485 omninojus
945 1445 1084 1484 pertinet
1100 1445 1261 1484 precibus,
1279 1446 1330 1476 vel
1347 1446 1442 1477 etiam
1461 1446 1491 1476 vi
1509 1446 1643 1485 quadam
1659 1447 1831 1479 Ecclesiam
1846 1450 1902 1480 ad-

275 1499 467 1532 ministranti
484 1497 677 1533 connivent,
695 1496 858 1535 silentque
876 1497 943 1526 veri
969 1495 1094 1535 patroni
1117 1503 1153 1526 ac
1171 1495 1306 1534 legitimi
1330 1496 1501 1527 collatores
1522 1496 1695 1534 beneﬁcii;
1719 1505 1775 1528 seu
1801 1498 1900 1532 fuerit

275 1564 291 1581 α
307 1550 502 1583 renuntiatio
517 1560 531 1577 ιι
547 1548 585 1579 ad
600 1547 683 1586 juris
701 1547 810 1585 apices
831 1546 1034 1585 formamque
1051 1545 1176 1584 legibus
1202 1546 1356 1576 sancilam
1370 1567 1378 1582 ,
1404 1546 1496 1577 lectis
1520 1550 1551 1577 et
1574 1547 1728 1585 expositis
1751 1550 1901 1588 patroni,

275 1602 401 1642 regisv_e
422 1612 436 1629 α
452 1599 624 1638 diplomate
643 1609 657 1627 ιι
677 1596 886 1632 conferentis,
903 1605 975 1633 seu,
999 1600 1033 1626 ut
1052 1598 1177 1631 vocant,
1199 1596 1459 1635 provisionibus,
1476 1599 1506 1627 et
1523 1607 1538 1624 ar
1555 1597 1640 1628 bulla
1652 1621 1661 1634 ,
1679 1609 1693 1627 ιι
1710 1598 1736 1630 si
1757 1609 1820 1640 qua
1837 1601 1878 1632 sit
1891 1622 1900 1636 ,

276 1661 374 1694 paptB,
391 1655 444 1682 aut
461 1661 476 1680 ε
490 1649 570 1685 visa,
585 1659 600 1677 ιι
615 1651 710 1687 atque
728 1655 744 1678 a
777 1651 999 1686 promovente,
1015 1645 1048 1676 in
1064 1645 1140 1676 sede
1154 1648 1189 1676 ut
1202 1645 1376 1684 plurimum
1390 1654 1428 1676 eo
1441 1646 1497 1685 qui
1512 1651 1718 1685 promovetur
1733 1650 1900 1688 collocato,

274 1704 412 1741 aliisque
427 1700 466 1730 de
486 1707 574 1729 more
592 1697 740 1737 peractis,
757 1696 877 1736 quibus
896 1695 993 1726 hodie
1006 1696 1080 1735 quis
1098 1696 1145 1726 vel
1162 1696 1378 1735 episcopatus,
1396 1697 1444 1727 vel
1462 1697 1594 1728 alterius
1610 1699 1754 1731 beneﬁcii
1772 1710 1902 1739 posses-

273 1765 329 1787 sor
344 1755 498 1787 ﬁrmatur,
515 1753 569 1782 aut
584 1752 682 1787 certe,
699 1749 725 1779 si
742 1748 826 1779 alius
843 1748 1031 1784 intercedat,
1050 1758 1064 1775 κ
1081 1747 1302 1785 denuntiatur,
1315 1752 1346 1779 et
1360 1748 1560 1787 praedicatur,
1576 1761 1590 1778 ιι
1608 1751 1692 1789 quod
1707 1751 1813 1783 Graeca
1831 1755 1899 1792 ipsa

273 1808 440 1846 κηρύσσεται
456 1806 591 1838 sonant;
608 1808 790 1841 quanquam
807 1807 871 1830 non
887 1808 925 1831 eo
943 1800 973 1830 id
991 1800 1024 1830 in
1040 1799 1186 1836 Oriente,
1203 1808 1268 1839 quo
1289 1799 1323 1830 in
1339 1799 1388 1830 his
1405 1800 1568 1838 partibus,
1588 1801 1683 1832 modo
1705 1801 1802 1833 ﬁeret.
1819 1803 1901 1834 Sen—

274 1866 346 1889 sum
369 1857 454 1888 hunc
471 1855 626 1886 exhibent
642 1853 738 1884 verba
754 1852 915 1891 Gregorii,
934 1852 1092 1883 contraria
1107 1856 1137 1883 et
1152 1851 1300 1891 opposita
1317 1852 1355 1882 de
1371 1851 1530 1882 Nazianzo
1547 1852 1744 1891 Sasimisque
1758 1854 1902 1884 scriben-

274 1909 316 1938 tis
331 1906 371 1946 (ὁ)
389 1917 397 1937 :
419 1905 552 1936 Sasimis
570 1915 583 1932 α
597 1903 812 1943 propositum,
829 1913 843 1930 ι
860 1902 1077 1941 designatum,
1095 1910 1131 1932 ac
1146 1901 1173 1932 si
1191 1901 1284 1937 velis,
1297 1901 1496 1932 nominatum
1510 1903 1698 1940 antistitem,
1713 1911 1776 1934 non
1793 1907 1898 1934 autem

274 1957 447 1993 Nazianzo;
465 1959 575 1986 contra
593 1961 668 1984 vero
686 1952 838 1984 Ecclesiae
853 1952 1064 1983 Nazianzenus
1081 1960 1146 1983 non
1165 1951 1365 1991 propositum
1378 1973 1386 1988 ,
1406 1960 1469 1982 non
1487 1952 1706 1992 designatum,
1726 1961 1790 1983 non
1809 1953 1900 1983 ordi-

275 2013 385 2041 natum
402 2008 599 2046 episcopum,
615 2005 670 2035 sed
688 2004 908 2035 renuntiatum
924 2006 1028 2034 tamen
1041 2026 1048 2040 ,
1070 2003 1167 2042 idque
1191 2014 1205 2031 α
1232 2002 1270 2043 (c)
1289 2003 1427 2043 primum
1445 2008 1475 2034 et
1494 2004 1532 2034 ab
1549 2003 1660 2040 initio,
1676 2015 1689 2032 ιι
1715 2013 1899 2044 quanquam

275 2071 291 2088 κ
305 2068 369 2090 non
386 2058 526 2098 publico,
541 2068 555 2084 »
575 2056 630 2086 sed
647 2055 742 2086 tacito
755 2058 878 2086 tantum
903 2063 1020 2093 genere
1042 2055 1292 2086 renuntiationis
1315 2065 1323 2085 :
1341 2063 1413 2094 quae
1440 2055 1572 2094 quidem
1587 2055 1693 2094 specie
1717 2058 1811 2085 tenus
1837 2063 1898 2094 pu-

275 2108 414 2149 gnantia,
433 2107 490 2138 hac
506 2107 627 2138 ratione
643 2105 806 2136 conciliari
824 2104 855 2135 et
871 2105 1011 2143 intelligi
1030 2109 1179 2143 possunt.

314 2159 463 2190 Ecclesia)
482 2157 617 2196 alicujus
639 2160 746 2195 pastor
764 2164 829 2186 non
850 2154 880 2186 is
899 2159 1060 2192 censetur,
1082 2164 1141 2186 nec
1164 2156 1199 2186 in
1227 2160 1389 2195 pastorum
1411 2165 1581 2187 numerum
1605 2155 1754 2193 refertur,
1782 2156 1836 2196 qui
1859 2155 1898 2186 ad

275 2218 342 2241 eam
360 2209 492 2245 electus,
511 2210 689 2247 promotus,
708 2205 756 2236 vel
774 2205 868 2236 etiam
886 2203 1065 2240 ordinatus,
1081 2204 1153 2243 jure
1173 2205 1298 2235 tandem
1316 2205 1420 2242 cadit;
1446 2206 1501 2235 sed
1528 2205 1582 2244 qui
1609 2205 1688 2235 victa
1713 2214 1806 2236 causa
1825 2213 1899 2244 pos.

274 2259 451 2290 sessionem
467 2257 532 2288 adit
548 2259 644 2295 atque
659 2255 795 2286 obtinet.
811 2254 880 2291 Qua
895 2253 996 2293 igitur
1011 2255 1137 2285 ratione
1152 2254 1346 2285 Sasimensis
1358 2256 1506 2286 Ecclesiae
1520 2255 1690 2294 episcopus
1706 2256 1770 2286 dici
1789 2259 1899 2294 posset

273 2309 458 2350 Gregorius,
474 2308 529 2354 qui
544 2308 667 2338 Sasima
684 2314 747 2336 non
764 2306 870 2344 attigit
887 2306 1031 2345 quidem,
1052 2315 1110 2337 nec
1126 2306 1194 2337 illic
1210 2307 1401 2346 episcopalis
1423 2308 1566 2339 muneris
1585 2309 1668 2339 vices
1695 2308 1775 2338 ullas
1791 2308 1899 2339 obiit?

274 2362 305 2392 Si
321 2360 441 2391 Sasima
465 2358 547 2389 dixit
568 2369 582 2386 α
597 2365 672 2393 sua,
688 2367 702 2384 ιι
732 2355 765 2386 id
794 2364 856 2386 non
884 2355 945 2385 nisi
969 2355 1090 2386 ironice
1114 2365 1122 2385 :
1151 2357 1314 2394 egregium
1336 2357 1415 2387 illud
1431 2357 1600 2388 Basilianaa
1616 2357 1763 2388 amicitiae
1781 2365 1898 2387 munus

276 2411 353 2442 ridet
369 2413 399 2441 et
415 2408 595 2448 exprobrat.
610 2406 664 2436 Vel
681 2405 776 2437 etiam
789 2416 803 2434 α
818 2414 874 2436 sua
890 2416 905 2433 ιι
921 2404 1028 2435 dicere
1047 2406 1162 2444 potuit,
1177 2406 1252 2445 quia
1267 2406 1329 2437 sibi
1346 2407 1508 2444 attributa,
1526 2407 1589 2437 sibi
1606 2406 1722 2444 oblata,
1738 2406 1798 2437 sibi
1813 2407 1895 2440 data.

274 2462 329 2493 sed
345 2470 361 2492 a
380 2459 480 2491 dubio
496 2465 698 2499 possessore.

314 2513 501 2551 Priusquam
516 2509 638 2540 Sasima
652 2507 862 2542 dimittamus,
882 2507 1031 2546 exemplo
1050 2516 1116 2539 rem
1135 2507 1386 2539 illustrabimus.
1403 2509 1611 2546 Beneﬁcium,
1627 2512 1661 2539 ut
1677 2511 1789 2539 vocant
1805 2508 1897 2546 illud,

274 2564 327 2594 cui
346 2563 525 2594 animarum
542 2568 616 2590 cura
633 2558 803 2595 incumbit,
821 2558 917 2597 vulgo
933 2562 1092 2595 curatum,
1116 2559 1172 2590 uni
1192 2559 1309 2590 clerico
1335 2564 1505 2599 patronus;
1531 2560 1609 2590 alter
1631 2567 1687 2599 pro
1714 2562 1846 2598 patrono
1863 2567 1898 2590 se

274 2622 389 2654 gerens
402 2612 491 2644 alteri
507 2612 676 2651 praesentet
691 2608 919 2649 conferatque;
936 2613 990 2640 aut
1005 2615 1092 2641 certe
1108 2611 1139 2641 in
1156 2610 1244 2641 curia
1259 2612 1400 2642 Romana
1418 2611 1524 2651 quivis
1542 2611 1623 2642 alius
1648 2611 1802 2643 obtineat.
1819 2612 1897 2642 Pos-

275 2665 419 2696 sessione
432 2663 505 2703 jura
520 2670 578 2693 sua
597 2661 699 2692 ﬁrmet
713 2660 813 2695 alter;
834 2660 912 2691 alter
923 2664 978 2692 aut
991 2665 1146 2698 arceatur,
1163 2665 1218 2692 aut
1232 2662 1363 2700 segnius
1379 2666 1460 2701 agat.
1475 2663 1557 2693 Dum
1570 2662 1698 2694 interim
1714 2663 1773 2693 sub
1785 2663 1898 2702 judice

276 2716 313 2746 lis
329 2718 390 2752 est,
409 2714 491 2744 intra
506 2719 639 2747 annum,
657 2709 751 2747 utﬁt,
769 2710 947 2741 sacerdotio
964 2715 1100 2750 uterque
1118 2711 1262 2742 initietur
1281 2719 1317 2742 ea
1336 2716 1442 2743 mente
1461 2716 1492 2743 et
1508 2713 1655 2750 consilio,
1669 2716 1702 2744 ut
1718 2712 1822 2744 ofﬁcio
1836 2720 1897 2743 suo

275 2765 366 2805 fungi
381 2765 493 2795 valeat.
510 2762 558 2793 Ad
573 2761 746 2793 Ecclesiam
777 2759 921 2791 eamdem
947 2760 1087 2791 ordinati
1113 2761 1207 2792 ambo
1226 2761 1275 2792 vel
1300 2761 1423 2793 interea
1447 2763 1658 2802 paciscantur,
1686 2763 1734 2795 vel
1761 2765 1896 2795 senatus

309 2845 348 2916 (αέ
368 2846 456 2886 Carm.
473 2845 510 2872 De
525 2844 577 2871 vita
596 2852 662 2878 sua,
677 2850 702 2871 v.
719 2842 781 2876 I97,
803 2846 830 2870 et
841 2842 906 2878 :seq.
1147 2843 1182 2879 (ο)
1201 2842 1286 2880 Epist.
1301 2844 1336 2872 al.
1351 2844 1415 2873 225.

311 2884 336 2916 (ιι
365 2881 450 2916 Epist.
466 2881 501 2908 al.
518 2879 566 2914 424

311 2879 347 2916 (ὁ)
365 2881 450 2916 Epist.
466 2881 501 2908 al.
518 2879 566 2914 £24
