2058 3128
202 149 232 177 15
691 144 876 173 ΡΒᾹΞἘΑΤΙΟ
895 143 1010 172 GENER

1015 143 1102 173 aus.
1120 160 1156 164 —
1176 145 1264 173 rans
1282 145 1314 172 ιι.
1434 123 1436 127 ⁷
1792 143 1825 172 π

200 205 349 237 consulto
364 205 543 245 possidenti
562 205 615 244 jus
639 207 814 241 asseratur,
837 201 886 233 vel
913 201 994 232 alter
1018 201 1183 242 denique,
1212 203 1346 234 minime
1372 204 1610 241 contentiosus,
1637 211 1696 236 nec
1720 203 1827 234 litium

202 263 324 293 amans,
343 255 498 286 aemulum
513 254 599 285 ultro
614 253 697 285 sinat
716 260 953 293 possessorem,
969 252 1097 292 ipsique
1114 261 1176 283 suo
1188 252 1262 292 jure
1278 255 1379 285 cedat.
1396 254 1548 285 Sacerdos
1563 254 1693 295 quidem
1710 254 1738 285 is
1755 254 1829 291 erit,

203 304 389 343 propositus
408 303 517 340 etiam,
534 303 734 341 designatus,
751 301 986 340 ordinatusque
1000 300 1039 332 ad
1057 301 1231 332 Eeclesiam
1248 303 1347 340 illam,
1364 304 1453 334 velut
1467 304 1505 335 ad
1520 304 1733 335 Sasimensem
1749 303 1831 334 Gre-

203 354 313 393 gorius
344 353 428 385 Num
444 354 566 385 idcirco
580 353 705 384 dicetur
720 352 809 384 illius
826 351 889 382 loci
907 351 1068 389 sacerdos,
1087 355 1120 383 et
1139 352 1170 382 in
1186 356 1348 391 pastorum
1366 353 1461 394 hujus
1477 354 1628 385 Ecclesiae
1644 353 1825 392 catalogum

203 413 346 445 unquam
367 405 547 437 referetur?
568 404 702 436 Minime
720 412 819 441 sane;
837 402 914 443 quia
929 401 1030 435 dubio
1044 410 1172 441 semper
1184 406 1239 434 aut
1254 407 1461 435 controverso
1472 404 1545 444 jure
1561 412 1621 435 suo
1636 404 1754 435 cecidit
1769 407 1824 433 aut

203 459 317 496 sponte
334 456 442 488 cessit.

241 506 335 543 Quod
354 509 446 538 aetate
466 508 570 538 nostra
589 516 604 534 ε
622 503 901 545 praesentatio‘nes,
917 502 1133 542 provisiones,
1149 504 1338 536 collationes
1354 516 1368 533 ι
1386 509 1518 542 vocant,
1538 505 1599 536 hoc
1615 504 1751 544 majores
1767 511 1829 535 no-

206 558 263 588 stri
290 558 329 588 ad
356 558 439 589 hanc
463 557 511 589 vel
529 557 616 588 illam
636 555 811 587 Ecclesiam
834 554 1054 586 ordinationes
1079 556 1303 595 appellabant;
1325 558 1400 597 quia
1423 562 1501 589 tunc
1525 565 1621 588 nemo
1642 558 1713 587 sine
1735 557 1831 589 titulo

205 609 423 641 ordinabatur.
438 608 517 644 Quae
532 607 559 638 si
577 605 727 638 alicunde
741 614 838 636 cassa;
857 605 1053 635 haberentur
1071 609 1102 635 et
1128 606 1236 642 irritae,
1256 607 1380 638 nullum
1395 631 1403 646 ,
1427 613 1462 639 ut
1477 608 1519 638 ita
1539 608 1661 647 loquar,
1681 609 1719 638 ad
1741 612 1831 639 extra

204 661 421 693 sortiebantur
444 658 591 690 eﬂ'ectum
620 668 628 687 :
656 659 687 687 et
711 656 767 696 qui
785 655 909 687 nullius
929 654 991 685 loci
1011 655 1160 686 sacerdos
1184 660 1237 687 aut
1262 657 1433 697 episcopus
1452 658 1612 693 manebat,
1630 669 1644 686 α
1663 658 1798 695 Vacans,
1815 670 1829 686 ιο

204 716 354 754 σχολάζων,
381 710 558 742 dicebatur.
575 708 662 740 Talis
686 708 762 745 fuit,
781 711 816 739 ut
842 716 879 738 ex
897 707 992 737 dictis
1010 709 1106 744 patet,
1121 706 1281 738 ordinatio
1297 709 1442 748 Gregorii
1460 709 1496 740 ad
1514 710 1646 741 Sasima.

246 763 353 795 Fuerit
369 769 445 800 ergo
469 759 644 798 Gregorius
672 759 710 789 ad
740 757 862 789 Sasima
887 756 1089 796 propositus,
1114 757 1319 796 designatus,
1341 759 1619 799 inauguratusque
1644 760 1829 799 episcopus,

206 811 400 846 ordinationi
414 819 482 842 sua)
503 809 727 845 consenserit,
743 806 938 839 Sasimensis
953 809 1059 837 tamen
1074 807 1246 846 episcopus
1264 817 1323 840 nec
1336 808 1416 845 fuit,
1434 817 1492 840 nec
1508 809 1571 840 dici
1586 813 1701 848 potest,
1717 810 1777 840 nisi
1793 810 1833 841 ab

203 863 323 896 invidis
339 865 370 893 et
385 853 694 896 calumniatoribus;
712 860 834 899 quippe
846 858 902 898 qui
920 865 980 888 nec
993 861 1116 896 aperte,
1133 867 1191 890 nec
1208 859 1311 896 tacite,
1330 868 1394 890 non
1417 861 1583 898 canonica,
1599 869 1662 891 non
1677 861 1738 891 alia
1756 870 1834 900 qua-

205 915 254 945 vis
275 913 397 944 ratione
417 911 478 942 loci
501 910 592 941 illius
616 909 789 949 episnopus
813 906 911 939 fuerit
941 907 1166 945 renuntiatus,
1195 909 1312 939 nedum
1337 917 1479 949 unquam
1503 909 1535 940 in
1561 911 1736 942 Sasimensi
1756 911 1833 942 sede

206 964 379 996 collocatus
397 965 430 992 et
447 961 603 992 ﬁrmatus.

243 1017 321 1053 Quae
346 1014 504 1045 hactenus
528 1009 764 1048 di5putavimus
776 1029 785 1044 ,
801 1011 908 1048 aperta
922 1031 930 1045 ,
947 1018 1020 1040 vera
1032 1031 1041 1044 ,
1058 1013 1142 1040 certa
1156 1031 1163 1045 ,
1179 1010 1362 1040 necessaria
1391 1014 1481 1041 erant
1500 1011 1538 1041 ad
1563 1011 1796 1050 propulsandus
1817 1021 1833 1043 ιι

204 1066 357 1106 Gregorio
373 1066 485 1094 nostro
502 1060 702 1095 calumnias;
719 1062 789 1097 apta
806 1057 902 1089 etiam
929 1063 959 1090 et
979 1059 1146 1090 commoda
1170 1059 1206 1090 ad
1231 1060 1476 1099 abstergendam
1491 1070 1508 1091 a
1532 1066 1620 1092 textu
1640 1062 1750 1093 GNBCO
1766 1071 1836 1093 cor-

205 1115 369 1158 ruptionis
387 1118 508 1148 notam,
532 1114 629 1150 atque
644 1110 682 1141 ad
700 1109 872 1141 tollendam
890 1109 929 1140 ab
946 1109 1126 1140 innumeris
1141 1109 1241 1146 locis,
1263 1110 1319 1149 qui
1348 1118 1490 1150 pugnare
1513 1111 1598 1143 inter
1615 1122 1651 1144 se
1670 1114 1835 1151 videntur,

205 1166 459 1209 repugnantiam.
474 1163 542 1193 Hac
561 1160 611 1192 via
634 1160 787 1191 nimirum
808 1159 929 1200 iniquae
947 1161 987 1191 de
1004 1159 1213 1190 translatione
1237 1160 1276 1190 ad
1301 1160 1409 1191 sedem
1440 1161 1835 1202 ConstantinOpolitanam

205 1218 421 1261 quaestiones;
438 1215 477 1245 de
497 1212 598 1243 tribus
612 1211 868 1251 episcopalibus,
886 1210 1052 1250 simulque
1069 1209 1172 1246 nullo,
1191 1218 1285 1240 mera)
1302 1210 1421 1240 veteris
1439 1211 1569 1242 invidiae
1588 1222 1623 1243 ac
1643 1214 1833 1245 reccutioris

204 1260 370 1309 cujusdam
394 1262 561 1303 scriptoris
578 1271 636 1293 seu
657 1261 826 1292 calumniae
842 1270 899 1292 seu
916 1265 1094 1291 commenta
1115 1260 1175 1301 (a);
1192 1261 1232 1292 de
1249 1265 1400 1300 corrupto
1416 1261 1511 1300 epist.
1529 1272 1631 1294 ccxxv
1648 1269 1737 1296 textu
1755 1274 1837 1296 con-

203 1321 334 1360 jecturm
349 1315 567 1348 evanescunt;
585 1317 724 1350 veraque
741 1315 817 1342 sunt
836 1315 867 1342 et
884 1311 1045 1349 expedita,
1063 1318 1135 1349 quae.
1153 1311 1183 1340 in
1202 1310 1336 1348 epistola
1353 1310 1432 1341 alias
1449 1320 1515 1342 xm
1530 1316 1560 1342 et
1580 1313 1695 1344 iterum
1711 1315 1743 1345 in
1763 1315 1836 1355 epi—

205 1369 285 1401 stola
306 1366 384 1398 alias
407 1371 522 1399 ccxxv,
548 1366 579 1393 et
602 1362 636 1392 in
659 1361 730 1392 aliis
757 1361 837 1391 locis
868 1361 987 1401 legenti
1010 1362 1137 1400 negotia
1160 1360 1361 1392 facessebant
1382 1371 1390 1390 :
1413 1363 1500 1400 quod
1522 1363 1661 1401 amplius
1684 1366 1837 1404 sequenti

206 1417 433 1450 dissertatione
447 1414 486 1444 de
504 1412 691 1452 episcopatu
706 1411 910 1443 Nazianzenu
927 1411 1059 1451 patebit.
1076 1412 1168 1442 Hanc
1184 1411 1313 1442 claudet
1330 1410 1552 1443 testimonium
1569 1414 1686 1447 Nicette
1700 1417 1836 1456 Paphla-

206 1469 297 1509 gonis
317 1470 392 1497 tom.
411 1464 453 1494 Vl
469 1463 552 1494 Bibl.
569 1461 823 1492 Concionatorim
847 1468 934 1502 parte
951 1463 1053 1502 prima
1078 1463 1139 1494 sub
1166 1463 1261 1493 ﬁnem
1276 1485 1284 1499 ,
1312 1469 1378 1501 quo
1404 1463 1536 1501 quidem
1563 1466 1749 1500 testimonio
1771 1473 1837 1501 tota

205 1516 437 1562 propemodum
452 1511 643 1552 disceptatio
660 1520 800 1549 prmsens
815 1521 850 1543 ac
867 1513 1014 1552 proxima
1032 1513 1228 1544 continetur.

245 1573 412 1610 Postquam
430 1565 570 1598 narravit
585 1568 692 1596 orator
707 1565 760 1606 (ὁ),
773 1568 937 1605 quomodo
954 1569 1191 1608 episcoporum,
1209 1566 1401 1598 Antiocheni
1420 1567 1452 1597 in
1468 1565 1578 1604 primis
1596 1569 1699 1607 magni
1715 1570 1837 1603 Meletii

206 1617 493 1658 votis,Gregorius
509 1615 607 1646 fuerit
622 1616 657 1646 in
671 1617 749 1647 sede
774 1616 1130 1659 Constantinopolitana
1164 1618 1359 1654 collocatus,
1391 1617 1566 1657 objectioni
1594 1619 1734 1650 occurrit
1765 1630 1838 1660 per-

206 1673 316 1713 gitque
332 1680 340 1700 :
359 1680 374 1698 α
391 1669 432 1699 At
449 1673 544 1698 nemo
562 1665 741 1704 illegitime,
758 1670 933 1707 contraque
948 1677 984 1700 ac
1001 1677 1089 1700 sacra
1108 1667 1259 1699 Ecclesiae
1277 1668 1388 1707 regula
1404 1671 1559 1698 statutum
1578 1673 1638 1704 est,
1656 1669 1693 1700 ad
1713 1671 1836 1702 tertiam

206 1735 279 1759 eum
296 1723 467 1756 arbitretur
482 1715 649 1750 transferri
669 1716 792 1747 sedem.
809 1716 888 1747 Nam
906 1726 1014 1758 neque
1031 1727 1068 1750 ea
1087 1727 1138 1749 res
1176 1718 1340 1749 translatio
1359 1721 1419 1753 est,
1437 1719 1494 1749 sed
1520 1719 1646 1756 electio,
1672 1722 1840 1762 primaque

206 1788 243 1812 ac
260 1779 352 1810 unica
366 1778 398 1807 in
414 1774 494 1806 urbe
512 1772 654 1810 Augusta
674 1777 732 1807 pro
749 1768 889 1809 episcopi
905 1771 1072 1809 dignitate,
1090 1775 1187 1811 atque
1204 1780 1337 1802 munere
1353 1771 1440 1802 sedis
1460 1770 1640 1802 collocatio.
1656 1771 1732 1803 Nam
1751 1775 1838 1812 quod

207 1832 311 1873 primo
326 1829 471 1863 Sasimis,
487 1823 704 1859 utidicebam,
723 1822 889 1861 praefectus
907 1827 976 1861 est,
992 1825 1025 1855 id
1053 1825 1158 1856 solum
1180 1824 1391 1863 promotiouis
1420 1832 1513 1854 causa
1540 1824 1613 1861 fuit,
1636 1833 1708 1855 cum
1732 1834 1840 1866 neque

207 1881 316 1913 sedem
339 1877 506 1917 receperit,
527 1884 587 1907 nec
611 1874 743 1905 omnino
761 1874 828 1905 illic
850 1875 1064 1913 ordinaverit,
1086 1876 1222 1907 ullamve
1249 1876 1415 1916 mysticam
1443 1875 1658 1907 initiationem
1677 1887 1732 1916 pro
1751 1881 1840 1910 anti—

209 1934 293 1965 stitis
308 1931 452 1973 partibus
467 1928 697 1965 celebraverit;
714 1928 801 1966 quod
815 1935 931 1966 nempe
953 1928 1078 1959 viculus
1093 1929 1130 1959 ad
1145 1928 1385 1958 sustentandam
1400 1926 1614 1966 episcopalem
1633 1928 1740 1959 sedem
1752 1935 1839 1961 esset

210 1983 344 2015 omnino
362 1981 505 2019 ineptus.
526 1978 762 2008 Nazianzenam
786 1981 890 2008 autem
921 1978 1103 2009 cathedram
1126 1978 1287 2017 quondam
1316 1978 1492 2014 curavisse,
1525 1986 1596 2008 cum
1628 1983 1715 2015 pater
1752 1981 1839 2011 illius

211 2032 381 2073 episcopus
395 2025 500 2065 esset";
516 2031 547 2058 at
561 2034 624 2057 non
641 2029 712 2065 ejus
728 2029 868 2057 creatum
883 2035 953 2057 esse
966 2027 1167 2067 episcopum,
1183 2031 1237 2058 aut
1253 2029 1360 2059 sedem
1382 2027 1466 2058 illam
1487 2038 1628 2069 unquam
1645 2033 1837 2071 suscepisse.

208 2083 321 2114 Solum
335 2084 443 2112 autem
460 2077 558 2119 patris
573 2079 701 2110 hortatu
716 2087 750 2110 ac
771 2080 864 2120 jussu
893 2083 928 2110 ut
943 2080 1023 2111 sacri
1050 2080 1222 2111 ministerii
1252 2080 1411 2111 defectum
1437 2082 1598 2121 impleret,
1624 2085 1671 2115 sic
1689 2085 1842 2116 Ecclesia)

209 2143 317 2167 curam
331 2133 526 2171 suscepisse,
541 2135 577 2162 ut
589 2136 726 2164 senecta;
743 2132 881 2164 fulcrum
897 2142 932 2164 ac
950 2137 1091 2171 paternae
1108 2133 1337 2164 imbecillitatis
1365 2135 1619 2165 sustentaculum
1636 2135 1774 2165 audiret.
1795 2135 1840 2166 lla

209 2197 288 2221 vero
304 2197 338 2219 se
353 2195 420 2218 rem
433 2186 563 2222 habere,
580 2184 676 2215 etiam
694 2193 733 2215 ex
749 2185 789 2215 iis
806 2185 1012 2223 perspicuum
1028 2188 1088 2221 est,
1106 2193 1178 2224 quae
1193 2185 1262 2224 ipse
1278 2186 1316 2216 ad
1334 2185 1523 2224 Gregorium
1538 2185 1599 2217 sibi
1615 2187 1839 2225 cognominem

209 2240 371 2281 scribit(c)
387 2251 396 2271 :
413 2240 526 2270 «Inter
548 2246 661 2270 omnes
685 2237 804 2269 etenim
825 2241 949 2268 constat
967 2247 1016 2268 me
1031 2246 1094 2269 non
1113 2238 1279 2274 Nazianzi,
1293 2239 1348 2269 sed
1364 2239 1559 2269 Sasimorum
1576 2239 1752 2270 antistitem
1770 2249 1839 2270 cre-

211 2305 227 2322 ι
247 2297 346 2328 atum,
361 2291 587 2332 (propositum,
598 2290 817 2330 προεϐλήοημεν)
836 2289 949 2326 fuisse,
961 2290 1086 2321 tametsi
1096 2290 1127 2320 in
1137 2290 1233 2330 patris
1243 2291 1451 2322 reverentiam
1460 2295 1608 2322 eteorum
1617 2293 1671 2331 qui
1680 2292 1841 2331 supplices

213 2356 228 2374 α
247 2345 307 2376 hoc
320 2353 338 2376 a
353 2353 403 2375 me
419 2341 664 2379 contenderunt,
676 2342 713 2373 ad
731 2342 828 2373 breve
845 2345 981 2380 tempus,
993 2341 1085 2381 quasi
1099 2341 1240 2381 hospites
1256 2341 1707 2382 prtefecturamsuscepimus.
1721 2354 1735 2372 an
1747 2343 1839 2380 Quod

212 2396 310 2435 igitur
325 2398 414 2435 pater
429 2391 595 2424 mortalem
614 2391 710 2422 vitam
727 2389 834 2420 divina
850 2393 1118 2426 commutaverat,
1134 2394 1299 2421 vacantem
1311 2391 1377 2430 jam
1397 2390 1566 2423 inventum
1577 2392 1683 2423 divina
1703 2393 1842 2432 Spiritus

212 2447 324 2488 gratia,
342 2447 482 2485 vitatque
497 2453 533 2476 ac
547 2443 700 2474 doctrinae
718 2441 859 2473 humana
885 2442 1005 2481 majore
1031 2442 1213 2481 praestantia
1237 2449 1346 2481 postea
1371 2443 1587 2474 clarissimum
1613 2443 1777 2477 elfeclum,
1809 2443 1840 2473 in

216 2499 302 2531 urbis
318 2501 471 2538 Augustae
485 2496 567 2528 solio
581 2498 735 2535 quantum
758 2493 859 2525 oculis
877 2494 1090 2533 conspicuum
1122 2498 1200 2533 erat,
1223 2495 1407 2533 constituit;
1438 2499 1596 2535 quantum
1611 2499 1717 2527 autem
1731 2496 1841 2527 animo

214 2550 417 2591 aspectabile,
434 2549 521 2580 orbis
538 2551 695 2579 terrarum
710 2546 831 2577 bonum
850 2549 1008 2585 pastorem
1025 2555 1242 2586 magnumque
1258 2548 1433 2579 antistitem
1450 2548 1590 2587 praeﬁcit.
1608 2558 1622 2576 »

253 2603 385 2642 Rejecto
397 2599 786 2639 Sasimensiepiscopatu,
807 2598 1002 2638 rejiciendus
1021 2607 1152 2638 quoque
1166 2599 1400 2638 Nazianzenus,
1420 2604 1451 2632 et
1465 2599 1842 2637 Constantinopolitanus

214 2657 263 2684 est
277 2653 469 2684 asserendus
487 2662 494 2681 :
511 2651 543 2682 id
553 2650 683 2690 quidem
700 2650 925 2689 exsequimur.
942 2649 1085 2688 Abjectis
1102 2649 1248 2687 Sasimis,
1262 2651 1438 2691 Gregorius
1449 2653 1482 2684 in
1499 2653 1705 2684 solitudinem
1717 2661 1751 2684 se
1768 2661 1844 2684 con-

215 2704 300 2741 tulit,
317 2711 334 2734 e
347 2712 410 2743 qua
426 2706 592 2740 retractus,
606 2702 801 2741 roganti,vel
816 2701 942 2742 jubenti
959 2702 1038 2741 patri
1061 2702 1091 2733 id
1107 2705 1230 2734 tantum
1246 2704 1405 2735 concessit
1420 2705 1462 2744 (ἀ)
1477 2708 1511 2736 ut
1527 2716 1542 2734 α
1560 2704 1758 2738 collaborans
1771 2714 1844 2737 cum

253 2796 290 2866 (αἶ
310 2796 406 2831 Dupin.
423 2795 492 2823 Bibl.
508 2795 570 2822 sccl.
589 2796 630 2822 tit.
650 2795 822 2823 Gxacoams.
906 2828 918 2835 η
1091 2796 1127 2828 lc)
1147 2796 1196 2830 Ep.
1214 2796 1249 2823 nl.
1265 2797 1310 2824 42.

256 2833 278 2864 ib
310 2831 386 2859 Tom.
406 2830 448 2863 VI,
472 2838 499 2866 p.
514 2830 576 2864 651,
591 2832 642 2858 col.
656 2830 683 2864 Ξ,
700 2839 732 2858 ex
753 2835 822 2858 orat.
847 2830 874 2856 in
898 2833 1000 2866 brego-
1090 2831 1128 2866 (ά)
1144 2831 1233 2859 Carm.
1253 2832 1289 2859 De
1306 2841 1310 2859 ι

310 2828 386 2859 Toin.
406 2830 448 2863 VI,
472 2838 499 2866 p.
514 2830 576 2864 651,
591 2832 642 2858 col.
656 2830 683 2864 Ξ,
700 2839 732 2858 ex
753 2835 822 2858 orat.
847 2830 874 2856 in
898 2828 1000 2867 Grego-
1090 2831 1122 2867 (ἀλ

753 2835 822 2858 orat.
847 2830 874 2856 in
898 2828 1000 2867 Grego-
1090 2831 1128 2867 (ά)
1144 2828 1233 2859 carm.
1253 2832 1289 2859 De
1306 2833 1357 2860 vita
1375 2841 1433 2866 sua,
1455 2841 1478 2861 ν.
1496 2833 1557 2861 500.

219 2874 298 2894 nam.

377 2914 515 2946 Ρλτιιοι.
537 2915 598 2947 Gn.
620 2914 752 2945 XXXV.
932 2923 933 2926 η
1692 2910 1711 2940 3
