2058 3128
253 155 287 183 75
745 154 930 186 ΡΒιΕΡΑΤΙΟ
949 158 1065 187 GENER

1070 158 1156 187 ALIS.
1182 175 1217 180 —
1236 159 1326 188 PARS
1345 159 1377 187 ll.
1850 165 1882 192 7o

252 223 291 246 eo
298 223 405 246 curam
413 217 564 248 Ecclesiae
572 228 587 245 ν
598 216 805 248 Nazianzenus
818 227 833 245 α
842 217 1037 257 susciperet;
1052 228 1068 247 ι
1080 226 1117 249 ea
1129 217 1200 257 lege
1211 226 1248 250 ac
1258 217 1458 255 conditione,
1472 220 1505 250 ut
1517 228 1556 252 ne
1569 219 1644 252 huic
1654 222 1883 262 astringeretur

250 263 412 301 Ecclesiae,
421 270 586 306 etparente
597 268 781 309 mortuo(a),
791 280 805 297 or
815 278 950 309 pennam
957 269 1084 309 spiritui
1092 278 1157 310 quo
1166 269 1260 301 vellet
1269 273 1302 301 et
1312 268 1475 310 quomodo
1484 271 1673 304 velletsuam
1683 273 1882 314 permitteret

250 315 470 356 deferendam,
488 327 547 351 nec
564 320 711 361 quisqam
728 320 824 358 foret,
850 322 908 362 qui
934 331 968 353 se
984 330 1096 360 cogere
1117 325 1239 362 posset,
1262 326 1316 354 aut
1336 322 1399 354 alio
1419 322 1584 356 traducere
1601 330 1844 366 repugnantem.
1863 338 1880 357 ιο

250 368 369 399 Mirum
385 374 445 406 est,
474 371 663 411 Gregorium
679 373 888 405 Nazianzenus
911 374 1062 406 Ecclesiae
1085 374 1272 414 episcopum
1287 373 1484 414 appellatum
1500 375 1612 412 fuisse,
1629 384 1700 407 cum
1716 377 1880 415 tantopere

252 420 445 458 precaverit,
467 426 501 452 ut
523 430 565 453 ne
589 422 666 454 huic
686 423 838 455 Ecclesia;
859 425 1046 464 elligaretur
1061 434 1071 456 ':
1091 425 1184 457 multi
1214 429 1319 457 tamen
1343 426 1531 464 scriptores,
1564 430 1690 459 veteres
1719 431 1751 459 et
1770 437 1879 460 recen-

254 469 365 507 tiores,
382 472 548 512 Theologo
563 474 766 514 reclamante,
785 485 857 507 eum
874 477 1111 509 Nazianzenum
1124 478 1297 517 appellant,
1312 478 1470 516 Socrates,
1485 476 1877 517 Sozomenus,Gregorius

252 520 322 561 ejus
337 522 416 553 Vita)
431 523 578 562 scriptor,
595 524 765 564 Baronius,
786 525 1013 558 Bellarminus.
1026 528 1127 559 Vetus
1155 532 1186 559 et
1201 527 1381 559 communis
1397 537 1487 559 error
1500 531 1550 559 est
1565 527 1804 566 manuscriptis,
1819 522 1875 566 qui

249 581 336 604 nunc
351 577 490 611 exstant,
508 574 603 615 longe
618 577 794 618 antiquior,
810 578 939 618 ipsique
955 579 1112 618 Gregorio
1143 587 1274 620 suppar.
1291 579 1425 611 Rufinus
1455 579 1489 610 in
1507 578 1642 619 prologo
1658 578 1696 610 ad
1712 578 1876 624 orationes

247 623 520 663 GregoriiLatine
533 635 641 658 versas
670 627 805 659 scribit:
824 639 839 657 α
855 628 1015 660 Defuncto
1040 632 1128 668 patre
1153 629 1297 660 succedit
1328 628 1362 659 in
1387 629 1604 668 episcopatum
1628 627 1710 669 apud
1738 626 1878 658 Nazian-

247 683 339 714 zum;
355 688 369 705 »
387 681 418 708 et
432 677 518 708 Hist.
536 678 591 710 lib.
608 687 644 715 ιι,
673 687 701 711 c.
717 680 747 717 9,
765 690 781 708 αι
801 679 834 710 in
850 679 955 711 locum
971 679 1071 719 patris
1099 680 1246 711 eumdem
1276 680 1485 718 subrogatum
1499 690 1516 708 ι
1535 680 1661 712 asserit.
1682 681 1749 711 lmo
1763 679 1876 711 Hiero-

246 727 701 768 nymus(b),quifamiliariler
711 738 784 761 cum
797 737 835 760 eo
845 729 1126 769 Constantinopoli
1142 734 1287 762 versatus
1302 733 1363 765 est.
1373 729 1468 770 etqui
1478 737 1517 761 eo
1534 731 1685 770 magistro
1697 729 1874 767 Scripturas

245 789 281 813 se
306 780 460 812 didicisse
480 780 678 820 gloriabatur
697 792 706 813 :
728 793 742 812 α
761 782 950 822 Gregorius,
969 783 1089 823 inquit,
1106 783 1248 823 primum
1277 782 1489 821 Sasimorum,
1519 780 1636 813 deinde
1650 775 1874 809 Nazianzenus

244 833 429 873 episcopus.
447 844 463 862 »

283 886 369 923 Quin
386 886 494 924 etiam,
511 888 641 918 notante
656 885 794 917 Baronio
814 885 851 917 ad
867 894 988 917 annum
1003 886 1077 922 371,
1093 889 1124 917 et
1152 886 1186 917 in
1201 886 1273 918 Vita
1293 886 1439 926 Gregorii
1470 883 1554 926 apud
1586 881 1774 914 Bollandum
1804 888 1872 921 cap.

242 939 274 975 9,
292 951 308 968 α
327 939 397 978 ejus
415 938 588 969 adversarii
604 938 634 968 id
653 939 683 970 ei
697 939 815 970 dabant
845 938 985 975 crimini,
1003 947 1144 979 eumque
1161 939 1202 970 ob
1218 939 1446 971 contumeliam
1475 937 1677 976 appellabant
1706 933 1875 973 triepisco-

242 997 332 1028 pum,
363 996 436 1019 cum
459 987 525 1027 jam
557 987 645 1018 sedis
672 988 1037 1027 Constantinopolitanae
1062 989 1178 1020 fuisset
1208 989 1330 1020 electus
1360 988 1546 1029 episcopus.
1563 999 1579 1018 ι
1596 984 1656 1018 Sed
1673 989 1737 1016 tam
1753 984 1872 1016 diserte

242 1039 418 1079 Gregorius
433 1041 527 1077 negat
544 1047 578 1070 se
593 1038 695 1070 fuisse
712 1039 863 1070 Nazianzi
880 1038 1083 1078 episcopum,
1112 1042 1146 1070 ut
1168 1039 1232 1079 ipsi
1248 1039 1329 1071 ﬁdes
1357 1038 1540 1070 adhibenda
1555 1037 1618 1069 sit:
1636 1047 1651 1065 ε
1664 1034 1871 1067 Manifestum

241 1096 302 1129 est,
322 1091 429 1131 inquit
445 1091 500 1132 (ο),
520 1091 671 1123 omnibus
687 1100 738 1123 me
754 1100 819 1122 non
837 1091 987 1122 Nazian-zi
1004 1091 1204 1131 designatum
1221 1091 1408 1131 episcopum
1424 1098 1509 1122 esse.
1525 1101 1540 1119 το
1558 1089 1629 1120 Non
1645 1091 1768 1120 certum
1784 1086 1869 1117 dun-

240 1149 327 1176 taxat
355 1147 386 1175 et
413 1143 644 1178 indubitatum,
670 1141 727 1173 sed
752 1141 984 1180 manifestum;
1014 1149 1079 1172 non
1108 1141 1221 1173 amicis
1240 1141 1346 1173 solum
1377 1144 1409 1173 et
1437 1142 1567 1181 paucis,
1582 1139 1638 1171 sed
1657 1149 1671 1167 ι
1687 1137 1870 1170 omnibus»

239 1196 373 1227 omnino
390 1185 501 1226 debuit
518 1201 589 1225 esse
608 1204 623 1221 at
641 1191 857 1223 manifestum.
870 1203 885 1220 ν
904 1192 937 1222 In
953 1192 1096 1223 carmine
1110 1196 1216 1223 autem
1235 1192 1277 1223 De
1291 1193 1359 1223 vita
1373 1201 1431 1223 sua
1448 1191 1492 1232 (ἀ)
1505 1191 1734 1229 “Postquam,
1751 1186 1869 1227 inquit.

239 1251 389 1289 parentes
402 1243 571 1278 excessere
587 1246 663 1281 vita,
683 1248 714 1276 et
729 1244 787 1275 hac
803 1252 862 1283 ego
878 1244 1058 1275 calamitate
1077 1244 1159 1275 liber
1177 1252 1247 1276 sum
1261 1243 1404 1282 relictus,
1422 1245 1528 1275 datam
1543 1242 1693 1282 equidem
1711 1236 1871 1289 Sasimen-

238 1288 306 1330 sem
322 1296 495 1329 Ecclesium
513 1294 698 1327 nullatenus
727 1293 870 1333 attigi....
892 1295 1045 1325 'Paternae
1061 1302 1190 1324 vero....
1218 1293 1335 1333 exiguo
1359 1301 1436 1324 sane
1469 1296 1624 1332 tempore,
1645 1290 1736 1321 velut
1751 1288 1869 1326 hospes

237 1351 363 1386 alienae,
379 1357 488 1381 curam
505 1348 643 1388 aliquam
658 1344 755 1385 gessi,
771 1353 835 1375 non
851 1343 1012 1375 dilIitebor
1027 1354 1036 1374 :
1055 1343 1196 1382 idipsum
1215 1352 1318 1382 usque
1336 1343 1532 1374 denuntians
1547 1341 1718 1382 episcopis,
1735 1344 1871 1379 poscam

236 1403 338 1433 instar
352 1400 498 1432 beneﬁcii
518 1407 559 1430 ex
573 1398 639 1429 imo
655 1396 763 1433 corde,
779 1398 813 1426 ut
830 1395 902 1426 urbi
919 1395 1025 1426 virum
1051 1395 1194 1434 aliquem
1225 1394 1419 1433 praeficerem
1449 1395 1651 1433 episcopum.
1679 1391 1761 1421 Hinc
1789 1388 1867 1419 illud

236 1452 368 1492 quidem
390 1458 465 1482 vere
484 1436 654 1484 afﬁrmans,
670 1447 813 1480 nondum
826 1446 923 1478 ullam
939 1455 955 1477 a
981 1455 1032 1478 me
1058 1450 1218 1486 acceptam
1237 1445 1336 1476 fuisse
1353 1445 1478 1484 publica
1493 1443 1734 1476 renuntiatione
1750 1439 1870 1478 (Eccle-

236 1500 381 1540 siam)....
397 1499 478 1530 Cum
497 1503 605 1530 autem
621 1506 686 1529 non
701 1496 931 1536 persuaderem
950 1496 1049 1527 alium
1083 1499 1118 1526 ut
1135 1495 1349 1534 praeﬁcerem,
1365 1497 1442 1535 quia
1471 1495 1504 1526 hi
1521 1494 1652 1534 quidem
1671 1501 1734 1532 prae
1753 1497 1868 1529 magno

236 1552 302 1584 mei
319 1549 481 1582 desiderio
512 1548 651 1579 retinere
681 1547 844 1583 volebant,
863 1546 911 1577 illi
927 1554 1004 1577 vero
1032 1545 1115 1577 forte
1144 1546 1385 1585 despiciebant;
1419 1545 1500 1576 nulli
1516 1548 1625 1575 autem
1654 1541 1868 1574 causabantur

236 1612 301 1635 non
317 1610 388 1634 esse
406 1601 544 1632 liberum
561 1608 570 1628 :
589 1598 726 1638 primum
744 1597 921 1629 Seleuciam
950 1596 1025 1637 fuga
1042 1607 1092 1629 me
1108 1598 1241 1636 contuli,
1272 1601 1368 1636 atque
1391 1596 1437 1628 ibi
1455 1597 1489 1628 in
1505 1595 1706 1627 Parthenone
1728 1592 1868 1624 celeber-

236 1654 326 1691 rimas
341 1651 490 1691 martyris
503 1648 627 1680 Thecla!
640 1657 706 1679 non
722 1648 839 1687 exiguo
856 1651 999 1687 tempore
1015 1651 1230 1680 commoratus
1248 1656 1319 1678 sum
1339 1647 1390 1686 (ε).

240 1704 338 1735 .-'Nec
353 1703 441 1734 dicas
456 1699 646 1738 Gregorium
662 1697 753 1729 fateri
780 1706 817 1729 ac
834 1698 988 1735 scribere,
1014 1698 1200 1737 episcopum
1229 1697 1379 1728 Nazianzi
1411 1706 1446 1728 se
1464 1698 1679 1730 renuntiatum
1695 1710 1704 1730 :
1720 1711 1735 1727 α
1753 1700 1820 1739 Ego
1837 1697 1865 1731 si

234 1758 320 1787 certe
331 1759 463 1790 corpore
474 1748 604 1789 quidem
632 1747 676 1778 ita
704 1755 754 1777 me
770 1746 933 1782 haberem,
953 1751 987 1778 ut
1014 1747 1164 1778 Ecclesiae
1179 1755 1308 1787 possem
1333 1747 1538 1779 Nazianzenus
1555 1757 1703 1789 praeesse,
1718 1751 1809 1790 cujus
1826 1748 1867 1784 ab

233 1804 330 1837 initio
345 1809 416 1833 sum
442 1798 559 1840 praesul
588 1796 802 1833 renuntiatus,
833 1796 941 1827 minus
969 1800 1075 1827 autem
1105 1797 1316 1833 Sasimorum,
1336 1801 1371 1828 ut
1388 1798 1479 1829 vobis
1509 1799 1594 1830 haud
1615 1804 1699 1831 recte
1715 1801 1864 1832 nonnulli

232 1853 381 1888 suadent,
394 1858 460 1882 non
476 1849 556 1880 adeo
569 1855 640 1878 sum
657 1846 706 1887 (Γ),
720 1857 734 1874 »
748 1849 808 1878 etc.
820 1845 950 1885 Scripsit
966 1846 1095 1886 quidem
1107 1847 1280 1886 Gregorius
1290 1855 1352 1878 non
1363 1848 1460 1879 semel
1477 1856 1512 1879 se
1522 1849 1668 1880 Nazianzi
1679 1850 1864 1889 episcopum

232 1904 466 1939 renuntiatum,
481 1899 536 1931 sed
553 1899 593 1930 de
611 1897 738 1938 publica
754 1897 993 1929 renuntiatione
1009 1906 1072 1928 non
1093 1901 1141 1929 est
1157 1897 1405 1937 intelligendus:
1419 1907 1504 1936 vere,
1518 1900 1635 1939 inquit,
1655 1903 1726 1939 post
1740 1900 1864 1932 obitum

232 1957 345 1996 patris,
368 1965 385 1983 α
404 1951 597 1984 aﬂirmabam
622 1949 766 1981 nondum
794 1950 892 1980 ullam
917 1953 1076 1989 acceptam
1094 1959 1110 1980 a
1135 1958 1186 1981 me
1212 1949 1315 1981 fuisse
1347 1948 1475 1990 publica
1493 1952 1730 1983 renuntiatione
1759 1952 1864 1984 eccle-

232 2007 313 2039 siam
332 2017 340 2036 :
357 2015 374 2034 ι
390 2002 518 2042 scripsit
535 2001 650 2032 iterum
664 2009 717 2040 ep.
745 2000 824 2031 alias
838 2009 960 2038 ccxx“,
978 2012 993 2029 α
1011 2010 1046 2032 ea
1063 2010 1098 2032 se
1117 2009 1181 2032 non
1209 2002 1312 2032 teneri
1329 2002 1580 2039 renuntiatione,
1598 2013 1613 2032 n
1635 2011 1698 2043 qua
1713 2001 1864 2035 Nazianzi

232 2059 450 2092 renuntiatum
467 2063 538 2086 sese
549 2063 600 2085 eo.
618 2052 696 2084 alias
714 2061 818 2083 ccxxv
842 2053 964 2090 scribit,
982 2063 997 2082 at
1011 2062 1046 2084 ea
1063 2061 1128 2083 non
1143 2053 1292 2092 astringi,
1312 2064 1327 2081 ι»
1342 2053 1386 2083 uti
1410 2062 1522 2085 rursus
1539 2062 1637 2085 carm.
1651 2054 1694 2084 De
1708 2053 1776 2084 vita
1793 2062 1864 2091 sua,

232 2119 262 2142 v.
280 2109 350 2141 523.

270 2164 440 2202 Postquam
453 2157 733 2197 Constantinopoli
756 2156 788 2187 in
803 2156 937 2197 patriam
956 2164 1106 2188 reversus
1123 2159 1170 2187 est
1184 2157 1371 2195 Gregorius,
1382 2157 1617 2191 Nazianzenam
1630 2159 1747 2193 iterum
1762 2159 1863 2194 admi-

230 2214 368 2246 nistrare
385 2211 573 2248 Ecclesiam,
589 2209 740 2242 auarchia
758 2209 965 2247 laborantem,
987 2209 1027 2240 ab
1047 2208 1289 2248 Apollinaristis
1306 2211 1425 2242 misere
1445 2211 1625 2250 laceratam,
1641 2215 1719 2245 cleri
1732 2215 1865 2256 pepuli.

230 2275 294 2306 que
313 2265 462 2306 precibus
480 2267 511 2295 et
528 2262 678 2302 lacrymis
697 2265 825 2294 coactus
840 2265 911 2300 est;
928 2270 1000 2293 sese
1028 2261 1147 2292 iterum
1175 2261 1452 2305 administrationi
1467 2273 1482 2292 α
1500 2266 1659 2298 concessit
1676 2267 1734 2307 (g),
1745 2269 1861 2308 jugum

230 2318 332 2351 subiit
349 2317 405 2358 (lt),
421 2316 506 2348 vinci
521 2324 558 2348 ac
572 2313 687 2346 vinciri
703 2325 718 2343 »
735 2322 771 2346 se
784 2314 902 2346 iterum
919 2322 1034 2353 passus

1051 2312 1251 2349 θεῐ,ἡττήθην,
1266 2313 1376 2349 δέσμιος
1389 2313 1515 2350 ἔρχομαι.
1534 2315 1654 2347 Verum
1668 2317 1753 2350 sicut
1771 2318 1861 2359 prius

230 2380 248 2402 ι]
260 2371 347 2410 patre
357 2369 475 2404 victus,
492 2367 535 2398 ita
547 2369 628 2403 tum,
644 2374 710 2398 non
728 2377 743 2395 α
757 2367 790 2397 iu
809 2365 955 2405 plenario
971 2366 1114 2398 concilio
1133 2366 1338 2398 renuntiatus
1355 2378 1370 2396 ι»
1387 2367 1428 2398 ab
1442 2367 1615 2408 episcopis,
1630 2371 1686 2400 sed
1701 2379 1718 2401 a
1733 2370 1858 2401 civibus

231 2425 354 2454 tantum
368 2420 545 2459 amicisque
560 2422 700 2456 coaetus,
717 2419 757 2449 ob
771 2417 880 2458 patris,
896 2417 931 2458 (ἰ)
947 2428 962 2447 ε
981 2418 1074 2458 cujus
1093 2419 1177 2450 solvi
1192 2419 1320 2451 labores
1335 2419 1477 2458 dolebat,
1490 2422 1523 2451 et
1551 2427 1662 2452 eorum
1688 2420 1745 2460 qui
1760 2420 1822 2452 hoc
1841 2428 1860 2451 a

229 2482 263 2505 se
279 2472 428 2513 precibus
443 2470 679 2503 contendebant
691 2470 915 2515 reverentiam,
945 2470 986 2502 ad
1016 2473 1112 2503 breve
1140 2475 1268 2511 tempus
1298 2472 1518 2512 praefecturam
1549 2473 1642 2514 quasi
1674 2472 1790 2514 hospes
1817 2472 1860 2514 (j)

229 2525 363 2564 accepit,
380 2532 417 2556 ac
432 2523 531 2555 veluti
547 2522 746 2562 peregrinus.
764 2533 779 2551 n
800 2522 920 2554 lterum
937 2522 992 2563 (k),
1004 2531 1071 2554 non
1087 2534 1102 2553 α
1122 2524 1280 2564 proprias,
1309 2535 1325 2554 »
1343 2525 1494 2564 proprius
1510 2528 1544 2556 ut
1559 2523 1743 2564 episc0pus,
1768 2533 1782 2550 α
1800 2521 1862 2553 ha-

229 2575 451 2614 benas,»sed¢
461 2574 703 2612 alienas,-Eévnv
717 2573 808 2610 ἡνίαν,
823 2575 987 2615 suscepit;
1006 2576 1128 2617 quippe
1142 2577 1198 2616 qui
1215 2585 1253 2608 eo
1273 2577 1345 2617 ipso
1365 2579 1435 2610 loco
1450 2577 1585 2611 alterius
1600 2577 1707 2617 gregis
1723 2577 1856 2617 pedum.

220 2723 223 2727 ν
265 2707 523 2746 (ejor._ﬂ,al.8.
580 2742 586 2746 _
712 2742 751 2746 ___
917 2745 925 2746 ί

580 2742 586 2746 .
712 2742 722 2746 -
736 2742 751 2746 .,
917 2745 925 2746 7
1102 2709 1136 2746 (Γ)
1157 2710 1205 2744 Ep.
1220 2711 1255 2738 al.
1273 2711 1336 2738 2%.

265 2744 302 2777 (b)
322 2744 361 2780 Ad
376 2742 480 2780 Panum.
498 2747 526 2769 et.
545 2742 624 2778 epist.
645 2742 689 2776 51,
712 2742 772 2771 Lib.
792 2751 799 2770 I
823 2750 891 2772 cont.
908 2745 969 2774 Iov.
987 2749 1014 2773 et

716 2742 772 2771 Lib.
792 2751 799 2770 I
823 2750 891 2772 coni.
908 2745 969 2774 Iov.
987 2749 1014 2773 et
1167 2742 1334 2780 Ἐπιδίδωμι.
1350 2746 1399 2778 Ep.
1417 2745 1452 2772 al.
1465 2746 1528 2773 222.

227 2777 266 2805 De
281 2779 371 2810 script.
386 2777 449 2804 ccci.
562 2777 569 2778 ί
1103 2777 1143 2815 (ia)
1162 2780 1258 2816 Abxév‘
1271 2777 1392 2816 ἐέαμψά..
1408 2781 1498 2808 Carm.
1515 2783 1540 2812 7,
1560 2789 1584 2808 v.
1604 2781 1647 2809 80.

263 2813 297 2844 (ε)
318 2812 403 2844 Epist.
424 2813 459 2839 al.
475 2812 521 2840 42.
1104 2816 1136 2844 (ἱ)
1155 2816 1246 2842 Carm.
1264 2815 1325 2844 HS.
1345 2824 1371 2842 v.
1394 2815 1455 2844 191.
1471 2821 1498 2843 et
1516 2818 1562 2844 Eu.
1581 2818 1616 2844 al.
1635 2817 1670 2844 62

273 2814 297 2846 c)
318 2814 403 2847 Epist.
424 2814 459 2839 al.
475 2814 521 2840 42.
1116 2816 1136 2849 i)
1155 2814 1246 2842 cm...
1264 2814 1330 2848 HS,
1345 2814 1371 2842 v.
1394 2815 1455 2847 191.
1471 2821 1498 2843 et
1516 2818 1562 2851 Ep.
1581 2818 1616 2844 al.

273 2848 302 2882 rt)
318 2848 412 2886 garrit.
427 2847 531 2886 begin:
545 2856 603 2881 sua,
621 2855 645 2875 v.
662 2848 714 2876 518
728 2853 755 2876 et
771 2855 829 2885 seq.
1104 2817 1138 2886 ὃ)
1164 2850 1208 2886 ξΩς
1225 2850 1315 2886 ξένοςε
1333 2851 1419 2886 Epist.
1437 2852 1474 2879 al.
1492 2851 1536 2878 42.

256 2883 297 2916 .(e)
317 2883 396 2917 lbid.,
417 2890 442 2911 v.
458 2882 520 2910 554.
811 2882 819 2885 “

811 2882 819 2885 “
1105 2882 1141 2920 (ῖς)
1161 2885 1251 2913 Carm.
1273 2885 1334 2919 145,
1355 2882 1382 2914 v.
1402 2886 1451 2914 105
1467 2886 1567 2915 (H.189.
