2058 3128
255 188 288 215 ’19
743 184 928 213 PREFATIO
947 183 1153 212 GENERALIS.
1174 199 1209 204 —
1227 183 1318 211 PARS
1337 184 1370 212 ll.
1843 184 1878 212 80

256 249 331 282 tam,
347 245 403 286 qui
424 244 510 276 nulla
538 245 660 277 ratione
677 254 789 285 passus
806 254 877 277 sum
896 246 929 276 in
948 254 983 276 ea
1007 254 1058 276 me
1073 245 1235 282 collocari,
1252 253 1349 285 quam
1363 245 1436 286 jure
1450 245 1641 285 tequissimo
1656 245 1803 277 obtinere
1821 255 1878 286 po-

254 296 368 327 teram.
386 307 400 324 ι

297 348 483 386 Legitimam
498 349 584 380 enim
599 349 698 386 illam,
724 352 759 380 ut
774 349 815 380 ita
835 349 959 388 loquar,
975 360 989 376 α
1017 347 1109 379 ἱηιῐιιη

1063 347 1338 385 .hronizationem,
1358 358 1373 376 ››
1391 346 1521 380 ἔνθεσμον
1533 347 1649 382 ἵδρυσιν,
1665 355 1728 378 non
1750 346 1875 384 factam,

255 397 311 426 sed
331 392 490 435 oblatam;
507 407 571 429 non
590 399 734 430 traditam
747 422 756 437 ,
777 404 811 431 ut
830 399 947 430 Billius
966 398 1092 436 reddit,
1109 399 1165 429 sed
1180 398 1368 429 tradendam
1389 406 1521 428 uxorem
1538 397 1713 436 Gregorius
1733 419 1741 433 ,
1770 397 1797 427 si
1829 396 1877 428 fas

255 449 304 478 est
321 447 439 486 dicere,
455 448 640 489 dereliquit.
657 450 724 480 Nec
739 450 859 480 incerta
886 457 962 480 res:
979 449 1066 480 illam
1085 447 1220 488 probant
1235 456 1348 479 versus
1376 446 1527 478 carminis
1549 447 1589 477 De
1603 447 1668 477 vita
1686 456 1743 476 sua
1771 446 1826 477 5M
1847 452 1878 478 et

254 506 323 537 seq.
341 498 380 530 Et
397 504 483 530 certe
499 501 619 530 nemini
637 501 772 532 dubium
790 509 862 531 esse
878 503 993 539 potest,
1014 499 1091 540 quin
1109 499 1269 535 universi,
1286 506 1351 529 non
1370 502 1491 530 tantum
1511 497 1696 537 provinciae,
1715 497 1769 528 sed
1792 497 1877 528 orbis

256 549 366 585 totius,
385 558 479 589 quam
497 550 558 580 late
573 553 659 588 patet
672 571 681 586 ,
697 550 852 589 praesules
869 550 908 580 ad
937 550 1138 581 evehendum
1168 549 1362 588 Gregorium
1393 548 1432 579 ad
1452 549 1671 588 episcopatum
1690 569 1698 583 ,
1717 556 1774 578 seu
1794 548 1879 578 Sasi-

255 609 411 636 mensem,
423 610 481 633 seu
494 602 729 633 Nazianzenum
752 602 888 633 libenter
903 602 1154 641 conspirassent,
1166 602 1193 632 si
1206 602 1274 641 ipse
1291 600 1521 632 consensisset.
1540 611 1554 628 α
1572 600 1635 631 Nec
1654 599 1753 637 enim,
1771 598 1878 638 inquit

254 650 292 680 de
309 659 343 681 se
359 651 428 691 ipso
445 652 498 692 (a),
514 652 594 683 adeo
612 651 771 692 episcopis
789 653 988 692 contemptui
1001 662 1126 688 sumus,
1142 655 1176 683 ut
1192 652 1291 683 alium
1312 655 1462 683 manente
1480 659 1530 681 me
1548 651 1790 681 renuntiarent:
1812 660 1826 677 ι»
1839 657 1877 679 eo

253 709 353 731 sensu
376 709 416 732 ne
434 711 448 730 α
467 701 627 740 propriam
650 702 782 742 quidem
803 711 950 740 uxorem,
968 713 983 730 η
998 702 1148 733 sedemve
1172 702 1358 741 legitimam,
1380 712 1395 730 ur
1416 701 1531 732 habere
1550 712 1564 729 ι»
1585 700 1727 731 voluisse
1741 699 1876 731 creden-

251 751 312 783 dus
328 754 388 783 est.
404 752 540 782 Leviora
555 755 631 782 sunt
650 760 721 791 quae
737 752 949 791 objiciuntur,
966 753 1051 792 quod
1069 752 1243 791 Gregorius
1259 762 1274 780 α
1298 760 1373 782 suos
1389 763 1403 780 n
1421 751 1557 790 appellat
1572 750 1789 782 Nazianzenos
1808 750 1849 791 (b)
1867 761 1876 781 :

253 811 268 828 α
284 801 337 831 sui
355 811 370 829 π
387 800 528 840 profecto
541 805 642 838 erant,
661 801 771 840 patria,
789 801 1000 838 habitatione,
1016 802 1146 837 ali'ectu,
1165 810 1242 832 cura
1258 810 1293 832 ac
1309 801 1533 832 sollicitudine
1556 810 1680 838 eorum,
1699 810 1793 841 quam
1811 802 1876 841 plu-

253 852 316 883 ries
331 852 484 892 suscepit,
503 852 571 883 sive
586 853 662 884 dum
679 857 766 892 pater
775 853 869 884 senio
884 852 1049 883 coniectus
1066 855 1231 892 superstes
1249 857 1346 888 esset,
1365 852 1432 884 sive
1449 856 1519 892 post
1532 857 1665 883 mortem
1683 852 1876 891 ipsius,sive

254 905 323 940 post
344 902 519 933 abdicatam
536 902 643 933 sedem
660 902 1067 942 ConstantinOpolitanam,
1086 903 1141 934 sed
1161 911 1329 943 nunquam
1346 906 1379 933 ut
1397 903 1546 942 proprius
1564 911 1674 934 eorum
1691 903 1874 942 episcopus.

251 954 303 984 Sat
318 953 358 985 de
372 952 546 985 Sasimensi
562 956 592 985 et
605 953 807 985 Nazianzeno
823 953 1063 993 episcopalibus
1076 953 1197 985 dictum
1209 976 1218 991 ,
1233 958 1330 993 atque
1355 953 1450 984 etiam
1470 953 1561 992 plura
1577 953 1686 985 forsan
1703 962 1798 993 quam
1814 963 1874 986 ne-

253 1013 342 1036 σθεεθ
364 1008 440 1035 erat.

291 1057 416 1089 Amotis
431 1056 606 1087 Sasimensi
629 1058 660 1086 et
685 1055 892 1086 Nazianzeno
911 1054 1171 1094 episcopatibus,
1191 1062 1274 1094 quos
1302 1062 1470 1093 nunquam
1491 1063 1507 1086 a
1523 1055 1679 1094 Gregorio
1704 1060 1876 1096 occupatos

252 1109 353 1141 iuisse
363 1107 615 1139 demonstratum
630 1105 875 1143 nobis'videtur,
892 1109 1041 1145 superest
1057 1109 1092 1136 ut
1104 1105 1152 1136 vel
1167 1105 1306 1142 nullius,
1324 1107 1376 1137 vel
1397 1114 1473 1137 sane
1491 1106 1582 1136 urbis
1602 1106 1876 1147 Constantinopo-

254 1161 305 1196 lis,
321 1168 381 1191 nec
395 1158 457 1190 nisi
472 1157 770 1197 Constantinopolis
789 1157 961 1196 episcopus
976 1157 1180 1188 renuntiatus
1196 1149 1294 1187 fuerit
1313 1156 1504 1195 Gregorius.
1525 1156 1876 1197 Constantinopolitani

252 1212 396 1254 episcopi
413 1211 544 1243 titulum
565 1209 712 1249 plerique
730 1217 825 1241 manu
842 1209 960 1240 exarati
978 1209 1105 1240 codices
1130 1208 1301 1246 prteferunt
1318 1220 1327 1246 ;
1343 1209 1735 1248 Constantinopolitanum
1766 1220 1876 1243 revera

251 1263 438 1303 episcopum
456 1260 558 1291 fuisse
575 1268 624 1290 res
642 1259 709 1298 ipsa
726 1258 882 1298 loquitur,
903 1258 1080 1297 loquuntur
1096 1261 1164 1289 acta
1180 1258 1362 1298 scriptaque
1377 1259 1496 1290 omnia.
1514 1260 1614 1290 Tanta
1628 1259 1760 1292 fuerunt
1776 1273 1790 1289 α
1806 1261 1875 1302 ple-

251 1312 314 1350 bis,
327 1319 590 1351 possessorum,»
615 1313 649 1341 ut
679 1317 819 1340 canones
853 1308 1117 1348 praescribunt,ar
1136 1308 1402 1346 clarissimorum,
1432 1309 1647 1348 imperatoris,
1686 1310 1775 1348 cleri,
1806 1313 1875 1352 epi-

252 1371 434 1403 scoporum,
450 1373 466 1390 ιι
485 1361 627 1392 virorum
643 1360 739 1391 etiam
763 1368 798 1391 ac
827 1359 1022 1396 mulierum,
1038 1359 1228 1397 Gregorium
1259 1360 1429 1398 praesulem
1456 1361 1688 1398 postulantium
1715 1362 1821 1394 studia
1844 1368 1873 1395 et

251 1419 337 1451 vota,
354 1417 387 1446 ut
402 1422 497 1445 nemo
510 1413 598 1449 satis,
616 1412 678 1443 nisi
697 1411 874 1451 Gregorius
892 1412 973 1451 ipse,
996 1411 1105 1443 verbis
1124 1412 1333 1450 expresserit.
1350 1412 1430 1443 Cum
1444 1411 1646 1444 Theodosius
1675 1414 1764 1446 urbis
1789 1415 1872 1447 Con-

251 1465 543 1504 stantinopolitano)
560 1463 711 1496 ecclesias
727 1463 899 1494 Catholicis
916 1463 1071 1499 restituit,
1091 1472 1219 1503 unaque
1238 1472 1310 1495 cum
1335 1473 1373 1495 eo
1386 1465 1538 1503 majorem
1554 1465 1716 1497 basilicam
1736 1467 1872 1499 Theolo-

251 1525 310 1556 gus
325 1516 450 1553 subiit,
467 1515 523 1554 qui
541 1515 630 1553 prius
646 1517 712 1545 erat
729 1514 762 1544 in
781 1513 894 1544 nubilo
909 1513 955 1543 sol
975 1512 1114 1544 refulsit.
1132 1524 1146 1541 α
1162 1513 1210 1544 Ibi
1227 1535 1235 1549 ,
1251 1524 1266 1542 ι
1285 1513 1391 1553 inquit
1419 1514 1596 1553 Gregorius
1615 1515 1667 1554 (c),
1688 1528 1702 1544 α
1720 1526 1792 1548 cum
1815 1517 1872 1548 hoc

251 1566 432 1606 spectaculo
451 1565 605 1596 subiisset
624 1565 748 1595 animos
763 1564 891 1600 ﬁducia,
911 1576 925 1592 ι)
945 1572 1017 1603 quae
1033 1564 1142 1595 aderat
1156 1564 1331 1595 multitudo
1350 1576 1365 1594 α
1381 1566 1517 1596 clamare
1534 1566 1610 1596 totis
1624 1567 1748 1597 viribus
1764 1576 1799 1598 ac
1814 1568 1870 1598 de-

251 1624 383 1655 poscere
399 1624 469 1653 nos,
487 1615 520 1646 in
536 1615 778 1655 praesentiarum
802 1625 816 1642 n
840 1613 925 1644 haud
941 1614 1035 1645 aliter
1049 1625 1063 1643 α
1080 1622 1116 1645 ac
1147 1614 1173 1645 si
1197 1615 1257 1646 hoc
1286 1623 1386 1646 unum
1404 1614 1580 1653 defuisset;
1598 1616 1813 1657 princepsque
1841 1626 1870 1650 ιι(

256 1666 431 1697 maximum
447 1674 465 1697 a
481 1674 609 1697 summo
625 1665 767 1704 principe
785 1665 844 1695 hoc
858 1663 980 1695 civitati
994 1663 1062 1695 fore
1078 1663 1203 1695 thronis
1217 1664 1298 1703 ipsis
1323 1666 1584 1704 anteponendum
1602 1675 1731 1704 munus,
1743 1668 1769 1698 si
1787 1668 1869 1700 urbis

251 1716 333 1747 solio
351 1727 367 1745 »
386 1715 560 1756 episcopali
573 1725 588 1744 ar
607 1715 646 1746 ab
664 1714 734 1754 ipso
750 1716 955 1744 donaremur.
973 1714 1041 1744 Hoc
1059 1713 1116 1744 viri
1135 1714 1293 1753 dignitate
1310 1715 1484 1754 praecipui,
1503 1715 1561 1747 hoc
1587 1715 1732 1748 inﬁmum
1760 1718 1869 1757 vulgus

250 1767 398 1806 agitabat.
423 1759 542 1809 Omnes
572 1774 612 1797 ex
638 1773 730 1805 aequo
759 1773 825 1796 rem
853 1764 1101 1800 desiderabant,
1127 1765 1194 1804 pari
1220 1765 1393 1804 ﬂagrabant
1424 1765 1606 1798 desiderio:
1624 1767 1683 1798 hoc
1709 1767 1771 1800 alta
1797 1777 1869 1800 voce

252 1817 403 1849 mulieres
420 1817 640 1854 inclamabant,
659 1824 740 1856 pene
758 1815 894 1855 amplius
912 1823 1010 1856 quam
1038 1816 1193 1847 mulieres
1220 1817 1358 1848 deceret.
1376 1817 1569 1850 Incredibile
1586 1819 1869 1860 quoddam,reper-

251 1877 346 1900 cusso
364 1868 499 1908 fragore,
517 1868 638 1899 tonitru
660 1866 864 1898 audiebatur.
881 1878 896 1896 »

290 1919 380 1950 Tunc
394 1918 524 1958 quidem
541 1918 614 1949 vicit
632 1916 788 1955 Theologi
805 1916 960 1947 modestia
978 1915 1036 1956 (ἁ),
1055 1924 1161 1956 neque
1182 1919 1251 1947 tum
1279 1917 1346 1956 cogi
1364 1919 1472 1957 potuit
1496 1923 1531 1951 ut
1546 1921 1726 1961 episcopale
1753 1923 1869 1955 solium

250 1972 480 2003 conscenderet
501 1982 509 2002 :
529 1978 640 2002 verum
675 1969 713 2000 ad
745 1968 885 2008 agendas
915 1968 972 1999 uni
1003 1968 1072 1999 Deo
1100 1969 1219 2007 gratias
1244 1970 1355 2008 populi
1383 1971 1489 2002 studia
1519 1972 1567 2003 vir
1593 1973 1746 2012 divinus,
1773 1975 1868 2004 θειότα-

250 2028 307 2053 τος,
325 2022 455 2059 provida
482 2021 671 2052 dexteritate
697 2018 854 2050 convertit
870 2017 920 2058 (ε).
938 2019 1020 2048 Tam
1049 2019 1193 2049 unanimi
1223 2019 1368 2050 omnium
1392 2021 1543 2052 ordinum
1560 2023 1780 2062 postulationi,
1811 2030 1872 2057 tam

251 2074 437 2105 ardentibus
453 2073 534 2103 votis
549 2075 579 2103 et
594 2070 802 2106 clamoribus,
821 2069 1046 2108 episcoporum
1062 2091 1071 2105 ,
1092 2070 1294 2109 plenariique
1310 2071 1438 2103 concilii
1457 2073 1631 2111 provinciae
1655 2083 1718 2106 non
1738 2080 1868 2115 tantum,

251 2125 305 2156 sed
324 2124 465 2155 Orientis
487 2123 580 2167 etiam
599 2130 680 2162 pene
710 2121 808 2151 totius
825 2125 858 2151 et
885 2121 1089 2152 mcumenicae
1114 2122 1230 2160 synodi
1262 2123 1417 2163 suﬂ‘ragia
1447 2125 1635 2157 solemniter
1653 2134 1872 2161 accesserunt.

252 2187 266 2204 α
279 2174 442 2214 Quidquid
462 2173 589 2210 Oriens,
603 2172 706 2212 inquit
722 2171 774 2210 (Γ),
788 2170 938 2206 habebat,
949 2174 1079 2210 excepta
1088 2171 1241 2210 Egypto,
1255 2173 1365 2211 populi
1377 2174 1554 2206 antistitum
1571 2175 1608 2207 ad
1620 2177 1752 2208 Romam
1769 2187 1870 2218 us‘que

250 2227 436 2263 secundam,
452 2229 542 2257 terrae
555 2223 716 2263 marisque
730 2232 769 2254 ex
786 2222 966 2254 recessibus
982 2222 1105 2253 inlimis
1120 2223 1313 2256 concitatum
1330 2225 1404 2256 coit.
1420 2226 1479 2256 His
1492 2228 1682 2266 praesidebat
1697 2231 1870 2270 vir'pielate

250 2278 473 2310 maximus.....
490 2276 634 2308 moribus
664 2275 804 2306 mellitus
833 2273 1004 2314 (Meletius)
1031 2277 1062 2304 et
1081 2274 1223 2305 nomine.
1244 2275 1282 2305 Hi
1302 2284 1352 2306 me
1367 2276 1524 2309 collocant
1548 2279 1752 2320 ﬁrmantque,
1772 2283 1871 2318 πήξον-

246 2337 304 2365 τες,
322 2329 355 2359 in
369 2331 502 2367 augusta
517 2325 593 2358 sede
609 2325 795 2357 clamantem
812 2328 1078 2364 gementemque,
1106 2332 1166 2355 una
1185 2328 1289 2356 tamen
1316 2325 1356 2358 de
1376 2337 1471 2360 causa
1491 2337 1554 2360 non
1573 2330 1667 2368 plane
1687 2340 1871 2371 repugnan-

249 2385 324 2414 tem.
341 2391 358 2410 ι
768 2374 772 2379 ’

287 2431 347 2463 Sed
361 2438 419 2461 nec
435 2429 657 2470 Egyptiorum
679 2428 774 2459 etiam
786 2426 932 2458 defuisse
947 2425 1075 2458 videtur
1090 2435 1282 2465 consensus,
1296 2437 1378 2469 quos
1395 2431 1527 2470 quidem
1540 2434 1678 2465 maxime
1697 2434 1746 2465 his
1766 2436 1871 2467 verbis

247 2481 422 2522 alloquitur
441 2480 614 2518 Gregorius
627 2477 695 2517 (gl:
712 2488 726 2505 α
748 2476 838 2511 Heri,
856 2480 891 2507 ut
905 2475 947 2506 ita
964 2475 1082 2512 dicam,
1100 2476 1314 2515 inthronistaa,
1332 2478 1426 2511 hodie
1438 2487 1671 2522 persecutores,
1688 2493 1724 2516 ac
1740 2494 1757 2516 e
1781 2487 1870 2518 thro-

246 2542 303 2570 no,
320 2533 354 2564 in
370 2539 434 2573 quo
451 2539 501 2562 me
522 2529 703 2561 collocastis
715 2552 726 2566 ,
742 2528 963 2559 deturbantes.
981 2539 996 2556 ιο
1014 2527 1236 2567 Conjecturam
1263 2534 1412 2563 astruunt
1430 2535 1584 2565 carminis
1601 2536 1745 2576 ejusdem
1765 2539 1870 2570 versi-

247 2583 312 2616 culi
330 2583 408 2614 1810
420 2585 450 2614 et
462 2581 551 2617 1811,
578 2579 696 2618 quibus
720 2581 853 2608 testatur
864 2577 1036 2617 {Egyplios
1054 2578 1187 2610 minime
1206 2579 1349 2612 voluisse
1364 2583 1397 2613 in
1412 2583 1526 2615 throno
1542 2585 1870 2628 Constantinopolita-

248 2645 290 2667 no
308 2637 441 2668 alterum
458 2643 473 2665 a
489 2641 524 2664 se
538 2631 694 2663 collocare
711 2640 719 2660 :
737 2630 817 2669 quin
833 2633 863 2659 et
883 2628 1042 2660 contraria
1063 2629 1220 2670 Gregorio
1238 2631 1300 2671 ipsi
1329 2635 1462 2666 omnino
1493 2638 1686 2676 persuadere
1706 2641 1870 2673 conaban-

238 2685 309 2721 ‘tur,
326 2687 406 2717 adeo
423 2689 457 2716 ut
468 2684 587 2715 nullius
599 2682 635 2713 in
650 2684 715 2713 toto
731 2679 868 2711 concilio
880 2679 1021 2718 generali
1038 2688 1217 2712 consensus
1235 2686 1334 2722 atque
1347 2685 1536 2725 suffragium
1552 2687 1696 2720 defuisse
1711 2685 1867 2723 vidéamn

280 2792 320 2829 (a)
338 2793 388 2831 Ep.
408 2793 443 2820 al.
458 2794 509 2831 442.
543 2829 548 2831 ν
611 2828 616 2831 _
665 2828 670 2831 _
1117 2795 1151 2831 (ε)
1172 2794 1333 2823 Τιιροιίοτει.
1353 2795 1423 2824 Hist.
1445 2797 1492 2826 lib.
1510 2805 1538 2829 v.
1557 2806 1582 2825 ε.
1596 2798 1625 2826 8.

284 2828 322 2867 (b)
341 2828 432 2867 gari",
453 2829 491 2855 De
507 2829 561 2867 suis
576 2828 692 2867 calggrit.
1115 2828 1148 2867 (Ι)
1169 2831 1259 2867 (lin-nt.
1281 2831 1317 2858 De
1339 2833 1392 2859 vita
1406 2841 1465 2867 sua,
1482 2841 1509 2861 v.
1527 2828 1608 2861 l507.

281 2864 317 2899 (ε)
342 2864 378 2901 Qa
394 2864 469 2901 rebus
479 2865 545 2901 suis,
560 2872 585 2890 v.
603 2863 670 2890 1574
681 2866 780 2901 etim.

560 2872 585 2890 v.
603 2863 670 2890 1574
681 2866 780 2901 etsqq.
1114 2866 1149 2901 (υ)
1171 2865 1248 2898 lbid.,
1266 2874 1290 2894 ν,
1305 2867 1368 2894 1931

282 2898 321 2935 (ιι)
342 2899 431 2927 Carm.
451 2899 487 2926 De
507 2900 557 2926 vita
571 2908 628 2926 sua.
644 2906 668 2925 ν.
685 2898 761 2925 1395.
