2058 3128
213 187 244 215 Si
705 192 889 221 ΡΒᾸΞΕΔΤΙΟ
907 193 1022 222 GENER

1026 193 1111 222 ALIS.
1131 210 1167 215 —
1185 194 1276 223 PARS
1293 194 1326 222 ll.
1800 195 1835 223 82

212 246 388 285 Gregorius
408 248 528 286 autem,
545 248 602 288 qui
618 247 713 280 binos
729 251 932 290 episcopatus
947 251 1071 291 fugerat
1084 273 1093 289 ,
1105 251 1500 292 Constantinopolitanum
1515 250 1657 291 suscepit
1676 259 1732 291 spe
1749 252 1835 291 pacis

212 297 440 334 coriciliandaa;
465 307 568 338 eaque
583 299 750 339 desperata
775 301 944 338 deseruit,
962 305 995 332 ut
1015 302 1049 332 in
1077 301 1264 340 solitudine,
1294 303 1362 334 Deo
1386 305 1556 334 contentus
1571 323 1581 339 ,
1596 301 1736 341 expetita
1760 310 1836 340 pace

211 348 386 380 frueretur.
406 350 453 381 Ita
479 351 567 390 quod
591 350 763 383 schismate
793 353 1012 384 laborantibus
1038 352 1218 384 Corinthiis
1238 353 1286 384 vir
1302 353 1500 393 apostolicus
1525 352 1673 384 Clemens
1700 352 1837 392 epistola

212 398 312 438 priori
329 399 485 431 suadebat
500 398 554 441 (a),
569 403 602 431 ut
617 411 633 429 σ
649 401 682 432 Si
697 401 771 440 quis
784 406 869 433 esset
885 411 1076 442 generosus,
1093 403 1120 434 si
1139 403 1212 444 quis
1236 404 1432 440 misericors,
1450 403 1476 434 si
1490 404 1567 444 quis
1592 402 1755 434 charitatis
1772 403 1838 442 pie-

214 457 286 486 nus,
303 449 446 481 diceret:
463 450 494 481 Si
509 455 641 491 propter
659 461 709 485 me
724 454 842 485 seditio
859 458 890 485 et
904 454 1065 487 discordia
1082 459 1112 487 et
1124 455 1315 492 schismata,
1331 455 1513 487 discedo....
1528 455 1631 486 solum
1651 455 1734 486 ovile
1747 454 1838 486 Chri-

214 499 254 530 sti
273 499 305 530 in
319 506 395 540 pace
413 501 518 540 degat,
532 513 547 530 ι)
565 506 645 539 etc.;
662 505 700 534 ad
717 503 801 543 quod
816 507 957 543 paratum
974 513 1007 536 se
1034 514 1104 537 esse
1125 508 1201 545 post
1216 504 1400 544 exemplum
1417 504 1572 542 Theologi
1587 503 1837 543 Chrysostomus

214 551 423 591 profitebatur
435 553 478 593 (b)
497 563 506 583 :
523 553 553 584 id
569 554 745 593 Gregorius
773 555 997 586 Nazianzenus
1022 555 1127 594 reipsa
1147 555 1314 595 praestitit,
1332 554 1389 594 qui
1405 558 1440 586 ut
1452 553 1606 584 seditioni
1620 552 1747 584 obviam
1763 553 1836 587 iret,

216 605 386 642 postquam
411 603 451 634 ad
477 602 865 643 Constantinopolitanam
884 605 994 636 sedem
1013 605 1162 636 admotus
1189 609 1297 640 esset,
1325 605 1474 644 protinus
1490 603 1642 634 Ecclesiae
1658 601 1839 642 repudiavit

216 651 451 692 praefecturam,
469 660 528 683 nec
544 652 636 684 aliam
654 665 669 681 α
686 654 734 689 vir
747 662 935 692 generosus.
954 665 969 683 ι
994 657 1029 684 ut
1043 654 1152 685 verbis
1168 654 1198 684 S.
1215 653 1390 685 Clementis
1405 656 1487 690 utar,
1505 664 1520 681 α
1548 651 1596 683 vir
1610 651 1792 683 misericors
1808 655 1839 682 et

215 703 331 744 plenus
345 703 521 741 charitatis,
537 715 552 733 ιι
570 705 632 736 vita
648 706 753 736 divina
766 706 905 745 insignis
918 728 926 743 ,
943 706 1133 738 Christianae
1159 707 1192 738 in
1215 705 1357 737 Ecclesia
1377 705 1462 745 pacis
1478 709 1597 744 martyr
1615 707 1646 736 et
1664 704 1770 736 hostia
1787 703 1838 744 (ο),

215 754 387 785 discedens
415 755 456 786 ab
485 755 678 795 imperatore
698 757 842 796 poposcit
858 758 989 797 gratiam
1008 779 1017 795 ,
1037 757 1102 788 nisi
1120 761 1155 788 ut
1170 758 1208 789 ad
1233 757 1435 788 concordiam
1463 756 1634 787 adduceret
1659 755 1840 795 episcopos,

215 808 414 837 contestatus
442 814 478 838 se
507 807 620 838 mundi
647 807 747 847 gratia
760 829 770 844 ,
787 816 860 847 qua)
877 808 1059 845 patiebatur
1074 808 1138 847 pati
1160 807 1267 842 facile.
1284 810 1316 838 et
1332 807 1369 838 ad
1385 805 1618 838 conciliandam
1637 805 1758 837 mundo
1783 813 1843 844 pa-

217 865 286 887 cem
302 856 382 888 urbe
397 856 580 897 thronoque
595 857 753 890 excedere
766 858 915 896 libenter,
932 859 1001 898 paci
1017 859 1158 898 denique
1173 858 1280 890 omnia
1298 858 1387 889 litare
1403 867 1410 888 :
1426 868 1440 886 α
1461 856 1546 894 Quin
1559 856 1654 887 etiam
1670 855 1745 893 scis,
1760 865 1776 884 ι
1792 855 1842 885 in-

217 909 288 948 quit
301 907 357 948 (α),
375 909 496 950 alloqui
514 918 651 950 pergens
667 911 892 951 imperatorem
907 912 1138 949 Theodosium,
1156 923 1171 941 α
1189 920 1285 952 quam
1304 911 1511 943 reluctantem
1529 910 1560 941 in
1578 909 1694 941 throno
1708 917 1759 942 me
1774 909 1841 941 col-

218 958 339 990 locasti.
358 969 374 988 ι

259 1009 430 1049 Nunquam
447 1008 674 1049 Sasimensem,
693 1020 859 1052 nunquam
889 1013 1125 1046 Nazianzenum
1151 1013 1338 1053 episcopum
1368 1020 1403 1043 se
1425 1009 1507 1042 dixit
1531 1009 1636 1042 dicive
1654 1018 1770 1050 passus
1796 1013 1844 1042 est

218 1058 406 1098 Gregorius,
423 1059 479 1090 sed
495 1068 624 1100 semper
637 1061 670 1092 in
683 1062 880 1094 carminibus
892 1067 924 1094 et
938 1063 1083 1103 epistolis
1099 1064 1307 1095 vehementer
1321 1062 1471 1095 reclamat
1493 1071 1501 1091 :
1521 1060 1845 1100 Constantinopolita-

219 1117 292 1140 nam
309 1117 384 1140 vero
400 1110 509 1141 sedem
528 1119 564 1142 se
579 1112 741 1152 accepisse
757 1112 887 1151 fatetur,
904 1113 936 1144 in
953 1123 988 1145 ea
1003 1122 1037 1145 se
1052 1114 1242 1146 collocatum
1261 1113 1361 1145 fuisse
1376 1115 1521 1149 testatur,
1537 1120 1639 1150 seque
1654 1111 1722 1149 ipse
1739 1112 1846 1142 nomi-

218 1164 272 1192 nat
288 1160 376 1193 illius
395 1162 486 1194 urbis
506 1162 705 1203 episcopum.
725 1164 817 1196 Certe
832 1173 891 1197 nec
910 1165 1011 1206 major
1032 1175 1092 1198 nec
1108 1167 1248 1206 apertior
1266 1165 1330 1197 ulla
1350 1168 1454 1204 potest
1468 1172 1539 1195 esse
1555 1163 1727 1194 auctoritas
1749 1171 1845 1203 quam

218 1210 305 1242 istud
321 1211 496 1244 authentici
514 1213 694 1244 testamenti
708 1213 901 1254 principium
922 1218 952 1246 et
968 1215 1053 1247 linis.
1081 1216 1126 1247 Ae
1150 1215 1342 1255 principium
1361 1214 1490 1255 quidem
1509 1222 1517 1242 :
1538 1224 1552 1242 α
1576 1212 1762 1252 Gregorius,
1791 1212 1844 1243 in-

219 1261 301 1300 quit,
319 1262 491 1302 episcopus
510 1261 673 1293 catholicas
687 1262 981 1303 Constantinopolis
1006 1264 1169 1302 Ecclesia,
1190 1263 1303 1296 vivens
1327 1272 1364 1294 ac
1386 1263 1564 1303 prudens...
1582 1274 1596 1291 η
1626 1262 1662 1293 ln
1683 1262 1744 1293 ﬁne
1770 1271 1846 1293 vero

219 1311 414 1352 subscriptio
437 1312 504 1344 haec
518 1316 567 1344 est
583 1325 592 1344 :
609 1325 624 1343 α
643 1315 816 1355 Gregorius
834 1316 1005 1357 episcopus
1019 1317 1183 1349 catholica)
1195 1315 1489 1356 Constantinopolis
1510 1315 1658 1346 Ecclesiae
1677 1315 1776 1354 relegi
1797 1319 1847 1346 te-

221 1364 431 1401 stamentum,
460 1365 491 1394 et
520 1364 627 1396 omnia
656 1365 835 1405 approbans
863 1366 1042 1407 subscripsi
1073 1375 1169 1399 manu
1198 1376 1278 1405 mea,
1307 1370 1338 1399 et
1368 1367 1434 1399 vim
1468 1367 1614 1398 obtinere
1643 1367 1714 1399 volo
1743 1371 1774 1398 et
1792 1366 1847 1407 ju-

220 1411 291 1443 beo.
307 1423 323 1441 ι

259 1463 409 1503 Denique
426 1463 510 1495 inter
525 1463 694 1503 episcopos
709 1464 1085 1505 Constantin0po|itanos
1105 1465 1139 1496 in
1158 1465 1381 1506 episcoporum
1398 1465 1495 1505 hujus
1515 1464 1606 1496 urbis
1629 1464 1712 1496 serie
1729 1464 1776 1496 sic
1794 1473 1846 1496 re-

221 1516 391 1544 censetur:
407 1523 423 1541 α
437 1513 613 1552 Gregorius
627 1513 822 1552 Theologus,
840 1513 1036 1546 Sasimorum
1050 1515 1186 1555 primum
1199 1515 1367 1555 episcopus
1386 1515 1608 1557 (designatus),
1621 1516 1849 1548 Constantino-

220 1562 385 1603 politanus
413 1563 474 1594 sub
502 1564 685 1597 Theodosio
702 1565 817 1603 Magno
833 1566 1036 1596 renuntiatus
1051 1569 1116 1603 est,
1133 1566 1229 1606 eique
1243 1566 1309 1597 haec
1324 1566 1430 1604 sedes,
1448 1567 1547 1598 veluti
1566 1567 1622 1607 qui
1640 1567 1739 1598 multa
1756 1567 1849 1598 labo-

222 1618 334 1652 rasset,
349 1623 385 1645 ac
400 1614 574 1646 Ecclesiam
592 1615 631 1646 ab
649 1615 767 1654 injuria
784 1616 978 1647 vindicasset
993 1615 1026 1647 in
1038 1615 1228 1654 libertatem,
1241 1620 1289 1649 est
1300 1627 1317 1649 a
1333 1619 1457 1657 synodo
1473 1619 1657 1651 conﬁrmata
1677 1630 1685 1650 :
1700 1629 1716 1648 ι
1741 1623 1849 1650 Ἐπικυ-

221 1669 356 1707 ρωθὲντος
369 1669 444 1706 αὐτῷ
458 1669 505 1697 τοῦ
522 1669 618 1706 θρόνου
631 1670 707 1706 παρὰ
715 1671 765 1706 τῆς
778 1672 896 1700 συνόδου.

260 1718 391 1750 Nullum
401 1718 468 1758 jam
484 1717 565 1749 circa
582 1721 803 1760 episcopatum
816 1720 963 1760 Gregorii
983 1720 1118 1752 dubium
1138 1721 1264 1753 videtur
1280 1730 1464 1762 superesse,
1475 1730 1535 1755 nec
1549 1722 1735 1755 evellendus
1751 1724 1848 1753 restat

223 1771 406 1812 scrupulus.
423 1771 587 1812 Siquidem
602 1779 642 1802 ex
658 1770 751 1802 dictis
767 1774 914 1803 constare
929 1771 1024 1803 debet
1037 1780 1124 1809 eum,
1141 1780 1200 1803 nec
1214 1772 1423 1808 Sasimorum,
1450 1782 1509 1804 nec
1530 1773 1692 1808 Nazianzi.
1721 1773 1777 1804 sed
1792 1782 1844 1804 so-

226 1821 289 1854 lius
303 1822 599 1862 Constantinopolis
614 1822 767 1854 Ecclesiae
785 1822 972 1862 episcopum
995 1821 1236 1853 renuntiatione
1251 1822 1377 1861 publica
1393 1826 1424 1853 et
1440 1823 1602 1861 canonica,
1621 1824 1848 1856 communibus

227 1874 322 1905 totius
340 1874 417 1906 cieri
434 1883 470 1906 ac
486 1873 596 1913 populi
614 1872 698 1904 votis
714 1875 745 1903 et
760 1872 936 1911 suti‘ragiis,
951 1880 1078 1914 necnon
1093 1871 1228 1911 plenarii
1248 1872 1376 1904 concilii
1394 1873 1522 1904 Patrum
1552 1873 1698 1904 omnium
1714 1882 1850 1905 consen-

226 1932 277 1961 su,
302 1922 405 1956 fuisse
433 1924 664 1955 renuntiatum.
693 1922 764 1954 Non
789 1922 877 1958 aliud
895 1922 993 1962 igitur
1024 1922 1100 1953 huic
1125 1926 1243 1954 nostra;
1272 1922 1419 1961 Gregorii
1449 1931 1581 1964 operum
1610 1923 1746 1956 editioni
1775 1925 1850 1956 titu-

227 1975 292 2006 lum
326 1974 488 2015 prieﬁgere
515 1973 640 2010 licebat,
665 1981 761 2012 quam
788 1973 846 2011 qui
875 1973 1021 2012 praeﬁxus
1048 1977 1123 2004 est:
1149 1984 1162 2001 σ
1179 1972 1284 2003 Sancti
1315 1972 1416 2004 Patris
1440 1974 1542 2005 nostri
1571 1974 1718 2013 Gregorii
1747 1974 1851 2006 Theo-

227 2024 311 2064 logi,
344 2023 578 2064 archiepiscopi
615 2022 984 2062 Constantinopolitani,
1020 2030 1128 2062 opera.
1159 2033 1174 2051 ιι
1207 2022 1301 2054 Hunc
1333 2022 1396 2053 sibi
1432 2023 1467 2054 in
1504 2025 1730 2064 manuscriptis
1769 2033 1850 2064 penu

226 2076 379 2108 omnibus
403 2075 572 2107 Orationes
605 2082 736 2112 omnes,
774 2073 860 2104 hunc
896 2073 960 2104 sibi
995 2072 1171 2112 Carmina,
1196 2072 1282 2104 hunc
1318 2073 1379 2104 sibi
1411 2073 1562 2113 Epistolas
1602 2073 1731 2105 titulum
1769 2083 1851 2113 praa~

227 2125 382 2157 scribunt.

229 2211 244 2248 δ
270 2210 308 2242 ν.
340 2220 382 2241 ne
408 2217 650 2245 AMPHILOCEIO,
676 2217 742 2238 cum
771 2217 895 2243 rarae,
922 2217 990 2238 TUM
1015 2217 1041 2238 ιη

1036 2217 1112 2244 ιιιο,
1137 2215 1288 2238 εριεσορο
1315 2215 1495 2241 ICONIBNSI,
1525 2215 1671 2241 TOTAQUE
1699 2215 1848 2238 θιιεϐοιιιι

371 2258 524 2280 ΜΔΤΕΚΝΔ
553 2257 768 2284 COGNATIONE,
793 2257 835 2278 AD
860 2257 951 2283 QUAM
976 2256 1156 2278 PERTINERE
1180 2272 1183 2277 λ

891 2257 951 2278 UAM
976 2256 1156 2278 PERTINERE
1180 2256 1415 2278 AMPEILOCHIUS
1436 2255 1703 2276 υειιοΝδΤκΑτυιι.

267 2323 529 2364 Amphilochium
549 2322 654 2360 illum,
671 2321 764 2362 cujus
779 2330 861 2353 uxor
875 2321 964 2353 Livia
982 2321 1056 2360 fuit,
1077 2322 1116 2353 ab
1132 2321 1292 2353 Icouiensi
1309 2321 1405 2360 hujus
1421 2319 1562 2351 nominis
1586 2320 1724 2359 pressule
1741 2319 1850 2350 diver-

228 2384 299 2408 sum
316 2374 426 2407 statuit
439 2375 568 2414 quidem
585 2376 634 2406 vir
649 2375 847 2406 clarissimus
862 2375 1060 2406 Muratorius
1079 2376 1112 2405 in
1138 2374 1223 2406 notis
1253 2374 1292 2405 ad
1308 2373 1506 2414 epitaphium
1524 2381 1619 2408 xui,
1642 2379 1710 2411 pug.
1728 2372 1779 2403 31.
1805 2373 1847 2403 At

230 2426 309 2458 nihil
326 2425 382 2458 ille
397 2430 561 2464 praeterea,
578 2433 637 2456 nec
655 2425 683 2457 ei
695 2424 734 2456 de
749 2425 918 2464 utriusque
934 2423 1152 2463 Amphilocbii
1174 2431 1246 2454 cum
1264 2422 1419 2462 Gregorio
1439 2426 1549 2454 nostro
1574 2422 1850 2462 consanguinitate

228 2480 282 2508 aut
300 2467 443 2508 suboluit
464 2474 655 2515 quidquam,
677 2480 732 2508 aut
756 2481 842 2508 certe
862 2476 940 2516 quid
956 2476 1092 2508 sentiret
1111 2475 1160 2506 vir
1175 2474 1287 2506 doctus
1308 2481 1375 2505 non
1397 2475 1533 2514 aperuit.
1551 2475 1670 2506 Verum
1685 2473 1852 2513 Amphilo-

230 2524 336 2556 chium
357 2524 472 2561 ﬁlium.
488 2523 527 2554 de
541 2531 606 2563 quo
621 2524 654 2556 in
670 2525 962 2565 epigrammatibus,
977 2524 1180 2556 lconiensem
1199 2532 1271 2555 esse
1288 2523 1474 2564 episcOpum
1493 2524 1737 2556 celeberrimum
1760 2523 1851 2554 illum

230 2584 267 2610 ac
297 2576 393 2616 vulgo
421 2583 461 2607 eo
480 2573 613 2608 nomine
633 2575 812 2614 cognitum,
828 2575 951 2606 tametsi
970 2583 1034 2605 non
1048 2574 1090 2605 ita
1108 2573 1244 2605 fortasse
1259 2576 1400 2610 constet;
1416 2577 1540 2605 constat
1553 2577 1657 2604 tamen
1674 2571 1852 2603 certissime

231 2626 488 2666 Amphilochios,
520 2625 560 2659 de
585 2624 705 2666 quibus
733 2624 786 2656 hic
819 2625 936 2664 agitur,
966 2624 1120 2666 Gregorio
1151 2623 1309 2662 sanguine
1339 2623 1619 2663 conjunctissimos
1646 2621 1781 2653 fuisse:
1817 2630 1853 2652 ac

223 2679 351 2723 patrem
367 2670 497 2714 quidem
516 2677 711 2709 avunculum
732 2677 892 2717 GregOrii,
908 2677 1009 2708 tilium
1026 2685 1100 2708 vero
1117 2675 1379 2717 Amphilochium
1402 2683 1442 2705 ex
1465 2675 1625 2706 avunculo
1646 2673 1776 2705 fratrem
1798 2677 1851 2705 aut

232 2727 417 2759 amitinum.
435 2728 527 2765 Quod
541 2733 739 2768 postremum
754 2730 810 2761 ubi
824 2729 1075 2770 probaverimus,
1092 2734 1211 2769 partem
1228 2727 1360 2759 alteram
1376 2727 1584 2766 attingemus.

270 2779 362 2812 Mitto
377 2779 651 2819 Amphilochium,
667 2779 884 2820 Amphilochii
911 2780 1147 2820 Euphemiiquo
1168 2781 1345 2818 parentem,
1369 2781 1400 2808 et
1418 2774 1714 2816 Livim_conjugem,
1742 2777 1854 2806 natum

268 2859 306 2894 (α)
326 2859 375 2896 ep.
392 2860 404 2886 l
423 2859 452 2888 s.
468 2859 566 2893 Clem.,
580 2869 607 2895 p.
623 2861 683 2896 ne,
696 2862 739 2891 ed.
756 2861 842 2890 Cotel.
1108 2860 1144 2894 (ο)
1161 2859 1240 2896 vers.
1262 2859 1327 2896 ise;
1342 2863 1369 2887 et
1384 2859 1460 2887 1898.

270 2895 306 2930 (ὁ)
325 2894 403 2923 ﬂent.
418 2903 456 2930 ιι,
469 2896 503 2924 ad
521 2894 589 2932 Eph;
676 2894 681 2896 ⁷

527 2894 589 2932 Eph;
676 2894 681 2896 ⁷
1105 2897 1145 2929 (rt)
1166 2894 1242 2923 Vers.
1261 2894 1339 2922 1899.
