2058 3128
215 175 250 203 85
709 172 897 202 PBEFATIO
916 170 1125 200 CENERALIS.
1145 187 1180 198 -ρ
1196 171 1287 203 PARS
1306 170 1340 204 ll,
1813 167 1847 196 ει

213 233 432 269 Βίουιεεδτθω,
462 232 493 263 id
523 234 570 263 est
599 232 762 263 Nazianzi.
790 233 820 262 ls
843 230 1025 269 Amphilocl

1040 229 1090 261 ius
1119 229 1239 261 dicitur
1255 241 1268 257 ι
1288 229 1328 269 (α)
1349 226 1616 267 magnaPhiltatii
1634 228 1664 258 et
1679 226 1847 265 Gorgonius

212 286 320 327 proles
341 296 349 316 :
368 296 383 313 ιι
403 289 465 316 υἱέα
481 287 624 315 Φιλτατίου
641 285 787 321 Γοργονίας
797 293 826 310 τε
840 283 938 319 μέγαν.
964 279 1024 309 Ροκ

1035 286 1063 310 το
1084 278 1223 310 Philtatii
1241 278 1303 309 ﬁlia
1320 276 1497 317 appellatur
1511 276 1691 318 Nonna'(b),
1701 284 1773 316 qua
1787 276 1847 309 alia

214 345 287 366 esse
319 343 385 366 non
416 338 533 374 potest,
563 341 659 373 quam
691 334 790 362 luater
818 328 974 367 Theologi
1010 337 1020 363 ξ
1058 329 1178 368 quippe
1208 338 1280 368 quae
1308 329 1421 359 Nonne
1449 328 1483 359 in
1512 330 1702 358 testamento
1728 327 1849 366 Grego-

215 390 256 421 rii
276 393 415 426 vocatur,
457 386 608 427 Alypium
644 386 675 413 ct
707 379 901 420 Gorgoniam
930 380 1099 418 juniorem
1132 383 1280 418 parentes
1311 379 1441 417 habuit,
1475 385 1684 418 sororemque
1711 377 1844 418 Alypiu-

213 449 300 472 nam.

253 491 324 522 Hoc
337 490 383 522 vel
399 497 465 521 uno
481 490 643 519 momento
660 485 784 516 constat
802 483 937 519 Nonne,
961 481 1118 520 Theologi
1135 482 1258 518 matris,
1275 482 1538 522 Amphilochium
1553 483 1654 515 fuisse
1671 492 1710 514 ex
1724 483 1842 515 Philte—

212 540 257 571 tio
288 544 319 571 et
344 538 502 578 Gorgonia
523 535 709 576 parentibus
734 540 922 573 germanum
939 531 1087 567 fratrem.
1098 531 1182 562 lIinc
1197 532 1236 562 ad
1256 532 1378 563 Nonnm
1396 532 1490 566 ﬁliam
1516 534 1652 568 manavit
1678 534 1863 573 Gorgonius.

213 599 346 628 nomen,
363 587 636 630 quemadmodum
655 585 693 616 ab
709 584 779 615 avia
792 581 905 613 Basilii
922 581 1029 620 magni
1046 589 1139 611 soror
1153 581 1235 612 dicta
1251 585 1299 613 est
1314 582 1466 620 Macrine,
1481 584 1547 615 imo
1562 584 1663 624 ipsius
1678 585 1845 623 Gorgonim

209 643 352 682 junioris
371 642 433 673 ﬁlia
450 641 491 673 ah
505 639 574 672 avia
591 647 735 679 quoque,
752 640 851 668 matre
868 634 1038 673 Theologi,
1056 634 1169 666 Nonne
1185 638 1296 665 vocata
1313 642 1322 663 :
1340 637 1371 665 et
1386 635 1425 666 ab
1441 644 1513 672 avo,
1526 639 1580 666 aut
1595 643 1711 673 proavo
1728 635 1844 668 Philte-

211 695 270 730 tio,
294 694 475 730 Philtatius,
502 691 540 732 (c)
559 691 599 723 de
620 699 683 731 qua
701 689 735 721 in
751 688 891 729 quodam
905 686 1194 727 epitaphio,_quem
1211 695 1250 718 ex
1266 686 1412 727 Gregorii
1427 687 1545 735 familia
1557 688 1658 719 fuisse
1673 697 1769 720 nemo
1783 689 1844 720 du-

209 747 369 778 bitaverit.
1706 784 1712 786 .

249 797 318 828 iam
330 805 408 828 vero
422 798 577 836 quantum
596 795 678 828 lucis
691 795 758 826 htec
769 793 937 827 all’undant
949 792 1090 832 singulis
1107 792 1407 832 epigrammatibus,
1421 793 1544 833 totique
1556 793 1698 825 historiae
1712 796 1742 824 et
1756 794 1843 832 genti

209 848 358 888 Gregorii
374 847 516 878 attendat
539 847 650 879 lector.
669 847 754 878 Hinc
773 846 877 885 primo
892 848 1023 886 apparet
1037 854 1095 876 cur
1106 845 1155 876 vir
1168 853 1203 875 se
1214 844 1286 884 ipso
1297 845 1377 876 adeo
1394 844 1662 876 commendabilis
1676 844 1843 884 Amphilo.

207 899 317 937 chius,
330 897 402 929 suis.
415 897 605 930 nobilitetur
618 896 818 937 parentibus.
833 895 992 927 Nimirum
1009 895 1075 932 isti,
1088 894 1244 935 Gregorio
1256 903 1388 935 quoque
1402 894 1453 926 avi
1467 898 1570 931 erant,
1587 894 1706 934 illaque
1720 906 1741 924 ι
1752 895 1843 927 radix

208 954 331 987 sancta,
348 961 363 979 ι
381 949 467 981 unde
488 953 556 981 orta
573 949 688 981 Nonna
704 960 720 978 α
737 949 887 986 sanctior,
904 959 920 977 ιι
932 947 1080 988 Gregorii
1103 951 1215 987 mater,
1230 947 1327 980 toties
1342 948 1376 980 in
1394 947 1593 980 caminibus
1613 951 1709 988 atque
1723 949 1842 980 oratio:

208 999 305 1030 nibus
320 999 381 1030 hoc
396 999 529 1030 nomine
540 1008 562 1030 ιι
572 998 638 1030 tilio
649 998 882 1030 commendata.

246 1048 372 1080 Deinde
389 1048 518 1087 planum
535 1055 598 1088 εει,
611 1050 688 1090 quid
702 1050 768 1082 haec
784 1050 880 1082 verba
890 1049 1058 1090 epitaphii

1034 1049 1044 1081 i
1056 1059 1139 1080 xxix
1150 1049 1193 1090 (ἀ)
1203 1049 1384 1090 signiﬁcent
1395 1056 1494 1093 ειπηοῖς
1508 1057 1598 1085 πάντα
1614 1056 1748 1084 nimam.
1761 1052 1842 1091 Agi-

207 1104 260 1131 tur
279 1100 366 1132 enim
383 1100 423 1130 de
439 1099 582 1131 doctrina
600 1103 633 1131 et
651 1099 794 1131 scientias
807 1099 917 1136 bonis,
932 1108 1005 1140 quae
1023 1099 1276 1139 consanguineis
1293 1105 1324 1132 et
1338 1101 1500 1141 amnibus,
1511 1113 1567 1135 eos
1581 1103 1736 1140 docendo,
1752 1111 1842 1142 para-

210 1156 298 1184 verat
315 1152 577 1192 Amphilochius.
593 1151 684 1183 Unde
699 1152 817 1183 iterum
831 1151 866 1182 in
883 1151 1048 1191 epitaphio
1071 1161 1144 1182 xxx
1159 1151 1210 1193 (α),
1225 1151 1370 1184 doctrina
1386 1153 1471 1186 idem
1494 1154 1562 1194 ipse
1579 1154 1698 1185 dicitur
1711 1164 1732 1183 ι
1744 1153 1842 1185 auxi.

205 1204 286 1235 lium
301 1209 333 1236 et
349 1205 447 1236 robur
458 1203 562 1234 fuisse
574 1203 731 1242 cognatis,
746 1203 818 1242 piis,
839 1202 1017 1240 nobilibus,
1034 1202 1197 1240 litteratis,
1211 1204 1367 1244 verbique
1378 1205 1480 1242 dator,
1494 1215 1510 1234 ιι
1526 1204 1556 1235 id
1574 1207 1622 1235 est
1633 1203 1844 1244 eloquentiae,

203 1263 262 1285 seu
278 1258 313 1285 ut
329 1255 361 1285 in
378 1253 441 1285 alio
453 1252 488 1294 (Γ)
506 1264 520 1281 α
538 1252 717 1284 Rhetorica:
734 1263 749 1281 in
769 1251 922 1291 magister
938 1263 952 1280 α
968 1252 1129 1283 eximius:
1149 1252 1267 1291 nqnod
1284 1253 1414 1292 quidem
1430 1254 1537 1285 Grieca
1554 1256 1681 1285 sonant.

242 1305 369 1344 Quippe
388 1313 427 1335 ex
443 1303 611 1342 discipulis
635 1303 854 1342 Amphilochii
871 1303 971 1342 patris
986 1306 1018 1334 et
1033 1303 1240 1340 necessariis,
1258 1304 1512 1344 Gregorius-non
1529 1314 1612 1337 unus
1634 1305 1738 1337 solum
1760 1308 1844 1342 erat,

202 1358 319 1394 ἆταιρων
338 1358 392 1385 σῶν
414 1358 490 1390 ἑνός·
509 1364 620 1387 verum
641 1365 680 1387 ex
706 1356 898 1396 propinquis
920 1356 1014 1387 etiam

1027 1380 1029 1389 ι
1046 1359 1078 1387 et
1102 1357 1261 1396 sanguine
1280 1358 1580 1397 conjunctissimus.
1597 1359 1681 1391 Hinc
1696 1360 1775 1390 adeo
1792 1359 1839 1391 sio

204 1403 402 1443 epitaphium
420 1415 491 1436 xxx
508 1406 628 1437 claudit
648 1416 656 1435 :
677 1406 875 1445 «Gregorius
888 1405 954 1437 haec
964 1405 1091 1446 scripsi,
1105 1407 1283 1438 orationem
1299 1408 1456 1446 oratione,
1469 1417 1564 1449 quam
1583 1419 1598 1441 a
1615 1414 1658 1446 te,
1672 1409 1840 1449 Amphilo-

202 1456 274 1494 che,
292 1457 424 1494 edidici,
442 1462 586 1489 mutuam
605 1458 797 1498 rependens.
821 1469 836 1487 ν
854 1459 1017 1490 Didicerat
1037 1467 1133 1499 porro
1145 1459 1333 1499 Gregorius,
1356 1460 1471 1500 utique
1489 1460 1522 1490 in
1539 1460 1649 1499 patria,
1675 1460 1735 1491 sub
1751 1463 1844 1499 patre-

202 1507 339 1546 primum
359 1511 390 1539 et
411 1508 588 1546 avunculo,
604 1508 793 1549 priusquam
817 1509 855 1540 ad
873 1512 1013 1547 exteros,
1034 1509 1124 1541 velut
1137 1510 1177 1542 ad
1198 1514 1409 1542 mercaturam
1429 1511 1585 1542 bonarum
1607 1511 1721 1542 artium
1744 1509 1847 1550 proﬁq.

201 1559 390 1592 cisceretur.

240 1610 424 1651 Antequam
440 1620 516 1643 vero
526 1611 654 1651 longius
669 1611 1035 1652 progrediamur,operte
1047 1611 1488 1652 pretiumffueritobservare,
1499 1607 1836 1650 quodMuratorius(g)

200 1663 233 1693 in
251 1663 405 1703 epitaphii
422 1664 551 1696 titulum
566 1674 650 1696 xxxi
665 1665 873 1704 conjiciehat,
885 1665 952 1706 jam
969 1669 1004 1697 ut
1019 1665 1239 1697 certissimum
1254 1674 1326 1696 esse
1341 1665 1538 1700 habendum,
1553 1661 1840 1699 scribendumque.

199 1721 240 1752 αις
263 1720 436 1757 Ἀμφιλόχιον
452 1721 526 1755 ἄλλο,
546 1728 562 1746 α
577 1718 610 1750 in
626 1718 892 1758 Amphilochium
907 1719 1010 1756 aliud,

1028 1730 1043 1746 ι
1059 1719 1183 1751 sci-licet
1198 1719 1396 1760 epitaphium
1413 1729 1421 1749 :
1440 1726 1506 1751 nun
1522 1720 1642 1754 autem,
1666 1726 1682 1745 α
1703 1715 1737 1746 in
1759 1714 1835 1745 Am-

202 1766 401 1804 philochium
424 1768 536 1801 alium.
560 1781 575 1799 ι
597 1771 685 1802 ldem
710 1769 796 1800 enim
824 1773 873 1800 est
892 1768 1153 1809 Amphilochius,
1172 1769 1318 1808 Gregorii
1338 1769 1530 1806 avunculus,
1555 1768 1596 1799 de
1609 1765 1721 1806 quoin
1736 1763 1837 1805 epita-

200 1816 286 1855 phiis
300 1818 351 1854 29,
367 1817 420 1854 30,
435 1819 485 1856 31,
502 1819 554 1856 32,
567 1820 618 1858 33,
634 1821 685 1858 3h,
700 1821 751 1858 35,
770 1823 845 1857 etc.,
860 1819 894 1850 in
923 1819 1044 1859 quibus
1061 1830 1076 1848 ι
1095 1819 1137 1859 (ἡ)
1153 1819 1217 1850 vim
1237 1819 1363 1858 igneam
1385 1818 1514 1850 dicendi
1537 1818 1699 1854 habuisse,
1731 1819 1837 1856 ῥήτραν

198 1872 366 1907 πυρόεσσαν,
385 1876 564 1909 omnesque
577 1870 780 1911 Cappadocas
797 1878 968 1910 superasse
980 1869 1165 1909 eloquentia
1187 1881 1203 1898 ια
1214 1869 1344 1900 dicitur.
1361 1869 1404 1906 is,
1426 1869 1568 1909 inquam,
1585 1875 1668 1899 unus
1683 1865 1837 1904 idemque

200 1918 450 1958 Amphilochius
467 1931 475 1951 :
494 1929 553 1952 nec
572 1921 707 1952 dubium
722 1921 873 1960 cuiquam
891 1927 963 1951 esse
980 1923 1100 1959 potest,
1113 1919 1192 1960 quin
1209 1919 1264 1951 ille
1283 1919 1541 1959 Amphilochius,
1557 1917 1613 1958 qui
1631 1917 1663 1948 in
1678 1914 1836 1956 posterio-e

200 1970 289 2000 ribus
319 1971 379 2001 sub
409 1979 494 2002 novo
525 1971 617 2003 titulo
646 1971 819 2011 epitaphiis
850 1971 890 2002 ab
920 1971 1107 2011 eloquentia
1141 1974 1308 2010 tantopere
1335 1969 1589 2005 commendatur,
1615 1967 1670 1999 ille
1690 1967 1759 2005 ipse
1778 1965 1833 2000 sit,

199 2021 257 2059 qui
276 2032 291 2049 α
308 2021 379 2052 fons
396 2021 593 2062 eloquentiae
608 2024 774 2062 omnibus,
791 2034 806 2052 ιι
823 2022 1040 2063 Gregoriique
1057 2023 1208 2062 magister
1224 2023 1385 2062 prioribus
1406 2023 1440 2054 in
1459 2020 1629 2062 epitaphiis
1646 2019 1757 2051 audire
1771 2026 1834 2048 me-

200 2071 277 2101 ruit.

239 2121 334 2151 Plana
352 2120 483 2152 demum
502 2124 551 2153 est
569 2125 600 2154 et
614 2126 722 2162 aperta
742 2123 842 2154 totius
858 2121 1067 2162 Gregoriante
1087 2122 1194 2160 gentis
1212 2130 1251 2153 ex
1271 2125 1371 2153 matre
1392 2121 1507 2158 series,
1529 2121 1697 2160 hucusque
1718 2125 1831 2158 prope-

199 2170 329 2205 modum
342 2170 461 2210 ignota.
479 2171 581 2210 Quam
603 2173 690 2204 enim
711 2171 842 2206 exhibet
857 2172 1018 2203 Baronius
1038 2172 1073 2202 in
1084 2172 1155 2203 Vita
1170 2171 1335 2212 Gregorii,
1347 2180 1382 2204 ea
1397 2171 1570 2210 mendosa,
1580 2173 1610 2207 et
1626 2172 1775 2215 praeterea
1792 2166 1830 2198 ab

197 2222 271 2253 aliis
288 2223 469 2260 perturbata
485 2227 517 2256 et
531 2224 707 2256 adulterata
723 2224 799 2255 fuit.
816 2224 867 2257 Sic
885 2222 996 2263 igitur,
1014 2222 1125 2260 lector,
1148 2222 1277 2254 habeto.

237 2274 285 2304 Ex
302 2273 456 2304 Philtatio
471 2277 502 2305 et
523 2273 686 2312 Gorgonis
702 2273 772 2313 ejus
791 2280 893 2303 uxore
909 2275 977 2303 orta
994 2274 1042 2303 est
1062 2272 1188 2309 Nonna,
1205 2272 1353 2312 Gregorii
1370 2275 1483 2310 mater,
1508 2271 1717 2311 ejusdemque
1732 2275 1832 2301 avuns

196 2325 290 2355 culus
308 2325 567 2364 Amphilochius,
596 2325 718 2356 Nonum
742 2330 917 2362 germanus
934 2314 1044 2353 frater.
1059 2322 1140 2354 Natu
1163 2323 1315 2363 majorem
1330 2322 1432 2355 fuisse
1448 2323 1592 2354 Nonnam
1613 2320 1644 2350 id
1661 2326 1741 2358 pene
1762 2326 1832 2356 per-

196 2376 323 2413 suadet,
339 2377 427 2415 quod
452 2375 628 2416 Gregorius
647 2373 683 2416 (ἰ)
704 2372 924 2414 Amphilochii
951 2373 1047 2410 filios,
1073 2374 1204 2405 nonnisi
1227 2375 1300 2414 quia
1314 2377 1406 2406 (etate
1442 2375 1583 2405 minores
1599 2375 1700 2409 erant,
1717 2379 1732 2396 α
1750 2369 1831 2400 ﬁlio-

195 2435 266 2458 rum
286 2438 302 2455 ιι
318 2426 450 2458 nomine
467 2426 659 2466 compellare
680 2425 794 2463 soleat,
811 2434 914 2466 seque
927 2425 998 2465 ipse
1021 2436 1036 2454 α
1053 2433 1163 2457 senem
1183 2436 1198 2455 ιο
1212 2425 1386 2466 appellare.
1409 2425 1456 2457 De
1474 2422 1691 2464 Amphilochii
1717 2420 1831 2453 sobole

195 2477 338 2517 primum
354 2475 513 2507 dicamus.

236 2526 496 2566 Amphilochius,
509 2527 658 2566 Gregorii
669 2527 863 2565 avunculus,
877 2534 1011 2558 uxorem
1022 2526 1048 2558 bl

1006 2526 1281 2568 thabuitLiviam,
1292 2534 1416 2570 μάκαιρα
1432 2533 1523 2569 δάμαρ
1546 2529 1708 2571 Ἀμφιλόχου
1724 2527 1818 2564 Δισίη·

195 2591 211 2607 ι
230 2579 267 2620 (λ’)
283 2578 377 2609 Beata
393 2577 614 2617 Amphilocbii
636 2585 717 2608 ux0r
737 2577 839 2609 Livia.
859 2588 874 2606 ι
891 2577 969 2608 Tres
993 2586 1033 2608 ex
1055 2585 1091 2611 ea
1109 2577 1226 2609 liberos
1242 2578 1490 2618 Amphilochius
1513 2576 1655 2616 suscepit
1684 2585 1692 2604 :
1725 2579 1780 2607 σῶν
1797 2587 1829 2607 τι

193 2632 273 2669 τριὰς
287 2633 401 2665 τεκέων,
416 2638 431 2655 α
452 2627 493 2669 (Ic)
512 2631 639 2659 tuorum
656 2627 793 2658 ﬁliorum
809 2626 896 2658 trias.
915 2638 930 2657 in
941 2627 982 2659 Hi
999 2630 1005 2659 t

1013 2628 1058 2659 ilii
1074 2627 1165 2660 fuere
1183 2639 1198 2657 α
1216 2628 1256 2669 (ι)
1271 2628 1471 2668 Euphemius
1486 2630 1517 2659 et
1531 2625 1794 2667 Amphilochius:
1809 2636 1825 2654 ι

193 2685 267 2716 υἱέες
291 2684 458 2720 Ἀμφιλόχου
475 2683 629 2719 Εὑφήμιος,
659 2681 827 2718 ἈμφίλοχόςΙ
841 2690 881 2710 re.
898 2679 944 2712 De
961 2681 1005 2711 ter

694 2681 827 2718 μφίλοχός·
841 2690 881 2710 τε.
898 2679 944 2712 De
961 2678 1047 2711 tertii
1070 2678 1202 2710 nomine
1219 2682 1331 2718 postea
1345 2679 1501 2710 dicemus.

229 2742 267 2778 (α)
284 2742 362 2778 Apud
380 2742 460 2774 Mur.,
478 2749 521 2778 en.
537 2741 585 2778 ὅδε
596 2749 624 2778 p.
643 2742 688 2769 53.

537 2741 585 2778 ὅδε
596 2749 624 2778 r:
643 2742 688 2769 33-
1070 2741 1109 2778 (ς)
1129 2741 1179 2778 [59-
1194 2741 1240 2778 ἕρ.
1255 2749 1284 2776 ι)-
1300 2741 1345 2778 ἔξ·

229 2775 268 2847 ἐὺ)
288 2775 369 2817 llii_d..
387 2785 432 2810 ep.
453 2777 516 2810 “5,
532 2784 560 2811 p.
576 2776 636 2804 l06.
1070 2775 1109 2817 (ii)
1129 2775 1178 2811 Ep.
1194 2776 1240 2806 52.
1257 2775 1282 2811 ᾖ.
1298 2776 1343 2804 52.
1364 2776 1413 2812 Ep.
1427 2776 1474 2811 35,
1491 2783 1518 2812 ρ.
1536 2775 1582 2803 54.

241 2813 266 2847 r)
285 2813 369 2847 Epist.
380 2812 437 2847 156
451 2812 498 2839 lib.
514 2820 544 2839 ιι.
1072 2812 1108 2846 (ι)
1128 2811 1213 2845 Epist.
1226 2811 1273 2844 23,
1285 2812 1320 2838 al.
1332 2812 1400 2847 7106.

241 2813 266 2849 ιτ)
285 2813 369 2847 Epist.
385 2812 437 2839 156
451 2812 498 2839 lib.
514 2820 544 2839 ιι.

240 2849 267 2880 d)
287 2847 363 2883 Apud
379 2846 520 2883 Μαι-ηερ.
534 2847 580 2883 29,
599 2855 626 2883 p.
642 2847 685 2875 29.

1072 2812 1108 2846 (ἰ)
1128 2811 1213 2845 Epist.
1226 2811 1273 2844 23,
1285 2812 1320 2838 al.
1339 2811 1400 2840 £06.

647 2847 685 2875 29,
1071 2847 1110 2883 gf)
1129 2847 1237 2883 gerat,
1253 2855 1296 2880 ep.
1308 2846 1356 2883 t7,
1375 2855 1401 2882 p.
1418 2847 1459 2875 l7.

229 2853 267 2883 (α)
287 2853 363 2886 Apud
379 2853 461 2878 Mur.,
476 2854 520 2882 ep.
534 2853 580 2877 '29,
599 2855 626 2883 p.
642 2853 685 2875 29.
1071 2853 1110 2916 υς
1130 2853 1237 2878 Μαι-ειη
1253 2855 1296 2880 ep.
1313 2853 1356 2880 Π,
1375 2855 1401 2882 ρ,

229 2886 265 2912 te)
286 2882 364 2914 lbld-,
382 2888 425 2916 ep.
440 2882 486 2917 50,
506 2890 533 2917 p.
549 2882 593 2910 29.
1072 2882 1098 2915 (ιε
1131 2882 1179 2916 Ep.
1197 2880 1240 2917 it).
1261 2890 1287 2916 p.
1303 2882 1347 2908 20.

229 2919 262 2954 υ)
284 2918 332 2953 Ep.
347 2917 394 2951 si,
407 2925 433 2952 p.
449 2916 494 2944 so.
508 2916 515 2917 ί

1073 2919 1103 2951 (ι)
1125 2918 1172 2952 Ep.
1188 2916 1232 2950 20,
1251 2925 1276 2952 p.
1293 2917 1337 2944 20.
