2058 3128
224 177 260 205 85
716 178 903 208 PREFATIO
920 179 1124 209 GENERALIS.
1143 195 1177 202 -—
1196 180 1287 209 PARS
1303 180 1341 209 |l.-
1602 159 1612 165 ﬂ
1811 180 1846 208 86

269 239 367 269 Liviae
382 237 474 270 matri
493 237 552 269 hos
570 239 634 269 tres
652 236 772 270 liberos
790 239 981 278 superstites
997 239 1099 271 fuisse
1113 239 1224 279 probat
1239 237 1437 279 epitaphium
1456 247 1514 269 xix
1529 236 1584 278 (a),
1599 237 1633 269 in
1649 245 1715 278 quo
1734 248 1750 266 ι
1771 238 1850 269 libe-

225 290 334 321 rerum
351 288 429 320 trias
447 288 646 329 meritusque
662 288 789 322 tumulo
805 288 928 320 Liviam
946 289 1124 320 illustrasse
1141 300 1155 318 ι
1169 289 1331 321 dicuntur.
1347 289 1470 320 Primus
1485 288 1630 319 omnium
1644 292 1788 320 mortuus
1803 293 1851 320 est

224 338 437 379 Euphemius,
460 346 557 378 quem
584 337 729 376 pluribus
755 337 926 378 epitaphiis
950 338 1121 369 celebravit
1146 339 1318 378 Gregorius
1343 338 1399 379 (b),
1420 339 1539 378 quibus
1566 337 1737 378 epitapliiis
1764 337 1851 368 belle

223 392 378 420 consonat
394 388 527 428 epistola
543 387 690 427 Gregorii
708 396 830 425 ccxxx,
847 388 927 419 alias
942 397 1030 425 cxiv,
1052 388 1089 418 ad
1109 388 1331 421 Theodosium
1347 389 1416 420 sive
1435 387 1652 424 Theodorum,
1674 388 1766 427 cujus
1786 386 1848 417 ﬁlia

226 438 408 479 Euphemio
418 439 485 478 jam
505 438 710 477 desponsata,
727 438 851 477 nuptiis
866 439 1024 478 proxima,
1037 439 1081 470 ibi
1102 439 1140 480 (c)
1156 447 1221 471 non
1243 438 1436 470 describitur
1451 438 1543 469 aliter
1570 446 1606 469 ac
1626 438 1660 470 in
1686 436 1849 478 epitaphio

221 499 293 527 xxi,
309 489 427 528 conjux
442 489 513 528 ejus
524 487 734 528 Euphemius.

261 541 293 572 Si
310 540 373 572 alia
388 548 453 571 non
469 542 677 579 suppeterent
692 542 866 577 momenta,
883 549 918 572 ea
935 541 1014 572 satis
1030 545 1142 573 essent
1161 541 1201 573 ad
1217 541 1498 573 demonstrandam
1512 539 1697 580 Euphemii,
1713 540 1849 580 ejusque

222 590 322 631 patris
337 590 558 630 Amphilocliii
578 592 608 621 et
630 590 849 629 Amphilochii
866 590 975 622 fratris
994 599 1066 622 cum
1085 591 1241 631 Gregorio
1256 591 1489 630 cognationem.
1522 590 1637 622 Scribit
1665 591 1750 622 enim
1776 590 1847 630 epi-

220 641 301 673 stola
321 650 396 673 mox
412 641 537 672 laudata
553 642 729 681 Gregorius
747 642 933 675 Theodosio
945 643 1077 684 jamjam
1103 642 1219 675 futuro
1248 641 1421 682 Euphemii
1441 642 1578 674 vitrico:
1597 642 1711 673 «Nunc
1732 649 1848 681 genera

220 696 424 734 copulantur,
438 706 453 724 ι
473 699 504 726 et
523 694 673 733 inferius,
689 696 891 737 cognationis
913 697 1046 736 gradum
1066 700 1101 728 ut
1119 696 1285 736 intelligas
1303 707 1312 727 :
1334 697 1398 727 «Et
1417 699 1450 727 tu
1472 702 1531 726 nos
1549 702 1604 733 per
1617 692 1847 724 suavissimum

221 747 321 778 ﬁlium
344 750 490 778 nostrum
512 747 727 785 Euphemium
745 747 838 786 habe,
857 752 889 780 et
909 756 970 780 nos
985 748 1062 779 item
1090 756 1147 789 per
1162 747 1391 779 suavissimam
1407 746 1504 778 ﬁliam
1520 748 1656 776 vestram
1680 752 1736 775 vos
1752 743 1849 774 habe-

222 806 306 829 mus.
320 808 335 826 ι
352 798 427 829 Mox
453 796 627 829 Theodosii
646 797 760 835 tiliam,
773 806 863 829 suam
880 806 1012 839 quoque
1026 798 1067 830 ob
1090 797 1332 830 matrimonium
1354 797 1476 828 ducens
1492 807 1500 828 :
1519 795 1641 827 «Patris
1657 792 1709 834 (de
1725 801 1760 823 se
1778 793 1849 831 ipso

221 849 378 890 loquitur)
388 849 611 882 benevolentia
625 858 681 889 par
695 858 769 890 erga
784 850 940 882 liberos.»
1036 890 1038 892 ι

260 899 370 932 Utrum
383 903 489 932 autem
507 901 709 940 Euphemiua
725 902 801 939 iste,
815 902 854 934 de
873 912 939 943 quo
952 903 985 935 in
1001 903 1146 944 Epistola
1173 913 1295 941 ccxxx,
1307 903 1347 935 al.
1364 911 1451 939 cxw,
1468 901 1522 933 ille
1545 900 1615 940 ipse
1639 898 1693 936 sit,
1709 898 1800 938 cujus
1815 897 1849 928 ﬁt

221 951 342 983 mentio
357 951 391 982 in
406 951 547 991 Epistola
565 961 704 989 Lxxmr,
720 953 762 984 al.
781 962 891 991 cxux,
911 961 952 984 an
967 954 1023 985 ille
1038 962 1171 994 quoque
1186 955 1227 985 de
1239 961 1304 994 quo
1319 953 1404 985 circa
1419 952 1514 985 ﬁnem
1530 951 1713 984 testamenti
1731 950 1848 990 agitur,

221 1011 284 1034 non
304 1002 349 1033 ita
364 1002 571 1042 perspicuum
588 1007 648 1035 est.
670 1004 702 1035 Si
728 1013 829 1036 unum
855 1008 981 1044 tantum
1009 1006 1160 1036 admittas
1183 1005 1413 1045 Euphemium,
1428 1007 1613 1049 'occurrunt
1633 1003 1848 1039 diﬁicultates,

220 1059 292 1092 quae
307 1050 389 1082 solvi
405 1059 469 1083 non
490 1056 638 1090 possunt.
655 1053 762 1085 Satius
779 1062 855 1094 ergo
873 1054 1080 1092 arbitramur,
1096 1055 1163 1086 imo
1179 1056 1413 1093 necessarium,
1430 1055 1511 1087 duos
1523 1054 1719 1094 Euphemios
1735 1053 1850 1084 distin-

219 1111 341 1143 guere;
357 1111 471 1141 unum,
488 1103 528 1136 de
552 1112 619 1144 quo
637 1104 801 1144 epitapbia
827 1108 857 1137 et
876 1105 1013 1146 epistola
1041 1114 1165 1143 ccxxx,
1184 1106 1263 1137 alias
1292 1116 1369 1138 cxlv
1383 1107 1421 1138 ad
1440 1106 1681 1145 TheodOsium;
1700 1105 1847 1141 alterum,

219 1155 258 1186 de
275 1163 341 1195 quo
363 1159 589 1187 testamentum
609 1156 757 1195 Gregorii
782 1157 939 1197 loquitur,
955 1160 1130 1198 utrumque
1158 1161 1265 1190 tamen
1284 1158 1438 1191 afﬁnitate
1456 1159 1613 1199 Gregorio
1627 1158 1847 1197 conjunct-um.

258 1206 338 1238 Tres
356 1206 583 1246 Amphilochio
596 1215 635 1237 ex
649 1206 741 1238 Livia
755 1205 858 1238 fuisse
878 1206 998 1238 liberos
1013 1207 1170 1245 diximus,
1187 1207 1406 1247 Euphemium
1426 1211 1458 1239 et
1471 1206 1735 1247 Amphilochium
1754 1205 1850 1245 :quis

218 1261 262 1292 sit
282 1259 408 1297 tertius,
423 1259 646 1299 quaerendum.
662 1259 870 1300 Epitaphium
889 1259 945 1302 (ἀ),
960 1260 995 1291 in
1010 1269 1076 1300 quo
1095 1271 1109 1288 α
1123 1262 1199 1292 trias
1218 1261 1393 1292 liberorum
1407 1272 1422 1290 ι
1439 1259 1668 1300 Amphilochio
1684 1257 1849 1295 tribuitur,

219 1310 304 1342 tertii
319 1317 438 1341 nomen
455 1309 542 1340 silet.
558 1309 594 1341 In
617 1309 787 1350 Epitaphio
801 1319 848 1341 xx
865 1311 903 1350 (ε)
918 1311 1056 1342 duorum
1085 1311 1240 1342 duntaxat
1255 1311 1396 1342 ﬁliorum
1413 1309 1632 1348 Amphilochii
1648 1310 1682 1341 ﬁt
1700 1308 1822 1340 mentio
1840 1319 1848 1339 :

218 1361 390 1402 Euphemii
404 1361 468 1402 jam
483 1360 641 1399 defuncti,
657 1365 689 1393 et
704 1361 922 1401 Amphilochii
939 1362 1138 1402 superstitis.
1155 1362 1263 1393 Primo
1279 1362 1410 1401 quidem
1430 1361 1613 1393 Philtatium
1629 1359 1759 1391 tertium
1774 1367 1849 1390 eum

219 1424 290 1447 esse
307 1415 408 1446 ﬁlium
425 1413 686 1454 suspicabamur;
699 1420 810 1443 verum
827 1412 1003 1451 Gregorius
1016 1411 1137 1442 nodum
1155 1411 1241 1442 hunc
1266 1410 1335 1450 ipse
1358 1409 1455 1441 solvit
1471 1410 1504 1442 in
1528 1409 1668 1442 carmine
1681 1407 1718 1439 ad
1737 1406 1850 1446 Olym-

219 1468 355 1508 piadem,
371 1467 422 1499 his
446 1467 553 1498 verbis
571 1465 608 1506 (ί)
623 1476 630 1496 :
651 1466 729 1492 Ἔστι
751 1474 803 1498 σοι,
821 1461 843 1492 ὦ
856 1466 1000 1502 χαρίεσσα,
1017 1465 1031 1492 θ

1037 1465 1136 1498 εοδόσις
1150 1464 1230 1501 [Θεοῦ
1246 1465 1331 1502 δόσις]
1344 1473 1351 1481 ”
1368 1464 1385 1500 ἢ
1407 1465 1437 1492 δὲ
1452 1462 1608 1501 προκείσθω
1622 1459 1722 1491 παντός
1742 1467 1783 1485 σοι
1800 1455 1849 1493 ps5—

218 1519 276 1546 θοιο
289 1518 338 1545 καὶ
355 1517 491 1553 Εργματος
505 1516 623 1552 ἔμπνοος
637 1514 766 1542 ebrium...
783 1515 1001 1551 αὐτοκασιγνήτη
1017 1524 1030 1550 μ

1039 1515 1080 1549 ἐτ’
1094 1515 1241 1552 ἀμύμονος.
1264 1515 1410 1551 ἀρχιερῆος
1439 1512 1611 1550 Ἀμφιλόχου.
1637 1511 1718 1541 «Est
1743 1508 1812 1544 tibi,
1830 1516 1848 1539 0

218 1570 453 1611 elegantissima
469 1570 597 1608 mulier,
613 1568 805 1607 Theodosia,
820 1577 893 1609 quas
904 1569 960 1600 tibi
976 1569 1082 1601 omnis
1095 1568 1254 1601 sermonis
1267 1561 1301 1600 et
1309 1567 1416 1607 operis
1432 1567 1541 1614 vivum
1555 1561 1717 1602 exemplar
1735 1568 1849 1600 propo-

218 1626 278 1656 sita
293 1625 401 1655 sit.....
421 1631 513 1655 soror
526 1621 787 1654 innocentissimi
809 1621 961 1653 antistitis
977 1620 1210 1661 Amphilochii.
1226 1631 1242 1650 »
1257 1620 1304 1661 En
1321 1619 1414 1659 tertia
1434 1616 1652 1659 Amphilochii
1664 1614 1848 1655 progenies.

219 1676 470 1718 Amphilochius
492 1682 580 1712 vero,
597 1675 691 1714 cujus
706 1681 800 1705 soror
813 1673 999 1705 Theodosia
1015 1673 1146 1710 dicitur,
1167 1680 1232 1703 non
1251 1672 1336 1703 alius
1352 1675 1400 1712 est
1415 1679 1512 1711 quam
1528 1668 1709 1702 Iconiansis
1725 1668 1850 1718 episcof

220 1717 296 1769 pus;
312 1727 572 1765 Amphilochius,
594 1726 743 1766 inquam,
769 1725 943 1765 Euphemii
963 1734 1003 1756 ex
1021 1723 1254 1764 Amphilochio
1269 1727 1301 1756 et
1315 1723 1405 1755 Livia
1422 1723 1518 1754 frater
1535 1728 1718 1762 germanus.
1734 1717 1847 1749 Omnia

220 1779 431 1817 conveniunt;
448 1779 558 1819 patria,
574 1784 676 1816 genus
686 1791 699 1814 ,λ
711 1776 783 1807 vita;
801 1778 831 1808 et
848 1785 972 1808 morum
992 1777 1159 1808 sanctitas.

260 1829 394 1861 Patriam
426 1827 644 1868 Amphilochii
670 1827 849 1859 Iconiensis
875 1827 980 1859 fuisse
1000 1827 1232 1868 Cappadociam
1263 1829 1401 1858 testatur
1430 1824 1572 1857 Basilius
1602 1820 1737 1862 epistola
1769 1819 1848 1851 alias

221 1886 365 1916 cccxcrv,
385 1881 416 1910 et
441 1878 580 1911 maxime
594 1880 826 1919 Hieronymus,
841 1879 899 1919 qui
919 1880 1054 1918 epistola
1075 1879 1114 1910 ad
1136 1879 1288 1917 Magnum
1303 1885 1443 1913 Lxxxnr,
1458 1875 1537 1906 alias
1552 1882 1688 1910 Lxxxlv,
1704 1872 1788 1903 inter
1803 1870 1848 1902 vi-

222 1937 274 1961 ros
287 1930 398 1962 doctos
416 1930 624 1971 Cappadocia)
641 1931 810 1969 Basilium,
828 1931 1067 1971 Gregorium.“
1087 1929 1352 1970 Amphiloohium
1381 1929 1539 1960 recenset.
1553 1924 1778 1966 Amphilochia
1794 1932 1849 1963 pa-

220 1979 316 2017 renti,
333 1979 471 2020 ejusque
485 1980 574 2018 ﬁliis,
589 1981 800 2016 Diocmsarea,
812 1980 845 2011 id
862 1984 923 2018 est,
938 1979 1254 2019 Nazianzum,patria
1268 1978 1452 2017 assignatur
1466 1976 1499 2008 in
1515 1975 1678 2016 epitaphio
1693 1983 1776 2005 xxxi
1790 1973 1846 2013 (g).

259 2032 305 2063 De
321 2040 439 2071 genere
454 2040 586 2073 quoque
604 2033 667 2064 sihi
693 2031 904 2065 consentiunt
922 2032 1043 2069 omnia,
1063 2030 1226 2071 epitapbia
1239 2052 1248 2068 ,
1265 2028 1421 2070 epistolae,
1437 2029 1596 2067 poemata.
1613 2026 1650 2057 In
1675 2023 1848 2064 epitaphiis

220 2084 466 2124 Amphilochius
484 2084 551 2122 ille,
569 2084 625 2125 qui
641 2084 787 2124 Gregorii
805 2093 845 2116 ex
860 2083 1022 2115 avunculo
1048 2083 1148 2115 frater
1171 2083 1302 2120 dicitur,
1324 2084 1487 2123 parentem
1512 2080 1582 2120 ejus
1604 2077 1747 2110 nominis
1767 2077 1849 2107 Am-

220 2136 420 2176 philochium
450 2136 560 2168 habuit
576 2148 585 2168 :
602 2137 715 2168 habuit
740 2139 772 2168 et
802 2135 982 2167 Iconiensis
1007 2135 1269 2175 Amphilochius,
1285 2136 1321 2165 ut
1346 2141 1387 2164 ex
1414 2131 1588 2171 epigraphe
1608 2128 1752 2169 epistolm
1767 2135 1845 2163 Lxu,

218 2188 297 2219 alias
315 2197 391 2219 cm
406 2188 528 2228 optime
548 2188 778 2220 Tillemontius
795 2188 880 2220 eruit
897 2190 928 2219 et
950 2187 1066 2219 astruit
1082 2190 1157 2218 nota
1174 2186 1273 2227 priori
1298 2185 1333 2216 in
1351 2185 1458 2215 Vitam
1476 2179 1697 2222 Amphilochii
1730 2181 1761 2209 et
1778 2185 1847 2208 eru-

219 2240 278 2272 diti
294 2241 486 2272 concedunt.
1602 2283 1608 2286 _
1667 2281 1699 2286 ..
1776 2279 1829 2286 ..

257 2292 393 2324 Gentem
410 2300 486 2324 vero
502 2301 538 2325 ac
553 2292 705 2325 familiam
722 2292 941 2332 Amphilochii
968 2291 1113 2324 eamdem
1128 2295 1225 2332 atque
1240 2290 1389 2330 Gregorii
1410 2287 1540 2328 sapiunt
1560 2281 1785 2332 epitaphia,_ut_
1800 2281 1848 2310 vi-

218 2341 338 2378 dimus,
357 2342 586 2381 propemodum
600 2342 731 2381 omnia;
751 2329 880 2382 sapiunt
899 2345 931 2374 et
949 2342 1106 2383 epistola).
1126 2329 1270 2380 Ep-istola
1288 2329 1432 2379 namque
1449 2344 1520 2373 xm,
1535 2334 1614 2389 aliaf
1636 2339 1698 2364 CLX
1712 2329 1749 2389 {id
1769 2329 1848 2389 Αξιξ-

219 2391 431 2430 philochium,
451 2401 548 2432 quem
575 2391 780 2424 Iconiensem
803 2395 913 2432 postea
940 2393 1129 2432 episcopum
1149 2391 1252 2423 fuisse
1277 2397 1373 2422 nemo
1393 2387 1569 2427 negaverit,
1586 2384 1762 2425 Gregorius
1778 2384 1844 2414 ait:

221 2454 236 2472 ι
249 2443 316 2474 Non
335 2444 471 2476 multum
487 2452 552 2476 una
568 2443 704 2481 fuimus,
723 2453 908 2485 quanquam
923 2443 1003 2476 illud
1017 2444 1152 2475 omnino
1169 2441 1324 2483 oportuit,
1341 2449 1414 2472 cum
1439 2443 1570 2481 prepter
1584 2446 1644 2470 nos
1661 2437 1761 2477 ipsos,
1777 2437 1845 2466 tum

219 2497 348 2534 propter
371 2495 546 2532 traductam
559 2495 597 2527 ad
610 2504 670 2528 nos
686 2505 703 2527 a
722 2496 909 2536 parentibus
935 2496 1122 2528 amicitiam.
1137 2507 1153 2525 ν
1170 2496 1216 2527 Ac
1234 2493 1329 2534 paulo
1353 2497 1424 2534 post
1436 2491 1628 2527 Nicobulus,
1645 2498 1685 2521 ex
1700 2486 1844 2526 Gregorii

218 2551 328 2576 sorore
352 2545 514 2584 Gorgonia
540 2546 640 2585 ﬁlius,
660 2555 725 2578 non
750 2548 896 2587 Gregorii
922 2547 1042 2585 solum,
1062 2548 1119 2580 sed
1147 2546 1368 2587 Amphilochii
1393 2545 1525 2586 pariter,
1543 2542 1669 2575 tametsi
1700 2539 1845 2572 inferiori

217 2594 329 2632 ετεάυ,
351 2595 437 2626 ﬁlius
459 2595 578 2627 dicitur
594 2607 602 2627 :
621 2596 750 2628 «Filius
777 2601 923 2634 noster,»
944 2597 1034 2636 ἡμῶν,
1053 2598 1234 2636 amborum,
1252 2596 1496 2633 «Nicobulum»
1514 2595 1655 2635 Epistola
1670 2602 1749 2630 an,
1767 2592 1846 2622 alias

217 2654 303 2684 cur,
319 2647 500 2680 certissime
516 2647 555 2679 ad
578 2647 840 2687 Amphilochium
866 2648 1045 2680 lconiensis
1070 2648 1214 2693 episcopi
1239 2650 1361 2687 patrem
1377 2646 1508 2686 scripta,
1522 2645 1748 2686 cognationem
1766 2643 1846 2693 Arn-

219 2699 372 2739 phitochii
397 2709 469 2732 cum
494 2701 650 2741 Gregorio
672 2710 690 2734 a
712 2701 815 2742 capite
833 2701 871 2734 ad
893 2702 1012 2736 calcem
1037 2701 1229 2734 autdiserte
1254 2699 1417 2740 exprimit,
1437 2703 1492 2730 aut
1506 2705 1571 2729 non
1589 2696 1726 2728 obscure
1744 2691 1844 2732 signi-

253 2793 293 2830 (ᾳ)
313 2792 430 2830 limen,
442 2801 486 2829 ep.
506 2795 549 2823 l9.
902 2793 904 2795 ’

506 2795 549 2823 19.
902 2793 904 2795 ⁷
1094 2794 1128 2829 (ρ)
1146 2794 1254 2827 Murat.,
1271 2794 1315 2821 ΞΟ.

252 2825 291 2862 (θ)
309 2828 360 2864 Ep.
379 2825 527 2864 ZOV-et'seq.
1093 2825 1127 2862 (I)
1148 2825 1252 2862 Carna,
1271 2831 1304 2856 ad
1316 2828 1420 2864 Olymp.
1436 2825 1515 2864 v_._97
1529 2829 1556 2854 et
1569 2832 1629 2860 sqq.

266 2864 289 2896 ι)
307 2861 418 2900 Muret—ﬂ
432 2872 475 2898 ep.
490 2861 534 2894 Ξῖ.

1095 2866 1132 2900 (9)
1153 2861 1262 2899 Murat.,
1281 2873 1323 2900 ep.
1339 2861 1382 2895 5i,
1401 2870 1426 2897 p.
1446 2861 1490 2889 50.

266 2899 294 2934 ιι)
313 2899 421 2933 llurat.,
440 2900 481 2929 l9.
