2058 3128
191 153 226 180 87
689 151 875 181 ΡΒΑΕΡΛΤΙΟ
892 152 1003 181 ΕΕΝΕΕ

1002 152 1097 181 tALlS.
1117 168 1152 173 —
1169 151 1258 179 rans
1278 155 1309 179 ιι.
1783 154 1814 183 δε

191 211 282 248 fleat;
301 210 444 242 maxime
465 218 541 242 vero
566 211 620 242 illa
652 213 891 251 comparatione
919 213 1004 245 inter
1021 213 1120 245 funus
1145 211 1293 252 Gregorii
1324 211 1433 251 patris,
1452 219 1548 252 quem
1561 212 1743 252 Theologus
1755 213 1816 244 sibi

192 266 295 294 morte
323 263 485 294 sublatum
504 263 601 300 dolet,
619 266 649 295 et
665 264 874 296 amissionem
897 264 1116 304 Amphilochii
1136 264 1206 297 ﬁlii.
1224 271 1319 302 quem
1337 262 1582 301 Amphilochius
1606 267 1693 303 pater
1713 264 1817 296 adem-

194 317 284 353 ptum
307 315 369 345 sibi
393 315 557 355 queritur;
581 315 701 354 illaque
721 316 914 355 etiam,jure
930 316 1044 356 utique
1069 314 1331 355 propinquitatis,
1345 314 1455 346 debita
1475 314 1708 350 consolatione.
1722 324 1818 356 quam

193 365 441 406 Amphilochius
457 370 558 405 pater,
575 370 607 397 et
622 367 796 407 Gregorius
818 368 904 399 ﬁlius
919 377 936 399 ιι
954 377 988 400 se
1005 371 1117 399 mutuo
1134 370 1318 406 exspectare
1334 375 1370 398 ac
1386 375 1553 407 reposcere
1576 371 1734 407 poterant.
1749 368 1819 399 Cla-

194 415 263 446 rius
279 416 383 447 adhuc
400 416 448 446 his
464 417 502 447 ad
519 418 781 457 Amphilochium
800 421 906 452 verbis
923 420 1006 452 illud
1019 420 1157 452 declarat
1172 419 1345 459 Gregorius
1361 431 1368 449 :
1387 421 1472 451 «Nos
1487 428 1630 458 accusas,
1646 419 1818 460 inquit.....

195 466 328 498 minime
346 467 577 500 detrimentum
602 480 789 510 agnoscere,
812 473 899 511 quod
921 472 1017 504 amici
1045 481 1160 504 omnes
1177 475 1207 503 et
1221 471 1359 510 cognati,
1378 474 1530 510 συγγενεῖς.
1546 474 1756 511 acceperunt;
1774 474 1820 502 at-

194 528 258 558 que
279 528 339 559 ego
357 521 390 551 in
405 521 528 559 primis,
543 533 558 550 π
578 525 638 552 etc.
657 531 665 551 :
683 521 897 553 disertissime
921 530 1015 561 porro
1040 520 1205 561 exprimit,
1224 520 1278 551 ubi
1304 520 1504 552 lconiensem
1523 520 1708 559 episcopum
1728 527 1820 558 teque

195 574 286 601 vocnt
310 571 541 611 Amphilochii,
568 573 605 603 ad
631 580 728 611 quem
757 571 880 608 scribit,
899 582 913 600 ‹‹
929 571 1030 603 ﬁlium
1053 580 1088 602 ac
1112 579 1206 601 suum
1223 570 1328 609 ipsius
1350 570 1503 601 fratrem:
1520 571 1620 602 ﬁlium
1638 574 1743 608 tuum,
1759 571 1820 602 fra-

196 628 275 654 trem
301 628 406 655 autem
435 627 620 661 nostrum,»
644 627 704 656 etc.
726 624 779 651 Τὺν
791 624 837 652 σὺν
856 624 923 658 υῑὸν,
938 624 1008 660 ήμέτ

1007 633 1073 660 ἐρον
1088 623 1116 650 δὲ
1129 623 1251 659 ἀδελφόν.
1269 623 1332 653 Has
1362 623 1403 653 ob
1431 631 1543 654 causas
1568 623 1819 655 consolationem

195 688 211 708 ιι
230 678 395 718 Theologo
414 683 602 717 exspectare
625 679 778 710 debuerat
793 677 1040 717 Amphilochius
1058 681 1145 716 pater
1160 676 1199 706 de
1216 675 1282 706 ﬁlio
1304 674 1365 705 sibi
1382 674 1542 715 adempto,
1560 684 1674 716 nempe
1689 676 1822 711 Amphi-

196 730 300 762 lochio
316 732 492 769 lconiensi,
508 732 601 772 cujus
618 741 657 763 ex
675 730 838 763 avunculo
853 731 951 763 frater
969 734 1037 762 erat
1053 723 1243 768 Gregorius.

233 795 308 825 Tum
326 795 410 826 clara
433 800 508 826 sunt
531 795 641 826 isthmc
660 799 690 825 et
707 794 810 829 ﬁrma,
828 794 940 833 utjam
962 792 1066 832 pigeat
1083 791 1250 831 epistolam
1266 788 1305 819 ad
1320 787 1535 819 Themistium
1554 796 1647 825 xxiv,
1663 787 1742 819 alias
1760 797 1822 819 cxx.

194 847 344 886 adjicere,
360 847 415 879 ubi
442 848 508 879 haec
534 847 684 885 leguntur
697 855 705 874 :
718 845 765 872 Σοὶ
784 845 860 880 φίλος
873 844 1006 881 πατρόθεν

1005 853 1006 864 ι
1022 845 1037 870 ὁ
1052 843 1119 879 ἐμὸς
1136 841 1322 878 Ἀμφιλόχιος-
1340 841 1414 872 Htec
1430 840 1526 871 verba
1543 841 1613 871 sive
1629 849 1701 871 cum
1718 840 1817 871 inter-

197 901 284 937 prete
300 897 347 929 sic
359 897 561 929 reddideris:
583 908 596 924 ι
608 897 635 927 Α
651 898 784 935 paterno
801 895 899 926 latere
920 894 978 925 tibi
990 894 1112 925 amicus
1134 897 1182 924 est
1209 899 1301 922 meus
1324 891 1590 930 Amphilochius;
1603 903 1618 920 ιι
1635 892 1704 923 sive
1720 891 1822 930 magis

195 948 233 978 ad
249 948 401 984 litteram,
423 948 509 978 «tibi
524 948 647 979 amicus
665 949 726 983 est,
746 955 839 977 meus
855 955 873 976 a
896 945 1082 985 parentibus
1114 943 1384 984 Amphilochius;
1401 956 1416 973 π
1434 944 1496 975 vim
1525 949 1610 976 certe
1631 946 1686 976 aut
1710 945 1823 975 verbo-

196 1004 265 1026 rum
288 996 454 1033 horumce,
474 999 530 1027 aut
554 995 723 1027 sententia;
751 995 869 1034 prioris
900 995 986 1026 haud
1015 995 1180 1035 effugeris.
1199 996 1310 1027 Dicere
1329 995 1416 1026 enim
1444 995 1546 1027 voluit
1569 1003 1627 1026 seu
1650 995 1821 1034 interpres,

195 1055 252 1078 seu
271 1047 457 1086 Gregorius,
474 1048 608 1079 minime
625 1047 817 1087 degenerem
840 1047 879 1078 ab
900 1047 1086 1087 eloquentia
1102 1048 1201 1085 patris
1228 1047 1491 1087 Amphilochium
1508 1056 1595 1084 esse;
1613 1056 1674 1087 qua
1691 1047 1822 1078 Themi-

195 1098 289 1144 stio.«
303 1099 495 1139 eloquentiae
512 1100 604 1139 regi»
626 1100 741 1131 charus
760 1103 849 1139 pater
873 1108 945 1131 cum
972 1103 1070 1137 esset,
1086 1099 1201 1132 charus
1220 1100 1324 1131 eidem
1340 1103 1372 1132 et
1387 1100 1473 1131 ﬁlius
1491 1107 1563 1130 esse
1577 1098 1726 1130 debebat.
1745 1098 1824 1134 Qum

195 1149 326 1188 quidem
342 1151 502 1182 avunculo
519 1151 677 1191 Gregorii,
696 1152 832 1192 ejusque
846 1151 925 1190 ﬁlio,
941 1152 997 1191 qui
1014 1152 1048 1183 in
1071 1152 1242 1192 epitaphiis
1260 1155 1427 1190 tantopere
1450 1151 1492 1183 ob
1509 1151 1725 1191 eloquentiam
1742 1151 1825 1181 cele-

194 1204 340 1239 brantur.
357 1205 486 1244 egregie
509 1205 716 1236 conveniunt.
735 1205 825 1236 Unde
850 1205 882 1235 in
903 1206 1014 1236 eadem
1031 1205 1168 1244 epistola
1197 1213 1270 1236 mox
1300 1204 1436 1245 subjicit
1452 1203 1629 1242 Gregorius
1645 1213 1653 1233 :
1671 1214 1686 1231 α
1700 1203 1825 1234 Addam

195 1253 304 1290 etiam,
323 1254 409 1293 quod
429 1256 588 1294 ejusmodi
605 1261 665 1293 est,
678 1267 693 1285 in
711 1264 826 1295 nempe
841 1256 1102 1296 Amphilochius,
1118 1267 1133 1285 α
1145 1257 1200 1296 qui
1234 1265 1292 1288 nec
1315 1257 1471 1296 majorum
1492 1255 1617 1294 generi,
1636 1263 1695 1286 nec
1711 1259 1827 1286 nostra!

196 1305 345 1335 amicitiae
368 1305 518 1337 dedecori
539 1307 620 1338 sit.»
645 1307 696 1338 Sic
723 1308 811 1339 enim
838 1307 1001 1339 reddenda
1025 1307 1170 1346 Gregorii
1201 1307 1308 1343 verba.
1327 1306 1454 1342 πατέρων
1472 1307 1565 1342 γένει·
1584 1315 1650 1338 non
1677 1311 1710 1337 ut
1728 1306 1827 1336 inter-

196 1366 281 1396 pres,
296 1368 310 1385 α
323 1361 455 1397 paterno
482 1359 593 1398 generi
606 1370 614 1397 ;
627 1371 642 1388 ι
658 1359 781 1398 alioqui
797 1358 901 1395 πατρός
918 1358 1008 1389 dixis;

1016 1361 1056 1390 set
1076 1358 1265 1397 Gregorius,
1288 1367 1352 1390 non
1369 1360 1508 1396 πατέρων.
1527 1359 1572 1390 Ita
1594 1361 1700 1390 autem
1721 1355 1828 1395 loqui.

198 1411 260 1444 tur,
287 1411 321 1438 ut
343 1416 447 1447 genus
471 1409 702 1448 Amphilochii,
719 1417 814 1440 suum
840 1417 972 1448 quoque
996 1407 1112 1444 fuisse,
1137 1408 1339 1448 majoresque
1364 1409 1495 1441 eosdem
1526 1408 1695 1447 signiﬁcet.
1722 1405 1828 1437 Simili

198 1468 329 1496 prorsus
347 1463 378 1491 et
388 1461 548 1491 sententia
567 1464 599 1491 et
614 1461 738 1491 ratione
757 1461 789 1491 in
804 1460 945 1491 carmine
960 1460 1012 1496 57,
1031 1468 1115 1491 vers.
1128 1460 1198 1496 103,
1216 1472 1230 1488 ι(
1242 1460 1340 1491 decus
1359 1468 1480 1492 suum»
1493 1459 1694 1491 lconiensem
1703 1456 1830 1496 episcos

199 1518 273 1548 pum
294 1509 557 1549 Amphilochium
585 1512 761 1550 Gregorius
788 1516 877 1543 vocat
894 1511 947 1552 (a).
966 1512 1071 1543 Decus
1095 1518 1204 1543 autem
1229 1521 1301 1544 esse
1327 1515 1450 1552 poterat
1483 1510 1627 1550 Gregorii
1663 1508 1828 1549 Amphilo-

198 1561 303 1598 chius,
322 1561 370 1592 vel
395 1565 429 1592 ut
452 1563 531 1593 tanti
547 1563 691 1602 magistri
708 1563 899 1602 discipulus,
923 1563 975 1594 vel
995 1567 1029 1594 ut
1051 1563 1232 1594 communis
1255 1562 1367 1602 stirpis
1383 1566 1415 1594 et
1433 1562 1569 1602 originis
1589 1562 1826 1593 ornamentum.

199 1615 327 1646 Praestat
346 1614 412 1646 haec
439 1623 516 1647 vero
542 1615 703 1647 sententia
733 1615 844 1655 priori,
862 1623 934 1646 cum
953 1615 1184 1655 Amphilochio
1209 1615 1344 1655 epistola
1364 1623 1437 1651 xm,
1455 1616 1533 1647 alias
1546 1623 1620 1651 cu,
1636 1612 1828 1645 scribentem

199 1667 387 1707 Gregorium
407 1668 582 1700 viderimus
599 1678 607 1697 :
625 1669 719 1699 «Non
750 1668 888 1700 multum
915 1677 980 1700 una
1000 1668 1161 1704 fuimus,»
1174 1671 1250 1705 etc.,
1267 1676 1339 1707 quae
1354 1675 1372 1698 a
1389 1665 1561 1705 disciplina
1585 1671 1682 1704 quam
1703 1659 1827 1699 |ongis~

199 1721 281 1753 sime
302 1725 422 1752 remota
448 1725 535 1752 sunt.
561 1721 609 1752 Ita
631 1730 763 1762 quoque
782 1722 945 1762 epitaphio
969 1722 1053 1761 apud
1083 1721 1297 1753 Muratorium
1322 1729 1448 1756 xxxw,
1472 1717 1678 1750 Nicomedem
1701 1714 1826 1745 «decus

201 1782 307 1804 meum
322 1785 337 1802 ››
354 1773 416 1810 ait;
432 1773 507 1814 quia
524 1773 691 1814 sanguinis
704 1774 863 1814 particeps
879 1774 1039 1814 ejusdem,
1054 1776 1182 1813 gentem
1201 1776 1233 1803 et
1255 1773 1325 1812 ipse
1348 1770 1579 1811 Gregorianam
1598 1765 1788 1798 illustrabat.

239 1835 302 1866 Nec
329 1836 435 1866 minus
467 1827 517 1867 ad.
536 1845 602 1868 rem
638 1840 781 1868 nostram
805 1835 927 1868 faciunt
942 1839 1170 1867 testamentum
1196 1833 1356 1873 Gregorii,
1373 1838 1404 1864 et
1430 1832 1538 1871 plures
1564 1828 1725 1869 epistolas;
1744 1835 1830 1857 χχιιι

201 1888 279 1918 alias
299 1898 356 1924 cx;
372 1898 468 1927 xxm,
488 1890 568 1922 alias
581 1898 651 1926 αγις
667 1889 702 1920 in
717 1889 836 1929 quibus
854 1888 1116 1928 Amphilochium
1134 1887 1204 1918 sive
1221 1887 1354 1922 honore,
1373 1885 1443 1916 sive
1461 1891 1572 1915 amore
1587 1879 1829 1920 dignissimum.

201 1939 250 1969 vel
275 1941 597 1979 reverendissimum,
615 1950 692 1973 sane
710 1942 751 1972 ob
773 1941 977 1981 episcopatus
996 1939 1200 1979 dignitatem,
1216 1938 1316 1969 ﬁlium
1335 1943 1429 1968 suum
1446 1934 1586 1975 appellat
1605 1942 1614 1962 :
1631 1931 1683 1959 Τὸν
1694 1929 1834 1966 τιμιώτα-

200 1999 246 2018 τον
265 1993 332 2025 υἱὸν,
351 1993 576 2029 αἱδεσιμώτατον,
591 1998 652 2025 etc.
675 1980 893 2032 Euphemium
919 2002 1012 2033 quoql

1016 2002 1063 2028 1e,
1086 1991 1320 2030 Amphilochii,
1339 1992 1449 2029 postea
1473 1983 1653 2017 lconiensis
1672 1980 1828 2033 episcopi,

200 2050 389 2080 germanum
413 2043 554 2080 fratrem,
582 2041 683 2074 ﬁlium
710 2031 806 2073 suum
831 2031 970 2082 appellat
995 2042 1183 2080 Gregorius.
1210 2041 1241 2072 Si
1260 2041 1416 2071 rationem
1446 2045 1583 2078 quaeras,
1600 2043 1658 2066 cur
1679 2031 1832 2064 amitinos

201 2091 376 2130 Gregorius
401 2098 511 2126 noster
543 2103 582 2127 eo
609 2095 740 2127 nomine
760 2094 945 2132 donaverit,
972 2094 1107 2134 epistola
1133 2103 1231 2130 χχιιι,
1251 2093 1330 2124 alias
1357 2101 1420 2127 (ιιι,
1436 2098 1507 2129 quae
1534 2096 1591 2128 pro
1607 2083 1833 2125 Amphilochio

202 2145 273 2183 ipso
297 2146 414 2185 scripta
446 2150 506 2185 est,
528 2148 683 2180 docebit:
700 2159 715 2176 ιι
741 2148 814 2187 lpse
839 2147 910 2184 tibi,
946 2146 1053 2186 inquit
1087 2146 1276 2185 Gregorius,
1305 2143 1530 2176 charissimum
1561 2139 1662 2171 tilium
1686 2140 1833 2168 nostrum

202 2196 465 2234 Amphilochium
492 2200 605 2235 offero,
628 2200 733 2230 virum
755 2198 923 2239 probitatis
941 2197 1075 2229 nomine
1091 2206 1196 2238 usque
1218 2197 1298 2227 adeo
1321 2195 1479 2231 nobilem,
1497 2193 1593 2224 etiam
1609 2193 1721 2231 printer
1734 2196 1832 2228 quam

201 2252 277 2279 mtas
298 2248 397 2286 ferat;
417 2254 450 2281 ut
466 2251 548 2291 ipse,
568 2252 625 2291 qui
642 2256 674 2283 et
692 2260 793 2283 senex
817 2255 849 2282 et
871 2250 1088 2282 sacerdos.....
1114 2249 1265 2289 praeclare
1290 2256 1416 2279 mecum
1431 2245 1481 2285 agi
1499 2243 1742 2276 existimaturus
1757 2239 1832 2275 sim,

203 2302 230 2331 si
249 2310 317 2332 eam
348 2290 519 2335 hominum
549 2290 822 2337 existimationem
851 2302 1073 2335 obtinerem.»
1090 2301 1204 2333 jEtatis
1231 2301 1329 2340 igitur
1351 2297 1585 2338 dignitatisque
1614 2290 1831 2333 praerogativa,

204 2351 265 2382 hoc
283 2360 363 2383 usus
385 2361 457 2385 esse
475 2354 632 2386 vocabulo
654 2355 829 2395 Gregorius
852 2354 994 2390 videtur,
1023 2355 1054 2384 et
1075 2353 1230 2386 amitinos
1251 2350 1438 2392 appellavit,
1467 2351 1562 2380 modo
1589 2345 1716 2381 fratres,
1737 2341 1831 2374 modo

203 2404 299 2435 ﬁlios.

242 2465 290 2496 De
310 2465 444 2502 Nonnae,
474 2465 620 2505 GregOrii
656 2465 780 2502 matris,
798 2466 970 2505 nepotibus
992 2473 1079 2496 nunc
1102 2463 1257 2494 dicamus.
1278 2461 1390 2491 Nonne
1412 2461 1476 2489 tres
1499 2455 1618 2487 liberos
1643 2451 1833 2506 procreavit,

203 2517 410 2556 Gregorium,
438 2503 625 2552 Ctesarium,
644 2521 671 2548 el
700 2516 794 2548 ﬁliam
820 2503 951 2547 nomine
978 2514 1186 2554 Gergouiam.
1215 2511 1339 2543 Caelcbs
1362 2509 1444 2541 obiit
1464 2503 1834 2559 Cmsarius;__(‘ll‘°§0:i“5

206 2551 420 2607 virginitatem
444 2572 599 2607 perpetuo
620 2567 733 2604 coluit,
751 2568 913 2606 vitamque
938 2565 1147 2597 monasticam
1168 2561 1323 2594 exercuit.
1344 2560 1414 2590 Sola
1442 2561 1590 2608 posteros
1607 2551 1739 2608 reliquit
1755 2551 1836 2581 Gor-

205 2606 313 2657 gonia,
336 2626 409 2657 qua;
436 2606 547 2657 nupsit
574 2618 705 2657 Alypio.
728 2617 858 2648 Nullum
876 2616 942 2656 jam
977 2615 1170 2655 conjecturis
1198 2613 1304 2643 locum
1335 2610 1375 2641 de
1403 2607 1518 2640 marito
1536 2606 1846 2657 Gorgonimyqufﬂt'

203 2651 361 2699 ﬁaronius
378 2669 412 2699 in
431 2651 504 2700 Vita
524 2651 669 2708 Gregorii
683 2651 997 2698 Vitalianum-fuisse
1020 2651 1221 2704 conjiciebat,
1235 2658 1463 2710 Tillemontius
1480 2656 1624 2710 modeste
1643 2651 1837 2710 suggerebat

205 2730 276 2753 esse
291 2719 471 2757 Meletium,
491 2704 646 2760 relinq'uit
669 2717 868 2758 epitaphium
895 2726 960 2747 Lxx
988 2714 1041 2756 (ω.
1058 2714 1093 2744 In
1109 2721 1149 2744 eo
1173 2711 1333 2752 siquidem
1351 2707 1489 2748 Alypius
1514 2704 1685 2744 Gorgoniaa
1701 2704 1836 2752 maritus

204 2769 405 2811 appellatur:

242 2876 281 2910 (τι)
300 2876 391 2904 Carm.
414 2876 447 2904 ad
460 2873 610 2910 Olympiad.

1063 2867 1099 2904 (ὁ)
1120 2866 1228 2898 Mural.,
1241 2872 1284 2900 cp.
1305 2863 1348 2897 70,
1364 2869 1391 2897 ι).
1407 2860 1449 2890 65.
