2058 3128
163 181 199 210 89
659 184 846 214 PBEFATIO
866 184 1071 214 GENERALIS.
1091 203 1125 207 —
1143 185 1235 214 PARS
1252 186 1282 214 ll.
1761 184 1798 214 90

518 242 620 279 Krjetv
633 243 691 279 ὲὴν,
710 244 813 279 σάρκας
835 253 865 271 τε
882 244 928 271 καὶ
945 244 1036 277 ὀστέα,
1050 244 1129 270 πάντ’
1143 243 1273 271 ἀναθεῖσα

551 277 692 313 Γοργόνων
707 277 827 314 Χριστῷ.
843 279 941 314 μοῦνον
956 280 1045 314 ἀφῆκε
1059 280 1147 310 πόσιν,

519 312 626 350 οὺυρζὴν
639 314 698 340 οὐδὲ
713 312 789 350 noctu
803 312 884 350 δηρὸν
894 312 1078 350 χρόνω-ἀλλ’
1094 314 1148 350 ἄρα
1162 314 1209 341 καὶ
1224 314 1268 340 τὸν

552 348 694 383 Ἦρπασεν
707 348 845 385 ὲξαπίνηξ
854 348 967 384 metuo.
978 349 1115 376 Ἀλύπιον.

518 418 634 445 Censum
648 427 737 451 suum,
750 427 846 448 carnes
862 425 887 447 ει
905 427 976 451 οςεκ,
995 419 1087 448 omnia
1101 427 1163 447 cum
1175 423 1310 447 sacrasset

552 452 715 488 Gargonium
732 455 850 486 Christo.
866 455 952 482 solum
968 455 1113 487 reliquerat
1128 462 1267 488 sponsum,

523 487 716 525 Verumtamen
732 497 784 525 non
801 490 845 516 diu
860 498 999 524 sponsum.
1019 490 1072 517 Sed
1087 487 1208 522 profecto
1222 494 1249 517 et
1265 490 1352 525 ipsqu

555 523 688 551 lllustrem
707 524 832 560 Alypium
851 523 884 552 ex
898 525 1045 560 improviso
1062 525 1160 560 rapuit.

208 591 254 622 Ad
272 592 424 632 Alypium
444 592 514 622 sine
535 594 755 624 controversia
771 594 898 632 scriptae
919 597 994 625 sunt
1017 593 1174 633 epistolte,
1194 603 1321 630 Lxxxn,
1342 594 1421 625 alias
1437 603 1576 629 CXLVIII:
1594 602 1734 631 uxxut,
1753 593 1795 626 al-

166 655 264 679 (λιιι
279 657 287 683 ;
305 655 438 683 uxxvr,
451 645 492 676 al.
510 653 559 681 CL,
576 654 646 676 cum
661 646 693 676 in
709 650 872 686 postretuo
896 647 1025 677 laudata
1042 646 1164 677 sororis
1181 655 1248 676 suae
1279 647 1474 677 mentionem
1490 646 1538 677 sic
1565 646 1659 678 faciat
1674 647 1796 686 Grego-

168 698 250 734 rius,
269 703 302 728 ut
319 706 451 729 uxorem
465 699 573 738 Alypii
592 698 685 730 facile
698 707 866 738 agnoscas.
881 700 927 730 Ad
945 699 1095 730 eumdem
1118 699 1198 730 datae
1214 703 1290 730 sunt
1308 699 1464 738 epistolae,
1483 708 1605 730 Lxxxtv
1624 704 1654 731 et
1670 708 1794 735 Lxxxv,

168 746 210 778 al.
225 756 273 777 cu
290 750 320 778 et
335 756 398 778 cut
418 759 425 777 :
444 757 550 788 neque
567 753 673 780 tumen
688 749 842 789 Alypium
860 750 950 781 illum
965 749 1174 788 Cappadocia:
1193 749 1359 788 praesidem
1377 749 1575 780 consliluere
1589 758 1719 781 necesse
1735 754 1795 781 est.

168 797 251 828 Num
270 798 309 829 ad
325 797 646 838 Alypium'eumdem
664 799 798 837 epistola
815 808 882 834 LXI.
904 799 983 830 alias
998 809 1100 836 Lxxx,
1119 799 1297 830 verisimile
1315 808 1378 830 non
1396 801 1455 830 est.
1474 799 1639 838 Repugnnt
1662 799 1796 829 omnino

169 847 439 886 1audibus,queis
456 848 487 878 in
503 847 649 878 oratione
665 847 794 879 funebri
807 848 979 886 Gorgonius
995 849 1132 888 Alypius
1144 848 1263 886 conjux
1282 852 1425 886 ornatur,
1440 853 1470 881 et
1486 852 1651 890 epitaphio
1663 861 1728 881 Lxx
1739 849 1794 890 (α),

167 899 208 930 de
230 907 269 930 eo
288 898 406 939 Alypio
428 900 565 940 scriptas
583 907 655 930 esse
669 899 822 938 epistolas
843 909 926 930 ccvu
943 903 974 931 et
991 909 1098 936 ccvm,
1117 900 1158 932 al.
1176 910 1272 931 chvt
1296 905 1327 931 et
1346 910 1464 934 chvu.
1485 903 1622 942 Alypius
1639 904 1738 940 enim,
1757 904 1796 933 de

172 957 239 989 quo
255 949 305 981 his
320 950 352 980 in
369 949 498 987 litteris,
514 949 711 990 Simpliciam
727 958 861 981 uxorem
880 951 1047 987 habuerat,
1067 955 1098 981 et
1117 951 1245 982 viduam
1264 951 1407 984 moriens
1423 947 1608 992 reliquerat.
1627 953 1797 993 Gorgoniae

168 1007 247 1030 vero
264 1001 382 1039 conjux
398 1000 548 1040 Alypius,
565 1004 595 1031 et
619 1000 714 1031 uxori
741 1005 908 1040 superstes
921 1000 996 1037 fuit,
1015 1005 1046 1032 et
1069 1001 1111 1032 ita
1128 1001 1156 1031 ei
1175 1001 1337 1040 snpcrfuit
1356 1002 1551 1042 baptizatus.
1570 1008 1605 1034 ut
1623 1004 1662 1035 ad
1677 1012 1799 1034 secun-

167 1051 225 1080 das
242 1051 371 1089 nuptias
387 1050 580 1082 convolandi
595 1059 653 1082 nec
669 1051 811 1082 animum
831 1059 891 1082 nec
912 1055 1039 1091 tempus
1061 1052 1221 1083 habuerit.

206 1101 365 1132 Baronius
380 1101 563 1140 Gorgonius,
583 1104 698 1141 praeter
719 1101 911 1141 Alypianam
939 1101 1049 1136 ﬁliam,
1072 1101 1156 1132 ﬁlios
1181 1110 1313 1142 quoque
1336 1101 1432 1138 duos,
1447 1102 1577 1133 Petrum
1606 1105 1636 1133 et
1660 1102 1797 1132 Pbocam

174 1151 286 1182 tribuit
302 1151 414 1182 eodem
435 1160 556 1188 errore,
574 1159 640 1190 quo
655 1150 866 1188 Vitalianum,
884 1151 976 1191 cujus
993 1151 1048 1182 ﬁlii
1066 1152 1179 1182 Petrus
1195 1156 1225 1183 et
1246 1152 1365 1183 l’hocas
1381 1152 1483 1189 fuere,
1504 1153 1531 1183 ei
1549 1159 1704 1191 sponsum
1717 1151 1798 1180 ussi-

167 1203 288 1241 gnavit.
305 1203 405 1234 Filios
422 1203 533 1234 itidem
549 1204 631 1235 duos
645 1204 809 1243 Gorgonis
824 1207 916 1234 natos
945 1203 978 1234 in
999 1203 1180 1235 oralionem
1198 1208 1356 1240 octavam,
1374 1205 1454 1236 alias
1472 1214 1520 1240 xi,
1537 1213 1628 1234 num.
1646 1203 1694 1239 1h,
1709 1202 1795 1233 Elius

175 1254 340 1288 Cretensis
355 1256 487 1287 afﬁrmat
504 1266 513 1293 ;
530 1256 660 1287 nomina
679 1259 784 1286 autem
801 1255 965 1291 reticel,et
977 1256 1088 1286 ambos
1105 1259 1227 1287 tantum
1241 1267 1256 1284 α
1269 1256 1307 1287 ad
1324 1256 1529 1295 episcopatus
1547 1255 1710 1293 fastigium
1723 1262 1798 1285 eve-

169 1310 237 1337 ctos
254 1319 269 1335 »
287 1307 399 1338 asserit
416 1319 424 1337 :
449 1307 535 1346 quod
556 1307 609 1337 vix
627 1306 760 1337 credere
783 1305 860 1336 sinit
876 1306 1070 1344 scriptorum
1100 1306 1247 1337 omnium
1265 1306 1305 1337 de
1333 1306 1384 1337 his
1400 1307 1581 1338 silentium.
1598 1306 1673 1337 Veri
1701 1306 1796 1345 longe

171 1357 313 1388 similius
329 1361 377 1388 est
393 1357 601 1395 Gergouiam,
615 1360 727 1395 praeter
743 1355 945 1393 Alyrianatn,
961 1354 1002 1386 de
1014 1364 1076 1394 qua
1096 1359 1222 1386 constat
1240 1356 1288 1387 vel
1306 1365 1345 1387 ex
1373 1357 1545 1396 epigraphe
1571 1357 1714 1394 epistolae
1739 1366 1795 1392 xu.

169 1408 249 1440 alias
264 1416 334 1444 cu,
350 1411 381 1439 et
398 1408 535 1438 maxime
554 1415 591 1438 ex
617 1406 759 1438 carmine
775 1406 815 1436 50
836 1405 898 1445 (b),
919 1405 973 1436 ubl
1000 1405 1167 1445 Alypiante
1191 1406 1278 1438 ﬁlius
1304 1407 1479 1437 Nicobulus
1497 1407 1687 1446 Gregorium
1707 1411 1797 1437 vocat

169 1471 184 1488 α
208 1459 318 1490 matris
333 1458 542 1495 avunculum,
560 1469 575 1486 ιι
591 1462 687 1498 δέρκεο
709 1462 814 1498 μητρὸς
831 1461 901 1497 ἐμῆς
926 1461 980 1497 μήτ

983 1469 1037 1497 ρων
1054 1461 1142 1496 μέγαν
1156 1468 1164 1476 ν
1188 1457 1409 1492 verisimilius.
1421 1458 1552 1499 inquam
1565 1480 1573 1496 ,
1593 1462 1704 1498 praeter
1719 1458 1792 1497 Aty-

167 1511 294 1552 pianam
315 1511 459 1550 geminas
475 1510 552 1541 alias
567 1509 760 1549 Gergouiam
780 1510 906 1541 enixam
922 1509 1013 1544 tilias,
1031 1509 1208 1548 Eugeniam
1227 1513 1258 1541 et
1275 1510 1430 1540 Nonnam.

210 1560 338 1592 Etenim
367 1559 544 1598 Gregorius
564 1559 731 1598 Alypianae
747 1570 762 1587 α
780 1558 853 1589 ﬁlite
870 1567 937 1589 suae
966 1559 1176 1595 dulcissimae,
1195 1571 1211 1588 η
1228 1563 1263 1590 ιιι
1282 1564 1384 1595 vocat,
1399 1560 1576 1600 Eugenium
1594 1563 1625 1590 et
1653 1560 1798 1590 Nonnam

167 1612 212 1643 ita
229 1612 263 1643 in
280 1614 472 1643 testamento
485 1609 644 1650 adjungit,
658 1612 693 1640 ut
709 1610 824 1641 eodem
844 1609 915 1640 illas
941 1612 1039 1649 atque
1055 1609 1247 1649 Alypianam
1267 1611 1368 1649 gradu
1389 1610 1492 1642 fuisse
1510 1610 1656 1641 dubitare
1671 1617 1734 1641 non
1751 1610 1799 1640 si-

172 1666 228 1694 nat
244 1662 295 1693 hic
314 1661 470 1701 loquendi
487 1659 603 1692 modus
624 1670 632 1690 :
652 1671 668 1689 α
684 1660 875 1698 Alypianam
896 1660 993 1691 tiliam
1013 1669 1114 1692 meam
1146 1659 1370 1692 dulcissimam
1387 1663 1583 1700 (cmterarum
1599 1661 1683 1691 enim
1698 1662 1821 1700 Euge-'

168 1712 232 1743 nise
265 1714 297 1742 et
322 1711 445 1742 Nonum
471 1710 586 1748 exigua
610 1709 690 1740 ratio
722 1708 869 1740 habenda
896 1709 966 1749 est).
983 1710 1250 1742 etc.......hrec
1274 1705 1312 1742 ad
1339 1711 1443 1751 ipsius
1477 1711 1643 1750 Alypianae
1682 1710 1799 1743 liberos

171 1763 331 1803 pertinere
347 1762 419 1794 volo
436 1772 446 1800 ;
461 1773 476 1790 n
494 1765 556 1797 etj‘.
575 1761 662 1791 nulla
684 1761 716 1791 in
734 1770 768 1792 re
783 1761 900 1799 ipsam,
919 1761 970 1792 vel
990 1769 1120 1793 sorores
1136 1762 1219 1801 ejus,
1239 1774 1252 1791 ι
1270 1771 1386 1802 nempe
1403 1763 1579 1802 Eugeniam
1596 1764 1627 1792 et
1640 1761 1798 1797 Nonnam.

176 1825 191 1842 ι
214 1812 366 1844 molestas
384 1821 468 1844 esse.
487 1824 502 1842 »
520 1811 605 1849 Quid
621 1812 735 1843 clarius
748 1813 784 1842 ut
799 1811 1039 1843 demonstretur
1056 1812 1247 1852 Alypianam
1263 1803 1349 1844 illam
1362 1834 1370 1850 ,
1386 1821 1450 1844 non
1467 1812 1622 1850 virginem
1643 1821 1711 1843 eam
1728 1819 1799 1843 esse

170 1864 211 1894 de
227 1872 288 1902 qua
306 1863 442 1902 epistola
456 1871 563 1898 cum,
579 1862 621 1894 al.
634 1871 782 1898 ccxxx",
797 1861 853 1892 sed
870 1870 942 1900 quae
957 1862 1114 1893 Nicobulo
1145 1867 1317 1902 nupserat,
1337 1867 1368 1894 et
1394 1871 1523 1893 sorores
1539 1862 1609 1902 ejus
1631 1870 1798 1900 germanas

173 1916 276 1946 fuisse
289 1915 466 1954 Eugeniam
483 1903 516 1944 et
530 1914 675 1944 Nonnam
691 1914 706 1943 ?
722 1913 809 1950 Quas
835 1913 965 1952 quidem
994 1912 1134 1951 virgines
1155 1914 1369 1951 permansisse
1391 1913 1469 1944 nihil
1497 1921 1629 1943 necesse
1657 1915 1704 1943 est
1726 1920 1797 1943 cre-

171 1967 259 1997 dere.
277 1965 371 2002 Quod
394 1966 480 1996 enim
497 1965 537 1996 de
552 1963 715 2002 Gorgonia
735 1963 857 1994 dictum
871 1969 920 1994 est
933 1962 967 1993 in
982 1963 1129 1993 oratione
1143 1963 1301 1999 vm,alias
1317 1973 1363 2000 xr,
1382 1975 1396 1992 α
1415 1963 1560 2003 corporis
1577 1962 1727 1998 fructum,
1739 1962 1802 1994 hoc

173 2020 220 2047 est
237 2017 356 2048 liberos
371 2021 403 2048 et
415 2021 550 2056 nepotes
568 2015 702 2055 spiritus
715 2015 857 2047 fructum
871 2015 989 2052 eﬁ‘ecit,
1007 2026 1022 2044 ι
1039 2015 1078 2046 de
1103 2015 1263 2054 baptismo
1281 2019 1311 2047 et
1334 2015 1577 2047 consecratione
1593 2023 1664 2056 quis
1693 2024 1733 2046 ex
1761 2023 1799 2046 eo

174 2068 256 2104 ﬁuit,
269 2071 375 2106 potest
396 2071 426 2098 et
441 2067 538 2098 debet
553 2066 654 2105 accipi
673 2075 682 2096 :
703 2066 825 2106 alioqui
851 2065 1035 2104 virginitate
1060 2073 1266 2097 consecrasse
1296 2066 1377 2097 ﬁlias
1401 2074 1477 2096 suas
1507 2075 1620 2097 omnes
1640 2065 1798 2104 Gorgonis

175 2119 309 2149 dicenda
332 2121 430 2154 esset,
456 2117 544 2158 quod
572 2117 703 2158 quidem
734 2117 909 2148 absurdum
932 2120 964 2147 et
986 2116 1069 2147 facto
1088 2117 1309 2154 contrarium;
1328 2116 1487 2156 siquidem
1513 2116 1667 2156 Alypiuua
1693 2115 1800 2154 nupsit

173 2169 340 2206 Nicobulo,
352 2169 494 2207 Eugenia
508 2176 650 2208 quoque,
668 2167 715 2198 vel
730 2168 854 2205 Nonna,
871 2167 1053 2199 Meletion
1067 2171 1115 2199 est
1132 2168 1291 2205 Meletius,
1308 2168 1363 2208 qui
1388 2167 1420 2198 in
1439 2170 1629 2198 testamento
1654 2165 1798 2204 Gregorii

172 2225 296 2261 γαμϐρός
310 2220 441 2255 dicitur,
459 2220 545 2259 quod
568 2218 639 2257 ejus
657 2218 778 2249 sororis
793 2218 889 2249 ﬁliam
909 2227 1042 2249 uxorem
1059 2218 1217 2249 duxisset.

212 2272 259 2302 Ex
274 2269 445 2306 Nicobulo,
458 2269 497 2299 ad
510 2277 607 2308 quem
625 2269 734 2308 plures
761 2268 906 2308 Gregorii
924 2268 1068 2307 epistola;
1079 2289 1087 2303 ,
1102 2271 1131 2298 et
1146 2267 1305 2308 Alypiana
1332 2266 1509 2298 Nicobuius
1524 2265 1603 2297 alter
1628 2268 1723 2296 natus
1739 2267 1800 2300 est.

175 2327 205 2354 et
224 2321 383 2361 Alypiaua
398 2321 499 2359 virgo,
514 2321 554 2352 de
569 2329 632 2361 qua
657 2320 793 2360 epistola
813 2329 945 2356 cunt,
962 2321 1004 2352 al.
1025 2329 1148 2351 cxxxn.
1175 2321 1220 2350 De
1242 2319 1399 2351 Nicobulo
1425 2324 1510 2350 certa
1536 2326 1586 2349 res
1613 2320 1679 2353 est,
1697 2317 1745 2348 vel
1761 2325 1801 2349 ex

179 2374 320 2405 carmine
334 2373 422 2413 quod
440 2372 590 2403 Nicobuli
607 2380 726 2403 nomen
740 2372 801 2402 sibi
820 2373 1025 2412 praescripsit,
1042 2376 1073 2403 et
1086 2379 1125 2402 ex
1139 2372 1236 2411 patris
1247 2370 1396 2402 Nicobuli
1414 2371 1640 2410 responsione,
1659 2369 1802 2407 itemque

177 2432 216 2455 ex
230 2423 366 2464 epistola
381 2431 476 2459 cxcv,
493 2422 573 2453 alias
588 2431 663 2453 xuv
678 2433 687 2460 ;
705 2422 791 2454 unde
803 2422 958 2453 discimus
969 2422 1051 2454 alios
1068 2421 1224 2452 Nicobule
1236 2421 1361 2461 juniori
1373 2428 1543 2460 germanos
1558 2420 1671 2451 fratres
1686 2418 1801 2455 fuisse,

177 2483 317 2514 quorum
337 2474 385 2506 vel
409 2474 540 2505 nomina
559 2474 689 2513 penitus
709 2474 908 2512 ignorantur.

214 2525 294 2557 Sunt
309 2525 363 2556 alii
383 2526 466 2556 bene
491 2524 583 2556 multi
614 2523 771 2563 GregOrio
790 2528 900 2555 nostro
922 2524 1032 2556 amnes
1052 2528 1083 2555 et
1105 2523 1360 2564 consanguinei;
1377 2524 1410 2554 in
1442 2531 1581 2562 quorum
1604 2528 1738 2553 numero
1754 2525 1802 2551 est

175 2574 389 2614 Euphemius,
420 2573 501 2605 alter
517 2573 557 2604 ab
577 2572 796 2612 Amphilochii
831 2572 908 2604 ﬁlio.
930 2573 977 2603 De
996 2573 1081 2603 eoin
1100 2576 1306 2610 testamento,
1323 2573 1377 2604 ubi
1394 2580 1445 2603 res
1461 2574 1544 2603 inter
1559 2571 1801 2609 aﬂinesagilur.

216 2623 403 2655 Helladium
418 2623 650 2662 Eulaliumque
664 2622 779 2653 fratres
796 2622 929 2661 epistola
945 2632 997 2660 xv,
1018 2623 1098 2654 alias
1113 2631 1208 2659 cxcv,
1229 2623 1404 2662 Gregorius
1422 2627 1514 2654 vocat
1532 2633 1546 2651 ιι
1565 2620 1802 2652 consobrinos»

175 2682 266 2710 suos,
282 2676 336 2704 aut
357 2672 530 2713 patrueles,
545 2676 686 2711 ἀνεψίους,
711 2672 776 2705 nisi
791 2673 891 2703 mavis
906 2681 944 2704 ex
964 2681 1075 2704 sorore
1091 2677 1146 2704 aut
1170 2673 1426 2712 propinquorum
1445 2674 1556 2714 aliquo
1579 2675 1729 2711 nepotes,
1746 2680 1803 2710 pro

177 2725 262 2755 varia
280 2723 367 2754 vocis
387 2722 635 2762 signiﬁcatione.
794 2747 798 2750 .

215 2774 375 2814 Georgius
388 2778 419 2805 et
433 2773 585 2805 Basilissa
601 2781 694 2806 soror
708 2773 779 2814 ejus
796 2781 945 2814 germana
960 2774 1126 2814 epitaphio
1141 2783 1159 2804 L
1181 2774 1233 2815 (c),
1251 2782 1376 2806 necnon
1399 2773 1572 2811 Eusebius,
1592 2771 1648 2813 qui
1676 2771 1803 2804 nlrius-

211 2879 249 2915 (ιι)
271 2879 378 2912 Morsu,
397 2879 544 2915 ep.770,7p.
561 2879 606 2907 65.

520 2886 544 2912 μ.
561 2879 606 2907 65.
1052 2879 1086 2915 (c)
1107 2879 1214 2914 ltlurat.,
1229 2886 1271 2914 ep.
1290 2878 1332 2906 50.

214 2914 251 2948 (ιι)
271 2915 374 2950 εει-ιιι..
396 2915 428 2943 ad
443 2914 535 2944 Niccb.
551 2920 618 2949 patr.
