2058 3128
256 146 288 173 9|
757 145 945 175 PREFATIO
965 146 1068 174 GENEI

1071 145 1172 176 lALIS.
1190 162 1224 168 —
1241 145 1334 174 PARS
1351 146 1396 173 Ill.
1849 144 1883 172 Μ

258 211 322 242 qua
344 203 441 235 frater
452 205 585 236 omnino
600 205 727 236 videtur
745 205 802 246 (α),
820 214 880 236 una
901 214 973 236 cum
990 205 1101 236 Nonna
1127 209 1229 236 matre
1246 204 1401 243 Theologi
1419 211 1459 234 ex
1478 202 1576 234 variis
1588 201 1758 242 epitapliits
1775 209 1813 231 eo
1830 204 1885 232 lu-

259 252 350 284 mulo
366 255 484 286 conditi
498 255 553 295 (b),
569 256 626 295 qui
643 256 789 295 Gregorii
809 260 841 286 et
865 257 987 287 Nonnus
1002 264 1071 293 san;

1072 256 1154 294 guini
1181 259 1309 295 paratus
1333 260 1414 290 erat.
1427 257 1497 295 αἷμα
1512 259 1542 286 τὸ
1562 257 1721 294 Γρηγοριου,
1737 256 1840 292 Νόννης
1854 265 1884 284 τι

257 309 422 344 μεγακλέος,
436 305 475 336 ab
498 306 609 336 eodem
623 305 720 336 alieni
740 314 857 344 genere
877 313 948 336 esse
972 313 1036 336 non
1059 313 1069 343 ι

393 319 422 342 ις,
436 305 475 336 ab
498 306 609 336 eodem
623 305 720 336 alieni
740 314 857 344 genere
877 313 948 336 esse
972 313 1036 336 non
1059 309 1205 343 possunt.

296 355 497 391 Nicomedes,
514 357 546 386 in
562 364 659 395 quem
676 357 735 388 tria
752 360 829 387 sunt
855 356 1018 396 epitaphia
1036 355 1091 396 (c),
1114 356 1207 395 cujus
1238 356 1333 387 etiam
1352 355 1463 387 laudes
1487 354 1612 395 plenius
1631 353 1832 385 celebrantur
1849 353 1881 384 in

246 406 394 436 :oarmine
409 406 450 437 al.
467 416 567 437 xum
584 407 638 446 (ἁ),
655 415 693 437 ex
712 406 823 438 eodem
840 410 947 437 cretus
966 406 1124 444 sanguine
1150 407 1289 438 videtur.

295 455 362 486 Jam
381 456 421 486 de
444 455 584 486 Phillalii
602 456 816 496 adolescentis
831 465 903 487 cum
924 456 1080 495 Gregorio
1099 454 1250 486 afﬁnitate
1266 456 1412 486 dubitare
1427 456 1480 486 vix
1498 463 1615 486 nomen
1630 453 1719 489 sinit,
1741 453 1826 492 quod
1843 453 1882 484 ab

254 513 314 536 nvo
328 505 474 545 Gregorii
490 515 639 537 manasse
662 507 822 537 videatur.
838 507 954 537 Suadet
969 506 1064 537 etiam
1084 506 1285 546 epitaphium
1302 507 1499 544 xcv,Murat.
1512 516 1543 546 p.
1560 506 1610 543 £2,
1626 514 1661 536 ac
1673 504 1800 545 penitus
1817 513 1883 543 per-

255 555 428 587 suaderent
446 556 493 587 lite
510 565 629 588 νοοεεα
642 565 729 588 sacra
741 557 856 593 tellus,
874 568 888 585 no
902 557 929 587 si
945 556 1107 587 tumulum
1140 561 1227 588 certo
1250 557 1503 596 signiﬁcarentur
1519 556 1812 591 Verisimillimum,
1829 555 1882 586 in-

254 606 329 645 quit
345 607 551 642 Muratorius,
583 607 785 638 necessarios
813 606 1004 638 Nazianzeni
1020 605 1123 639 fuisse
1157 606 1338 637 Philtatios.
1359 618 1372 635 ι
1391 607 1474 637 Huic
1491 606 1683 637 adolescenti
1698 606 1882 637 adolescen-

254 658 341 687 tulus
357 656 438 688 alter
452 657 691 696 adjungendus,
711 657 885 696 Gregorius
902 656 1048 693 nomine,
1064 656 1212 694 Gregorii
1228 665 1267 687 ex
1283 665 1392 687 sorore
1406 664 1506 697 nepos
1521 660 1575 687 aut
1593 656 1747 697 abnepos,
1759 656 1798 687 de
1817 665 1882 697 quo

251 706 451 746 epitaphium
468 715 597 738 cxxxm
627 707 711 746 apud
739 707 854 737 Murat.
873 706 940 737 Hos
960 714 1073 737 omnes
1088 709 1204 745 praeter
1229 707 1409 737 stemmatis
1436 707 1553 738 seriem
1573 716 1790 744 recensemus,
1805 707 1882 749 quia

251 765 318 796 quo
333 756 447 787 ordine
461 755 508 787 illi
526 765 562 788 ac
582 756 654 788 loco
676 757 837 788 statuendi
854 756 920 788 sint
943 756 1142 796 ignoramus.
1164 757 1209 789 Sit
1226 757 1324 797 igitur
1338 767 1356 789 a
1376 762 1489 796 matre,
1503 758 1880 798 Gregorianistemmatis

251 807 312 839 ista
331 807 518 840 delineatio.

825 922 1033 951 PHILTATIUS
1053 923 1097 951 ET
1115 923 1303 952 GORGONIA.

253 1129 374 1164 mortuus
389 1126 552 1164 sincltheris
587 1133 680 1162 postea
698 1128 846 1157 lconiensis
896 1130 1064 1164 Olympiadis
1474 1131 1570 1163 conjux
1581 1131 1640 1161 eius
1693 1131 1752 1158 sine
1775 1131 1878 1159 liberis.

251 1158 331 1193 paulo
349 1165 413 1188 ante
431 1162 549 1196 nuptias.
587 1158 595 1162 “
639 1163 796 1199 episcopus.
897 1158 1049 1193 ed'ucu'trix.
1477 1158 1635 1194 Αιῖριῠε.

1214 1247 1387 1275 ALYPIANA
1470 1247 1536 1276 EUG
1542 1247 1632 1274 ENIA.
1716 1245 1842 1275 ΝΟΝΝΔ.

1207 1283 1284 1316 ctijtts
1298 1282 1396 1315 coniux

1201 1317 1407 1345 MCOBULUS.

964 1432 1067 1459 Jumor.
1230 1433 1318 1460 virgo.
1445 1434 1553 1453 nomine
1565 1431 1666 1461 Ignoto.

756 1499 917 1528 PRETER
937 1501 1094 1530 0RDINIS
1113 1502 1254 1531 SERIEM
1273 1503 1373 1531 SUNT

575 1544 748 1587 Euphemius
760 1546 828 1574 alter
846 1547 880 1587 a_b
898 1548 1081 1587 Amphilochii
1101 1549 1173 1583 lilio,
1193 1550 1299 1587 de__quo
1319 1549 1548 1587 inATestamento.

661 1581 792 1619 Meterius
801 1582 913 1610 maritus
929 1581 1067 1619 Eugeniae,
1083 1590 1130 1611 aut
1146 1581 1220 1612 certe
1230 1581 1331 1612 Nonum
1348 1585 1472 1619 iunioris.

688 1616 827 1654 Ilellndius
839 1616 1006 1654 et‘Eulalius
1019 1618 1147 1654 hlazianzi
1162 1620 1316 1654 episcopus,
1335 1616 1441 1647 fratres.

708 1651 851 1685 "usebius,
868 1652 1012 1690 Georgius.
1030 1653 1158 1690 Basilissa
1173 1651 1334 1690 germaniet
1347 1654 1410 1689 ipsi.

876 1687 1036 1717 Nicomedes
1062 1696 1094 1716 ac
1117 1687 1257 1718 ﬁlii'duo.

900 1722 1044 1754 Philtatius
1058 1724 1226 1752 adolescens.

924 1757 1072 1794 Gregorius
1087 1759 1206 1794 juvenis.

284 1845 324 1880 (α)
342 1845 390 1880 Ep.
407 1847 452 1879 46.
465 1855 492 1882 p.
509 1844 554 1877 43.

285 1881 323 1919 (ρ)
337 1881 446 1916 Muran,
463 1890 507 1918 ep.
527 1884 572 1918 49,
592 1891 619 1919 p.
633 1884 679 1919 £5;
695 1893 739 1919 ep.
757 1885 802 1919 50.
817 1894 844 1919 ι).
864 1887 910 1919 46;
925 1894 969 1919 eo.
985 1886 1030 1919 66,

1126 1854 1163 1919 (οξ
1178 1854 1226 1889 Ep.
1245 1854 1292 1888 56,
1306 1855 1351 1886 37.
1363 1855 1407 1883 ss.

595 1891 619 1919 ρ.
633 1884 679 1919 45;
695 1893 739 1919 ep.
757 1885 802 1919 50.
817 1894 844 1919 ι).
864 1887 910 1919 46;
925 1894 969 1919 en.
985 1886 1030 1919 66,
1121 1891 1150 1919 td
1181 1890 1270 1918 Carm.
1284 1890 1318 1918 ad
1334 1890 1407 1918 Helle

248 1881 446 1952 pI((t;:.tlurat.,
463 1881 507 1918 ep.
527 1884 572 1918 49,
592 1891 619 1919 p.
633 1884 679 1920 £5;
695 1893 739 1921 ep.
757 1885 802 1919 50.
817 1894 844 1922 ρ.
864 1887 910 1922 46;
925 1894 969 1924 ep.
985 1886 1030 1922 66,
1121 1881 1161 1925 (di
1178 1881 1318 1918 γεῆι-πὶ.ἇᾶ
1334 1881 1437 1918 tlellen.
1464 1898 1536 1918 vers.
1556 1890 1605 1918 143
1616 1895 1643 1919 et
1656 1898 1715 1927 seq.

249 2012 1295 2032 P—————.F—V—-—

851 2098 1073 2144 TERTIA
1109 2100 1273 2147 PARS.

632 2191 677 2223 DE
696 2191 812 2221 VARUS
832 2192 1071 2225 GREGORIANE
1092 2194 1276 2225 DOCTRINAS
1295 2198 1484 2228 CAPITIBUS.

286 2343 439 2381 Quamvis
454 2345 628 2386 Gregorius
651 2348 707 2380 diu
725 2350 928 2392 multumque
946 2353 1085 2392 patuerit
1101 2354 1245 2391 invidias,
1265 2354 1416 2395 quamvis
1437 2355 1594 2395 plurimos
1620 2356 1694 2388 vitae
1713 2358 1779 2388 toto
1795 2358 1875 2388 tem-

248 2402 327 2434 pore
340 2396 540 2437 acerbosque
558 2403 712 2438 expertus
730 2400 772 2432 sit
786 2401 1002 2442 adversarios,
1020 2413 1185 2444 nunquam
1201 2414 1245 2436 ex,
1256 2406 1297 2437 iis
1312 2405 1484 2446 quisquam
1497 2415 1596 2438 ausus
1612 2410 1659 2439 est
1674 2416 1746 2439 eum
1757 2407 1874 2439 erroris

247 2446 441 2499 insimulare
460 2452 491 2479 et
507 2448 611 2488 ipsius
631 2450 809 2484 doctrinam
825 2462 967 2494 carpere.
991 2466 1007 2484 ι
1020 2455 1142 2495 Hujus,
1164 2456 1273 2496 inquit
1290 2457 1438 2496 Ruﬁnus,
1461 2466 1568 2497 neque
1583 2458 1645 2490 vita
1660 2458 1783 2499 aliquid
1797 2468 1875 2499 pro-

247 2497 389 2529 babilius
405 2502 437 2529 et
454 2500 611 2538 sanctius,
627 2510 736 2542 neque
751 2504 936 2543 eloquentia
952 2505 1071 2538 clarius
1094 2510 1126 2538 et
1151 2506 1326 2544 illustrius,
1347 2517 1453 2549 neque
1469 2509 1529 2540 ﬁde
1546 2510 1660 2549 purius
1685 2497 1724 2541 etﬁ
1733 2497 1873 2549 rectius,

247 2557 357 2603 neque
372 2551 508 2583 scientia
524 2551 655 2591 plenius
671 2558 703 2586 et
718 2555 892 2595 perfectius
907 2557 1047 2590 inveniri
1064 2562 1190 2599 potest;
1217 2564 1326 2600 utpote
1342 2561 1397 2600 qui
1414 2561 1503 2593 solus
1519 2562 1572 2600 sit,
1591 2562 1631 2593 de
1646 2562 1739 2603 cujus
1757 2563 1817 2595 ﬁde
1833 2573 1873 2596 ne

248 2602 444 2654 dissidentes
463 2605 594 2646 quidem
614 2606 698 2639 inter
715 2617 762 2645 se,
788 2611 824 2640 ut
848 2610 916 2641 ﬁeri
937 2611 1031 2649 solet,
1057 2617 1167 2651 partes
1189 2617 1218 2643 et
1244 2613 1349 2644 studia
1368 2613 1532 2653 disputare
1557 2602 1738 2654 potuerint;
1763 2616 1818 2647 sed
1840 2617 1872 2648 id

248 2652 426 2707 optinueriﬂt
440 2655 525 2707 apud
541 2655 643 2707 Deum
660 2659 690 2688 et
706 2658 863 2690 Ecclesiae
886 2660 945 2691 Dei
965 2661 1083 2699 meriti,
1106 2665 1140 2693 ut
1154 2663 1345 2703 quieunque
1364 2652 1463 2695 ausus
1476 2663 1573 2696 fuerit
1590 2652 1741 2698 doctrinae
1754 2667 1824 2707 ejus
1838 2668 1871 2699 in

248 2701 358 2758 aliquo
373 2704 537 2744 refragari,
555 2715 594 2737 ex
608 2706 669 2738 hoc
684 2708 754 2747 ipso
768 2709 843 2748 quia
860 2709 929 2749 ipse
943 2711 1045 2751 magis
1069 2712 1110 2742 sit
1134 2701 1309 2745 haereticus
1327 2718 1492 2753 arguatur.
1508 2714 1716 2748 Manifestum
1733 2701 1871 2758 na'mque

247 2751 405 2806 indicium
422 2758 470 2786 est
487 2764 551 2787 non
568 2765 640 2790 esse
657 2763 752 2791 recte)
766 2760 838 2791 ﬁdei
860 2761 1022 2793 hominem
1038 2784 1047 2801 ,
1073 2763 1128 2803 qui
1153 2764 1186 2796 in
1214 2764 1275 2796 fide
1301 2751 1379 2796 cum
1399 2765 1556 2806 Gregorio
1571 2775 1635 2798 non
1658 2751 1841 2801 concordat.
1855 2780 1871 2799 ι

248 2802 338 2836 Adeo
354 2814 431 2846 pura
448 2808 533 2840 enim
550 2813 581 2841 et
598 2810 734 2850 sincera,
761 2816 792 2844 et
806 2813 893 2845 omni
915 2822 1046 2854 prorsus
1063 2802 1141 2847 vitio
1167 2825 1278 2849 carens
1303 2817 1372 2857 ejus
1388 2802 1543 2858 doctrina,
1570 2824 1606 2853 ut
1626 2821 1702 2854 inde
1717 2821 1870 2862 Theologi

248 2862 365 2888 nomen
382 2866 467 2890 unus
481 2864 550 2899 post
568 2862 749 2900 apostolum
765 2864 920 2897 Joannem
936 2865 977 2897 sit
992 2866 1138 2903 adeptus.
