2058 3128
157 170 193 198 93
655 166 842 198 ΡηιιιἎτῐο
857 167 969 199 ΕΕΝΕΕ

978 167 1067 198 ALIS.
1074 184 1111 190 -
1129 169 1220 199 PARS
1238 170 1283 198 111.
1758 172 1790 199 91

198 228 291 260 Plura
310 230 415 260 tamen
434 227 504 259 sive
520 226 664 259 Clericus
679 227 717 259 ad
735 226 904 260 Sociaiana
921 231 1116 265 commenta,
1132 229 1172 259 de
1189 228 1294 260 tribus
1309 227 1433 259 naturis
1447 228 1480 259 in
1497 228 1565 260 Deo
1577 236 1632 268 per
1644 229 1792 268 antiquos

158 280 361 312 orthodoxos
377 280 580 319 excogitatis,
597 280 748 315 fovenda,
766 288 862 319 prave
878 280 1015 311 detorsit
1030 291 1039 317 ;
1056 280 1125 312 sive
1147 280 1356 312 Barbeirncus
1373 281 1516 320 quaedam
1531 281 1661 312 moralis
1676 281 1792 313 doctri-

156 337 209 362 nm
230 331 333 370 capita
351 330 467 361 acriter
481 334 514 362 et
528 331 652 362 insulse
669 330 890 370 reprehendit.
908 330 991 367 Quid
1008 331 1126 362 mirum
1143 331 1176 362 in
1193 330 1383 363 hominibus
1397 331 1474 371 qui',
1489 331 1690 363 auctoritatis
1712 331 1792 371 jugo

156 383 247 415 Omni
261 392 413 420 excusso,
429 383 511 414 nihil
530 391 595 414 non
616 384 740 423 experti
760 386 848 419 sunt,
865 383 943 413 nihil
962 391 1088 415 sacrum
1105 383 1138 414 in
1157 384 1219 415 ﬁde
1236 383 1462 423 reliquerunt?
1479 385 1525 417 fAt
1541 384 1624 414 inter
1636 383 1791 422 ipsosmet

157 433 340 465 Calholicos
362 433 513 465 Petavius
530 455 540 471 ,
565 433 612 464 vir
633 433 818 464 eruditione
843 435 1010 472 praestans,
1037 432 1229 472 Gregorium
1251 437 1286 463 ut
1315 433 1397 464 male
1424 433 1463 464 de
1490 433 1678 464 adversariis
1708 442 1790 473 quos

158 484 303 516 confutet
322 481 522 522 triumphum
543 487 689 523 agentem
718 482 879 514 traducit:
897 482 952 513 sed
979 483 1049 522 ipse
1074 482 1106 513 in
1131 483 1334 514 venerandos
1355 484 1463 514 Patres
1486 483 1619 514 nimium
1643 483 1788 523 iniquus,

157 538 188 566 et
204 543 220 565 ε
232 534 324 565 Bullo
340 534 518 573 Anglicano
535 533 691 573 scriptore
710 533 793 565 bene
809 532 997 572 castigatus,
1013 541 1161 564 censurae
1178 533 1352 564 acerbitate
1368 533 1463 564 tantis
1481 533 1556 563 viris
1577 541 1643 563 non
1658 533 1787 570 nocuit;

157 584 224 616 imo
244 585 353 624 potius
379 585 515 624 propriae
537 585 659 625 gloriae,
680 584 747 624 jam
765 584 841 615 inde
860 583 1126 615 simulatiouibus
1143 584 1265 623 quibus
1291 593 1370 615 usus
1397 587 1444 614 est
1469 584 1501 614 in
1524 593 1619 615 causa
1645 583 1788 623 pergravi

157 635 371 673 obnubilatus,
389 637 492 668 labem
510 640 663 668 mternam
681 636 813 667 inussit.
839 636 916 667 Haec
932 636 1039 667 omnia
1063 644 1226 676 exponere
1249 640 1281 667 et
1300 636 1463 674 exagitare
1486 636 1512 666 si
1537 635 1663 666 animus
1689 639 1786 673 esset,

156 686 238 717 ultra
262 687 359 726 hujus
387 688 564 719 voluminis
588 688 669 720 ﬁnes
701 687 948 727 protenderetur
974 688 1076 719 oratio
1093 699 1101 718 :
1118 688 1151 719 in
1176 697 1317 728 sequens
1346 687 1445 726 igitur
1468 688 1607 726 diligens
1630 690 1660 718 et
1678 691 1787 718 exacta

155 737 362 775 querelarum
377 739 524 770 omnium
544 738 775 776 consideratio,
792 747 863 778 quea
879 738 913 769 in
930 738 1109 770 doctrinam
1126 739 1323 770 sanctissimi
1349 738 1492 769 doctoris
1516 741 1674 776 congestae
1690 740 1786 774 sunt,

157 790 368 822 extrahenda.
400 791 568 831 Quidquid
595 795 672 823 tunc
696 790 873 822 occurrerit
897 791 984 830 quod
1012 791 1175 822 offendere
1198 791 1356 827 inﬁrmos,
1376 789 1424 821 vel
1449 790 1482 821 in
1509 789 1652 821 deterius
1679 791 1787 828 posset

156 841 273 880 accipi,
290 841 543 880 elucidahimus,
562 846 594 874 et
608 842 780 882 scrupulos
798 843 825 873 si
842 842 899 882 qui
918 841 985 873 sint
1006 842 1153 874 studiose
1176 841 1367 875 evellamus.
1385 841 1468 872 Satis
1483 848 1569 871 nunc
1584 838 1644 870 erit
1659 838 1686 868 si
1704 845 1784 877 pras-

154 891 250 930 cipua
266 892 423 925 doctrinm
441 893 590 935 Gregorii
617 894 720 934 capita
747 894 780 925 in
800 903 900 925 unum
925 894 1059 926 collecta
1083 894 1193 926 lectori
1222 894 1452 930 exhi‘beamus;
1481 895 1518 923 ut
1540 891 1587 922 vel
1614 890 1661 922 sic
1682 892 1786 929 pateat

154 950 251 980 quam
279 949 430 976 accurate
456 948 487 976 et
522 944 584 977 alte
613 945 652 977 de
683 944 804 980 divinis
836 944 985 981 disserat,
1025 953 1062 977 ac
1082 950 1167 977 recte
1194 945 1382 984 Theologus
1404 942 1582 982 nuncupari
1608 939 1784 982 meruerit:

155 991 233 1023 hinc
272 994 439 1033 apparebit
467 998 587 1036 quanta
612 995 716 1036 ipsius
749 995 890 1034 injuria,
919 998 1106 1036 quantaque
1144 995 1292 1026 veritatis
1318 994 1465 1030 oﬂ‘ensa,
1500 991 1616 1024 erroris
1645 990 1786 1031 potuerit

153 1041 349 1075 insimulari.

891 1097 936 1128 De
971 1096 1046 1129 Deo.

193 1145 267 1183 Quo
283 1148 428 1186 tempore
444 1147 583 1179 docendi
599 1156 718 1179 munus
739 1149 896 1188 Gregorio
912 1149 1102 1189 impositum
1116 1151 1164 1180 est
1181 1148 1238 1189 (0):.
1254 1150 1338 1179 tanta
1361 1146 1400 1178 de
1417 1145 1535 1178 divinis
1553 1144 1651 1176 rebus
1668 1142 1783 1183 dispu-

152 1195 242 1226 tandi
261 1196 392 1235 prurigo
408 1196 533 1228 animos
550 1198 740 1232 incesserat.
758 1203 790 1230 ut
812 1199 919 1230 omnia
933 1199 1014 1235 loca,
1032 1207 1072 1230 ne
1092 1198 1252 1238 gynmceis
1274 1198 1406 1238 quidem
1425 1196 1580 1234 exceptis,
1600 1192 1784 1236 hujusmodi

152 1245 419 1277 contentionibus
436 1254 472 1277 ac
498 1247 637 1278 tumultu
658 1251 880 1286 personarent.
900 1247 959 1278 Cui
985 1247 1072 1280 malo
1093 1247 1249 1279 medicam
1277 1251 1311 1279 ut
1338 1255 1467 1278 manum
1484 1245 1662 1281 adhiberet,
1688 1245 1783 1276 «Non

152 1297 296 1337 cujusvis
312 1301 373 1334 est,
390 1298 497 1338 inquit
513 1299 568 1338 (b),
585 1307 605 1330 ο
620 1299 694 1336 viri,
716 1300 754 1330 de
772 1300 839 1330 Deo
854 1299 1028 1338 disserere,
1045 1308 1124 1337 non,
1141 1299 1288 1340 inquam.
1305 1297 1470 1338 cujusvis;
1487 1306 1551 1328 non
1569 1297 1648 1328 adeo
1662 1295 1733 1327 vilis
1748 1304 1784 1326 ac

152 1349 287 1387 protrita
318 1348 384 1380 haac
412 1358 463 1380 res
486 1353 547 1386 est,
572 1353 603 1381 et
627 1359 738 1382 eorum
764 1351 818 1391 qui
847 1353 952 1383 adhuc
975 1352 1066 1384 humi
1091 1354 1274 1391 reptant...
1299 1352 1358 1382 His
1379 1350 1531 1382 duntaxat
1555 1349 1616 1380 hoc
1639 1346 1783 1380 muneris

150 1399 324 1438 incumbit,
339 1400 396 1440 qui
413 1401 619 1433 exactissime
636 1402 793 1441 explorati
811 1407 898 1441 sunt,
916 1413 951 1435 ac
965 1403 1213 1443 contemplanda
1231 1404 1325 1442 longe
1348 1404 1650 1442 processerunt....
1665 1402 1732 1435 aut,
1748 1402 1784 1430 ut

151 1449 340 1489 parcissime
358 1450 483 1490 loquar,
496 1450 561 1490 jam
579 1450 640 1482 hoc
660 1454 772 1490 agunt,
800 1455 834 1482 ut
848 1460 883 1483 se
897 1461 915 1483 a
934 1452 1088 1484 vitiorum
1106 1452 1176 1484 labe
1193 1455 1342 1492 purgent.
1361 1451 1427 1491 _Sed
1452 1460 1512 1483 nec
1536 1450 1681 1491 cujusvis
1704 1452 1784 1480 tem-

151 1499 241 1539 poris
252 1511 267 1528 ι
284 1500 364 1531 illud
382 1505 453 1538 est;
485 1511 501 1529 ι
513 1509 571 1532 nec
594 1501 676 1540 apud
692 1502 840 1541 quosvis,
855 1510 914 1534 nec
928 1502 969 1534 de
982 1502 1168 1543 quibusvis,
1186 1502 1243 1533 sed
1263 1505 1350 1533 certo
1368 1505 1522 1541 tempore,
1536 1505 1567 1532 et
1582 1499 1665 1540 apud
1679 1504 1785 1531 certoa

152 1549 315 1588 homines,
334 1555 363 1582 et
380 1551 597 1592 aliquousque
609 1552 669 1583 hoc
681 1551 879 1585 faciendum.
893 1564 908 1582 ι
926 1553 973 1585 De
985 1553 1036 1585 his
1045 1553 1212 1591 omnibus,
1228 1557 1294 1584 tum
1310 1552 1456 1584 oratione
1471 1551 1622 1583 vicesima
1634 1550 1783 1591 septima.

152 1609 226 1640 quin
245 1601 498 1641 theologicarum
517 1603 603 1634 velut
623 1603 794 1634 exordium
810 1607 870 1640 est,
888 1607 955 1635 tum
971 1605 1045 1636 aliis
1060 1605 1093 1636 in
1112 1604 1204 1641 locis,
1223 1603 1434 1635 saluberrima
1452 1606 1604 1643 prmcepta
1621 1601 1722 1633 dedit.

189 1651 237 1682 De
260 1652 327 1682 Deo
352 1651 501 1690 praeclare
529 1655 560 1683 et
580 1652 745 1684 subtiliter
759 1653 915 1693 disputat,
939 1653 1088 1693 nihilque
1111 1652 1368 1693 magniﬁcentius
1395 1657 1427 1685 et
1453 1653 1492 1684 ad
1523 1652 1785 1692 persuadendum

152 1701 426 1732 accommodatius
455 1711 551 1742 quam
583 1707 770 1742 argumenta
799 1712 872 1743 quas
897 1714 936 1736 ex
963 1709 1085 1736 naturas
1110 1705 1255 1736 miranda
1281 1708 1442 1736 structura
1464 1713 1501 1736 ac
1526 1703 1664 1743 eleganti
1682 1702 1782 1734 forma

152 1750 376 1790 deprompsit:
396 1752 559 1789 «Etenim,
586 1752 694 1792 inquit
723 1752 776 1793 (c),
804 1753 891 1793 quod
914 1753 1001 1784 Deus
1027 1755 1082 1791 sit,
1105 1763 1142 1785 ac
1165 1754 1316 1794 princeps
1333 1754 1479 1795 quaedam
1496 1761 1606 1790 causa,
1630 1760 1702 1791 quas
1731 1760 1785 1783 res

155 1808 270 1830 omnes
290 1802 464 1840 procrearit
479 1806 574 1842 atque
591 1806 774 1839 conservet,
795 1806 861 1834 tum
887 1802 974 1834 oculi
999 1803 1081 1843 ipsi,
1101 1808 1168 1834 tum
1188 1803 1239 1835 lex
1255 1804 1411 1835 naturalis
1437 1801 1575 1838 docent;
1603 1802 1665 1839 illi,
1705 1801 1785 1833 dum

152 1850 251 1881 rebus
273 1850 304 1881 in
317 1854 482 1891 aspectum
499 1851 690 1882 cadentibus
708 1851 808 1883 aciem
829 1851 960 1891 aﬂigunt
974 1874 983 1889 ,
1007 1861 1127 1892 easque
1151 1856 1181 1884 et
1198 1852 1331 1892 pulchre
1355 1853 1433 1884 ﬁxas
1450 1854 1481 1883 et
1503 1851 1636 1882 stabiles
1651 1859 1736 1889 esse,
1752 1855 1782 1882 et

152 1900 315 1941 progredi,
332 1904 429 1941 atque
448 1901 592 1938 immote,
616 1906 650 1932 ut
664 1902 707 1933 ita
721 1902 838 1940 dicam,
855 1903 979 1934 moveri
996 1903 1147 1943 volvique
1172 1903 1372 1943 perspiciunt
1389 1913 1398 1934 :
1413 1901 1481 1933 htec
1495 1904 1620 1939 autem,
1635 1901 1781 1941 dum'per

153 1960 207 1982 res
219 1950 324 1981 oculis
338 1950 512 1991 subj-ectas,
528 1960 563 1983 ac
579 1955 665 1983 recto
680 1952 795 1984 ordine
811 1952 994 1990 collocatas,
1013 1956 1176 1984 auctorem
1193 1961 1301 1984 earum
1315 1955 1399 1984 certa
1413 1952 1537 1984 ratione
1552 1952 1673 1992 colligit
1687 1956 1781 1992 atque

151 2002 349 2042 assequitur.
368 2001 513 2038 Quonam
530 2002 616 2033 enim
634 2003 729 2034 modo
755 2002 907 2034 universa
928 2002 994 2034 hazc
1010 2011 1116 2034 rerum
1134 2002 1237 2034 moles
1252 2002 1302 2033 vel
1322 2003 1475 2042 producta
1493 2010 1634 2042 unquam
1652 2001 1784 2036 fuisset.

153 2052 202 2084 vel
215 2052 421 2089 censisteret,
441 2052 504 2082 nisi
525 2052 612 2083 Deus
628 2053 736 2085 omnia
766 2053 798 2084 in
827 2062 932 2084 rerum
965 2057 1076 2084 natura
1096 2054 1296 2093 protulisset,
1320 2057 1417 2093 atque
1436 2054 1695 2084 conservaret‘h.
1713 2053 1785 2087 Hoc

151 2111 265 2133 omnes
282 2105 313 2133 et
330 2102 466 2142 singulm
481 2107 635 2135 creatum
650 2104 852 2136 conclamant
867 2104 923 2144 (ιι),
944 2115 958 2133 α
973 2104 1135 2145 nobisque
1151 2104 1255 2144 ipsius
1271 2113 1391 2136 numen
1407 2104 1581 2141 declarant,
1605 2112 1668 2135 non
1690 2112 1784 2136 secus

156 2152 308 2183 videlicet
335 2160 375 2183 ac
389 2152 469 2183 solis
484 2152 517 2184 in
532 2153 627 2193 aquis
644 2155 768 2185 umbrae
785 2158 882 2193 atque
903 2153 1076 2185 simulacra
1096 2153 1234 2185 inﬁrmis
1256 2154 1360 2185 oculis
1388 2152 1490 2184 solem
1508 2155 1747 2191 representant.
1766 2163 1789 2181 ι,

150 2201 231 2240 Quis
254 2201 350 2232 etiam
372 2202 581 2234 instrumenti
599 2204 716 2235 musici
733 2203 982 2236 concinnitatem
1001 2205 1174 2244 aspiciens,
1199 2208 1254 2236 aut
1269 2207 1398 2235 cantum
1415 2202 1563 2240 audiens,
1582 2202 1783 2234 conditorem

154 2253 270 2292 ipsius,
286 2256 341 2284 aut
357 2253 567 2290 citharistam.
589 2253 672 2286 facie
690 2255 764 2287 licet
778 2255 939 2294 ignotum,
954 2258 1063 2286 mente
1087 2263 1151 2286 non
1171 2256 1322 2295 reputet?
1337 2254 1479 2285 Plurima
1495 2252 1639 2292 ejusdem
1655 2253 1783 2291 generis

152 2307 340 2343 argumenta
363 2307 485 2340 tractat,
501 2304 621 2343 quibus
636 2305 749 2336 mundi
766 2313 897 2338 curSum
918 2309 948 2335 et
965 2313 1072 2336 rerum
1088 2305 1332 2345 aspectabilium
1349 2304 1493 2335 ordinem
1513 2302 1602 2334 casui
1619 2302 1666 2334 vel
1683 2302 1788 2334 ἰοί-ως

154 2362 201 2385 me
216 2353 388 2390 ascribere,
406 2353 533 2384 nonnisi
551 2362 687 2384 summa:
715 2354 886 2385 dementiae
901 2353 1041 2385 dandum
1053 2354 1223 2386 manifesto
1239 2353 1368 2384 evincit.
1385 2353 1443 2384 Sed
1456 2353 1482 2384 si
1496 2361 1535 2384 ex
1552 2362 1657 2384 rerum
1671 2355 1789 2385 natura.

153 2403 309 2434 divinitas
322 2403 440 2434 animis
457 2407 518 2434 tam
542 2404 715 2443 perspicue
733 2404 850 2440 elucet,
867 2412 943 2434 num
958 2404 1028 2444 ipsa
1044 2413 1135 2435 meus
1155 2408 1186 2435 et
1202 2405 1322 2435 mundo
1339 2403 1443 2440 latior,
1459 2407 1490 2434 et
1508 2403 1666 2435 creaturis.
1679 2403 1784 2434 omni-

153 2452 214 2484 bus
231 2452 540 2491 supereminentior,
564 2453 666 2484 Deum
683 2458 848 2485 auctorem
874 2462 971 2485 suum
991 2454 1053 2485 sibi
1070 2453 1133 2494 ipsi
1150 2463 1214 2485 non
1234 2453 1349 2485 melius
1369 2453 1523 2485 indicabit
1540 2455 1570 2484 et
1595 2452 1785 2488 exhibebit:

155 2513 172 2532 α
188 2502 227 2544 (ε)
244 2502 296 2534 Sic
312 2503 410 2542 igitur
437 2504 518 2535 ratio
541 2512 613 2544 qum
632 2513 671 2535 ex
698 2505 765 2536 Deo
784 2507 846 2540 cst,
876 2507 907 2534 et
937 2503 1061 2535 cunctis
1086 2503 1194 2541 insita,
1221 2508 1252 2535 et
1274 2503 1374 2543 prima
1398 2503 1430 2534 in
1456 2502 1639 2543 pectoribus
1663 2503 1784 2533 nostris

153 2552 282 2582 condita
298 2552 363 2591 lex,
389 2552 584 2592 cunctisque
597 2554 784 2586 mortalibus
802 2553 934 2592 innexa,
953 2562 1013 2585 nos
1039 2553 1078 2585 ab
1104 2553 1147 2584 iis
1172 2554 1289 2591 rebus,
1314 2562 1386 2594 qua
1406 2553 1509 2585 oculis
1532 2554 1723 2589 cernuntur,
1742 2552 1783 2584 ad

152 2601 255 2632 Deum
275 2601 437 2633 subvexit.
458 2614 472 2631 ι

193 2651 319 2684 Interea
336 2652 413 2691 quid
431 2652 473 2683 sit
491 2653 579 2690 Deus
594 2653 621 2684 si
639 2658 746 2694 petas,
758 2663 834 2687 cave
849 2664 891 2688 ne
909 2655 967 2687 tibi
981 2664 1021 2687 ex
1038 2655 1161 2687 ceteris
1179 2653 1336 2686 creaturis
1360 2652 1565 2689 visibilibus,
1591 2660 1664 2692 qua
1680 2652 1786 2685 Deum.

153 2700 301 2741 undique
325 2701 500 2738 celebrant.
519 2703 644 2744 aliquid
662 2705 840 2737 verisimile
867 2706 979 2746 ﬁngas.
1012 2707 1079 2748 «(Ῑ)
1098 2707 1148 2737 An
1171 2713 1288 2745 corpus
1306 2713 1380 2735 eum
1404 2711 1477 2734 esse
1502 2703 1610 2733 dices?
1635 2702 1782 2739 Quonam

152 2758 230 2789 ergo
247 2750 342 2781 modo
361 2750 553 2791 immensus,
569 2753 727 2793 inﬁnitus,
755 2755 864 2796 ﬁgurat
879 2764 994 2796 expers
1012 2760 1074 2794 est,
1093 2764 1130 2787 ac
1146 2755 1287 2794 denique
1307 2753 1479 2795 ejusmodi,
1497 2756 1532 2784 ut
1549 2760 1608 2785 nec
1624 2751 1710 2793 tangi
1724 2761 1785 2784 nec

189 2823 229 2863 (is)
248 2820 325 2863 gest.
338 2821 385 2854 27,
398 2829 426 2849 n.
439 2822 466 2851 3.

1032 2827 1072 2863 (ά)
1091 2825 1165 2863 om.
1178 2826 1272 2863 23,3.
1289 2826 1315 2854 3.

189 2857 227 2896 (bl
248 2855 315 2896 !!’“-
341 2891 374 2896 _-
450 2892 462 2896 _

458 2893 462 2896 .
1033 2855 1069 2896 (ej
1090 2862 1167 2893 Il)id.,
1185 2869 1211 2888 η.
1223 2855 1270 2888 ἐϐ.

191 2891 227 2923 (c)
247 2891 322 2919 Orat.
340 2891 386 2926 28,
403 2900 430 2920 n.
446 2892 472 2920 6.
1089 2891 1169 2931 Ibid,
1182 2905 1208 2924 η.
1223 2896 1249 2924 'l.
