2058 3128
236 129 272 158 95
733 129 921 159 PREFATIO
941 128 1146 160 GENERALlS.
1166 149 1200 154 —
1216 133 1306 162 PARS
1325 132 1370 162 Ill.
1835 137 1874 166 96

237 191 343 222 oculis
359 191 447 223 cerni
465 193 586 232 queat?
602 192 650 222 An
669 192 735 223 haec
750 200 882 232 quoque
899 191 931 222 in
945 201 1079 231 corpora
1097 194 1240 225 cadunt?
1256 194 1283 224 Ο
1302 194 1483 226 licentiam!
1500 203 1563 226 non
1583 195 1667 226 enim
1686 204 1750 227 meo
1762 204 1875 237 corpo-

240 252 310 274 rum
329 249 440 274 natura
456 247 516 275 est.
535 244 585 274 An
609 251 685 274 vero
706 251 824 282 corpus
845 243 977 283 quidem
1004 253 1076 276 esse
1095 249 1238 284 statues,
1262 246 1457 278 immensum
1486 256 1560 278 vero
1580 251 1677 287 atque
1699 249 1875 284 infinitum,-

242 298 422 332 czeteraque
438 294 534 334 hujus
547 294 675 333 generis
691 303 763 326 esse
779 295 911 334 negabis
922 296 936 325 *Ζ
951 295 978 325 0
994 296 1192 326 crassitieml
1211 301 1245 327 ut
1265 297 1350 328 nulla
1367 306 1401 328 re
1420 298 1514 328 nobis
1531 299 1618 329 Deus
1634 302 1772 338 praestet.
1788 300 1874 337 Quid

239 346 325 378 enim
345 345 452 377 atl‘erri
468 348 583 384 potest,
602 353 660 375 cur
673 345 798 375 colatur
813 350 910 385 atque
925 347 1090 383 adoretur,
1108 349 1134 378 si
1152 348 1414 386 circumscriptus
1430 349 1501 378 est?
1516 351 1570 379 aut
1591 349 1669 389 quid
1684 357 1787 380 causa;
1801 358 1875 381 esse

240 398 398 433 dicemus,
416 396 496 436 quin
514 404 554 426 ex
570 395 740 426 elementis
757 396 915 429 conﬂatus
932 399 986 435 sit,
1004 404 1101 438 atque
1116 399 1149 429 in
1167 399 1278 429 eadem
1297 398 1405 429 denuo
1421 399 1595 438 redigatur,
1611 400 1770 430 autetiam
1791 409 1876 439 pror-

240 456 297 478 sus
323 448 480 478 intereat?
511 445 713 485 Compositio
739 446 861 487 quippe
888 449 1147 487 pugnaiinitium
1174 454 1233 484 est,
1262 458 1367 488 pugna
1397 455 1502 480 autem
1530 449 1669 486 dissidii,
1701 449 1872 481 dissidium

240 496 416 528 solutionis
435 507 442 527 :
459 496 581 527 solutio
603 504 697 534 porro
714 497 804 527 nullo
820 499 914 529 modo
931 499 963 529 in
980 499 1080 529 Deum
1098 507 1133 530 ac
1155 499 1289 538 primam
1308 500 1393 530 illam
1412 503 1557 530 naturam
1575 500 1669 531 cadit.
1686 511 1700 528 ι

243 575 247 579 .
278 546 526 583 ΤΓδηείςθηάθτθξ
543 546 653 586 itaque
681 554 814 577 necesse
840 552 887 578 est
915 556 1042 579 omnem

1071 553 1216 579 naturam
1239 549 1426 581 sensibilem
1451 552 1480 580 et
1506 549 1645 588 cogitare
1674 549 1741 588 «(α)
1770 550 1873 581 Deum

239 597 384 628 omnium
403 604 475 636 quae
488 599 563 626 sunt
580 595 832 636 pulcherrimum
847 601 877 628 et
893 598 1166 629 sublimissimum
1186 608 1270 636 esse,
1289 600 1351 630 nisi
1370 600 1444 639 quis
1458 602 1563 629 tamen
1582 607 1654 629 eum
1671 599 1760 629 malit
1777 607 1875 638 supra

239 654 368 678 omnem
386 646 559 678 essentiam
580 655 711 686 ponere,
728 651 783 677 aut
802 647 834 678 in
853 648 936 686 ipso,
956 649 1115 688 quidquid
1144 654 1205 686 est,
1236 649 1411 681 collocare:
1445 652 1556 688 utpote
1586 658 1603 680 a
1625 657 1691 687 quo
1716 648 1776 679 alia
1792 657 1876 688 quo-

240 705 315 736 que,
331 700 366 728 ut
389 697 467 733 sint,
488 697 684 736 acceperint.
697 708 711 725 ››
737 697 774 727 Et
790 702 948 737 quantum
964 700 1003 730 de
1020 699 1174 731 ineffabili
1193 700 1280 740 loqui
1297 700 1344 731 fas
1360 703 1419 736 est,
1440 699 1551 739 paucis
1567 702 1667 729 totum
1687 698 1876 737 complecti-

241 752 292 777 tur
305 747 381 778 dum
399 751 488 778 vocat
501 747 603 787 Deum
629 759 643 774 α
656 746 698 787 (b)
714 747 849 786 Pelagus
865 749 1024 786 quoddam
1047 750 1196 781 essentiae
1212 750 1405 781 immensum
1431 751 1464 781 et
1487 749 1744 780 interminatum.
1757 759 1772 777 »
1789 747 1875 784 Quid

240 797 328 828 aliud
345 798 496 829 enuntiat
516 806 634 829 nomen
654 798 740 837 quod
763 799 826 828 Deo
844 799 1099 837 perexcellenter
1118 800 1296 831 tribuitur?
1324 801 1389 831 Ens
1406 801 1567 840 siquidem
1591 800 1719 837 dicitur,
1740 800 1825 839 quod
1843 803 1876 830 et

241 858 257 880 a
273 857 308 880 se
331 848 375 879 sit
398 852 429 879 et
453 849 485 879 in
509 857 544 879 se
569 849 642 888 ipso
673 849 757 879 emis
780 848 892 880 habeat
917 849 1038 881 fontem
1061 850 1304 882 inexhaustum.
1340 862 1355 879 α
1370 851 1408 891 (c)
1424 852 1587 888 Quantum
1618 851 1710 882 nobis
1742 851 1873 890 assequi

243 907 433 930 concessum
448 901 509 935 est,
525 899 589 930 Ens
606 903 636 929 et
656 899 741 929 Deus
766 899 867 937 magis
889 900 1128 940 quodammodo
1148 901 1298 932 essentiae
1325 902 1455 932 nomina
1472 905 1566 934 sunt:
1594 911 1632 933 ex
1658 903 1763 941 iisque
1779 902 1874 931 etiam

244 959 306 982 vox
325 953 403 988 Eus,
422 951 459 983 ad
477 960 547 983 eam
564 951 766 983 indicandam
783 952 888 989 aptior
907 955 974 988 est;
995 960 1059 982 non
1084 951 1145 983 hoc
1161 951 1265 982 solum
1285 953 1417 983 nomine
1432 953 1517 992 quod
1538 954 1619 993 ipse,
1635 961 1706 984 cum
1722 952 1826 991 Moysi
1841 952 1874 982 in

242 1008 353 1034 monte
379 1003 543 1034 oraculum
570 1004 751 1037 ederet....
785 1004 827 1034 ita
847 1004 989 1043 seipsum
1016 1003 1204 1043 appellavit;
1230 1003 1286 1034 sed
1308 1003 1403 1033 etiam
1427 1004 1505 1043 quia
1531 1012 1648 1034 nomen
1672 1003 1752 1034 illud
1778 1002 1877 1041 magis

243 1056 407 1095 proprium
433 1064 504 1087 esse
527 1057 757 1096 comperimus.
773 1080 780 1088 .
793 1080 801 1087 .
818 1078 826 1086 .
838 1076 865 1087 ..
891 1055 1042 1085 Naturam
1060 1054 1219 1093 ejusmodi
1237 1054 1453 1092 exquirimus,
1466 1063 1538 1094 quae
1557 1054 1664 1094 ipsum
1682 1062 1753 1084 esse
1769 1062 1826 1093 per
1841 1061 1877 1083 se

243 1107 369 1143 habeat,
386 1116 422 1138 ac
438 1115 501 1138 non
518 1115 590 1138 eum
608 1107 670 1138 alio
686 1109 840 1148 quapiam
864 1107 1047 1145 copuletur.
1067 1106 1132 1136 Ens
1152 1114 1240 1143 vero,
1259 1106 1423 1145 proprium
1440 1114 1517 1136 sane
1533 1109 1581 1136 est
1604 1105 1680 1142 Dei,
1704 1113 1740 1136 ac
1761 1108 1876 1141 totum,

243 1165 303 1188 nec
330 1157 437 1197 priore
461 1157 570 1197 aliqua
595 1166 651 1196 re,
676 1167 735 1190 nec
759 1158 938 1198 posteriore
965 1159 1046 1195 (nec
1076 1156 1163 1187 enim
1189 1159 1269 1194 erat,
1295 1159 1349 1186 aut
1377 1155 1456 1195 erit)
1484 1156 1652 1187 definitum
1680 1163 1716 1186 ac
1743 1155 1879 1186 circum-

242 1215 359 1239 cisum.
373 1218 395 1236 »ι

283 1261 324 1291 At
336 1260 574 1299 quantumlibet
590 1264 620 1292 et
637 1270 744 1292 rerum
762 1260 957 1292 universitas
976 1263 1006 1290 et
1023 1267 1114 1290 mens
1127 1258 1273 1299 opificem
1290 1267 1385 1289 suum
1403 1259 1624 1298 proﬁteantur,
1640 1256 1877 1288 inconsiderate

245 1315 277 1342 et
296 1310 477 1350 periculose
492 1311 579 1350 quis,
597 1310 656 1342 hoc
673 1319 740 1342 uno
761 1310 863 1341 fultus
882 1310 1045 1350 praesidio,
1071 1310 1111 1342 ad
1128 1318 1200 1341 eum
1217 1318 1289 1341 sese
1306 1314 1393 1341 certo
1409 1309 1533 1348 erigere
1548 1308 1722 1348 putaverit;
1739 1316 1798 1338 nec
1816 1306 1877 1338 mi-

243 1369 315 1392 rum
333 1361 359 1392 si
377 1364 424 1392 tot
438 1361 523 1392 docti
541 1364 572 1391 et
589 1362 763 1400 sapientes,
783 1362 853 1392 solo
874 1362 995 1394 lumine
1021 1361 1158 1392 naturali
1175 1362 1282 1401 ipsum
1299 1359 1472 1399 quaerendo
1493 1354 1722 1397 cogitationum
1745 1365 1877 1388 suarum

243 1413 319 1443 fuco
335 1411 474 1451 decepti,
491 1421 508 1442 a
526 1413 595 1442 Deo
611 1411 712 1450 magis
727 1420 763 1442 ac
779 1411 880 1449 magis
897 1411 1116 1442 aberraverint
1134 1422 1142 1442 :
1160 1414 1195 1442 ut
1220 1411 1304 1442 enim
1322 1410 1409 1440 Deus
1424 1412 1509 1439 recte
1527 1417 1543 1438 a
1561 1408 1654 1439 nobis
1670 1407 1877 1447 percipiatur,

244 1472 352 1504 neque
365 1464 452 1494 orbis
469 1466 632 1502 aspectus,
649 1470 756 1502 neque
772 1462 908 1501 ipsamet
924 1461 1006 1492 ratio
1028 1462 1107 1492 satis
1122 1469 1181 1492 nos
1203 1461 1366 1495 erudiunt,
1397 1458 1468 1499 «(d)
1492 1458 1548 1489 sed
1573 1467 1670 1494 nunc,
1696 1461 1728 1488 et
1753 1466 1880 1496 semper

244 1523 326 1553 opus
342 1513 438 1545 fuerit
454 1505 588 1553 Spiritu,
608 1521 663 1550 per
678 1520 774 1552 quem
795 1512 901 1544 solum
926 1513 1013 1544 Deus
1028 1516 1060 1543 et
1074 1512 1281 1551 intelligitur,
1308 1512 1340 1540 et
1363 1508 1549 1546 exponitur,
1574 1512 1603 1538 et
1620 1507 1761 1538 auditur.
1779 1517 1794 1535 ››
1817 1507 1881 1538 Ve-

245 1569 427 1596 rumtamen
453 1564 612 1604 quidquid
640 1563 680 1594 de
703 1563 772 1593 Deo
793 1563 990 1598 sentiamus,
1021 1563 1095 1594 licet
1116 1565 1214 1593 altum
1237 1559 1317 1600 quid
1339 1563 1370 1590 et
1399 1559 1540 1590 sublime
1562 1557 1877 1596 excogitaverimus;

245 1615 456 1654 quantumvis
472 1616 593 1645 crescat
612 1613 645 1643 in
664 1613 722 1644 hac
739 1614 802 1643 vita
819 1613 974 1651 cognitio,
999 1613 1171 1644 essentiam
1197 1611 1255 1642 Dei
1271 1617 1436 1649 nunquam
1453 1616 1676 1648 assequemur.
1709 1619 1723 1636 ι
1737 1606 1780 1647 (c)
1795 1606 1881 1644 Quid

246 1663 375 1694 tandem
401 1663 489 1694 Deus
509 1667 622 1694 natura
652 1671 710 1694 sua
731 1666 762 1694 et
788 1663 928 1694 essentia
950 1664 1006 1698 sit,
1030 1673 1090 1695 nec
1112 1662 1281 1694 hominum
1300 1661 1475 1700 quisquam
1495 1667 1636 1699 unquam
1657 1658 1794 1693 invenit,
1819 1665 1880 1689 nec

245 1716 392 1747 invenire
409 1718 526 1755 potest.
546 1726 561 1744 »
586 1715 670 1746 Hinc
688 1715 863 1755 Gregorius
879 1716 1083 1747 Eunomiano
1104 1714 1191 1745 fatue
1213 1722 1247 1744 se
1263 1713 1395 1753 jactanti
1410 1710 1519 1743 omnia
1533 1709 1627 1747 scire,
1651 1713 1682 1740 et
1696 1710 1881 1747 arroganter

247 1767 288 1798 ab
301 1765 682 1805 orthodoxis,«quamam
700 1769 784 1797 esset
802 1765 859 1797 Dei
874 1766 1014 1797 essentia
1034 1777 1049 1794 η
1068 1764 1223 1804 ᾳυωτρηιί
1241 1773 1249 1793 :
1268 1763 1377 1798 «Tuae,
1389 1761 1494 1800 inquit
1510 1759 1560 1800 (f),
1577 1757 1747 1789 dementiae
1760 1760 1808 1788 est
1820 1755 1881 1788 hoc

249 1817 368 1853 dicere,
385 1817 442 1855 qui
458 1816 700 1855 generationem
716 1823 848 1856 quoque
863 1816 966 1856 ipsam
981 1817 1076 1847 anxie
1093 1814 1303 1854 perscrutaris
1322 1823 1330 1843 :
1348 1811 1442 1843 nobis
1458 1814 1564 1841 autem
1581 1808 1706 1840 abunde
1729 1815 1880 1846 magnum

248 1870 345 1907 atque
364 1866 504 1905 amplum
521 1866 635 1903 fuerit,
656 1865 733 1896 siin
757 1869 921 1905 posterum
946 1874 1077 1905 quoque
1101 1864 1264 1896 discamus
1278 1884 1287 1900 ,
1308 1863 1412 1894 soluta
1439 1860 1588 1892 videlicet
1610 1858 1669 1889 hac
1691 1857 1829 1907 caligine
1850 1860 1882 1888 et

250 1906 410 1954 crassitie,
429 1920 464 1947 ut
479 1916 645 1950 pollicitus
665 1918 713 1947 est
736 1915 765 1946 is
789 1915 844 1955 qui
865 1924 929 1946 non
949 1916 1143 1947 mentitur.»
1174 1913 1266 1944 Nunc
1285 1919 1361 1943 vero
1378 1910 1562 1948 Theologus
1588 1907 1644 1939 ille
1668 1906 1783 1937 merito
1805 1914 1883 1937 cen-

252 1971 373 2005 seatur,
406 1966 474 2005 «(9)
490 1973 556 1996 non
571 1965 628 2005 qui
645 1966 678 1996 in
691 1968 808 2002 totum,
827 1965 905 2004 quid
919 1966 1005 1996 Deus
1023 1965 1075 2000 sit,
1093 1963 1290 1995 invenerit..
1302 1985 1327 1993 ..
1341 1961 1396 1993 sed
1413 1961 1470 2000 qui
1486 1958 1676 1999 ampliorem
1689 1957 1790 1997 ipsius
1805 1964 1881 1995 spe-

252 2019 334 2048 ciem
350 2020 458 2047 mente
475 2017 671 2054 conceperit,
688 2015 894 2054 ampliusque
917 2014 1063 2046 veritatis
1083 2014 1312 2048 simulacrum,
1339 2011 1390 2042 vel
1414 2009 1707 2045 adumbrationem,
1730 2007 1780 2038 vel
1802 2013 1884 2046 quo-

253 2076 383 2107 cunque
399 2065 524 2097 tandem
541 2065 604 2096 alio
624 2065 780 2096 vocabulo
797 2065 843 2096 uti
858 2065 932 2104 quis
947 2064 1048 2101 malit,
1065 2065 1098 2094 in
1117 2063 1226 2102 seipso
1248 2061 1424 2101 collegerit.
1437 2072 1452 2090 ››
1478 2061 1517 2091 Et
1530 2068 1570 2091 ne
1583 2059 1622 2090 ab
1635 2059 1692 2089 hac
1708 2056 1817 2095 regula
1832 2055 1882 2087 vel

254 2121 342 2160 ipsos
356 2121 465 2152 Patres
487 2119 637 2158 antiquos
655 2119 814 2158 excipias,
842 2117 890 2148 vel
913 2114 1084 2155 prophetas
1109 2114 1165 2152 qui
1189 2112 1292 2160 Deum
1317 2111 1491 2150 aliquando
1513 2110 1634 2141 vidisse
1654 2109 1690 2140 in
1711 2108 1883 2146 Scripturis

255 2156 433 2202 narrantur.
469 2181 483 2198 α
500 2169 543 2210 (h)
565 2156 604 2200 _Si
627 2169 701 2208 quis
725 2156 811 2199 enim
834 2168 934 2198 Deum
959 2164 1121 2204 cognovit,
1145 2156 1219 2200 aut,
1235 2163 1396 2202 Scriptura
1415 2165 1512 2196 teste,
1544 2159 1734 2198 cognovisse
1753 2157 1882 2193 dicitur,

255 2224 391 2252 eatenus
403 2209 595 2259 cognovisse
611 2218 797 2250 censendus
813 2221 874 2253 est,
891 2219 1054 2256 quatenus
1072 2213 1235 2246 uberioris
1248 2212 1431 2252 splendoris
1448 2212 1605 2252 particeps
1619 2210 1712 2241 sit....
1724 2209 1769 2240 lta
1790 2216 1884 2239 exsu-

257 2271 402 2310 perantia
421 2258 500 2308 haec,
519 2270 657 2310 perfecta
672 2269 813 2309 cognitio
825 2267 1009 2299 existimata
1029 2269 1092 2303 est,
1106 2273 1171 2296 non
1189 2264 1228 2296 ad
1244 2263 1349 2304 ipsius
1365 2262 1411 2294 rei
1427 2262 1609 2298 veritatem,
1625 2260 1683 2292 sed
1697 2259 1735 2291 ad
1748 2258 1884 2290 aliorum

257 2322 424 2356 modulum
439 2325 468 2353 et
481 2322 663 2354 facultatem
683 2329 850 2361 perpensa.
869 2331 885 2350 »

295 2373 361 2403 Nec
380 2373 497 2403 mirum
524 2371 551 2402 si
572 2373 719 2409 mortale,
747 2376 809 2402 tam
825 2369 970 2409 angustis
997 2366 1276 2406 circumscriptum
1296 2365 1454 2401 terminis,
1474 2364 1620 2396 divinum
1643 2365 1674 2392 et
1691 2361 1885 2392 immensum

259 2432 324 2456 non
344 2422 446 2462 capiat
461 2433 469 2453 :
492 2430 632 2462 quonam
656 2422 742 2452 enim
760 2426 850 2460 pacto
865 2424 961 2450 totam
977 2418 1064 2449 illius
1082 2421 1227 2448 naturam
1242 2415 1323 2447 ratio
1336 2414 1476 2445 humana
1491 2411 1733 2452 apprehendere
1749 2409 1878 2449 poterit,

257 2483 330 2507 cum
347 2485 363 2503 α
377 2473 411 2514 (i)
427 2481 520 2505 omne
535 2477 689 2509 creatum,
703 2473 771 2504 sive
784 2472 923 2507 caeleste,
943 2471 1011 2502 sive
1028 2468 1267 2510 supercosleste,
1287 2467 1362 2498 licet
1383 2464 1566 2497 sublimiori
1577 2471 1674 2504 quam
1686 2471 1745 2494 nos
1761 2468 1876 2504 natura

264 2513 447 2565 praeditum,
465 2524 598 2564 Deoque
614 2523 765 2559 vicinius,
781 2522 919 2561 longiori
938 2525 1042 2552 tamen
1061 2518 1231 2550 intervallo
1244 2527 1260 2548 a
1277 2518 1357 2554 Deo,
1374 2525 1410 2547 ac
1426 2517 1518 2555 plena
1547 2515 1602 2546 illa
1618 2518 1648 2546 et
1663 2513 1808 2545 absoluta
1823 2521 1877 2543 co-

262 2563 406 2614 gnitione
422 2573 530 2609 distat,
545 2563 641 2611 quam
665 2580 731 2612 quo
758 2571 967 2610 compositam
985 2570 1068 2601 hanc
1083 2571 1237 2605 nostram,
1253 2570 1285 2598 et
1310 2567 1465 2605 abjectam
1482 2569 1579 2605 atque
1595 2563 1686 2596 humi
1703 2566 1887 2602 vergentem

263 2634 398 2661 massam
414 2626 567 2666 superat?
579 2637 593 2654 ι
612 2624 698 2656 Nihil
714 2625 836 2656 interea
853 2622 1142 2664 expostulandum,
1162 2621 1188 2652 si
1202 2621 1302 2658 Deus,
1317 2628 1333 2649 a
1349 2619 1441 2651 nobis
1458 2627 1521 2650 non
1538 2615 1572 2660 (j)
1591 2628 1607 2645 α
1621 2617 1715 2657 plene
1727 2615 1886 2657 perfecte-

299 2722 339 2758 (ι)
358 2722 434 2758 9m.
449 2721 522 2758 61η.
539 2720 584 2758 ig.

1138 2715 1401 2758 moemu

312 2750 338 2788 bl
356 2757 432 2784 Orat.
451 2750 496 2788 ιδ,
515 2765 542 2784 ιι.
557 2757 585 2784 3.

1140 2750 1177 2788 to
1193 2751 1240 2788 Qr-
1259 2750 1407 2788 smn-~12-

315 2785 340 2826 εδ
359 2792 406 2820 0r.
421 2791 466 2823 so.
482 2785 509 2819 xi.
531 2791 575 2826 i8.
759 2823 763 2826 ,

759 2823 763 2826 .
1140 2785 1407 2826 mmmam

304 2820 343 2862 id}
363 2826 438 2855 Orat.
451 2820 480 2860 2',
495 2835 522 2853 ιι.
541 2825 585 2862 59.
759 2823 763 2826 ’
1142 2821 1173 2862 ρ)
1193 2821 1318 2862 unum.
1334 2820 1362 2847 5.

305 2821 343 2898 id;
363 2826 438 2855 Orat.
451 2821 480 2860 ‘2,
495 2835 522 2853 n.
541 2825 585 2854 59.
759 2823 763 2826 ”

305 2863 330 2899 (ε
361 2863 407 2892 0r.
422 2862 468 2895 28,
482 2870 510 2890 n.
525 2861 594 2907 l7;

573 2830 594 2907 ί
759 2823 763 2826 ’
1142 2821 1385 2892 auus
