2058 3128
139 188 174 216 97
631 184 817 213 ΡΒᾸΞΕἉΤῙΟ
836 184 951 213 GENER

958 184 1044 212 ΑΗΒ.
1064 201 1098 205 -
1118 186 1207 212 PARS
1227 184 1271 212 lli.
1734 188 1770 215 98

141 256 206 288 que
220 246 452 287 comprehendi
469 248 578 286 queat,
592 256 607 274 ιι
623 245 699 277 dum
729 249 790 277 tam
811 246 910 278 multa
925 246 1028 277 oculis
1047 245 1143 276 etiam
1170 245 1326 285 subjecta,
1351 245 1499 277 manibus
1516 254 1604 285 stepe
1624 247 1774 285 contrita,

142 299 278 330 rationis
306 302 436 337 captum
464 306 618 337 superare
644 298 831 337 quotidiana
861 297 1060 337 experientia
1081 297 1256 334 discamus,
1284 301 1315 328 et
1337 298 1423 329 varia
1439 302 1560 330 naturas
1571 309 1684 332 arcana
1704 304 1776 339 post

145 354 247 382 tantas
268 349 502 390 inquisitiones
534 349 721 381 abscondita
750 354 781 381 et
807 350 981 381 tectissima
997 354 1216 389 permaneant.
1246 351 1360 381 Nonne
1393 360 1489 391 prope
1516 353 1640 384 inﬁnita
1667 363 1775 384 rerum

134 405 320 442 ,creatarnm
334 401 581 441 mysteria,quai
597 401 904 439 mortalesundiaue
920 402 1138 438 circumstant,
1156 406 1301 439 monent,
1315 411 1354 434 ne
1370 403 1488 434 altiora
1501 414 1532 434 se
1546 410 1687 445 quierant
1704 405 1776 441 "'“,

145 457 200 483 aut
228 455 273 482 tot
291 451 491 482 mirabilium
507 454 669 482 auctorem
697 452 832 482 scrutari
859 455 1067 490 preasnmant,
1086 460 1126 482 ne
1139 461 1158 481 a
1173 451 1390 489 magnitudine
1413 452 1526 491 gloria:
1540 454 1643 493 ipsius
1666 455 1778 494 oppri-

145 505 330 534 manlur"?
343 504 419 535 Haec
432 507 563 534 sanctus
577 504 688 534 doctor
704 503 825 535 eximie
841 507 872 534 et
889 502 962 536 fuse
978 507 1169 542 prosecutus
1194 507 1241 533 est
1261 502 1315 544 (a),
1335 507 1420 534 totus
1442 503 1475 534 in
1491 513 1548 535 sua
1569 505 1712 537 oratione
1729 507 1779 537 in-

146 555 303 586 cumbens
320 565 335 582 «
351 559 386 585 ut
401 555 562 590 ostendet,
584 563 625 585 ne
654 554 756 593 ipsam
773 554 905 594 quidem
922 554 1136 585 secundarum
1162 563 1267 585 rerum
1285 558 1429 586 naturam
1447 555 1587 588 hominis
1605 562 1710 589 mente
1732 563 1779 590 at-

147 615 211 646 que
228 607 358 646 ingenio
377 605 606 646 comprehendi
626 615 734 645 posse,
749 607 870 638 nedum
885 606 1020 646 primam
1037 607 1125 638 illam
1136 615 1175 638 ac
1194 606 1308 642 solam,
1337 615 1449 639 vereor
1463 607 1550 638 enim
1575 607 1694 645 dicere,
1709 615 1780 638 om-

147 656 246 687 nibus
264 656 360 687 rebus
377 657 602 690 excelsiorem.
616 669 631 688 n
660 659 711 690 Sic
727 662 758 691 et
779 659 879 690 animi
899 659 1003 697 dotes,
1022 659 1139 690 mentis
1157 663 1188 691 et
1201 660 1346 700 corporis
1372 659 1406 691 in
1428 660 1561 692 homine
1578 651 1778 698 societatem,

148 707 364 738 membrorum
381 707 465 738 inter
482 716 517 738 se
536 708 799 744 concinnitatem,
814 709 1050 740 elementorum
1076 710 1236 746 ordinem,
1253 710 1467 741 animantium
1483 713 1513 741 et
1525 711 1776 750 germinantium

149 759 273 798 species
291 760 474 799 perlustrat,
489 768 544 792 e0s
563 761 618 801 qui
637 761 853 801 philosophiae
867 761 1081 800 principatum
1103 762 1167 793 sibi
1183 761 1347 793 vindicant
1374 763 1503 801 egregie
1518 763 1728 803 compellans,
1744 767 1778 794 ut

150 812 200 842 vel
217 812 416 852 singularum
430 812 674 853 proprietatum,
695 821 783 857 quas
802 813 1044 852 elegantissime
1074 813 1243 849 describit,
1258 814 1423 845 recondita
1446 815 1604 855 principia
1619 816 1781 855 detegant,

150 867 205 895 aut
220 865 345 896 tandem
370 865 490 896 divinis
506 864 613 901 rebus,
629 864 670 896 ob
687 865 909 904 intelligentia;
927 865 1159 904 difﬁcultatem,
1174 867 1362 898 detrahendi
1378 867 1472 898 ﬁnem
1490 867 1620 899 faciant.

852 918 898 949 De
919 919 946 948 Τ
947 919 1088 949 νίηἰίαιε.

190 970 300 1007 Quoad
327 970 407 1001 vixit
433 970 622 1010 Gregorius,
638 971 846 1001 accuratioris
874 971 1028 1002 doctrinae
1061 971 1145 1002 circa
1162 971 1352 1002 Trinitatem
1382 971 1570 1011 praedicator
1598 972 1783 1004 indefessus

151 1019 213 1051 fuit
229 1024 259 1051 et
290 1020 441 1052 defensor
470 1022 648 1053 acerrimus
676 1025 784 1052 contra
801 1022 939 1052 Arianos
968 1025 997 1052 et
1019 1021 1292 1058 Macedonianos;
1325 1022 1366 1052 ita
1386 1025 1419 1052 ut
1434 1024 1544 1055 omnia
1560 1023 1630 1062 ejus
1651 1024 1783 1063 scripta,

152 1072 223 1102 sive
237 1072 411 1109 orationes,
435 1072 503 1104 sive
519 1073 674 1111 epistolae,
693 1073 763 1103 sive
779 1073 930 1110 carmina,
956 1073 1146 1104 Trinitatem
1165 1077 1315 1104 resonent
1331 1076 1361 1105 et
1375 1077 1524 1113 suscepta
1536 1082 1601 1113 pro
1615 1073 1784 1104 Trinitatis

153 1123 344 1155 defensione
373 1128 484 1155 contra
500 1126 666 1165 quoslibet
682 1127 883 1157 adversarios
901 1127 1074 1158 certamina
1109 1137 1116 1156 :
1145 1127 1231 1157 unde
1262 1127 1331 1166 ejus
1355 1127 1462 1158 aemuli
1493 1126 1553 1157 hoc
1584 1126 1690 1166 ipsum
1709 1126 1786 1159 vitio

156 1173 321 1205 vertebant
333 1177 364 1205 et
380 1174 587 1214 objiciebant,
613 1180 708 1216 prout
724 1169 901 1208 etiamnum
919 1177 1059 1216 objicere
1076 1177 1232 1215 Gregorio
1247 1177 1405 1208 Ctericum
1439 1180 1471 1207 et
1487 1176 1627 1207 Tollium
1647 1185 1710 1208 non
1729 1186 1785 1216 pu-

154 1224 235 1261 duit,
264 1225 350 1264 quod
369 1236 383 1253 «
398 1225 526 1257 assidue
555 1236 645 1259 suam
662 1229 850 1259 Trinitatem
874 1230 1059 1268 prtedicaret
1076 1233 1107 1259 et
1129 1229 1281 1260 omnibus
1300 1233 1422 1259 tantum
1442 1238 1506 1260 non
1524 1228 1612 1260 horis
1631 1238 1786 1260 memora-

156 1279 202 1305 ret
216 1286 230 1303 ι»
262 1274 347 1306 obita
363 1284 419 1314 pro
435 1276 591 1309 Trinitate
603 1279 790 1315 certamina,
806 1282 836 1309 et
867 1279 1045 1310 exantlatos
1063 1279 1202 1310 labores.
1223 1279 1253 1310 Si
1269 1288 1472 1319 quascunque
1495 1280 1532 1311 ad
1560 1270 1786 1319 exponendam

156 1329 186 1356 et
202 1323 436 1373 defendendam
452 1327 604 1361 Ecclesia
616 1331 778 1362 catholicae
791 1332 883 1362 (idem
901 1332 983 1362 circa
999 1331 1169 1362 Trinitatis
1186 1331 1372 1371 mysterium
1387 1332 1516 1372 scripsit
1531 1333 1720 1371 Gregorius,
1736 1332 1786 1363 hic

156 1377 284 1408 animus
299 1382 384 1410 esset
413 1380 545 1420 referre,
577 1384 713 1415 maxima
746 1385 816 1423 ejus
834 1384 1026 1423 scriptorum
1057 1392 1131 1424 pars
1160 1384 1371 1415 exscribenda
1402 1388 1499 1422 esset,
1520 1383 1695 1421 nequidcm
1723 1384 1787 1414 ullo

156 1431 373 1468 prietermisso
390 1442 398 1462 :
415 1441 525 1464 verum
542 1435 689 1472 pauciora
706 1443 877 1473 excerpere
898 1437 927 1464 et
944 1434 1122 1473 insigniora
1140 1437 1188 1464 sat
1200 1433 1273 1464 erit.
1290 1434 1402 1472 Itaque
1416 1432 1582 1464 Trinitatis
1599 1433 1787 1472 mySterium

156 1481 207 1513 his
225 1483 330 1514 verbis
346 1485 482 1523 exponit
498 1485 540 1525 (ὁ)
558 1496 566 1516 :
588 1487 704 1518 «Unus
721 1487 806 1517 Deus
823 1486 1011 1517 retinendus
1036 1489 1095 1523 est,
1113 1490 1144 1517 et
1161 1490 1223 1516 tres
1242 1485 1445 1525 ltypostases,
1465 1483 1532 1513 sive
1552 1486 1615 1512 tres
1633 1489 1788 1517 personae,

157 1533 359 1571 conﬁtendae,
387 1538 418 1566 et
445 1535 577 1574 quidem
609 1543 813 1574 unaquaaque
843 1543 915 1565 cum
950 1543 1009 1565 sua
1039 1535 1243 1573 proprietate.
1260 1545 1275 1562 ››
1294 1534 1329 1563 Et
1350 1534 1382 1564 in
1399 1533 1461 1564 alia
1481 1531 1628 1563 oratione
1644 1529 1682 1571 (c)
1699 1540 1707 1561 :
1725 1531 1788 1560 «At

157 1593 259 1615 unum
275 1586 380 1617 Deum
398 1595 576 1626 agnoscere
604 1587 772 1625 Oportebat
790 1587 938 1626 principii
968 1592 1131 1626 expertem
1166 1591 1196 1619 et
1227 1587 1419 1627 ingenitum,
1451 1589 1481 1616 et
1500 1593 1600 1616 unum
1617 1583 1735 1614 Filium
1752 1591 1791 1613 ex

157 1635 249 1666 Patre
263 1636 424 1674 genitum,
441 1641 472 1669 et
490 1647 590 1670 unum
607 1639 762 1680 Spiritum
784 1649 823 1670 ex
850 1640 917 1671 Deo
933 1640 1149 1672 substantiam
1181 1641 1365 1676 habentem,
1393 1639 1623 1671 concedentem
1643 1637 1726 1668 Patri
1743 1636 1791 1666 in-

157 1687 257 1725 geniti
279 1689 520 1729 proprietatem,
537 1692 623 1723 Filio
641 1701 716 1724 vero
732 1693 974 1731 generationem
991 1703 998 1728 ;
1027 1693 1067 1724 de
1083 1698 1197 1724 caetero
1215 1696 1322 1724 autem
1339 1692 1485 1732 ejusdem
1506 1688 1640 1720 omnino
1657 1691 1791 1723 natum,

159 1737 338 1776 dignitatis,
367 1738 514 1777 honoris,
543 1743 663 1781 gloriae.
681 1743 767 1778 llaec,
799 1742 944 1781 inquam,
969 1750 1142 1781 agnoscere
1159 1743 1339 1782 oportebat,
1356 1742 1421 1772 haec
1441 1737 1597 1770 conﬁteri.
1612 1747 1626 1765 ››
1643 1736 1790 1767 Trinitati

158 1796 376 1823 accommodat
393 1792 458 1823 haec
475 1794 607 1825 Joannis
627 1794 722 1825 verba
752 1794 790 1824 de
813 1794 896 1824 Filio
920 1804 928 1824 :
946 1793 1052 1823 «Erat
1077 1793 1135 1823 tua:
1150 1801 1233 1829 aera,
1253 1802 1319 1832 qua
1334 1791 1492 1823 illuminat
1512 1797 1628 1818 omnem
1640 1787 1792 1817 hominem

158 1840 325 1870 venientem
340 1842 373 1872 in
400 1842 484 1874 hunc
501 1842 649 1873 mundum
669 1842 703 1872 ”.
733 1843 806 1873 Erat
824 1842 877 1872 lux
894 1851 967 1873 vera
988 1864 1016 1872 ..
1031 1865 1039 1872 .
1053 1841 1154 1872 Pater.
1182 1841 1255 1871 Erat
1272 1841 1325 1871 lux
1345 1849 1418 1871 vera
1437 1862 1445 1871 .
1460 1863 1467 1870 .
1485 1860 1492 1868 .
1515 1839 1629 1869 Filius.
1646 1838 1717 1867 Erat
1738 1837 1792 1867 lux

161 1900 233 1923 vera
300 1893 381 1924 alius
395 1894 588 1926 Paracietus.
607 1896 695 1931 Erat,
709 1897 739 1924 et
755 1897 832 1930 erat,
850 1897 882 1925 et
897 1897 962 1924 erat
980 1903 988 1924 :
1008 1893 1066 1924 sed
1085 1900 1185 1923 unum
1202 1896 1279 1922 erat.
1297 1893 1418 1929 Lux,et
1435 1891 1502 1928 lux,
1517 1893 1548 1920 et
1564 1890 1617 1920 lux
1637 1888 1716 1919 :sed
1737 1888 1791 1918 lux

160 1950 235 1977 una,
254 1942 340 1972 Deus
359 1951 455 1973 unus.
470 1955 484 1972 ι
502 1943 665 1980 Quaslibet
684 1950 822 1982 persona
846 1947 893 1973 est
909 1941 948 1972 ab
963 1945 1083 1972 interno
1100 1939 1142 1981 (ἀ)
1160 1950 1167 1970 :
1186 1951 1200 1966 ι
1214 1940 1342 1970 Patrem
1359 1949 1433 1971 vere
1455 1941 1609 1977 dicimus,
1628 1947 1664 1969 ac
1692 1938 1793 1969 multo

160 1993 294 2032 quidem
314 1996 435 2032 verius,
465 2003 562 2035 quam
593 1995 649 2036 qui
679 1995 763 2034 apud
793 2003 853 2025 nos
880 1994 912 2025 id
929 2002 1046 2025 numen
1064 1993 1234 2029 obtinent;
1263 1994 1330 2022 tum
1357 1992 1433 2031 quia
1451 1992 1579 2031 proprio
1595 1990 1792 2029 etsingulari

162 2048 255 2076 modo
275 2047 365 2078 Pater
381 2051 441 2085 est,
459 2056 521 2078 non
538 2052 645 2079 autem
664 2049 747 2078 sicut
763 2054 914 2086 corpora;
928 2049 995 2077 tum
1012 2045 1087 2085 quia
1103 2043 1207 2081 solus,
1229 2052 1293 2074 non
1311 2043 1396 2073 enim
1408 2053 1448 2074 cx
1466 2042 1709 2082 conjunctione;
1727 2047 1792 2071 tum

160 2097 236 2135 quia
252 2097 367 2135 solius,
386 2107 501 2137 nempe
515 2095 693 2135 unigeniti;
711 2098 777 2125 tum
790 2095 867 2133 quia
882 2093 1003 2129 solum.
1019 2101 1077 2124 nec
1092 2092 1178 2123 enim
1195 2093 1263 2132 ipse
1292 2092 1481 2131 priusquam
1503 2092 1595 2123 Pater
1624 2094 1720 2126 esset,
1744 2091 1795 2120 Fi-

160 2145 223 2177 lius
240 2147 301 2178 fuit
318 2158 326 2185 ;
344 2152 409 2180 tum
423 2150 499 2189 quia
524 2149 556 2179 in
574 2151 675 2179 totum
692 2150 724 2177 et
743 2146 842 2176 totius
860 2146 964 2182 Pater,
991 2144 1078 2184 quod
1096 2144 1139 2190 de
1165 2142 1260 2173 nobis
1286 2147 1373 2173 certo
1401 2142 1550 2173 aﬂirmari
1581 2141 1711 2181 nequit;
1727 2145 1792 2170 tum

160 2198 236 2236 quia
252 2199 291 2229 ab
310 2199 414 2237 initio,
432 2209 491 2232 nec
505 2201 589 2232 enim
613 2200 775 2240 posterius
787 2200 878 2229 Pater
896 2206 968 2229 esse
983 2197 1090 2235 coepit.
1103 2194 1222 2227 Filium
1239 2202 1314 2226 vere
1330 2193 1463 2229 Filium,
1481 2193 1568 2233 quod
1586 2197 1618 2223 et
1633 2192 1724 2223 solus
1741 2191 1794 2228 sit,

161 2254 192 2281 et
208 2250 325 2289 solius,
346 2260 382 2283 ac
410 2252 566 2292 singulari
593 2252 702 2288 modo,
719 2255 750 2283 et
776 2251 900 2288 solum;
921 2258 986 2281 non
1017 2257 1103 2280 enim
1123 2248 1218 2278 Pater
1239 2253 1371 2285 quoque
1395 2243 1491 2275 simul
1515 2246 1576 2278 est,
1594 2245 1625 2273 et
1641 2242 1673 2273 in
1693 2246 1794 2272 totum

161 2302 277 2340 Filius,
295 2307 328 2334 et
356 2304 469 2341 totius,
485 2307 518 2335 et
546 2313 564 2334 a
597 2303 765 2343 principio,
794 2302 875 2332 hanc
904 2301 1028 2332 scilicet
1062 2300 1216 2331 rationem
1255 2298 1459 2347 habens,_ut
1490 2302 1657 2347 nunquam
1690 2292 1795 2347 Fili-us

162 2360 234 2383 esse
260 2354 412 2391 cmperit;
439 2340 504 2384 non
532 2340 617 2384 enim
646 2361 686 2384 ex
702 2340 899 2392 ipmnitentia
928 2354 978 2382 est
999 2349 1116 2384 deitas,
1142 2356 1249 2388 neque
1273 2355 1311 2378 ex
1340 2345 1485 2385 profectu
1502 2342 1675 2378 deiticatio,
1690 2348 1723 2372 ut
1740 2340 1796 2372 ille

161 2402 334 2442 aliquando
347 2404 456 2442 Pater,
472 2403 524 2436 hic
541 2403 715 2443 aliquando
740 2402 844 2433 Filius
861 2410 932 2432 esse
951 2401 1089 2432 desinat.
1109 2400 1263 2439 Spiritum
1285 2401 1431 2428 sanctum
1460 2405 1535 2427 vero
1550 2399 1696 2427 sanctum
1713 2405 1721 2425 :
1740 2403 1795 2425 nr-

162 2461 227 2492 que
243 2453 329 2485 enim
359 2454 442 2485 alius
470 2454 544 2485 talis
561 2458 622 2490 est,
654 2463 714 2485 nec
729 2454 840 2484 eodem
860 2453 968 2490 modo,
998 2460 1106 2491 neque
1124 2459 1164 2482 ex
1182 2449 1368 2482 accessione
1384 2448 1587 2479 sanctitatem
1604 2447 1712 2482 habet,
1738 2447 1795 2480 scd

163 2507 212 2535 est
228 2503 364 2544 ipsemet
382 2504 547 2539 sanctitas,
565 2513 624 2535 nec
641 2504 739 2542 magis
752 2507 783 2534 et
805 2503 925 2539 minus,
945 2510 1015 2538 nec,
1048 2501 1153 2541 quoad
1175 2504 1324 2538 tempus,
1336 2498 1494 2537 originem
1512 2507 1654 2538 unquam
1672 2497 1796 2539 habuit,

163 2562 223 2586 nec
234 2555 332 2593 tinem,
345 2556 513 2587 habiturus
530 2560 590 2587 est.
606 2557 675 2587 Hoc
693 2556 778 2586 enim
802 2555 883 2587 Patri
900 2558 932 2585 et
947 2554 1031 2586 Filio
1042 2558 1072 2584 et
1088 2552 1219 2591 Spiritui
1236 2556 1346 2583 sancto
1365 2558 1536 2583 commune
1552 2553 1610 2587 est,
1629 2549 1712 2589 quod
1732 2549 1796 2578 mi-

163 2606 251 2637 nime
266 2606 360 2638 creati
377 2610 464 2644 sunt,
495 2610 592 2646 atque
610 2607 677 2645 ipsa
693 2605 861 2636 divinitas.
879 2604 948 2635 Hoc
967 2609 1073 2634 autem
1096 2602 1180 2633 Filio
1204 2606 1235 2633 et
1261 2602 1394 2642 Spiritui
1413 2605 1533 2638 sancto,
1551 2602 1636 2641 quod
1661 2604 1797 2639 uterque

163 2663 274 2686 eorum
294 2665 332 2686 ex
346 2656 440 2688 Patre
458 2660 518 2687 est.
535 2657 574 2686 At
593 2664 667 2686 vero
679 2655 780 2686 Patris
796 2654 977 2694 proprietas
996 2653 1064 2684 haec
1077 2657 1136 2688 est,
1153 2653 1240 2692 quod
1258 2651 1422 2691 ingenitus
1448 2651 1489 2682 sit
1513 2662 1521 2682 :
1541 2652 1614 2682 Filii
1631 2649 1718 2689 quod
1739 2658 1796 2688 ge-

163 2709 251 2740 nitus
269 2719 279 2740 :
297 2709 436 2748 Spiritus
457 2710 558 2741 sancti
576 2709 662 2749 quod
680 2709 840 2748 procedat.
856 2719 870 2736 ι
887 2707 960 2738 Hanc
973 2706 1137 2745 generatio
1156 2709 1188 2736 et
1204 2704 1380 2744 processio,
1402 2713 1473 2744 quae
1491 2703 1591 2735 nullis
1609 2702 1717 2734 Verbis
1735 2709 1798 2740 p04

163 2764 225 2792 test
242 2760 409 2800 explicari,
423 2761 591 2792 scrutanda
609 2767 673 2790 non
688 2763 760 2790 est:
778 2770 793 2786 α
806 2759 875 2790 Hoc
890 2761 1011 2788 tantum
1029 2756 1168 2787 sciamus
1185 2755 1375 2787 Trinitatem
1393 2755 1426 2785 in
1444 2754 1579 2793 unitate,
1593 2756 1622 2786 et
1640 2752 1797 2784 unitatem

201 2821 259 2838 ³³ο¹⁸
279 2821 361 2848 Eccli.
388 2827 440 2854 nt,
460 2819 506 2847 ‘22.
546 2820 568 2836 “
587 2820 668 2848 Prov.
683 2826 758 2857 ~xxv,
771 2818 824 2856 37.
861 2819 883 2856 _”
902 2817 980 2847 Joan.
995 2825 1015 2852 ι,
1029 2817 1056 2845 9.

200 2881 239 2918 (α)
258 2880 305 2918 9r.
320 2881 367 2918 gs.
381 2889 409 2908 ιι.
420 2881 466 2918 Eii.
485 2881 511 2908 in
528 2880 589 2908 (ine.

485 2881 511 2908 in
528 2880 589 2908 (ine.
1154 2877 1200 2918 .711“,
1216 2885 1245 2904 ιι.

201 2881 239 2953 (ag
258 2881 305 2908 0r.
320 2881 367 2912 '28.
381 2889 409 2908 ιι.
420 2881 466 2911 51.
485 2881 511 2908 ἰιι
528 2881 589 2908 (ine.

201 2920 226 2954 (tt
257 2916 305 2945 0r.
321 2916 366 2951 52,
383 2925 411 2946 ιι.
428 2917 450 2945 5.

558 2888 589 2908 ιε.
1036 2881 1072 2914 (c)
1092 2881 1138 2905 Ur.
1154 2881 1200 2908 δι,
1216 2885 1245 2904 ιι.
1260 2881 1287 2904 5.

1036 2915 1075 2949 (τι)
1096 2913 1142 2941 0r.
1223 2921 1249 2940 ιι.
1268 2912 1309 2946 ιδ,
1331 2911 1370 2939 t7.
