2058 3128
301 186 339 214 ιι
795 184 979 214 manu
997 183 1111 216 GENER

1123 186 1202 214 tLlS.
1223 203 1258 208 —
1273 187 1365 215 PARS
1384 188 1428 216 HI.
1882 188 1935 220 mo

301 245 336 276 in
352 243 507 276 Trinitate
537 243 742 276 adorandam.
771 244 921 276 Calamus
940 245 1041 276 Deum
1058 246 1194 283 Patrem,
1214 247 1316 277 Deum
1337 247 1468 284 Filium,
1482 247 1585 278 Deum
1604 247 1757 287 Spiritum
1774 252 1936 287 sanctum,

302 299 368 327 tres
384 295 606 335 proprietates,
623 302 721 326 unam
742 295 958 333 divinitatem,
970 305 1031 328 nec
1040 294 1153 335 gloria,
1170 305 1230 328 nec
1246 297 1381 335 honore,
1411 305 1470 329 nec
1489 298 1642 336 essentia,
1660 307 1720 330 nec
1733 307 1833 338 regno
1849 299 1937 331 divi-

303 357 370 379 sam
389 347 443 388 (ιι).
454 359 470 377 ι

294 414 295 418 η
344 398 422 429 Tres
442 406 516 428 vero
528 405 684 437 personas,
710 397 785 429 licet
802 397 906 437 reipsa
923 398 1095 436 distincta),
1110 398 1155 430 ita
1179 402 1255 430 sunt
1270 399 1333 431 sibi
1353 399 1493 432 invicem
1512 399 1713 432 cohaerentes
1730 405 1764 432 ut
1778 403 1932 442 quisquis

301 448 355 479 vel
371 456 467 478 unam
479 448 672 479 exscindere
690 450 871 488 tentaverit,
886 454 950 482 tres
968 451 1066 481 simul
1083 459 1119 482 ac
1134 455 1231 484 totam
1248 460 1380 491 prorsus
1397 453 1547 484 deitatem
1564 453 1753 492 sustulerit;
1770 455 1931 495 siquidem

304 507 366 529 una
382 497 453 528 sine
469 497 567 528 altera
594 507 666 529 esse
682 507 847 540 nunquam
865 504 969 539 potest
985 499 1041 540 (b).
1071 500 1131 531 cSi
1145 500 1209 532 fixit
1224 504 1362 540 tempus,
1391 510 1463 532 cum
1483 509 1544 532 n0n
1566 510 1651 536 esSet
1666 503 1768 544 Pater,
1781 506 1840 538 fuit
1853 517 1936 547 quo-

301 557 378 588 que,
395 557 466 580 cum
482 556 546 579 non
569 552 654 580 esset
671 549 785 582 Filius.
802 552 832 582 Si
848 551 910 582 fuit
927 555 1065 591 tempus,
1081 560 1154 582 cum
1173 560 1238 583 non
1261 557 1346 584 esset
1362 553 1476 590 Filius,
1489 554 1548 585 fuit
1565 562 1707 597 quoque,
1720 565 1791 589 cum
1808 567 1848 589 ne
1863 559 1935 598 Spi-

302 601 384 632 ritus
399 601 528 640 quidem
553 605 651 633 esset.
671 601 704 632 Si
727 609 827 633 nnum
846 601 926 632 illud
946 610 962 632 a
990 601 1150 640 principio
1166 605 1244 638 erat,
1261 603 1372 641 utique
1388 606 1419 633 et
1436 603 1505 634 tria.
1527 604 1558 634 Si
1576 614 1673 635 unum
1691 607 1813 646 dejicis,
1829 609 1933 639 audax

302 653 364 685 hoc
379 653 495 691 dicam,
512 662 552 684 ne
562 654 628 685 duo
644 654 778 694 quidem
795 653 964 693 superiore
985 652 1057 684 loco
1072 652 1223 684 colloces.
1241 653 1320 690 Quae
1334 653 1420 685 enim
1436 654 1629 693 imperfectae
1640 654 1768 686 deitatis
1787 656 1933 687 utilitas?

299 706 369 737 lmo
392 714 465 746 quas
481 705 596 744 deitas,
616 706 642 737 si
668 706 881 745 imperfecta?
912 705 1054 736 Perfecta
1096 709 1203 737 autem
1230 707 1394 745 quomodo
1419 708 1490 745 erit,
1515 708 1547 738 in
1564 716 1626 748 qua
1646 709 1684 740 ad
1702 709 1931 747 perfectionem

299 757 424 797 aliquid
438 756 665 788 desideretur?
691 758 900 789 Desideratur
911 757 1013 793 enim,
1038 757 1067 788 si
1091 759 1260 790 sanctitate
1281 764 1397 790 careat.
1415 760 1506 792 Hanc
1524 767 1618 799 porro
1634 760 1796 798 quomodo
1815 759 1933 792 habere

300 811 410 847 queat.
423 807 457 838 ni
473 806 627 846 Spiritum
645 806 781 837 habeat?
814 805 844 836 Si
862 805 950 836 enim
967 805 1033 836 alia
1061 806 1205 845 quaedam
1223 811 1337 845 preter
1349 807 1441 838 illum
1457 808 1608 839 sanctitas
1624 812 1685 844 est,
1716 817 1788 848 quas
1805 808 1931 840 tandem

298 857 354 888 illa
371 856 580 896 intelligenda
600 856 654 893 sit,
685 855 769 887 dicat
796 854 959 895 quispiam
980 863 988 884 :
1005 857 1071 891 aut,
1088 855 1117 886 si
1144 855 1277 895 quidem
1294 857 1407 888 eadem
1435 857 1501 889 Ι)ωο
1516 862 1576 894 est,
1593 859 1672 898 quid
1688 859 1793 889 ali'erri
1814 863 1930 896 potest,

299 911 508 951 quamobrem
525 918 590 941 non
614 909 677 949 jam
704 909 779 939 inde
795 917 812 939 a
838 906 997 947 principio
1015 907 1136 938 fuerit?
1166 907 1266 945 Quasi
1283 917 1358 941 vero
1375 910 1559 949 praestiterit
1583 911 1663 948 Deo,
1681 910 1855 951 aliquando
1871 912 1933 943 im-

299 961 476 1002 perfectum
492 961 668 997 exstitisse,
684 968 720 991 ac
742 959 881 998 Spiritus
899 962 1080 998 expertem.
1096 970 1112 988 ι

339 1012 420 1050 Quis
435 1015 541 1043 autem
556 1011 732 1049 pergrande
750 1009 940 1049 mysterium
956 1009 1059 1042 valeat
1080 1009 1129 1041 vel
1146 1010 1259 1042 saltem
1276 1012 1450 1044 snbolere‘t
1476 1013 1575 1045 Nobis
1589 1021 1716 1053 semper
1733 1013 1930 1045 inaccessum

298 1063 429 1100 fuisset,
443 1063 506 1094 nisi
521 1063 692 1103 Scriptura;
713 1061 892 1092 divinitatis
908 1060 1075 1092 thesauros
1093 1062 1282 1094 mortalibus
1296 1064 1538 1103 expandissent.
1558 1065 1599 1096 At
1616 1065 1768 1096 Ecclesia
1783 1066 1931 1098 doctores

300 1118 420 1147 tantam
443 1115 654 1154 majestatem,
670 1114 776 1154 captui
792 1113 935 1144 humano
952 1113 1052 1144 nimis
1073 1114 1306 1153 praecellentem
1322 1119 1353 1146 et
1379 1115 1472 1156 cujus
1486 1116 1611 1156 fulgore
1633 1125 1726 1147 mens
1742 1118 1930 1157 perstringi-

302 1173 365 1206 tur,
383 1168 479 1200 variis
504 1166 798 1207 comparationibus
813 1164 980 1196 delineare
999 1170 1029 1196 et
1048 1166 1240 1198 adumbrare
1255 1168 1397 1207 aggressi
1417 1172 1505 1205 sunt,
1537 1173 1572 1199 ut
1604 1170 1652 1200 vel
1685 1169 1731 1200 sic
1758 1171 1928 1210 quemdam

299 1220 466 1253 Trinitatis
492 1219 660 1251 notionem
689 1215 782 1247 nobis
810 1214 1066 1254 suppeditarent.
1101 1215 1170 1246 Hoc
1201 1216 1378 1256 Gregorius
1397 1218 1588 1258 exsequitur
1605 1218 1682 1248 dum
1711 1219 1875 1250 nominem
1891 1220 1929 1249 ωι

300 1280 336 1302 se
360 1271 466 1310 ipsum
488 1270 633 1305 advocat,
660 1272 692 1300 et
709 1270 742 1298 in
762 1268 878 1298 intimo
892 1268 1007 1298 animas
1022 1267 1216 1306 impressam
1244 1269 1390 1308 mysterii
1406 1269 1578 1308 imaginem
1598 1269 1636 1300 ad
1650 1270 1929 1310 contemplandum

297 1321 410 1353 allicit.
428 1321 520 1351 Mens
535 1318 712 1360 siquidem,
731 1325 838 1349 sermo
854 1321 884 1348 et
899 1317 1034 1357 spiritus
1046 1318 1078 1348 in
1096 1327 1158 1349 una
1177 1318 1321 1358 ejusdem
1335 1319 1475 1350 hominis
1493 1323 1615 1356 natura,
1645 1319 1718 1350 licet
1739 1321 1777 1350 ab
1793 1319 1930 1351 invicem

297 1376 516 1406 secernantur,
545 1378 608 1401 non
626 1374 731 1400 tamen
760 1371 824 1399 tres
842 1368 1010 1404 essentias,
1028 1368 1083 1399 sed
1103 1377 1199 1399 unam
1222 1377 1357 1400 numero
1373 1369 1582 1400 substantiam
1595 1370 1808 1401 constituunt.
1840 1381 1855 1398 ε
1868 1370 1931 1402 N05

297 1425 415 1457 autem,
430 1432 444 1449 κ
462 1425 494 1450 ut
511 1420 797 1459 loquitursanclus
814 1416 927 1448 doctor
944 1417 1019 1458 (c),«
1038 1426 1133 1449 unam
1158 1423 1189 1449 et
1205 1419 1348 1450 eamdem
1365 1419 1492 1450 deitalis
1508 1423 1650 1450 naturam
1667 1425 1845 1457 teneamus,
1860 1429 1932 1459 qua)

297 1480 336 1503 ex
354 1471 504 1511 principii
531 1474 674 1509 experte,
704 1473 734 1500 et
747 1469 966 1508 generatione,
996 1473 1026 1501 et
1040 1472 1249 1510 processione
1266 1471 1472 1510 agnoscitur;
1491 1473 1763 1512 quemadmodum
1795 1472 1827 1503 id
1842 1472 1932 1512 quot;

297 1524 391 1556 nobis
401 1513 506 1560 linest,
521 1528 641 1558 mente,
655 1529 816 1559 sermone,
834 1531 870 1553 ac
881 1521 996 1562 spiritu
1011 1521 1207 1562 intelligitur
1227 1522 1284 1564 (ἀ).
1301 1535 1316 1551 ι

335 1573 445 1604 Multae
460 1572 619 1604 suntaliae
644 1572 914 1611 comparationes,
934 1580 1072 1612 quarum
1104 1581 1166 1612 ope
1193 1573 1357 1604 inﬁrmum
1389 1574 1532 1605 animum
1558 1573 1728 1606 sublevare
1756 1573 1931 1613 scriptores

296 1627 400 1658 nostri
420 1624 527 1657 conati
546 1628 622 1656 sunt
642 1635 650 1655 :
668 1625 725 1656 sed
742 1633 838 1664 quam
856 1632 965 1663 parum
979 1624 1018 1655 ad
1037 1624 1083 1655 rei
1101 1625 1270 1656 veritatem
1287 1625 1455 1663 accedunt,
1472 1630 1507 1658 ut
1521 1627 1696 1666 Gregorius
1716 1630 1849 1658 testatur
1865 1627 1904 1667 (ο)
1921 1628 1930 1658 ι

297 1677 411 1708 ι-Ωυω
435 1676 553 1708 mentis
581 1675 766 1706 curiositate
792 1673 930 1706 multum
955 1675 1080 1714 diuque
1113 1683 1240 1706 mecum
1262 1676 1531 1715 considerassem,
1562 1677 1608 1708 rei
1639 1682 1732 1708 tantm
1757 1677 1929 1716 imaginem

295 1726 470 1768 quamdam
485 1725 672 1766 exquirens,
693 1725 745 1755 cui
776 1724 904 1755 tandem
929 1732 1038 1755 rerum
1063 1724 1241 1756 inferarum
1272 1726 1380 1757 divina
1412 1726 1466 1758 illa
1491 1731 1603 1761 natura
1635 1731 1846 1770 comparanda
1875 1730 1929 1767 sit.

293 1777 437 1818 reperire
455 1785 520 1808 non
540 1775 642 1816 potui.
666 1775 820 1813 Quamvis
838 1776 926 1806 enim
961 1775 1113 1815 exiguam
1131 1777 1272 1816 aliquam
1288 1777 1537 1811 similitudinem
1556 1781 1749 1819 invenerim,
1769 1784 1869 1823 major
1885 1788 1930 1814 ta-

293 1839 369 1862 men
383 1838 435 1862 me
452 1839 522 1869 pars
538 1828 632 1868 fugit,
651 1828 808 1868 humique
827 1828 997 1868 relinquit.
1016 1840 1031 1856 ι»
1056 1829 1242 1860 Cavendum
1270 1831 1378 1870 itaque
1402 1840 1442 1862 ne
1469 1833 1605 1864 terrenis
1628 1832 1767 1865 coelestia
1792 1833 1927 1864 metien-

293 1881 348 1919 do,
366 1879 553 1920 dignitatem
581 1881 725 1919 mysterii
744 1881 982 1920 deprimamus;
1005 1880 1145 1921 ideoque
1162 1889 1201 1912 ex
1217 1882 1356 1921 singulis
1369 1883 1638 1916 similitudinibus
1652 1894 1749 1925 apage
1767 1885 1928 1925 quidquid

293 1934 342 1965 vel
358 1933 454 1965 nimis
471 1933 642 1972 abiectum,
660 1933 706 1964 vel
728 1933 834 1973 dispar
852 1942 985 1973 prorsus
1003 1934 1099 1964 fuerit
1117 1933 1156 1974 (Γ)
1179 1945 1188 1965 :
1209 1946 1224 1963 α
1243 1935 1279 1965 Ιι]
1297 1944 1425 1966 summa
1443 1936 1523 1966 nihil
1541 1940 1590 1967 est
1609 1936 1641 1966 in
1660 1944 1724 1976 quo
1750 1945 1840 1966 mens
1859 1944 1929 1965 mea

292 1985 425 2024 gradum
440 1985 536 2023 ﬁgere
552 1988 659 2023 queat,
676 1984 765 2021 dum,
782 1987 868 2023 quod
895 1984 1068 2023 imaginor,
1090 1985 1122 2015 in
1150 1985 1309 2025 eXemplis
1325 1986 1512 2022 considero;
1538 1987 1571 2017 ni
1599 1986 1680 2017 forte
1701 1985 1860 2026 quispiam
1891 1994 1928 2015 eu

291 2037 388 2068 animi
402 2037 553 2075 mquilale
572 2037 624 2072 sit,
643 2039 688 2072 ut,
699 2044 772 2066 cum
793 2045 891 2066 unum
907 2037 1030 2076 aliquid
1046 2047 1086 2068 ex
1102 2038 1264 2078 proposita
1282 2037 1421 2077 imagine
1433 2039 1601 2078 acceperit,
1616 2038 1737 2077 reliqua
1750 2036 1926 2076 projicial.’

331 2087 484 2117 Tritheiaa
499 2086 621 2117 crimen
634 2088 719 2125 quod
738 2086 770 2116 in
794 2086 985 2125 Gregorium
1016 2086 1229 2126 increpabant
1245 2088 1358 2118 Ariani
1372 2089 1414 2119 ita
1430 2088 1538 2126 diluit,
1566 2091 1601 2118 ut
1622 2088 1738 2118 mirum
1757 2086 1798 2116 sit
1824 2086 1927 2116 fuisse

291 2137 441 2182 deinceps
457 2137 514 2177 qui
540 2145 634 2167 unam
657 2137 867 2168 substantiam
886 2138 994 2177 specie
1020 2143 1114 2169 tenus
1130 2139 1301 2170 admisisse
1317 2140 1423 2178 ipsum
1449 2141 1634 2172 incusarent
1660 2141 1713 2180 (g).
1736 2151 1750 2167 α
1767 2140 1797 2169 Si
1826 2139 1925 2172 Deus.

291 2195 323 2222 et
337 2191 436 2229 Deus,
453 2194 485 2221 et
502 2191 601 2227 Dens,
619 2201 634 2218 η
659 2190 905 2222 sciscitabantur
921 2191 1043 2229 Ariani,
1064 2202 1079 2220 α
1092 2192 1170 2232 quid
1190 2201 1294 2223 causa:
1310 2202 1382 2224 esse
1408 2197 1526 2233 potest,
1541 2192 1620 2233 quin
1638 2196 1701 2222 tres
1717 2191 1781 2221 sint
1813 2189 1863 2220 Dii
1877 2191 1891 2219 7
1910 2201 1924 2217 η

290 2241 339 2273 Ad
357 2242 423 2273 liaac
445 2241 620 2280 GregOrius
644 2243 686 2282 (lt)
705 2253 713 2273 :
734 2254 750 2272 α
766 2243 866 2274 Nobis
893 2244 1011 2284 inquit,
1038 2246 1126 2276 Deus
1160 2254 1245 2276 unus
1270 2250 1330 2283 est,
1353 2247 1507 2287 quoniam
1532 2256 1593 2278 una
1622 2246 1740 2281 deitas;
1768 2249 1865 2283 atque
1886 2244 1926 2275 ad

291 2302 405 2329 unum,
426 2303 464 2324 ea
479 2302 550 2333 qum
572 2303 608 2325 ex
625 2302 663 2325 eo
679 2299 767 2333 sunt,
785 2295 981 2333 referuntur,
998 2297 1124 2328 etiamsi
1142 2302 1207 2329 tres
1230 2307 1383 2337 personas
1407 2299 1580 2331 credimus.
1608 2298 1720 2337 Neque
1749 2296 1834 2326 enim
1865 2295 1926 2326 hoc

291 2345 404 2384 magis,
420 2345 498 2376 illud
517 2345 624 2376 minus
640 2350 689 2377 est
712 2347 819 2382 Deus;
848 2355 907 2378 nec
936 2347 997 2378 hoc
1019 2347 1122 2387 prius,
1137 2348 1218 2379 illud
1236 2350 1409 2387 posterius.
1440 2350 1505 2381 Nec
1532 2350 1697 2380 voluntate
1719 2347 1923 2385 scinduntur.

289 2403 344 2431 aut
361 2399 503 2439 potentia
518 2399 717 2436 dividuntur,
734 2403 789 2430 aut
818 2399 962 2440 denique
983 2400 1162 2440 quidquam
1187 2410 1313 2437 eorum,
1331 2411 1404 2441 quae
1432 2402 1576 2433 dividuis
1596 2401 1692 2432 rebus
1719 2399 1923 2437 contingunt,

289 2449 342 2481 hic
359 2458 489 2490 quoque
515 2450 687 2488 reperitur.
706 2460 721 2478 ιο
745 2450 783 2480 Ει
798 2457 863 2489 quo
897 2457 1004 2480 veram
1023 2454 1054 2481 et
1073 2450 1229 2490 integram
1246 2451 1279 2481 in
1308 2451 1427 2482 deitate
1461 2452 1615 2481 unitatem
1638 2454 1771 2488 asserat,
1789 2458 1854 2481 non
1881 2450 1925 2481 si-

290 2502 441 2534 mulatam
458 2506 511 2532 aut
527 2501 757 2541 imperfectam,
779 2503 819 2534 ab
839 2502 897 2534 hac
916 2503 1039 2534 unitate
1065 2511 1216 2535 amovere
1231 2504 1349 2543 satagit
1364 2505 1524 2543 quidquid
1542 2503 1589 2534 vel
1609 2504 1641 2534 in
1658 2503 1857 2541 cceleSIibus,
1874 2504 1920 2535 vel

288 2554 323 2585 in
338 2553 501 2591 humanis,
518 2553 600 2585 male
616 2553 677 2592 ipsi
695 2562 863 2593 exasquare
877 2554 1112 2585 contenderent
1135 2555 1182 2595 (ί).
1211 2566 1226 2584 α
1245 2556 1331 2592 Quid
1350 2560 1469 2592 autem,
1487 2555 1627 2587 dixerint
1649 2556 1796 2590 fortasse,
1815 2564 1922 2586 nonne

287 2606 372 2645 apud
394 2605 538 2637 ethnicos
554 2613 686 2645 quoque
704 2605 807 2637 deitas
825 2614 889 2636 una
908 2609 969 2643 est,
989 2610 1022 2637 ut
1047 2606 1166 2638 docent
1184 2607 1240 2647 qui
1267 2607 1396 2646 plenius
1411 2609 1494 2646 apud
1514 2608 1586 2639 illos
1599 2607 1839 2647 perfectiusque
1852 2606 1922 2645 phi-

289 2658 510 2698 losophantur,
527 2661 624 2697 atque
640 2655 724 2694 apud
748 2663 807 2686 nos
829 2663 932 2694 genus
962 2656 1166 2693 universum,
1193 2657 1378 2688 humanitas
1407 2660 1491 2688 una?
1515 2658 1681 2689 ELtatuen
1708 2656 1817 2697 plures
1846 2660 1925 2688 sunt.

287 2710 345 2748 dii,
363 2714 394 2742 et
410 2719 476 2742 non
498 2718 596 2746 unus,
614 2709 697 2740 sicut
712 2707 806 2740 etiam
829 2707 921 2738 multi
948 2707 1111 2740 homines.
1137 2709 1178 2740 At
1194 2709 1261 2740 illic
1284 2709 1500 2740 communitas
1531 2710 1686 2742 unitatem
1714 2709 1821 2747 habet,
1848 2718 1922 2751 quae

322 2793 362 2829 (ιι)
381 2792 428 2821 0r.
442 2793 474 2820 δι
487 2815 494 2828 ,
509 2802 535 2821 n.
547 2792 593 2820 23.

592 2815 593 2818 η
1165 2791 1199 2827 (ί)
1220 2792 1299 2829 tam.
1308 2801 1342 2829 νη.
1360 2793 1404 2821 53.

321 2827 359 2863 (Vb)
373 2829 452 2860 lbid..
469 2837 496 2856 Il.
509 2831 537 2856 4.

1165 2828 1202 2861 (ῃ)
1285 2828 1328 2861 51,
1344 2838 1370 2856 n.
1388 2830 1429 2857 i5.

334 2864 358 2897 c)
376 2863 423 2891 0r.
436 2864 481 2895 25,
499 2872 526 2891 υ.
542 2864 584 2891 1..
957 2895 962 2897 _

503 2873 526 2891 ιι.
542 2864 584 2891 1,.
957 2895 962 2897 _
1162 2862 1200 2897 (lt)
1222 2862 1253 2889 N.
1273 2863 1315 2891 Μ.

332 2895 360 2934 d)
384 2899 477 2934 Ὠςνῷ
492 2898 531 2933 τῷ
547 2900 575 2925 ἐν
592 2900 669 2934 ἡμῖν,
688 2899 735 2926 καὶ
748 2898 820 2933 λόγῳ
836 2896 882 2924 καὶ
900 2895 1045 2931 πνεύματι.
1163 2895 1195 2932 (ἱ)
1216 2897 1247 2925 Ν.
1266 2898 1307 2925 15.

320 2935 356 2972 (ε)
376 2934 422 2963 0r.
441 2934 485 2971 5t,
504 2943 532 2962 υ.
546 2934 588 2962 51.
