  <div class='ocr_page' id='page_1' title='image "/cluster/home/n/w/nwhite01/storage/ocr_20150623/35/njp.32101077772554/060.png"; bbox 0 0 2058 3128; ppageno 0'>
   <div class='ocr_carea' id='block_1_1' title="bbox 147 183 959 221">
    <p class='ocr_par' dir='ltr' id='par_1_1' title="bbox 147 183 959 217">
     <span class='ocr_line' id='line_1_1' title="bbox 147 183 959 217; baseline -0.002 -2"><span class='ocrx_word' id='word_1_1' title='bbox 147 187 196 217; x_wconf 67' lang='lat' dir='ltr'><strong>{Gl</strong></span> <span class='ocrx_word' id='word_1_2' title='bbox 637 183 825 215; x_wconf 63' lang='lat' dir='ltr'><strong>PREFATIO</strong></span> <span class='ocrx_word' id='word_1_3' title='bbox 844 183 959 214; x_wconf 76' lang='lat' dir='ltr'><strong>CENER</strong></span> 
     </span>
    </p>
   </div>
   <div class='ocr_carea' id='block_1_2' title="bbox 970 183 1782 221">
    <p class='ocr_par' dir='ltr' id='par_1_2' title="bbox 970 184 1782 221">
     <span class='ocr_line' id='line_1_2' title="bbox 970 184 1782 221; baseline 0.01 -8"><span class='ocrx_word' id='word_1_4' title='bbox 970 185 1051 216; x_wconf 66' lang='grc' dir='ltr'><strong>ιιιε.</strong></span> <span class='ocrx_word' id='word_1_5' title='bbox 1071 201 1107 207; x_wconf 90' lang='lat'><strong>—-</strong></span> <span class='ocrx_word' id='word_1_6' title='bbox 1124 184 1216 215; x_wconf 78' lang='lat' dir='ltr'><strong>PARS</strong></span> <span class='ocrx_word' id='word_1_7' title='bbox 1235 185 1280 216; x_wconf 89' lang='lat' dir='ltr'><strong>Ill.</strong></span> <span class='ocrx_word' id='word_1_8' title='bbox 1730 193 1782 221; x_wconf 65' lang='grc' dir='ltr'><strong>ἰοί</strong></span> 
     </span>
    </p>
   </div>
   <div class='ocr_carea' id='block_1_3' title="bbox 147 241 1783 287">
    <p class='ocr_par' dir='ltr' id='par_1_3' title="bbox 147 241 1783 287">
     <span class='ocr_line' id='line_1_3' title="bbox 147 241 1783 287; baseline -0.001 -9"><span class='ocrx_word' id='word_1_9' title='bbox 147 246 342 287; x_wconf 75' lang='lat' dir='ltr'><strong>cogitatione</strong></span> <span class='ocrx_word' id='word_1_10' title='bbox 358 245 427 276; x_wconf 87' lang='lat' dir='ltr'><strong>sola</strong></span> <span class='ocrx_word' id='word_1_11' title='bbox 443 241 638 276; x_wconf 86' lang='lat' dir='ltr'><strong>considerari</strong></span> <span class='ocrx_word' id='word_1_12' title='bbox 652 241 765 281; x_wconf 88' lang='lat' dir='ltr'><strong>possit.</strong></span> <span class='ocrx_word' id='word_1_13' title='bbox 782 252 797 270; x_wconf 75' lang='grc' dir='ltr'><strong><em>ιι</em></strong></span> <span class='ocrx_word' id='word_1_14' title='bbox 824 241 942 272; x_wconf 87' lang='lat' dir='ltr'><strong>Contra</strong></span> <span class='ocrx_word' id='word_1_15' title='bbox 957 249 1033 273; x_wconf 89' lang='lat' dir='ltr'><strong>vero</strong></span> <span class='ocrx_word' id='word_1_16' title='bbox 1051 241 1223 282; x_wconf 79' lang='lat' dir='ltr'><strong>perfectam</strong></span> <span class='ocrx_word' id='word_1_17' title='bbox 1247 242 1406 273; x_wconf 89' lang='lat' dir='ltr'><strong>unitatem</strong></span> <span class='ocrx_word' id='word_1_18' title='bbox 1425 243 1528 276; x_wconf 86' lang='lat' dir='ltr'><strong>tribus</strong></span> <span class='ocrx_word' id='word_1_19' title='bbox 1553 252 1647 286; x_wconf 74' lang='lat' dir='ltr'><strong>taque</strong></span> <span class='ocrx_word' id='word_1_20' title='bbox 1668 255 1783 287; x_wconf 74' lang='lat' dir='ltr'><strong>perso-</strong></span> 
     </span>
    </p>
   </div>
   <div class='ocr_carea' id='block_1_4' title="bbox 148 292 1782 338">
    <p class='ocr_par' dir='ltr' id='par_1_4' title="bbox 148 292 1782 338">
     <span class='ocr_line' id='line_1_4' title="bbox 148 292 1782 338; baseline 0 -8"><span class='ocrx_word' id='word_1_21' title='bbox 148 299 198 331; x_wconf 86' lang='lat' dir='ltr'><strong>nis</strong></span> <span class='ocrx_word' id='word_1_22' title='bbox 219 298 342 338; x_wconf 81' lang='lat' dir='ltr'><strong>absque</strong></span> <span class='ocrx_word' id='word_1_23' title='bbox 361 297 429 328; x_wconf 88' lang='lat' dir='ltr'><strong>ullo</strong></span> <span class='ocrx_word' id='word_1_24' title='bbox 451 295 639 327; x_wconf 85' lang='lat' dir='ltr'><strong>discrimine</strong></span> <span class='ocrx_word' id='word_1_25' title='bbox 654 302 832 333; x_wconf 81' lang='lat' dir='ltr'><strong>congruere</strong></span> <span class='ocrx_word' id='word_1_26' title='bbox 848 292 958 324; x_wconf 79' lang='lat' dir='ltr'><strong>statuit</strong></span> <span class='ocrx_word' id='word_1_27' title='bbox 973 296 1103 325; x_wconf 87' lang='lat' dir='ltr'><strong>sanctus</strong></span> <span class='ocrx_word' id='word_1_28' title='bbox 1125 294 1246 330; x_wconf 91' lang='lat' dir='ltr'><strong>doctor,</strong></span> <span class='ocrx_word' id='word_1_29' title='bbox 1266 294 1373 325; x_wconf 82' lang='lat' dir='ltr'><strong>aureis</strong></span> <span class='ocrx_word' id='word_1_30' title='bbox 1390 293 1478 327; x_wconf 90' lang='lat' dir='ltr'><strong>hisce</strong></span> <span class='ocrx_word' id='word_1_31' title='bbox 1503 296 1611 328; x_wconf 87' lang='lat' dir='ltr'><strong>verbis</strong></span> <span class='ocrx_word' id='word_1_32' title='bbox 1629 306 1694 337; x_wconf 70' lang='lat' dir='ltr'><strong>prta</strong></span> <span class='ocrx_word' id='word_1_33' title='bbox 1707 308 1782 331; x_wconf 79' lang='lat' dir='ltr'><strong>seu—</strong></span> 
     </span>
    </p>
   </div>
   <div class='ocr_carea' id='block_1_5' title="bbox 135 345 1780 388">
    <p class='ocr_par' dir='ltr' id='par_1_5' title="bbox 135 345 1780 388">
     <span class='ocr_line' id='line_1_5' title="bbox 135 345 1780 388; baseline -0.002 -5"><span class='ocrx_word' id='word_1_34' title='bbox 135 354 202 383; x_wconf 80' lang='lat' dir='ltr'><strong>‘sus</strong></span> <span class='ocrx_word' id='word_1_35' title='bbox 220 351 392 382; x_wconf 92' lang='lat' dir='ltr'><strong>altitudine</strong></span> <span class='ocrx_word' id='word_1_36' title='bbox 415 358 480 381; x_wconf 87' lang='lat' dir='ltr'><strong>non</strong></span> <span class='ocrx_word' id='word_1_37' title='bbox 510 348 588 380; x_wconf 88' lang='lat' dir='ltr'><strong>satis</strong></span> <span class='ocrx_word' id='word_1_38' title='bbox 616 345 909 388; x_wconf 86' lang='lat' dir='ltr'><strong>perscrutandis(o)</strong></span> <span class='ocrx_word' id='word_1_39' title='bbox 927 357 935 377; x_wconf 87' lang='lat'><strong>:</strong></span> <span class='ocrx_word' id='word_1_40' title='bbox 955 357 971 375; x_wconf 71' lang='grc' dir='ltr'><strong><em>α</em></strong></span> <span class='ocrx_word' id='word_1_41' title='bbox 988 347 1028 377; x_wconf 80' lang='lat' dir='ltr'><strong>At</strong></span> <span class='ocrx_word' id='word_1_42' title='bbox 1045 350 1163 378; x_wconf 66' lang='lat' dir='ltr'><strong>nostra:</strong></span> <span class='ocrx_word' id='word_1_43' title='bbox 1193 347 1347 378; x_wconf 65' lang='lat' dir='ltr'><strong>doctrina)</strong></span> <span class='ocrx_word' id='word_1_44' title='bbox 1373 355 1436 378; x_wconf 91' lang='lat' dir='ltr'><strong>non</strong></span> <span class='ocrx_word' id='word_1_45' title='bbox 1465 347 1576 379; x_wconf 87' lang='lat' dir='ltr'><strong>eadem</strong></span> <span class='ocrx_word' id='word_1_46' title='bbox 1605 353 1653 379; x_wconf 91' lang='lat' dir='ltr'><strong>est</strong></span> <span class='ocrx_word' id='word_1_47' title='bbox 1679 350 1780 388; x_wconf 82' lang='lat' dir='ltr'><strong>ratio;</strong></span> 
     </span>
    </p>
   </div>
   <div class='ocr_carea' id='block_1_6' title="bbox 146 395 1779 441">
    <p class='ocr_par' dir='ltr' id='par_1_6' title="bbox 146 395 1779 441">
     <span class='ocr_line' id='line_1_6' title="bbox 146 395 1779 441; baseline -0.002 -8"><span class='ocrx_word' id='word_1_48' title='bbox 146 403 202 434; x_wconf 88' lang='lat' dir='ltr'><strong>sed</strong></span> <span class='ocrx_word' id='word_1_49' title='bbox 219 403 334 433; x_wconf 84' lang='lat' dir='ltr'><strong>horum</strong></span> <span class='ocrx_word' id='word_1_50' title='bbox 352 401 481 441; x_wconf 82' lang='lat' dir='ltr'><strong>(nempe</strong></span> <span class='ocrx_word' id='word_1_51' title='bbox 496 399 681 430; x_wconf 88' lang='lat' dir='ltr'><strong>divinorum</strong></span> <span class='ocrx_word' id='word_1_52' title='bbox 706 395 963 436; x_wconf 81' lang='lat' dir='ltr'><strong>suppositarum)</strong></span> <span class='ocrx_word' id='word_1_53' title='bbox 980 396 1148 440; x_wconf 73' lang='lat' dir='ltr'><strong>quodlibet</strong></span> <span class='ocrx_word' id='word_1_54' title='bbox 1162 396 1319 428; x_wconf 88' lang='lat' dir='ltr'><strong>unitatem</strong></span> <span class='ocrx_word' id='word_1_55' title='bbox 1343 396 1450 434; x_wconf 85' lang='lat' dir='ltr'><strong>habet,</strong></span> <span class='ocrx_word' id='word_1_56' title='bbox 1475 405 1540 428; x_wconf 93' lang='lat' dir='ltr'><strong>non</strong></span> <span class='ocrx_word' id='word_1_57' title='bbox 1562 397 1669 429; x_wconf 88' lang='lat' dir='ltr'><strong>minus</strong></span> <span class='ocrx_word' id='word_1_58' title='bbox 1697 398 1779 438; x_wconf 68' lang='lat' dir='ltr'><strong>eius,</strong></span> 
     </span>
    </p>
   </div>
   <div class='ocr_carea' id='block_1_7' title="bbox 146 446 1781 491">
    <p class='ocr_par' dir='ltr' id='par_1_7' title="bbox 146 446 1781 491">
     <span class='ocr_line' id='line_1_7' title="bbox 146 446 1781 491; baseline -0.002 -9"><span class='ocrx_word' id='word_1_59' title='bbox 146 459 218 482; x_wconf 92' lang='lat' dir='ltr'><strong>cum</strong></span> <span class='ocrx_word' id='word_1_60' title='bbox 244 459 310 491; x_wconf 92' lang='lat' dir='ltr'><strong>quo</strong></span> <span class='ocrx_word' id='word_1_61' title='bbox 336 449 558 491; x_wconf 81' lang='lat' dir='ltr'><strong>conjungitur,</strong></span> <span class='ocrx_word' id='word_1_62' title='bbox 585 456 679 488; x_wconf 89' lang='lat' dir='ltr'><strong>quam</strong></span> <span class='ocrx_word' id='word_1_63' title='bbox 711 446 763 478; x_wconf 89' lang='lat' dir='ltr'><strong>sui</strong></span> <span class='ocrx_word' id='word_1_64' title='bbox 795 446 901 486; x_wconf 89' lang='lat' dir='ltr'><strong>ipsius</strong></span> <span class='ocrx_word' id='word_1_65' title='bbox 929 450 1090 486; x_wconf 78' lang='lat' dir='ltr'><strong>respectu,</strong></span> <span class='ocrx_word' id='word_1_66' title='bbox 1116 451 1248 487; x_wconf 82' lang='lat' dir='ltr'><strong>propter</strong></span> <span class='ocrx_word' id='word_1_67' title='bbox 1277 447 1428 478; x_wconf 54' lang='lat' dir='ltr'><strong>essentia;</strong></span> <span class='ocrx_word' id='word_1_68' title='bbox 1451 450 1482 478; x_wconf 91' lang='lat' dir='ltr'><strong>et</strong></span> <span class='ocrx_word' id='word_1_69' title='bbox 1511 447 1664 487; x_wconf 67' lang='lat' dir='ltr'><strong>potentias</strong></span> <span class='ocrx_word' id='word_1_70' title='bbox 1688 448 1781 480; x_wconf 85' lang='lat' dir='ltr'><strong>iden-</strong></span> 
     </span>
    </p>
   </div>
   <div class='ocr_carea' id='block_1_8' title="bbox 144 498 956 544">
    <p class='ocr_par' dir='ltr' id='par_1_8' title="bbox 144 503 956 544">
     <span class='ocr_line' id='line_1_8' title="bbox 144 503 956 544; baseline -0.005 -10"><span class='ocrx_word' id='word_1_71' title='bbox 144 503 292 534; x_wconf 71' lang='lat' dir='ltr'><strong>titatem:</strong></span> <span class='ocrx_word' id='word_1_72' title='bbox 311 507 378 544; x_wconf 79' lang='grc' dir='ltr'><strong>ιιτῷ</strong></span> <span class='ocrx_word' id='word_1_73' title='bbox 405 507 497 543; x_wconf 75' lang='grc' dir='ltr'><strong>ταυτῷ</strong></span> <span class='ocrx_word' id='word_1_74' title='bbox 534 508 584 543; x_wconf 79' lang='grc' dir='ltr'><strong>τῆς</strong></span> <span class='ocrx_word' id='word_1_75' title='bbox 616 506 720 538; x_wconf 81' lang='grc' dir='ltr'><strong>οὐσίας,</strong></span> <span class='ocrx_word' id='word_1_76' title='bbox 755 505 802 533; x_wconf 76' lang='grc' dir='ltr'><strong>καὶ</strong></span> <span class='ocrx_word' id='word_1_77' title='bbox 829 504 880 541; x_wconf 79' lang='grc' dir='ltr'><strong>τῆς</strong></span> <span class='ocrx_word' id='word_1_78' title='bbox 906 505 956 532; x_wconf 57' lang='grc' dir='ltr'><strong>δυνη</strong></span> 
     </span>
    </p>
   </div>
   <div class='ocr_carea' id='block_1_9' title="bbox 966 498 1778 544">
    <p class='ocr_par' dir='ltr' id='par_1_9' title="bbox 966 498 1778 539">
     <span class='ocr_line' id='line_1_9' title="bbox 966 498 1778 539; baseline 0.001 -8"><span class='ocrx_word' id='word_1_79' title='bbox 966 505 1058 539; x_wconf 62' lang='grc' dir='ltr'><strong>ὶμεως»</strong></span> <span class='ocrx_word' id='word_1_80' title='bbox 1092 499 1155 531; x_wconf 84' lang='lat' dir='ltr'><strong>Sed</strong></span> <span class='ocrx_word' id='word_1_81' title='bbox 1190 499 1296 530; x_wconf 79' lang='lat' dir='ltr'><strong>verbis</strong></span> <span class='ocrx_word' id='word_1_82' title='bbox 1338 498 1416 539; x_wconf 80' lang='lat' dir='ltr'><strong>quid</strong></span> <span class='ocrx_word' id='word_1_83' title='bbox 1446 507 1529 538; x_wconf 88' lang='lat' dir='ltr'><strong>opus</strong></span> <span class='ocrx_word' id='word_1_84' title='bbox 1555 503 1615 537; x_wconf 86' lang='lat' dir='ltr'><strong>est,</strong></span> <span class='ocrx_word' id='word_1_85' title='bbox 1645 501 1778 532; x_wconf 84' lang='lat' dir='ltr'><strong>utGre-</strong></span> 
     </span>
    </p>
   </div>
   <div class='ocr_carea' id='block_1_10' title="bbox 144 548 1778 593">
    <p class='ocr_par' dir='ltr' id='par_1_10' title="bbox 144 548 1778 593">
     <span class='ocr_line' id='line_1_10' title="bbox 144 548 1778 593; baseline -0.002 -8"><span class='ocrx_word' id='word_1_86' title='bbox 144 553 270 592; x_wconf 75' lang='lat' dir='ltr'><strong>gorium</strong></span> <span class='ocrx_word' id='word_1_87' title='bbox 292 554 487 593; x_wconf 77' lang='lat' dir='ltr'><strong>purgemus?</strong></span> <span class='ocrx_word' id='word_1_88' title='bbox 508 561 582 584; x_wconf 91' lang='lat' dir='ltr'><strong>cum</strong></span> <span class='ocrx_word' id='word_1_89' title='bbox 602 550 812 587; x_wconf 86' lang='lat' dir='ltr'><strong>Eunomium,</strong></span> <span class='ocrx_word' id='word_1_90' title='bbox 828 550 886 590; x_wconf 91' lang='lat' dir='ltr'><strong>qui</strong></span> <span class='ocrx_word' id='word_1_91' title='bbox 902 550 1099 581; x_wconf 86' lang='lat' dir='ltr'><strong>divisionem</strong></span> <span class='ocrx_word' id='word_1_92' title='bbox 1127 548 1162 580; x_wconf 90' lang='lat' dir='ltr'><strong>in</strong></span> <span class='ocrx_word' id='word_1_93' title='bbox 1188 554 1352 589; x_wconf 88' lang='lat' dir='ltr'><strong>paternam</strong></span> <span class='ocrx_word' id='word_1_94' title='bbox 1382 548 1596 580; x_wconf 77' lang='lat' dir='ltr'><strong>substantiam</strong></span> <span class='ocrx_word' id='word_1_95' title='bbox 1623 549 1778 582; x_wconf 83' lang='lat' dir='ltr'><strong>inducere</strong></span> 
     </span>
    </p>
   </div>
   <div class='ocr_carea' id='block_1_11' title="bbox 144 599 1778 643">
    <p class='ocr_par' dir='ltr' id='par_1_11' title="bbox 144 599 1778 643">
     <span class='ocr_line' id='line_1_11' title="bbox 144 599 1778 643; baseline -0.001 -9"><span class='ocrx_word' id='word_1_96' title='bbox 144 603 342 635; x_wconf 76' lang='lat' dir='ltr'><strong>orthodo‘xos</strong></span> <span class='ocrx_word' id='word_1_97' title='bbox 361 606 395 634; x_wconf 81' lang='lat' dir='ltr'><strong>ut</strong></span> <span class='ocrx_word' id='word_1_98' title='bbox 413 604 572 643; x_wconf 88' lang='lat' dir='ltr'><strong>probaret,</strong></span> <span class='ocrx_word' id='word_1_99' title='bbox 593 604 683 633; x_wconf 85' lang='lat' dir='ltr'><strong>tanto</strong></span> <span class='ocrx_word' id='word_1_100' title='bbox 704 600 814 632; x_wconf 89' lang='lat' dir='ltr'><strong>studio</strong></span> <span class='ocrx_word' id='word_1_101' title='bbox 830 599 1006 637; x_wconf 87' lang='lat' dir='ltr'><strong>laborabat,</strong></span> <span class='ocrx_word' id='word_1_102' title='bbox 1023 599 1177 631; x_wconf 87' lang='lat' dir='ltr'><strong>omnibus</strong></span> <span class='ocrx_word' id='word_1_103' title='bbox 1193 600 1303 632; x_wconf 84' lang='lat' dir='ltr'><strong>nervis</strong></span> <span class='ocrx_word' id='word_1_104' title='bbox 1320 599 1510 640; x_wconf 83' lang='lat' dir='ltr'><strong>propulsare</strong></span> <span class='ocrx_word' id='word_1_105' title='bbox 1525 599 1682 632; x_wconf 80' lang='lat' dir='ltr'><strong>intendat.</strong></span> <span class='ocrx_word' id='word_1_106' title='bbox 1697 600 1778 637; x_wconf 62' lang='lat' dir='ltr'><strong>Qui».</strong></span> 
     </span>
    </p>
   </div>
   <div class='ocr_carea' id='block_1_12' title="bbox 143 651 1776 694">
    <p class='ocr_par' dir='ltr' id='par_1_12' title="bbox 143 651 1776 694">
     <span class='ocr_line' id='line_1_12' title="bbox 143 651 1776 694; baseline 0.001 -10"><span class='ocrx_word' id='word_1_107' title='bbox 143 662 222 685; x_wconf 90' lang='lat' dir='ltr'><strong>sane</strong></span> <span class='ocrx_word' id='word_1_108' title='bbox 239 654 355 685; x_wconf 88' lang='lat' dir='ltr'><strong>animis</strong></span> <span class='ocrx_word' id='word_1_109' title='bbox 372 654 456 685; x_wconf 88' lang='lat' dir='ltr'><strong>bene</strong></span> <span class='ocrx_word' id='word_1_110' title='bbox 478 654 602 687; x_wconf 71' lang='lat' dir='ltr'><strong>atrectis</strong></span> <span class='ocrx_word' id='word_1_111' title='bbox 622 654 694 694; x_wconf 90' lang='lat' dir='ltr'><strong>plus</strong></span> <span class='ocrx_word' id='word_1_112' title='bbox 709 661 803 693; x_wconf 69' lang='lat' dir='ltr'><strong>aequo</strong></span> <span class='ocrx_word' id='word_1_113' title='bbox 832 652 1005 690; x_wconf 82' lang='lat' dir='ltr'><strong>sutIiciant,</strong></span> <span class='ocrx_word' id='word_1_114' title='bbox 1022 661 1062 684; x_wconf 88' lang='lat' dir='ltr'><strong>ne</strong></span> <span class='ocrx_word' id='word_1_115' title='bbox 1081 652 1162 693; x_wconf 86' lang='lat' dir='ltr'><strong>quid</strong></span> <span class='ocrx_word' id='word_1_116' title='bbox 1191 653 1240 684; x_wconf 85' lang='lat' dir='ltr'><strong>vel</strong></span> <span class='ocrx_word' id='word_1_117' title='bbox 1265 652 1469 685; x_wconf 85' lang='lat' dir='ltr'><strong>levissimum</strong></span> <span class='ocrx_word' id='word_1_118' title='bbox 1497 651 1541 683; x_wconf 88' lang='lat' dir='ltr'><strong>de</strong></span> <span class='ocrx_word' id='word_1_119' title='bbox 1572 652 1635 684; x_wconf 79' lang='lat' dir='ltr'><strong>ﬁde</strong></span> <span class='ocrx_word' id='word_1_120' title='bbox 1663 653 1776 685; x_wconf 81' lang='lat' dir='ltr'><strong>eximii</strong></span> 
     </span>
    </p>
   </div>
   <div class='ocr_carea' id='block_1_13' title="bbox 143 702 517 742">
    <p class='ocr_par' dir='ltr' id='par_1_13' title="bbox 143 702 517 742">
     <span class='ocr_line' id='line_1_13' title="bbox 143 702 517 742; baseline 0.003 -9"><span class='ocrx_word' id='word_1_121' title='bbox 143 702 284 734; x_wconf 87' lang='lat' dir='ltr'><strong>doctoris</strong></span> <span class='ocrx_word' id='word_1_122' title='bbox 299 702 517 742; x_wconf 77' lang='lat' dir='ltr'><strong>suspicentur.</strong></span> 
     </span>
    </p>
   </div>
   <div class='ocr_carea' id='block_1_14' title="bbox 873 751 1043 782">
    <p class='ocr_par' dir='ltr' id='par_1_14' title="bbox 873 751 1043 782">
     <span class='ocr_line' id='line_1_14' title="bbox 873 751 1043 782; baseline -0.006 0"><span class='ocrx_word' id='word_1_123' title='bbox 873 751 915 782; x_wconf 80' lang='lat' dir='ltr'><strong>De</strong></span> <span class='ocrx_word' id='word_1_124' title='bbox 939 751 1043 782; x_wconf 81' lang='lat' dir='ltr'><strong>Patre.</strong></span> 
     </span>
    </p>
   </div>
   <div class='ocr_carea' id='block_1_15' title="bbox 181 804 1775 846">
    <p class='ocr_par' dir='ltr' id='par_1_15' title="bbox 181 804 1775 846">
     <span class='ocr_line' id='line_1_15' title="bbox 181 804 1775 846; baseline 0.001 -9"><span class='ocrx_word' id='word_1_125' title='bbox 181 806 284 837; x_wconf 85' lang='lat' dir='ltr'><strong>Deum</strong></span> <span class='ocrx_word' id='word_1_126' title='bbox 300 806 423 837; x_wconf 80' lang='lat' dir='ltr'><strong>Patrem</strong></span> <span class='ocrx_word' id='word_1_127' title='bbox 446 806 628 837; x_wconf 80' lang='lat' dir='ltr'><strong>divinitatis</strong></span> <span class='ocrx_word' id='word_1_128' title='bbox 646 805 718 836; x_wconf 89' lang='lat' dir='ltr'><strong>Filii</strong></span> <span class='ocrx_word' id='word_1_129' title='bbox 737 807 767 836; x_wconf 84' lang='lat' dir='ltr'><strong>et</strong></span> <span class='ocrx_word' id='word_1_130' title='bbox 795 804 940 844; x_wconf 82' lang='lat' dir='ltr'><strong>Spiritus</strong></span> <span class='ocrx_word' id='word_1_131' title='bbox 964 804 1066 836; x_wconf 84' lang='lat' dir='ltr'><strong>sancti</strong></span> <span class='ocrx_word' id='word_1_132' title='bbox 1084 812 1227 842; x_wconf 80' lang='lat' dir='ltr'><strong>causam,</strong></span> <span class='ocrx_word' id='word_1_133' title='bbox 1253 804 1341 844; x_wconf 86' lang='lat' dir='ltr'><strong>quod</strong></span> <span class='ocrx_word' id='word_1_134' title='bbox 1365 804 1451 836; x_wconf 88' lang='lat' dir='ltr'><strong>idem</strong></span> <span class='ocrx_word' id='word_1_135' title='bbox 1476 804 1560 836; x_wconf 80' lang='lat' dir='ltr'><strong>valet</strong></span> <span class='ocrx_word' id='word_1_136' title='bbox 1584 814 1621 837; x_wconf 84' lang='lat' dir='ltr'><strong>ac</strong></span> <span class='ocrx_word' id='word_1_137' title='bbox 1651 806 1775 846; x_wconf 90' lang='lat' dir='ltr'><strong>princi-</strong></span> 
     </span>
    </p>
   </div>
   <div class='ocr_carea' id='block_1_16' title="bbox 141 853 1774 896">
    <p class='ocr_par' dir='ltr' id='par_1_16' title="bbox 141 853 1774 896">
     <span class='ocr_line' id='line_1_16' title="bbox 141 853 1774 896; baseline 0.001 -10"><span class='ocrx_word' id='word_1_138' title='bbox 141 857 235 896; x_wconf 89' lang='lat' dir='ltr'><strong>pium</strong></span> <span class='ocrx_word' id='word_1_139' title='bbox 251 857 335 896; x_wconf 89' lang='lat' dir='ltr'><strong>apud</strong></span> <span class='ocrx_word' id='word_1_140' title='bbox 357 857 498 893; x_wconf 84' lang='lat' dir='ltr'><strong>Latinos,</strong></span> <span class='ocrx_word' id='word_1_141' title='bbox 516 856 691 895; x_wconf 79' lang='lat' dir='ltr'><strong>Gregorius</strong></span> <span class='ocrx_word' id='word_1_142' title='bbox 717 855 852 887; x_wconf 88' lang='lat' dir='ltr'><strong>edocet:</strong></span> <span class='ocrx_word' id='word_1_143' title='bbox 875 865 890 882; x_wconf 80' lang='grc' dir='ltr'>α</span> <span class='ocrx_word' id='word_1_144' title='bbox 911 855 1086 886; x_wconf 91' lang='lat' dir='ltr'><strong>Parvorum</strong></span> <span class='ocrx_word' id='word_1_145' title='bbox 1103 857 1201 892; x_wconf 85' lang='lat' dir='ltr'><strong>certe,</strong></span> <span class='ocrx_word' id='word_1_146' title='bbox 1217 855 1324 894; x_wconf 87' lang='lat' dir='ltr'><strong>inquit</strong></span> <span class='ocrx_word' id='word_1_147' title='bbox 1345 853 1400 895; x_wconf 90' lang='lat' dir='ltr'><strong>(b),</strong></span> <span class='ocrx_word' id='word_1_148' title='bbox 1416 854 1553 894; x_wconf 87' lang='lat' dir='ltr'><strong>ipsoque</strong></span> <span class='ocrx_word' id='word_1_149' title='bbox 1568 854 1774 894; x_wconf 82' lang='lat' dir='ltr'><strong>indignorum</strong></span> 
     </span>
    </p>
   </div>
   <div class='ocr_carea' id='block_1_17' title="bbox 142 898 1774 946">
    <p class='ocr_par' dir='ltr' id='par_1_17' title="bbox 142 898 1774 946">
     <span class='ocr_line' id='line_1_17' title="bbox 142 898 1774 946; baseline -0.001 -9"><span class='ocrx_word' id='word_1_150' title='bbox 142 898 336 946; x_wconf 76' lang='lat' dir='ltr'><strong>principium</strong></span> <span class='ocrx_word' id='word_1_151' title='bbox 353 907 449 938; x_wconf 84' lang='lat' dir='ltr'><strong>fuerit</strong></span> <span class='ocrx_word' id='word_1_152' title='bbox 469 909 572 944; x_wconf 87' lang='lat' dir='ltr'><strong>Pater,</strong></span> <span class='ocrx_word' id='word_1_153' title='bbox 592 907 655 937; x_wconf 88' lang='lat' dir='ltr'><strong>nisi</strong></span> <span class='ocrx_word' id='word_1_154' title='bbox 671 906 802 937; x_wconf 87' lang='lat' dir='ltr'><strong>deitatis</strong></span> <span class='ocrx_word' id='word_1_155' title='bbox 821 903 995 944; x_wconf 66' lang='lat' dir='ltr'><strong>ejus,&#39;oum</strong></span> <span class='ocrx_word' id='word_1_156' title='bbox 1019 904 1052 935; x_wconf 89' lang='lat' dir='ltr'><strong>in</strong></span> <span class='ocrx_word' id='word_1_157' title='bbox 1084 904 1169 935; x_wconf 84' lang='lat' dir='ltr'><strong>Filio</strong></span> <span class='ocrx_word' id='word_1_158' title='bbox 1195 907 1226 936; x_wconf 88' lang='lat' dir='ltr'><strong>et</strong></span> <span class='ocrx_word' id='word_1_159' title='bbox 1255 903 1374 943; x_wconf 89' lang='lat' dir='ltr'><strong>Spiritu</strong></span> <span class='ocrx_word' id='word_1_160' title='bbox 1404 908 1514 935; x_wconf 87' lang='lat' dir='ltr'><strong>sancto</strong></span> <span class='ocrx_word' id='word_1_161' title='bbox 1539 905 1774 941; x_wconf 83' lang='lat' dir='ltr'><strong>consideratur,</strong></span> 
     </span>
    </p>
   </div>
   <div class='ocr_carea' id='block_1_18' title="bbox 141 947 1774 996">
    <p class='ocr_par' dir='ltr' id='par_1_18' title="bbox 141 947 1774 996">
     <span class='ocr_line' id='line_1_18' title="bbox 141 947 1774 996; baseline -0.001 -7"><span class='ocrx_word' id='word_1_162' title='bbox 141 965 238 989; x_wconf 84' lang='lat' dir='ltr'><strong>causa</strong></span> <span class='ocrx_word' id='word_1_163' title='bbox 257 957 310 990; x_wconf 89' lang='lat' dir='ltr'><strong>sit.</strong></span> <span class='ocrx_word' id='word_1_164' title='bbox 328 969 343 986; x_wconf 72' lang='grc' dir='ltr'><strong>ι)</strong></span> <span class='ocrx_word' id='word_1_165' title='bbox 361 958 402 989; x_wconf 86' lang='lat' dir='ltr'><strong>Ut</strong></span> <span class='ocrx_word' id='word_1_166' title='bbox 420 967 436 989; x_wconf 88' lang='lat' dir='ltr'><strong>a</strong></span> <span class='ocrx_word' id='word_1_167' title='bbox 455 959 546 990; x_wconf 83' lang='lat' dir='ltr'><strong>Patre</strong></span> <span class='ocrx_word' id='word_1_168' title='bbox 566 959 670 990; x_wconf 88' lang='lat' dir='ltr'><strong>Filius</strong></span> <span class='ocrx_word' id='word_1_169' title='bbox 689 961 720 988; x_wconf 86' lang='lat' dir='ltr'><strong>et</strong></span> <span class='ocrx_word' id='word_1_170' title='bbox 739 957 880 996; x_wconf 83' lang='lat' dir='ltr'><strong>Spiritus</strong></span> <span class='ocrx_word' id='word_1_171' title='bbox 895 960 1028 987; x_wconf 88' lang='lat' dir='ltr'><strong>sanctus</strong></span> <span class='ocrx_word' id='word_1_172' title='bbox 1045 947 1194 987; x_wconf 78' lang='lat' dir='ltr'><strong>emanant</strong></span> <span class='ocrx_word' id='word_1_173' title='bbox 1219 959 1249 987; x_wconf 86' lang='lat' dir='ltr'><strong>et</strong></span> <span class='ocrx_word' id='word_1_174' title='bbox 1270 956 1405 994; x_wconf 88' lang='lat' dir='ltr'><strong>perinde</strong></span> <span class='ocrx_word' id='word_1_175' title='bbox 1427 956 1464 988; x_wconf 90' lang='lat' dir='ltr'><strong>ad</strong></span> <span class='ocrx_word' id='word_1_176' title='bbox 1482 965 1556 987; x_wconf 89' lang='lat' dir='ltr'><strong>eum</strong></span> <span class='ocrx_word' id='word_1_177' title='bbox 1578 956 1774 993; x_wconf 79' lang='lat' dir='ltr'><strong>referuntur.</strong></span> 
     </span>
    </p>
   </div>
   <div class='ocr_carea' id='block_1_19' title="bbox 141 1006 1773 1049">
    <p class='ocr_par' dir='ltr' id='par_1_19' title="bbox 141 1006 1773 1049">
     <span class='ocr_line' id='line_1_19' title="bbox 141 1006 1773 1049; baseline 0.001 -10"><span class='ocrx_word' id='word_1_178' title='bbox 141 1010 190 1040; x_wconf 85' lang='lat' dir='ltr'><strong>sic</strong></span> <span class='ocrx_word' id='word_1_179' title='bbox 207 1009 342 1040; x_wconf 84' lang='lat' dir='ltr'><strong>uitatis</strong></span> <span class='ocrx_word' id='word_1_180' title='bbox 358 1010 389 1040; x_wconf 94' lang='lat' dir='ltr'><strong>in</strong></span> <span class='ocrx_word' id='word_1_181' title='bbox 409 1010 566 1042; x_wconf 83' lang='lat' dir='ltr'><strong>Trinitate</strong></span> <span class='ocrx_word' id='word_1_182' title='bbox 582 1010 673 1049; x_wconf 79' lang='lat' dir='ltr'><strong>origo</strong></span> <span class='ocrx_word' id='word_1_183' title='bbox 691 1012 722 1040; x_wconf 90' lang='lat' dir='ltr'><strong>et</strong></span> <span class='ocrx_word' id='word_1_184' title='bbox 750 1008 823 1039; x_wconf 86' lang='lat' dir='ltr'><strong>fons</strong></span> <span class='ocrx_word' id='word_1_185' title='bbox 845 1008 936 1038; x_wconf 82' lang='lat' dir='ltr'><strong>Pater</strong></span> <span class='ocrx_word' id='word_1_186' title='bbox 955 1010 1002 1038; x_wconf 86' lang='lat' dir='ltr'><strong>est</strong></span> <span class='ocrx_word' id='word_1_187' title='bbox 1022 1006 1059 1047; x_wconf 80' lang='grc' dir='ltr'><strong>(ο)</strong></span> <span class='ocrx_word' id='word_1_188' title='bbox 1077 1017 1086 1038; x_wconf 85' lang='lat'><strong>:</strong></span> <span class='ocrx_word' id='word_1_189' title='bbox 1110 1018 1124 1035; x_wconf 78' lang='grc' dir='ltr'>ι</span> <span class='ocrx_word' id='word_1_190' title='bbox 1144 1007 1211 1038; x_wconf 90' lang='lat' dir='ltr'><strong>Una</strong></span> <span class='ocrx_word' id='word_1_191' title='bbox 1238 1006 1289 1037; x_wconf 87' lang='lat' dir='ltr'><strong>his</strong></span> <span class='ocrx_word' id='word_1_192' title='bbox 1313 1006 1417 1038; x_wconf 90' lang='lat' dir='ltr'><strong>tribus</strong></span> <span class='ocrx_word' id='word_1_193' title='bbox 1437 1011 1550 1038; x_wconf 88' lang='lat' dir='ltr'><strong>natura</strong></span> <span class='ocrx_word' id='word_1_194' title='bbox 1578 1008 1665 1039; x_wconf 89' lang='lat' dir='ltr'><strong>Deus</strong></span> <span class='ocrx_word' id='word_1_195' title='bbox 1687 1012 1735 1039; x_wconf 89' lang='lat' dir='ltr'><strong>est</strong></span> <span class='ocrx_word' id='word_1_196' title='bbox 1765 1020 1773 1040; x_wconf 92' lang='lat'><strong>:</strong></span> 
     </span>
    </p>
   </div>
   <div class='ocr_carea' id='block_1_20' title="bbox 141 1055 1776 1100">
    <p class='ocr_par' dir='ltr' id='par_1_20' title="bbox 141 1055 1776 1100">
     <span class='ocr_line' id='line_1_20' title="bbox 141 1055 1776 1100; baseline 0 -12"><span class='ocrx_word' id='word_1_197' title='bbox 141 1059 222 1089; x_wconf 80' lang='lat' dir='ltr'><strong>unio</strong></span> <span class='ocrx_word' id='word_1_198' title='bbox 231 1063 359 1091; x_wconf 72' lang='lat' dir='ltr'><strong>veroest</strong></span> <span class='ocrx_word' id='word_1_199' title='bbox 367 1059 404 1090; x_wconf 88' lang='lat' dir='ltr'><strong>Pa</strong></span> <span class='ocrx_word' id='word_1_200' title='bbox 411 1065 467 1096; x_wconf 87' lang='lat' dir='ltr'><strong>ter,</strong></span> <span class='ocrx_word' id='word_1_201' title='bbox 477 1069 518 1092; x_wconf 77' lang='lat' dir='ltr'><strong>ex</strong></span> <span class='ocrx_word' id='word_1_202' title='bbox 529 1067 606 1100; x_wconf 89' lang='lat' dir='ltr'><strong>quo,</strong></span> <span class='ocrx_word' id='word_1_203' title='bbox 615 1062 644 1090; x_wconf 86' lang='lat' dir='ltr'><strong>et</strong></span> <span class='ocrx_word' id='word_1_204' title='bbox 656 1058 693 1089; x_wconf 84' lang='lat' dir='ltr'><strong>ad</strong></span> <span class='ocrx_word' id='word_1_205' title='bbox 702 1066 796 1097; x_wconf 89' lang='lat' dir='ltr'><strong>quem</strong></span> <span class='ocrx_word' id='word_1_206' title='bbox 809 1065 858 1094; x_wconf 87' lang='lat' dir='ltr'><strong>ea,</strong></span> <span class='ocrx_word' id='word_1_207' title='bbox 866 1065 938 1097; x_wconf 63' lang='lat' dir='ltr'><strong>qua</strong></span> <span class='ocrx_word' id='word_1_208' title='bbox 948 1055 1101 1095; x_wconf 84' lang='lat' dir='ltr'><strong>deinceps</strong></span> <span class='ocrx_word' id='word_1_209' title='bbox 1108 1060 1301 1095; x_wconf 88' lang='lat' dir='ltr'><strong>sequuntur,</strong></span> <span class='ocrx_word' id='word_1_210' title='bbox 1310 1058 1504 1094; x_wconf 79' lang='lat' dir='ltr'><strong>referuntur,</strong></span> <span class='ocrx_word' id='word_1_211' title='bbox 1515 1065 1578 1088; x_wconf 87' lang='lat' dir='ltr'><strong>non</strong></span> <span class='ocrx_word' id='word_1_212' title='bbox 1591 1061 1625 1087; x_wconf 95' lang='lat' dir='ltr'><strong>ut</strong></span> <span class='ocrx_word' id='word_1_213' title='bbox 1636 1057 1776 1088; x_wconf 86' lang='lat' dir='ltr'><strong>confun—</strong></span> 
     </span>
    </p>
   </div>
   <div class='ocr_carea' id='block_1_21' title="bbox 145 1105 1777 1150">
    <p class='ocr_par' dir='ltr' id='par_1_21' title="bbox 145 1105 1777 1150">
     <span class='ocr_line' id='line_1_21' title="bbox 145 1105 1777 1150; baseline 0.002 -13"><span class='ocrx_word' id='word_1_214' title='bbox 145 1107 264 1139; x_wconf 85' lang='lat' dir='ltr'><strong>dantur</strong></span> <span class='ocrx_word' id='word_1_215' title='bbox 284 1117 319 1140; x_wconf 88' lang='lat' dir='ltr'><strong>ac</strong></span> <span class='ocrx_word' id='word_1_216' title='bbox 340 1110 610 1149; x_wconf 85' lang='lat' dir='ltr'><strong>permisceantur,</strong></span> <span class='ocrx_word' id='word_1_217' title='bbox 626 1109 683 1139; x_wconf 91' lang='lat' dir='ltr'><strong>sed</strong></span> <span class='ocrx_word' id='word_1_218' title='bbox 702 1112 736 1138; x_wconf 93' lang='lat' dir='ltr'><strong>ut</strong></span> <span class='ocrx_word' id='word_1_219' title='bbox 755 1107 950 1138; x_wconf 77' lang='lat' dir='ltr'><strong>cohaereant.</strong></span> <span class='ocrx_word' id='word_1_220' title='bbox 968 1116 983 1135; x_wconf 78' lang='grc' dir='ltr'><strong><em>ι</em></strong></span> <span class='ocrx_word' id='word_1_221' title='bbox 1012 1106 1045 1137; x_wconf 87' lang='lat' dir='ltr'><strong>Si</strong></span> <span class='ocrx_word' id='word_1_222' title='bbox 1072 1105 1267 1146; x_wconf 82' lang='lat' dir='ltr'><strong>quandoque</strong></span> <span class='ocrx_word' id='word_1_223' title='bbox 1288 1106 1379 1137; x_wconf 78' lang='lat' dir='ltr'><strong>Pater</strong></span> <span class='ocrx_word' id='word_1_224' title='bbox 1402 1107 1493 1150; x_wconf 87' lang='lat' dir='ltr'><strong>solus</strong></span> <span class='ocrx_word' id='word_1_225' title='bbox 1516 1107 1603 1140; x_wconf 81' lang='lat' dir='ltr'><strong>Deus</strong></span> <span class='ocrx_word' id='word_1_226' title='bbox 1628 1108 1777 1140; x_wconf 87' lang='lat' dir='ltr'><strong>nomina-</strong></span> 
     </span>
    </p>
   </div>
   <div class='ocr_carea' id='block_1_22' title="bbox 140 1155 1773 1200">
    <p class='ocr_par' dir='ltr' id='par_1_22' title="bbox 140 1155 1773 1200">
     <span class='ocr_line' id='line_1_22' title="bbox 140 1155 1773 1200; baseline 0 -13"><span class='ocrx_word' id='word_1_227' title='bbox 140 1161 206 1195; x_wconf 87' lang='lat' dir='ltr'><strong>tur,</strong></span> <span class='ocrx_word' id='word_1_228' title='bbox 222 1162 255 1189; x_wconf 90' lang='lat' dir='ltr'><strong>et</strong></span> <span class='ocrx_word' id='word_1_229' title='bbox 274 1158 419 1191; x_wconf 88' lang='lat' dir='ltr'><strong>Christus</strong></span> <span class='ocrx_word' id='word_1_230' title='bbox 443 1160 549 1200; x_wconf 82' lang='lat' dir='ltr'><strong>ipsum</strong></span> <span class='ocrx_word' id='word_1_231' title='bbox 569 1159 616 1190; x_wconf 92' lang='lat' dir='ltr'><strong>sic</strong></span> <span class='ocrx_word' id='word_1_232' title='bbox 633 1157 811 1198; x_wconf 83' lang='lat' dir='ltr'><strong>alloquitur</strong></span> <span class='ocrx_word' id='word_1_233' title='bbox 840 1155 883 1197; x_wconf 79' lang='grc' dir='ltr'><strong>(ἀ)</strong></span> <span class='ocrx_word' id='word_1_234' title='bbox 902 1166 910 1187; x_wconf 89' lang='lat'><strong>:</strong></span> <span class='ocrx_word' id='word_1_235' title='bbox 928 1167 944 1183; x_wconf 76' lang='grc' dir='ltr'><strong><em>α</em></strong></span> <span class='ocrx_word' id='word_1_236' title='bbox 960 1156 1000 1187; x_wconf 88' lang='lat' dir='ltr'><strong>Ut</strong></span> <span class='ocrx_word' id='word_1_237' title='bbox 1024 1159 1218 1194; x_wconf 78' lang='lat' dir='ltr'><strong>cognoscant</strong></span> <span class='ocrx_word' id='word_1_238' title='bbox 1246 1159 1276 1187; x_wconf 90' lang='lat' dir='ltr'><strong>te</strong></span> <span class='ocrx_word' id='word_1_239' title='bbox 1304 1155 1409 1187; x_wconf 88' lang='lat' dir='ltr'><strong>solum</strong></span> <span class='ocrx_word' id='word_1_240' title='bbox 1441 1166 1551 1188; x_wconf 87' lang='lat' dir='ltr'><strong>verum</strong></span> <span class='ocrx_word' id='word_1_241' title='bbox 1582 1158 1684 1189; x_wconf 88' lang='lat' dir='ltr'><strong>Deum</strong></span> <span class='ocrx_word' id='word_1_242' title='bbox 1703 1157 1744 1196; x_wconf 74' lang='grc' dir='ltr'><strong>ης</strong></span> <span class='ocrx_word' id='word_1_243' title='bbox 1757 1169 1773 1187; x_wconf 77' lang='grc' dir='ltr'><strong><em>ι</em></strong></span> 
     </span>
    </p>
   </div>
   <div class='ocr_carea' id='block_1_23' title="bbox 140 1207 1771 1250">
    <p class='ocr_par' dir='ltr' id='par_1_23' title="bbox 140 1207 1771 1250">
     <span class='ocr_line' id='line_1_23' title="bbox 140 1207 1771 1250; baseline -0.002 -10"><span class='ocrx_word' id='word_1_244' title='bbox 140 1209 318 1249; x_wconf 78' lang='lat' dir='ltr'><strong>Gregorius</strong></span> <span class='ocrx_word' id='word_1_245' title='bbox 334 1211 392 1242; x_wconf 91' lang='lat' dir='ltr'><strong>hoc</strong></span> <span class='ocrx_word' id='word_1_246' title='bbox 409 1223 422 1240; x_wconf 77' lang='grc' dir='ltr'>α</span> <span class='ocrx_word' id='word_1_247' title='bbox 441 1213 479 1243; x_wconf 87' lang='lat' dir='ltr'><strong>ad</strong></span> <span class='ocrx_word' id='word_1_248' title='bbox 495 1220 619 1247; x_wconf 88' lang='lat' dir='ltr'><strong>eorum,</strong></span> <span class='ocrx_word' id='word_1_249' title='bbox 638 1210 707 1250; x_wconf 88' lang='lat' dir='ltr'><strong>qui,</strong></span> <span class='ocrx_word' id='word_1_250' title='bbox 725 1217 910 1250; x_wconf 85' lang='lat' dir='ltr'><strong>quanquam</strong></span> <span class='ocrx_word' id='word_1_251' title='bbox 926 1208 1018 1246; x_wconf 79' lang='lat' dir='ltr'><strong>falso,</strong></span> <span class='ocrx_word' id='word_1_252' title='bbox 1034 1208 1079 1239; x_wconf 91' lang='lat' dir='ltr'><strong>dii</strong></span> <span class='ocrx_word' id='word_1_253' title='bbox 1099 1211 1205 1239; x_wconf 84' lang='lat' dir='ltr'><strong>tamen</strong></span> <span class='ocrx_word' id='word_1_254' title='bbox 1224 1207 1437 1247; x_wconf 87' lang='lat' dir='ltr'><strong>appellantur,</strong></span> <span class='ocrx_word' id='word_1_255' title='bbox 1451 1207 1667 1238; x_wconf 84' lang='lat' dir='ltr'><strong>sublationem</strong></span> <span class='ocrx_word' id='word_1_256' title='bbox 1683 1207 1771 1239; x_wconf 68' lang='lat' dir='ltr'><strong>dicis</strong></span> 
     </span>
    </p>
   </div>
   <div class='ocr_carea' id='block_1_24' title="bbox 140 1259 1773 1304">
    <p class='ocr_par' dir='ltr' id='par_1_24' title="bbox 140 1259 1773 1304">
     <span class='ocr_line' id='line_1_24' title="bbox 140 1259 1773 1304; baseline 0.001 -14"><span class='ocrx_word' id='word_1_257' title='bbox 140 1260 317 1292; x_wconf 80' lang='lat' dir='ltr'><strong>existimat.</strong></span> <span class='ocrx_word' id='word_1_258' title='bbox 336 1261 437 1301; x_wconf 79' lang='lat' dir='ltr'><strong>Major</strong></span> <span class='ocrx_word' id='word_1_259' title='bbox 453 1260 672 1304; x_wconf 80' lang='lat' dir='ltr'><strong>utique&#39;Pater</strong></span> <span class='ocrx_word' id='word_1_260' title='bbox 688 1262 777 1293; x_wconf 89' lang='lat' dir='ltr'><strong>solus</strong></span> <span class='ocrx_word' id='word_1_261' title='bbox 793 1261 877 1292; x_wconf 90' lang='lat' dir='ltr'><strong>Filio</strong></span> <span class='ocrx_word' id='word_1_262' title='bbox 895 1261 959 1292; x_wconf 89' lang='lat' dir='ltr'><strong>dici</strong></span> <span class='ocrx_word' id='word_1_263' title='bbox 974 1264 1078 1300; x_wconf 88' lang='lat' dir='ltr'><strong>potest</strong></span> <span class='ocrx_word' id='word_1_264' title='bbox 1094 1261 1130 1298; x_wconf 81' lang='lat'><strong>&quot;,</strong></span> <span class='ocrx_word' id='word_1_265' title='bbox 1146 1269 1211 1291; x_wconf 88' lang='lat' dir='ltr'><strong>non</strong></span> <span class='ocrx_word' id='word_1_266' title='bbox 1248 1261 1290 1292; x_wconf 87' lang='lat' dir='ltr'><strong>ob</strong></span> <span class='ocrx_word' id='word_1_267' title='bbox 1303 1259 1444 1300; x_wconf 87' lang='lat' dir='ltr'><strong>aliquam</strong></span> <span class='ocrx_word' id='word_1_268' title='bbox 1462 1261 1493 1291; x_wconf 86' lang='lat' dir='ltr'><strong>in</strong></span> <span class='ocrx_word' id='word_1_269' title='bbox 1508 1265 1619 1292; x_wconf 87' lang='lat' dir='ltr'><strong>natura</strong></span> <span class='ocrx_word' id='word_1_270' title='bbox 1634 1260 1773 1299; x_wconf 87' lang='lat' dir='ltr'><strong>dispari-</strong></span> 
     </span>
    </p>
   </div>
   <div class='ocr_carea' id='block_1_25' title="bbox 139 1311 1772 1354">
    <p class='ocr_par' dir='ltr' id='par_1_25' title="bbox 139 1311 1772 1354">
     <span class='ocr_line' id='line_1_25' title="bbox 139 1311 1772 1354; baseline 0.001 -13"><span class='ocrx_word' id='word_1_271' title='bbox 139 1311 276 1350; x_wconf 88' lang='lat' dir='ltr'><strong>litatem,</strong></span> <span class='ocrx_word' id='word_1_272' title='bbox 292 1314 347 1344; x_wconf 90' lang='lat' dir='ltr'><strong>sed</strong></span> <span class='ocrx_word' id='word_1_273' title='bbox 370 1320 530 1354; x_wconf 85' lang='lat' dir='ltr'><strong>quatenus</strong></span> <span class='ocrx_word' id='word_1_274' title='bbox 550 1316 643 1346; x_wconf 88' lang='lat' dir='ltr'><strong>Pater</strong></span> <span class='ocrx_word' id='word_1_275' title='bbox 656 1313 731 1345; x_wconf 81' lang='lat' dir='ltr'><strong>Filii</strong></span> <span class='ocrx_word' id='word_1_276' title='bbox 755 1323 852 1346; x_wconf 89' lang='lat' dir='ltr'><strong>causa</strong></span> <span class='ocrx_word' id='word_1_277' title='bbox 886 1317 918 1344; x_wconf 89' lang='lat' dir='ltr'><strong>et</strong></span> <span class='ocrx_word' id='word_1_278' title='bbox 938 1313 1132 1353; x_wconf 85' lang='lat' dir='ltr'><strong>principium</strong></span> <span class='ocrx_word' id='word_1_279' title='bbox 1160 1320 1232 1344; x_wconf 89' lang='lat' dir='ltr'><strong>esse</strong></span> <span class='ocrx_word' id='word_1_280' title='bbox 1258 1312 1469 1352; x_wconf 75' lang='lat' dir='ltr'><strong>dignoscitur.</strong></span> <span class='ocrx_word' id='word_1_281' title='bbox 1492 1313 1645 1352; x_wconf 83' lang='lat' dir='ltr'><strong>Majorem</strong></span> <span class='ocrx_word' id='word_1_282' title='bbox 1677 1313 1772 1343; x_wconf 85' lang='lat' dir='ltr'><strong>etiam</strong></span> 
     </span>
    </p>
   </div>
   <div class='ocr_carea' id='block_1_26' title="bbox 137 1366 1770 1406">
    <p class='ocr_par' dir='ltr' id='par_1_26' title="bbox 137 1366 1770 1406">
     <span class='ocr_line' id='line_1_26' title="bbox 137 1366 1770 1406; baseline 0.003 -14"><span class='ocrx_word' id='word_1_283' title='bbox 137 1370 286 1394; x_wconf 81' lang='lat' dir='ltr'><strong>asserere</strong></span> <span class='ocrx_word' id='word_1_284' title='bbox 296 1373 481 1404; x_wconf 86' lang='lat' dir='ltr'><strong>possumus,</strong></span> <span class='ocrx_word' id='word_1_285' title='bbox 501 1367 528 1398; x_wconf 89' lang='lat' dir='ltr'><strong>si</strong></span> <span class='ocrx_word' id='word_1_286' title='bbox 543 1367 616 1398; x_wconf 88' lang='lat' dir='ltr'><strong>Filii</strong></span> <span class='ocrx_word' id='word_1_287' title='bbox 632 1367 862 1398; x_wconf 83' lang='lat' dir='ltr'><strong>humanitatem</strong></span> <span class='ocrx_word' id='word_1_288' title='bbox 880 1366 1081 1397; x_wconf 86' lang='lat' dir='ltr'><strong>attendamus</strong></span> <span class='ocrx_word' id='word_1_289' title='bbox 1103 1377 1111 1397; x_wconf 89' lang='lat'><strong>:</strong></span> <span class='ocrx_word' id='word_1_290' title='bbox 1129 1366 1185 1397; x_wconf 92' lang='lat' dir='ltr'><strong>sed</strong></span> <span class='ocrx_word' id='word_1_291' title='bbox 1201 1366 1269 1397; x_wconf 72' lang='lat' dir='ltr'><strong>haec</strong></span> <span class='ocrx_word' id='word_1_292' title='bbox 1284 1366 1506 1406; x_wconf 85' lang='lat' dir='ltr'><strong>interpretatio</strong></span> <span class='ocrx_word' id='word_1_293' title='bbox 1519 1370 1631 1398; x_wconf 84' lang='lat' dir='ltr'><strong>sancto</strong></span> <span class='ocrx_word' id='word_1_294' title='bbox 1649 1366 1770 1398; x_wconf 86' lang='lat' dir='ltr'><strong>doctori</strong></span> 
     </span>
    </p>
   </div>
   <div class='ocr_carea' id='block_1_27' title="bbox 138 1415 1772 1458">
    <p class='ocr_par' dir='ltr' id='par_1_27' title="bbox 138 1415 1772 1458">
     <span class='ocr_line' id='line_1_27' title="bbox 138 1415 1772 1458; baseline 0.002 -14"><span class='ocrx_word' id='word_1_295' title='bbox 138 1421 208 1452; x_wconf 68' lang='grc' dir='ltr'><strong>μου</strong></span> <span class='ocrx_word' id='word_1_296' title='bbox 230 1415 364 1448; x_wconf 83' lang='lat' dir='ltr'><strong>multum</strong></span> <span class='ocrx_word' id='word_1_297' title='bbox 380 1418 510 1456; x_wconf 88' lang='lat' dir='ltr'><strong>arridet,</strong></span> <span class='ocrx_word' id='word_1_298' title='bbox 528 1424 564 1450; x_wconf 92' lang='lat' dir='ltr'><strong>ut</strong></span> <span class='ocrx_word' id='word_1_299' title='bbox 583 1419 690 1450; x_wconf 87' lang='lat' dir='ltr'><strong>minus</strong></span> <span class='ocrx_word' id='word_1_300' title='bbox 710 1419 884 1449; x_wconf 73' lang='lat' dir='ltr'><strong>honorifica</strong></span> <span class='ocrx_word' id='word_1_301' title='bbox 913 1428 921 1448; x_wconf 92' lang='lat'><strong>:</strong></span> <span class='ocrx_word' id='word_1_302' title='bbox 944 1429 959 1446; x_wconf 76' lang='grc' dir='ltr'><strong><em>α</em></strong></span> <span class='ocrx_word' id='word_1_303' title='bbox 977 1418 1091 1449; x_wconf 87' lang='lat' dir='ltr'><strong>Nonne</strong></span> <span class='ocrx_word' id='word_1_304' title='bbox 1120 1418 1327 1458; x_wconf 82' lang='lat' dir='ltr'><strong>perspicuum</strong></span> <span class='ocrx_word' id='word_1_305' title='bbox 1351 1421 1410 1452; x_wconf 83' lang='lat' dir='ltr'><strong>est,</strong></span> <span class='ocrx_word' id='word_1_306' title='bbox 1438 1417 1546 1457; x_wconf 84' lang='lat' dir='ltr'><strong>inquit</strong></span> <span class='ocrx_word' id='word_1_307' title='bbox 1570 1416 1621 1458; x_wconf 84' lang='lat' dir='ltr'><strong>(e),</strong></span> <span class='ocrx_word' id='word_1_308' title='bbox 1642 1416 1772 1457; x_wconf 88' lang='lat' dir='ltr'><strong>majoris</strong></span> 
     </span>
    </p>
   </div>
   <div class='ocr_carea' id='block_1_28' title="bbox 139 1467 1772 1514">
    <p class='ocr_par' dir='ltr' id='par_1_28' title="bbox 139 1467 1772 1514">
     <span class='ocr_line' id='line_1_28' title="bbox 139 1467 1772 1514; baseline 0.004 -20"><span class='ocrx_word' id='word_1_309' title='bbox 139 1472 252 1496; x_wconf 88' lang='lat' dir='ltr'><strong>vocem</strong></span> <span class='ocrx_word' id='word_1_310' title='bbox 270 1467 308 1498; x_wconf 89' lang='lat' dir='ltr'><strong>ad</strong></span> <span class='ocrx_word' id='word_1_311' title='bbox 325 1477 452 1514; x_wconf 77' lang='lat' dir='ltr'><strong>causam</strong></span> <span class='ocrx_word' id='word_1_312' title='bbox 472 1471 668 1502; x_wconf 79' lang='lat' dir='ltr'><strong>referendam</strong></span> <span class='ocrx_word' id='word_1_313' title='bbox 693 1480 766 1502; x_wconf 90' lang='lat' dir='ltr'><strong>esse</strong></span> <span class='ocrx_word' id='word_1_314' title='bbox 785 1472 837 1502; x_wconf 71' lang='lat'><strong>7...</strong></span> <span class='ocrx_word' id='word_1_315' title='bbox 854 1471 948 1508; x_wconf 84' lang='lat' dir='ltr'><strong>Quod</strong></span> <span class='ocrx_word' id='word_1_316' title='bbox 968 1471 1091 1503; x_wconf 85' lang='lat' dir='ltr'><strong>ratione</strong></span> <span class='ocrx_word' id='word_1_317' title='bbox 1113 1471 1324 1503; x_wconf 87' lang='lat' dir='ltr'><strong>humanitatis</strong></span> <span class='ocrx_word' id='word_1_318' title='bbox 1353 1470 1445 1502; x_wconf 87' lang='lat' dir='ltr'><strong>Pater</strong></span> <span class='ocrx_word' id='word_1_319' title='bbox 1460 1470 1542 1501; x_wconf 87' lang='lat' dir='ltr'><strong>Filio</strong></span> <span class='ocrx_word' id='word_1_320' title='bbox 1559 1470 1660 1509; x_wconf 87' lang='lat' dir='ltr'><strong>major</strong></span> <span class='ocrx_word' id='word_1_321' title='bbox 1676 1469 1772 1502; x_wconf 79' lang='lat' dir='ltr'><strong>inte]-</strong></span> 
     </span>
    </p>
   </div>
   <div class='ocr_carea' id='block_1_29' title="bbox 138 1515 1383 1565">
    <p class='ocr_par' dir='ltr' id='par_1_29' title="bbox 138 1515 1383 1565">
     <span class='ocr_line' id='line_1_29' title="bbox 138 1515 1383 1565; baseline 0.003 -18"><span class='ocrx_word' id='word_1_322' title='bbox 138 1515 290 1557; x_wconf 77' lang='lat' dir='ltr'><strong>ligendus</strong></span> <span class='ocrx_word' id='word_1_323' title='bbox 313 1518 366 1565; x_wconf 53' lang='lat' dir='ltr'><strong>sit:</strong></span> <span class='ocrx_word' id='word_1_324' title='bbox 383 1528 454 1552; x_wconf 90' lang='lat' dir='ltr'><strong>vere</strong></span> <span class='ocrx_word' id='word_1_325' title='bbox 473 1522 604 1561; x_wconf 83' lang='lat' dir='ltr'><strong>quidem</strong></span> <span class='ocrx_word' id='word_1_326' title='bbox 621 1522 685 1553; x_wconf 91' lang='lat' dir='ltr'><strong>dici</strong></span> <span class='ocrx_word' id='word_1_327' title='bbox 705 1527 824 1562; x_wconf 87' lang='lat' dir='ltr'><strong>potest,</strong></span> <span class='ocrx_word' id='word_1_328' title='bbox 848 1521 904 1553; x_wconf 88' lang='lat' dir='ltr'><strong>sed</strong></span> <span class='ocrx_word' id='word_1_329' title='bbox 929 1529 993 1552; x_wconf 85' lang='lat' dir='ltr'><strong>non</strong></span> <span class='ocrx_word' id='word_1_330' title='bbox 1009 1522 1142 1561; x_wconf 87' lang='lat' dir='ltr'><strong>perinde</strong></span> <span class='ocrx_word' id='word_1_331' title='bbox 1158 1522 1346 1554; x_wconf 79' lang='lat' dir='ltr'><strong>honoriﬁce.</strong></span> <span class='ocrx_word' id='word_1_332' title='bbox 1369 1533 1383 1551; x_wconf 74' lang='grc' dir='ltr'><strong><em>ι</em></strong></span> 
     </span>
    </p>
   </div>
   <div class='ocr_carea' id='block_1_30' title="bbox 872 1569 1038 1602">
    <p class='ocr_par' dir='ltr' id='par_1_30' title="bbox 872 1569 1038 1602">
     <span class='ocr_line' id='line_1_30' title="bbox 872 1569 1038 1602; baseline 0 0"><span class='ocrx_word' id='word_1_333' title='bbox 872 1571 916 1602; x_wconf 82' lang='lat' dir='ltr'><strong>De</strong></span> <span class='ocrx_word' id='word_1_334' title='bbox 939 1569 1038 1602; x_wconf 82' lang='lat' dir='ltr'><strong>Filio.</strong></span> 
     </span>
    </p>
   </div>
   <div class='ocr_carea' id='block_1_31' title="bbox 180 1616 1765 1662">
    <p class='ocr_par' dir='ltr' id='par_1_31' title="bbox 180 1616 1765 1662">
     <span class='ocr_line' id='line_1_31' title="bbox 180 1616 1765 1662; baseline 0.003 -15"><span class='ocrx_word' id='word_1_335' title='bbox 180 1616 298 1648; x_wconf 83' lang='lat' dir='ltr'><strong>Nullus</strong></span> <span class='ocrx_word' id='word_1_336' title='bbox 318 1627 458 1659; x_wconf 86' lang='lat' dir='ltr'><strong>unquam</strong></span> <span class='ocrx_word' id='word_1_337' title='bbox 477 1620 550 1652; x_wconf 83' lang='lat' dir='ltr'><strong>Filii</strong></span> <span class='ocrx_word' id='word_1_338' title='bbox 572 1621 772 1654; x_wconf 80' lang='lat' dir='ltr'><strong>divinitatem</strong></span> <span class='ocrx_word' id='word_1_339' title='bbox 788 1622 888 1662; x_wconf 77' lang='lat' dir='ltr'><strong>magis</strong></span> <span class='ocrx_word' id='word_1_340' title='bbox 905 1626 1036 1653; x_wconf 90' lang='lat' dir='ltr'><strong>strenue</strong></span> <span class='ocrx_word' id='word_1_341' title='bbox 1060 1624 1283 1662; x_wconf 80' lang='lat' dir='ltr'><strong>propugnavit,</strong></span> <span class='ocrx_word' id='word_1_342' title='bbox 1303 1622 1372 1654; x_wconf 86' lang='lat' dir='ltr'><strong>sive</strong></span> <span class='ocrx_word' id='word_1_343' title='bbox 1387 1625 1575 1662; x_wconf 67' lang='lat' dir='ltr'><strong>argumenti</strong></span> <span class='ocrx_word' id='word_1_344' title='bbox 1595 1621 1633 1653; x_wconf 87' lang='lat' dir='ltr'><strong>tir</strong></span> <span class='ocrx_word' id='word_1_345' title='bbox 1647 1632 1652 1647; x_wconf 68' lang='grc' dir='ltr'><strong>ν</strong></span> <span class='ocrx_word' id='word_1_346' title='bbox 1667 1620 1765 1657; x_wconf 87' lang='lat' dir='ltr'><strong>ando,</strong></span> 
     </span>
    </p>
   </div>
   <div class='ocr_carea' id='block_1_32' title="bbox 137 1666 1770 1713">
    <p class='ocr_par' dir='ltr' id='par_1_32' title="bbox 137 1666 1770 1713">
     <span class='ocr_line' id='line_1_32' title="bbox 137 1666 1770 1713; baseline 0.004 -17"><span class='ocrx_word' id='word_1_347' title='bbox 137 1666 210 1697; x_wconf 88' lang='lat' dir='ltr'><strong>sive</strong></span> <span class='ocrx_word' id='word_1_348' title='bbox 225 1667 348 1707; x_wconf 89' lang='lat' dir='ltr'><strong>objecta</strong></span> <span class='ocrx_word' id='word_1_349' title='bbox 371 1669 628 1703; x_wconf 86' lang='lat' dir='ltr'><strong>adversariorum</strong></span> <span class='ocrx_word' id='word_1_350' title='bbox 648 1672 872 1708; x_wconf 88' lang='lat' dir='ltr'><strong>convellendo,</strong></span> <span class='ocrx_word' id='word_1_351' title='bbox 884 1671 954 1702; x_wconf 88' lang='lat' dir='ltr'><strong>sive</strong></span> <span class='ocrx_word' id='word_1_352' title='bbox 968 1672 1144 1705; x_wconf 81' lang='lat' dir='ltr'><strong>ditIiciliora</strong></span> <span class='ocrx_word' id='word_1_353' title='bbox 1174 1673 1387 1713; x_wconf 85' lang='lat' dir='ltr'><strong>explanando.</strong></span> <span class='ocrx_word' id='word_1_354' title='bbox 1408 1672 1552 1712; x_wconf 80' lang='lat' dir='ltr'><strong>Singulis</strong></span> <span class='ocrx_word' id='word_1_355' title='bbox 1582 1671 1770 1711; x_wconf 86' lang='lat' dir='ltr'><strong>quibusque</strong></span> 
     </span>
    </p>
   </div>
   <div class='ocr_carea' id='block_1_33' title="bbox 137 1716 1769 1763">
    <p class='ocr_par' dir='ltr' id='par_1_33' title="bbox 137 1716 1769 1763">
     <span class='ocr_line' id='line_1_33' title="bbox 137 1716 1769 1763; baseline 0.003 -17"><span class='ocrx_word' id='word_1_356' title='bbox 137 1716 339 1754; x_wconf 82' lang='lat' dir='ltr'><strong>proferendis</strong></span> <span class='ocrx_word' id='word_1_357' title='bbox 358 1728 420 1752; x_wconf 87' lang='lat' dir='ltr'><strong>non</strong></span> <span class='ocrx_word' id='word_1_358' title='bbox 437 1721 694 1760; x_wconf 87' lang='lat' dir='ltr'><strong>immorabimur,</strong></span> <span class='ocrx_word' id='word_1_359' title='bbox 714 1732 812 1763; x_wconf 75' lang='lat' dir='ltr'><strong>pauca</strong></span> <span class='ocrx_word' id='word_1_360' title='bbox 831 1731 870 1753; x_wconf 84' lang='lat' dir='ltr'><strong>ex</strong></span> <span class='ocrx_word' id='word_1_361' title='bbox 887 1727 949 1753; x_wconf 88' lang='lat' dir='ltr'><strong>tam</strong></span> <span class='ocrx_word' id='word_1_362' title='bbox 965 1722 1078 1754; x_wconf 90' lang='lat' dir='ltr'><strong>multis</strong></span> <span class='ocrx_word' id='word_1_363' title='bbox 1100 1723 1245 1755; x_wconf 87' lang='lat' dir='ltr'><strong>delibare</strong></span> <span class='ocrx_word' id='word_1_364' title='bbox 1263 1723 1419 1754; x_wconf 90' lang='lat' dir='ltr'><strong>contenti.</strong></span> <span class='ocrx_word' id='word_1_365' title='bbox 1445 1723 1587 1754; x_wconf 88' lang='lat' dir='ltr'><strong>Primum</strong></span> <span class='ocrx_word' id='word_1_366' title='bbox 1605 1725 1690 1752; x_wconf 85' lang='lat' dir='ltr'><strong>unde</strong></span> <span class='ocrx_word' id='word_1_367' title='bbox 1716 1729 1769 1752; x_wconf 88' lang='lat' dir='ltr'><strong>ac-</strong></span> 
     </span>
    </p>
   </div>
   <div class='ocr_carea' id='block_1_34' title="bbox 138 1767 1767 1812">
    <p class='ocr_par' dir='ltr' id='par_1_34' title="bbox 138 1767 1767 1812">
     <span class='ocr_line' id='line_1_34' title="bbox 138 1767 1767 1812; baseline 0.004 -16"><span class='ocrx_word' id='word_1_368' title='bbox 138 1767 261 1805; x_wconf 86' lang='lat' dir='ltr'><strong>ceperit</strong></span> <span class='ocrx_word' id='word_1_369' title='bbox 287 1769 362 1801; x_wconf 84' lang='lat' dir='ltr'><strong>Filii</strong></span> <span class='ocrx_word' id='word_1_370' title='bbox 394 1771 593 1804; x_wconf 82' lang='lat' dir='ltr'><strong>divinitatem</strong></span> <span class='ocrx_word' id='word_1_371' title='bbox 624 1773 778 1811; x_wconf 90' lang='lat' dir='ltr'><strong>ostendit,</strong></span> <span class='ocrx_word' id='word_1_372' title='bbox 799 1772 935 1812; x_wconf 89' lang='lat' dir='ltr'><strong>plurima</strong></span> <span class='ocrx_word' id='word_1_373' title='bbox 962 1772 1200 1812; x_wconf 88' lang='lat' dir='ltr'><strong>Scripturarum</strong></span> <span class='ocrx_word' id='word_1_374' title='bbox 1229 1773 1298 1804; x_wconf 87' lang='lat' dir='ltr'><strong>loca</strong></span> <span class='ocrx_word' id='word_1_375' title='bbox 1329 1773 1532 1812; x_wconf 83' lang='lat' dir='ltr'><strong>congerenda</strong></span> <span class='ocrx_word' id='word_1_376' title='bbox 1564 1781 1637 1812; x_wconf 72' lang='lat' dir='ltr'><strong>qum</strong></span> <span class='ocrx_word' id='word_1_377' title='bbox 1665 1771 1767 1811; x_wconf 89' lang='lat' dir='ltr'><strong>ipsam</strong></span> 
     </span>
    </p>
   </div>
   <div class='ocr_carea' id='block_1_35' title="bbox 138 1818 1769 1864">
    <p class='ocr_par' dir='ltr' id='par_1_35' title="bbox 138 1818 1769 1864">
     <span class='ocr_line' id='line_1_35' title="bbox 138 1818 1769 1864; baseline 0.004 -18"><span class='ocrx_word' id='word_1_378' title='bbox 138 1821 249 1855; x_wconf 89' lang='lat' dir='ltr'><strong>aperte</strong></span> <span class='ocrx_word' id='word_1_379' title='bbox 265 1818 438 1853; x_wconf 85' lang='lat' dir='ltr'><strong>declarant.</strong></span> <span class='ocrx_word' id='word_1_380' title='bbox 458 1834 472 1850; x_wconf 77' lang='grc' dir='ltr'><strong><em>α</em></strong></span> <span class='ocrx_word' id='word_1_381' title='bbox 489 1821 567 1860; x_wconf 82' lang='lat' dir='ltr'><strong>Nos,</strong></span> <span class='ocrx_word' id='word_1_382' title='bbox 590 1824 696 1863; x_wconf 89' lang='lat' dir='ltr'><strong>inquit</strong></span> <span class='ocrx_word' id='word_1_383' title='bbox 720 1823 773 1864; x_wconf 78' lang='lat' dir='ltr'><strong>(f),</strong></span> <span class='ocrx_word' id='word_1_384' title='bbox 789 1832 828 1854; x_wconf 89' lang='lat' dir='ltr'><strong>ex</strong></span> <span class='ocrx_word' id='word_1_385' title='bbox 854 1823 979 1862; x_wconf 83' lang='lat' dir='ltr'><strong>magnis</strong></span> <span class='ocrx_word' id='word_1_386' title='bbox 1000 1827 1031 1854; x_wconf 91' lang='lat' dir='ltr'><strong>et</strong></span> <span class='ocrx_word' id='word_1_387' title='bbox 1048 1823 1186 1854; x_wconf 80' lang='lat' dir='ltr'><strong>excelsis</strong></span> <span class='ocrx_word' id='word_1_388' title='bbox 1214 1823 1349 1854; x_wconf 90' lang='lat' dir='ltr'><strong>vocibus</strong></span> <span class='ocrx_word' id='word_1_389' title='bbox 1373 1822 1448 1853; x_wconf 85' lang='lat' dir='ltr'><strong>Filii</strong></span> <span class='ocrx_word' id='word_1_390' title='bbox 1472 1822 1675 1853; x_wconf 87' lang='lat' dir='ltr'><strong>divinitatem</strong></span> <span class='ocrx_word' id='word_1_391' title='bbox 1697 1830 1769 1861; x_wconf 88' lang='lat' dir='ltr'><strong>per-</strong></span> 
     </span>
    </p>
   </div>
   <div class='ocr_carea' id='block_1_36' title="bbox 138 1865 1767 1913">
    <p class='ocr_par' dir='ltr' id='par_1_36' title="bbox 138 1865 1767 1913">
     <span class='ocr_line' id='line_1_36' title="bbox 138 1865 1767 1913; baseline 0.006 -18"><span class='ocrx_word' id='word_1_392' title='bbox 138 1865 295 1905; x_wconf 83' lang='lat' dir='ltr'><strong>cepimus,</strong></span> <span class='ocrx_word' id='word_1_393' title='bbox 309 1877 344 1900; x_wconf 88' lang='lat' dir='ltr'><strong>ac</strong></span> <span class='ocrx_word' id='word_1_394' title='bbox 359 1871 580 1909; x_wconf 61' lang='lat' dir='ltr'><strong>praedicamus.</strong></span> <span class='ocrx_word' id='word_1_395' title='bbox 596 1873 721 1909; x_wconf 86' lang='lat' dir='ltr'><strong>Quibus</strong></span> <span class='ocrx_word' id='word_1_396' title='bbox 743 1874 894 1904; x_wconf 82' lang='lat' dir='ltr'><strong>tandem?</strong></span> <span class='ocrx_word' id='word_1_397' title='bbox 907 1871 967 1903; x_wconf 82' lang='lat' dir='ltr'><strong>His</strong></span> <span class='ocrx_word' id='word_1_398' title='bbox 982 1873 1146 1909; x_wconf 86' lang='lat' dir='ltr'><strong>nimirum,</strong></span> <span class='ocrx_word' id='word_1_399' title='bbox 1164 1872 1264 1910; x_wconf 89' lang='lat' dir='ltr'><strong>Deus,</strong></span> <span class='ocrx_word' id='word_1_400' title='bbox 1280 1873 1437 1909; x_wconf 84' lang='lat' dir='ltr'><strong>Verbum,</strong></span> <span class='ocrx_word' id='word_1_401' title='bbox 1452 1873 1539 1912; x_wconf 91' lang='lat' dir='ltr'><strong>quod</strong></span> <span class='ocrx_word' id='word_1_402' title='bbox 1555 1873 1588 1903; x_wconf 91' lang='lat' dir='ltr'><strong>in</strong></span> <span class='ocrx_word' id='word_1_403' title='bbox 1608 1872 1767 1913; x_wconf 89' lang='lat' dir='ltr'><strong>principio</strong></span> 
     </span>
    </p>
   </div>
   <div class='ocr_carea' id='block_1_37' title="bbox 138 1919 1767 1965">
    <p class='ocr_par' dir='ltr' id='par_1_37' title="bbox 138 1919 1767 1965">
     <span class='ocr_line' id='line_1_37' title="bbox 138 1919 1767 1965; baseline 0 -13"><span class='ocrx_word' id='word_1_404' title='bbox 138 1919 217 1965; x_wconf 67' lang='grc' dir='ltr'><strong>ξπδῑν</strong></span> <span class='ocrx_word' id='word_1_405' title='bbox 238 1921 268 1965; x_wconf 68' lang='lat' dir='ltr'><strong>et</strong></span> <span class='ocrx_word' id='word_1_406' title='bbox 284 1927 355 1950; x_wconf 92' lang='lat' dir='ltr'><strong>cum</strong></span> <span class='ocrx_word' id='word_1_407' title='bbox 381 1921 552 1961; x_wconf 87' lang='lat' dir='ltr'><strong>principio,</strong></span> <span class='ocrx_word' id='word_1_408' title='bbox 573 1927 604 1953; x_wconf 89' lang='lat' dir='ltr'><strong>et</strong></span> <span class='ocrx_word' id='word_1_409' title='bbox 621 1923 838 1962; x_wconf 81' lang='lat' dir='ltr'><strong>principium;</strong></span> <span class='ocrx_word' id='word_1_410' title='bbox 869 1930 902 1955; x_wconf 93' lang='lat' dir='ltr'><strong>nt</strong></span> <span class='ocrx_word' id='word_1_411' title='bbox 923 1926 954 1956; x_wconf 92' lang='lat' dir='ltr'><strong>in</strong></span> <span class='ocrx_word' id='word_1_412' title='bbox 979 1925 1030 1955; x_wconf 87' lang='lat' dir='ltr'><strong>his</strong></span> <span class='ocrx_word' id='word_1_413' title='bbox 1047 1924 1125 1955; x_wconf 86' lang='lat' dir='ltr'><strong>locis</strong></span> <span class='ocrx_word' id='word_1_414' title='bbox 1142 1935 1150 1954; x_wconf 88' lang='lat'><strong>:</strong></span> <span class='ocrx_word' id='word_1_415' title='bbox 1167 1924 1206 1954; x_wconf 88' lang='lat' dir='ltr'><strong>In</strong></span> <span class='ocrx_word' id='word_1_416' title='bbox 1229 1924 1390 1963; x_wconf 85' lang='lat' dir='ltr'><strong>principio</strong></span> <span class='ocrx_word' id='word_1_417' title='bbox 1407 1927 1473 1953; x_wconf 79' lang='lat' dir='ltr'><strong>erat</strong></span> <span class='ocrx_word' id='word_1_418' title='bbox 1490 1922 1630 1959; x_wconf 77' lang='lat' dir='ltr'><strong>Verbum,</strong></span> <span class='ocrx_word' id='word_1_419' title='bbox 1648 1927 1676 1953; x_wconf 85' lang='lat' dir='ltr'><strong>et</strong></span> <span class='ocrx_word' id='word_1_420' title='bbox 1695 1923 1767 1953; x_wconf 77' lang='lat' dir='ltr'><strong>Ver-</strong></span> 
     </span>
    </p>
   </div>
   <div class='ocr_carea' id='block_1_38' title="bbox 137 1963 1766 2012">
    <p class='ocr_par' dir='ltr' id='par_1_38' title="bbox 137 1963 1766 2012">
     <span class='ocr_line' id='line_1_38' title="bbox 137 1963 1766 2012; baseline 0.004 -15"><span class='ocrx_word' id='word_1_421' title='bbox 137 1963 209 1994; x_wconf 77' lang='lat' dir='ltr'><strong>bum</strong></span> <span class='ocrx_word' id='word_1_422' title='bbox 224 1963 290 1998; x_wconf 75' lang='lat' dir='ltr'><strong>erat</strong></span> <span class='ocrx_word' id='word_1_423' title='bbox 305 1969 391 2009; x_wconf 87' lang='lat' dir='ltr'><strong>apud</strong></span> <span class='ocrx_word' id='word_1_424' title='bbox 405 1971 511 2009; x_wconf 80' lang='lat' dir='ltr'><strong>Deum,</strong></span> <span class='ocrx_word' id='word_1_425' title='bbox 528 1977 556 2003; x_wconf 83' lang='lat' dir='ltr'><strong>et</strong></span> <span class='ocrx_word' id='word_1_426' title='bbox 575 1973 652 2002; x_wconf 77' lang='lat' dir='ltr'><strong>Deus</strong></span> <span class='ocrx_word' id='word_1_427' title='bbox 670 1977 735 2002; x_wconf 80' lang='lat' dir='ltr'><strong>erat</strong></span> <span class='ocrx_word' id='word_1_428' title='bbox 753 1971 883 2004; x_wconf 78' lang='lat' dir='ltr'><strong>Verbum</strong></span> <span class='ocrx_word' id='word_1_429' title='bbox 898 1978 931 2006; x_wconf 79' lang='grc' dir='ltr'><strong>ὀ.</strong></span> <span class='ocrx_word' id='word_1_430' title='bbox 954 1975 1004 2009; x_wconf 83' lang='grc' dir='ltr'><strong>Ει.</strong></span> <span class='ocrx_word' id='word_1_431' title='bbox 1023 1974 1134 2004; x_wconf 82' lang='lat' dir='ltr'><strong>Tecum</strong></span> <span class='ocrx_word' id='word_1_432' title='bbox 1156 1973 1352 2012; x_wconf 77' lang='lat' dir='ltr'><strong>principium</strong></span> <span class='ocrx_word' id='word_1_433' title='bbox 1371 1977 1393 1993; x_wconf 77' lang='grc' dir='ltr'><strong><em>ἰ</em></strong></span> <span class='ocrx_word' id='word_1_434' title='bbox 1411 1983 1418 2003; x_wconf 93' lang='lat'>:</span> <span class='ocrx_word' id='word_1_435' title='bbox 1442 1976 1485 2010; x_wconf 86' lang='lat' dir='ltr'><strong>et,</strong></span> <span class='ocrx_word' id='word_1_436' title='bbox 1503 1972 1566 2010; x_wconf 84' lang='lat' dir='ltr'><strong>Qui</strong></span> <span class='ocrx_word' id='word_1_437' title='bbox 1585 1978 1675 2003; x_wconf 82' lang='lat' dir='ltr'><strong>vocat</strong></span> <span class='ocrx_word' id='word_1_438' title='bbox 1703 1983 1766 2003; x_wconf 80' lang='lat' dir='ltr'><strong>eam</strong></span> 
     </span>
    </p>
   </div>
   <div class='ocr_carea' id='block_1_39' title="bbox 136 2019 1763 2062">
    <p class='ocr_par' dir='ltr' id='par_1_39' title="bbox 136 2019 1763 2062">
     <span class='ocr_line' id='line_1_39' title="bbox 136 2019 1763 2062; baseline 0.004 -17"><span class='ocrx_word' id='word_1_439' title='bbox 136 2025 156 2046; x_wconf 73' lang='grc' dir='ltr'>ις</span> <span class='ocrx_word' id='word_1_440' title='bbox 177 2019 429 2056; x_wconf 75' lang='lat' dir='ltr'><strong>generationibus</strong></span> <span class='ocrx_word' id='word_1_441' title='bbox 452 2023 647 2061; x_wconf 79' lang='lat' dir='ltr'><strong>principium</strong></span> <span class='ocrx_word' id='word_1_442' title='bbox 673 2024 708 2054; x_wconf 87' lang='lat'><strong>&quot;.</strong></span> <span class='ocrx_word' id='word_1_443' title='bbox 733 2024 781 2054; x_wconf 86' lang='lat' dir='ltr'><strong>Ad</strong></span> <span class='ocrx_word' id='word_1_444' title='bbox 824 2023 891 2055; x_wconf 72' lang='lat' dir='ltr'><strong>haec</strong></span> <span class='ocrx_word' id='word_1_445' title='bbox 925 2024 1026 2055; x_wconf 82' lang='lat' dir='ltr'><strong>Filius</strong></span> <span class='ocrx_word' id='word_1_446' title='bbox 1049 2023 1235 2062; x_wconf 79' lang='lat' dir='ltr'><strong>nnigcnitns</strong></span> <span class='ocrx_word' id='word_1_447' title='bbox 1271 2023 1412 2053; x_wconf 84' lang='lat' dir='ltr'><strong>dicitur:</strong></span> <span class='ocrx_word' id='word_1_448' title='bbox 1434 2022 1617 2062; x_wconf 79' lang='lat' dir='ltr'><strong>Unigmitus</strong></span> <span class='ocrx_word' id='word_1_449' title='bbox 1647 2022 1763 2058; x_wconf 80' lang='lat' dir='ltr'><strong>Filius,</strong></span> 
     </span>
    </p>
   </div>
   <div class='ocr_carea' id='block_1_40' title="bbox 136 2065 1763 2112">
    <p class='ocr_par' dir='ltr' id='par_1_40' title="bbox 136 2065 1763 2112">
     <span class='ocr_line' id='line_1_40' title="bbox 136 2065 1763 2112; baseline 0.006 -18"><span class='ocrx_word' id='word_1_450' title='bbox 136 2065 254 2106; x_wconf 83' lang='lat' dir='ltr'><strong>inquit,</strong></span> <span class='ocrx_word' id='word_1_451' title='bbox 270 2070 326 2109; x_wconf 82' lang='lat' dir='ltr'><strong>qui</strong></span> <span class='ocrx_word' id='word_1_452' title='bbox 354 2074 396 2100; x_wconf 80' lang='lat' dir='ltr'><strong>est</strong></span> <span class='ocrx_word' id='word_1_453' title='bbox 417 2071 451 2102; x_wconf 82' lang='lat' dir='ltr'><strong>in</strong></span> <span class='ocrx_word' id='word_1_454' title='bbox 474 2072 546 2102; x_wconf 81' lang='lat' dir='ltr'><strong>sinu</strong></span> <span class='ocrx_word' id='word_1_455' title='bbox 571 2072 694 2110; x_wconf 78' lang='lat' dir='ltr'><strong>Patris,</strong></span> <span class='ocrx_word' id='word_1_456' title='bbox 725 2073 792 2112; x_wconf 83' lang='lat' dir='ltr'><strong>ipse</strong></span> <span class='ocrx_word' id='word_1_457' title='bbox 822 2074 978 2104; x_wconf 76' lang='lat' dir='ltr'><strong>enarravit</strong></span> <span class='ocrx_word' id='word_1_458' title='bbox 998 2074 1040 2111; x_wconf 85' lang='lat'><strong>&quot;;</strong></span> <span class='ocrx_word' id='word_1_459' title='bbox 1063 2073 1133 2110; x_wconf 79' lang='lat' dir='ltr'><strong>Via,</strong></span> <span class='ocrx_word' id='word_1_460' title='bbox 1150 2073 1286 2109; x_wconf 83' lang='lat' dir='ltr'><strong>Veritas,</strong></span> <span class='ocrx_word' id='word_1_461' title='bbox 1306 2073 1386 2107; x_wconf 82' lang='lat' dir='ltr'><strong>Vita,</strong></span> <span class='ocrx_word' id='word_1_462' title='bbox 1412 2073 1478 2102; x_wconf 85' lang='lat' dir='ltr'><strong>Lux</strong></span> <span class='ocrx_word' id='word_1_463' title='bbox 1500 2072 1590 2111; x_wconf 83' lang='lat' dir='ltr'><strong>:Ego</strong></span> <span class='ocrx_word' id='word_1_464' title='bbox 1609 2082 1676 2102; x_wconf 74' lang='lat' dir='ltr'><strong>sum</strong></span> <span class='ocrx_word' id='word_1_465' title='bbox 1701 2075 1763 2109; x_wconf 85' lang='lat' dir='ltr'><strong>via,</strong></span> 
     </span>
    </p>
   </div>
   <div class='ocr_carea' id='block_1_41' title="bbox 136 2119 1763 2163">
    <p class='ocr_par' dir='ltr' id='par_1_41' title="bbox 136 2119 1763 2163">
     <span class='ocr_line' id='line_1_41' title="bbox 136 2119 1763 2163; baseline 0.004 -16"><span class='ocrx_word' id='word_1_466' title='bbox 136 2119 250 2148; x_wconf 78' lang='lat' dir='ltr'><strong>veritas</strong></span> <span class='ocrx_word' id='word_1_467' title='bbox 265 2123 291 2149; x_wconf 81' lang='lat' dir='ltr'><strong>et</strong></span> <span class='ocrx_word' id='word_1_468' title='bbox 307 2121 373 2149; x_wconf 84' lang='lat' dir='ltr'><strong>vita</strong></span> <span class='ocrx_word' id='word_1_469' title='bbox 390 2121 432 2158; x_wconf 81' lang='lat'><strong>“;</strong></span> <span class='ocrx_word' id='word_1_470' title='bbox 449 2125 491 2157; x_wconf 84' lang='lat' dir='ltr'><strong>et,</strong></span> <span class='ocrx_word' id='word_1_471' title='bbox 510 2121 577 2161; x_wconf 85' lang='lat' dir='ltr'><strong>Ego</strong></span> <span class='ocrx_word' id='word_1_472' title='bbox 608 2132 675 2152; x_wconf 80' lang='lat' dir='ltr'><strong>sum</strong></span> <span class='ocrx_word' id='word_1_473' title='bbox 693 2123 751 2152; x_wconf 71' lang='lat' dir='ltr'><strong>tua:</strong></span> <span class='ocrx_word' id='word_1_474' title='bbox 765 2123 874 2154; x_wconf 85' lang='lat' dir='ltr'><strong>mundi</strong></span> <span class='ocrx_word' id='word_1_475' title='bbox 892 2123 928 2154; x_wconf 84' lang='lat'><strong>“.</strong></span> <span class='ocrx_word' id='word_1_476' title='bbox 951 2124 1123 2163; x_wconf 81' lang='lat' dir='ltr'><strong>Sapientia,</strong></span> <span class='ocrx_word' id='word_1_477' title='bbox 1145 2124 1289 2154; x_wconf 83' lang='lat' dir='ltr'><strong>Potentia</strong></span> <span class='ocrx_word' id='word_1_478' title='bbox 1312 2133 1320 2153; x_wconf 87' lang='lat'><strong>:</strong></span> <span class='ocrx_word' id='word_1_479' title='bbox 1337 2123 1482 2153; x_wconf 68' lang='lat' dir='ltr'><strong>Christus</strong></span> <span class='ocrx_word' id='word_1_480' title='bbox 1498 2124 1553 2154; x_wconf 83' lang='lat' dir='ltr'><strong>Dei</strong></span> <span class='ocrx_word' id='word_1_481' title='bbox 1569 2125 1710 2162; x_wconf 79' lang='lat' dir='ltr'><strong>potentia</strong></span> <span class='ocrx_word' id='word_1_482' title='bbox 1736 2129 1763 2154; x_wconf 72' lang='lat' dir='ltr'><strong>et</strong></span> 
     </span>
    </p>
   </div>
   <div class='ocr_carea' id='block_1_42' title="bbox 138 2167 1762 2213">
    <p class='ocr_par' dir='ltr' id='par_1_42' title="bbox 138 2167 1762 2213">
     <span class='ocr_line' id='line_1_42' title="bbox 138 2167 1762 2213; baseline 0.005 -17"><span class='ocrx_word' id='word_1_483' title='bbox 138 2167 192 2197; x_wconf 83' lang='lat' dir='ltr'><strong>Dei</strong></span> <span class='ocrx_word' id='word_1_484' title='bbox 207 2170 362 2207; x_wconf 73' lang='lat' dir='ltr'><strong>sapientia</strong></span> <span class='ocrx_word' id='word_1_485' title='bbox 379 2172 414 2200; x_wconf 74' lang='grc' dir='ltr'><strong>ιε.</strong></span> <span class='ocrx_word' id='word_1_486' title='bbox 442 2171 609 2211; x_wconf 89' lang='lat' dir='ltr'><strong>Splendor,</strong></span> <span class='ocrx_word' id='word_1_487' title='bbox 636 2172 817 2209; x_wconf 86' lang='lat' dir='ltr'><strong>Character,</strong></span> <span class='ocrx_word' id='word_1_488' title='bbox 848 2174 969 2213; x_wconf 82' lang='lat' dir='ltr'><strong>Imago.</strong></span> <span class='ocrx_word' id='word_1_489' title='bbox 998 2173 1158 2211; x_wconf 74' lang='lat' dir='ltr'><strong>Sigillum,</strong></span> <span class='ocrx_word' id='word_1_490' title='bbox 1181 2177 1215 2203; x_wconf 91' lang='lat' dir='ltr'><strong>ut</strong></span> <span class='ocrx_word' id='word_1_491' title='bbox 1246 2173 1278 2203; x_wconf 88' lang='lat' dir='ltr'><strong>in</strong></span> <span class='ocrx_word' id='word_1_492' title='bbox 1307 2172 1358 2203; x_wconf 89' lang='lat' dir='ltr'><strong>his</strong></span> <span class='ocrx_word' id='word_1_493' title='bbox 1388 2173 1521 2204; x_wconf 88' lang='lat' dir='ltr'><strong>verbis:</strong></span> <span class='ocrx_word' id='word_1_494' title='bbox 1544 2173 1607 2210; x_wconf 87' lang='lat' dir='ltr'><strong>Qui</strong></span> <span class='ocrx_word' id='word_1_495' title='bbox 1630 2183 1698 2204; x_wconf 90' lang='lat' dir='ltr'><strong>cum</strong></span> <span class='ocrx_word' id='word_1_496' title='bbox 1722 2176 1762 2204; x_wconf 78' lang='lat' dir='ltr'><strong>sit</strong></span> 
     </span>
    </p>
   </div>
   <div class='ocr_carea' id='block_1_43' title="bbox 135 2217 1762 2262">
    <p class='ocr_par' dir='ltr' id='par_1_43' title="bbox 135 2217 1762 2262">
     <span class='ocr_line' id='line_1_43' title="bbox 135 2217 1762 2262; baseline 0.003 -14"><span class='ocrx_word' id='word_1_497' title='bbox 135 2218 284 2258; x_wconf 77' lang='lat' dir='ltr'><strong>splendor</strong></span> <span class='ocrx_word' id='word_1_498' title='bbox 298 2219 408 2258; x_wconf 82' lang='lat' dir='ltr'><strong>gloria.-</strong></span> <span class='ocrx_word' id='word_1_499' title='bbox 427 2231 438 2251; x_wconf 88' lang='lat'><strong><em>:</em></strong></span> <span class='ocrx_word' id='word_1_500' title='bbox 456 2225 498 2258; x_wconf 87' lang='lat' dir='ltr'><strong>et,</strong></span> <span class='ocrx_word' id='word_1_501' title='bbox 520 2217 688 2251; x_wconf 80' lang='lat' dir='ltr'><strong>Character</strong></span> <span class='ocrx_word' id='word_1_502' title='bbox 707 2222 887 2253; x_wconf 65' lang='lat' dir='ltr'><strong>substantias</strong></span> <span class='ocrx_word' id='word_1_503' title='bbox 912 2223 1012 2262; x_wconf 72' lang='lat' dir='ltr'><strong>ipsius</strong></span> <span class='ocrx_word' id='word_1_504' title='bbox 1027 2227 1049 2242; x_wconf 87' lang='lat'><strong>&quot;’</strong></span> <span class='ocrx_word' id='word_1_505' title='bbox 1065 2234 1072 2254; x_wconf 93' lang='lat'><strong>:</strong></span> <span class='ocrx_word' id='word_1_506' title='bbox 1095 2227 1138 2259; x_wconf 90' lang='lat' dir='ltr'><strong>et,</strong></span> <span class='ocrx_word' id='word_1_507' title='bbox 1165 2224 1273 2262; x_wconf 86' lang='lat' dir='ltr'><strong>Imago</strong></span> <span class='ocrx_word' id='word_1_508' title='bbox 1289 2222 1440 2253; x_wconf 80' lang='lat' dir='ltr'><strong>bonitatis</strong></span> <span class='ocrx_word' id='word_1_509' title='bbox 1455 2224 1516 2254; x_wconf 84' lang='lat'><strong>&quot;...</strong></span> <span class='ocrx_word' id='word_1_510' title='bbox 1542 2224 1591 2259; x_wconf 90' lang='lat' dir='ltr'><strong>Et,</strong></span> <span class='ocrx_word' id='word_1_511' title='bbox 1607 2223 1669 2261; x_wconf 83' lang='lat' dir='ltr'><strong>Qui</strong></span> <span class='ocrx_word' id='word_1_512' title='bbox 1684 2230 1762 2261; x_wconf 78' lang='lat' dir='ltr'><strong>erat,</strong></span> 
     </span>
    </p>
   </div>
   <div class='ocr_carea' id='block_1_44' title="bbox 135 2268 1762 2312">
    <p class='ocr_par' dir='ltr' id='par_1_44' title="bbox 135 2268 1762 2312">
     <span class='ocr_line' id='line_1_44' title="bbox 135 2268 1762 2312; baseline 0.006 -15"><span class='ocrx_word' id='word_1_513' title='bbox 135 2268 191 2306; x_wconf 84' lang='lat' dir='ltr'><strong>qui</strong></span> <span class='ocrx_word' id='word_1_514' title='bbox 206 2274 261 2306; x_wconf 77' lang='lat' dir='ltr'><strong>est,</strong></span> <span class='ocrx_word' id='word_1_515' title='bbox 277 2273 304 2299; x_wconf 82' lang='lat' dir='ltr'><strong>et</strong></span> <span class='ocrx_word' id='word_1_516' title='bbox 323 2270 378 2309; x_wconf 84' lang='lat' dir='ltr'><strong>qui</strong></span> <span class='ocrx_word' id='word_1_517' title='bbox 390 2276 538 2300; x_wconf 73' lang='lat' dir='ltr'><strong>venturus</strong></span> <span class='ocrx_word' id='word_1_518' title='bbox 560 2275 616 2307; x_wconf 79' lang='lat' dir='ltr'><strong>est,</strong></span> <span class='ocrx_word' id='word_1_519' title='bbox 641 2271 835 2310; x_wconf 72' lang='lat' dir='ltr'><strong>omnipotens</strong></span> <span class='ocrx_word' id='word_1_520' title='bbox 858 2272 912 2302; x_wconf 79' lang='lat' dir='ltr'><strong>ille</strong></span> <span class='ocrx_word' id='word_1_521' title='bbox 927 2275 989 2303; x_wconf 84' lang='grc'><strong>”...</strong></span> <span class='ocrx_word' id='word_1_522' title='bbox 1021 2273 1100 2310; x_wconf 64' lang='lat' dir='ltr'><strong>Qua;</strong></span> <span class='ocrx_word' id='word_1_523' title='bbox 1123 2273 1292 2312; x_wconf 88' lang='lat' dir='ltr'><strong>perspicue</strong></span> <span class='ocrx_word' id='word_1_524' title='bbox 1310 2272 1350 2303; x_wconf 93' lang='lat' dir='ltr'><strong>de</strong></span> <span class='ocrx_word' id='word_1_525' title='bbox 1378 2271 1458 2302; x_wconf 89' lang='lat' dir='ltr'><strong>Filio</strong></span> <span class='ocrx_word' id='word_1_526' title='bbox 1488 2272 1651 2310; x_wconf 91' lang='lat' dir='ltr'><strong>dicuntur,</strong></span> <span class='ocrx_word' id='word_1_527' title='bbox 1678 2274 1762 2306; x_wconf 85' lang='lat' dir='ltr'><strong>sicut</strong></span> 
     </span>
    </p>
   </div>
   <div class='ocr_carea' id='block_1_45' title="bbox 135 2320 1759 2363">
    <p class='ocr_par' dir='ltr' id='par_1_45' title="bbox 135 2320 1759 2363">
     <span class='ocr_line' id='line_1_45' title="bbox 135 2320 1759 2363; baseline 0.002 -12"><span class='ocrx_word' id='word_1_528' title='bbox 135 2324 166 2351; x_wconf 86' lang='lat' dir='ltr'><strong>et</strong></span> <span class='ocrx_word' id='word_1_529' title='bbox 183 2320 244 2351; x_wconf 88' lang='lat' dir='ltr'><strong>alia</strong></span> <span class='ocrx_word' id='word_1_530' title='bbox 261 2320 363 2360; x_wconf 88' lang='lat' dir='ltr'><strong>plura,</strong></span> <span class='ocrx_word' id='word_1_531' title='bbox 380 2328 451 2360; x_wconf 64' lang='lat' dir='ltr'><strong>qua)</strong></span> <span class='ocrx_word' id='word_1_532' title='bbox 471 2320 614 2351; x_wconf 88' lang='lat' dir='ltr'><strong>eamdem</strong></span> <span class='ocrx_word' id='word_1_533' title='bbox 638 2321 701 2351; x_wconf 89' lang='lat' dir='ltr'><strong>vim</strong></span> <span class='ocrx_word' id='word_1_534' title='bbox 727 2320 855 2358; x_wconf 84' lang='lat' dir='ltr'><strong>habent,</strong></span> <span class='ocrx_word' id='word_1_535' title='bbox 875 2331 1013 2362; x_wconf 88' lang='lat' dir='ltr'><strong>quorum</strong></span> <span class='ocrx_word' id='word_1_536' title='bbox 1041 2321 1121 2353; x_wconf 87' lang='lat' dir='ltr'><strong>nihil</strong></span> <span class='ocrx_word' id='word_1_537' title='bbox 1147 2322 1320 2353; x_wconf 88' lang='lat' dir='ltr'><strong>ascititium</strong></span> <span class='ocrx_word' id='word_1_538' title='bbox 1337 2326 1397 2359; x_wconf 86' lang='lat' dir='ltr'><strong>est,</strong></span> <span class='ocrx_word' id='word_1_539' title='bbox 1416 2331 1476 2354; x_wconf 91' lang='lat' dir='ltr'><strong>nec</strong></span> <span class='ocrx_word' id='word_1_540' title='bbox 1496 2323 1588 2360; x_wconf 88' lang='lat' dir='ltr'><strong>Filio,</strong></span> <span class='ocrx_word' id='word_1_541' title='bbox 1606 2329 1660 2354; x_wconf 86' lang='lat' dir='ltr'><strong>aut</strong></span> <span class='ocrx_word' id='word_1_542' title='bbox 1687 2323 1759 2363; x_wconf 85' lang='lat' dir='ltr'><strong>Spi-</strong></span> 
     </span>
    </p>
   </div>
   <div class='ocr_carea' id='block_1_46' title="bbox 134 2370 1761 2413">
    <p class='ocr_par' dir='ltr' id='par_1_46' title="bbox 134 2370 1761 2413">
     <span class='ocr_line' id='line_1_46' title="bbox 134 2370 1761 2413; baseline 0.004 -12"><span class='ocrx_word' id='word_1_543' title='bbox 134 2370 212 2401; x_wconf 91' lang='lat' dir='ltr'><strong>ritui</strong></span> <span class='ocrx_word' id='word_1_544' title='bbox 242 2373 350 2401; x_wconf 85' lang='lat' dir='ltr'><strong>sancto</strong></span> <span class='ocrx_word' id='word_1_545' title='bbox 373 2370 533 2408; x_wconf 90' lang='lat' dir='ltr'><strong>posterius</strong></span> <span class='ocrx_word' id='word_1_546' title='bbox 563 2371 711 2408; x_wconf 83' lang='lat' dir='ltr'><strong>accessit,</strong></span> <span class='ocrx_word' id='word_1_547' title='bbox 739 2373 1009 2411; x_wconf 88' lang='lat' dir='ltr'><strong>quemadmodum</strong></span> <span class='ocrx_word' id='word_1_548' title='bbox 1035 2382 1095 2405; x_wconf 86' lang='lat' dir='ltr'><strong>nec</strong></span> <span class='ocrx_word' id='word_1_549' title='bbox 1118 2373 1213 2404; x_wconf 87' lang='lat' dir='ltr'><strong>Patri.</strong></span> <span class='ocrx_word' id='word_1_550' title='bbox 1242 2373 1355 2413; x_wconf 91' lang='lat' dir='ltr'><strong>Neque</strong></span> <span class='ocrx_word' id='word_1_551' title='bbox 1393 2373 1480 2404; x_wconf 90' lang='lat' dir='ltr'><strong>enim</strong></span> <span class='ocrx_word' id='word_1_552' title='bbox 1503 2383 1542 2406; x_wconf 86' lang='lat' dir='ltr'><strong>ex</strong></span> <span class='ocrx_word' id='word_1_553' title='bbox 1577 2376 1761 2409; x_wconf 87' lang='lat' dir='ltr'><strong>accessione</strong></span> 
     </span>
    </p>
   </div>
   <div class='ocr_carea' id='block_1_47' title="bbox 134 2419 1760 2467">
    <p class='ocr_par' dir='ltr' id='par_1_47' title="bbox 134 2419 1760 2467">
     <span class='ocr_line' id='line_1_47' title="bbox 134 2419 1760 2467; baseline 0.004 -15"><span class='ocrx_word' id='word_1_554' title='bbox 134 2419 380 2462; x_wconf 79' lang='lat' dir='ltr'><strong>perfectioipsis</strong></span> <span class='ocrx_word' id='word_1_555' title='bbox 396 2425 576 2458; x_wconf 87' lang='lat' dir='ltr'><strong>comparata</strong></span> <span class='ocrx_word' id='word_1_556' title='bbox 592 2424 651 2467; x_wconf 88' lang='lat' dir='ltr'><strong>est.</strong></span> <span class='ocrx_word' id='word_1_557' title='bbox 679 2420 748 2451; x_wconf 92' lang='lat' dir='ltr'><strong>Non</strong></span> <span class='ocrx_word' id='word_1_558' title='bbox 765 2421 850 2452; x_wconf 86' lang='lat' dir='ltr'><strong>enim</strong></span> <span class='ocrx_word' id='word_1_559' title='bbox 876 2422 968 2454; x_wconf 86' lang='lat' dir='ltr'><strong>Pater</strong></span> <span class='ocrx_word' id='word_1_560' title='bbox 990 2424 1085 2454; x_wconf 84' lang='lat' dir='ltr'><strong>Verbi</strong></span> <span class='ocrx_word' id='word_1_561' title='bbox 1117 2431 1258 2461; x_wconf 86' lang='lat' dir='ltr'><strong>unquam</strong></span> <span class='ocrx_word' id='word_1_562' title='bbox 1289 2432 1405 2463; x_wconf 89' lang='lat' dir='ltr'><strong>expers</strong></span> <span class='ocrx_word' id='word_1_563' title='bbox 1425 2423 1507 2460; x_wconf 82' lang='lat' dir='ltr'><strong>fuit;</strong></span> <span class='ocrx_word' id='word_1_564' title='bbox 1533 2433 1592 2456; x_wconf 92' lang='lat' dir='ltr'><strong>nec</strong></span> <span class='ocrx_word' id='word_1_565' title='bbox 1618 2429 1760 2467; x_wconf 75' lang='lat' dir='ltr'><strong>unquam</strong></span> 
     </span>
    </p>
   </div>
   <div class='ocr_carea' id='block_1_48' title="bbox 134 2470 1759 2516">
    <p class='ocr_par' dir='ltr' id='par_1_48' title="bbox 134 2470 1759 2516">
     <span class='ocr_line' id='line_1_48' title="bbox 134 2470 1759 2516; baseline 0.004 -14"><span class='ocrx_word' id='word_1_566' title='bbox 134 2471 196 2502; x_wconf 77' lang='lat' dir='ltr'><strong>fuit</strong></span> <span class='ocrx_word' id='word_1_567' title='bbox 211 2471 292 2510; x_wconf 81' lang='lat' dir='ltr'><strong>quin</strong></span> <span class='ocrx_word' id='word_1_568' title='bbox 307 2471 396 2501; x_wconf 84' lang='lat' dir='ltr'><strong>Pater</strong></span> <span class='ocrx_word' id='word_1_569' title='bbox 419 2475 523 2507; x_wconf 82' lang='lat' dir='ltr'><strong>esset;</strong></span> <span class='ocrx_word' id='word_1_570' title='bbox 550 2478 608 2501; x_wconf 90' lang='lat' dir='ltr'><strong>nec</strong></span> <span class='ocrx_word' id='word_1_571' title='bbox 629 2470 772 2511; x_wconf 87' lang='lat' dir='ltr'><strong>denique</strong></span> <span class='ocrx_word' id='word_1_572' title='bbox 793 2480 934 2511; x_wconf 88' lang='lat' dir='ltr'><strong>unquam</strong></span> <span class='ocrx_word' id='word_1_573' title='bbox 956 2473 1102 2509; x_wconf 84' lang='lat' dir='ltr'><strong>veritate,</strong></span> <span class='ocrx_word' id='word_1_574' title='bbox 1129 2472 1299 2512; x_wconf 84' lang='lat' dir='ltr'><strong>sapientia,</strong></span> <span class='ocrx_word' id='word_1_575' title='bbox 1321 2473 1455 2510; x_wconf 89' lang='lat' dir='ltr'><strong>viribus,</strong></span> <span class='ocrx_word' id='word_1_576' title='bbox 1475 2474 1559 2512; x_wconf 72' lang='lat' dir='ltr'><strong>vita,</strong></span> <span class='ocrx_word' id='word_1_577' title='bbox 1576 2476 1759 2516; x_wconf 84' lang='lat' dir='ltr'><strong>splendore,</strong></span> 
     </span>
    </p>
   </div>
   <div class='ocr_carea' id='block_1_49' title="bbox 131 2520 505 2554">
    <p class='ocr_par' dir='ltr' id='par_1_49' title="bbox 131 2520 505 2554">
     <span class='ocr_line' id='line_1_49' title="bbox 131 2520 505 2554; baseline -0.013 0"><span class='ocrx_word' id='word_1_578' title='bbox 131 2527 186 2554; x_wconf 88' lang='lat' dir='ltr'><strong>aut</strong></span> <span class='ocrx_word' id='word_1_579' title='bbox 202 2521 342 2553; x_wconf 88' lang='lat' dir='ltr'><strong>bonitate</strong></span> <span class='ocrx_word' id='word_1_580' title='bbox 358 2520 471 2551; x_wconf 86' lang='lat' dir='ltr'><strong>caruit.</strong></span> <span class='ocrx_word' id='word_1_581' title='bbox 491 2531 505 2548; x_wconf 79' lang='grc' dir='ltr'><strong><em>ιο</em></strong></span> 
     </span>
    </p>
   </div>
   <div class='ocr_carea' id='block_1_50' title="bbox 171 2570 1757 2614">
    <p class='ocr_par' dir='ltr' id='par_1_50' title="bbox 171 2570 1757 2614">
     <span class='ocr_line' id='line_1_50' title="bbox 171 2570 1757 2614; baseline 0.006 -12"><span class='ocrx_word' id='word_1_582' title='bbox 171 2571 232 2602; x_wconf 87' lang='lat' dir='ltr'><strong>Sed</strong></span> <span class='ocrx_word' id='word_1_583' title='bbox 248 2571 350 2610; x_wconf 75' lang='lat' dir='ltr'><strong>quid?</strong></span> <span class='ocrx_word' id='word_1_584' title='bbox 370 2571 483 2600; x_wconf 85' lang='lat' dir='ltr'><strong>Nonne</strong></span> <span class='ocrx_word' id='word_1_585' title='bbox 500 2571 554 2609; x_wconf 91' lang='lat' dir='ltr'><strong>qui</strong></span> <span class='ocrx_word' id='word_1_586' title='bbox 573 2570 775 2602; x_wconf 85' lang='lat' dir='ltr'><strong>divinitatem</strong></span> <span class='ocrx_word' id='word_1_587' title='bbox 801 2572 884 2603; x_wconf 86' lang='lat' dir='ltr'><strong>Filio</strong></span> <span class='ocrx_word' id='word_1_588' title='bbox 900 2573 1064 2609; x_wconf 78' lang='lat' dir='ltr'><strong>abrogant,</strong></span> <span class='ocrx_word' id='word_1_589' title='bbox 1087 2575 1118 2601; x_wconf 89' lang='lat' dir='ltr'><strong>et</strong></span> <span class='ocrx_word' id='word_1_590' title='bbox 1133 2571 1193 2611; x_wconf 90' lang='lat' dir='ltr'><strong>ipsi</strong></span> <span class='ocrx_word' id='word_1_591' title='bbox 1225 2572 1364 2611; x_wconf 89' lang='lat' dir='ltr'><strong>plurima</strong></span> <span class='ocrx_word' id='word_1_592' title='bbox 1380 2573 1552 2614; x_wconf 68' lang='lat' dir='ltr'><strong>Scriptura:</strong></span> <span class='ocrx_word' id='word_1_593' title='bbox 1570 2576 1636 2608; x_wconf 90' lang='lat' dir='ltr'><strong>loca</strong></span> <span class='ocrx_word' id='word_1_594' title='bbox 1659 2579 1690 2609; x_wconf 87' lang='lat' dir='ltr'><strong>in</strong></span> <span class='ocrx_word' id='word_1_595' title='bbox 1706 2580 1757 2611; x_wconf 91' lang='lat' dir='ltr'><strong>sui</strong></span> 
     </span>
    </p>
   </div>
   <div class='ocr_carea' id='block_1_51' title="bbox 128 2619 1758 2670">
    <p class='ocr_par' dir='ltr' id='par_1_51' title="bbox 128 2619 1758 2670">
     <span class='ocr_line' id='line_1_51' title="bbox 128 2619 1758 2670; baseline 0.005 -17"><span class='ocrx_word' id='word_1_596' title='bbox 128 2621 249 2653; x_wconf 88' lang='lat' dir='ltr'><strong>erroris</strong></span> <span class='ocrx_word' id='word_1_597' title='bbox 265 2619 475 2660; x_wconf 80' lang='lat' dir='ltr'><strong>patrocinium</strong></span> <span class='ocrx_word' id='word_1_598' title='bbox 490 2619 647 2650; x_wconf 71' lang='lat' dir='ltr'><strong>afferunt?</strong></span> <span class='ocrx_word' id='word_1_599' title='bbox 673 2620 731 2651; x_wconf 80' lang='lat' dir='ltr'><strong>His</strong></span> <span class='ocrx_word' id='word_1_600' title='bbox 748 2625 878 2653; x_wconf 90' lang='lat' dir='ltr'><strong>sanctus</strong></span> <span class='ocrx_word' id='word_1_601' title='bbox 894 2624 1006 2654; x_wconf 91' lang='lat' dir='ltr'><strong>doctor</strong></span> <span class='ocrx_word' id='word_1_602' title='bbox 1034 2623 1160 2654; x_wconf 88' lang='lat' dir='ltr'><strong>obviam</strong></span> <span class='ocrx_word' id='word_1_603' title='bbox 1177 2624 1212 2660; x_wconf 87' lang='lat' dir='ltr'><strong>it,</strong></span> <span class='ocrx_word' id='word_1_604' title='bbox 1230 2624 1371 2663; x_wconf 76' lang='lat' dir='ltr'><strong>regulam</strong></span> <span class='ocrx_word' id='word_1_605' title='bbox 1401 2627 1637 2666; x_wconf 83' lang='lat' dir='ltr'><strong>constituendo,</strong></span> <span class='ocrx_word' id='word_1_606' title='bbox 1666 2633 1758 2670; x_wconf 89' lang='lat' dir='ltr'><strong>cujus</strong></span> 
     </span>
    </p>
   </div>
   <div class='ocr_carea' id='block_1_52' title="bbox 163 2690 975 2735">
    <p class='ocr_par' dir='ltr' id='par_1_52' title="bbox 163 2690 963 2735">
     <span class='ocr_line' id='line_1_52' title="bbox 163 2690 963 2735; baseline 0.003 -17"><span class='ocrx_word' id='word_1_607' title='bbox 163 2692 186 2735; x_wconf 64' lang='grc' dir='ltr'><strong><em>ις</em></strong></span> <span class='ocrx_word' id='word_1_608' title='bbox 206 2690 284 2718; x_wconf 80' lang='lat' dir='ltr'><strong>Joan.</strong></span> <span class='ocrx_word' id='word_1_609' title='bbox 296 2697 367 2735; x_wconf 44' lang='lat' dir='ltr'><strong>avi},</strong></span> <span class='ocrx_word' id='word_1_610' title='bbox 381 2690 420 2735; x_wconf 63' lang='lat'><strong>3:_</strong></span> <span class='ocrx_word' id='word_1_611' title='bbox 443 2690 468 2735; x_wconf 60' lang='lat' dir='ltr'><strong>l&quot;</strong></span> <span class='ocrx_word' id='word_1_612' title='bbox 485 2690 562 2718; x_wconf 81' lang='lat' dir='ltr'><strong>Joan.</strong></span> <span class='ocrx_word' id='word_1_613' title='bbox 577 2690 694 2735; x_wconf 37' lang='lat' dir='ltr'><strong>tvk28.&quot;</strong></span> <span class='ocrx_word' id='word_1_614' title='bbox 711 2691 734 2735; x_wconf 61' lang='grc' dir='ltr'><strong>’ξ</strong></span> <span class='ocrx_word' id='word_1_615' title='bbox 753 2690 831 2735; x_wconf 46' lang='grc' dir='ltr'><strong>ὲοεη,</strong></span> <span class='ocrx_word' id='word_1_616' title='bbox 845 2701 863 2726; x_wconf 86' lang='grc' dir='ltr'><strong>ι,</strong></span> <span class='ocrx_word' id='word_1_617' title='bbox 879 2694 927 2735; x_wconf 59' lang='lat'><strong>1.“</strong></span> <span class='ocrx_word' id='word_1_618' title='bbox 941 2694 963 2710; x_wconf 84' lang='grc'>¹¹</span> 
     </span>
    </p>
   </div>
   <div class='ocr_carea' id='block_1_53' title="bbox 942 2690 1754 2735">
    <p class='ocr_par' dir='ltr' id='par_1_53' title="bbox 942 2694 1754 2735">
     <span class='ocr_line' id='line_1_53' title="bbox 942 2694 1754 2735; baseline 0.015 -15"><span class='ocrx_word' id='word_1_619' title='bbox 942 2694 963 2710; x_wconf 82' lang='grc'><strong>¹¹</strong></span> <span class='ocrx_word' id='word_1_620' title='bbox 984 2694 1055 2735; x_wconf 51' lang='lat' dir='ltr'><strong>lissi:</strong></span> <span class='ocrx_word' id='word_1_621' title='bbox 1073 2703 1129 2735; x_wconf 75' lang='lat' dir='ltr'><strong>clx,</strong></span> <span class='ocrx_word' id='word_1_622' title='bbox 1149 2695 1200 2735; x_wconf 74' lang='lat'><strong>3._</strong></span> <span class='ocrx_word' id='word_1_623' title='bbox 1220 2697 1348 2735; x_wconf 45' lang='lat' dir='ltr'><strong>&quot;ﬂecti.</strong></span> <span class='ocrx_word' id='word_1_624' title='bbox 1375 2699 1508 2735; x_wconf 48' lang='lat' dir='ltr'><strong>my”.</strong></span> <span class='ocrx_word' id='word_1_625' title='bbox 1547 2701 1660 2730; x_wconf 81' lang='lat' dir='ltr'><strong>&quot;Jnan.</strong></span> <span class='ocrx_word' id='word_1_626' title='bbox 1674 2711 1694 2735; x_wconf 85' lang='grc' dir='ltr'><strong>ι.</strong></span> <span class='ocrx_word' id='word_1_627' title='bbox 1712 2703 1754 2732; x_wconf 73' lang='grc'><strong>18.</strong></span> 
     </span>
    </p>
   </div>
   <div class='ocr_carea' id='block_1_54' title="bbox 127 2724 939 2790">
    <p class='ocr_par' dir='ltr' id='par_1_54' title="bbox 127 2724 939 2790">
     <span class='ocr_line' id='line_1_54' title="bbox 128 2724 939 2789; baseline 0.001 -34"><span class='ocrx_word' id='word_1_628' title='bbox 128 2727 152 2743; x_wconf 78' lang='grc'><strong>’⁸</strong></span> <span class='ocrx_word' id='word_1_629' title='bbox 168 2727 247 2789; x_wconf 65' lang='grc' dir='ltr'><strong>«Ιὲηιιι.</strong></span> <span class='ocrx_word' id='word_1_630' title='bbox 265 2732 320 2758; x_wconf 76' lang='lat' dir='ltr'><strong>xw,</strong></span> <span class='ocrx_word' id='word_1_631' title='bbox 334 2726 360 2751; x_wconf 76' lang='grc' dir='ltr'><strong>ὕ.</strong></span> <span class='ocrx_word' id='word_1_632' title='bbox 396 2725 420 2741; x_wconf 86' lang='grc'><strong>¹³</strong></span> <span class='ocrx_word' id='word_1_633' title='bbox 438 2724 516 2753; x_wconf 81' lang='lat' dir='ltr'><strong>Joan.</strong></span> <span class='ocrx_word' id='word_1_634' title='bbox 544 2734 570 2758; x_wconf 75' lang='grc' dir='ltr'><strong>ν,</strong></span> <span class='ocrx_word' id='word_1_635' title='bbox 591 2725 634 2754; x_wconf 79' lang='grc'><strong>10.</strong></span> <span class='ocrx_word' id='word_1_636' title='bbox 671 2727 694 2742; x_wconf 84' lang='grc'><strong>¹⁶</strong></span> <span class='ocrx_word' id='word_1_637' title='bbox 725 2726 733 2754; x_wconf 96' lang='lat' dir='ltr'><strong>l</strong></span> <span class='ocrx_word' id='word_1_638' title='bbox 753 2727 817 2755; x_wconf 84' lang='lat' dir='ltr'><strong>Cor.</strong></span> <span class='ocrx_word' id='word_1_639' title='bbox 843 2724 871 2761; x_wconf 66' lang='grc' dir='ltr'><strong>ι’,</strong></span> <span class='ocrx_word' id='word_1_640' title='bbox 895 2728 939 2756; x_wconf 61' lang='grc' dir='ltr'><strong>ει.</strong></span> 
     </span>
     <span class='ocr_line' id='line_1_55' title="bbox 127 2769 207 2790; baseline -0.013 0"><span class='ocrx_word' id='word_1_641' title='bbox 127 2769 166 2790; x_wconf 79' lang='lat' dir='ltr'><strong>tv.</strong></span> <span class='ocrx_word' id='word_1_642' title='bbox 199 2781 207 2789; x_wconf 92' lang='lat'><strong>.</strong></span> 
     </span>
    </p>
   </div>
   <div class='ocr_carea' id='block_1_55' title="bbox 943 2724 1755 2790">
    <p class='ocr_par' dir='ltr' id='par_1_55' title="bbox 988 2724 1755 2774">
     <span class='ocr_line' id='line_1_56' title="bbox 988 2724 1755 2774; baseline 0.016 -18"><span class='ocrx_word' id='word_1_643' title='bbox 988 2730 1010 2745; x_wconf 84' lang='lat'><strong>&quot;</strong></span> <span class='ocrx_word' id='word_1_644' title='bbox 1031 2724 1129 2758; x_wconf 44' lang='lat' dir='ltr'><strong>Hebr.’</strong></span> <span class='ocrx_word' id='word_1_645' title='bbox 1145 2739 1164 2762; x_wconf 85' lang='grc' dir='ltr'><strong>ι,</strong></span> <span class='ocrx_word' id='word_1_646' title='bbox 1185 2731 1211 2758; x_wconf 78' lang='lat'><strong>3.</strong></span> <span class='ocrx_word' id='word_1_647' title='bbox 1250 2732 1273 2748; x_wconf 82' lang='lat'><strong><em>“</em></strong></span> <span class='ocrx_word' id='word_1_648' title='bbox 1293 2724 1362 2768; x_wconf 70' lang='lat' dir='ltr'><strong>Sep.</strong></span> <span class='ocrx_word' id='word_1_649' title='bbox 1376 2724 1508 2766; x_wconf 18' lang='lat' dir='ltr'><strong>ivit,</strong></span> <span class='ocrx_word' id='word_1_650' title='bbox 1531 2736 1554 2752; x_wconf 83' lang='lat'>&quot;</span> 
     </span>
    </p>
   </div>
   <div class='ocr_carea' id='block_1_56' title="bbox 165 2806 977 2850">
    <p class='ocr_par' dir='ltr' id='par_1_56' title="bbox 165 2806 435 2850">
     <span class='ocr_line' id='line_1_57' title="bbox 165 2806 435 2850; baseline 0 0"><span class='ocrx_word' id='word_1_651' title='bbox 165 2807 201 2850; x_wconf 68' lang='lat' dir='ltr'><strong>te)</strong></span> <span class='ocrx_word' id='word_1_652' title='bbox 220 2806 268 2850; x_wconf 77' lang='lat' dir='ltr'><strong>9r-</strong></span> <span class='ocrx_word' id='word_1_653' title='bbox 284 2807 330 2850; x_wconf 65' lang='lat' dir='ltr'><strong>Et»</strong></span> <span class='ocrx_word' id='word_1_654' title='bbox 345 2815 371 2834; x_wconf 81' lang='grc' dir='ltr'><strong>η·</strong></span> <span class='ocrx_word' id='word_1_655' title='bbox 392 2806 435 2850; x_wconf 66' lang='grc' dir='ltr'><strong>ερ-</strong></span> 
     </span>
    </p>
   </div>
   <div class='ocr_carea' id='block_1_57' title="bbox 463 2806 1275 2850">
    <p class='ocr_par' dir='ltr' id='par_1_57' title="bbox 1004 2809 1275 2850">
     <span class='ocr_line' id='line_1_58' title="bbox 1004 2809 1275 2850; baseline 0.018 -14"><span class='ocrx_word' id='word_1_656' title='bbox 1004 2809 1042 2850; x_wconf 21' lang='grc' dir='ltr'><strong>ςάλ)</strong></span> <span class='ocrx_word' id='word_1_657' title='bbox 1129 2811 1174 2843; x_wconf 76' lang='grc'><strong>50,</strong></span> <span class='ocrx_word' id='word_1_658' title='bbox 1189 2820 1217 2850; x_wconf 89' lang='lat' dir='ltr'><strong>n_.</strong></span> <span class='ocrx_word' id='word_1_659' title='bbox 1234 2813 1275 2841; x_wconf 77' lang='lat' dir='ltr'><strong>t5.</strong></span> 
     </span>
    </p>
   </div>
   <div class='ocr_carea' id='block_1_58' title="bbox 163 2809 1277 2923">
    <p class='ocr_par' dir='ltr' id='par_1_58' title="bbox 163 2809 1277 2923">
     <span class='ocr_line' id='line_1_59' title="bbox 165 2809 1276 2850; baseline 0.006 -17"><span class='ocrx_word' id='word_1_660' title='bbox 165 2809 201 2843; x_wconf 87' lang='lat' dir='ltr'><strong>(a)</strong></span> <span class='ocrx_word' id='word_1_661' title='bbox 221 2809 268 2834; x_wconf 90' lang='lat' dir='ltr'><strong>0r.</strong></span> <span class='ocrx_word' id='word_1_662' title='bbox 284 2809 330 2838; x_wconf 76' lang='grc'><strong>51,</strong></span> <span class='ocrx_word' id='word_1_663' title='bbox 345 2815 371 2834; x_wconf 94' lang='lat' dir='ltr'><strong>n.</strong></span> <span class='ocrx_word' id='word_1_664' title='bbox 392 2809 435 2836; x_wconf 78' lang='grc'><strong>16.</strong></span> <span class='ocrx_word' id='word_1_665' title='bbox 1015 2810 1042 2845; x_wconf 88' lang='lat' dir='ltr'><strong>d)</strong></span> <span class='ocrx_word' id='word_1_666' title='bbox 1062 2809 1109 2850; x_wconf 72' lang='lat' dir='ltr'><strong>0r.</strong></span> <span class='ocrx_word' id='word_1_667' title='bbox 1129 2811 1174 2843; x_wconf 76' lang='grc'><strong>50,</strong></span> <span class='ocrx_word' id='word_1_668' title='bbox 1189 2820 1217 2839; x_wconf 92' lang='lat' dir='ltr'><strong>n.</strong></span> <span class='ocrx_word' id='word_1_669' title='bbox 1234 2813 1276 2841; x_wconf 78' lang='lat' dir='ltr'><strong>t5.</strong></span> 
     </span>
     <span class='ocr_line' id='line_1_60' title="bbox 164 2842 1225 2876; baseline 0.005 -7"><span class='ocrx_word' id='word_1_670' title='bbox 164 2843 200 2875; x_wconf 71' lang='grc' dir='ltr'><strong>(ὁ)</strong></span> <span class='ocrx_word' id='word_1_671' title='bbox 218 2842 266 2871; x_wconf 87' lang='lat' dir='ltr'><strong>0r.</strong></span> <span class='ocrx_word' id='word_1_672' title='bbox 286 2843 332 2874; x_wconf 72' lang='lat'><strong>20,</strong></span> <span class='ocrx_word' id='word_1_673' title='bbox 350 2850 377 2869; x_wconf 90' lang='lat' dir='ltr'><strong>n.</strong></span> <span class='ocrx_word' id='word_1_674' title='bbox 395 2843 422 2869; x_wconf 80' lang='lat' dir='ltr'><strong>t5.</strong></span> <span class='ocrx_word' id='word_1_675' title='bbox 1015 2853 1028 2871; x_wconf 78' lang='grc' dir='ltr'><strong><em>ε</em></strong></span> <span class='ocrx_word' id='word_1_676' title='bbox 1061 2846 1136 2876; x_wconf 83' lang='lat' dir='ltr'><strong>Ibid..</strong></span> <span class='ocrx_word' id='word_1_677' title='bbox 1153 2854 1179 2873; x_wconf 89' lang='lat' dir='ltr'><strong>n.</strong></span> <span class='ocrx_word' id='word_1_678' title='bbox 1199 2847 1225 2874; x_wconf 88' lang='lat'><strong>7.</strong></span> 
     </span>
     <span class='ocr_line' id='line_1_61' title="bbox 163 2809 1277 2923; baseline 0.006 -19"><span class='ocrx_word' id='word_1_679' title='bbox 163 2882 200 2913; x_wconf 73' lang='grc' dir='ltr'><strong>(ο)</strong></span> <span class='ocrx_word' id='word_1_680' title='bbox 220 2879 268 2906; x_wconf 87' lang='lat' dir='ltr'><strong>0r.</strong></span> <span class='ocrx_word' id='word_1_681' title='bbox 286 2878 323 2904; x_wconf 58' lang='lat' dir='ltr'><strong>at</strong></span> <span class='ocrx_word' id='word_1_682' title='bbox 351 2885 379 2904; x_wconf 79' lang='grc' dir='ltr'><strong>ιι.</strong></span> <span class='ocrx_word' id='word_1_683' title='bbox 396 2876 442 2904; x_wconf 74' lang='grc'><strong>15.</strong></span> <span class='ocrx_word' id='word_1_684' title='bbox 1057 2880 1102 2908; x_wconf 89' lang='lat' dir='ltr'><strong>0r.</strong></span> <span class='ocrx_word' id='word_1_685' title='bbox 1119 2880 1165 2915; x_wconf 74' lang='lat'><strong>29,</strong></span> <span class='ocrx_word' id='word_1_686' title='bbox 1187 2890 1214 2923; x_wconf 56' lang='grc' dir='ltr'><strong>ιι.</strong></span> <span class='ocrx_word' id='word_1_687' title='bbox 1234 2883 1277 2911; x_wconf 86' lang='lat' dir='ltr'><strong>t&#39;l.</strong></span> 
     </span>
    </p>
   </div>
  </div>
