2058 3128
306 141 358 170 {03
790 139 977 168 PREFATIO
995 139 1202 167 GENEBALIS.
1221 155 1256 161 —
1272 139 1364 167 PARS
1383 140 1427 168 lli.
1885 146 1934 171 tot

304 206 368 238 ope
384 199 532 231 intricata
556 200 748 236 enodantur,
764 199 857 238 cujus
877 199 1000 230 lumine
1030 199 1164 229 obscura
1181 199 1410 236 dilucidantur,
1427 203 1457 231 et
1473 200 1594 231 umbrae
1622 200 1742 240 quibus
1766 203 1931 235 veritatem

305 258 396 280 error
421 250 571 289 obtegere
587 249 764 288 nitebatur,
785 252 994 282 evanescunt.
1011 249 1120 288 Ipsum
1139 249 1249 280 audire
1268 249 1372 288 juvat.
1390 259 1404 278 α
1426 250 1469 290 (α)
1496 250 1596 281 Multa
1610 251 1706 281 etiam
1730 251 1791 282 alia
1819 261 1955 291 conge-_

304 307 375 331 rere
394 309 533 339 queas...
549 300 741 340 Quanquam
760 305 868 333 autem
891 300 1149 340 unumquodque
1173 299 1288 330 horum
1313 299 1477 338 sigillatim
1507 300 1670 340 persequi,
1687 300 1807 340 pioque
1834 302 1948 348 sensu}

306 350 467 390 explicare
495 350 628 381 minime
648 351 779 382 ditiicile
795 354 856 389 est,
877 355 973 391 atque
987 349 1217 381 olfendiculum
1242 350 1335 386 illud,
1352 350 1438 390 quod
1457 350 1488 381 in
1505 351 1633 382 Litteris
1659 351 1798 388 exsistit,
1815 361 1932 392 repur-

302 407 378 436 gare
400 403 430 429 et
449 399 606 436 eximere,
623 400 650 430 si
673 399 769 431 modo
785 409 859 431 vere
870 400 1023 435 otfendis,
1037 409 1072 432 ac
1084 408 1147 430 non
1166 400 1274 438 potius
1293 400 1333 431 de
1360 400 1517 431 industria
1535 410 1666 441 peccas;
1692 405 1727 432 ut
1744 407 1848 434 tamen
1866 413 1932 436 rem

303 449 490 480 summatim
507 449 706 484 contraham.
725 449 785 480 hoc
802 449 859 480 tibi
876 449 1059 480 faciendum
1078 453 1138 486 est,
1150 453 1185 480 ut
1201 449 1411 481 sublimiores
1428 459 1523 482 voces
1538 452 1713 489 divinitati,
1729 461 1766 484 ac
1781 459 1935 492 praestan-

306 499 378 531 tiori
397 499 444 530 illi
465 503 495 530 et
512 499 709 538 incorporeas
735 502 867 534 naturae,
887 497 1161 537 passionibusque
1189 500 1350 539 superiori
1379 501 1535 532 attribuas
1557 511 1566 531 :
1598 502 1786 534 humiliores
1813 508 1932 541 autem,

302 551 496 589 composito,
516 554 547 581 et
567 554 618 580 tua
635 557 731 580 causa
749 548 885 585 inanito,
905 552 1003 588 atque
1025 549 1230 580 incarnato...
1258 553 1293 581 ut
1309 554 1345 581 tu
1363 551 1513 583 videlicet
1540 551 1703 592 intelligas
1718 563 1790 594 quin
1817 555 1934 594 prioris

303 602 392 631 illius
414 605 535 632 natura;
551 600 592 630 sit
609 600 704 635 ratio,
721 602 752 629 et
766 606 839 638 quas
863 601 1037 637 assumptae
1067 597 1288 632 humanitatis.
1307 611 1322 629 ι»

341 653 382 683 At
397 661 436 683 ne
453 660 594 683 errorem
613 651 720 681 minus
739 648 978 680 intolerandum
1006 652 1060 679 aut
1080 655 1244 688 peccatum
1279 658 1343 682 non
1377 655 1439 683 tam
1474 652 1614 685 immane
1643 663 1788 692 censeas,
1817 665 1934 696 negare

303 705 386 736 Filio
404 702 619 737 divinitatem,
648 709 687 731 ex
705 698 850 738 Gregorii
871 706 970 729 sensu
997 698 1128 730 offensa:
1150 700 1299 732 atrocitas
1329 705 1377 732 est
1397 704 1580 736 statuenda.
1602 715 1617 732 ε
1633 704 1674 744 (b)
1702 706 1816 738 Deitati
1840 707 1933 739 ﬁdem

302 755 460 794 abrogas?
484 753 545 784 hoc
562 760 601 783 ne
618 750 783 781 dmmones
818 748 950 789 quidem
977 748 1038 788 ipsi
1068 749 1225 782 fecerunt.
1242 752 1269 782 Ο
1293 752 1493 784 daemonibus
1518 755 1730 793 incredulior,
1759 760 1789 788 et
1813 758 1934 789 Judaais

302 803 529 844 insipientior!
554 801 610 832 Isti
631 800 717 832 enim
738 799 812 830 Filii
845 807 964 829 nomen
996 799 1191 838 mqualitatis
1213 809 1323 832 vocem
1352 810 1424 834 esse
1450 804 1646 835 censebant:
1666 805 1697 835 hi
1714 811 1818 838 autem
1847 816 1934 844 eum,

303 865 320 886 a
335 864 400 895 quo
420 854 627 894 fugabantur,
646 853 746 882 Deum
771 852 899 881 norant.

959 899 1001 929 De
1017 898 1144 938 Spiritu
1167 904 1286 932 sancto.

341 957 406 987 Nec
424 962 539 986 minori
565 952 679 985 ardore
710 960 745 982 ac
771 949 840 981 zelo
867 949 1008 988 Spiritus
1036 950 1138 981 sancti
1160 950 1361 983 divinitatem
1386 954 1500 986 astruit
1531 960 1641 987 contra
1670 956 1933 989 Macedonianos.

302 1009 455 1048 Spiritum
475 1010 620 1038 sanctum
643 1007 742 1035 Deum
761 1006 870 1042 aperte
886 1002 1068 1038 conﬁtetur,
1086 1011 1152 1042 quo
1170 1007 1312 1043 tempore
1330 1006 1426 1039 etiam
1452 1007 1536 1038 inter
1559 1008 1738 1040 Catholicos
1759 1018 1823 1041 non
1843 1012 1933 1050 pauci

303 1064 405 1096 erant,
422 1059 477 1099 qui
497 1056 644 1097 quamvis
668 1055 806 1094 Spiritus
827 1054 927 1084 sancti
946 1053 1149 1085 divinitatem
1164 1061 1472 1094 agnoscerent,eum
1493 1062 1597 1090 tamen
1612 1060 1713 1090 Deum
1738 1052 1846 1100 aperte
1870 1051 1934 1092 non

302 1111 462 1147 dicabant,
488 1119 547 1140 nec
573 1108 633 1140 dici
667 1107 830 1138 volebant.
846 1106 924 1136 Tam
948 1110 1055 1145 aperta
1076 1108 1303 1146 prmdicatione
1322 1117 1385 1140 non
1407 1115 1529 1143 tantum
1546 1112 1738 1143 Arianorum
1768 1116 1799 1144 et
1827 1114 1935 1144 Mace-

302 1161 539 1195 donianorum,
566 1159 620 1189 sed
649 1157 744 1188 etiam
775 1155 1007 1187 nonnullorum
1034 1156 1272 1188 Catholicorum
1296 1159 1451 1190 oﬂensam
1479 1160 1634 1198 incurrit,
1661 1162 1740 1192 adeo
1770 1167 1804 1192 ut
1832 1163 1936 1201 ipsius

302 1212 502 1246 adversarios
523 1211 562 1243 ad
583 1219 657 1241 eum
683 1219 700 1241 e
721 1209 798 1240 sede
827 1208 1183 1248 Constantinopolitana
1213 1209 1461 1248 deturbandum,
1489 1211 1549 1244 hoc
1574 1213 1670 1244 etiam
1697 1214 1844 1245 nonnihil
1868 1225 1936 1247 mo-

301 1266 386 1297 verit
412 1268 443 1296 et
467 1263 627 1303 adjuverit
657 1261 710 1302 (ο).
736 1262 916 1292 «Fortasse
946 1260 1085 1300 Spiritus

1121 1261 1303 1301 impetitur:
1320 1267 1425 1300 »Ἴσως
1439 1268 1470 1295 τὸ
1485 1268 1600 1304 Πνεῦμα
1617 1268 1759 1304 βάλλεται·
1780 1266 1838 1296 hoc
1867 1273 1912 1297 est
1924 1289 1933 1303 ,

302 1316 412 1357 inquit
443 1315 573 1351 Billius,
595 1314 732 1344 fortasse
757 1312 815 1343 hac
851 1312 891 1342 de
923 1320 1018 1343 causa
1045 1320 1214 1352 oppugnor
1240 1317 1271 1344 et
1295 1314 1451 1352 exagitor,
1472 1315 1548 1354 quia
1575 1315 1712 1354 Spiritus
1738 1316 1858 1353 sancti,
1881 1318 1932 1348 cui

303 1368 423 1399 bellum
442 1367 497 1397 isti
523 1365 724 1402 indixerunt,
741 1363 943 1395 divinitatem
974 1372 1084 1395 assero
1101 1367 1132 1395 et
1158 1365 1305 1403 praedico.
1323 1366 1428 1405 Pergit
1446 1366 1620 1406 Gregorius
1635 1378 1645 1398 :
1664 1372 1700 1398 Τὸ
1715 1373 1827 1409 Πνεῦμα
1842 1374 1934 1408 (ἀκού-

303 1424 374 1460 σαθ’)
389 1423 427 1456 ὠς
442 1422 519 1455 Θεὸς,
534 1422 615 1449 πάλιν
630 1421 718 1456 λέγω·
739 1421 801 1456 ἐμοὶ
817 1420 884 1452 Θεὸς
901 1420 933 1447 σύ
945 1429 952 1435 ·
970 1421 1018 1448 καὶ
1034 1421 1115 1456 τρίτοι

1119 1429 1126 1446 ρ
1143 1420 1206 1456 βοῶ,
1237 1421 1315 1453 Θεός·
1333 1429 1347 1446 ι
1362 1418 1499 1457 Spiritus
1515 1423 1549 1449 ut
1566 1419 1664 1457 Deus,
1681 1421 1800 1456 audite,
1817 1420 1931 1451 iterum

303 1472 430 1502 dicam:
449 1474 482 1501 tu
499 1470 577 1501 mihi
596 1470 694 1504 Deus,
712 1472 744 1500 et
762 1468 854 1499 tertio
871 1468 1028 1504 clamabo,
1047 1469 1132 1499 Deus
1154 1472 1214 1505 est,
1229 1480 1244 1497 ι
1260 1473 1319 1500 etc.
1341 1469 1435 1506 Quod
1459 1470 1492 1500 in
1518 1469 1720 1502 defendenda
1748 1470 1822 1501 Filii
1852 1471 1932 1501 divi-

303 1525 404 1556 nitate
427 1524 623 1555 Athanasius
643 1521 802 1560 praastitit,
819 1521 849 1552 id
876 1521 1053 1561 Gregorius
1075 1521 1109 1551 in
1128 1519 1328 1552 defendenda
1346 1521 1484 1560 Spiritus
1508 1522 1610 1553 sancti
1635 1521 1814 1561 divinitate.
1837 1522 1868 1552 Si
1890 1526 1934 1553 tot

304 1579 335 1607 et
354 1577 455 1606 tantas
473 1582 537 1605 non
562 1577 611 1604 est
635 1576 786 1612 expertus
813 1571 1067 1611 persecutiones,
1093 1574 1171 1610 quot
1188 1575 1219 1601 et
1236 1576 1372 1611 quantas
1391 1580 1562 1610 perpessus
1579 1576 1626 1603 est
1643 1571 1850 1608 Athanasius,
1868 1581 1932 1603 non

303 1624 368 1657 nisi
384 1624 415 1655 id
435 1623 561 1660 accidit,
577 1622 653 1663 quia
670 1620 795 1653 occasio
812 1620 928 1656 defuit,
948 1627 1013 1650 non
1030 1624 1138 1650 autem
1159 1620 1286 1650 animus
1305 1624 1336 1651 et
1361 1621 1520 1652 voluntas.
1546 1621 1601 1652 Est
1629 1626 1731 1652 Iamen
1753 1621 1874 1662 aliquid
1902 1624 1932 1653 in

303 1676 374 1715 ejus
404 1674 545 1713 scriptis,
570 1672 656 1713 quod
681 1671 885 1703 mirationem
916 1670 1002 1702 facit.
1028 1671 1109 1707 Sibi,
1135 1671 1266 1701 nomine
1294 1671 1529 1708 haereticorum,
1557 1671 1741 1712 objicit,‘(d)
1768 1673 1932 1710 «Spiritus

303 1726 405 1757 sancti
426 1726 627 1756 divinitatem
647 1724 737 1755 nullo
757 1723 929 1762 Scriptura;
950 1722 1020 1754 loco
1041 1722 1196 1761 proditam
1221 1722 1350 1759 haberi;
1366 1735 1380 1750 η
1405 1724 1489 1762 quod
1513 1724 1644 1764 quidem
1670 1724 1785 1755 refellit
1811 1724 1932 1764 duplici

304 1779 447 1815 ratione;
465 1778 566 1818 primo
589 1777 748 1808 afﬁrmans
765 1775 802 1817 (a)
820 1776 1018 1815 «Scriptura:
1046 1775 1232 1806 testimonio
1256 1776 1429 1806 admodum
1455 1776 1672 1807 corifirmalam
1699 1784 1770 1807 esse
1794 1776 1933 1814 Spiritus

303 1827 516 1865 divinitatem,
534 1827 574 1857 iis
598 1826 728 1867 quidem
754 1828 852 1862 certe,
878 1825 933 1865 qui
959 1832 1023 1854 non
1045 1824 1142 1855 nimis
1169 1824 1277 1855 stolidi
1302 1828 1333 1856 et
1362 1826 1468 1856 obtusi
1494 1825 1630 1862 fuerint,
1656 1830 1751 1865 atque
1770 1834 1786 1856 a
1812 1826 1931 1864 Spiritu

303 1877 419 1908 aversi.
434 1888 449 1906 ν
469 1876 589 1907 Deinde
613 1876 682 1915 ipse
702 1875 874 1905 innumera
891 1874 1064 1914 Scripturaa
1085 1873 1204 1913 profert
1229 1874 1424 1911 testimonia,
1449 1876 1567 1916 quibus
1589 1876 1769 1906 ostenditur
1795 1876 1933 1915 Spiritus

303 1927 405 1960 sancti
433 1927 635 1957 divinitatem
664 1926 696 1956 in
733 1923 907 1962 Scripturis
941 1924 1099 1963 proditam
1134 1923 1243 1955 haberi
1268 1923 1319 1965 (Γ).
1347 1935 1362 1952 α
1390 1924 1528 1963 Spiritus
1554 1926 1609 1956 Dei
1638 1926 1766 1962 dicitur,
1795 1926 1932 1965 Spiritus

303 1977 435 2014 Christi,
453 1984 545 2008 mens
571 1975 710 2011 Christi,
730 1976 870 2014 Spiritus
900 1975 1042 2009 Domini,
1059 1984 1095 2006 ac
1112 1975 1272 2006 Dominus
1292 1975 1376 2015 ipse,
1406 1976 1544 2016 Spiritus
1562 1977 1744 2017 adoptionis
1759 1998 1766 2006 .
1781 1999 1790 2007 .
1804 1999 1812 2008 .
1830 1977 1933 2008 scien-

303 2028 367 2063 tias,
384 2027 511 2068 pietatis
526 2048 533 2056 .
548 2050 556 2058 .
570 2049 579 2057 .
592 2027 700 2057 omnia
717 2026 857 2057 essentia
877 2034 934 2056 sua
951 2025 1105 2063 implens,
1120 2026 1228 2057 omnia
1246 2026 1430 2063 continens,
1442 2038 1456 2054 ι
1474 2031 1533 2057 etc.
1575 2025 1577 2032 '

343 2078 511 2113 Prmterea,
527 2076 588 2107 hoc
603 2077 698 2107 etiam
714 2075 835 2115 posito,
851 2075 937 2115 quod
953 2075 1092 2115 Spiritus
1112 2077 1212 2107 sancti
1243 2076 1396 2107 divinitas
1420 2077 1510 2108 nullo
1533 2077 1702 2116 Scripturzn
1719 2077 1788 2108 loco
1810 2077 1932 2117 prodita

304 2130 486 2164 haberetur,
502 2128 583 2159 illud
603 2127 833 2167 impedimento
850 2135 922 2158 esse
938 2135 1003 2157 non
1027 2127 1159 2158 deberet
1181 2129 1357 2166 quominus
1373 2129 1526 2167 Spiritum
1553 2129 1655 2160 Deum
1671 2137 1743 2160 esse
1766 2130 1931 2160 confitere-

304 2189 389 2216 mur,
413 2178 575 2218 siquidem
609 2177 669 2209 alia
691 2177 826 2217 plurima
851 2177 1011 2208 eredimus
1026 2186 1098 2217 quas
1121 2178 1154 2208 in
1177 2178 1350 2218 Scripturis
1368 2187 1431 2210 non
1449 2183 1613 2219 apparent.
1630 2191 1645 2208 α
1662 2179 1837 2215 Undenam,
1850 2191 1865 2208 ι
1885 2179 1933 2210 in-

304 2230 376 2271 quit
391 2229 445 2269 (g),
471 2228 640 2269 alloquens
656 2228 888 2264 adversarium,
905 2239 919 2255 α
935 2231 967 2258 tu
983 2222 1159 2258 arcas-illas
1178 2231 1261 2265 tuas,
1281 2229 1465 2268 lngenitum
1488 2233 1542 2260 aut
1563 2229 1747 2260 Anarclium
1768 2228 1931 2268 accepisti,

307 2286 362 2314 aut
377 2290 436 2313 nos
459 2282 555 2313 etiam
574 2280 764 2313 immortalis
780 2281 912 2312 vocem?
928 2280 996 2311 Hoc
1020 2280 1206 2311 nominatim
1224 2283 1255 2312 et
1279 2290 1436 2320 expresse
1452 2282 1598 2318 ostende,
1617 2282 1665 2312 vel
1683 2291 1718 2313 ea
1738 2281 1931 2321 rejiciemus,

305 2334 380 2372 quia
397 2333 429 2363 in
451 2331 613 2372 Scriptura
633 2340 697 2363 non
718 2335 857 2367 exstant,
879 2331 927 2362 vel
955 2339 1201 2371 expungemus.
1215 2354 1224 2364 .
1239 2355 1246 2362 .
1261 2355 1269 2362 .
1286 2332 1399 2363 Nonne
1426 2333 1630 2372 perspicuum
1648 2336 1709 2370 est,
1737 2331 1803 2363 haec
1827 2332 1868 2364 de
1893 2331 1932 2362 iis

305 2387 432 2421 sumpta
448 2391 531 2419 esse,
548 2391 588 2414 ex
603 2382 722 2422 quibus
739 2381 948 2420 colliguntur,
967 2381 1093 2412 tametsi
1111 2381 1244 2413 minime
1259 2382 1429 2414 dicantur?
1442 2394 1457 2411 ι

345 2435 449 2474 Hujus
486 2435 707 2474 responsionis
739 2434 951 2465 dilucidandm
978 2441 1088 2471 causa,
1115 2434 1293 2473 Gregorius
1329 2434 1599 2473 comparationem
1627 2434 1781 2465 instituit.
1812 2433 1931 2471 «Duae,

306 2485 412 2526 inquit
435 2484 490 2525 (li),
504 2494 542 2516 ex
565 2485 651 2516 omni
667 2493 736 2516 aevo
753 2485 896 2516 illustres
918 2484 1056 2515 vitarum
1083 2484 1280 2516 mutationes
1296 2486 1501 2522 exstiterunt,
1526 2494 1599 2525 quae
1621 2487 1716 2517 etiam
1735 2485 1800 2517 duo
1827 2487 1935 2518 Testa.

307 2542 426 2574 menta,
446 2541 542 2578 atque
557 2537 598 2568 ob
616 2537 661 2568 rei
686 2537 916 2574 celebritatem,
934 2540 1026 2568 teme
1044 2540 1151 2568 motus
1167 2537 1391 2577 appellantur;
1417 2538 1517 2570 altera
1533 2547 1551 2570 a
1574 2539 1822 2570 simulacrorum
1846 2538 1932 2570 cultu

307 2590 345 2620 ad
365 2589 484 2628 legem,
509 2589 606 2620 altera
621 2599 637 2620 a
657 2589 728 2628 lege
745 2590 782 2620 ad
800 2589 1025 2629 Evangelium.
1044 2590 1088 2620 Ac
1107 2590 1238 2621 tertium
1269 2590 1365 2622 etiam
1396 2595 1487 2622 terras
1514 2594 1637 2622 motum
1662 2591 1822 2630 Scriptura
1843 2591 1933 2622 nobis

306 2643 489 2679 annuntiat,
509 2650 624 2682 nempe
640 2642 863 2681 migrationem
882 2642 921 2673 ab
947 2642 1005 2674 hac
1026 2641 1142 2682 vita_ad
1169 2641 1300 2674 alteram
1327 2642 1414 2674 illam
1444 2647 1550 2674 motus
1568 2643 1674 2675 omnis
1699 2649 1731 2675 et
1751 2643 1934 2683 iactationis

357 2763 383 2796 α)
400 2762 447 2792 0r.
464 2763 509 2796 ΩΟ,
523 2771 551 2790 n.
567 2763 612 2791 18.

609 2785 612 2791 .
1186 2761 1222 2796 (ε)
1241 2761 1320 2794 Ibid.,
1333 2769 1361 2789 n.
1377 2761 1421 2790 29.

357 2797 381 2837 ὁ)
399 2799 446 2837 ρι’.
458 2799 502 2831 58,
516 2808 542 2837 n_.
557 2799 614 2837 f5;
689 2834 722 2837 __

689 2834 722 2837 __
1186 2798 1220 2837 (fi
1241 2797 1305 2837 iul.-

345 2831 382 2874 (cj).
399 2833 495 2874 Eme.
511 2834 545 2860 υι-
566 2834 626 2874 ίὲβι
643 2834 724 2871 ν--⁵⁵
1183 2833 1223 2874 l9)
1239 2831 1320 2874 illi!»
1338 2839 1365 2858 η·
1381 2831 1433 2874 2?-

346 2865 384 2904 (ἀ)
395 2867 449 2904 _0r.
467 2868 511 2901 si,
528 2877 555 2896 η.
575 2865 623 2895 ei;
678 2868 688 2871 “

619 2865 623 2894 Ῐ
678 2868 688 2871 “
1181 2865 1220 2903 (h)
1239 2865 1315 2901 Ibid.,
1334 2875 1360 2894 ιι.
1381 2867 1431 2894 25..
