2058 3128
183 174 236 201 1θὸ
690 175 873 204 ΡΒᾸΕΕἌΤΙΟ
891 176 1095 204 GENEBALIS.
1115 193 1150 198 ——
1169 177 1258 205 PARS
1277 177 1321 205 ill.
1757 177 1808 206 106

183 233 365 268 expertem.
389 231 474 262 Idem
500 239 593 270 porro
622 231 748 263 duobus
776 234 990 264 Testamentis
1018 234 1146 265 accidit.
1174 235 1258 271 Quid
1286 234 1385 265 illud?
1413 235 1481 264 Non
1509 237 1651 272 repente,
1686 240 1744 263 nec
1768 232 1809 263 ad

183 280 316 320 primam
349 281 563 320 aggressionis
587 282 814 320 impulsionem
844 287 1037 314 commutata
1068 288 1155 314 sunt.
1173 285 1412 320 Quamobrem?
1432 284 1466 314 Id
1487 284 1572 314 enim
1597 283 1678 313 scire
1703 290 1808 321 operte

185 330 319 369 pretium
345 333 464 361 est:ut
490 340 529 361 ne
549 331 578 361 vi
611 332 889 371 pertraheremur,
915 334 970 364 sed
999 335 1212 373 persuasione
1233 335 1474 366 adduceremur.
1504 334 1597 370 Quod
1628 334 1713 364 enim
1745 341 1808 364 νο·

185 381 358 411 Iuntarium
384 390 447 412 non
468 383 528 417 est,
552 390 591 412 ne
611 381 800 413 diuturnum
827 382 957 422 quidem
979 387 1092 414 est...
1109 406 1116 414 .
1146 385 1227 422 Ergo
1260 385 1359 422 prima
1383 383 1433 414 lex
1462 384 1597 414 sublatis
1625 384 1807 414 simulacris

183 432 335 462 sacriﬁcia
358 433 513 471 permisit.
547 433 693 464 Secunda
719 434 877 464 submotis
903 435 1078 472 sacriﬁciis,
1102 436 1378 466 circumcisionem
1411 435 1543 466 minime
1568 435 1742 475 prohibuit.
1761 437 1806 465 Ae

184 486 306 520 postea,
323 486 360 513 ut
383 483 482 514 semel
508 483 651 514 subtrahi
675 484 737 514 sibi
754 484 875 524 aliquid
890 492 982 524 aequo
1000 486 1114 521 animo
1139 486 1280 516 tulerunt
1307 486 1466 522 homines,
1494 486 1589 516 rebus
1619 486 1711 516 etiam
1741 486 1806 516 sibi

182 534 356 571 concessis,
380 536 440 566 hoc
462 538 529 571 est,
554 535 600 566 illi
631 536 810 573 sacriﬁciis,
835 536 867 566 hi
894 537 1135 568 circumcisione
1160 538 1401 574 abstinuerunt;
1426 541 1521 576 atque
1549 541 1583 568 ut
1602 546 1640 567 ex
1665 536 1804 567 ethnicis

182 583 296 621 Judaei,
315 584 358 615 ita
383 593 420 616 ex
441 585 562 616 Iudaeis
583 585 756 617 Christiani
774 585 847 616 facti
874 589 961 621 sunt,
989 595 1044 625 per
1075 587 1269 617 mutationes
1289 587 1379 626 quasi
1399 587 1507 617 furtim
1533 587 1569 616 ad
1593 587 1801 626 Evangelium

181 635 284 666 allecti
303 635 345 676 (α)
360 660 367 668 .
385 657 394 666 .
407 658 415 666 .
431 659 439 667 .
458 637 545 668 Huic
562 638 710 676 exemplo
739 636 918 668 divinitatis
945 637 1085 667 doctrina
1106 636 1279 675 comparari
1306 640 1420 675 potest,
1449 636 1511 666 nisi
1538 637 1625 675 quod
1643 637 1802 667 contrario

181 687 275 718 modo
292 697 341 720 res
361 689 520 727 procedit.
534 712 541 720 .
558 712 565 720 .
580 712 588 719 .
607 689 658 720 Sic
677 689 762 720 enim
779 698 814 719 se
841 697 890 719 res
915 688 1008 718 habet
1025 699 1032 717 :
1050 689 1151 718 Vetus
1172 689 1410 718 Testamentum
1438 688 1561 718 Patrem
1589 690 1696 726 aperte
1723 696 1802 726 prae-

179 739 312 777 dicabat,
337 741 454 772 Filium
481 741 660 772 obscurius.
686 741 811 771 Novum
842 745 949 771 autem
975 739 1066 770 nobis
1086 739 1203 770 Filium
1233 739 1402 779 perspicue
1426 739 1582 776 ostendit,
1606 743 1637 770 et
1663 739 1800 778 Spiritus

179 790 379 822 divinitatem
401 792 600 822 subobscure
625 791 866 831 quodammodo
891 791 1054 822 indicavit.
1071 791 1164 822 Nunc
1182 799 1257 821 vero
1286 790 1423 830 Spiritus
1449 790 1516 827 ipse
1539 791 1706 821 nobiscum
1731 799 1802 820 ver—

178 844 277 877 satur,
294 850 430 881 seseque
456 842 548 873 nobis
564 842 706 883 apertius
727 843 876 873 declarat.
893 842 1006 880 Neque
1029 842 1113 872 enim
1130 846 1232 873 tutum
1250 845 1326 878 erat,
1343 841 1444 872 Patris
1461 842 1629 873 divinitate
1648 842 1793 872 nondum

177 889 334 928 confessa,
350 891 468 923 Filium
486 897 592 931 aperte
618 892 802 932 praedicari;
822 901 891 930 nec,
916 892 989 922 Filii
1015 892 1184 923 divinitate
1212 893 1352 923 nondum
1373 892 1521 927 admissa,
1546 892 1699 930 Spiritum
1728 900 1802 922 san-

176 944 274 978 ctum,
297 943 383 974 velut
402 944 579 982 graviorem
608 944 776 984 quamdam
792 967 800 981 ,
829 945 854 974 si
883 944 924 974 ita
955 944 1041 983 loqui
1060 943 1106 974 fas
1128 948 1194 981 est,
1219 945 1372 976 sarcinam
1391 944 1485 975 nobis
1510 943 1631 982 ingeri.
1646 966 1653 973 .
1668 964 1675 972 .
1691 963 1698 971 .
1714 942 1800 979 Quin

177 994 280 1025 tacitis
305 996 411 1034 potius
428 997 682 1033 accessionibus,
713 1000 764 1032 et,
795 1001 827 1027 ut
855 996 957 1027 David
989 996 1143 1035 loquitur,
1175 997 1428 1033 ascensionibus,
1458 999 1553 1036 atque
1573 1005 1612 1026 ex
1635 994 1735 1034 gloria
1765 994 1799 1025 in

176 1045 308 1083 gloriam
336 1047 613 1086 progressionibus
635 1051 665 1078 et
693 1047 918 1084 incrementis,
934 1046 1102 1078 Trinitatis
1122 1047 1228 1077 lumen
1255 1047 1528 1086 splendidioribus
1557 1045 1704 1077 illuceret
1719 1068 1725 1076 .
1743 1068 1749 1074 .
1767 1069 1774 1076 .
1789 1069 1796 1076 .

175 1096 259 1132 Quin
273 1097 366 1128 etiam
384 1098 422 1129 ab
439 1098 510 1137 ipso
525 1098 601 1129 Jesu
618 1098 769 1137 paulatim
784 1098 1014 1129 declaratur....
1041 1109 1055 1125 α
1082 1097 1212 1136 Rogabo
1237 1098 1323 1128 enim
1347 1098 1483 1134 Patrem,
1503 1097 1622 1137 inquit,
1641 1100 1672 1128 et
1700 1096 1797 1126 alium

174 1148 367 1180 Paracletum
386 1149 487 1181 mittet
499 1150 600 1186 vobis,
617 1150 768 1189 Spiritum
788 1150 929 1180 veritatis
947 1153 1003 1178 ³ο.»
1017 1173 1024 1180 .
1039 1172 1047 1180 .
1064 1172 1071 1180 .
1087 1149 1228 1180 Habebat
1248 1149 1392 1189 qumdam
1409 1149 1560 1184 Salvator,
1577 1157 1648 1188 qua:
1666 1157 1681 1178 a
1705 1147 1800 1177 disci—

175 1199 271 1238 pulis,
291 1199 366 1231 licet
383 1200 503 1239 alioqui
523 1200 693 1240 multiplici
717 1201 863 1231 doctrina
881 1201 1104 1239 implerentur,
1122 1203 1197 1231 tunc
1220 1204 1322 1230 tamen
1353 1200 1467 1238 portari
1485 1208 1577 1238 posse
1596 1199 1741 1238 negabat,
1758 1198 1797 1227 ob

175 1258 228 1280 eas
245 1249 398 1287 forsitan,
420 1259 501 1290 quas
531 1251 635 1287 attuli,
667 1259 797 1287 causas,
821 1255 916 1290 atque
946 1251 1066 1282 idcirco
1094 1260 1128 1281 ea
1148 1251 1226 1290 ipsis
1251 1251 1438 1282 occultabat.
1466 1251 1510 1281 Ac
1532 1259 1644 1280 rursus
1673 1249 1799 1279 dicebat

172 1298 253 1334 fore,
270 1303 306 1330 ut
329 1300 368 1330 ab
385 1300 576 1332 adveniente
595 1301 713 1340 Spiritu
734 1301 842 1332 omnia
873 1301 1098 1332 edocerentur.
1126 1299 1209 1338 Ergo
1234 1309 1332 1330 unum
1360 1309 1398 1330 ex
1425 1309 1534 1331 eorum
1566 1308 1699 1330 numero
1727 1307 1797 1329 esse

174 1356 302 1385 censeo,
328 1348 426 1387 ipsam
453 1349 589 1388 Spiritus
612 1350 713 1380 sancti
744 1350 909 1386 deitatem,
931 1350 964 1380 in
995 1355 1158 1390 posterum
1184 1350 1325 1388 apertius
1347 1350 1586 1386 declarandam,
1609 1353 1676 1380 tam
1709 1349 1798 1379 vide-

174 1397 263 1435 licet,
292 1407 364 1430 cum
396 1399 459 1439 jam
493 1403 566 1440 post
596 1401 773 1431 Salvatoris
808 1401 840 1431 in
873 1401 1033 1439 integrum
1074 1401 1332 1436 restitutionem,
1366 1404 1487 1430 matura
1516 1403 1546 1430 et
1579 1397 1797 1438 perceptibilis

173 1452 256 1479 esset
282 1449 385 1488 ipsius
407 1451 559 1489 cognitio,
587 1453 696 1489 utpote
718 1451 771 1482 cui
797 1450 838 1481 ob
867 1455 928 1481 tam
957 1451 1085 1489 insigne
1114 1449 1303 1481 miraculum
1335 1449 1413 1480 ﬁdes
1443 1458 1505 1479 non
1535 1449 1598 1488 jam
1626 1449 1798 1486 abrogare-

173 1503 223 1529 tur
252 1498 305 1539 (b).
318 1511 332 1528 ι

126 1584 129 1588 _
210 1549 256 1579 Ex
286 1550 508 1589 superioribus
532 1550 677 1589 Gregorii
702 1550 809 1581 verbis
832 1551 871 1581 de
900 1550 973 1580 Filii
998 1550 1167 1580 divinitate
1195 1550 1330 1581 obscure
1358 1549 1389 1580 in
1419 1550 1545 1586 Veteri,
1574 1549 1740 1587 perspicue
1764 1549 1795 1578 in

172 1600 260 1631 Novo
280 1601 484 1631 Testamento
502 1601 644 1638 cognita;
667 1600 743 1631 item
764 1601 802 1631 de
818 1600 940 1640 Spiritu
966 1601 1164 1631 subobscure
1183 1603 1304 1631 tantum
1322 1601 1353 1630 in
1371 1601 1460 1630 Novo
1474 1600 1679 1630 Testamento
1698 1599 1797 1638 signi-

178 1651 269 1682 ﬁcato
287 1662 294 1681 :
313 1660 350 1681 ex
370 1650 433 1687 his,
453 1651 601 1690 inquam,
630 1651 748 1688 verbis,
764 1651 795 1681 id
825 1651 973 1691 sequitur
996 1655 1118 1682 tantum
1144 1655 1173 1682 et
1200 1651 1428 1690 colligendum,
1453 1654 1566 1689 praeter
1589 1650 1795 1688 Scriptura-m,

172 1700 378 1731 traditionem
406 1710 470 1732 non
488 1702 637 1740 scriptam
656 1701 756 1733 fuisse
781 1702 1007 1739 necessariam,
1025 1703 1116 1742 cujus
1132 1711 1191 1742 ope
1214 1703 1287 1733 Filii
1303 1711 1338 1733 ac
1358 1702 1494 1741 Spiritus
1520 1702 1621 1733 sancti
1646 1701 1796 1732 divinitas

172 1751 205 1780 in
230 1750 462 1789 Scripturarum
501 1752 694 1783 testimoniis
726 1752 925 1783 subobscure
965 1761 1135 1791 expressa,
1165 1753 1334 1791 perspicue
1367 1756 1397 1782 et
1425 1755 1533 1790 aperte
1570 1751 1794 1782 declararetur.

169 1801 263 1838 Quod
281 1801 410 1841 quidem
429 1803 504 1834 alibi
525 1802 564 1844 (ε)
592 1803 767 1842 Gregorius
789 1803 880 1834 docet
907 1805 1093 1843 expressius
1113 1815 1121 1834 :
1142 1815 1157 1832 cz
1171 1804 1356 1835 Praeclarum
1377 1803 1570 1842 depOsitum,
1594 1803 1679 1842 quod
1699 1813 1715 1833 a
1744 1812 1796 1842 pa-

171 1852 274 1884 tribus
297 1854 414 1884 nostris
441 1855 637 1893 accepimus,
661 1855 898 1892 custodientes;
918 1856 1053 1891 Patrem,
1070 1859 1101 1886 et
1119 1856 1248 1891 Filium,
1266 1859 1296 1886 et
1313 1855 1467 1892 Spiritum
1490 1859 1636 1886 sanctum
1661 1856 1796 1886 adoran-

170 1908 237 1940 tes;
254 1903 286 1934 in
308 1905 391 1935 Filio
414 1905 551 1940 Patrem,
571 1905 603 1934 in
619 1905 739 1944 Spiritu
756 1905 876 1935 Filium
902 1908 1145 1943 cognoscentes,
1163 1905 1196 1935 in
1216 1913 1354 1944 quorum
1379 1904 1510 1935 nomine
1537 1905 1686 1943 baptismi
1713 1914 1794 1944 aqua

169 1954 260 1985 tincti
275 1963 427 1986 sumus.»
449 1955 488 1985 Et
512 1963 558 1985 or.
574 1964 658 1985 xxxr
680 1956 725 1994 (n.
744 1955 818 1994 21):
839 1966 851 1983 ι
865 1955 1044 1986 Identidem
1061 1955 1245 1994 saepiusque
1268 1955 1410 1986 inculcas
1432 1955 1569 1994 Spiritus
1589 1954 1690 1986 sancti
1711 1955 1794 1985 divi-

170 2007 301 2037 nitatem
328 2006 419 2037 nullo
440 2006 608 2045 Scripturae
626 2007 694 2038 loco
714 2006 871 2046 proditam
890 2006 1012 2037 haberi.
1030 2006 1203 2037 Enimvero
1228 2006 1313 2046 quod
1338 2014 1398 2037 nec
1416 2014 1518 2037 novus
1536 2014 1571 2036 ac
1592 2005 1792 2044 peregrinus,

170 2065 228 2087 nec
247 2056 489 2088 introductitius
502 2056 571 2096 ipse
591 2057 644 2094 sit,
662 2066 772 2088 verum
788 2061 819 2087 et
836 2065 853 2088 a
877 2057 1004 2096 priscis,
1021 2060 1051 2087 et
1070 2056 1166 2095 hujus
1187 2056 1287 2086 aetatis
1305 2055 1491 2086 hominibus
1504 2054 1631 2094 agnitus
1651 2056 1683 2084 et
1708 2057 1794 2093 pate-

167 2107 282 2144 factus,
309 2116 492 2147 quanquam
509 2117 524 2138 a
547 2109 692 2148 pluribus
718 2110 781 2149 jam
806 2113 973 2140 ostensum
1008 2112 1072 2145 est,
1100 2109 1156 2148 qui
1178 2109 1218 2139 de
1237 2108 1294 2139 hac
1318 2117 1352 2138 re
1368 2108 1611 2144 _disseruerunt,
1639 2110 1735 2145 atque
1760 2107 1794 2136 in

168 2157 288 2188 divinis
311 2158 485 2196 Scripturis
510 2167 569 2189 nec
594 2159 721 2197 ignave,
744 2168 801 2190 nec
826 2159 1042 2198 perfunctorie
1069 2159 1185 2190 versati
1215 2162 1305 2194 sunt,
1338 2158 1392 2189 sed
1411 2157 1547 2188 litteram
1576 2160 1790 2195 penetrantes,

167 2212 263 2246 atque
284 2207 369 2238 intro
394 2207 640 2247 prospicientes,
669 2209 863 2239 reconditam
884 2208 1156 2246 pulchritudinem
1181 2209 1290 2239 divino
1319 2208 1473 2238 beneﬁcio
1499 2207 1659 2241 viderunt,
1688 2205 1793 2236 scien—

169 2259 287 2297 tiaeque
311 2258 382 2289 luce
411 2259 589 2290 collustrati
610 2263 720 2294 sunt,»
747 2265 805 2290 etc.
834 2260 911 2296 Qum
934 2262 1018 2290 certe
1048 2259 1235 2290 conﬁrmant
1256 2259 1469 2289 necessariam
1489 2265 1559 2287 esse
1587 2255 1789 2286 traditionem

169 2312 204 2338 ut
217 2308 385 2347 Scriptura)
402 2308 634 2347 intelligantur,
653 2309 790 2348 ﬁdeique
806 2309 954 2349 dogmata
969 2311 1160 2341 deﬁniantur
1175 2309 1213 2340 ab
1230 2308 1383 2343 Ecclesia,
1400 2315 1498 2346 penes
1515 2315 1608 2345 quam
1628 2309 1675 2336 est
1694 2305 1791 2344 depo-

169 2359 265 2389 situm
283 2360 379 2395 istud,
396 2360 482 2399 quod
498 2365 663 2399 acceptum
681 2361 718 2390 ab
736 2361 891 2399 apostolis
907 2364 1012 2391 servat
1028 2364 1059 2391 et
1076 2368 1202 2398 seraper
1225 2357 1374 2388 servabit.

205 2408 239 2439 Si
266 2409 410 2448 quwdam
436 2416 525 2449 sunt,
540 2420 611 2450 quae
629 2411 719 2442 mira-
734 2411 834 2441 videri
854 2411 995 2449 possint,
1020 2410 1102 2440 dicta
1117 2419 1135 2441 a
1149 2408 1303 2447 Gregorio
1319 2408 1358 2438 ad
1386 2406 1618 2438 defendendam
1651 2404 1789 2444 Spiritus

168 2459 266 2489 sancti
286 2459 505 2497 divinitatem;
526 2461 640 2492 mirum
660 2460 764 2491 adhuc
784 2460 884 2498 magis
900 2461 987 2500 quod
1006 2461 1060 2496 ait,
1080 2464 1157 2490 tunc
1183 2458 1336 2497 temporis
1362 2457 1536 2487 nonnullos
1564 2455 1677 2490 fuisse,
1694 2454 1788 2484 etiam

167 2517 207 2538 ex
222 2509 402 2547 Catholicis,
418 2511 475 2551 qui
492 2511 638 2552 quamvis
656 2511 808 2550 Spiritum
824 2513 969 2541 sanctum
986 2510 1140 2549 aequalem
1158 2508 1239 2539 Patri
1257 2513 1287 2538 et
1305 2507 1402 2543 Filio,
1419 2505 1790 2542 consubstantialemque

166 2560 344 2598 crederent,
364 2561 468 2601 ipsum
494 2565 599 2593 tamen
619 2562 722 2592 Deum
746 2562 905 2600 appellare
927 2561 1049 2591 nollent
1066 2570 1073 2589 :
1090 2560 1176 2599 quod
1203 2568 1299 2598 quam
1330 2559 1503 2589 absurdum
1521 2558 1573 2593 sit,
1601 2563 1695 2587 nemo
1726 2561 1788 2584 non

166 2609 337 2648 intelligit;
357 2619 416 2642 nec
439 2614 544 2642 tamen
564 2611 597 2641 in
622 2610 757 2641 dubium
781 2611 927 2642 revocari
953 2614 1076 2649 potest,
1103 2618 1175 2640 cum
1206 2612 1268 2639 tam
1300 2609 1417 2639 diserte
1439 2612 1560 2639 asserat
1584 2615 1619 2638 ac
1646 2606 1740 2642 dicat,
1756 2613 1789 2635 se

167 2658 267 2690 libere
283 2659 470 2698 prmdicante
488 2659 800 2700 Spiritumsanctum
823 2661 926 2691 Deum
946 2668 1029 2695 esse,
1047 2663 1236 2689 commotam
1258 2659 1360 2690 fuisse
1376 2663 1502 2688 terram.

200 2752 222 2768 ³ο
241 2751 322 2779 Joan.
342 2760 397 2784 inv,
411 2752 456 2779 16.

202 2846 242 2880 (a)
261 2845 308 2874 0r.
325 2844 370 2876 51,
387 2852 415 2880 n.
430 2844 474 2871 26.

1042 2842 1075 2878 (ε)
1093 2843 1138 2869 Or.
1155 2842 1180 2874 6,
1200 2851 1226 2869 ιι.
1247 2842 1290 2868 2'2.

204 2883 240 2915 (ὑ)
257 2881 334 2911 lbid.,
351 2888 377 2906 n.
393 2879 438 2906 ‘27.

308 2927 441 2957 Pnaoc.
472 2925 531 2957 Gn.
550 2926 668 2956 XXXV
1629 2922 1647 2950 ’0
