2058 3128
255 155 304 182 ίθῚ
761 154 946 183 PRA-ZFATIO
965 156 1031 183 (ὶΕΝ
1038 157 1067 183 ΕΙ

1067 155 1170 182 MLIS.
1190 170 1223 174 —
1243 155 1333 182 PARS
1353 155 1396 185 ιιι,
1828 152 1879 182 1ὓ3

343 213 424 239 Οὐδὲν
438 213 491 248 γὰρ
506 212 591 243 οὕτως
606 211 702 238 οὔποτε

1183 212 1220 248 (ρ)
1236 211 1308 238 Nihil
1323 211 1393 238 enim
1408 215 1447 248 sic
1462 216 1577 244 unquam

349 248 426 282 Ὁλὴν
442 246 529 273 Enetos
547 247 597 282 γὴν

1183 246 1276 282 Totam
1288 246 1432 273 commovit
1442 250 1557 282 terram,

346 283 388 314 Ὠς
400 279 557 318 “venturo:
573 279 711 317 ἐταρῤησία

1184 281 1356 318 μινιιυθςιειε,
1369 288 1421 314 qua
1430 279 1557 318 Spiritus

341 318 408 344 θεοῦ
424 315 570 352 βοώμένου.
612 315 634 317 ’Ἴ
657 315 661 317 ’

1185 317 1274 342 Palam
1287 316 1356 352 Deus
1366 315 1524 349 praedicatur
1537 324 1543 352 :_

343 354 374 379 Ὀ
388 349 434 378 κπῖ
452 349 589 387 xpedi/111
607 360 661 383 τηις
674 352 759 386 eum;

1185 351 1426 387 Qnodrclrinvistlnt
1441 357 1483 376 me
1495 349 1586 376 amicis

342 386 479 418 'l‘éOztxsv,
496 388 614 422 οἴδαμεν.

1186 386 1289 418 Ell'ccit,
1304 386 1329 412 id
1344 386 1455 412 scimus.

253 444 331 480 Quae
349 449 450 474 tamen
470 444 562 474 verba
579 444 625 474 sic
645 444 826 483 accipienda
852 452 922 474 esse
944 443 1092 480 arbitror,
1110 446 1144 473 ut
1162 443 1201 472 iis
1224 441 1404 480 signiﬁcare
1422 440 1558 471 voluerit
1583 440 1762 472 mirabilem
1792 442 1876 473 Con-

255 496 462 535 stantinopoli
490 496 700 541 mutationem
727 495 866 532 factam,
890 503 961 525 cum
990 495 1021 525 in
1053 503 1090 525 ea
1118 494 1216 530 urbe,
1239 501 1310 531 quae
1340 491 1525 530 metropolis
1552 494 1582 521 et
1601 492 1876 539 propugnaculum

256 549 324 576 erat
341 545 654 579 Macedonianorum,
680 545 818 574 Soiritus
834 544 934 574 sancti
957 543 1110 574 divinitas
1128 543 1230 582 ipsius
1245 542 1391 582 Gregorii
1406 549 1512 580 _opera
1539 541 1759 580 singularique
1776 543 1876 573 animl

253 597 439 628 fortitudine
457 597 622 635 praedicata
639 600 686 626 est

296 649 404 678 Inanis
434 651 540 678 autem
561 647 616 677 ille
641 647 825 686 scrupulus,
846 646 885 676 de
901 645 1126 685 praedicatione
1156 645 1295 684 Spiritus
1321 643 1421 675 sancti
1446 642 1641 678 divinitatis,
1666 650 1730 672 non
1752 641 1814 672 nisi
1840 642 1874 672 in

253 700 445 738 quibusdam
464 698 608 729 Orientis
641 699 786 737 partibus
805 702 968 736 grassatus
991 702 1052 732 est,
1069 697 1207 728 maxime
1226 697 1395 732 Caasarem;
1415 696 1458 726 ita
1475 698 1509 726 ut
1525 694 1617 724 etiam
1634 693 1785 729 Basilius,
1802 697 1874 723 cu‘m

254 750 446 780 lirmissimis
464 747 664 787 argumentis
697 746 835 783 Spiritus
849 746 950 776 sancti
980 745 1181 776 divinitatem
1212 745 1457 780 demonstraret,
1487 751 1558 774 eum
1586 751 1657 773 esse
1678 743 1780 772 Deum
1810 749 1874 772 non

252 786 569 840 aperteprmdicaret,
591 806 630 828 ne
654 797 779 827 animos
808 796 966 832 eﬁ'erarel,
983 804 1021 826 ne
1038 795 1131 826 novis
1159 795 1316 831 dissidiis,
1349 795 1509 833 novisque
1527 791 1751 823 vexationibus
1767 800 1876 822 ansam

252 849 420 888 praeberet,
441 850 527 889 quod
546 848 614 879 fuse
631 847 838 887 prosequitur
853 847 1027 885 Gregorius
1043 847 1189 878 oratione
1206 855 1301 887 quam
1322 846 1478 877 habuitin
1493 844 1618 875 laudem
1636 843 1743 874 Basilii
1763 843 1802 882 (ὁ)
1817 853 1825 872 :
1842 845 1876 874 in

252 901 424 931 Occidente
443 909 516 932 vero
532 908 723 939 nunquam;
742 907 837 930 nemo
854 900 941 930 enim
967 899 1033 930 illic
1048 899 1200 938 Spiritum
1217 901 1363 930 sanctum
1381 899 1482 929 Deum
1513 897 1619 927 dicere
1647 900 1679 926 et
1708 895 1877 935 praedicare

253 951 422 982 dubitavit.

291 1003 446 1040 Quamvis
462 1012 501 1034 ne
516 1003 720 1043 processione
741 1003 879 1042 Spiritus
895 1011 959 1033 non
983 1006 1053 1042 agat
1067 1003 1254 1041 Gregorius,
1283 1011 1374 1042 plura
1400 1010 1505 1033 tamen
1522 1002 1553 1032 in
1572 1001 1642 1041 ejus
1657 1001 1784 1041 scriptis
1802 1005 1877 1032 sunt

254 1055 334 1092 loca,
353 1064 390 1085 ex
407 1055 527 1094 quibus
545 1055 703 1095 conjicere
715 1055 799 1092 licet,
818 1063 892 1085 eum
909 1063 925 1084 a
944 1055 1035 1086 Patre
1052 1059 1082 1085 et
1098 1065 1113 1085 a
1132 1055 1214 1086 Filio
1230 1055 1384 1092 Spiritum
1398 1058 1542 1085 sanctum
1562 1055 1732 1093 procedere
1748 1053 1882 1085 arbitra-

254 1112 320 1136 tum
350 1105 463 1142 fuisse,
494 1110 528 1136 ut
554 1107 612 1137 ista
640 1106 702 1146 (c):
723 1105 945 1141 Προσκυνοῦντες
960 1106 1066 1142 Πατέρα

1066 1115 1072 1132 ι
1095 1108 1123 1132 ἐν
1143 1107 1210 1142 Υῐῷ,
1224 1097 1271 1134 xit
1287 1107 1351 1134 Υῐὸν
1362 1108 1390 1134 ὲν
1407 1107 1476 1142 ἁγίῳ
1488 1103 1643 1140 Πνεύματι·
1668 1115 1683 1132 ι(
1700 1105 1878 1135 Adorantes

252 1157 375 1188 Patrem
392 1158 424 1187 in
444 1158 537 1194 Filio,
555 1163 586 1189 et
602 1159 717 1190 Filium
736 1161 768 1191 in
783 1165 892 1192 sancto
909 1161 1041 1200 Spiritu.
1056 1173 1070 1189 μ
1083 1161 1208 1198 Quibus
1227 1162 1332 1192 verbis
1375 1161 1410 1206 id.
1436 1163 1627 1200 supponitur
1669 1158 1877 1199 quemadmo-

253 1207 328 1238 dum
345 1208 446 1260 Filius
467 1209 677 1242 substantiam
693 1221 782 1244 suam
800 1218 822 1244 a'
836 1214 927 1244 Patre
942 1214 1049 1250 trahit,
1066 1215 1113 1245 sic
1128 1223 1218 1245 suam
1235 1223 1252 1245 a
1268 1214 1349 1245 Filio
1365 1214 1503 1253 Spiritus
1519 1218 1659 1245 sanctus.

922 1290 964 1320 De
982 1290 1215 1321 Incarnatione.

289 1343 524 1379 Incarnationis
540 1358 603 1382 non
619 1353 725 1384 minus
742 1358 887 1386 accurate
903 1363 998 1394 quam
1014 1355 1181 1386 Trinitatis
1213 1354 1403 1394 mysterium
1435 1353 1574 1394 explicat
1590 1349 1776 1390 Gregorius.
1795 1348 1873 1378 Tam

254 1398 338 1428 enim
354 1399 491 1438 diligens
504 1405 533 1432 et
548 1410 714 1437 accuratus
732 1406 765 1436 in
784 1415 822 1438 eo
838 1407 1040 1447 exponendo,
1055 1411 1090 1438 ut
1107 1417 1145 1439 ex
1160 1408 1317 1439 immensa
1333 1408 1385 1439 illa
1405 1407 1561 1438 heat-esum
1579 1405 1660 1436 circa
1679 1401 1879 1434 lncarnatio-

254 1457 327 1478 ῐιθω
345 1447 487 1484 COhOI‘le.
503 1460 575 1491 qute
592 1456 684 1486 terris
702 1456 862 1494 incubuit,
876 1457 964 1488 nulla
980 1458 1021 1488 sit
1037 1467 1131 1498 quam
1157 1458 1278 1489 calamo
1295 1467 1359 1488 non
1397 1456 1575 1492 conﬁxerit,
1592 1458 1679 1486 natas
1707 1451 1825 1491 pariter
1849 1452 1881 1480 et

254 1500 445 1532 nasciturus.
462 1502 725 1537 Nestorianorum
743 1508 842 1544 enim,
861 1508 1135 1547 Eutychianorum
1156 1512 1186 1539 et
1204 1507 1488 1538 Monothelitarum
1507 1505 1604 1543 impia
1628 1504 1787 1547 dogmata.
1807 1507 1880 1539 quae

256 1551 392 1581 necdum
412 1557 594 1590 eruperant,
612 1557 779 1594 convellit,
795 1559 957 1597 oppositas
972 1559 1022 1589 his
1038 1559 1241 1598 dogmatibus
1257 1559 1406 1589 veritates
1423 1557 1611 1597 praedicans.
1629 1556 1674 1585 Ac
1687 1553 1788 1592 primo
1808 1550 1881 1590 qui-

255 1601 327 1631 dem
345 1609 406 1630 non
424 1601 516 1631 aliam
531 1606 918 1640 agnoscitlncarnationis
930 1617 1056 1639 causam
1067 1609 1123 1648 (d),
1134 1618 1227 1647 quam
1242 1608 1373 1639 humani
1391 1607 1518 1647 generis
1531 1603 1815 1636 restaurationem:
1829 1599 1879 1630 Τίς

251 1649 281 1676 δὲ
293 1649 342 1685 τῆς
357 1650 580 1686 ἀνθρωπότητος.
598 1653 631 1688 ἢν
646 1654 680 1680 δι’
694 1655 769 1690 ἡμᾶς
783 1656 886 1691 ὑπέστη
898 1657 974 1689 Θεὸς,
991 1657 1083 1690 uicta;
1099 1657 1136 1684 Τδ
1156 1658 1275 1693 σωθῆναι
1291 1659 1400 1689 πάντως
1413 1657 1496 1693 ἡμᾶς’
1512 1656 1538 1682 τί
1553 1655 1608 1690 γὰρ
1618 1654 1731 1688 ἓτερονὲ
1777 1651 1876 1681 Βοοθῑ

252 1701 394 1731 Verbum
411 1701 522 1730 animre
540 1702 682 1740 proxime
698 1704 823 1734 unitum
840 1704 942 1736 fuisse
959 1706 1009 1745 (ε),
1036 1715 1063 1736 m

1068 1706 1203 1746 ediaque
1217 1707 1321 1737 anima
1337 1706 1461 1745 corpori
1479 1714 1487 1734 :
1507 1704 1556 1730 Διά
1570 1703 1648 1730 τοῦτο
1663 1702 1730 1732 Θεὸς
1741 1700 1823 1736 σαρκὶ
1835 1699 1880 1726 διὰ

253 1750 341 1786 μέσης
351 1750 439 1786 ψυχῆς
452 1751 600 1787 ἁνεκράθη,
618 1753 666 1778 καὶ
683 1754 810 1789 συνεδέθη
825 1754 859 1781 τὰ
870 1755 1002 1781 διεστῶτα
1015 1757 1048 1790 τῇ
1067 1756 1134 1793 πρὸς
1148 1757 1231 1792 ἄμφω
1245 1756 1292 1783 τοῦ
1304 1755 1492 1792 μεσιτεύοντος
1502 1754 1658 1789 οἰκειότητι,
1675 1751 1832 1782 Divinitas
1848 1753 1881 1780 et

254 1807 380 1843 eorp‘us.
395 1813 444 1835 res
453 1805 668 1844 discrepantes
682 1806 722 1837 ita
734 1807 910 1846 conjunctae
920 1811 1005 1842 sunt,
1015 1807 1129 1837 animae
1140 1807 1318 1838 interventu
1333 1807 1385 1847 (f).
1396 1806 1631 1845 Apollinaristae
1643 1803 1754 1833 Jesum
1786 1799 1881 1830 Chria

253 1858 337 1885 stum
354 1854 555 1885 Dominicum
571 1854 733 1886 hominem
746 1857 945 1896 appellabant
957 1868 966 1895 ;
979 1865 1043 1897 quo
1058 1857 1186 1887 nomine
1201 1866 1218 1887 e
1236 1857 1351 1887 sanctis
1369 1855 1513 1886 Patribns
1526 1854 1575 1886 usi
1586 1857 1660 1885 sunt
1671 1849 1881 1887 Athanasius,

252 1903 466 1943 Epiphanius,
481 1904 668 1942 Cassianus,
688 1910 762 1944 etc.;
781 1915 891 1938 verum
908 1907 1002 1946 longe
1022 1907 1086 1938 alio
1098 1915 1208 1942 sensu,
1225 1907 1388 1937 hominem
1416 1906 1539 1936 scilicet
1555 1903 1731 1944 perfectum
1752 1900 1880 1932 intelli—

254 1961 378 1994 gentes.
408 1957 645 1995 Apollinaristze
667 1961 772 1990 autem
793 1959 956 1990 hominem
975 1960 1009 1990 in
1026 1959 1153 1990 Christo
1184 1959 1406 1995 admittebant,
1439 1958 1532 1988 modo
1563 1956 1672 1987 anima
1703 1955 1878 1986 carentem.

255 2008 352 2038 modo
381 2007 607 2046 intelligentia,
635 2009 725 2046 cujus
752 2008 874 2039 scilicet
903 2009 988 2040 vices
1005 2009 1207 2040 divinitatem
1235 2008 1385 2048 supplere
1402 2008 1569 2042 volebant;
1586 2013 1669 2045 quos
1684 2004 1732 2035 sic
1760 2000 1880 2033 refellit

253 2057 428 2096 Gregorius
444 2059 508 2096 (g):
527 2069 541 2085 ut
560 2057 671 2096 Neque
697 2057 861 2089 hominem
881 2067 898 2089 a
927 2059 1094 2090 divinitate
1112 2068 1308 2098 separamus,
1330 2059 1448 2097 inquit,
1467 2057 1523 2089 sed
1540 2065 1641 2088 unum
1669 2058 1702 2086 et
1728 2052 1878 2084 eumdem

255 2108 452 2146 proﬁtemur,
471 2118 485 2136 ι)
503 2111 564 2138 etc.
582 2107 660 2137 Duas
676 2108 894 2138 exscribendas
913 2111 1022 2139 essent
1040 2108 1079 2139 ad
1096 2108 1287 2140 Cledonium
1301 2109 1457 2148 epistolae,
1479 2116 1550 2148 quae
1564 2107 1641 2138 olim
1656 2105 1740 2135 inter
1755 2101 1880 2134 oratio—

255 2165 312 2187 nes
328 2157 590 2193 numerabantur,
606 2165 686 2196 quas
704 2157 788 2187 inter
802 2165 832 2187 ιι
848 2161 879 2188 et
897 2167 940 2187 ιιι
957 2159 1155 2198 occupabant
1187 2159 1310 2196 sedem,
1329 2163 1361 2190 et
1388 2163 1468 2190 orat.
1485 2157 1606 2189 xxxviii
1632 2157 1674 2188 (η.
1705 2155 1767 2195 13).
1785 2164 1800 2182 cr
1816 2152 1879 2190 Qui

255 2211 316 2243 est,
334 2206 366 2236 ﬁt
387 2215 394 2235 :
417 2207 473 2245 qui
490 2210 616 2237 creatus
633 2215 697 2237 non
717 2211 776 2244 esl,
794 2210 940 2243 creatur;
972 2208 1028 2247 qui
1059 2208 1150 2238 nullo
1170 2209 1240 2240 loco
1267 2210 1427 2241 contineri
1449 2213 1567 2249 potest,
1588 2217 1643 2248 per
1657 2207 1876 2237 interventum

255 2257 371 2287 anima)
392 2255 632 2292 intellectualis,
659 2256 743 2286 inter
759 2256 962 2287 divinitatem
992 2262 1022 2289 et
1052 2258 1156 2289 carnis
1186 2260 1378 2297 crassitiem,
1400 2261 1595 2291 continetur.
1611 2259 1673 2296 Qui
1699 2256 1877 2296 locupletes

255 2306 337 2337 alios
354 2306 445 2342 ditat,
462 2309 649 2345 paupertate
669 2305 804 2337 aﬂicitur
821 2316 829 2336 :
847 2306 952 2336 carnis
983 2306 1070 2338 enim
1090 2315 1169 2338 meae
1195 2313 1414 2350 paupertatem
1445 2309 1544 2346 subit,
1563 2312 1599 2340 ut
1623 2316 1682 2348 ego
1698 2305 1879 2339 divinitatis

254 2357 359 2397 ipsius
377 2365 454 2397 opes
475 2365 667 2396 consequar.
684 2356 748 2393 Qui
765 2356 882 2396 plenus
898 2360 959 2392 est,
972 2357 1158 2388 exinanitur
1175 2367 1182 2387 :
1201 2368 1257 2390 sua
1274 2360 1361 2390 enim
1377 2358 1479 2399 gloria
1498 2368 1562 2390 non
1581 2359 1662 2390 nihil
1681 2357 1877 2390 exinanitur.

257 2412 292 2438 ut
308 2416 366 2446 ego
383 2406 594 2446 plenitudinis
612 2407 717 2446 ipsius
733 2408 893 2447 particeps
924 2407 1080 2441 eiiiciar...
1113 2409 1258 2440 Christus
1287 2409 1426 2440 humana
1443 2409 1563 2445 omnia,
1587 2412 1721 2448 excepto
1737 2411 1867 2447 peccato

255 2457 404 2496 suscipit,
423 2461 597 2496 conceptus
615 2457 746 2496 quidem
764 2466 801 2488 ex
819 2458 966 2496 Virgine,
985 2459 1092 2490 animo
1120 2464 1153 2490 et
1181 2468 1314 2498 corpore
1343 2469 1360 2490 a
1387 2459 1507 2499 Spiritu
1526 2463 1744 2498 prmpurgata;
1761 2468 1833 2490 nam
1849 2464 1880 2490 et

255 2509 495 2548 generationem
511 2506 634 2537 honore
650 2506 743 2543 aﬂici,
761 2510 792 2538 et
808 2507 1025 2546 virginitatem
1056 2510 1198 2548 praeferri
1217 2510 1395 2548 oportebat.
1417 2521 1432 2537 η
1451 2510 1617 2548 Virginem
1647 2510 1792 2548 Mariam,
1809 2518 1881 2549 quia

255 2559 430 2590 Dominum
456 2556 602 2596 concepit
621 2560 652 2588 et
681 2558 815 2596 peperit,
847 2566 912 2588 non
940 2559 1067 2590 semelt

1067 2559 1186 2587 ieotéxov
1200 2559 1334 2595 παρθένον
1352 2559 1515 2598 appellans
1539 2559 1592 2598 (lt),
1610 2560 1778 2591 anathema
1797 2560 1879 2591 dixit

256 2609 404 2658 Nestorio
421 2609 606 2648 priusquam
624 2612 819 2646 nasceretur,
835 2607 942 2648 iisque
954 2609 1106 2641 omnibus
1125 2611 1181 2650 qui
1197 2610 1276 2641 hanc
1290 2609 1497 2640 honorificam
1515 2609 1760 2648 appellationem
1779 2610 1880 2642 beatm

256 2659 380 2698 Virgini
398 2660 555 2691 adimunt.

291 2773 329 2810 (ιι)
348 2774 438 2810 Germ.
455 2775 488 2801 al.
508 2775 568 2806 145,
586 2783 611 2802 v.
627 2775 660 2802 13
676 2780 701 2802 et
715 2784 771 2810 seq.

586 2783 611 2802 v.
627 2775 660 2802 13
676 2780 701 2802 et
715 2784 771 2810 seq.
1134 2775 1168 2808 (ρ)
1189 2774 1236 2801 0r.
1251 2774 1278 2806 ‘2,
1297 2783 1324 2801 n.
1340 2775 1385 2802 2'5.

291 2809 328 2846 ψ)
348 2809 485 2846 9rat,ﬁ3,
502 2818 527 2835 η.
545 2810 591 2843 68,
606 2810 650 2838 69.
756 2809 760 2810 7

1134 2810 1168 2844 υ)
1185 2811 1306 2846 ξωριπιιν
1323 2810 1338 2836 l.
1358 2819 1386 2842 ιι,
1406 2818 1430 2838 c.
1448 2811 1492 2842 ιϐ,
1511 2820 1537 2846 p.
1557 2813 1615 2841 161.

291 2844 327 2914 ἒς)
344 2844 389 2871 0r.
410 2844 454 2886 ξι,
475 2854 500 2870 ιι.
523 2845 561 2872 19.

303 2881 330 2914 d)
351 2879 397 2907 0r.
418 2878 462 2911 00,
484 2889 508 2906 ιι.
522 2880 545 2908 2.

1134 2851 1167 2877 (g)
1184 2844 1266 2876 Epist.
1289 2845 1300 2870 t
1317 2846 1349 2870 ad
1365 2844 1532 2880 Cledonium,
1548 2848 1611 2876 olim
1626 2855 1666 2875 or.
1685 2847 1728 2875 51.

1135 2881 1169 2914 (η)
1188 2879 1235 2906 0r.
1253 2878 1296 2911 35,
1319 2887 1346 2907 n.
1360 2880 1385 2907 6.

303 2878 330 2915 εί)
351 2879 397 2907 0r.
418 2878 462 2911 50,
484 2889 508 2906 n.
522 2880 545 2908 2.

1135 2881 1169 2914 (η)
1188 2879 1235 2906 0r.
1253 2878 1296 2911 35,
1319 2887 1346 2907 n.
1360 2880 1384 2907 6.
