2058 3128
162 162 214 195 £09
661 170 845 198 PREEFATIO
867 170 1074 197 GENERALIS.
1095 184 1130 189 -
1151 169 1240 195 PARS
1260 168 1302 195 lll.
1744 169 1795 197 “0

893 230 933 257 De
949 228 1077 266 angelis.

200 277 294 314 Quod
310 278 440 316 angelos
458 283 592 318 Spectat,
622 280 742 310 haerere
773 279 900 309 videtur
931 278 1105 316 Gregorius
1135 277 1218 307 circa
1245 284 1358 307 eorum
1388 270 1602 312 creationem,
1631 278 1793 311 naturam,

162 333 294 366 suetum,
312 335 342 360 et
358 329 462 361 varios
480 337 592 359 eorum
609 328 740 359 ordines
756 338 763 358 :
781 328 812 358 in
831 337 867 358 ea
885 331 990 357 tamen
1019 335 1090 357 cum
1118 327 1260 366 antiquis
1279 326 1425 356 Patribus
1444 325 1563 356 Graecis
1591 324 1694 356 fuisse
1711 333 1792 356 sen-

163 380 260 410 tentia
278 380 413 416 videtur,
432 382 467 409 ut
485 379 628 409 crederet
645 381 717 408 ante
738 377 896 408 mundum
923 381 1045 408 creatos
1065 386 1136 407 esse
1157 377 1300 415 angelos.
1317 388 1330 404 ι(
1346 376 1386 416 (α)
1402 377 1562 412 Quoniam
1579 377 1685 406 autem
1702 375 1795 405 boni-

163 429 250 460 tati»
279 430 395 460 divinm
423 441 438 458 ‹‹
469 437 670 468 nequaquam
705 428 782 459 satis
814 431 880 458 erat
911 436 968 457 sua
1000 426 1102 466 ipsius
1133 427 1236 457 solum
1266 426 1537 465 contemplatione
1566 425 1701 461 moveri,
1737 424 1794 461 sed

162 479 281 510 bonum
297 480 433 510 diffundi
451 489 486 510 ac
503 478 672 518 propagari
691 477 872 516 oportebat,
884 481 918 506 ut
936 477 1025 515 plura
1042 481 1161 511 essent,
1180 485 1251 515 quae
1264 477 1420 507 beneﬁcio
1430 476 1643 514 afﬁcerentur,
1659 477 1691 507 id
1706 477 1793 507 enim

162 537 295 558 summae
306 528 462 560 bonitatis
482 533 560 565 erat,
578 529 717 568 primum
734 527 894 565 angelicas
912 531 943 556 et
959 526 1105 558 caelestes
1126 527 1258 557 virtutes
1272 527 1421 564 cogitavit
1441 530 1557 565 :atque
1570 527 1623 557 illa
1640 527 1793 565 cogitatio

161 585 242 617 opus
258 584 335 615 erat,
354 579 439 618 quod
459 580 565 609 Verbo
584 578 825 614 conﬁciebatur,
846 586 880 606 ac
896 576 1015 614 Spiritu
1033 577 1230 615 explebatur.
1251 579 1357 616 Atque
1383 577 1424 607 ita
1446 578 1579 608 secundi
1605 577 1795 615 splendores

160 629 315 666 procreati
336 634 423 664 sunt,
442 629 535 668 primi
551 627 733 667 splendoris
749 625 955 662 administri;
981 625 1049 656 sive
1078 625 1299 664 intelligentes
1319 626 1467 664 spiritus,
1498 625 1565 657 sive
1578 626 1686 665 ignem
1707 627 1795 656 velut

159 678 300 708 materiae
315 681 478 717 expertem
496 682 526 709 et
543 679 782 716 incorporeum,
813 676 881 706 sive
906 675 1000 705 aliam
1019 675 1186 714 quamdam
1205 679 1347 705 naturam
1361 684 1415 706 eos
1430 676 1617 706 existimare
1634 679 1793 714 oportet.»

158 729 389 759 Verumtamen
421 730 551 768 angelos
576 741 590 757 α
609 728 664 769 ’(ὺ)
697 728 835 767 simplici
869 726 1005 766 quadam
1042 727 1364 765 naturanpraeditos,
1399 731 1429 758 ct
1454 738 1468 754 «
1504 735 1597 765 puras
1628 731 1788 757 naturas»

158 779 409 818 sanxit.«lgnem
422 789 520 810 »νεεΓο
537 780 623 817 ipsos
641 782 803 816 nuncupat
829 777 883 817 (c),
902 784 966 806 non
978 777 1064 815 quod
1081 784 1264 814 corpoream
1274 777 1486 808 substantiam
1504 777 1551 808 vel
1570 777 1792 808 tenuissimam

159 828 206 859 eis
222 829 359 868 efﬁngat,
375 831 432 861 sed
445 831 485 860 ob
503 839 634 861 munera
655 830 775 869 quibus
792 837 865 866 erga
882 836 941 859 nos
955 828 1145 866 funguntur.
1164 827 1213 857 Sic
1229 828 1316 858 Deus
1335 839 1348 856 α
1369 828 1450 866 ignis
1465 828 1583 858 netiam
1603 828 1636 857 in
1654 828 1794 867 Scriptu-

159 878 204 909 ris
221 883 362 914 vocatur,
381 880 428 910 vel
443 880 484 910 ob
500 880 631 910 nimiam
654 879 836 918 puritatem,
853 877 902 908 vel
920 878 960 907 ob
973 877 1258 915 ﬂagrantissimum
1271 879 1405 918 justitiae
1419 879 1562 909 studium
1579 887 1644 917 quo
1666 883 1793 917 peccata

158 930 276 966 exurit,
297 935 411 968 pravos
431 938 536 961 mores
551 931 619 961 sive
635 929 849 964 immutando,
865 927 935 958 sive
948 927 1131 966 plecte-udo.
1150 929 1208 959 His
1225 930 1337 960 annuit
1356 933 1487 960 sanctus
1503 929 1628 965 doctor,
1646 932 1676 959 et
1694 928 1795 959 inter-

158 979 327 1018 pretationi
344 980 548 1018 suffragatur.
573 992 587 1007 ε(
607 980 758 1018 Spiritus,
779 979 883 1018 inquit
901 978 956 1019 (ἁ),
970 983 1067 1018 atque
1084 978 1169 1017 ignis
1195 979 1328 1017 angelus
1355 979 1552 1018 appellatur;
1596 978 1688 1015 illud,
1717 979 1793 1018 quia

157 1028 339 1059 intellectili
361 1034 473 1060 natura
489 1034 536 1060 est
549 1031 712 1068 praeditus,
728 1030 799 1065 hoc,
813 1029 889 1068 quia
907 1029 1083 1068 purgandis
1107 1030 1224 1060 animis
1241 1030 1360 1060 nostris
1377 1029 1567 1064 adhibetur;
1584 1029 1792 1068 quandoqui-

158 1079 231 1108 dem
249 1079 399 1117 primaria
419 1088 550 1118 quoque
567 1080 618 1110 illa
637 1081 776 1111 essentia
793 1081 907 1121 (Deus)
940 1082 1055 1112 iisdem
1077 1081 1263 1111 nominibus
1289 1080 1321 1110 in
1345 1080 1506 1120 Scriptura
1531 1084 1755 1118 nuncupatur.
1778 1092 1792 1107 ιι

157 1127 294 1159 Videtur
308 1129 425 1160 alicubi
445 1129 482 1169 (ε)
498 1131 629 1169 angelos
647 1136 757 1162 natura
775 1140 832 1161 sua
846 1132 934 1162 omni
951 1135 1082 1170 peccato
1102 1139 1233 1167 prorsus
1257 1130 1421 1162 immunes
1442 1131 1583 1170 opinari.
1602 1144 1615 1159 α
1634 1133 1795 1169 Quoniam

159 1179 384 1217 omnipeccati
402 1179 472 1210 labe
489 1190 607 1217 carere,
628 1181 685 1211 Dei
721 1185 780 1217 est,
809 1183 983 1222 primaeque
1017 1187 1047 1213 et
1075 1180 1297 1219 incompositae
1325 1184 1445 1211 naturae
1478 1182 1678 1220 (simplicitas
1706 1183 1794 1213 enim

159 1231 265 1267 pacata
281 1233 338 1265 est,
355 1233 450 1268 atque
476 1231 515 1260 ab
530 1231 618 1261 omni
637 1232 770 1262 dissidio
793 1233 946 1272 remota);
978 1233 1127 1264 audacter
1158 1232 1253 1262 etiam
1280 1231 1406 1267 addam,
1424 1235 1453 1261 et
1469 1232 1631 1270 angelicae,
1649 1240 1720 1271 quae
1737 1237 1794 1263 aut

160 1287 291 1317 prorsus
311 1283 398 1310 extra
417 1282 565 1319 peccandi
584 1281 685 1312 aleam
705 1285 764 1319 est,
782 1286 837 1312 aut
852 1284 891 1314 ad
910 1284 940 1313 id
953 1288 1038 1315 certe
1054 1282 1095 1313 ob
1113 1291 1182 1313 eam
1212 1281 1501 1327 pr0pinquitatem,
1519 1292 1616 1322 quam
1634 1285 1671 1315 ad
1690 1286 1792 1316 Deum

159 1329 267 1364 habet,
285 1331 429 1368 proxime
446 1332 580 1362 accedit.
601 1343 615 1360 »
634 1333 752 1362 Verum
773 1335 965 1365 sententiam
980 1338 1037 1364 aut
1055 1338 1247 1373 temperare,
1263 1338 1318 1364 aut
1333 1334 1445 1364 saltem
1462 1334 1635 1374 explanare
1652 1345 1788 1375 sequens

158 1381 246 1411 tibus
260 1382 367 1412 dicere
386 1382 464 1413 nihil
484 1387 568 1413 vetat
593 1395 606 1410 α
624 1383 659 1422 (Γ)
676 1384 778 1414 Gestit
794 1385 924 1424 quidem
942 1385 1070 1415 animus
1086 1384 1193 1415 dicere
1222 1385 1260 1414 ad
1278 1385 1396 1415 malum
1414 1385 1598 1416 immobiles
1616 1398 1629 1414 υ
1648 1387 1794 1425 angelos,

159 1442 174 1458 α
190 1435 286 1470 atque
297 1433 334 1462 ad
347 1432 466 1463 bonum
480 1434 632 1464 duntaxat
644 1434 851 1472 agitationem
873 1434 1040 1470 habentes,
1057 1438 1168 1472 utpote
1186 1435 1290 1465 Deum
1316 1434 1575 1474 circumstantes,
1591 1445 1626 1467 ac
1644 1438 1794 1475 primario

157 1484 215 1513 Dei
233 1483 357 1522 fulgore
375 1483 590 1521 collucentes;
609 1493 721 1516 verum
743 1490 777 1516 ut
794 1494 859 1516 non
875 1485 1009 1516 omnino
1040 1485 1237 1519 immobiles,
1259 1484 1314 1515 sed
1336 1493 1419 1523 regre
1445 1485 1581 1516 mobiles
1610 1487 1792 1518 existimem

158 1542 193 1563 ac
209 1533 324 1570 dicam,
341 1533 419 1564 mihi
436 1536 609 1574 persuadet
624 1535 680 1567 ille
709 1536 749 1566 ob
779 1536 984 1575 splendorem
1003 1535 1140 1572 Lucifer,
1171 1535 1227 1574 qui
1249 1539 1378 1574 propter
1409 1535 1592 1574 superbiam
1614 1536 1728 1576 caligo,
1761 1541 1794 1568 et

158 1584 291 1615 eﬂ‘ectus
306 1588 365 1620 est,
379 1590 409 1615 et
425 1586 620 1621 nominatur,
634 1595 669 1617 ac
683 1586 836 1625 subjectae
855 1586 915 1626 ipsi
936 1586 1076 1617 rebelles
1096 1589 1282 1624 potestates,
1302 1594 1374 1625 quia
1391 1595 1445 1625 per
1459 1586 1535 1616 boni
1552 1585 1659 1624 fugam
1676 1587 1791 1617 vitium

158 1634 346 1670 effecerunt,
363 1634 508 1674 illudque
526 1637 616 1666 nobis
635 1640 873 1667 contraxerunt.
889 1647 903 1663 ιι
922 1636 1063 1675 Angelos
1080 1636 1133 1666 hic
1143 1636 1279 1667 attendit
1292 1637 1404 1676 quales
1420 1640 1522 1674 erant,
1539 1636 1616 1666 dum
1630 1638 1669 1667 de
1685 1637 1792 1668 futura

157 1685 240 1716 forte
256 1685 482 1722 adhucinscii,
503 1691 533 1717 et
549 1687 692 1717 nondum
722 1687 754 1717 in
783 1688 948 1718 sanctitate
973 1686 1183 1723 constabiliti,
1214 1686 1316 1717 libero
1337 1690 1485 1726 poterant
1501 1686 1637 1717 arbitrio
1652 1695 1668 1716 a
1690 1687 1791 1725 prima

157 1735 318 1766 sententia
341 1735 376 1765 in
405 1736 498 1766 aliam
524 1738 707 1774 deﬂectere,
724 1737 796 1768 licet
815 1738 852 1767 ad
865 1737 1024 1775 justitiam
1041 1737 1159 1768 mentis
1172 1737 1286 1767 aﬂ‘ectu
1303 1743 1378 1767 tunc
1392 1737 1563 1772 oroclives,
1578 1736 1793 1774 promptiores

158 1786 197 1814 ad
213 1786 334 1815 bonum
349 1793 444 1824 quam
461 1788 498 1818 ad
517 1787 634 1818 malum
655 1791 777 1818 essent.

199 1849 214 1864 α
233 1837 274 1875 (g)
290 1837 448 1875 Angelicae
467 1839 640 1874 potestates
655 1835 773 1865 divina;
789 1835 964 1866 voluntatis
995 1835 1152 1868 ministrae
1170 1847 1257 1875 sunt,
1287 1839 1467 1878 roboreque
1499 1847 1562 1868 non
1586 1839 1681 1870 modo
1697 1844 1793 1871 natu-

159 1887 229 1923 rali,
248 1886 303 1917 sed
321 1888 415 1917 etiam
438 1886 615 1917 adventitio
638 1885 770 1924 pollent,
791 1885 858 1916 loca
875 1885 982 1915 omnia
1011 1892 1190 1926 peragrant,
1210 1892 1275 1918 tum
1304 1890 1344 1919 ob
1373 1889 1542 1920 ministerii
1561 1892 1791 1931 promptiturti-

159 1947 245 1973 nem,
266 1941 331 1968 tum
349 1938 390 1968 ob
407 1940 526 1968 naturae
554 1937 727 1967 levitatem.
754 1936 833 1966 Alias
863 1935 955 1967 aliam
981 1937 1166 1976 quamdam'
1182 1939 1270 1969 orbis
1302 1943 1421 1978 partem
1441 1941 1717 1979 complectuntur,
1733 1949 1789 1974 aut

159 1991 246 2019 certe
262 1987 334 2018 aliis
350 1987 494 2026 quaedam
513 1995 584 2025 pars
603 1987 773 2017 commissa
792 1989 851 2023 est,
877 1992 912 2018 ut
942 1989 1031 2020 novit
1049 1989 1104 2028 qui
1121 1988 1188 2020 hzec
1205 1990 1365 2021 ordinavit
1392 1999 1428 2020 ac
1446 1989 1605 2022 distinxit.
1622 1993 1670 2023 Ad
1691 2003 1791 2025 unum

158 2046 266 2068 rerum
285 2037 431 2068 omnium
446 2036 630 2068 Conditoris
647 2040 763 2068 nutum
779 2038 887 2068 omnia
901 2038 934 2068 in
949 2039 1212 2078 unumjungunt.
1229 2039 1362 2070 Divinas
1383 2040 1494 2071 laudes
1506 2050 1638 2082 canunt,
1650 2054 1685 2076 ac
1702 2054 1789 2077 sem—

159 2091 316 2129 piternam
331 2089 418 2120 illam
427 2087 558 2126 gloriam
571 2087 765 2126 sempiterna
780 2087 957 2125 intuentur,
967 2095 1028 2119 etc.
1038 2090 1079 2128 (I1)
1096 2090 1193 2120 Nobis
1208 2101 1221 2117 ι.
1232 2090 1326 2121 etiam
1339 2100 1353 2120 ‹‹
1367 2092 1404 2121 ad
1419 2093 1539 2131 optima
1549 2103 1686 2134 quaeque
1694 2097 1790 2136 διηυ-

157 2143 266 2174 mento
281 2143 367 2171 sunt.
386 2150 400 2166 »
1699 2151 1702 2154 .

598 2190 638 2219 De
652 2189 755 2218 anima
776 2188 899 2229 ejusque
918 2189 1152 2220 immortalitate
1170 2195 1197 2221 et
1212 2191 1343 2230 origine.

198 2242 347 2273 Animam
364 2249 402 2271 ex
417 2241 481 2271 Deo
495 2244 525 2271 et
540 2240 753 2290 immortalem
769 2248 839 2270 esse
854 2240 945 2269 docet
959 2240 994 2278 (ἰ)
1013 2250 1048 2269 :«
1067 2240 1183 2271 Anima
1201 2250 1238 2272 ex
1257 2243 1324 2273 Deo
1337 2247 1395 2281 est,
1411 2249 1508 2285 atque
1534 2247 1655 2286 divina,
1677 2259 1790 2290 super-

158 2303 274 2334 meque
291 2290 467 2324 nobilitatis
487 2290 658 2330 particeps,
690 2289 727 2319 ad
745 2297 882 2328 eamque
902 2297 1097 2328 properans;
1115 2292 1241 2322 tametsi
1258 2293 1363 2325 vitiari
1381 2295 1508 2327 inierim
1529 2307 1564 2329 ac
1578 2289 1733 2332 deteriori
1749 2303 1791 2334 ⁵η

160 2345 337 2375 astricta....
355 2343 390 2383 (j)
403 2342 447 2372 De
465 2341 580 2372 animae
592 2340 697 2371 salute
715 2339 946 2378 periclitamur,
961 2348 1034 2378 quae
1051 2341 1142 2371 beata
1159 2345 1189 2372 et
1219 2343 1409 2375 immortalis
1428 2350 1487 2383 est,
1508 2352 1604 2388 atque
1620 2350 1788 2383 immorm-

160 2394 257 2430 libus,
293 2393 341 2424 vel
371 2391 552 2430 suppliciis,
580 2389 629 2421 vel
663 2389 825 2425 laudibus,
852 2391 893 2421 ob
913 2391 1025 2422 vitium
1053 2397 1108 2424 aut
1137 2393 1288 2423 virtutem
1318 2393 1488 2426 afﬁcietur.
1507 2407 1521 2425 ιι
1545 2399 1666 2438 Patres,
1684 2400 1790 2433 carnis

159 2448 281 2476 tantum
297 2448 373 2474 sunt
389 2448 492 2484 patres
510 2454 518 2471 τ

441 2507 571 2544 Οῷχλὸλου
587 2507 739 2543 ἀνθρώποιο
752 2507 843 2544 πατὴρ
855 2507 958 2544 βροτὸς,
971 2508 1008 2539 ὡς
1024 2507 1177 2538 ἐνέπουσιν,

441 2542 510 2570 Ἀλλ’
527 2543 605 2569 ὅσσον
620 2542 720 2578 σὰρκός
736 2552 766 2569 τε
777 2542 968 2578 καὶήαῖματος·
986 2544 1148 2578 ἀμφοτέρων
1167 2542 1215 2577 μὲν

449 2577 627 2614 Ὀλλυμένων,
642 2577 713 2613 ψυχὴ
728 2578 756 2605 δὲ
770 2577 836 2614 Θεᾳῦ
849 2577 1014 2614 κρατέοντος
1022 2579 1113 2613 aqua,

445 2612 573 2640 Ἐκτοθεν
591 2612 770 2640 etanta-Eccum
783 2613 843 2647 χοὸς
859 2612 965 2640 πλάσει.
984 2612 1058 2639 Οἶδεν
1074 2614 1087 2639 ὀ
1099 2613 1188 2648 μίξας,

447 2649 510 2680 Ἰῶς
524 2649 555 2675 τὸ
571 2648 679 2675 πρῶτον
692 2648 815 2680 ἔπνευσε,
828 2648 875 2675 καὶ
888 2649 979 2675 εἰκόνα
993 2649 1088 2684 ptine
1099 2649 1174 2684 γαίῃ.

192 2738 231 2775 (ᾳ)
251 2738 299 2775 9r.
312 2738 360 2775 βε,
373 2747 401 2767 n.
415 2739 441 2766 9.
1038 2742 1071 2775 (ί)
1091 2739 1137 2767 Or.
1153 2740 1199 2772 58,
1217 2750 1245 2768 n.
1266 2742 1292 2767 9.

190 2773 229 2807 (ὁ)
247 2773 296 2810 Qr.
380 2783 406 2800 ιι.
422 2775 464 2802 15.

1035 2773 1071 2810 (il)
1090 2777 1137 2803 0r.
1157 2776 1203 2806 ‘28.
1222 2785 1248 2802 n.
1265 2777 1307 2803 5L

205 2810 230 2843 ι)
250 2809 297 2845 Or.
314 2809 361 2842 28,
379 2818 406 2836 n.
422 2810 464 2836 51.

1033 2813 1072 2845 (ii)
1092 2811 1137 2838 0r.
1156 2811 1190 2837 ιο
1201 2831 1208 2842 ,
1223 2820 1250 2838 n.
1265 2811 1308 2838 56.

204 2844 234 2877 ά)
253 2844 320 2879 ibid.

1033 2851 1062 2879 (ιι
1081 2845 1269 2877 ()r.2,n.17.

205 2880 229 2914 e)
245 2877 292 2907 0r.
308 2879 354 2913 60,
369 2888 396 2907 n.
408 2881 433 2907 7.
1032 2877 1065 2915 (j)
1086 2881 1150 2908 ltml.
1161 2900 1168 2913 ,
1184 2889 1210 2908 n.
1227 2881 1270 2909 98.
