2058 3128
290 185 337 213 111
784 184 966 212 Pll/EFATIO
985 185 1190 214 GENERALIS.
1211 201 1244 205 —
1262 185 1352 214 PARS
1372 185 1412 212 Ill.
1820 216 1826 222 .
1864 182 1912 209 112

573 245 610 278 (ni
625 244 682 271 Non
697 245 778 271 totius
794 244 910 270 hominis
923 245 1002 271 homo
1013 249 1088 278 pater
1101 250 1152 275 est.
1170 251 1198 272 ut
1209 246 1260 272 dici
1275 245 1351 275 solet.

574 281 626 306 Sed
642 284 744 306 tantum
757 280 848 306 Carnis
861 285 887 305 et
901 280 1048 314 sanguinis,
1065 287 1178 313 quorum
1196 286 1340 314 utrumque

569 315 680 341 Peribit.
702 314 797 340 Anima
812 320 904 350 autem
919 313 966 340 Dei
979 315 1173 350 omnipotentis
1187 317 1351 350 spiraculum
1369 320 1420 346 est,

572 350 744 376 Extrinsecus
765 349 885 376 incidens
899 349 925 376 in
939 354 1067 376 terrestre
1081 349 1247 383 ﬁgiiientum.
1269 351 1348 378 Novit
1364 350 1409 383 qni
1425 350 1530 377 miscuit

569 385 707 417 Quomodo
724 384 838 418 primum
855 383 965 416 amavit,
977 392 1009 411 ac
1030 385 1172 419 imaginem
1185 391 1265 413 terra:
1282 386 1402 412 miscuit.

916 439 1079 470 Peccatum
1107 441 1270 480 originale.

325 490 486 528 Originalc
504 494 665 528 peccatum
681 490 886 529 apertissime
902 491 1096 521 conﬁtetur:
1126 503 1139 519 ιι
1160 492 1261 522 Totus
1303 491 1416 527 cecidi,
1448 490 1550 529 inquit
1565 488 1618 528 (ὁ),
1652 491 1747 526 atque
1788 486 1829 517 ob
1846 488 1910 526 pri-

287 541 327 569 mi
347 539 486 570 hominis
505 541 757 572 inobedientiam
774 545 805 571 et
822 540 940 571 diaboli
956 540 1100 571 fraudem
1120 542 1350 572 condemnatus
1367 549 1437 572 sum
1449 563 1456 571 .
1469 564 1475 571 .
1490 563 1497 571 .
1513 538 1568 579 .(c)
1583 537 1858 574 Quemadmodum
1876 537 1908 567 in

287 591 384 621 veteri
401 591 522 621 Adamo
538 592 653 622 mortui
670 600 794 627 sumus,
807 591 846 622 ita
860 591 892 622 in
906 591 1031 622 Christo
1044 591 1474 629 vivamus“;dumnimirum
1484 599 1554 621 cum
1567 587 1908 621 Christoetnascimur,

286 645 315 670 et
329 641 412 671 cruci
432 641 642 679 aiIigimur,rt
658 641 850 680 sepelimur,
866 645 896 672 et
917 642 1125 680 resurgimus.
1150 642 1282 672 Pulchra
1306 641 1391 672 enim
1414 642 1447 671 in
1471 639 1662 672 contrarium
1681 636 1814 667 mutatio
1831 636 1909 667 mihi

285 691 454 722 subeunda
470 697 530 729 ρει,
549 696 584 723 ut
599 693 872 732 quemadmodum
889 701 927 723 ex
942 693 1093 723 secundis
1109 693 1204 723 rebus
1220 692 1361 723 molestae
1380 693 1546 725 venerunt,
1563 689 1608 720 sic
1618 689 1724 719 etiam‘
1739 697 1776 719 ex
1808 689 1909 719 mole-

284 743 624 782 slislmtmeljucundtc
641 744 780 773 redeant.
793 743 874 774 «Ubi
886 744 970 774 enim
987 743 1346 782 abundavitpeccatum,
1373 740 1646 781 superabundavit
1663 743 1694 770 et
1721 740 1821 778 gratia
1845 743 1908 768 ³³2»

284 799 313 824 et
332 794 358 824 si
376 797 491 832 gustus
508 793 745 828 condemnavit,
765 797 886 832 quanto
901 793 1000 832 magis
1013 793 1130 824 Christi
1161 793 1267 832 passio
1283 792 1474 832 justificavit
1486 793 1500 822 ?
1517 802 1532 820 ιν
1551 793 1668 822 Locum
1685 789 1769 820 hunc
1784 790 1906 820 exscri—

285 847 346 884 psit
361 845 564 884 Augustinus
581 844 601 873 Ι.
620 853 627 873 ι
645 847 728 873 cont.
748 843 817 873 Jul.
837 853 863 874 c.
881 843 911 879 5,
928 853 957 882 p.
970 843 1042 880 505,
1063 849 1138 874 tom.
1155 843 1197 874 X.
1216 844 1387 882 Triplicem
1407 842 1604 873 nativitatem
1620 840 1806 878 Gregorius,
1825 840 1908 870 Scri-

285 898 448 932 pturarum
477 893 676 930 auctoritate,
695 897 842 923 numerat
860 898 890 924 et
918 893 1074 930 decernit,
1103 903 1239 933 quarum
1256 894 1327 925 dum
1345 894 1468 933 priores
1492 892 1605 924 vitium
1632 892 1766 931 originis
1785 895 1904 922 nostrm

282 943 464 979 declarant;
488 952 559 974 cum
579 952 640 974 una
663 952 734 983 qutc
758 944 791 974 lit
812 952 866 982 per
884 952 1018 982 corpus,
1037 944 1162 975 servilis
1182 944 1224 974 sit
1242 948 1272 974 et
1290 943 1459 974 libidinosa
1477 953 1486 980 ;
1507 942 1603 972 altera
1631 950 1702 981 quas
1726 950 1782 980 per
1808 942 1910 980 bapti-

282 1000 387 1022 smum
404 993 497 1022 nobis
519 993 693 1028 confertur,
732 995 850 1024 malum
871 994 980 1032 primae
1016 994 1188 1024 nativitatis
1204 993 1377 1033 depellere,
1409 997 1440 1024 et
1468 992 1618 1023 damnum
1650 991 1802 1022 resarcire
1818 999 1906 1021 mon-

281 1048 412 1074 slrclur.
442 1057 456 1072 ιι
489 1044 533 1084 (d)
563 1043 691 1082 Triplex
730 1043 906 1074 nativitatis
938 1052 1040 1082 genus
1068 1043 1213 1082 agnoscit
1249 1043 1426 1082 Scriptura,
1456 1043 1596 1082 primum
1631 1050 1669 1072 ex
1695 1042 1905 1080 corporibus,

281 1096 416 1126 alterum
450 1105 488 1126 ex
521 1096 700 1134 baptismo,
735 1095 863 1126 tertium
897 1102 936 1124 ex
962 1094 1207 1125 resurrectione.
1238 1093 1359 1124 Horum
1391 1093 1530 1133 primum
1561 1095 1753 1123 nocturnum
1779 1097 1810 1123 et
1837 1101 1905 1123 ser-

283 1156 356 1178 vum
375 1151 435 1182 est,
451 1155 486 1177 ac
516 1155 586 1177 cum
619 1145 753 1176 libidine
786 1145 991 1184 coniunctum
1024 1153 1032 1172 :
1061 1143 1195 1174 alterum
1225 1144 1376 1175 diurnum
1399 1147 1430 1174 et
1459 1143 1606 1178 liberum,
1633 1151 1668 1173 ac
1698 1141 1906 1181 depellenda-

281 1207 351 1228 rum
376 1198 563 1228 vitiosarum
590 1197 795 1228 aifectionum
813 1196 876 1226 vim
897 1195 1036 1231 habens,
1052 1203 1147 1225 omne
1163 1195 1206 1232 id,
1227 1195 1312 1235 quod
1332 1203 1348 1226 a
1373 1194 1538 1225 nativitato
1560 1196 1758 1224 contractum
1775 1197 1833 1228 est,
1855 1200 1906 1221 ve-

280 1250 384 1281 lamen
396 1253 577 1289 amputans,
594 1252 625 1278 et
647 1247 685 1278 ad
705 1255 876 1286 supernam
898 1246 992 1277 vitam
1011 1253 1068 1276 nos
1088 1254 1092 1276 ι

1093 1253 1256 1281 revocans,
1279 1257 1291 1273 η
1311 1249 1379 1286 πρὸς
1398 1247 1449 1284 ἒὴν
1468 1249 1525 1276 ἄνω
1545 1248 1618 1284 ζωὴν
1642 1247 1831 1282 ἑπανάγουσα.
1845 1243 1905 1273 Ra-

278 1300 452 1331 dixtamen
473 1298 590 1337 peccati
620 1298 776 1328 exstincta
804 1296 933 1335 penitus
971 1305 1035 1327 non
1080 1301 1140 1327 est.
1165 1308 1179 1324 «
1204 1297 1349 1333 Utinam,
1388 1296 1495 1336 inquit
1533 1296 1590 1335 (ε),
1628 1295 1773 1327 funditus
1799 1303 1906 1335 pereat

279 1349 406 1385 vitium,
422 1353 452 1379 et
474 1349 611 1387 primum
628 1347 716 1377 illius
733 1355 857 1382 Semen,
873 1355 908 1377 ac
924 1355 1039 1385 pravus
1057 1347 1110 1378 ille
1123 1371 1131 1384 ,
1149 1348 1207 1386 qni
1234 1347 1471 1378 dormientibus
1504 1346 1597 1377 nobis
1613 1346 1734 1377 zizania
1748 1354 1899 1385 supersa-

279 1398 441 1430 minavit"
542 1399 615 1428 Haec
630 1397 724 1427 nobis
740 1397 864 1435 lignum
879 1397 957 1428 illud
977 1398 1111 1433 invexit,
1130 1403 1160 1428 et
1183 1406 1311 1428 amarus
1338 1405 1426 1432 esus,
1447 1400 1478 1428 et
1496 1396 1627 1426 invidus
1641 1405 1786 1435 serpens,
1806 1400 1838 1426 et
1855 1396 1906 1426 lex

280 1451 410 1486 violata,
428 1458 500 1488 quae
515 1449 608 1480 nobis
625 1448 704 1478 hanc
719 1457 843 1487 pinnam
861 1450 1024 1488 irrogavit,
1039 1453 1072 1479 ut
1089 1449 1121 1479 in
1137 1449 1244 1479 vultus
1257 1449 1375 1479 sudore
1392 1447 1486 1478 nobis
1505 1448 1605 1478 victus
1618 1448 1658 1477 sit
1675 1447 1903 1485 parandus"...

277 1501 303 1530 E
327 1499 474 1538 paradiso
501 1499 646 1537 deiectus
675 1507 760 1535 sum,
777 1503 872 1538 atque
885 1501 923 1531 ad
942 1506 1076 1536 terram,
1094 1509 1132 1531 ex
1153 1509 1215 1540 qua
1238 1503 1423 1539 assumptus
1446 1498 1568 1530 fueram
1582 1521 1590 1535 ,
1612 1506 1744 1528 aversus
1767 1505 1856 1532 sum,
1875 1497 1906 1526 il

278 1559 379 1580 unum
407 1548 594 1580 deliciarum
621 1548 690 1578 loco
715 1548 849 1585 habens,
866 1552 951 1589 quod
981 1550 1179 1582 calamitates
1205 1559 1291 1581 meas
1319 1551 1465 1590 cognitas
1493 1550 1624 1581 habeam
1642 1559 1649 1579 :
1666 1552 1695 1579 et
1712 1556 1768 1587 pro
1788 1547 1905 1586 exigua

279 1600 453 1638 voluptate,
476 1603 631 1638 perpetuo
652 1607 783 1630 maerore
804 1600 972 1631 damnatus
989 1609 1060 1631 sum
1079 1612 1087 1638 ;
1106 1610 1241 1640 eamque
1271 1610 1394 1640 pmnam
1415 1601 1532 1640 pendo,
1552 1603 1585 1631 ut
1605 1600 1682 1630 mihi
1703 1608 1774 1630 cum
1792 1607 1830 1629 eo
1847 1598 1904 1637 Qui

279 1649 360 1679 male
383 1649 416 1679 in
431 1657 530 1679 meam
546 1649 717 1679 amicitiam
736 1650 875 1688 irrepsit,
899 1660 934 1681 ac
950 1660 1005 1690 per
1030 1651 1153 1682 arboris
1177 1656 1304 1690 gustum
1322 1652 1354 1682 in
1374 1651 1518 1682 fraudem
1547 1659 1596 1682 me
1620 1649 1765 1685 induxit,
1782 1649 1903 1679 bellum

277 1709 388 1738 gerere
400 1699 441 1730 sit
460 1707 601 1729 necesse.
619 1699 702 1730 Hinc
715 1699 831 1730 factum
849 1705 897 1730 est
913 1706 945 1731 ut
971 1701 1002 1731 in
1032 1701 1142 1732 labore
1159 1706 1192 1732 et
1217 1710 1359 1732 aerumna
1385 1710 1509 1737 uascar,
1527 1705 1559 1732 et
1575 1701 1692 1737 vivam,
1713 1708 1748 1730 ac
1775 1699 1901 1730 moriar.

278 1751 360 1781 Hinc
375 1749 553 1788 indigentia
580 1754 649 1779 nata
678 1754 745 1786 est;
763 1759 801 1780 ex
829 1751 1003 1789 indigentia
1023 1752 1181 1791 cupiditas
1209 1752 1365 1788 habendi,
1384 1761 1423 1782 ex
1439 1752 1614 1791 cupiditate
1639 1751 1735 1787 bella,
1753 1759 1791 1781 ex
1808 1751 1903 1781 bellis

278 1808 371 1839 porro
389 1799 518 1835 tributa,
540 1800 658 1839 quibus
676 1800 707 1830 in
726 1801 832 1831 divina
849 1802 1118 1833 condemnatione
1136 1802 1215 1833 nihil
1233 1802 1363 1841 gravius
1379 1806 1428 1833 est
1448 1807 1478 1833 et
1497 1802 1686 1834 acerbius.»
1699 1802 1729 1832 S.
1749 1802 1903 1840 Augusti-

276 1861 349 1887 nus,
367 1850 513 1890 pluribus
531 1851 567 1881 ad
586 1852 834 1883 confirmandam
852 1852 945 1884 fidem
970 1853 1157 1884 catholicam
1181 1852 1313 1892 prolatis
1343 1853 1490 1892 Gregorii
1513 1852 1721 1889 testimoniis,
1739 1852 1786 1883 sic
1801 1852 1903 1883 Julia-

277 1910 352 1931 nutu
372 1900 548 1940 alloquitur
563 1902 599 1941 (Ι)
619 1911 625 1930 :
645 1913 658 1929 α
676 1902 737 1933 Sed
755 1911 818 1933 non
837 1903 893 1933 tibi
909 1903 1010 1934 deerit
1029 1903 1134 1942 magni
1148 1903 1289 1934 nominis
1305 1907 1335 1934 et
1354 1903 1437 1934 fama
1453 1902 1663 1934 celeberrima
1679 1901 1818 1933 illustris
1834 1902 1903 1940 epi-

276 1959 392 1988 sc0pus
405 1951 499 1981 etiam
518 1955 557 1983 de
576 1953 721 1990 partibus
738 1953 890 1990 Orientis,
908 1955 1000 1993 cujus
1013 1954 1141 1994 eloquia
1164 1954 1305 1992 ingentis
1331 1954 1445 1985 merito
1462 1955 1581 1993 gratiae,
1599 1954 1695 1984 etiam
1711 1954 1745 1984 in
1760 1952 1900 1992 linguam

276 2003 419 2034 Latinam
443 2004 590 2034 translata
617 2011 852 2043 usquequaque
878 2004 1073 2036 claruerunt.
1089 2005 1204 2036 Sedeat
1220 2014 1295 2044 ergo
1315 2014 1386 2036 cum
1402 2005 1472 2035 istis
1499 2004 1642 2044 patribus
1658 2003 1753 2034 etiam
1770 2007 1900 2034 sanctus

275 2054 460 2092 Gregorius,
479 2058 509 2084 et
525 2063 595 2084 cum
616 2053 663 2084 eis
693 2058 755 2084 tua:
776 2055 1011 2085 criminationis
1037 2055 1164 2086 inanem
1182 2056 1317 2094 patiatur
1342 2056 1518 2087 invidiam:
1537 2055 1614 2086 dum
1641 2058 1746 2086 tamen
1763 2063 1835 2086 cum
1853 2056 1900 2086 eis

275 2109 382 2136 contra
400 2105 551 2136 novitiam
571 2108 690 2143 pestem
709 2109 859 2141 vestram,
872 2105 1093 2136 medicinalem
1111 2107 1250 2145 proferat
1264 2111 1296 2138 et
1311 2108 1381 2147 ipse
1394 2107 1586 2138 sententiam
1599 2127 1606 2136 .
1619 2129 1627 2137 .
1642 2129 1648 2136 .
1661 2107 1710 2136 An
1729 2106 1785 2136 tibi
1803 2115 1900 2145 parva

275 2156 306 2185 in
326 2163 390 2185 uno
404 2155 559 2193 Gregorio
583 2155 808 2194 episcoporum
828 2155 1038 2186 orientalium
1063 2155 1192 2186 videtur
1206 2157 1378 2187 auctoritas
1397 2158 1411 2187 τ
1429 2158 1485 2188 Est
1501 2157 1631 2197 quiitem
1649 2161 1732 2188 tanta
1749 2166 1898 2197 persona,

274 2211 308 2236 ut
325 2215 428 2246 neque
448 2207 502 2236 ille
524 2207 582 2237 hoc
601 2206 661 2236 nisi
680 2215 718 2236 ex
740 2206 801 2236 [ide
821 2206 1000 2237 Christiana
1021 2207 1172 2236 omnibus
1186 2207 1353 2238 notissima
1371 2207 1503 2245 diceret,
1520 2217 1579 2239 nec
1596 2208 1643 2239 illi
1660 2217 1734 2238 eum
1755 2212 1815 2238 tam
1831 2208 1898 2238 cla-

273 2264 344 2286 rum
368 2256 520 2286 haberent
538 2261 633 2295 atque
663 2256 893 2291 venerandum.
913 2257 975 2287 nisi
1000 2257 1067 2288 haee
1095 2258 1133 2288 ab
1161 2258 1216 2288 illo
1239 2257 1322 2288 dicta
1347 2267 1385 2289 ex
1418 2259 1526 2298 regula
1551 2259 1729 2291 notissime
1757 2261 1898 2291 veritatis

272 2312 494 2346 agnoscerent.
515 2319 528 2334 »

811 2357 854 2387 De
877 2357 1029 2396 baptismo
1057 2361 1084 2388 et
1112 2358 1362 2398 confirmatione.

310 2411 507 2449 Baptismum
531 2409 691 2448 appellata
703 2409 847 2440 omnium
867 2409 924 2439 Dei
938 2408 1165 2439 beneticiOrum
1186 2409 1464 2448 praeclarissimum
1483 2414 1515 2442 et
1530 2412 1828 2451 praestantissimum
1840 2413 1894 2451 (g).

269 2463 412 2498 Donum,
440 2461 544 2500 inquit
577 2461 631 2499 (It),
660 2469 821 2498 vocamus,
839 2461 983 2499 gratiam,
1004 2459 1210 2498 baptismum,
1250 2460 1451 2497 unctionem,
1482 2460 1768 2499 illuminationem,
1787 2463 1887 2493 incor-

271 2513 432 2552 ruptionis
461 2512 697 2546 indumentum,
715 2510 966 2549 regenerationis
995 2510 1154 2541 lavacrum
1171 2532 1179 2545 ,
1196 2510 1340 2549 sigillum
1355 2533 1363 2547 ,
1383 2519 1418 2542 ac
1447 2511 1590 2551 denique
1620 2513 1888 2545 excellentissimi

268 2563 384 2602 quovis
414 2562 543 2593 nomine
572 2561 780 2600 appellamus.
809 2561 934 2591 Donum
968 2561 1097 2597 dicitur,
1129 2562 1204 2600 quia
1229 2561 1280 2598 iis,
1302 2561 1356 2600 qui
1378 2562 1465 2600 prius
1488 2563 1569 2594 nihil
1596 2564 1814 2599 contulerunt,
1838 2563 1889 2594 dat

270 2619 330 2644 tur.
373 2612 480 2643 Gratia
501 2634 510 2649 ,
540 2611 615 2651 quia
643 2611 738 2642 etiam
768 2611 970 2642 debentibus.
1007 2611 1199 2650 Baptismus,
1233 2611 1308 2651 quia
1347 2617 1511 2651 peccatum
1543 2614 1576 2644 in
1618 2623 1699 2654 aqua
1729 2614 1889 2654 sepelitur.

304 2696 324 2711 ³⁸
342 2695 350 2722 ι
369 2694 433 2722 Cor.
448 2702 492 2727 xv,
509 2694 554 2721 22.
589 2694 610 2708 ³¹
625 2693 702 2720 Rom.
717 2701 742 2725 v,
755 2693 800 2719 9.0.
839 2693 860 2708 ³³
872 2693 964 2720 Matth.
984 2701 1042 2726 χιιι,
1059 2693 1104 2720 25.

589 2694 610 2708 ³¹
625 2693 702 2720 Rom.
717 2701 742 2725 v,
755 2693 800 2719 9.0.
839 2693 860 2708 ³³
872 2693 964 2720 Matth.
984 2701 1042 2726 χιιι,
1059 2693 1104 2720 25.
1145 2694 1167 2714 ⁸⁸
1183 2693 1250 2721 Gen.
1266 2701 1306 2727 ιιι,
1324 2695 1366 2722 19.

301 2774 339 2809 (α)
350 2773 440 2799 Carm.
459 2772 484 2799 in
500 2772 570 2799 land.
586 2772 670 2807 Virg,
685 2780 711 2798 v.
725 2771 777 2798 59‘).
794 2776 818 2798 ct
835 2779 890 2806 scq.

303 2809 338 2834 (bi
357 2808 402 2834 0r.
419 2808 464 2834 2'2.
485 2809 570 2834 n.15.
1108 2812 1113 2834 l

1108 2812 1115 2834 ι
1142 2772 1174 2832 (xi)
1191 2772 1219 2799 S.
1235 2772 1361 2807 Augnsl.,
1378 2773 1395 2800 l.
1415 2782 1422 2800 ι
1451 2780 1519 2802 τοηι.
1538 2775 1594 2802 Jul.
1607 2795 1615 2810 ,
1629 2782 1690 2811 pag.
1705 2774 1757 2802 504
1782 2779 1809 2802 et
1823 2774 1891 2806 505.

303 2809 338 2843 (ὁ)
357 2809 402 2834 0r.
419 2809 464 2839 ‘2'),
485 2809 570 2834 n.15.
1108 2812 1113 2834 l

301 2846 336 2881 (ς)
356 2843 401 2881 Qr.
477 2850 504 2869 ιι,

1108 2812 1126 2834 ι.
1143 2809 1174 2832 Χ.

1142 2844 1179 2873 ((1)
1196 2842 1241 2881 ρι’.
1257 2842 1300 2873 40,
1318 2851 1347 2881 n_.
1362 2843 1388 2881 ὃς

302 2879 339 2913 ((1)
357 2879 402 2904 ()r.
416 2878 461 2909 4U,
479 2878 543 2913 n.2.

1145 2881 1180 2911 tu)
1198 2877 1274 2910 ltnd.,
1293 2887 1319 2904 n.
1333 2879 1358 2911 ὅ,
1378 2879 1403 2904 1.

301 2913 449 2950 (e)0r.19,
468 2912 549 2940 n.14.
