2058 3128
183 216 236 243 “5
687 213 873 241 PRAiFATlO
893 212 1096 240 CENERALIS.
1121 228 1153 232 —
1173 211 1263 239 PARS
1283 211 1326 239 lll.
1765 206 1816 233 1H

188 272 313 307 Unctio,
345 272 421 310 quia
455 281 544 302 sacer
577 274 607 302 et
640 273 824 311 regius...
877 270 1086 306 llluminalio,
1117 270 1191 308 quin
1225 269 1376 308 splendor
1402 269 1431 298 et
1468 266 1606 298 claritas.
1639 265 1816 295 Indumen—

186 329 268 360 tum,
309 325 383 364 quia
415 323 602 361 ignominiae
628 327 743 354 nostrae
772 324 916 354 velamen
932 326 999 359 est,
1018 333 1032 351 ν
1050 327 1109 353 etc.
1128 322 1270 353 Tandem
1287 320 1454 360 quodlibet
1477 322 1639 358 peccatum
1658 321 1768 356 purgat
1784 322 1815 348 et

184 375 349 414 abstergit.
372 387 384 402 σ
407 374 449 414 (a)
467 375 539 405 Haec
567 373 716 412 baptismi
734 374 831 414 gratia
848 379 879 405 et
895 373 1030 404 facultas
1050 377 1111 410 est,
1125 382 1189 404 non
1205 373 1316 404 orbem
1337 376 1492 402 terrarum
1518 374 1549 400 ut
1567 369 1642 400 olim
1660 369 1813 405 obruens.

186 427 242 456 sed
260 426 521 465 uniuscujusque
538 424 682 455 hominis
713 429 876 463 peccatum
909 433 1067 464 purgans,
1085 432 1206 455 casune
1235 422 1474 454 obstrucliones
1501 422 1547 453 vel
1576 421 1815 461 maculas,qutn

184 475 262 506 vitio
281 476 525 512 contrahuntur,
539 483 670 512 prorsus
685 475 883 514 abstergens.
910 487 924 503 ››

224 525 382 556 Collatum
399 535 415 556 a
433 525 524 556 laicis
539 525 695 565 baptisma
714 525 841 556 irritum
861 525 989 556 videtur
1007 525 1438 563 existiiiiasse.breg0rius:
1457 524 1568 555 saltem
1598 525 1704 564 colligi
1721 535 1759 557 ex
1776 535 1814 557 eo

187 579 289 614 potest
307 577 393 615 quod
409 579 514 607 narrat
529 575 569 607 de
583 584 630 612 se,
647 585 718 607 cum
736 576 878 606 Caesarea
896 575 1057 614 navigaret
1080 575 1235 606 Athenas.
1255 587 1269 603 «
1297 575 1371 606 Orta
1389 575 1476 614 gravi
1496 579 1695 614 tempestate,
1710 576 1742 606 in
1761 585 1814 614 pe-

187 627 323 657 riculum
360 627 458 658 miser
497 635 660 663 veneram,
699 627 806 665 inquit
832 626 884 666 (ὁ),
927 635 966 656 ne
994 634 1060 657 non
1089 626 1270 656 iuitiatuse
1295 626 1357 656 vita
1384 626 1595 663 discederem,
1612 627 1812 665 spiritualem

185 686 301 716 aquam
319 677 404 708 inter
422 677 578 709 exitiosas
594 681 625 708 et
642 676 821 708 mortiferas
837 677 938 708 undas
950 677 1162 713 desiderans;
1184 685 1218 708 ac
1239 677 1374 716 proinde
1395 677 1581 713 clamabam,
1593 678 1814 716 obsecrabam,

185 729 281 759 breve
302 729 462 767 quoddam
486 728 640 767 temporis
663 728 802 767 spatium
822 729 1045 768 exspectabam
1065 739 1072 758 :
1091 727 1378 758 clamabantetiam
1396 727 1429 757 in
1453 728 1614 758 communi
1642 728 1712 759 licet
1743 729 1814 759 vitm

185 779 370 810 discrimine
385 801 392 814 ,
410 779 464 818 qui
485 779 582 809 simul
605 779 809 818 navigabant.
834 790 848 807 ι)
869 779 1045 809 Verebatur
1067 778 1253 817 Gregorius,
1271 787 1311 808 ne
1328 778 1476 817 baptismi
1494 779 1591 816 gratia
1610 779 1812 817 privaretur:

184 829 362 860 remedium
382 833 486 861 tamen
501 833 568 860 erat
581 830 641 868 ipsi
654 829 814 869 perfacile,
830 829 856 860 si
875 828 1090 859 existimasse!
1108 837 1204 858 manu
1233 828 1306 859 laici
1336 828 1530 867 baptismum
1549 837 1643 868 posse
1661 829 1811 861 conferri.

183 879 251 909 Non
269 880 355 910 enim
373 879 507 910 dubium
528 880 606 919 quin
622 880 731 919 plures
756 883 830 910 tunc
846 879 1019 913 adfuerint,
1036 880 1146 910 eadem
1165 879 1225 909 [ide
1251 879 1410 910 informati
1432 888 1438 907 :
1462 891 1476 906 α
1498 879 1535 919 (ο)
1554 879 1680 919 Quippe
1702 889 1814 911 omnes

183 931 222 962 ad
239 940 339 962 unum
360 931 487 962 fletibus
504 939 602 969 genas
629 931 791 969 rigabant;
809 930 977 969 iunctique
993 929 1156 960 Christum
1187 939 1262 960 voce
1293 930 1495 968 gemebunda
1528 931 1690 962 vocabant.
1710 942 1724 959 »
1742 932 1815 962 Haec

183 984 289 1011 tamen
320 981 404 1020 apud
433 989 506 1011 eum
526 981 632 1020 legere
649 985 708 1017 est,
725 988 796 1020 qum
821 979 955 1019 primam
980 979 1172 1010 Sententiam
1197 974 1356 1012 infirmare
1379 981 1561 1011 viderentur
1581 992 1589 1012 :
1613 993 1626 1008 α
1643 981 1685 1021 (d)
1703 981 1815 1018 Quivis

184 1033 243 1063 tibi
262 1033 406 1063 initiator
422 1033 475 1069 sit,
492 1032 546 1072 qui
564 1031 660 1062 modo
677 1030 789 1061 eadem
807 1030 867 1061 ﬁde
884 1029 1075 1061 informatus
1095 1034 1155 1061 est.
1178 1042 1191 1058 »

223 1083 394 1114 Existimat
411 1086 540 1114 sanctus
559 1081 669 1112 doctor
684 1080 722 1122 (ε)
739 1088 794 1112 eos
811 1081 880 1120 qui,
901 1089 964 1111 non
985 1080 1117 1120 quidem
1138 1089 1194 1120 per
1211 1084 1442 1120 contemptum,
1462 1082 1498 1112 ad
1518 1081 1666 1122 baptismi
1683 1085 1813 1123 gratiam

182 1142 246 1164 non
263 1133 480 1172 pervenerint,
497 1132 554 1162 sed
585 1139 690 1162 moras
719 1131 933 1170 producentes
962 1135 1035 1162 ante
1064 1135 1252 1170 susceptum
1277 1131 1434 1170 baptisma
1457 1137 1559 1164 morte
1580 1135 1717 1173 correpti
1746 1135 1815 1166 fue-

185 1183 261 1220 rint,
279 1195 294 1212 «
313 1184 452 1214 leviores
470 1190 578 1221 poenas
594 1182 740 1217 daturos,
758 1184 869 1220 utpote
887 1181 942 1221 qui
962 1186 1103 1212 nontam
1122 1181 1224 1213 animi
1253 1181 1421 1220 pravitate,
1443 1191 1538 1221 quam
1565 1183 1715 1221 stultitia,
1728 1194 1744 1216 a
1759 1186 1814 1216 ba-

183 1235 300 1273 ptismo
314 1234 505 1265 aberrarint.
525 1243 540 1260 ιν
556 1233 600 1263 De
616 1232 735 1263 adultis
749 1235 779 1262 et
795 1231 986 1268 infantibus,
1007 1235 1136 1270 propter
1151 1231 1354 1270 inopinatum
1370 1237 1400 1263 et
1416 1233 1592 1264 violentum
1611 1243 1732 1271 casum,
1750 1244 1812 1266 non

181 1287 329 1323 suscepta
347 1283 495 1323 baptismi
513 1283 624 1322 gratia,
642 1283 775 1313 mortuis
792 1282 857 1313 haec
875 1282 967 1312 habet
987 1291 994 1310 :
1014 1293 1028 1310 «
1046 1281 1082 1322 (Γ)
1099 1282 1254 1312 Postremi
1281 1282 1434 1321 denique,
1464 1292 1523 1314 nec
1546 1285 1666 1317 cmlesti
1700 1287 1812 1325 gloria,

183 1343 241 1365 nec
268 1333 435 1374 suppliciis
453 1343 470 1364 a
484 1333 573 1374 justo
598 1333 711 1364 Judice
738 1332 927 1368 adicientur,
946 1336 1055 1371 utpote
1075 1333 1131 1371 qui
1144 1333 1218 1363 licet
1245 1333 1360 1372 signati
1379 1342 1442 1364 non
1460 1335 1593 1371 fuerint,
1611 1336 1814 1376 improbitate

182 1390 288 1416 tamen
304 1387 442 1421 careant,
455 1387 550 1423 atque
560 1384 642 1415 hanc
655 1384 812 1423 jacturam
827 1383 1028 1422 passipotius
1040 1382 1170 1419 fuerint,
1183 1393 1278 1423 quam
1300 1383 1446 1415 fecerint.
1467 1396 1480 1412 ιι
1500 1385 1573 1418 Hmc
1594 1395 1668 1418 vero
1685 1395 1748 1418 non
1768 1389 1815 1419 sic

181 1435 379 1474 accipienda,
394 1435 487 1474 quasi
505 1435 668 1466 censuerit
684 1435 859 1474 Gregorius
878 1433 1045 1472 originalis
1062 1434 1182 1472 peccati
1202 1443 1312 1472 pennas
1329 1435 1467 1466 infantes
1485 1445 1548 1467 non
1574 1437 1673 1468 luere.
1693 1439 1812 1469 Revera

181 1486 320 1524 infan_les
339 1485 509 1525 suppliciis
527 1494 590 1516 non
609 1485 788 1516 afﬁcientur
803 1485 891 1524 quod
910 1485 1069 1524 baptismo
1085 1486 1261 1521 caruerint.
1277 1487 1360 1517 sicut
1378 1496 1435 1517 nec
1452 1488 1565 1523 adulti,
1585 1488 1610 1519 si
1627 1489 1749 1520 desidia
1765 1488 1813 1519 vel

182 1539 369 1576 contemptu
397 1537 436 1568 ad
463 1537 658 1576 baptismum
689 1544 754 1567 non
784 1537 977 1567 accesserint
997 1547 1004 1567 :
1021 1536 1182 1575 siquidem
1207 1536 1352 1567 defertus
1377 1538 1430 1568 ille
1456 1539 1657 1577 baptismatis
1683 1549 1746 1570 non
1767 1540 1813 1570 cis

181 1588 306 1618 crimini
326 1589 403 1618 verti
424 1591 544 1627 posset.
562 1589 686 1618 Interea
707 1586 781 1617 licet
798 1586 900 1617 adulti
931 1595 993 1617 non
1023 1587 1200 1625 puniantur
1218 1586 1259 1617 ob
1273 1588 1430 1619 omissum
1454 1589 1624 1628 baptisma,
1642 1599 1748 1630 poenas
1766 1596 1812 1622 ta-

180 1645 254 1670 men
270 1638 436 1669 exsolvent
451 1639 491 1669 de
508 1638 644 1678 peccatis
665 1646 738 1677 quae
754 1638 787 1669 in
806 1639 868 1669 vita
887 1641 1128 1677 perpetrarunt;
1145 1637 1191 1668 sic
1214 1642 1244 1668 et
1263 1638 1400 1669 infantes
1422 1643 1533 1670 natura
1551 1640 1605 1670 tilii
1623 1642 1677 1670 πω
1694 1645 1724 1671 et
1743 1651 1814 1680 pec-

181 1692 252 1719 catu
267 1689 416 1727 originali
444 1689 590 1723 obnoxii,
611 1690 727 1720 merito
748 1688 941 1728 plectentur,
961 1689 1104 1719 miserea
1129 1689 1197 1719 Deo
1216 1689 1248 1718 in
1265 1692 1420 1720 internum
1439 1690 1572 1728 repulsi,
1589 1695 1620 1722 ut
1637 1692 1812 1731 Gregorius

181 1739 298 1770 docet:
320 1750 333 1767 α
350 1738 391 1780 (g)
409 1740 581 1771 Hominem
597 1739 720 1770 invidia
730 1739 864 1777 diaboli,
883 1744 979 1780 atque
995 1740 1110 1771 acerbo
1129 1741 1248 1780 peccati
1267 1746 1377 1780 gustu,
1396 1750 1412 1773 a
1429 1743 1496 1773 Deo
1510 1744 1676 1776 conditore
1696 1746 1813 1776 misere

182 1792 362 1826 separatum
379 1789 558 1830 despicere,
574 1800 590 1821 a
606 1791 675 1822 Deo
696 1791 838 1822 alienum
857 1795 918 1824 est.
937 1802 951 1820 »

225 1839 380 1870 Hortatur
397 1845 557 1879 parentes,
576 1844 610 1873 ut
624 1841 804 1872 infantibus
820 1841 889 1872 suis
902 1842 1094 1881 baptismum
1116 1843 1252 1873 conferri
1269 1847 1394 1880 curent,
1418 1848 1446 1875 et
1465 1853 1522 1875 eos
1541 1845 1580 1875 ab
1597 1845 1729 1877 infantia
1742 1855 1814 1876 san-

183 1889 324 1920 ctiﬁcari.
342 1901 356 1918 α
377 1891 420 1931 (h)
438 1891 547 1923 Infans
562 1892 620 1923 tibi
633 1895 680 1924 est
695 1894 709 1923 7
724 1893 769 1924 Ne
788 1891 988 1924 occasionem
1004 1892 1193 1931 improbitas
1208 1893 1338 1932 arripiat
1356 1905 1364 1924 :
1380 1894 1419 1925 ab
1436 1894 1568 1926 infantia
1584 1896 1824 1935 sanctiticeturL

181 1939 220 1968 ab
238 1939 316 1978 ipsis
341 1942 526 1979 unguiculis
545 1942 678 1981 Spiritui
703 1946 918 1974 consecretur.
940 1943 980 1972 At
1001 1945 1130 1981 propter
1155 1946 1277 1974 naturae
1303 1943 1556 1975 imbecillitatem
1581 1946 1722 1984 sigillum
1748 1955 1814 1978 me-

182 1990 272 2020 tuis?
289 1991 390 2027 Quam
418 1992 589 2023 imbecillis
622 1993 720 2024 animi
751 1997 850 2023 mater
878 2001 923 2029 es,
951 1993 1141 2032 pusillzeque
1160 1994 1232 2024 lidei
1255 1994 1262 2024 l
1283 1996 1373 2026 Anna
1401 2004 1477 2027 vero
1506 1996 1705 2033 Samuclem,
1723 1998 1813 2036 prius

182 2043 277 2074 etiam
294 2053 389 2083 quam
407 2048 591 2083 procreatus
609 2048 706 2081 esset,
718 2045 785 2074 Deo
803 2043 900 2080 vovit,
917 2044 1060 2083 atquein
1077 2044 1179 2076 lucem
1199 2045 1305 2076 editus
1322 2047 1428 2077 statim
1449 2048 1649 2078 consecravit
1664 2047 1698 2079 ".
1718 2048 1812 2080 »Non

182 2094 250 2125 vult
273 2103 390 2133 pueros
411 2094 510 2134 prima
524 2097 616 2125 astate
637 2094 801 2134 baptizari,
822 2094 884 2124 nisi
910 2094 996 2133 quod
1027 2098 1136 2133 urgeat
1159 2096 1349 2133 periculum.
1371 2108 1385 2125 α
1407 2097 1443 2137 (ἰ)
1461 2098 1505 2127 De
1527 2097 1661 2136 reliquis
1679 2099 1718 2128 ita
1735 2107 1811 2128 cen-

182 2151 251 2179 seo,
267 2147 300 2174 ut
317 2143 457 2175 triennio
476 2147 675 2183 exspectato,
692 2148 745 2174 aut
762 2145 927 2183 aliquanto
947 2143 1085 2174 breviori
1105 2145 1152 2175 vel
1188 2145 1322 2184 longiori
1345 2147 1497 2186 temporis
1513 2147 1613 2186 spatio
1629 2146 1713 2188 (nam
1732 2151 1810 2185 tum,

181 2197 212 2224 et
230 2194 353 2233 mystici
371 2194 523 2234 quiddam
540 2195 665 2230 audire,
683 2197 713 2225 et
727 2193 924 2233 respondere
941 2197 1086 2232 possunt,
1105 2204 1140 2226 ac
1156 2196 1182 2227 si
1200 2196 1309 2228 minus
1327 2198 1420 2236 plene
1439 2204 1470 2229 et
1487 2203 1595 2228 exacte
1612 2198 1808 2236 intelligunt.

182 2247 374 2277 imbuuntur
389 2250 492 2278 tamen
516 2249 546 2276 et
569 2245 809 2285 informantur),
827 2245 868 2276 ita
892 2246 1033 2282 demum,
1053 2255 1167 2285 magno
1196 2246 1402 2285 perfectionis
1427 2250 1623 2277 saeramento
1642 2250 1671 2277 et
1688 2247 1810 2277 animas

182 2301 212 2328 et
228 2305 362 2336 corpora
380 2296 590 2327 sanctificent.
603 2318 611 2326 .
624 2318 631 2326 .
643 2319 650 2327 .
667 2295 705 2336 υ)
723 2296 855 2334 Propter
869 2295 1053 2334 inopinatos
1081 2300 1111 2327 et
1131 2297 1315 2336 repentinos
1333 2297 1546 2336 periculorum
1570 2297 1721 2336 impetus,
1736 2297 1789 2335 qui
1801 2313 1811 2320 -

181 2355 245 2386 que
262 2346 347 2377 nulla
366 2354 427 2385 ope
458 2350 555 2385 atque
570 2345 693 2376 auxilio
710 2345 891 2385 propulsari
909 2350 1041 2385 queant,
1065 2347 1188 2378 lavacro
1205 2347 1398 2378 communiri
1419 2348 1552 2378 omnino
1575 2348 1811 2378 conducibilius

182 2402 240 2427 est.
260 2408 274 2425 υ
292 2397 449 2436 Objurgat
465 2405 520 2428 eos
534 2397 589 2436 qui
608 2396 803 2435 baptismum
821 2396 989 2433 differunt,
1011 2397 1236 2437 subvertitque
1254 2399 1379 2435 inanes,
1401 2407 1481 2437 quas
1498 2399 1674 2429 obtrudunt
1689 2407 1810 2429 causas.

182 2459 195 2474 «
216 2447 258 2487 (lc)
274 2447 379 2478 Omne
398 2448 454 2479 tibi
473 2451 599 2486 tempus
615 2448 651 2478 ad
671 2447 869 2479 ablutionem
899 2447 1052 2478 idoneum
1069 2452 1131 2485 est,
1147 2448 1412 2487 quandoquidem
1432 2448 1558 2479 nullum
1583 2454 1710 2487 tempus
1729 2456 1813 2478 mor-

181 2498 222 2528 tis
253 2498 396 2537 periculo
417 2504 517 2529 vacat.
541 2510 556 2527 »
574 2499 692 2530 Verum
723 2499 867 2530 solemne
896 2499 1111 2538 baptisma,in
1128 2500 1326 2538 Cappadocia
1341 2521 1349 2536 ,
1368 2507 1430 2530 non
1459 2499 1520 2530 nisi
1544 2499 1658 2530 diebus
1674 2498 1814 2532 Paschm.

180 2548 385 2579 Pentecostes
399 2553 430 2579 et
446 2548 633 2588 Epiphania:
649 2549 884 2581 conferebatur.
903 2550 1029 2581 Primus
1044 2550 1219 2589 Gregorius
1237 2549 1300 2580 diei
1316 2550 1502 2589 Epiphaniae
1518 2548 1664 2579 meminit
1685 2558 1692 2577 :
1707 2547 1762 2578 sed
1785 2548 1815 2577 in

179 2599 313 2630 Oriente
328 2608 398 2631 mos
416 2601 477 2632 iste
495 2602 632 2641 vigebat.
651 2601 685 2644 (Ι)
701 2603 881 2642 lmperante
904 2603 1090 2634 Justiniano
1103 2626 1110 2640 ,
1129 2611 1183 2633 rex
1209 2602 1416 2638 Herulorum,
1434 2601 1554 2632 Getlies
1577 2600 1818 2637 nomine,Cou-

214 2681 237 2697 "
257 2680 347 2714 lReg.
365 2690 384 2715 l,
401 2683 445 2716 Η,
461 2684 508 2711 28.

213 2741 252 2777 (ο)
387 2741 458 2777 n.1,
1058 2742 1095 2777 (lt)
1108 2743 1154 2770 0r.
1171 2742 1215 2774 40,
1229 2751 1254 2768 n.
1278 2742 1309 2768 Π

214 2774 252 2808 (ti)
268 2776 316 2811 ρι’,
326 2775 370 2807 18,
379 2776 473 2811 p.31.

469 2796 473 2803 .
1059 2774 1091 2811 ω-
1104 2778 1180 2809 ηιίιι.,
1199 2787 1225 2803 ιι.
1237 2777 1281 2804 28.

214 2811 250 2846 (ι)
261 2809 353 2846 Germ.
372 2810 411 2837 De
424 2811 477 2846 vita
491 2819 549 2839 tua.
1060 2809 1092 2846 (ί)
1109 2812 1185 2844 Ibid.,
1206 2821 1234 2839 n.
1250 2812 1282 2838 t6
1296 2817 1321 2839 ct
1333 2819 1408 2846 seqq.

215 2844 316 2881 (ὥρῃ
336 2845 381 2876 40,
397 2854 423 2872 n.
439 2845 484 2874 (ὶῦ.

479 2867 484 2874 .
1061 2844 1097 2881 lli)
1110 2847 1188 2879 lbid.,
1206 2856 1232 2874 II.
1248 2847 1288 2874 15.

215 2881 249 2917 (ei
261 2879 330 2917 ibid.
337 2902 343 2913 ,
359 2889 386 2907 ιι.
401 2881 445 2907 25.

1063 2879 1092 2917 tt)
1108 2883 1182 2910 Paul.
1201 2883 1286 2915 Diae,
1302 2881 1383 2914 Ilisl.,
1406 2882 1423 2909 Ι.
1441 2889 1494 2915 xvr,
1516 2889 1574 2916 pag.
1598 2880 1661 2914 272,
1677 2885 1741 2908 toni.
1759 2880 1813 2908 XN!

215 2914 247 2948 (ῐ)
261 2913 326 2942 Ibid.
1031 2913 1097 2945 Βιῦί.
1122 2917 1196 2945 I’tttr.

213 2952 250 2984 (g)
265 2950 310 2978 0r.
323 2951 367 2982 '59,
385 2959 410 2979 η.
433 2952 472 2978 15.
