2058 3128
260 209 312 237 H5
756 208 937 236 ΡΒᾹΞῩΑΤΙΟ
955 208 1070 236 GENER

1074 208 1161 235 ALIS.
1183 224 1216 229 --
1233 208 1323 235 PARS
1343 207 1384 235 Ill.
1832 202 1882 230 “6

261 266 502 305 stantinopolim
518 265 621 301 venit,
639 267 670 296 et
685 265 738 296 die
756 261 944 305 Epiphania:
962 266 1118 305 baptisma
1130 265 1284 304 suscepit,
1302 273 1337 295 ac
1356 271 1412 303 pro
1429 270 1517 294 sacro
1534 261 1620 292 fonte
1639 266 1775 298 sponsor
1792 257 1880 288 illius

260 317 331 356 ipse
341 315 402 346 fuit
414 315 596 353 imperator.

301 367 419 398 Foedus
435 375 506 397 cum
526 367 593 397 Deo
607 367 637 397 in
655 368 845 407 baptismate
865 371 1061 399 contractum
1076 367 1211 398 ﬁdeliter
1227 366 1417 398 servandum
1433 365 1525 395 docet
1548 360 1722 401 Gregorius
1739 358 1789 389 his
1806 367 1879 389 ver-

263 418 314 449 bis
328 416 368 457 (a)
385 428 392 447 :
411 427 425 444 α
442 415 529 446 Nihil
542 417 629 447 aliud
645 426 716 448 esse
731 418 794 448 vim
813 423 840 448 et
856 418 1035 450 facultatem
1054 419 1203 458 baptismi
1227 417 1409 449 existimare
1430 415 1596 447 debemus,
1619 418 1714 450 quam
1736 408 1884 439 secundae

264 468 337 498 vitae
349 476 384 498 ac
401 466 540 505 purioris
561 466 689 498 vivendi
721 468 855 498 rationis
872 473 996 508 pactum
1011 478 1081 500 cum
1096 457 1164 500 Deo
1183 469 1310 499 initum.
1324 467 1369 497 Ac
1385 464 1516 505 proinde
1531 463 1581 493 vel
1594 459 1732 491 maximo
1749 457 1780 487 in
1797 459 1883 487 metu

263 529 376 551 omnes
394 528 478 555 esse,
493 521 588 556 atque
604 517 692 547 omni
707 517 851 547 custodia
869 522 992 548 nostras
1006 518 1128 549 animas
1145 526 1272 549 servare
1284 517 1452 550 debemus,
1478 523 1518 545 ne
1535 508 1700 543 mendacio
1717 508 1808 538 ﬁdem
1830 515 1885 545 pa-

262 574 415 609 ctumque
435 568 574 599 violasse
596 568 841 606 comperiamur.
859 568 935 598 Nam
959 577 1031 599 cum
1059 569 1096 599 ad
1116 573 1224 599 mutua
1243 567 1410 598 hominum
1433 569 1520 604 pacta
1539 561 1689 593 ﬁrmanda
1707 561 1793 590 Deus
1819 566 1884 589 me-

262 623 337 653 dius
351 620 494 653 adhiberi
513 619 624 655 soleat,
646 622 815 658 quantum,
835 627 958 656 quaeso,
979 619 1159 658 periculum
1179 621 1238 653 est,
1264 625 1303 647 ne
1319 616 1433 647 federa
1454 621 1524 644 cum
1545 613 1612 642 Deo
1628 609 1699 649 ipso
1726 610 1884 639 contracta

266 671 458 712 perfregisse
471 669 692 708 reperiemur;
709 677 755 705 ac,
775 671 886 706 prteter
900 668 960 699 alia
977 673 1115 708 peccata,
1136 669 1239 708 ipsius
1252 675 1382 707 quoque
1396 663 1554 698 mendacii
1567 660 1650 700 apud
1663 659 1810 690 Veritatis
1826 658 1884 689 tri-

261 723 360 756 bunal
371 721 415 753 rei
429 721 635 760 peragamur?
650 730 664 746 »

302 777 346 807 De
356 771 606 805 conﬁrmationis
619 773 817 802 sacramento
828 770 887 801 hoc
907 780 1005 802 unum
1021 771 1052 800 in
1074 769 1202 809 scriptis
1213 766 1358 807 Gregorii
1376 764 1550 804 reperimus
1570 772 1578 791 :
1597 759 1812 791 necessarium
1840 758 1883 802 (ὁ)

262 835 346 862 esse,
373 830 408 856 ut
439 823 572 863 perfecti
592 822 696 852 simus
723 820 909 856 Christiani,
956 826 1074 861 ὲττιςητε⁴

1071 826 1126 851 ῖται
1145 824 1214 860 πρὸς
1230 823 1280 858 τὴν
1294 821 1450 848 τελείωσιν
1472 814 1509 855 (c)
1534 816 1629 852 atque
1655 810 1883 840 sacramentum

262 878 348 908 istud
364 876 399 906 in
417 874 546 905 nomine
566 871 703 911 Spiritus
717 871 818 903 sancti
837 871 975 903 conferri

932 923 976 951 De
1004 920 1218 952 Eucharistia.

304 977 397 1019 Quod
412 975 622 1006 Eucharistiae
636 974 870 1005 sacramentum
887 976 1008 1011 spectat
1025 994 1034 1009 ,
1072 971 1188 1002 realem
1205 968 1323 999 Christi
1343 968 1374 998 in
1390 963 1587 997 Eucharistia
1609 960 1808 1011 praesentiam
1826 961 1886 988 tam

265 1016 426 1058 multis'et
443 1030 505 1057 tam
526 1026 705 1065 perspicuis
721 1007 916 1056 testimoniis
931 1007 1074 1061 agnoscit
1093 1019 1279 1059 Gregorius,
1300 1022 1333 1048 ut
1352 1016 1475 1048 nullum
1492 1015 1532 1045 de
1550 1007 1694 1052 ejus‘ﬁde
1715 1009 1796 1065 circa
1815 1015 1889 1065 mv—

265 1079 398 1111 sterium
415 1077 500 1108 istud
524 1055 657 1107 dubium
676 1055 747 1106 esse
770 1074 882 1113 possit.
901 1084 914 1101 ι(
932 1055 1035 1102 δυθὶ
1059 1055 1176 1101 cultor'
1187 1067 1402 1103 sanctissime,
1419 1077 1434 1099 ιο
1454 1064 1558 1104 inquit
1578 1061 1635 1102 (ἀ),
1663 1055 1888 1112 Amphilochio

265 1130 424 1165 scribens,
446 1139 459 1155 α
477 1136 517 1158 ne
532 1125 694 1158 cunctcris
709 1133 800 1155 orare
817 1128 848 1154 et
867 1122 1066 1153 intercedere
1082 1128 1138 1159 pro
1153 1119 1261 1153 nobis,
1280 1116 1408 1157 quando
1428 1115 1512 1146 dicto
1528 1113 1631 1144 allicis
1652 1111 1793 1141 Verbum
1810 1107 1887 1142 Dei;
1926 1131 1930 1135 .

265 1181 395 1220 quando
423 1181 589 1211 incruenta
612 1176 754 1207 sectione
779 1182 895 1212 corpus
918 1176 948 1203 et
970 1170 1159 1210 sanguinem
1176 1168 1378 1198 Dominicum
1396 1174 1498 1201 secas,
1520 1171 1629 1194 vocem
1654 1159 1808 1192 adhibens
1831 1165 1888 1195 pro

264 1209 468 1270 gladi-obiit
483 1228 628 1259 oratione
640 1235 701 1256 ειν
718 1225 760 1264 (n.
779 1209 854 1262 19).:
872 1234 886 1251 «τ
905 1223 981 1259 Lex,
996 1209 1312 1259 inquit,fulcientem
1327 1216 1477 1247 baculum
1495 1214 1550 1245 tibi
1569 1211 1754 1252 praescribit,
1772 1209 1886 1240 necubi

263 1282 374 1311 animo
392 1279 522 1313 titubes,
539 1278 615 1308 dum
635 1263 825 1313 sanguinem
844 1273 915 1308 Dei,
933 1275 965 1302 et
982 1270 1177 1310 passionem,
1192 1276 1227 1298 ac
1243 1271 1374 1298 mortem
1397 1266 1501 1301 audis,
1517 1273 1552 1295 ac
1568 1264 1643 1294 dum
1661 1263 1718 1292 Dei
1737 1265 1887 1300 patronus

264 1339 300 1360 ac
318 1328 468 1360 defensor
484 1326 587 1357 videri
606 1312 710 1363 cupis,
731 1323 830 1360 impie
846 1329 987 1352 corruas.
1018 1320 1103 1356 Quin
1129 1317 1236 1356 potius
1262 1317 1332 1347 sine
1346 1317 1470 1356 pudore
1490 1323 1525 1346 ac
1548 1312 1748 1345 dubitatione
1773 1317 1888 1348 corpus

264 1379 336 1416 ede,
354 1378 544 1417 sanguinem
562 1375 649 1411 bibe,
665 1375 690 1405 si
705 1374 799 1405 modo
817 1373 889 1403 vitae
906 1370 1068 1402 desiderio
1084 1368 1216 1405 teneris,
1229 1376 1288 1398 nec
1303 1366 1506 1398 sermonibus
1524 1365 1563 1395 de
1581 1371 1674 1394 carne
1689 1361 1782 1392 ﬁdem
1799 1359 1890 1389 abro-

264 1439 355 1470 gans,
374 1439 433 1460 nec
443 1429 482 1460 ad
499 1436 566 1463 eos,
585 1426 640 1466 qui
658 1425 697 1455 de
714 1423 863 1463 passione
879 1422 1049 1456 habentur,
1066 1419 1261 1458 impingens.
1279 1417 1415 1447 Innixus
1433 1422 1492 1452 sta,
1511 1415 1621 1446 ﬁrmus
1637 1415 1668 1442 et
1685 1410 1821 1445 stabilis,
1839 1411 1887 1439 at-

264 1488 329 1520 que
347 1480 389 1510 ita
408 1480 622 1516 comparatus,
641 1478 674 1505 ut
691 1473 776 1503 nulla
793 1472 825 1502 in
843 1481 876 1502 re
892 1471 1044 1510 quatiaris
1062 1470 1101 1501 ab
1120 1468 1323 1504 adversariis,
1342 1477 1399 1498 nec
1415 1467 1586 1498 verborum
1610 1465 1716 1503 lepore
1740 1465 1834 1501 atque
1847 1460 1888 1490 il-

266 1529 402 1561 lecebris
419 1527 600 1566 abripiztris.
620 1537 634 1553 π

307 1581 339 1610 ln
358 1577 567 1610 Eucharistiaa
583 1574 824 1606 consecratione
844 1582 954 1604 verum
972 1574 1115 1611 agnoscit
1132 1571 1333 1607 sacriﬁcium,
1362 1578 1433 1601 cum
1460 1569 1501 1599 ait
1517 1568 1683 1607 episcopos
1706 1568 1735 1596 et
1755 1564 1891 1604 presby-

267 1637 352 1660 teros
368 1629 554 1659 incruentas
580 1627 701 1658 hostias
720 1628 847 1663 otl‘erre,
865 1631 960 1665 atque
980 1625 1089 1656 altaria
1106 1627 1212 1654 nostra
1228 1622 1269 1653 ita
1285 1620 1447 1661 appellari,
1462 1619 1546 1658 quod
1564 1626 1660 1656 super
1674 1625 1708 1647 ea
1726 1616 1890 1645 incruenta

265 1679 419 1713 sacriﬁcia
436 1679 634 1709 oﬂ'erantur:
657 1690 671 1706 (ι
700 1678 734 1718 (ε)
755 1678 782 1708 0
803 1678 995 1714 sacerdotes,
1011 1678 1069 1717 qui
1094 1676 1212 1707 hostias
1240 1674 1424 1704 incruentas
1444 1668 1603 1700 offertis...
1633 1665 1669 1706 (I)
1691 1665 1717 1695 Ο
1740 1671 1855 1702 genua,
1872 1670 1892 1691 ο

264 1729 389 1769 palmae,
406 1728 590 1767 purissimis
619 1714 731 1758 Deum.
751 1737 822 1768 quae
851 1714 1170 1766 placabatis—hostiis,
1195 1723 1340 1759 Carlerii,
1353 1719 1515 1760 quomodo
1533 1716 1679 1748 cessastis
1698 1716 1712 1744 ‘2
1732 1725 1746 1742 ι»
1762 1714 1892 1752 Magnas

265 1780 402 1812 virtutes
418 1780 451 1810 in
468 1787 506 1810 eo
524 1779 669 1819 requirit,
688 1779 742 1818 qui
761 1779 950 1810 sacriﬁcium
968 1777 1053 1808 istud
1073 1778 1109 1807 ad
1127 1777 1224 1807 altare
1239 1780 1416 1812 supernum
1441 1767 1636 1803 transmittit,
1655 1765 1709 1806 qui
1726 1767 1892 1795 externum

266 1830 468 1871 sacriﬁcium,
484 1814 765 1868 illud'magnorum
784 1829 1010 1869 mysteriorum
1026 1827 1219 1865 antitypum,
1237 1825 1341 1856 oﬂ‘ert.
1359 1833 1374 1850 α
1396 1821 1438 1860 (g)
1454 1820 1523 1856 Quo
1540 1817 1664 1848 tandem
1682 1814 1775 1845 modo
1791 1815 1894 1843 exter-

265 1889 344 1917 num
357 1880 438 1911 illud
454 1867 685 1911 sacriﬁcium...
703 1881 769 1912 Deo
787 1867 903 1911 Oli'erre
917 1881 1082 1914 auderem,
1106 1881 1168 1908 aut
1187 1883 1250 1914 quo
1268 1873 1362 1905 modo
1379 1869 1553 1902 sacerdotis
1568 1867 1710 1899 habitum
1732 1868 1761 1894 et
1777 1870 1892 1894 nomen

266 1931 390 1971 subire,
406 1929 596 1970 priusquam
613 1931 732 1961 sanctis
747 1930 900 1969 operibus
916 1937 1029 1960 manus
1048 1927 1280 1967 puriﬁcassem?
1295 1936 1308 1952 ι)
1326 1941 1362 1946 —
1381 1934 1394 1950 α
1415 1923 1473 1952 Per
1489 1922 1653 1950 externum
1674 1918 1779 1946 autem
1794 1912 1892 1943 sacri-

256 1985 394 2022 .ﬁcium,
410 1983 503 2018 illud,
519 1982 604 2020 quod
624 1991 678 2020 per
698 1990 809 2020 panem
827 1985 857 2011 et
875 1981 987 2012 vinum
1006 1978 1180 2017 peragitur,
1198 1974 1348 2012 intelligit
1363 1970 1548 2008 Gregorius,
1566 1976 1637 2007 quas
1651 1964 1780 2005 quidem
1795 1963 1827 1992 in
1845 1969 1894 2017 sa-

268 2041 321 2072 cra
337 2040 448 2062 mensa
469 2011 641 2070 preposita,
667 2011 724 2069 per
749 2030 945 2060 ineffabilem
977 2011 1147 2068 quamdam
1173 2011 1410 2062 domnipotentis
1441 2019 1496 2050 Dei
1515 2018 1576 2047 vim
1602 2014 1841 2053 etfacultatem,
1859 2011 1893 2042 in

269 2084 387 2119 Christi
413 2090 528 2121 corpus
547 2087 577 2111 et
594 2080 784 2118 sanguinem
801 2088 875 2109 vere
893 2081 1167 2109 commutantur...
1200 2076 1262 2105 Nec
1279 2081 1366 2107 vero,
1382 2071 1460 2111 quin
1479 2070 1539 2100 hoc
1561 2075 1668 2098 verum
1685 2065 1738 2100 sit,
1756 2063 1820 2094 ullo
1839 2071 1896 2100 pa-

268 2133 462 2171 ctonmbige,
477 2141 547 2162 cum
562 2131 629 2169 ipse
643 2133 749 2168 aperte
764 2129 857 2164 dicat,
867 2129 952 2159 «Hoc
961 2131 1134 2166 estcorpus
1146 2122 1410 2162 meum,»et«Hic
1426 2124 1472 2152 est
1487 2119 1617 2159 sanguis
1633 2125 1723 2148 meus
1737 2118 1795 2159 “ut
1809 2114 1894 2150 Quin

270 2185 379 2224 potius
396 2181 565 2213 Salvatoris
582 2187 762 2211 sermonem
778 2179 838 2210 ﬁde
855 2179 972 2217 accipe.
989 2179 1066 2207 Nam
1085 2185 1155 2208 cum
1175 2184 1268 2205 verus
1287 2174 1340 2210 sit,
1359 2172 1489 2202 minime
1505 2169 1668 2201 mentitur.
1690 2177 1703 2194 )2
1720 2166 1793 2196 Haec
1810 2164 1895 2193 Elias

270 2235 355 2271 (li-et.
368 2233 402 2263 in
418 2232 505 2267 Orat.
522 2231 562 2261 al.
578 2231 607 2267 1,
627 2238 711 2259 nunc
728 2230 759 2265 2,
777 2232 853 2258 tom.
867 2229 907 2264 ll,
927 2227 1007 2266 apud
1028 2227 1098 2257 Bill.
1122 2235 1152 2264 p.
1170 2226 1241 2262 200,
1254 2225 1322 2255 201.

307 2285 365 2314 Per
391 2283 593 2313 incruentum
617 2282 675 2310 hoc
693 2278 896 2314 sacriﬁcium,
924 2287 983 2310 nos
1002 2279 1118 2309 Christi
1139 2277 1308 2316 participes
1325 2275 1404 2305 efﬁci
1420 2274 1511 2304 docet
1529 2272 1700 2310 Gregorius
1720 2270 1761 2311 (ἡ)
1779 2279 1787 2298 :
1805 2281 1818 2297 α
1837 2269 1896 2298 Per

269 2336 354 2375 quod
370 2335 582 2374 (incruentum
602 2329 803 2368 sacriﬁcium)
819 2337 877 2359 nos
896 2329 1022 2359 Christo
1042 2328 1208 2367 ipsiusque
1226 2326 1428 2365 passionibus
1453 2329 1482 2355 et
1500 2323 1656 2354 divinitati
1677 2320 1894 2353 communica-

269 2395 352 2423 mus.
374 2397 388 2414 η
405 2385 485 2421 Sunt
512 2383 571 2413 alia
592 2381 735 2419 Gregorii
754 2381 859 2416 verba,
893 2389 932 2411 ex
955 2380 1085 2419 quibus,
1111 2382 1145 2408 ut
1170 2377 1317 2407 observat
1338 2375 1530 2406 Muratorius
1556 2374 1604 2414 (ἰ),
1634 2373 1760 2412 probari
1780 2374 1892 2410 potest,

270 2436 350 2475 apud
378 2439 503 2465 veteres
534 2431 684 2463 sacriﬁcia
716 2434 745 2460 et
769 2439 878 2469 preces
908 2430 1019 2469 proiis
1047 2428 1107 2468 qui
1129 2428 1335 2458 decesserunt
1353 2426 1384 2455 in
1404 2425 1495 2464 signo
1509 2425 1594 2460 ﬁdei,
1627 2427 1657 2453 et
1673 2421 1834 2453 dormiunt
1862 2420 1894 2450 iu

271 2494 385 2522 somno
402 2485 499 2524 pacis,
519 2483 677 2521 viguisse;
695 2482 740 2512 sic
757 2481 840 2512 enim
857 2481 889 2510 in
908 2479 1068 2520 epitapltio
1085 2487 1181 2508 cum
1197 2476 1319 2507 inducit
1335 2479 1476 2505 mortuos
1495 2473 1680 2512 Gregorium
1706 2478 1736 2504 et
1752 2474 1894 2509 Nonnam

274 2537 445 2575 loquentes
465 2545 472 2564 :
491 2545 504 2561 «
523 2534 586 2563 Nos
606 2533 647 2571 pii
667 2534 815 2570 parentes
837 2531 996 2569 Gregorii,
1015 2530 1070 2569 qui
1094 2533 1124 2559 et
1141 2531 1339 2558 senectutem
1365 2525 1497 2555 reddidit
1522 2525 1589 2555 suis
1607 2524 1770 2555 laboribus
1794 2523 1895 2553 levem

272 2592 426 2629 nostram,
444 2589 474 2614 (ξι
495 2592 580 2613 nunc
601 2582 872 2621 prosequiturnos
894 2581 1082 2616 sacriﬁciis;

1093 2591 1105 2606 »
1121 2584 1168 2610 καὶ
1184 2583 1230 2609 νῦν
1246 2582 1378 2617 ἀμφιέπει
1389 2581 1504 2611 Ουσῖαις.
1527 2577 1588 2605 Nec
1606 2575 1713 2605 minus
1736 2573 1896 2604 oblatione

271 2635 416 2670 sacriﬁcii
433 2642 532 2672 tegros
545 2641 582 2663 ex
593 2632 703 2662 morbo
718 2634 875 2662 recreatos
890 2630 1002 2660 asserit
1018 2622 1572 2668 etrepraesentatsanclusdoctorJn
1582 2626 1762 2664 exemplum
1778 2623 1896 2664 profert

270 2689 391 2734 patrem
413 2692 507 2714 suum
529 2682 732 2721 Gregorium,
748 2690 807 2712 nec
830 2690 893 2711 non
919 2681 1107 2719 Gorgoniam
1139 2688 1279 2710 sorOrem
1306 2687 1406 2711 suam,
1436 2685 1571 2716 quorum
1597 2678 1675 2708 alter
1696 2687 1703 2707 :
1721 2687 1737 2705 It
1754 2677 1791 2717 (ί)
1814 2675 1896 2706 Illud

306 2735 330 2751 "
347 2735 442 2762 Matth.
456 2742 530 2765 xxvr,
547 2732 591 2766 26,
606 2732 652 2763 28,
663 2737 690 2759 ct
704 2731 766 2758 alibi

307 2782 345 2815 (ai
359 2782 404 2808 0r.
422 2781 466 2813 40,
479 2789 505 2807 n.
520 2780 547 2806 8.
1148 2776 1181 2810 (Ῑ)
1196 2776 1272 2815 Apud
1283 2775 1380 2815 Mur’at.
1397 2774 1475 2807 epist.
1497 2773 1533 2800 50.

307 2809 344 2852 ib)
357 2818 404 2844 ον.
415 2809 465 2846 at;
475 2824 502 2842 n.
519 2816 562 2852 is.

1148 2814 1184 2852 (φ
1199 2810 1246 2852 (ξς.
1260 2811 1285 2852 2..
1301 2818 1325 2836 ιι.

320 2844 344 2886 (ᾖ
358 2853 404 2879 0r.
421 2844 497 2882 55,".

1149 2846 1187 2886 (It)
1207 2845 1253 2886 ρι’.
1271 2845 1297 2886 ἦ,
1314 2853 1341 2886 ti.
1361 2844 1403 2869 iii.

320 2877 347 2919 (ΙΙ)
364 2877 501 2919 Ῑείῃὶςι.ἠι.
516 2885 569 2914 2ίο

1198 2881 1295 2919 (ἔποψ,ἶ
1312 2878 1406 2919 (ξι-αἶ’..
1421 2887 1444 2912 μ
1463 2877 1516 2904 HQ.

362 2914 501 2964 t1.irnl.al.
520 2920 563 2953 Η,
579 2929 603 2947 v.
618 2922 638 2948 l.

598 2922 638 2948 .l.
1150 2916 1181 2950 υ)
1196 2915 1241 2942 Or.
1266 2915 1305 2945 te,
1325 2922 1350 2939 ιι.
1366 2914 1409 2940 δδ.
