2058 3128
190 192 240 219 ΗἸ
684 192 873 220 ΡΒΑΞΕΑΤΙΟ
892 192 1002 220 GENEE

1010 193 1096 221 ALlS.
1117 210 1152 218 -ν-
1170 194 1261 221 PARS
1280 194 1322 222 III.
1772 194 1820 221 “8

196 246 328 285 quidem
345 254 417 277 cum
433 246 504 278 aliis
521 246 708 278 hominibus
724 255 895 278 commune
912 247 1034 283 habuit,
1053 250 1140 288 quod
1157 252 1347 288 aegrotaret;
1361 249 1421 280 hoc
1436 253 1541 280 autem
1560 256 1624 279 non
1644 247 1719 279 item
1737 257 1822 279 com-

197 305 307 332 mune,
325 296 380 326 sed
397 296 569 327 admodum
583 297 754 336 peculiare,
771 296 910 337 aliisque
932 298 1094 330 miraculis
1117 303 1380 330 consentaneum.
1398 300 1474 330 Nam
1490 307 1561 330 cum
1580 308 1744 340 nunquam
1761 301 1820 331 do-

193 347 258 376 lore
274 353 340 376 non
361 349 573 384 premeretur,
590 350 621 378 et
636 347 766 385 quidem
788 355 930 387 persrepe
948 348 1085 386 singulis
1105 348 1232 385 diebus,
1248 353 1344 388 atque
1361 349 1520 380 interdum
1541 350 1637 380 etiam
1662 349 1762 386 horis,
1781 359 1822 381 ex

192 395 259 426 sola
273 394 400 433 liturgia
417 395 515 426 robur
533 397 744 435 concipiebat,
770 406 805 428 ac
822 398 966 435 morbus,
985 403 1134 438 tanquam
1155 409 1193 430 ex
1212 400 1316 430 edicto
1332 403 1363 430 et
1378 400 1514 439 imperio
1527 399 1667 438 fugatus,
1691 409 1725 430 se
1741 401 1821 430 sub-

192 444 369 476 duCebat...
392 443 433 484 (a)
453 446 510 477 Illa
522 455 599 477 vero
616 446 801 487 (Gorgonia)
818 456 889 478 cum
903 452 998 488 caput
1013 458 1106 480 suum
1121 449 1186 489 pari
1205 458 1277 480 cum
1297 451 1448 486 clamore,
1465 449 1690 489 lacrymisque,
1703 449 1822 489 quibus

192 497 389 533 abundabat,
403 497 602 528 mulierculae
616 497 706 527 illius
721 497 833 534 instar,
848 506 917 536 quae
928 498 1003 529 olim
1016 498 1133 530 Christi
1146 499 1242 538 pedes
1254 500 1379 540 rigavit,
1391 499 1480 530 altari
1492 499 1698 535 admovisset,
1713 507 1772 529 nec
1787 508 1822 529 se

194 547 284 585 prius
298 546 378 578 illud
397 547 604 578 dimissuram
622 555 693 578 esse
709 548 943 584 denuntiasset,
959 557 1054 588 quam
1080 550 1247 580 sanitatem
1268 549 1482 586 obtinuisset;
1502 558 1536 580 ac
1555 550 1670 581 deinde
1686 550 1747 580 hoe
1762 557 1821 580 suo

193 597 363 638 pharmace
387 606 504 637 corpus
529 599 629 628 totum
654 596 860 635 perfudisset,
880 601 910 628 et
935 597 962 628 si
982 598 1060 637 quid
1077 599 1199 637 uspiam
1219 599 1438 639 antityporum
1461 599 1594 637 pretiosi
1611 599 1753 638 corporis
1768 602 1820 630 aut

194 648 364 687 sanguinis
380 656 493 679 manus
510 645 744 683 recondiderat,
759 646 791 676 id
804 646 956 686 lacrymis
971 648 1195 680 admiscuisset
1215 649 1246 688 (0
1262 658 1331 680 rem
1345 649 1589 689 admirandam),
1606 649 1716 679 statim
1738 648 1821 680 libe-

193 701 290 729 ratam
307 707 342 728 se
356 698 467 728 inorbo
478 697 588 733 sentit,
603 701 699 736 atque
713 700 743 728 et
759 705 904 736 corpore,
921 701 951 729 et
964 697 1085 735 animo,
1103 702 1133 729 at
1147 701 1253 729 mente
1267 698 1346 729 levis
1363 698 1508 730 discedit.
1530 711 1544 727 ι

232 747 297 778 Nec
308 755 384 778 vero
403 755 597 786 quemquam
616 755 744 777 movere
767 747 872 784 debet,
889 749 974 787 quod
993 749 1179 787 Gregorius,
1204 750 1243 779 de
1262 749 1460 780 Eueharistia
1482 749 1628 788 loquens,
1647 750 1763 788 figuras
1791 752 1822 778 et

195 798 337 838 antitypa
361 797 510 838 appellat.
525 796 625 827 Mevit
639 799 742 826 tamen
759 796 804 833 id,
819 799 873 827 aut
888 802 972 828 certe
986 806 1113 829 movere
1131 800 1232 830 visum
1249 802 1296 829 est
1316 799 1500 830 nonnullos.
1515 799 1625 838 Neque
1654 799 1752 833 enim,
1767 798 1820 828 in—

195 849 312 889 quiunt
323 847 460 880 ministri
476 846 664 878 Claudiuset
677 846 873 883 Albertinus,
891 847 941 878 his
957 848 1260 880 nominibusfuissat
1273 857 1349 880 usus
1358 848 1531 888 Gregorius
1541 847 1819 878 sivereetrealiter

195 899 309 931 Christi
327 906 444 938 corpus
461 900 492 928 et
509 895 699 934 sanguinem
714 895 749 926 in
779 896 980 929 Eucharistia
996 899 1152 929 contineri
1173 899 1396 930 existimasset.
1414 898 1498 929 Elias
1522 897 1684 928 Cretensis
1698 895 1738 935 ib)
1758 895 1821 927 haec

197 951 324 982 nomina
347 951 386 981 de
409 947 612 980 Eucharistia
628 947 869 986 interpretatur,
888 956 923 978 ac
941 948 980 978 de
997 956 1071 979 vero
1091 948 1210 979 Christi
1227 956 1359 988 corpore
1379 952 1409 980 et
1429 947 1584 986 sanguine
1601 947 1743 987 exponit.
1760 947 1820 977 Sed

197 1004 230 1030 at
243 1000 355 1030 inanes
373 999 497 1030 Claudii
513 1001 543 1029 et
562 996 721 1028 Albertini
742 997 941 1036 obiectiones
956 998 1089 1036 refellit,
1108 1007 1143 1030 ac
1159 998 1306 1030 funditus
1320 998 1432 1030 evertit
1450 1001 1560 1030 auctor
1577 997 1683 1030 oneris
1697 996 1741 1026 De
1753 1005 1823 1035 pcr-

196 1049 349 1088 petuitate
360 1047 445 1088 ﬁdei,
463 1048 519 1079 lib.
535 1057 557 1084 l,
575 1056 603 1078 c.
619 1048 654 1084 5,
672 1055 703 1086 p.
719 1046 770 1083 1&9,
785 1050 861 1079 tom.
881 1048 936 1078 Ill.

890 1122 930 1152 De
940 1123 1132 1162 pauitantia.

239 1181 401 1212 Justitiam
418 1182 520 1213 amitti
538 1190 633 1222 posse
648 1187 678 1215 et
695 1183 890 1222 recuperari,
909 1183 986 1214 satis
1004 1188 1049 1215 tot
1067 1185 1230 1224 lapsorum
1249 1185 1444 1226 experientia
1460 1185 1755 1216 didiceratsanctus
1769 1185 1825 1216 do,-

201 1233 292 1269 ctor;
313 1235 453 1262 attamen
473 1241 513 1263 ne
528 1233 584 1272 qui
601 1233 785 1265 innocentia
801 1233 950 1272 baptismi
969 1234 1165 1272 exciderent,
1195 1244 1277 1266 nova
1302 1235 1516 1267 contrahendo
1544 1237 1682 1274 peccata,
1700 1233 1761 1264 sibi
1785 1234 1824 1264 de

199 1281 291 1312 venia
322 1281 419 1312 nimis
444 1281 678 1319 blandirentur,
697 1283 784 1314 aliud
813 1283 859 1313 eis
876 1290 940 1313 non
958 1291 1129 1322 superesse
1152 1285 1326 1317 remedium
1349 1288 1460 1324 praeter
1479 1284 1633 1323 lacrymas
1655 1284 1825 1315 denuntiat

199 1331 386 1369 Gregorius,
404 1343 419 1360 α
433 1340 521 1364 nunc
535 1333 621 1364 aliud
636 1333 812 1365 remedium
833 1337 922 1365 extra
936 1333 1093 1374 lacrymas
1109 1335 1232 1366 nullum
1250 1343 1379 1375 prorsus
1396 1335 1476 1366 scio.
1494 1345 1509 1363 ιο
1525 1334 1608 1370 Quin
1627 1337 1661 1364 ut
1677 1334 1825 1365 homines

200 1391 216 1411 a
233 1386 362 1420 peccato
382 1383 481 1421 magis
497 1384 656 1415 deterreat
679 1388 708 1414 et
728 1384 760 1415 in
775 1384 899 1423 justitia
923 1387 1072 1418 stabilius
1096 1387 1272 1422 confirmet,
1290 1389 1399 1417 monet
1425 1392 1480 1416 eos
1498 1383 1717 1423 paenitentiam
1741 1384 1827 1415 labo-

200 1432 322 1463 riosum
339 1441 409 1464 esse
423 1434 640 1472 pharmacum,
655 1434 868 1466 difﬁciliorem
891 1438 922 1466 et
942 1434 1160 1466 molestiorem
1183 1434 1385 1474 disciplinam
1405 1444 1412 1463 :
1432 1444 1446 1461 α
1465 1432 1507 1473 (6)
1526 1432 1628 1465 Grave
1641 1432 1824 1464 estfacilio-

200 1481 245 1512 ris
261 1482 428 1513 medicinre
443 1483 513 1515 loco
536 1484 747 1515 difﬁciliorem
772 1488 802 1516 et
818 1486 1037 1516 molestiorem
1059 1485 1224 1520 adhibere,
1248 1493 1294 1522 ac,
1315 1484 1456 1524 projecta
1472 1483 1698 1514 misericordiae
1715 1484 1824 1522 gratia,

200 1531 369 1571 suppliciis
400 1533 543 1572 seipsum
571 1534 747 1565 obnoxium
781 1535 926 1571 reddere,
955 1539 1051 1574 atque
1076 1543 1113 1565 ex
1131 1535 1238 1565 delicti
1264 1534 1389 1566 ratione
1407 1534 1663 1575 emendationem
1687 1542 1824 1572 aequare.

199 1585 356 1622 Quantam
371 1585 455 1616 enim
476 1584 685 1623 laerymarum
704 1585 766 1614 vim
788 1584 1028 1623 impendamus,
1046 1587 1080 1615 ut
1097 1593 1131 1614 ea
1149 1594 1220 1618 cum
1239 1585 1389 1624 baptismi
1413 1584 1500 1615 fonte
1518 1583 1675 1622 exaequari
1700 1584 1828 1623 possit?

201 1635 283 1672 Quis
297 1639 404 1666 autem
421 1643 556 1674 sponsor
573 1635 646 1672 erit,
665 1634 745 1671 fore,
764 1638 796 1665 ut
811 1635 882 1666 vitae
898 1635 970 1665 ﬁnis
989 1635 1187 1666 curationem
1206 1639 1379 1675 exspectet,
1398 1644 1432 1666 ac
1445 1644 1508 1667 non
1522 1636 1631 1674 potius
1648 1636 1752 1667 adhuc
1766 1645 1826 1667 aere

201 1685 306 1716 alieno
322 1694 462 1724 pressos,
490 1689 585 1726 atque
608 1686 696 1716 illius
711 1685 795 1724 ignis
812 1686 927 1717 ardore
946 1694 1028 1723 opus
1051 1686 1218 1721 habentes,
1241 1686 1379 1716 tribunal
1399 1686 1479 1717 illud
1495 1687 1673 1726 suscipiat?
1687 1687 1735 1716 Tu
1752 1686 1827 1725 qui-

201 1734 274 1764 dem
287 1733 435 1773 fortasse,
452 1736 537 1767 bone
553 1740 582 1767 et
599 1736 738 1767 humane
756 1736 907 1775 agricola,
925 1736 1091 1768 dominum
1109 1736 1245 1775 supplex
1264 1736 1403 1775 rogabis,
1420 1743 1454 1767 ut
1470 1736 1614 1767 ficulneae
1633 1735 1737 1766 adhuc
1756 1745 1830 1773 par-

201 1789 261 1821 cat,
277 1793 333 1816 nec
350 1794 418 1816 eam
437 1786 614 1817 sterilitatis
629 1790 806 1818 accusatam
826 1786 930 1816 adhuc
944 1785 1097 1820 succidat,
1117 1794 1225 1816 verum
1246 1785 1302 1816 tibi
1325 1787 1486 1825 permittat
1507 1790 1539 1817 ut
1571 1791 1710 1819 stercora
1737 1788 1829 1818 undi-

202 1842 266 1871 que
283 1834 315 1864 in
332 1843 400 1866 eam
418 1836 543 1876 injicias
560 1841 593 1873 ³⁷,
612 1836 673 1868 hoc
696 1840 744 1867 est
761 1836 928 1875 lacrymas,
946 1836 1095 1874 gemitus,
1119 1844 1239 1874 preces,
1258 1835 1478 1873 cliameunias,
1501 1837 1640 1876 vigilias,
1666 1838 1779 1868 anima;
1796 1841 1827 1867 et

201 1886 343 1924 corporis
362 1888 622 1924 macerationem,
650 1896 686 1918 ac
709 1887 848 1926 denique
876 1886 1106 1917 correctionem
1135 1894 1216 1922 eam,
1234 1893 1305 1924 quae
1329 1894 1365 1916 ex
1385 1887 1505 1924 peccati
1523 1888 1735 1924 confessione.
1753 1897 1829 1919 con-

204 1936 430 1976 temptiorique
451 1938 522 1968 vitae
536 1946 653 1976 genere
678 1938 824 1974 exsistit;
858 1941 888 1967 at
914 1937 1070 1967 incertum
1095 1939 1153 1973 est,
1175 1944 1212 1966 an
1234 1936 1390 1966 Dominus
1413 1936 1458 1966 illi
1484 1940 1601 1976 parcet,
1622 1941 1731 1977 utpote
1756 1947 1828 1978 quae

202 1985 300 2016 etiam
320 1986 426 2018 locum
444 1988 547 2019 otiose
563 1992 710 2027 occupet,
728 1996 799 2018 cum
817 1987 944 2018 interim
961 1987 1043 2017 alius
1060 1985 1277 2016 misericordia
1299 1990 1400 2024 egeat,
1417 1990 1514 2026 atque
1537 1987 1577 2018 ob
1602 1991 1828 2022 longanimita-

202 2038 278 2072 tem,
294 2044 365 2076 quas
380 2037 441 2076 ipsi
458 2038 638 2074 exhibetur,
657 2038 794 2069 deterior
811 2039 898 2068 ﬁat.»

242 2085 329 2116 Licet
343 2086 516 2125 Gregorius
533 2087 577 2128 (d)
597 2089 818 2128 purgationem
836 2087 951 2118 animae
976 2095 1011 2117 ac
1038 2088 1304 2117 instaurationem
1325 2087 1358 2116 in
1375 2087 1546 2126 pristinum
1564 2092 1680 2121 statum
1702 2089 1830 2120 rarissi-

204 2145 287 2168 mam
303 2147 374 2170 esse
390 2144 556 2179 agnoscat,
574 2143 604 2172 et
620 2148 702 2178 aegre
721 2139 847 2171 tandem
868 2143 940 2178 post
956 2137 1106 2169 assiduos
1125 2137 1264 2176 gemitus
1277 2159 1285 2175 ,
1304 2137 1481 2177 longosque
1498 2138 1622 2170 labores
1643 2140 1831 2171 vulneribus

205 2189 383 2221 cicatricem
397 2191 536 2227 obduci,
554 2192 669 2223 acriter
686 2195 790 2222 tamen
807 2191 1058 2222 Novatiauorum
1074 2189 1228 2220 saevitiam
1253 2190 1408 2227 coarguit.
1427 2188 1503 2235 «'_Tu
1518 2199 1592 2221 vero
1609 2192 1686 2230 quid
1702 2192 1830 2222 ais?’in-

205 2240 295 2279 quit;
311 2249 405 2280 quam
426 2243 525 2281 legem
540 2243 666 2278 statuis,
686 2252 705 2273 ο
720 2251 801 2274 nove
815 2242 985 2279 Pharisaie,
999 2250 1034 2272 ac
1051 2241 1191 2277 nomine,
1209 2248 1274 2271 non
1291 2245 1395 2271 autem
1414 2242 1510 2271 animi
1533 2243 1708 2281 proposito,
1739 2251 1831 2281 pure,

205 2300 241 2322 nc
257 2291 370 2322 Novati
387 2292 534 2331 dogmata
550 2301 622 2323 cum
638 2293 748 2323 eadem
765 2293 949 2323 infirmitate
969 2291 1063 2322 nobis
1079 2290 1189 2322 efﬂans
1202 2291 1216 2321 7
1231 2290 1453 2321 Paenitentiam
1477 2300 1540 2322 non
1558 2293 1698 2323 admittis
1710 2295 1724 2323 ?
1741 2293 1834 2323 lucti-

205 2341 266 2372 bus
285 2342 389 2372 locum
408 2344 531 2382 negas?
560 2343 882 2382 lacrymaslacrymis
899 2351 962 2373 non
979 2341 1211 2381 prosequeris?
1237 2340 1361 2370 Utinam
1380 2340 1475 2371 talem
1494 2342 1551 2372 tibi
1577 2342 1720 2381 judicem
1738 2352 1834 2381 expe-

207 2390 261 2421 riri
280 2399 344 2423 non
365 2393 543 2432 contingat!
561 2393 764 2431 Benignitate
783 2393 860 2423 Jesu
885 2401 950 2423 non
976 2392 1115 2422 moveris
1132 2413 1140 2427 ,
1159 2391 1213 2430 qui
1244 2390 1448 2421 infirmitates
1465 2395 1591 2421 nostras
1610 2393 1750 2430 suscepit
1767 2414 1776 2429 ,
1804 2396 1834 2422 et

206 2442 336 2474 morbos
355 2447 482 2474 nostros
499 2444 636 2483 portavit
651 2446 684 2480 ³⁸,
704 2444 759 2483 qui
777 2452 840 2474 non
860 2444 948 2474 venit
966 2451 1077 2474 vocare
1091 2442 1194 2480 iustos
1210 2463 1218 2477 ,
1237 2441 1291 2472 Sed
1309 2445 1491 2479 peccatores
1507 2442 1545 2472 ad
1563 2442 1780 2480 poenitentiam
1798 2446 1832 2478 ³³,

207 2494 261 2531 qui
277 2493 528 2525 misericordiam
551 2495 671 2524 mavult
688 2502 782 2534 quam
800 2493 989 2525 sacriﬁcium
1003 2492 1037 2529 ‘°,
1057 2493 1112 2531 qui
1132 2492 1315 2531 septuagies
1331 2491 1449 2530 septies
1473 2496 1598 2530 peccata
1613 2492 1773 2523 condonat
1788 2493 1835 2521 υτ

207 2542 308 2579 Quam
327 2543 416 2574 beata
438 2547 522 2574 esset
537 2543 719 2574 sublimitas
738 2547 802 2580 tua,
820 2542 847 2573 si
861 2543 982 2582 puritas
999 2552 1033 2573 ea
1053 2546 1151 2577 esset,
1178 2549 1240 2571 non
1262 2544 1368 2572 autem
1383 2541 1497 2579 fastus,
1515 2541 1603 2579 leges
1619 2550 1714 2579 supra
1732 2542 1834 2572 liomi-

210 2593 260 2623 nis
276 2595 401 2632 captum
422 2593 609 2629 instituens,
632 2602 668 2623 ac
685 2601 808 2624 morum
825 2593 1054 2624 correctionem
1069 2601 1124 2631 per
1140 2591 1394 2630 desperationem
1413 2592 1541 2621 tolleusl
1559 2591 1595 2621 In
1615 2591 1726 2622 eodem
1744 2592 1831 2622 enim

209 2645 289 2675 vitio
317 2648 405 2680 sunt,
424 2644 624 2682 indulgentia
642 2645 775 2675 omnino
803 2643 1092 2674 animadversionis
1108 2650 1222 2681 expers
1238 2662 1246 2677 ,
1267 2645 1297 2671 et
1316 2641 1540 2672 condemnatio
1560 2641 1648 2671 omni
1663 2641 1754 2671 venia
1787 2651 1833 2672 ca-

210 2704 302 2733 rens;
319 2694 372 2725 illa
389 2703 501 2725 omnes
519 2694 657 2725 habenas
676 2696 769 2731 laxat,
788 2695 852 2726 haec
870 2696 910 2725 ob
929 2693 1162 2725 vehementiam
1181 2693 1370 2731 strangulat.
1391 2704 1405 2719 η

244 2791 265 2807 ³⁷
282 2793 349 2819 Luc.
362 2799 411 2822 xu,
427 2791 486 2820 6-9.
525 2792 546 2807 "
562 2791 613 2818 lsa.
632 2800 689 2825 LIII,
706 2792 730 2818 i.
769 2793 789 2808 π’
809 2792 891 2820 Marc.
907 2800 936 2822 ii,
953 2791 993 2818 l7.
1034 2791 1055 2806 Μ

907 2791 993 2822 ".17.
1034 2791 1055 2806 θ’*
1074 2791 1165 2818 Matlli.
1187 2799 1222 2822 Ix,
1244 2790 1286 2821 i5;
1304 2797 1349 2818 xu,
1362 2788 1388 2814 7.
1430 2788 1448 2802 δ’
1464 2785 1555 2813 Matth.
1573 2793 1649 2819 xvnl,
1666 2785 1709 2811 22.

245 2877 284 2910 (η)
298 2877 344 2905 0r.
364 2878 392 2909 8,
408 2886 434 2904 n.
451 2878 490 2904 l8.
1084 2879 1118 2908 (r‘y
1135 2878 1181 2905 Or.
1195 2878 1237 2905 Ml.
1253 2885 1279 2903 n.
1296 2877 1320 2901 Ω.

248 2912 283 2946 tl!)
299 2912 325 2939 In
335 2913 420 2940 or.al.
438 2913 462 2945 Ι,
479 2913 650 2949 ιιιιιιιεεέιψιηι
662 2914 847 2948 ῐιὶ11.,”1οιιι.Η,
859 2923 917 2950 pag.
931 2915 990 2943 ΞΜ.

544 2913 917 2950 :‘2.ipud[till.,‘lom.ll,p.ig.
931 2915 990 2943 ΞΜ.
1085 2917 1120 2947 (εἰ)
1139 2914 1185 2939 Ur.
1205 2913 1248 2946 59,
1268 2920 1293 2939 n.
1317 2912 1356 2938 18-
