2058 3128
241 171 254 197 1
263 171 293 197 l9
734 172 919 200 ΡΒᾹΞΡΑΤΙΟ
938 173 1052 201 GENER

1047 174 1141 201 mus.
1166 189 1197 194 _
1216 174 1304 201 psus
1323 161 1366 200 in.
1810 174 1859 202 rso

279 230 488 269 Prosequitur
504 230 678 268 Gregorius
693 230 733 268 (a)
752 239 869 269 urgens
885 232 1101 262 Novatianos:
1121 244 1133 259 α
1150 231 1235 270 Quid
1251 233 1265 261 ?
1280 239 1321 261 ne
1340 231 1544 269 poenitentem
1563 231 1691 270 quidem
1709 231 1859 262 Davidem

241 278 381 308 admittis
398 300 406 315 ,
434 278 484 308 cui
512 278 727 316 propheticam
745 287 878 319 quoque
895 279 1027 318 gratiam
1060 278 1248 318 poenit'entia
1270 279 1496 310 conservavit?
1517 279 1579 309 Nec
1608 280 1860 317 magnumillum

240 329 381 365 Petrum,
396 329 451 368 qui
469 329 550 361 circa
566 329 737 360 Salvatoris
756 331 937 368 passionem
958 330 1090 360 humani
1104 330 1227 370 aliquid
1247 338 1420 368 perpessus
1436 333 1482 360 est
1495 330 1510 359 ?
1529 332 1568 360 At
1586 330 1679 360 Jesus
1698 339 1770 360 eum
1788 338 1862 360 sus-
1899 321 1903 325 ”

240 381 336 419 cepit,
352 390 387 412 ac
421 390 476 419 per
500 381 656 420 triplicem
680 382 968 422 interrogationem
986 387 1017 414 et
1042 382 1283 414 confessionem
1299 386 1333 419 δ’,
1352 381 1509 421 triplicem
1530 382 1762 420 abjurationem
1777 381 1800 397 “
1813 390 1862 412 sa-

240 430 337 460 navit.
353 430 489 466 Quid....
507 439 565 461 nec
587 440 659 462 eum
676 431 839 470 (admittis)
868 432 924 470 qui
947 431 1068 462 scelere
1085 440 1157 462 sese
1175 429 1209 474 in
1236 430 1391 462 Corintho
1414 431 1587 462 devinxit?
1602 431 1641 461 At
1655 431 1773 461 Paulus
1789 429 1861 461 cha-

241 480 364 510 ritatem
384 480 477 510 etiam
498 489 571 520 erga
586 490 659 512 eum
677 482 825 516 ﬁrmavit,
851 482 947 513 simul
963 485 1059 521 atque
1075 491 1148 512 eum
1169 482 1207 513 ad
1224 481 1389 512 meliorem
1408 482 1478 511 vitae
1507 481 1629 520 frugem
1646 481 1778 511 rediisse
1794 490 1862 524 per-

241 532 363 569 spexit,
389 532 547 571 istamque
567 541 693 564 causam
709 533 800 564 affert
814 545 822 564 :
836 542 875 564 ne
894 534 1141 565 «abundantiori
1161 533 1289 564 tristitia
1309 533 1518 564 absorbeatur
1536 532 1590 569 “,1:
1617 536 1676 564 etc.
1704 534 1793 569 Quod
1820 533 1862 564 ait

240 581 412 620 Gregorius
430 583 468 613 de.
482 582 665 613 Novatianis
682 582 723 622 (b)
744 594 752 613 :
769 594 783 610 α
803 583 837 613 In
863 583 961 614 altero
976 592 1045 614 aevo
1065 583 1131 622 igni
1156 583 1292 614 fortasse
1313 583 1571 622 baptizabuntur,
1598 582 1652 622 qui
1682 586 1862 622 postremus

240 635 288 661 est
308 632 497 671 baptismus,
515 641 574 663 nec
592 632 697 663 solum
712 633 868 671 acerbior,
884 634 938 664 sed
962 638 992 664 et
1007 634 1205 671 diuturnior,
1227 635 1282 673 qui
1311 643 1449 665 crassam
1479 634 1642 665 materiam
1671 635 1770 665 instar
1797 634 1863 664 feni

240 682 434 720 depascitur,
452 683 588 722 vitiique
607 683 713 713 omnis
731 684 893 714 levitatem
914 683 1073 720 absumit;
1090 696 1104 712 η
1121 684 1202 715 forte
1223 685 1370 723 sperabat
1389 684 1561 723 Gregorius
1578 685 1770 716 Novatianos
1782 693 1864 716 erro-

241 741 306 763 rem
318 742 413 764 suum
430 734 616 772 agnituros,
632 738 827 774 quapropter
839 735 932 766 verba
961 735 999 765 de
1025 736 1099 774 igne
1124 734 1310 774 purgatorio
1323 757 1331 771 ,
1350 742 1412 765 non
1432 736 1472 766 de
1488 739 1608 766 aeterno
1627 735 1711 774 igne,
1728 739 1761 766 ut
1776 739 1864 775 putat

239 775 364 816 Nic'etas
379 784 428 823 (ε),
451 784 600 815 videntur
620 784 842 823 intelligenda.

852 833 893 863 De
911 832 1032 863 ordinis
1045 836 1249 864 sacramento.

278 888 323 918 De
341 886 464 917 ordinis
481 891 680 916 sacramento
697 893 760 915 non
786 885 884 915 multa
900 884 1080 923 dogmatice
1097 887 1225 915 tractata
1255 884 1287 914 in
1315 884 1461 923 Gregorii
1488 884 1617 924 scriptis
1634 886 1786 924 reperias,
1804 887 1866 917 nisi

237 938 323 977 quod
341 936 503 975 episcopis
523 935 554 965 in
571 935 774 966 ordinatione
799 935 951 974 Spiritum
979 938 1124 965 sanctum
1145 934 1281 966 conferri
1300 937 1444 965 testatur.
1466 945 1479 962 α
1497 934 1579 964 Num
1606 938 1653 970 tu,
1683 935 1787 974 inquit
1808 935 1865 976 (ἀ),

240 987 378 1027 Spiritus
397 985 498 1016 sancti
510 993 574 1015 non
592 993 626 1014 es
639 985 819 1023 particeps?
841 985 928 1022 atqui
947 984 1084 1015 maxime
1103 988 1131 1014 te
1152 983 1212 1014 hoc
1229 984 1299 1022 ipso
1317 984 1424 1014 effers.
1444 995 1458 1012 ι)
1475 984 1550 1014 Jure
1567 984 1677 1015 divino
1693 989 1832 1024 pastores
1848 995 1866 1018 a

237 1037 358 1078 populo
373 1036 497 1067 secerni
515 1038 546 1066 et
566 1043 703 1073 praeesse
719 1034 811 1065 docet
827 1034 876 1075 (θ).
895 1046 909 1062 α
925 1034 1204 1071 Quemadmodum
1222 1034 1254 1064 in
1272 1042 1406 1073 corpore
1422 1034 1508 1065 aliud
1525 1035 1738 1074 principatum
1756 1039 1865 1073 tenet,

238 1097 274 1119 ac
293 1087 391 1119 veluti
409 1087 569 1126 praesidet,
589 1085 675 1116 aliud
695 1085 806 1118 subest
822 1089 853 1116 et
872 1086 1022 1128 regitur:
1041 1087 1078 1116 ad
1108 1087 1257 1116 eumdem
1277 1093 1410 1126 quoque
1435 1086 1566 1116 modum
1581 1087 1680 1124 Deus,
1700 1088 1748 1118 vel
1767 1092 1868 1127 aequi-

238 1139 311 1169 tatis
331 1138 413 1176 lege,
432 1146 504 1177 quae
520 1137 671 1168 meritum
685 1136 844 1176 cujusque
859 1133 1039 1176 perpendit,
1052 1137 1099 1168 vel
1121 1137 1217 1168 etiam
1242 1136 1465 1176 providentire,
1482 1146 1538 1176 per
1552 1146 1646 1176 quam
1667 1139 1773 1169 omnia
1786 1140 1868 1170 inter

238 1198 273 1220 se
289 1188 375 1219 velut
390 1187 549 1224 devinxit,
563 1187 622 1218 hoc
639 1188 670 1218 in
686 1187 838 1218 Ecclesiis
852 1188 1031 1223 constituit,
1054 1193 1088 1218 ut
1104 1187 1158 1218 alii
1177 1193 1347 1226 pascantur
1367 1190 1397 1218 et
1424 1192 1566 1227 pareant,
1584 1189 1702 1227 quibus
1719 1190 1869 1221 videlicet

238 1241 269 1271 id
289 1240 401 1272 utilius
420 1243 480 1277 est,
494 1249 529 1271 ac
547 1244 613 1270 tum
628 1248 789 1277 sermone,
806 1242 873 1270 tum
896 1248 1005 1279 opere,
1025 1240 1061 1271 ad
1081 1240 1223 1272 ofﬁcium
1252 1240 1432 1278 dirigantur
1449 1251 1458 1271 :
1474 1240 1529 1271 alii
1544 1244 1649 1271 autem
1664 1241 1700 1271 ad
1722 1241 1870 1272 Ecclesiae

239 1291 470 1330 perfectionem
490 1295 633 1330 pastores
650 1300 685 1322 ac
704 1291 847 1329 magistri
864 1291 942 1327 sint,
960 1292 1114 1322 nimirum
1132 1291 1188 1331 qui
1212 1291 1329 1323 virtute
1344 1314 1353 1327 ,
1369 1291 1664 1330 conjunctioneque
1682 1295 1714 1322 et
1729 1291 1869 1322 familia-

240 1344 331 1374 ritate
347 1342 432 1381 apud
450 1342 565 1378 Deum,
579 1342 674 1380 vulgo
692 1341 899 1372 sublimiores
912 1345 1001 1378 sunt,
1017 1342 1172 1372 rationem
1188 1342 1304 1373 animae
1328 1341 1365 1372 ad
1393 1350 1523 1381 corpus,
1539 1346 1593 1372 aut
1609 1342 1726 1373 mentis
1741 1342 1780 1373 ad
1796 1342 1868 1373 ani-

239 1401 323 1423 mam
342 1392 526 1422 obtinentes
539 1413 548 1428 ,
569 1395 602 1422 ut
626 1391 692 1422 haec
708 1392 790 1428 duo,
806 1391 866 1422 hoc
889 1396 938 1422 est
957 1396 987 1422 et
1011 1392 1042 1422 id
1057 1393 1143 1431 quod
1161 1392 1266 1423 deficit
1280 1415 1289 1430 ,
1305 1395 1335 1422 et
1354 1392 1385 1423 id
1411 1392 1495 1432 quod
1515 1393 1670 1423 redundat
1684 1415 1692 1429 ,
1710 1393 1794 1423 inter
1809 1401 1844 1424 se
1860 1415 1869 1430 ,

239 1443 328 1472 velut
343 1442 376 1472 in
394 1442 558 1478 membris,
574 1441 750 1480 composita
768 1446 798 1472 et
814 1446 990 1480 compacta,
1006 1441 1206 1481 spiritusque
1223 1451 1375 1482 compage
1392 1451 1535 1474 connexa
1554 1447 1584 1474 et
1600 1442 1757 1482 colligata,
1769 1452 1868 1474 unum

240 1500 369 1530 corpus,
389 1491 477 1522 omni
494 1500 530 1522 ex
550 1495 636 1530 parte
652 1491 841 1530 perfectum,
863 1495 957 1531 atque
973 1491 1044 1530 ipso
1060 1491 1189 1523 Christo
1203 1514 1211 1529 ,
1227 1493 1283 1532 qui
1301 1497 1396 1532 caput
1412 1497 1558 1524 nostrum
1586 1497 1651 1531 est,
1667 1494 1798 1524 omnino
1821 1493 1871 1524 di-

241 1551 340 1582 gnum
358 1543 525 1573 exsistant.
540 1553 554 1570 ››
569 1542 662 1572 Ritus
682 1543 807 1573 tandem
822 1542 942 1582 quibus
958 1543 1216 1582 inaugurabatur
1229 1543 1389 1582 pontifex,
1407 1544 1455 1574 sic
1480 1544 1645 1578 describit.
1671 1552 1744 1574 eum
1760 1553 1777 1574 a
1805 1551 1871 1584 quo

242 1599 448 1625 consecratus
460 1594 565 1625 fuerat
579 1594 747 1634 alloquens
764 1595 813 1634 (f).
835 1606 849 1623 α
869 1595 920 1625 Me
942 1595 1124 1634 pontiﬁcem
1143 1595 1250 1633 ongis,
1278 1604 1313 1626 ac
1331 1595 1450 1634 pedere
1473 1595 1589 1634 cingis,
1610 1595 1771 1634 capitique
1786 1595 1871 1626 cida-

242 1648 301 1678 rim
328 1647 482 1686 imponis,
499 1650 594 1685 atque
611 1646 790 1677 holocausti
819 1647 994 1686 spiritualis
1010 1647 1100 1677 altari
1123 1648 1273 1678 admoves
1288 1670 1296 1684 ,
1312 1651 1342 1678 et
1359 1647 1552 1678 initiationis
1576 1646 1713 1678 vitulum
1733 1651 1872 1686 mactas,

245 1709 424 1740 manusque
440 1699 567 1739 spiritui
584 1707 765 1734 consecras,
784 1703 815 1730 et
834 1701 946 1731 Sancta
963 1704 1147 1730 sanctorum
1167 1703 1342 1738 spectatum
1360 1699 1551 1735 introducis,
1572 1699 1706 1739 verique
1723 1699 1811 1730 illius
1827 1702 1872 1730 ta-

244 1752 420 1786 bernaculi,
435 1751 519 1791 quod
539 1760 601 1781 non
619 1751 727 1786 homo,
747 1752 803 1782 sed
821 1752 906 1782 Deus
925 1752 1016 1782 tinxit
1031 1754 1064 1788 ³³,
1083 1751 1266 1781 ministrum
1282 1750 1391 1780 efﬁcis.
1408 1761 1422 1777 »

284 1803 431 1833 Meminit
464 1802 593 1833 lectoris
622 1802 718 1833 ofﬁcii
751 1802 953 1841 Gregorius,
980 1803 1035 1833 ubi
1064 1806 1169 1834 narrat
1185 1801 1225 1841 (g)
1255 1801 1379 1831 Gallum
1407 1804 1437 1831 et
1468 1799 1651 1835 lulianum,
1678 1799 1734 1838 qui
1763 1802 1872 1838 postea

243 1856 305 1886 fuit
333 1859 487 1894 apostata,
504 1855 534 1885 in
554 1855 675 1885 clerum
703 1854 827 1894 seipsos
857 1855 1072 1894 ascripsisse:
1094 1865 1107 1882 ‹‹
1142 1854 1232 1884 Adeo
1252 1856 1285 1884 ut
1309 1852 1437 1883 divinos
1463 1860 1594 1891 quoque
1623 1851 1720 1882 libros
1750 1851 1872 1882 lectita-

245 1909 314 1935 rent
342 1906 447 1944 plebi,
473 1913 534 1936 non
567 1905 674 1936 minus
699 1905 843 1945 amplum
870 1905 903 1936 id
933 1906 992 1938 sibi
1021 1908 1053 1937 et
1078 1905 1292 1936 honoriﬁcum
1318 1912 1389 1934 esse
1411 1903 1655 1940 existimantes,
1671 1910 1767 1942 quam
1785 1901 1872 1932 aliud

245 1956 376 1995 quidvis
392 1979 400 1993 ,
425 1956 490 1986 imo
506 1956 652 1986 omnium
672 1960 935 1988 ornamentorum
955 1957 1130 1988 maximum
1148 1954 1518 1995 praestantissimumque
1542 1954 1692 1994 pietatem
1710 1962 1781 1985 esse
1799 1961 1872 1985 cen-

246 2011 366 2039 sentes.
386 2020 399 2035 »

285 2061 437 2099 Agnoscit
455 2060 669 2091 disertissime
694 2059 863 2098 primatum
891 2059 988 2094 Petri,
1007 2067 1102 2096 quem
1128 2059 1362 2097 discipulorum
1391 2057 1537 2088 omnium
1561 2057 1786 2088 chanssimum
1815 2065 1870 2096 ap-

244 2112 342 2152 pellat
357 2112 411 2152 (ἡ).
429 2123 443 2140 α
463 2112 532 2142 Non
549 2112 645 2142 modo
665 2119 725 2142 suo
750 2111 897 2141 Christus
912 2132 920 2146 ,
944 2110 999 2141 sed
1016 2110 1110 2140 etiam
1130 2109 1212 2140 Patri
1225 2130 1234 2145 ,
1252 2108 1483 2147 discipulorum
1499 2108 1644 2139 omnium
1664 2107 1846 2138 charissimi
1860 2128 1870 2144 ,

246 2162 377 2193 nomine
411 2162 634 2192 didrachmum
665 2160 774 2200 pendit
790 2163 824 2191 ιδ.
845 2159 881 2200 (ἱ)
900 2161 1010 2191 Petrus
1039 2159 1256 2200 apostolorum
1286 2159 1434 2198 princeps
1451 2179 1459 2195 ,
1485 2159 1541 2190 sed
1575 2158 1727 2189 Ecclesiae
1757 2161 1843 2196 petra
1860 2178 1869 2194 ,

245 2222 310 2244 non
339 2217 373 2243 ut
403 2213 552 2252 piscator,
570 2213 626 2243 sed
646 2215 681 2243 ut
698 2211 834 2243 fervoris
849 2215 986 2242 scatens.
1006 2212 1042 2252 (j)
1069 2211 1166 2241 Vides
1181 2209 1453 2250 quemadmodum
1485 2217 1522 2240 ex
1553 2208 1670 2240 Christi
1687 2206 1869 2245 discipulis,

246 2267 371 2305 magnis
389 2266 501 2305 utique
516 2265 667 2296 omnibus
685 2269 714 2295 et
732 2265 881 2301 excelsis,
900 2269 996 2303 atque
1013 2264 1170 2294 electione
1189 2263 1307 2301 dignis,
1329 2262 1379 2292 hic
1396 2265 1483 2300 petra
1499 2264 1640 2296 vocetur,
1654 2264 1748 2299 atque
1764 2257 1872 2289 Eccle-

247 2318 302 2347 site
315 2316 525 2346 fundamenta
542 2316 575 2345 in
594 2324 683 2347 suam
697 2315 789 2346 fidem
807 2316 941 2354 accipiat
954 2314 985 2344 ”.
1009 2326 1021 2342 ››
1038 2314 1119 2345 Hinc
1135 2323 1149 2345 a
1165 2313 1318 2352 Gregorio
1333 2312 1387 2352 (k),
1404 2323 1418 2340 α
1436 2313 1546 2342 Petrus
1561 2310 1708 2342 Ecclesiae
1723 2309 1870 2341 columen

247 2368 375 2399 dicitur.
397 2379 411 2395 »

287 2421 381 2450 Hunc
398 2419 568 2458 primatum
585 2419 620 2450 ad
636 2419 718 2450 Petri
736 2427 938 2450 successores
956 2427 1102 2449 manasse
1119 2417 1257 2448 declarat
1272 2418 1401 2447 sanctus
1416 2415 1539 2450 doctor,
1553 2414 1729 2444 Romanum
1747 2410 1872 2451 pontiﬁ-

247 2479 315 2500 cem
332 2469 418 2499 orbis
436 2469 610 2500 Christiani
628 2469 807 2508 praesidem,
825 2474 855 2500 et
872 2469 1003 2499 unitatis
1022 2468 1186 2499 catholicae
1202 2467 1367 2498 vinculum
1384 2466 1572 2504 designans:

530 2527 637 2570 Ibo—nov
653 2528 797 2570 qs‘ﬁ'iaug,
815 2528 900 2570 y‘psv
914 2525 948 2562 ἦν
964 2528 996 2570 ἔκ
1010 2526 1130 2570 ηὶέιονρς

530 2563 585 2589 Καὶ
597 2563 644 2589 νῦν
658 2562 694 2588 ἐτ’
712 2563 784 2589 ἔστιν
803 2562 943 2598 εἴιδρομος,
955 2563 1003 2597 τὴν
1025 2562 1157 2596 Ἑσπέραν

246 2676 269 2693 ‘7
282 2642 392 2704 L'llozlin.
412 2641 580 2704 “Lugii-l7.
633 2641 653 2656 ⁸³
669 2641 760 2668 Matth.
779 2649 852 2672 xxvi,
875 2640 966 2667 69~75.
1021 2639 1042 2655 “
1053 2639 1073 2666 11
1086 2639 1147 2666 Cor.
1164 2647 1193 2671 ιι,
1208 2640 1232 2665 7.
1284 2639 1306 2654 ⁸⁸
1320 2637 1401 2665 Hebr.
1416 2636 1514 2668 vnn?”
1570 2636 1592 2651 ”
1608 2635 1704 2662 Matth.
1728 2641 1802 2667 xvll,
1826 2633 1870 2660 25.

310 2683 378 2704 ιιιιί.
393 2685 446 2704 Xvi.
503 2697 509 2703 .

310 2683 378 2704 atth.
393 2685 446 2710 XVI,
466 2683 509 2704 ns.

284 2732 321 2766 (a)
336 2733 383 2760 0r.
397 2733 440 2766 59,
463 2742 489 2760 ιι.
512 2735 523 2759 ‘l

1122 2732 1157 2763 (a)
1170 2730 1216 2766 Qr.
1234 2730 1300 2766 Itin.
1315 2730 1359 2766 25.

284 2767 321 2800 (b)
341 2767 420 2799 lbid.,
442 2777 467 2794 n.
487 2769 530 2795 Η).

1122 2766 1158 2799 (Ιι)
1175 2765 1220 2792 0r.
1238 2765 1280 2796 19,
1297 2765 1376 2791 n.15.

283 2796 318 2836 (ci
338 2796 500 2836 ApudBilL,
516 2803 573 2833 1.11,
587 2811 612 2836 p.
632 2803 707 2829 1057.

1122 2796 1154 2836 (ii
1166 2799 1329 2836 Carnitadv.
1348 2800 1445 2836 episrq
1465 2799 1532 2834 apud
1548 2797 1628 2830 Toll.,
1643 2805 1667 2831 p.
1683 2796 1728 2824 25.

297 2837 324 2869 ιι)
340 2833 430 2872 Carm.
453 2838 511 2864 adv.
527 2833 621 2872 (‘piSi'.,
639 2838 707 2872 apud
724 2838 802 2869 Tol|.,
820 2845 846 2872 p.
859 2837 903 2864 27.
1167 2833 1212 2872 ρι’.
1234 2834 1280 2872 ξὲ,
1298 2843 1323 2872 n_.
1346 2834 1385 2860 l8.

297 2869 549 2902 e)0r.2.n..':i.'
617 2869 620 2871 ’
657 2869 662 2872 ’
821 2869 826 2872 ’

544 2869 549 2872 .
617 2869 620 2871 .
657 2869 662 2872 -
821 2869 826 2872 -
1121 2869 1217 2904 (1;)Οι·,
1234 2869 1354 2899 9,n.l..

288 2905 321 2940 (ί)
339 2905 384 2933 0r.
402 2907 441 2939 to,
456 2915 481 2933 ει.
498 2907 523 2934 4.
