2058 3128
177 188 226 220 121
673 196 861 239 ΡΠΑΞΕᾺῚΊΟ
881 199 989 227 GENEF

989 200 1087 228 lALIS.
1107 218 1140 222 --
1160 201 1248 229 PARS
1269 201 1312 230 ΙΙΙ.
1751 206 1801 234 123

465 256 557 296 ﬁdem;
571 257 667 296 δέρυσα
681 259 720 296 τῷ
733 260 859 295 σωτηρίῳ
874 261 944 296 λόγῳ
953 283 960 294 ,

465 291 564 331 βεϐὼς
582 293 683 331 ᾂὶρςαιον
695 291 743 331 ’ἑὴν
757 291 884 331 πρὸὲδρον
895 291 958 322 ὤν’
966 296 1032 324 ὅλων

468 327 551 362 Ὅλην
568 328 697 355 σέῦουσαν
709 327 757 364 τὴν
769 327 844 356 (ποῦ’
854 332 1022 366 συμφωνίαν.

458 384 496 428 (μ)
513 386 597 428 Quod
607 392 710 420 spectat
724 388 756 414 ad
774 388 878 415 illarum
891 389 984 428 fidem;
999 395 1074 428 vetus
1087 392 1192 425 quidem
1208 392 1314 428 (Ruina)
1325 392 1480 427 jamdudum

460 421 547 454 Atque
560 421 643 447 etiam
657 430 727 448 nunc
742 429 815 449 recte
831 425 926 453 currit.
945 421 1118 453 Occidentem

459 454 554 481 Totum
572 457 726 483 tleviucicns
739 459 850 485 salutari
863 460 996 490 doctrina.

459 489 750 530 Quemadmodmirpar
763 498 814 525 est,
834 498 862 530 ut
873 502 932 528 quae
951 489 1084 522 universis
1098 497 1233 530 pra‘sitlet,

459 523 554 551 Totam
569 526 639 553 colat
652 523 900 556 Dei'concordiam'.

750 585 792 614 De
813 591 1003 617 sacramento
1024 588 1226 619 matrimonii.

216 629 338 661 Bonum
355 639 426 662 esse
442 633 682 664 matrimonium
697 656 705 671 ,
724 636 779 666 sed
798 639 902 666 tamen
921 638 1095 676 virginitati
1127 641 1382 678 pusthabendum
1407 645 1516 672 censet
1543 641 1718 679 Gregorius
1745 641 1797 680 (ὁ).

178 692 191 708 α
208 681 330 711 Bonum
349 686 396 712 est
413 683 665 720 matrimonium,
680 685 808 725 inquit;
824 687 879 716 sed
899 688 986 726 quod
1012 689 1194 727 virginitate
1213 691 1418 727 praestantius
1439 690 1494 727 sit,
1512 690 1617 721 dicere
1633 698 1696 721 non
1724 699 1797 730 pos-

176 738 259 760 sum.
274 731 383 771 Neque
402 733 487 762 enim
506 743 653 772 magnum
670 736 791 775 aliquid
820 741 905 768 esset
922 737 1087 777 virginitas
1101 761 1109 774 ,
1129 740 1191 769 nisi
1212 749 1243 770 re
1259 741 1367 779 aliqua
1394 741 1474 771 bona
1493 742 1603 772 melior
1622 743 1650 771 et
1668 741 1797 779 praecla-

176 780 242 809 rior
256 785 351 812 esset.
381 782 483 813 Nolite
514 784 573 814 hoc
600 786 734 816 moleste
761 787 857 823 ferre,
873 796 945 826 quze
962 789 1155 820 matrimonii
1172 789 1247 829 jugo
1267 791 1418 830 subjecta:
1437 791 1513 822 estis
1530 803 1538 822 :
1553 803 1566 819 α
1591 790 1719 821 Obedire
1736 791 1798 821 Deo

176 833 298 867 oportet
324 833 425 870 magis
447 841 536 872 quam
552 834 729 865 hominibus
743 837 775 866 “.
788 848 802 864 ι)
822 837 977 868 Caeterum
998 838 1103 875 facile,
1120 846 1153 870 ut
1169 841 1252 871 inter
1265 849 1321 871 vos
1339 842 1429 880 quasi
1455 842 1583 872 vinculo
1598 841 1797 879 constringa-

177 879 268 914 mini,
286 882 317 910 et
333 881 473 919 virgines
489 887 519 912 et
538 892 665 922 uxores,
684 889 780 925 atque
800 896 900 918 unum
918 888 988 919 sitis
1010 890 1041 919 in
1065 890 1215 926 Domino,
1243 895 1457 930 mutuumque
1473 891 1540 922 aliae
1555 891 1687 921 aliarum
1702 899 1798 922 orna-

182 934 335 961 mentum.
349 932 418 963 Non
439 939 522 965 esset
537 936 663 973 caelebs,
680 938 743 968 nisi
763 940 1002 970 matrimonium
1021 946 1116 972 esset.
1137 943 1227 974 Unde
1244 943 1329 973 enim
1348 943 1380 972 in
1399 943 1480 973 hanc
1495 942 1589 972 vitam
1617 941 1705 980 virgo
1722 950 1797 980 pro-

175 979 313 1011 diisset?
331 982 394 1013 Nec
412 989 495 1015 esset
512 985 721 1018 honoriﬁcum
735 993 765 1019 et
783 990 999 1020 venerandum
1017 991 1277 1027 matrimonium,
1296 992 1358 1022 nisi
1377 991 1530 1030 virginem
1550 989 1717 1029 proferret,
1731 993 1796 1020 tum

175 1030 254 1066 Deo,
279 1035 345 1062 tum
365 1034 447 1065 vine.
463 1045 478 1063 ιο

214 1080 376 1114 ερρυηᾱίις
393 1085 522 1124 nuptias
541 1095 604 1117 non
623 1089 749 1119 videtur
770 1091 915 1131 probare.
931 1102 945 1120 α
968 1091 998 1122 Si
1015 1092 1100 1122 enim
1116 1092 1180 1123 duo
1192 1092 1310 1124 Christi
1326 1097 1413 1129 sunt,
1428 1092 1534 1132 inquit
1557 1091 1608 1131 (ς),
1627 1091 1691 1121 duo
1719 1098 1800 1130 quo-

175 1139 238 1169 que
256 1132 314 1162 viri
330 1132 406 1171 sint,
423 1137 453 1165 et
466 1135 536 1166 dum
551 1145 679 1169 uxores.
691 1138 721 1168 Si
740 1147 845 1170 autem
865 1149 947 1171 unus
963 1141 1121 1177 Christus,
1136 1151 1237 1173 unum
1254 1143 1403 1174 Ecclesiae
1420 1147 1525 1181 caput,
1540 1151 1601 1173 una
1619 1142 1712 1172 etiam
1726 1150 1797 1172 eam

175 1182 228 1218 sit,
246 1183 386 1214 secunda
405 1189 511 1215 autem
529 1191 710 1226 respuatur.
724 1189 817 1225 Quod
833 1190 861 1220 si
880 1192 1052 1222 secundam
1073 1192 1251 1231 prohibeat,
1270 1193 1311 1223 de
1329 1193 1418 1224 tertia
1442 1193 1519 1232 quid
1536 1192 1705 1223 dicendum
1723 1193 1798 1222 est?

176 1232 314 1263 Primum
335 1234 385 1264 lex
402 1239 450 1265 est
464 1258 471 1271 ,
489 1237 668 1268 secundum
687 1240 777 1270 venia
808 1245 839 1271 et
865 1241 1081 1281 indulgentia,
1100 1244 1227 1274 tertium
1250 1244 1417 1283 iniquitas.
1436 1244 1496 1281 Qui
1510 1248 1615 1275 autem
1633 1244 1718 1274 hunc
1733 1251 1794 1273 nu—

175 1292 298 1314 merum
315 1286 451 1323 excedit,
464 1289 615 1326 porr-inus
632 1289 723 1329 plane
743 1294 812 1328 est,
836 1295 945 1332 utpote
971 1302 1010 1324 ne
1040 1294 1136 1324 multa
1155 1294 1286 1333 quidem
1312 1295 1379 1326 vitii
1398 1294 1542 1333 exempla
1568 1294 1699 1324 habens.
1718 1303 1732 1320 ιι
1753 1292 1799 1322 Ex

177 1335 226 1365 his
242 1336 348 1367 verbis
363 1338 463 1369 critici
482 1340 629 1370 nonnulli
657 1343 762 1372 minus
784 1348 868 1373 recte
895 1344 1120 1375 existimarunt
1142 1345 1335 1383 Gregorium
1358 1345 1526 1376 damnasse
1555 1343 1712 1374 secundas
1739 1351 1799 1372 nu-

176 1386 258 1425 ptias
275 1397 282 1416 :
302 1387 356 1417 sed
370 1387 543 1426 immerito,
558 1391 584 1421 si
605 1391 737 1430 quidem
757 1392 913 1422 Novatum
932 1393 974 1423 ita
994 1394 1191 1424 sentientem
1218 1395 1384 1434 impugnat
1412 1398 1443 1424 et
1469 1392 1583 1424 refellit
1599 1391 1654 1431 (εἰ).
1670 1402 1685 1419 «
1705 1392 1798 1441 Anne

170 1439 348 1477 juvenibus
363 1440 492 1479 quidem
511 1441 630 1478 viduis,
652 1446 780 1482 propter
795 1443 896 1474 relatis
920 1443 1103 1481 lubricum,
1120 1445 1256 1476 ineundi
1278 1444 1471 1476 matrimonii
1489 1446 1674 1482 potestatem
1692 1439 1798 1474 facis?

174 1491 216 1519 At
231 1489 346 1520 Paulus
372 1489 430 1522 hoc
449 1490 551 1523 facere
580 1492 712 1523 minime
733 1493 891 1524 dubitavit
909 1496 984 1525 “9....
1000 1494 1038 1534 (ε)
1064 1496 1103 1525 At
1121 1495 1187 1527 haac
1208 1495 1341 1526 minime
1365 1498 1434 1534 post
1452 1494 1658 1533 baptismum,
1676 1493 1796 1532 inquis.

175 1539 246 1577 Quo
263 1545 451 1579 argumento
475 1543 505 1573 id
524 1545 692 1575 confirmas
708 1546 722 1575 ?
737 1545 800 1575 Aut
816 1554 880 1575 rem
908 1545 951 1575 ita
978 1553 1013 1576 se
1031 1546 1150 1577 habere
1166 1547 1277 1586 proba,
1291 1549 1344 1578 aut
1359 1546 1384 1577 si
1402 1546 1433 1577 id
1449 1544 1577 1584 nequis,
1594 1553 1634 1575 ne
1649 1543 1798 1574 condem-

175 1598 244 1622 nes.
257 1591 348 1628 Quod
364 1592 391 1622 si
409 1601 458 1623 res
473 1593 568 1624 dubia
587 1598 647 1630 est,
665 1595 769 1626 vincat
783 1594 965 1626 humanitas
982 1599 1012 1626 et
1027 1595 1171 1627 facilitas.
1189 1608 1204 1625 »

215 1641 411 1680 lmpudicam
427 1643 558 1681 quidem
577 1645 744 1676 mulierem
761 1645 984 1684 expellendum
1002 1649 1109 1676 censet
1130 1646 1305 1686 Gregorius
1322 1648 1379 1688 (n,
1399 1654 1471 1678 cum
1499 1644 1530 1676 id
1553 1643 1699 1675 Christus
1729 1651 1800 1682 per-

177 1691 318 1729 miserit;
336 1692 470 1733 reliquis
485 1697 592 1724 autem
610 1694 809 1725 omnibusin
834 1696 929 1726 rebus
956 1696 1054 1726 animi
1079 1696 1229 1735 mquitate
1251 1700 1281 1728 ct
1305 1696 1454 1736 patientia
1472 1696 1518 1726 uti
1537 1694 1640 1734 jubet.
1667 1693 1696 1723 Si
1723 1692 1801 1723 fuco

177 1741 274 1772 illitos
293 1747 322 1773 et
338 1752 466 1774 cerussa
484 1743 608 1775 colores
635 1748 664 1774 et
680 1745 840 1784 pigmenta
859 1749 1058 1786 perspexerit
1076 1747 1134 1783 vir,
1154 1747 1213 1778 hoc
1230 1750 1341 1778 ornatu
1361 1747 1529 1778 mulierem
1553 1746 1686 1786 spoliet,
1703 1749 1798 1778 caete-

177 1800 274 1831 raque
294 1792 462 1824 inhonesta
483 1800 626 1826 coerceat
644 1800 673 1826 et
690 1797 851 1834 reprimat.

217 1842 375 1873 Adulterii
395 1853 489 1875 causa
507 1854 641 1875 uxorem
660 1846 820 1877 dimittere
839 1846 907 1875 viro
925 1846 1140 1885 permittitur;
1157 1847 1282 1878 mulieri
1300 1852 1406 1878 autem
1423 1847 1525 1878 virum
1539 1847 1717 1878 dimittendi
1733 1851 1795 1877 n‘on

177 1892 286 1922 eadem
303 1893 397 1923 datur
411 1893 571 1926 facultas:
591 1895 671 1926 hanc
687 1896 786 1936 legem
805 1906 866 1927 non
886 1899 996 1937 probat
1011 1897 1204 1934 Gregorius,
1222 1906 1356 1936 eamque
1376 1897 1565 1935 impugnat:
1585 1908 1598 1924 α
1613 1896 1696 1932 Quid
1711 1897 1794 1927 enim

176 1949 279 1971 causae
307 1942 380 1978 fuit,
410 1942 517 1982 inquit
536 1944 593 1984 (g),
618 1954 674 1976 cur
710 1947 875 1978 mulierem
911 1951 1108 1984 coercerent,
1125 1947 1237 1978 marito
1252 1950 1358 1977 contra
1377 1946 1654 1985 indulgerent‘2....
1670 1946 1708 1975 Et
1724 1954 1796 1975 mu—

177 1990 235 2020 lier
249 1992 393 2030 quidem,
412 2001 483 2031 qute
500 1994 681 2033 improbum
700 1996 872 2027 consilium
892 1998 1046 2029 adversus
1067 1997 1124 2028 viri
1141 1997 1191 2027 sui
1216 1997 1323 2027 cubile
1342 1996 1538 2034 susceperit,
1561 1995 1709 2026 adulterii
1728 1995 1796 2034 pia-

175 2041 248 2071 culo
265 2043 514 2081 constringatur,
530 2045 812 2086 acerbissimisque
833 2047 938 2086 legum
955 2048 1053 2086 pcenis
1068 2048 1295 2083 excrucietur;
1316 2047 1362 2076 vir
1377 2050 1482 2077 autem
1501 2046 1555 2085 qui
1584 2046 1675 2075 tidem
1703 2045 1794 2075 uxori

179 2090 281 2121 datam
303 2100 361 2131 per
376 2093 569 2125 adulterium
586 2096 766 2133 violaverit,
785 2098 863 2128 nulli
881 2098 1038 2137 supplicio
1054 2098 1216 2129 obnoxius
1232 2098 1299 2128 sit?
1323 2097 1412 2128 Hanc
1431 2097 1531 2135 legem
1550 2095 1796 2134 haudquaquam

175 2141 329 2178 probo....
349 2142 416 2173 Viri
434 2148 535 2180 erant,
551 2145 604 2184 qui
622 2146 704 2177 hanc
724 2147 824 2186 legem
841 2152 1029 2184 sanxerunt,
1048 2157 1082 2178 ac
1099 2152 1265 2188 pr0pterea
1283 2148 1436 2179 adversus
1455 2147 1606 2178 mulieres
1625 2146 1683 2176 lata
1701 2149 1759 2176 est.
1780 2157 1795 2173 »

217 2191 391 2231 Episcopos
409 2195 588 2234 prtecipuos
605 2197 800 2228 matrimonii
820 2198 919 2230 fuisse
937 2199 1121 2235 ministros,
1139 2199 1324 2238 saepiusque
1347 2196 1532 2228 interfuisse
1553 2197 1628 2227 dum
1654 2195 1797 2226 celebra-

177 2244 275 2276 retur,
292 2245 504 2281 sequentibus
521 2246 701 2277 conﬁrmari
719 2252 832 2286 potest.
847 2249 925 2280 Cum
939 2250 1093 2289 Gregorio
1110 2258 1172 2280 non
1189 2249 1298 2279 liceret
1322 2248 1435 2278 adesse
1448 2245 1647 2285 Olympiadis
1660 2245 1794 2284 nuptiis,

176 2291 287 2322 scribit
303 2293 456 2333 Procopio
473 2295 515 2335 (h)
533 2307 540 2326 :
562 2307 576 2325 α
590 2297 753 2333 Quantum
770 2299 807 2329 ad
829 2300 1024 2331 voluntatem
1043 2301 1174 2336 attinet,
1199 2303 1229 2330 et
1254 2299 1364 2330 adsum
1379 2321 1386 2335 ,
1408 2301 1439 2328 et
1457 2298 1552 2329 simul
1569 2297 1687 2328 festum
1706 2297 1791 2328 cele-

177 2341 234 2372 bro
248 2353 255 2378 ;
269 2344 501 2386 juvenilesque
519 2347 648 2379 dextras
666 2348 748 2380 inter
768 2358 802 2380 se
815 2351 929 2390 jungo,
948 2355 1043 2390 atque
1065 2356 1216 2391 utrasque
1232 2351 1290 2381 Dei
1306 2349 1425 2380 manui.
1445 2360 1458 2377 ιι

750 2400 795 2429 De
813 2400 1010 2432 invocatione
1026 2405 1216 2431 sanctorum.

217 2445 431 2478 lnvocationis
446 2452 643 2486 sanctorum,
661 2453 756 2488 atque
774 2450 931 2489 imprimis
950 2452 1049 2482 beatae
1066 2451 1224 2489 Virginis,
1242 2451 1332 2480 testis
1358 2449 1632 2489 locupletissimus
1654 2449 1700 2477 est
1715 2447 1796 2476 Gre-

176 2495 299 2533 gorius,
317 2497 370 2527 ubi
389 2497 453 2528 haec
471 2503 575 2530 narrat
592 2498 626 2539 (ι’)
647 2500 685 2529 de
705 2500 795 2543 beata
810 2502 934 2532 Justina
952 2506 1101 2541 martyre,
1119 2511 1191 2542 qua)
1218 2514 1232 2530 «
1246 2502 1420 2540 desperatis
1435 2501 1583 2532 omnibus
1599 2498 1670 2529 aliis
1689 2506 1796 2528 reme—

176 2546 239 2576 diis
257 2548 294 2577 ad
313 2549 415 2579 Deum
435 2549 591 2588 confugit,
610 2553 706 2589 atque
723 2550 878 2582 adversus
895 2553 1115 2583 detestabilem
1130 2561 1269 2583 amorem
1288 2561 1442 2592 sponsum
1460 2560 1554 2582 suum
1572 2553 1738 2604 patronum
1757 2556 1795 2604 ac

176 2597 380 2629 defensorem
400 2599 589 2632 assumit....
607 2600 823 2643 Christum...
842 2602 1072 2642 Virginemque
1089 2603 1218 2633 Mariam
1245 2603 1378 2642 supplex
1404 2603 1594 2638 obsecrans,
1613 2603 1645 2630 ut
1668 2598 1797 2639 Μήνη-ι

211 2680 234 2697 ⁸³
249 2681 309 2708 Act.
324 2688 350 2713 ν,
366 2683 410 2709 29.
448 2682 470 2698 ⁸⁹
483 2683 491 2710 l
503 2682 573 2711 Titii.
590 2691 616 2716 v,
635 2683 676 2710 Η.

211 2762 249 2796 (η)
264 2762 354 2789 Carm.
367 2762 404 2788 De
416 2762 466 2787 uita
478 2770 535 2793 sua,
551 2770 576 2788 ν.
592 2762 638 2789 571
662 2768 687 2790 et
706 2770 782 2797 seqq.

212 2797 249 2831 (bl
263 2796 310 2822 ()r.
328 2796 373 2827 57,
390 2797 469 2823 ".10.

452 2770 466 2787 η
478 2770 535 2793 sua,
551 2770 576 2788 ν.
592 2762 638 2789 571
662 2768 687 2790 et
706 2770 782 2797 seqq.
1050 2762 1083 2831 ἕί)
1099 2762 1146 2802 0r.
1162 2762 1206 2792 57,
1219 2769 1246 2787 ιι.

449 2797 469 2823 3.
1061 2797 1085 2831 ῃ)
1101 2797 1177 2827 Ιιιια.¹
1196 2804 1222 2822 n.
1238 2796 1261 2821 6.

224 2798 249 2823 bl
263 2798 310 2822 υτ.
328 2798 373 2827 57,
390 2798 469 2823 n.10.
1050 2798 1085 2831 (μ)

212 2798 246 2864 ξε)
260 2831 337 2862 lliid..
352 2839 377 2858 ιι.
399 2830 424 2857 8.
1051 2833 1088 2864 (il)

216 2867 251 2900 (dt
263 2867 308 2892 υτ.
326 2867 370 2898 59,
391 2874 416 2892 ιι.
440 2866 481 2893 t8.

218 2904 249 2936 (ρ)
266 2901 295 2927 Ν.
312 2901 355 2927 ις).

1062 2831 1230 2872 {'t‘)’l\'3pis’t.'al.
1245 2830 1288 2872 5‘7;

223 2762 249 2796 η)
264 2761 354 2789 Carm.
367 2761 404 2788 De
416 2761 466 2787 uita
478 2770 535 2793 sua,
551 2770 576 2788 ν.
592 2762 638 2789 571
662 2768 687 2790 et
706 2770 782 2797 seqq.

224 2797 249 2823 l7)
263 2796 310 2822 ()r.
328 2796 373 2827 57,
390 2797 469 2823 ".10.

478 2770 535 2793 sua,
551 2770 576 2788 ν.
592 2762 638 2789 571
662 2768 687 2790 et
706 2770 782 2797 seqq.

244 2803 249 2823 t

1051 2833 1088 2865 (in)
1102 2833 1184 2865 Epist.
1195 2833 1230 2857 al.
1245 2833 1288 2857 57.

1050 2866 1080 2901 (ί)
1096 2866 1141 2894 0r.
1157 2865 1202 2898 2t,
1216 2875 1242 2893 η.
1264 2865 1296 2892 t0
1311 2885 1317 2898 ν
1334 2865 1376 2892 tt.
