2058 3128
266 173 317 201 (23
759 174 945 203 PRAEFATIO
962 173 1165 202 GENERALIS.
1185 189 1220 194 —
1236 173 1326 201 PARS
1345 173 1386 200 lll.
1835 169 1886 197 124

266 231 345 262 tanti
367 232 486 271 virgini
504 233 669 272 suppetias
683 233 798 270 ferret,
813 234 929 273 jejunii
946 237 976 265 et
991 233 1193 264 chameuniae
1217 233 1386 271 pharmaco
1404 240 1475 263 sese
1495 229 1689 266 communit;
1717 229 1828 268 partim
1850 233 1885 260 ut

267 281 376 312 formae
392 286 590 313 venustatem
607 286 756 323 tanquam
774 284 961 315 insidiosam
980 283 1176 318 obscuraret,
1201 284 1313 322 sicque
1333 282 1468 313 ﬂammea
1487 280 1648 311 materiam
1667 281 1881 319 subtraheret,

267 340 302 362 ac
317 331 461 362 libidinis
476 331 619 364 fomitem
637 334 843 371 absumeret;
863 335 976 374 partim
994 337 1029 364 ut
1045 342 1102 372 per
1120 333 1214 364 ﬁdem
1233 335 1263 363 et
1281 332 1496 364 humilitatem
1513 331 1686 370 propitium
1702 331 1763 362 sibi
1781 332 1882 362 Deum

268 385 299 411 et
317 382 512 413 exorabilem
531 383 688 415 redderet.
708 385 820 424 Neque
837 386 921 415 enim
939 385 1026 415 Deus
1043 383 1105 414 ulla
1127 392 1159 414 re
1178 383 1323 422 perinde,
1339 386 1434 422 atque
1450 381 1628 411 voluntaria
1646 381 1788 419 corporis
1803 379 1885 411 ami—

269 433 420 470 ctatione,
436 432 640 471 conciliatur,
658 434 871 474 lacrymisque
887 433 1106 464 misericordia
1123 433 1264 463 vicissim
1282 432 1415 471 rependi
1433 431 1526 462 solet.
1543 443 1558 459 ι
1575 431 1716 462 Dubium
1733 432 1887 470 Gregorio

269 488 331 511 non
345 484 412 511 erat
430 481 508 519 quin
528 481 646 512 sanctis
662 482 694 512 in
711 482 789 514 coelo
804 486 873 513 nota
894 486 1002 513 essent
1020 486 1050 513 et
1069 486 1140 513 vota
1158 486 1265 514 nostra
1279 504 1288 517 .
1307 485 1337 514 et
1354 482 1490 521 plurima
1507 490 1580 521 quae
1600 481 1650 512 hic
1665 481 1807 519 agimus;
1839 481 1887 512 sic

269 529 353 561 enim
369 530 408 561 de
424 530 598 562 Athanasio
612 532 677 570 jam
697 531 759 562 vita
775 533 884 563 functo
905 533 1047 572 loquitur
1065 531 1106 572 (a)
1122 543 1130 562 :
1148 544 1162 560 α
1176 533 1239 563 Nos
1254 536 1360 563 autem
1379 532 1499 562 utinam
1516 532 1585 570 ipse
1608 531 1768 570 benignus
1787 531 1887 562 desu-

269 588 325 618 per
342 583 372 611 et
387 579 531 618 placidus
547 582 695 619 aspicias,
713 585 809 621 atque
825 581 911 613 hunc
925 581 1079 621 populum
1094 582 1267 621 gubernes,
1283 582 1457 621 perfectum
1471 581 1617 620 perfectae
1631 581 1805 617 Trinitatis,
1817 589 1890 620 quas

269 633 303 663 in
318 633 407 664 Patre
425 636 454 664 et
471 631 555 663 Filio
575 635 603 662 et
620 631 739 670 Spiritu
755 635 866 662 sancto
881 631 1071 670 intelligitur
1089 636 1120 663 et
1134 631 1264 669 colitur,
1279 632 1499 669 adoratorem;
1518 640 1645 671 meque,
1662 631 1822 670 siquidem
1839 639 1890 661 res

270 686 385 721 pacatae
400 682 514 713 futura;
532 683 609 718 sint,
625 682 658 712 in
681 681 744 712 vita
763 686 870 713 teneas
884 704 891 718 ,
911 691 1105 723 gregemque
1129 689 1254 713 mecum
1278 690 1389 722 pascas
1407 692 1416 712 :
1436 682 1487 712 sin
1509 685 1618 712 autem
1631 680 1772 713 Ecclesia
1797 679 1891 711 bellis

270 732 436 771 ﬂagratura
455 735 515 767 est,
532 732 678 768 reducas,
697 735 752 765 aut
770 740 927 768 assumas,
945 736 1115 773 tecumque
1132 737 1251 763 etcum
1268 733 1315 762 tui
1331 732 1495 763 similibus
1511 731 1661 767 colloces,
1679 730 1803 761 tametsi
1821 739 1888 760 ma-

270 789 368 821 gnum
385 781 425 812 sit
443 782 528 821 quod
547 781 686 821 postulo.
705 793 720 809 »
746 782 814 811 Non
837 785 958 814 tantum
981 783 1213 818 Athanasium,
1241 781 1297 814 sed
1325 786 1356 812 et
1384 781 1538 812 Basiliam
1560 781 1687 812 invocat
1709 785 1739 811 et
1763 780 1893 819 Cypria-

272 839 348 862 num
365 830 426 871 (b);
442 831 609 871 sanctique
630 832 778 870 martyris
798 831 960 878 cinerilgus
983 833 1111 864 morbos
1133 836 1163 863 et
1184 833 1346 863 daemones
1367 831 1484 870 depelli
1506 831 1616 865 scribit
1631 831 1682 871 (ο).
1705 831 1890 862 Sanctorum

274 882 482 921 reliquiarum
500 882 640 917 cultum,
660 881 899 912 invocationem
913 904 922 919 ,
945 882 1210 913 intercessionem
1224 903 1232 917 ,
1257 886 1320 912 tam
1343 889 1426 920 saepe
1449 884 1578 921 tamque
1603 884 1711 920 aperte
1730 882 1893 920 profitetur

272 931 459 970 Gregorius,
476 935 511 961 ut
525 931 555 961 id
574 939 689 969 negare
704 939 776 961 cum
794 930 934 963 haeretici
960 940 1023 962 non
1050 932 1195 971 possint,
1216 932 1301 971 piam
1325 931 1406 961 hanc
1433 930 1701 962 consuetudinem
1722 939 1834 962 caecam
1860 930 1893 960 in

271 981 363 1011 dives
378 981 640 1020 superstitionem
655 980 816 1019 appellare
828 982 896 1012 ausi
911 982 988 1012 sint.
1008 982 1053 1012 lta
1065 982 1205 1013 Dallaeus
1218 981 1261 1021 (ά)
1278 992 1285 1011 :
1304 992 1319 1009 α
1333 981 1418 1011 Caeca
1433 981 1465 1011 in
1481 980 1572 1011 divos
1588 979 1783 1019 superstitio,
1797 988 1894 1020 quam

273 1031 325 1062 hic
340 1031 409 1063 inse
426 1030 602 1070 Gregorius
620 1038 684 1062 non
702 1039 813 1069 parum
831 1033 1033 1071 promovisse
1047 1032 1117 1063 suis
1134 1036 1166 1063 et
1181 1032 1288 1064 verbis
1305 1037 1336 1063 et
1352 1031 1508 1071 exemplis
1525 1031 1662 1065 videtur,
1681 1041 1695 1058 ιι

998 1115 1040 1144 De
1054 1114 1171 1154 gratia.

313 1187 415 1223 Quam
431 1186 550 1226 optime
566 1185 748 1224 Augustino
764 1189 794 1216 et
812 1185 936 1215 Latinis
961 1185 1061 1216 Graeci
1085 1186 1193 1216 Patres
1217 1186 1249 1215 in
1271 1194 1366 1216 causa
1388 1185 1496 1224 gratim
1510 1185 1686 1216 assentiant
1699 1208 1708 1223 ,
1725 1187 1800 1218 satis
1816 1196 1897 1218 con-

274 1239 433 1269 firmatum
451 1240 511 1274 est,
528 1237 670 1267 maxime
686 1245 702 1266 a
718 1236 907 1266 doctissimo
924 1235 1081 1266 Meldensi
1100 1236 1272 1276 episcopo;
1295 1240 1326 1267 et
1349 1237 1396 1268 vel
1424 1244 1509 1268 unus
1533 1236 1704 1275 Gregorius
1718 1260 1726 1275 ,
1753 1238 1786 1268 in
1810 1241 1896 1269 tanto

274 1288 356 1327 apud
372 1288 497 1318 Graecos
512 1287 641 1317 habitus
659 1286 780 1316 honore
793 1308 801 1323 ,
819 1286 880 1317 hoc
896 1294 956 1316 suo
972 1286 1124 1325 suffragio
1140 1285 1315 1317 evinceret.
1339 1287 1431 1318 Plura
1448 1288 1511 1327 jam
1527 1288 1565 1318 ab
1582 1289 1763 1327 Augustino
1778 1289 1894 1320 adver-

275 1347 330 1369 sus
350 1338 534 1377 Pelagianos
553 1338 654 1368 nostri
673 1337 826 1375 Theologi
847 1337 1029 1367 testimonia
1049 1335 1170 1374 prolata
1192 1340 1286 1372 sunt,
1305 1337 1449 1376 quaedam
1472 1347 1511 1368 ex
1532 1339 1707 1378 deperditis
1730 1341 1842 1379 libris,
1866 1345 1897 1371 et

275 1388 401 1426 singula
419 1393 480 1418 tam
509 1387 676 1426 perspicua
691 1409 699 1424 ,
724 1391 784 1417 tam
809 1386 847 1416 ad
874 1387 1124 1417 controversiam
1144 1386 1376 1424 expediendam
1392 1391 1464 1427 apta
1477 1410 1485 1425 ,
1502 1393 1537 1420 ut
1559 1390 1761 1429 Augustinus
1778 1391 1848 1431 ipse
1863 1391 1896 1422 in

276 1437 431 1476 Gregorio
449 1438 549 1477 loqui,
568 1442 597 1468 et
614 1437 788 1476 Gregorius
804 1437 992 1475 Pelagianos
1010 1440 1054 1467 tot
1071 1440 1144 1468 ante
1159 1446 1260 1468 annos
1277 1438 1441 1470 confutare
1458 1439 1598 1471 voluisse
1614 1442 1807 1472 crederetur.
1824 1442 1898 1472 Haec

276 1488 387 1519 lectori
408 1496 482 1518 mox
498 1487 700 1522 constabunt.
718 1487 743 1517 si
761 1487 798 1517 ad
816 1486 970 1517 doctrinae
985 1487 1087 1526 capita
1102 1496 1174 1525 quae
1190 1488 1385 1519 exhibentur
1401 1489 1562 1528 paulisper
1577 1491 1685 1521 animo
1701 1491 1853 1522 attendat.

316 1537 403 1568 Nihil
424 1546 501 1568 sane
521 1537 619 1576 magis
635 1536 749 1567 auxilii
765 1536 867 1567 divini
883 1537 1105 1567 necessitatem
1122 1538 1247 1576 arguit,
1272 1547 1367 1578 quam
1392 1540 1581 1577 ignorantia:
1603 1541 1898 1580 quotidianarum-

277 1588 423 1625 cultates,
439 1591 470 1619 et
487 1587 644 1624 libidinis,
662 1587 711 1618 vel
732 1588 765 1618 in
786 1587 1070 1627 ipsisjustiticatis,
1088 1588 1277 1619 miserandae
1296 1590 1546 1627 commotiones,
1573 1599 1652 1630 quas
1669 1590 1843 1629 Gregorius
1868 1596 1899 1622 et

277 1638 380 1677 palam
399 1638 565 1670 confessus
574 1643 635 1673 est,
651 1642 680 1668 et
697 1646 802 1668 amare
818 1637 988 1676 ingemuit.
1006 1649 1020 1666 ι(
1037 1637 1158 1669 Invidia
1175 1638 1305 1676 diaboli,
1334 1639 1440 1679 inquit
1463 1640 1511 1680 (ε),
1538 1641 1717 1679 persecutio
1732 1640 1900 1672 -adversus

277 1689 334 1720 Dei
353 1689 537 1727 ﬁgmentum
566 1689 700 1719 excitata
718 1692 765 1719 est
782 1698 790 1717 :
807 1687 927 1718 idcirco
944 1688 1000 1719 Dei
1022 1688 1126 1727 imago
1143 1688 1258 1727 probro
1278 1698 1313 1720 ac
1328 1690 1484 1722 dedecore
1499 1691 1608 1722 aﬂ‘ccta
1621 1714 1631 1728 ,
1648 1694 1679 1721 el
1694 1692 1901 1730 quemadmo-

280 1738 358 1770 dum
377 1739 524 1769 mandato
541 1747 650 1777 parere
669 1738 898 1773 recusavimus,
914 1738 955 1768 ita
975 1737 1110 1768 licentiae
1125 1738 1243 1768 erroris
1262 1739 1367 1770 traditi
1384 1748 1509 1770 sumus.
1526 1752 1540 1769 »
1556 1741 1678 1772 Bellum
1698 1743 1758 1774 hoc
1773 1743 1900 1774 intesti-

278 1798 374 1825 num,
390 1789 476 1829 quod
498 1797 534 1820 ex
556 1788 652 1819 variis
671 1791 702 1819 et
727 1788 936 1818 militantibus
960 1788 1098 1820 invicem
1127 1788 1295 1819 contrariis
1320 1789 1490 1820 desideriis
1516 1791 1597 1822 intra
1624 1801 1682 1823 nos
1716 1793 1901 1832 frequenter

277 1839 434 1879 exsurgit,
452 1843 513 1870 tam
531 1839 647 1870 vividis
663 1839 826 1870 coloribus
845 1839 1002 1879 depinxit,
1020 1842 1082 1869 tam
1102 1847 1237 1870 nervose
1256 1840 1432 1878 expressit,
1455 1844 1487 1870 ut
1504 1841 1705 1880 Augustinus
1718 1865 1726 1880 ,
1743 1844 1898 1874 adversus

277 1892 462 1930 Pelagianos
479 1891 518 1922 de
538 1890 594 1922 hac
611 1900 644 1920 re
659 1898 756 1929 agens
774 1889 828 1931 (Γ),
841 1890 1028 1928 Gregorium
1042 1893 1151 1920 testem
1169 1889 1320 1920 adhibere
1335 1898 1399 1921 non
1415 1891 1627 1929 dubitaverit,
1639 1893 1730 1931 cujus
1746 1893 1900 1933 verbaKg)

281 1942 328 1973 sic
355 1942 469 1972 Billius
503 1941 640 1972 reddidit
669 1950 677 1970 :
696 1951 711 1968 α
726 1940 874 1970 Nondum
900 1940 940 1970 de
968 1940 1095 1970 interno
1116 1940 1223 1975 bello,
1239 1944 1334 1978 atque
1360 1940 1393 1970 iu
1421 1940 1663 1981 nobismetipsis
1680 1947 1711 1973 et
1729 1943 1760 1973 in
1777 1943 1900 1974 atl'ecti-

281 1993 341 2023 bus
358 1992 433 2029 sito,
451 1991 545 2022 verba
562 1991 654 2026 facio,
674 2000 738 2030 quo
755 1995 847 2021 nocte
863 2000 898 2021 ac.
913 1991 977 2026 die,
995 1991 1108 2029 partim
1130 1990 1266 2026 occulte,
1283 1991 1396 2030 partim
1414 1996 1541 2030 aperte,
1561 1993 1599 2022 ab
1622 1993 1811 2025 humilitatis
1831 2002 1902 2024 cor-

280 2049 357 2087 pore
372 2042 581 2078 divexamur;
597 2046 628 2072 et
645 2042 684 2072 ab
700 2051 734 2072 ea
751 2050 822 2080 quae
839 2050 897 2072 nos
915 2051 969 2080 per
985 2050 1111 2078 sensus,
1126 2046 1220 2081 atque
1233 2041 1293 2071 alia
1313 2041 1409 2081 hujus
1427 2041 1498 2072 vita)
1511 2042 1755 2079 oblectamenta,
1769 2052 1898 2074 sursum

280 2092 499 2132 deorsumque
519 2097 635 2128 versat,
649 2092 834 2131 jactatione,
851 2095 945 2132 atque
962 2101 977 2122 a
997 2091 1063 2120 luto
1079 2089 1175 2126 fmcis,
1192 2091 1242 2121 cui
1259 2091 1348 2121 inﬁxi
1364 2100 1494 2128 sumus,
1515 2095 1548 2122 et
1569 2101 1585 2122 a
1611 2094 1731 2131 peccati
1747 2093 1817 2131 lege
1833 2094 1903 2132 spi-

281 2143 364 2173 ritus
384 2143 444 2181 legi
462 2145 671 2182 repugnante,
687 2141 873 2181 regiamque
890 2142 921 2171 in
939 2141 1030 2171 nobis
1045 2140 1230 2179 imaginem,
1248 2145 1278 2171 ct
1294 2141 1452 2180 quidquid
1469 2142 1585 2173 divinae
1598 2143 1791 2173 deﬂuxionis
1806 2143 1899 2174 nobis

281 2193 464 2231 inspersum
484 2197 544 2228 est,
563 2201 767 2231 corrumpere
784 2197 932 2223 conante.
957 2192 1018 2222 Vix
1043 2200 1136 2230 porro
1158 2191 1328 2230 quisquam
1345 2211 1354 2226 ν
1375 2200 1434 2222 nec
1449 2192 1510 2222 nisi
1531 2192 1682 2224 diuturna
1701 2193 1903 2233 philosophia

283 2242 426 2281 seipsum
443 2243 615 2277 domuerit,
634 2246 730 2281 atque
746 2243 860 2272 animus
877 2241 1077 2272 nobilitatem
1097 2245 1128 2272 et
1145 2241 1316 2271 claritatem
1333 2242 1371 2272 ab
1399 2250 1436 2273 eo
1457 2242 1544 2281 quod
1568 2243 1691 2274 humile
1716 2247 1764 2274 est
1784 2247 1903 2274 etcum

284 2293 425 2324 tenebris
442 2294 661 2332 conjunctum,
695 2293 842 2332 paulatim
860 2292 1045 2332 abripucrit,
1062 2291 1109 2321 vel
1127 2292 1228 2321 Deum
1244 2291 1417 2330 propitium
1437 2296 1548 2323 nactus
1563 2293 1614 2328 sit,
1631 2298 1684 2323 aut
1700 2293 1793 2324 etiam
1809 2293 1905 2324 ambo

283 2343 351 2374 haec
369 2342 530 2378 habuerit,
548 2347 642 2383 atque
660 2344 697 2374 ad
717 2344 829 2374 oculos
844 2352 973 2374 sursum
992 2342 1161 2380 erigendos
1184 2349 1276 2380 quam
1305 2341 1444 2371 maxime
1469 2349 1540 2372 sese
1568 2343 1768 2379 exercuerit,
1794 2343 1906 2381 depri—

285 2397 425 2425 mentem
449 2394 612 2424 materiam
634 2402 787 2432 superare
802 2397 939 2432 queat.»
958 2393 990 2423 Si
1008 2400 1180 2431 congerere
1199 2391 1306 2421 omnia
1323 2399 1392 2430 quze
1408 2395 1537 2422 sanctus
1555 2392 1664 2422 doctor
1680 2393 1718 2422 de
1736 2392 1794 2423 hoc
1808 2400 1905 2431 argu-

286 2447 395 2475 mento
414 2443 567 2474 disseruit
582 2443 840 2482 susciperemus,
857 2444 1009 2474 volumen
1032 2451 1112 2481 pene
1134 2442 1292 2480 integrum
1318 2441 1564 2471 exscribendum
1593 2446 1677 2472 esset
1695 2453 1702 2472 :
1720 2442 1880 2482 siquidem
1896 2467 1905 2479 ,

285 2494 322 2524 ad
339 2493 472 2524 intimos
492 2493 618 2532 pietatis
636 2502 752 2525 sensus
769 2493 919 2525 cordibus
937 2492 1152 2528 instillandos,
1170 2491 1249 2522 nihil
1268 2490 1374 2530 aptius
1405 2491 1436 2521 in
1455 2491 1601 2522 humanis
1625 2493 1784 2532 judicavit
1808 2501 1904 2531 quam

289 2543 504 2583 frequentem,
519 2551 589 2582 qua;
605 2552 664 2574 nos
681 2543 825 2582 undique
842 2546 1002 2582 premunt,
1020 2542 1218 2572 miseriarum
1247 2541 1547 2579 enumerationem;
1573 2551 1644 2572 cum
1669 2546 1698 2572 et
1722 2541 1905 2580 superbiam

288 2593 462 2624 retundere
480 2597 510 2623 et
527 2593 564 2624 ad
581 2592 793 2624 humilitatem
825 2593 1068 2631 orationemque
1090 2592 1263 2622 accendere
1286 2594 1346 2621 tam
1369 2591 1539 2621 salubriter
1563 2591 1696 2622 valeant.
1720 2591 1905 2629 Legendum

286 2643 426 2676 maxime
444 2652 571 2674 carmen
588 2643 695 2674 ﬂebile
712 2643 796 2682 quod
815 2643 856 2673 De
872 2643 980 2673 animm
994 2651 1056 2672 sum
1072 2640 1304 2672 calamitatibus
1320 2640 1510 2680 inscriptum
1527 2647 1573 2672 est
1585 2663 1593 2677 ,
1614 2641 1706 2680 cujus
1722 2641 1788 2672 haec
1803 2648 1906 2680 pauca

286 2702 480 2732 premamus.

332 2775 480 2811 a)0r.21.
496 2784 523 2804 n.
540 2777 584 2803 37.

579 2797 584 2803 .
1163 2777 1196 2810 (ε)
1206 2776 1252 2803 Or.
1263 2776 1306 2808 59,
1320 2785 1346 2802 n.
1363 2776 1387 2804 7.

336 2812 360 2846 ὁ)
377 2811 424 2838 0r.
437 2811 487 2846 με,
504 2819 530 2838 n.
551 2812 594 2838 8|.

1162 2811 1194 2846 (Ι)
1210 2812 1267 2838 Lib.
1283 2819 1299 2837 ιι
1314 2817 1383 2837 cont.
1405 2810 1474 2844 Jul.,
1491 2819 1516 2838 n.
1534 2810 1557 2837 7.

325 2814 349 2844 (b
377 2814 424 2838 Ur.
442 2814 487 2842 45,
504 2819 530 2838 n.
551 2814 594 2838 8t.

325 2814 360 2905 (ὀ
373 2846 419 2872 0r.
432 2845 478 2876 ει,
494 2854 520 2872 n.
535 2847 567 2873 19
584 2851 610 2872 et
624 2847 666 2874 i8.

325 2884 333 2905 ι
357 2880 442 2905 tAda.
457 2880 516 2905 Lat.
531 2883 600 2905 trod.
616 2882 651 2905 Dr
665 2882 710 2905 rrl.
726 2882 806 2905 fil/Ill,
822 2890 837 2905 n
859 2882 893 2905 55

587 2831 594 2838 .
1162 2814 1194 2846 (Ι)
1210 2814 1267 2838 Lib.
1283 2819 1299 2837 ιι
1314 2817 1383 2837 cont.

584 2851 610 2872 et
624 2847 666 2874 l8.
1161 2848 1196 2881 (9)
1213 2849 1258 2874 Ur.
1271 2846 1298 2879 ἓ,
1314 2854 1339 2872 n.
1354 2846 1395 2872 9t.

583 2883 600 2905 l.
616 2882 651 2905 llr
665 2882 710 2905 rrl.
726 2882 806 2905 rnlln,
822 2890 837 2905 n
859 2882 893 2905 55

325 2880 365 2920 (ἀ)
377 2880 442 2908 Adv.
456 2880 516 2907 Lat.
531 2883 600 2908 trad.
615 2882 651 2908 Dc
665 2882 710 2910 νει,
726 2882 808 2915 rullu,
822 2890 845 2916 p.
859 2882 893 2909 55
