2058 3128
179 192 230 222 125
673 198 858 230 ΡΙῪΕΕΑΤΙΟ
877 204 991 232 GENEH

999 205 1082 234 ΛΜΞ.
1104 221 1140 226 -
1157 207 1248 235 PARS
1267 207 1308 235 III.
1759 207 1811 236 126

461 253 499 298 ρ)
516 254 588 282 Inest
601 256 699 298 quippe
711 258 786 298 milii,
798 259 868 286 inest
882 260 924 287 lex
942 262 1050 298 duplex,
1066 270 1180 297 quarum
1195 263 1278 290 altera
1294 261 1401 298 quidem
1422 265 1491 293 bona

463 289 565 334 bonum
579 289 713 334 sectatur;
731 289 815 321 altera
830 299 919 334 autem
937 289 1057 324 deterior
1069 289 1261 334 sectatur-quae
1279 289 1347 326 m1a|a
1367 305 1439 327 sunt.

461 325 500 364 ᾼς
511 332 542 364 ea
558 327 678 364 quidem,
693 335 753 364 quae
764 331 864 357 mentis
880 336 931 362 est.
950 337 1044 364 parata
1056 338 1098 360 est

461 360 501 399 ᾼᾴ
512 361 692 388 obediendum
703 360 826 395 Christo,
845 360 971 399 gradiens
984 368 1016 393 ad
1031 368 1133 395 lucem:

460 395 676 438 {Altera-autern.
695 395 859 438 qurehcaruis
872 405 950 438 estet
964 403 1113 435 sanguinis,
1134 408 1257 438 prompta
1273 408 1315 431 est

458 431 499 466 ᾼ-ιί
513 431 811 465 εχεὶβῑεηᾱυηίΒθΙίειι,
828 434 891 461 dum
907 436 938 462 ad
954 431 1078 464 tenebras
1092 431 1241 466 trahitur;

461 464 510 503 {lis
525 471 613 503 autem
631 464 812 501 pugnantibus
829 470 968 503 inspector
981 473 1054 499 venit
1065 464 1183 502 caelitus.

464 499 583 541 §piritus
599 499 763 541 magnipei,
780 509 807 541 et
824 499 905 531 menti
926 514 1035 533 manum
1047 499 1138 541 dedit,

460 534 587 577 gorporis
601 534 746 577 perniciosi
762 539 868 577 solvens
881 541 1034 574 tumultum,
1052 534 1138 577 atque,
1148 548 1267 571 atrorum

459 570 639 610 goiitpescens
652 572 776 610 vitiorum
792 573 903 610 ﬂuctum
916 570 1110 610 assurgentem.

459 605 511 642 §ed
522 611 617 642 tamen
634 607 758 634 rabidum
778 609 876 636 retinet
893 605 1023 642 furorem,
1040 621 1090 639 ncc
1102 613 1172 641 bello

465 640 578 681 pesistit
589 647 664 681 caro2
676 642 841 681 inclinatque
861 645 913 671 huc
925 651 952 672 ct
964 640 1025 673 illuc
1036 640 1132 681 pugna.

465 676 604 712 interdum
618 677 726 710 quidem
739 676 828 705 mente
838 686 904 706 caro
920 676 1054 708 domatur.
1072 676 1176 711 Rursus
1189 684 1254 712 alias

459 710 567 750 [fortem
583 718 691 750 carnem
707 719 782 739 mens
793 715 926 747 Sequitur,
943 723 996 742 non
1007 717 1118 750 volens;

460 745 519 789 §ed_
530 745 594 789 illud
609 746 717 789 quidem
735 745 901 789 concupiscit
917 745 987 789 quod
1008 745 1172 781 melius'est.
1186 754 1263 787 Quod
1278 759 1367 783 autem
1381 756 1448 789 odit,

463 779 489 820 ΕΙ
504 780 656 820 dnmi'acit,
673 779 853 820 perniciosa-in
869 779 993 818 deplorat
1005 779 1175 820 servitutem,

465 815 496 853 Et
512 816 594 849 patris
612 816 764 853 primigenii
781 815 979 853 deceptionem,
997 826 1024 847 et
1042 825 1136 850 matris
1150 815 1298 852 nefandam

463 849 725 885 Transgressionem,
742 858 840 880 nostra:
849 849 1102 884 'matrem'stultitize
1112 859 1145 886 "°.

177 907 294 939 Tantas
312 917 471 939 aerumnas
488 910 560 940 vitae
574 910 722 942 humanae
739 913 817 943 mira
836 914 985 946 varietate
1002 920 1031 947 et
1049 917 1171 949 intimis
1187 920 1360 958 gemitibus
1380 921 1546 953 lamentari
1572 932 1634 955 non
1653 925 1808 966 defatiga-

179 962 242 995 tur,
261 963 306 989 tot
324 959 414 989 malis
431 962 460 989 el
475 959 605 991 ﬂetibus
621 965 652 992 et
667 963 808 1001 querelis
835 964 979 996 solamen
1001 966 1200 1006 aliquantum
1227 978 1263 1001 ac
1286 971 1442 1002 medelam
1480 972 1627 1004 conferre
1650 979 1807 1015 satagens.

179 1009 218 1039 At
239 1009 321 1040 unde
337 1009 482 1040 levamen
499 1015 639 1050 speraret
655 1012 717 1042 nisi
734 1022 749 1043 a
765 1013 878 1052 spiritu
894 1015 1002 1054 gratias
1015 1038 1023 1053 ,
1040 1026 1136 1057 quem
1154 1024 1216 1050 tam
1241 1020 1314 1050 altis
1330 1022 1479 1061 suspit‘iis
1494 1045 1502 1059 ,
1518 1031 1554 1053 ac
1585 1025 1667 1056 votis
1683 1026 1808 1058 ferven-

178 1058 263 1098 tibus
283 1058 445 1098 sollicitat,
463 1064 493 1092 et
509 1061 547 1092 ad
566 1070 598 1091 se
615 1061 745 1094 allicere
770 1064 907 1096 nititur?
929 1067 1017 1097 Sicut
1043 1068 1141 1107 igitur
1166 1070 1353 1103 innumeras
1375 1058 1490 1104 animai
1514 1074 1715 1106 inﬁrmitates
1744 1085 1807 1108 non

177 1110 332 1149 neglexit.
349 1112 406 1142 sed
423 1112 500 1143 satis
516 1112 668 1149 deﬂevit;
686 1113 731 1144 sic
747 1114 906 1146 medicum
922 1117 1064 1149 bonitate
1080 1122 1110 1149 et
1129 1121 1270 1159 potentia
1295 1123 1401 1154 solum
1426 1125 1547 1156 morbis
1572 1129 1635 1156 tam
1659 1127 1760 1157 acutis
1778 1131 1810 1157 et

178 1160 342 1198 tenacibus
361 1161 510 1193 curandis
529 1162 682 1193 idoneum
701 1172 763 1194 non
780 1165 899 1196 desinit
916 1168 1077 1206 appellare
1099 1180 1107 1201 :
1126 1172 1157 1200 et
1173 1172 1443 1210 quemadmodum
1471 1175 1642 1206 voluntatis
1670 1175 1805 1214 languo-

177 1219 244 1242 rem
261 1215 291 1242 et
312 1210 460 1242 inertiam
477 1212 514 1242 ad
529 1211 649 1256 borium
668 1213 789 1254 ubique
810 1221 962 1256 expertus
989 1222 1020 1249 et
1045 1219 1213 1251 confes5us
1236 1225 1304 1258 cst;
1344 1223 1389 1254 ita
1424 1225 1579 1264 quidquid
1610 1227 1684 1256 boni
1718 1210 1750 1256 lit
1776 1226 1808 1256 in

178 1261 270 1292 nobis
286 1265 315 1292 et
336 1271 352 1292 a
369 1262 473 1298 nobis,
492 1262 529 1292 ad
548 1263 648 1293 Deum
663 1264 766 1294 cordis
784 1265 914 1298 humani
934 1272 1087 1300 motorem
1115 1270 1271 1302 efﬁcacem
1301 1273 1416 1304 referre
1432 1279 1462 1305 et
1479 1275 1539 1312 ipsi
1565 1276 1723 1307 ascribere
1743 1284 1808 1307 non

180 1311 284 1343 haesit.
304 1313 427 1344 Bonum
445 1321 539 1344 omne
557 1323 572 1344 a
588 1315 655 1346 Deo
671 1316 800 1347 initium
819 1327 946 1350 sumere
975 1324 1006 1351 et
1030 1322 1066 1351 ad
1095 1321 1189 1352 ﬁnem
1217 1324 1346 1361 perduci
1363 1347 1371 1358 .
1396 1326 1506 1363 paucis
1531 1325 1586 1357 sed
1620 1325 1809 1356 decretoriis

179 1365 334 1394 testatur:
354 1375 370 1392 «
384 1365 482 1399 Deus,
509 1363 614 1403 inquit
636 1366 689 1404 (b),
718 1375 734 1397 a
767 1376 831 1407 quo
860 1369 979 1400 bonum
1009 1379 1104 1402 omne
1124 1372 1250 1403 initium
1269 1374 1475 1414 ducit,atque
1490 1375 1528 1406 ad
1546 1376 1639 1407 tinem
1657 1375 1809 1414 perduci-

180 1416 243 1448 tur,
262 1414 398 1450 orationi
418 1415 592 1453 Opitulator
607 1418 748 1449 accedat.
768 1430 783 1447 ι›

225 1462 423 1501 Principium
438 1464 513 1495 boni
530 1466 796 1506 operis,justitiae
812 1473 844 1500 ct
859 1470 1011 1501 bonitatis
1030 1471 1062 1502 in
1081 1467 1288 1504 hominel‘ons
1305 1478 1335 1504 et
1351 1476 1453 1514 origo,
1465 1476 1550 1506 haud
1567 1476 1665 1506 dubie
1681 1475 1805 1506 sincera

179 1514 270 1552 ﬁdes,
290 1516 382 1555 cujus
400 1517 530 1548 initium
550 1522 581 1548 et
597 1518 776 1556 profectum
796 1522 918 1561 absque
938 1523 1002 1554 ulla
1022 1525 1226 1556 cunctatione
1245 1526 1419 1564 Gregorius
1445 1528 1512 1558 Deo
1531 1528 1693 1565 assignat:
1712 1539 1726 1556 α
1739 1528 1809 1558 Tri-

178 1570 320 1608 nitatem,
343 1572 447 1612 inquit
471 1572 523 1613 (ο),
561 1582 580 1604 ο
597 1574 669 1610 viri,
709 1575 806 1606 unius
823 1575 958 1606 Deitatis
975 1585 1046 1607 esse
1062 1575 1238 1612 fateamini,
1257 1580 1323 1611 aut,
1344 1577 1369 1607 si
1390 1577 1489 1616 magis
1506 1577 1617 1622 placet,
1636 1577 1733 1608 unius
1753 1586 1808 1608 na-

178 1627 282 1661 turae;
304 1627 399 1664 atque
415 1624 498 1655 hanc
522 1633 629 1668 vocem
648 1626 756 1668 (Deus)
775 1636 790 1658 a
809 1627 926 1666 Spiritu
944 1628 1034 1658 vobis
1059 1628 1304 1667 postulabimus.
1318 1628 1409 1658 Dabit
1431 1628 1516 1658 enim
1536 1627 1676 1668 profecto
1690 1637 1808 1659 secun—

178 1672 266 1708 dum,
283 1672 339 1712 qui
367 1673 504 1712 primum
530 1666 652 1705 dedit.»
680 1666 750 1706 Jam
776 1676 861 1706 enim
888 1676 1041 1715 Spiritum
1060 1666 1214 1706 sanctum
1235 1677 1316 1707 Patri
1344 1681 1374 1708 et
1401 1678 1483 1707 Filio
1502 1666 1807 1709 conSubstantialem

179 1722 392 1759 crediderant,
412 1723 467 1753 sed
486 1725 588 1754 Deum
620 1726 761 1764 proliteri
785 1726 1022 1758 inliciebantur.
1042 1727 1110 1757 Hoc
1136 1727 1324 1758 testimonio
1350 1736 1427 1758 usus
1447 1731 1494 1758 est
1518 1728 1732 1766 Augustinus,
1749 1727 1806 1759 lib.

178 1775 222 1810 De
249 1773 330 1805 dono
357 1764 606 1814 perseverantior,
628 1775 683 1805 sed
702 1775 883 1816 interpretis
910 1777 1075 1808 oscitantia
1108 1787 1171 1809 non
1204 1778 1283 1809 nihil
1314 1778 1533 1818 depravatum,
1553 1784 1587 1810 ut
1618 1780 1699 1810 bene
1715 1783 1807 1810 nota-

178 1830 255 1858 runt
272 1828 340 1866 ejus
356 1827 496 1859 editores
518 1830 701 1861 novissimi.

218 1877 302 1914 Quid
320 1879 437 1910 mirum
455 1879 529 1911 inde
545 1881 572 1910 si
589 1885 720 1912 sanctus
739 1882 850 1913 doctor
865 1886 1009 1913 errantes
1023 1891 1037 1912 a
1057 1883 1125 1913 Deo
1142 1882 1316 1913 illuminari
1336 1884 1366 1912 et
1384 1879 1545 1911 immutari
1561 1878 1807 1935 postuletpcum

178 1925 269 1962 ﬁdes,
286 1935 382 1966 quam
411 1936 426 1958 a
447 1929 513 1959 Deo
533 1929 626 1960 nobis
644 1930 757 1961 donari
780 1931 965 1968 declaravit,
982 1931 1049 1962 sola
1068 1933 1268 1963 inﬁdelitatis
1287 1932 1435 1962 tenebras
1451 1930 1618 1962 discutiat?
1642 1929 1727 1965 «Qui
1746 1938 1806 1960 au-

179 1982 257 2015 tem,
276 1979 383 2019 inquit
414 1980 470 2019 (Δ)⁷
495 1982 589 2020 ligata
609 1983 753 2021 exponit,
773 1987 802 2013 et
836 1991 938 2014 nexus
974 1984 1132 2019 dissolvit,
1152 1993 1187 2015 ac
1205 1984 1296 2014 nobis
1314 1984 1346 2013 in
1374 1989 1511 2016 mentem
1529 1985 1666 2018 induxit,
1684 1987 1717 2015 ut
1739 1982 1808 2012 vio-

179 2028 339 2061 lentorum
364 2031 549 2070 dogmalum
570 2033 776 2073 obliquitales
800 2035 1010 2072 solveremus,
1038 2036 1178 2067 maxime
1203 2036 1334 2075 quidem
1363 2035 1499 2074 optarim
1519 2038 1553 2065 ut
1573 2035 1630 2064 hos
1647 2031 1807 2090 (ar-ianos)

179 2080 341 2119 immutat,
360 2091 395 2112 ac
419 2091 474 2121 pro
491 2085 730 2123 argutatoribus
749 2086 830 2125 pios,
849 2091 879 2117 et
898 2095 953 2126 pro
967 2087 1020 2124 iis,
1038 2089 1093 2126 qui
1112 2096 1196 2118 nunc
1213 2087 1427 2127 appellantur,
1445 2084 1804 2141 Christianoselt‘iciatzn

217 2133 281 2164 Nec
297 2135 352 2173 qui
370 2134 464 2166 ﬁdem
483 2138 677 2176 acceperint,
697 2139 758 2169 sibi
773 2140 837 2178 jam
856 2140 933 2170 satis
951 2146 1021 2170 esse
1041 2140 1236 2170 arbitrentur
1263 2142 1296 2170 ut
1322 2140 1474 2178 deinceps
1491 2137 1654 2177 quoslibet
1679 2134 1807 2174 pietatis

179 2186 267 2213 actus
282 2189 431 2222 exerent;
448 2187 502 2216 sed
519 2189 622 2221 adhuc
639 2194 669 2221 et
685 2200 811 2230 semper
826 2191 905 2231 ipsis
924 2191 1045 2222 auxilio
1066 2191 1176 2222 divino
1191 2200 1272 2230 opus
1289 2200 1372 2227 esse,
1389 2193 1422 2221 ut
1443 2194 1525 2220 recte
1544 2188 1641 2218 velint
1658 2189 1808 2224 recteque

179 2237 285 2271 agant.
302 2238 435 2265 sanctus
450 2237 573 2276 doctor,
594 2249 633 2271 ne
649 2240 756 2272 fallaci
780 2242 973 2274 conﬁdentia
1002 2243 1169 2274 caeculiant
1192 2245 1222 2272 et
1248 2242 1371 2279 cadant,
1390 2250 1444 2272 eos
1464 2242 1610 2291 potenter
1625 2243 1808 2291 commone-

178 2285 264 2322 facit,
282 2287 481 2326 explanando
509 2289 569 2320 hoc
599 2291 769 2322 SalvatOris
795 2293 925 2323 etl‘atum
943 2303 950 2323 :
972 2305 985 2321 ‹‹
1004 2294 1072 2324 Non
1094 2303 1207 2325 omnes
1232 2294 1358 2332 capiunt
1384 2293 1514 2323 verbum
1528 2290 1599 2324 hoc,
1617 2289 1672 2318 sed
1689 2287 1808 2345 quibp-s

179 2336 288 2368 datum
304 2340 352 2367 est
367 2337 421 2367 ‘1.»
432 2339 602 2378 Postquam
617 2340 654 2380 (α)
670 2351 686 2371 a
701 2342 918 2374 voluntatibus
939 2343 1087 2375 humanis
1103 2354 1228 2376 omnem
1243 2345 1368 2376 fatalem
1387 2343 1608 2374 necassitatem
1625 2340 1752 2380 repulit,
1771 2338 1808 2369 li-

179 2388 334 2420 bertatem
352 2390 523 2420 asserendo
535 2401 543 2427 ;
556 2389 625 2430 jam
651 2394 685 2422 ut
704 2400 813 2423 eorum
832 2393 959 2432 quisibi
976 2395 1014 2425 de
1027 2396 1162 2434 propriis
1173 2395 1294 2425 viribus
1311 2394 1446 2424 nimium
1463 2392 1671 2423 blandiuntur
1684 2389 1807 2447 frangat

181 2438 380 2482 superbiam,
403 2441 496 2471 verba
512 2441 600 2472 Pauli
618 2442 740 2482 magnis
759 2443 883 2474 intonat
909 2444 1042 2475 vocibus
1064 2456 1071 2475 :
1089 2457 1102 2472 α
1115 2445 1183 2475 Non
1201 2448 1249 2474 est
1269 2444 1417 2480 volentis,
1442 2452 1547 2482 neque
1564 2441 1733 2477 currentis,
1751 2440 1805 2476 sed

181 2477 366 2521 miserantis
384 2491 505 2528 Dei";»
525 2501 565 2523 ex
587 2493 705 2532 quibus
722 2493 768 2524 sic
786 2493 881 2524 infert
900 2505 906 2524 :
925 2495 1106 2530 «Quoniam
1125 2495 1209 2526 enim
1226 2495 1372 2525 nonnulli
1391 2497 1477 2532 sunt,
1496 2495 1552 2533 qui
1570 2494 1609 2524 ob
1628 2495 1710 2547 recte
1728 2491 1806 2547 facta

182 2540 224 2571 ita
239 2540 357 2571 animis
373 2542 563 2578 efferuntur,
581 2546 614 2574 ut
630 2543 660 2573 id
678 2546 777 2574 totum
789 2544 849 2574 sibi
873 2545 950 2583 ipsis
973 2546 1212 2582 ascribant,nec
1234 2545 1410 2585 quidquam
1427 2545 1578 2579 Creatori,
1595 2547 1624 2574 et
1641 2543 1808 2581 sapientiae

182 2601 294 2625 eorum
315 2594 448 2629 auctori,
466 2601 500 2623 ac
521 2593 677 2623 bonorum
696 2593 841 2624 omnium
869 2595 1101 2633 suppeditatori
1124 2598 1292 2634 acceptum
1308 2595 1423 2631 ferant,
1440 2594 1492 2625 his
1518 2594 1624 2625 verbis
1643 2601 1698 2624 eos
1715 2592 1807 2622 docet

184 2643 316 2679 Paulus,
334 2644 419 2684 quod
438 2645 544 2683 ipsum
563 2644 659 2674 etiam
676 2647 759 2674 recte
774 2644 855 2675 velle
871 2644 982 2675 divino
1000 2646 1142 2683 indigeat
1158 2645 1296 2696 auxilio;
1315 2645 1393 2681 imo,
1414 2647 1448 2696 ut
1465 2643 1581 2674 rectius
1599 2643 1723 2696 loquar?
1751 2648 1805 2668 VO‘

182 2694 288 2725 luntas
304 2702 433 2733 quoque
451 2695 531 2733 ipsa,
551 2698 581 2724 et
602 2694 715 2725 electio
737 2703 860 2731 eorum,
877 2703 949 2734 quae
973 2700 1055 2725 recta
1078 2698 1107 2725 et
1133 2704 1205 2726 cum
1230 2695 1333 2725 oﬂicio
1359 2695 1526 2733 conjuncta
1551 2694 1637 2728 sunt,
1653 2691 1805 2726 divinum,

219 2777 333 2804 “Rom.
349 2784 398 2808 vn,
418 2775 511 2803 lii-25.
549 2777 570 2792 ⁵⁸
589 2775 682 2803 iiattlt.
698 2784 754 2808 xix,
777 2776 820 2803 ll.
859 2778 886 2811 δ”
898 2775 975 2802 Rom.
994 2784 1031 2811 Ix,
1054 2777 1096 2804 l6.

219 2854 257 2888 (η)
273 2853 363 2880 Carm.
381 2853 407 2885 ἆ,
418 2861 442 2879 v.
455 2854 484 2880 '7!
500 2859 526 2880 ct
538 2862 610 2888 srqq.

504 2859 526 2880 et
538 2862 610 2888 srqq.
1055 2853 1092 2886 (Α)
1108 2853 1151 2880 Or.
1171 2853 1214 2882 29.
1227 2861 1253 2878 u.
1273 2852 1316 2878 2|.

232 2890 257 2923 θ)
275 2889 320 2915 0r.
340 2889 366 2919 6,
388 2890 470 2918 ".19.
1058 2889 1089 2923 (e)
1108 2889 1154 2915 0r.
1177 2889 1260 2919 37,11.
1280 2888 1333 2914 iS.‘

230 2924 254 2959 ε)
267 2924 311 2951 0r.
327 2923 370 2956 Μ,
385 2932 410 2950 n.
427 2924 452 2950 8.
