2058 3128
273 190 320 218 1'27
765 195 949 222 PREFATIO
968 195 1082 222 GENER

1086 195 1172 222 ALIS.
1192 210 1227 216 —-
1246 194 1335 222 PARS
1354 195 1396 222 Ill.
1844 191 1895 218 ηδ

277 251 440 288 quoddam
456 251 646 283 beneﬁcium
665 256 724 289 est,
743 259 842 294 atque
860 264 877 285 ιι
896 255 954 285 Dei
972 255 1169 292 benignitate
1184 252 1512 284 manans.....ldcirco
1528 254 1589 282 ait:
1603 262 1616 278 α
1629 257 1692 280 non
1712 249 1863 284 volentis,
1876 261 1890 276 η

273 299 306 330 id
324 303 384 337 est,
403 309 468 332 non
494 302 597 332 solum
628 303 778 340 volentis,
804 312 886 335 «nec
912 304 1098 335 currentis»
1125 305 1244 341 solum,
1265 305 1373 335 «sed»
1393 304 1488 335 etiam
1519 300 1726 333 «miserentis
1740 299 1831 330 Dei.»
1850 300 1894 331 lta

273 350 428 389 quoniam
445 351 527 382 velle
543 361 674 392 quoque
690 353 795 391 ipsum
812 363 828 384 a
845 354 912 384 Deo
933 357 991 389 est,
1009 355 1129 393 optimo
1160 355 1234 393 jure
1255 358 1354 385 totum
1370 354 1437 385 Deo
1453 353 1638 391 assignavit.
1654 351 1894 388 Quantumlibet

275 405 399 435 Cumis,
416 402 653 439 quantumlibet
669 407 782 440 certes,
799 412 881 442 opus
905 405 1004 434 habes
1021 412 1058 435 eo
1081 404 1136 443 qui
1151 405 1201 434 dat
1219 407 1394 435 coronam.‘
1411 403 1503 433 «Nisi
1521 402 1675 432 Dominus
1694 401 1895 432 aediﬁcaverit

281 447 425 485 domum,
454 449 487 479 in
518 459 633 481 vanum
662 452 887 484 laboraverunt
911 454 966 492 qui
990 454 1147 484 a'diﬁcant
1170 453 1503 484 eam.NisiD0minus
1519 452 1707 482 custodierit
1723 452 1894 489 civitatem,

274 496 390 528 frustra
428 499 536 538 vigilat
565 501 619 539 qui
647 503 785 533 custodit
813 503 941 534 eam‘".
961 514 975 530 »
1002 503 1092 539 Scio,
1119 503 1242 542 inquit.
1267 504 1352 542 quod
1375 512 1435 534 nec
1458 502 1614 533 velocium
1631 510 1744 532 cursus
1759 506 1818 538 est,
1836 511 1895 534 nec

275 547 394 578 bellum
412 547 556 586 fortium,
574 559 632 582 nec
650 553 860 591 pugnantium
880 553 1024 588 victoria,
1042 562 1099 583 nec
1116 562 1267 592 prospere
1284 553 1502 592 navigantium
1521 556 1652 591 portus;
1669 553 1724 583 sed
1752 553 1810 584 Dei
1833 559 1892 589 est,

277 599 307 626 et
326 597 489 628 victoriam
507 600 632 639 afferre,
653 606 683 632 et
700 603 893 633 incolumem
909 603 1056 641 scapham
1077 603 1106 633 in
1127 607 1252 640 portum
1273 604 1478 642 perducere.»

314 646 398 683 QUid
414 648 529 687 plura?
549 654 579 681 et
595 652 672 691 quid
696 653 756 683 sibi
773 662 919 692 arrogare
938 653 1074 683 humana
1093 654 1240 684 voluntas
1257 657 1441 692 praesumat,
1459 662 1529 684 cum
1547 657 1576 683 el
1592 653 1658 692 ipsa
1679 653 1760 684 bona
1778 653 1893 683 volun-

275 702 335 734 tas,
353 701 382 729 et
399 700 513 730 electio
530 702 566 731 ad
586 705 669 732 recte
690 704 861 741 agendum,
883 707 912 733 et
932 703 1019 734 labor
1036 706 1066 733 et
1082 711 1194 733 cursus
1212 707 1244 733 et
1261 703 1390 734 victoria
1408 707 1438 734 et
1455 703 1672 740 incolumitas,
1688 707 1718 733 et
1735 703 1892 742 quidquid

275 751 405 788 cogitari
423 755 526 789 potest
544 761 646 792 usque
663 754 701 783 ad
722 754 918 792 triumphum
956 757 987 784 et
1013 754 1137 792 plenam
1168 757 1238 791 post
1266 753 1404 792 pericula
1421 753 1638 788 securitatem,
1656 757 1754 785 totum
1772 755 1837 785 Dco
1854 755 1895 784 sit

273 802 396 840 optimo
414 803 488 841 jure
508 803 740 834 tribuendum?
757 805 841 834 Hinc
866 805 892 834 si
911 805 977 834 Deo
1002 811 1145 837 munera,
1163 803 1243 842 grati
1266 803 1363 833 animi
1380 803 1546 842 obsequia,
1566 804 1680 834 offerre
1696 804 1894 840 Studeamus,

276 860 341 882 non
367 860 384 882 a
412 852 506 882 nobis
526 858 674 892 tanquam
702 863 740 884 ex
767 854 859 884 nobis
885 854 951 884 haec
971 861 1166 892 promamus,
1194 853 1248 883 sed
1267 856 1414 891 tanquam
1430 853 1512 882 dona
1534 853 1637 891 ipsius
1659 853 1894 888 muniﬁcentiae,

273 907 368 942 prout
384 907 470 941 sunt,
487 904 633 935 dicemus
652 904 680 933 ei
698 908 728 934 et
749 912 943 939 voveamus;
975 905 1061 942 quod
1081 905 1111 932 et
1137 902 1266 941 pietatis
1285 901 1426 932 cilicium
1450 902 1516 932 Deo
1536 902 1751 940 gratissimum
1768 906 1816 932 est
1838 910 1895 932 no-

273 953 388 992 bisque
404 952 666 983 saluberrimum.
688 951 819 988 «Alius,
847 952 954 992 inquit
991 952 1045 992 (α),
1085 953 1191 983 minus
1214 953 1359 992 quidem,
1382 953 1464 984 alius
1490 952 1617 991 majus,
1647 961 1756 984 omnes
1790 957 1894 984 tamen

274 1003 352 1033 citra
368 1003 591 1042 exceptionem
618 1002 804 1039 offeramus,
830 1003 863 1033 in
884 1011 963 1040 opus
999 1003 1187 1042 perfectum,
1221 1004 1254 1034 in
1282 1003 1496 1035 habitaculum
1517 1003 1646 1041 Christi,
1679 1006 1710 1033 in
1743 1003 1896 1042 templum

274 1054 433 1089 sanctum,
450 1051 695 1083 architectonica
712 1052 851 1091 Spiritus
867 1057 933 1084 arte
949 1053 1121 1083 constructi
1140 1057 1170 1084 et
1188 1053 1412 1092 coagmentati.
1430 1053 1511 1084 lllud
1536 1053 1667 1092 quidem
1691 1053 1823 1083 minime
1837 1053 1897 1083 du-

273 1101 362 1132 bium
383 1105 443 1137 est,
461 1102 553 1141 quia,
572 1102 698 1133 etiamsi
715 1103 823 1133 omnia
851 1103 1098 1140 contulerimus,
1114 1104 1222 1134 minus
1244 1109 1350 1134 tamen
1376 1103 1520 1134 collaturi
1538 1103 1651 1138 simus,
1666 1111 1761 1142 quam
1776 1103 1898 1141 accepi-

276 1160 360 1182 mus.
377 1151 644 1190 Quandoquidem
662 1152 762 1183 divini
780 1152 925 1183 beneﬁcii
941 1157 991 1184 est
1011 1154 1096 1192 quod
1114 1162 1240 1190 sumus,
1262 1154 1348 1193 quod
1370 1154 1470 1185 Deum
1490 1153 1725 1192 cognoscimus,
1741 1153 1893 1191 quodque

274 1201 383 1238 etiam,
402 1201 487 1240 quod
516 1202 702 1240 offeramus,
729 1202 925 1234 habemus.»
951 1203 1091 1234 Tandem
1120 1203 1298 1242 quemlibet
1323 1205 1499 1243 profectum
1523 1204 1555 1234 in
1580 1203 1697 1234 virtute
1712 1203 1896 1240 fecerimus,

273 1252 482 1290 quantumvis
501 1252 713 1283 immutemur
738 1253 771 1282 in
800 1253 931 1289 melius,
950 1261 1013 1283 non
1042 1253 1134 1283 nobis
1161 1255 1372 1292 gratulemur,
1401 1254 1456 1284 sed
1480 1254 1547 1284 Dno
1571 1254 1687 1292 gratias
1706 1254 1895 1289 referamus,

273 1301 366 1339 cujus
391 1301 520 1333 dextera
547 1302 581 1333 ﬁt
601 1303 668 1333 haec
693 1302 881 1342 quotidiana
907 1311 1030 1333 morum
1058 1304 1252 1340 emendatio,
1282 1308 1316 1334 ut
1342 1304 1515 1342 Gregorius
1539 1305 1701 1336 conﬁrmat
1721 1305 1786 1336 haec
1803 1305 1897 1336 verba

272 1351 441 1391 Scriptura
468 1352 707 1391 interpretando
723 1363 730 1383 :
749 1353 845 1384 «Non
862 1353 1029 1392 apparebis
1052 1353 1273 1393 in’conspeclu
1288 1363 1351 1385 meo
1368 1363 1483 1384 vacuus
1507 1355 1554 1382 “»
1573 1365 1580 1384 :
1602 1366 1614 1381 α
1636 1355 1753 1385 Verum
1768 1355 1795 1385 si
1819 1354 1896 1394 quid

273 1402 397 1439 pulchri
417 1402 526 1438 habes,
544 1407 647 1433 tecum
665 1403 761 1434 feres.
779 1405 818 1434 At
835 1412 931 1439 nunc,
967 1403 1072 1442 inquit
1096 1403 1149 1443 (ὑ),
1170 1404 1298 1436 diverso
1336 1404 1429 1435 modo
1447 1412 1549 1435 novus
1565 1413 1692 1443 appare,
1709 1405 1755 1435 sic
1769 1413 1894 1444 nempe,

277 1456 311 1482 ut
332 1457 417 1484 totus
438 1453 686 1486 immuteris.....
701 1456 785 1486 Huic
802 1455 898 1491 festo,
915 1455 1059 1485 muneris
1083 1455 1163 1489 loco,
1191 1454 1370 1493 praeclaram
1401 1454 1608 1485 mutationem
1627 1454 1718 1489 oﬂ'er,
1739 1462 1774 1484 ac
1793 1462 1833 1484 ne
1849 1454 1894 1483 sic

272 1502 403 1541 quidem
419 1502 582 1540 magniﬁce
599 1505 638 1533 de
655 1507 683 1533 te
694 1504 1001 1541 sentias,vernmdic
1016 1511 1088 1534 cum
1103 1503 1222 1534 Davide
1238 1513 1246 1532 :
1263 1513 1278 1531 ιι
1289 1503 1363 1533 Haec
1377 1502 1510 1533 mutatio
1519 1503 1656 1533 dexterte
1671 1502 1861 1540 Excelsi",»
1878 1514 1894 1535 α

273 1560 339 1592 quo
358 1555 521 1590 promanat
536 1552 694 1592 quidquid
711 1553 749 1584 ab
766 1553 954 1584 hominibus
972 1559 1057 1585 recte
1078 1557 1108 1584 et
1127 1563 1198 1585 cum
1219 1553 1314 1584 laude
1332 1553 1463 1592 geritur.
1478 1564 1492 1581 η

312 1601 391 1638 Quis
417 1605 523 1632 autem
549 1603 632 1634 inter
658 1606 702 1634 tot
727 1603 878 1643 pericula,
904 1607 950 1635 tot
978 1605 1190 1635 tentalionum
1219 1603 1325 1644 prtelia
1353 1603 1464 1634 ﬁrmus
1481 1605 1510 1634 et
1525 1610 1660 1633 securus
1676 1602 1848 1641 gradietur,
1868 1603 1895 1633 si

272 1654 362 1699 solus
379 1658 486 1685 contra
505 1653 612 1685 hostes
630 1658 690 1685 tam
709 1653 931 1684 formidandos
951 1662 1094 1693 pugnare
1121 1655 1278 1693 cogatur?
1305 1654 1397 1684 Nunc
1412 1661 1488 1692 ergo
1507 1652 1753 1683 sollicitationes
1768 1653 1894 1690 mundi,

273 1705 431 1744 impulsus
448 1705 580 1741 diaboli,
596 1705 702 1736 carnis
720 1705 931 1741 titillationes,
951 1704 1143 1744 cupidinum
1159 1707 1274 1741 restus,
1292 1707 1322 1734 et
1337 1702 1497 1742 quidquid
1514 1702 1657 1733 animum
1672 1712 1690 1734 a
1706 1704 1823 1735 virtute
1839 1705 1895 1735 de-

270 1755 370 1794 jicere
396 1758 514 1795 potest,
540 1764 704 1795 superare,
733 1756 945 1793 comprimere
968 1757 999 1785 et
1015 1755 1246 1792 exstinguere,
1265 1753 1375 1785 nullus
1399 1761 1475 1784 sane
1495 1755 1599 1792 potest
1609 1753 1677 1784 nisi
1700 1761 1761 1794 ope
1786 1754 1894 1786 divina

275 1805 421 1836 munitus
437 1809 467 1836 et
482 1806 621 1844 adjutus,
637 1808 671 1836 ut
685 1805 858 1844 Gregorius
872 1805 963 1836 docet
976 1806 1027 1845 (c):

553 1867 588 1894 'Si
608 1866 714 1896 tremis,
729 1866 791 1900 quia
807 1865 935 1900 stipulam
954 1865 1069 1892 Scintilla
1086 1866 1152 1894 levis
1164 1867 1302 1893 accendit:

556 1901 678 1929 Conﬁde.
694 1901 781 1928 Imber
791 1908 806 1928 e
820 1900 891 1928 cwlo
903 1900 1072 1935 refrigerabit
1083 1902 1215 1936 ingentem
1230 1901 1375 1928 ﬂammam.

273 1961 398 1997 Quibus
414 1961 557 1992 addenda
576 1969 646 2001 quze
669 1961 870 1998 Augustinus
901 1959 941 1998 ((1)
969 1969 1006 1991 ex
1028 1960 1193 2000 deperdita
1219 1969 1314 1998 opere
1335 1960 1479 1998 Gregorii
1506 1959 1663 1999 decerpsrt
1681 1966 1711 1989 et
1736 1959 1867 1998 protulit
1887 1968 1895 1988 :

276 2023 290 2039 α
303 2011 417 2042 Anima
433 2019 586 2050 namque,
603 2020 674 2042 curn
696 2011 727 2040 in
748 2011 916 2041 laboribus
929 2010 1027 2041 fuerit
1043 2015 1073 2041 et
1091 2011 1122 2040 in
1140 2010 1314 2048 angustiis,
1331 2018 1400 2041 cum
1430 2009 1588 2040 hostiliter
1603 2014 1734 2048 urgetur
1749 2018 1766 2041 a
1786 2019 1896 2047 carne,

274 2067 351 2093 tunc
365 2062 402 2092 ad
421 2062 522 2092 Deum
539 2061 666 2100 refugit,
684 2065 712 2092 et
729 2061 896 2099 cognoscit
913 2061 997 2091 unde
1013 2061 1125 2091 debeat
1143 2060 1301 2091 auxilium
1325 2068 1469 2099 poscere.
1482 2071 1497 2088 η

264 2103 266 2107 ’
313 2113 381 2143 Jam
399 2121 474 2144 vero
491 2117 526 2144 ut
541 2113 602 2143 sibi
620 2120 794 2151 supernam
813 2112 962 2142 virtutem
979 2110 1138 2146 conciliet,
1155 2110 1234 2150 quid
1251 2110 1441 2149 sapientius,
1458 2110 1534 2150 quid
1554 2109 1716 2140 salubrius
1738 2109 1896 2148 languens

276 2169 308 2195 et
326 2165 486 2196 invalidus
503 2163 709 2202 excogitaret,
729 2170 823 2201 quam
842 2165 943 2193 totum
960 2161 1077 2191 divinae
1104 2161 1213 2200 gratiae
1239 2169 1274 2191 se
1290 2159 1504 2197 committere,
1522 2160 1590 2190 suis
1604 2159 1771 2190 conatibus
1787 2159 1890 2189 nullo-

275 2215 370 2246 modo
395 2215 593 2246 subnixum?
621 2213 686 2243 Nec
713 2212 821 2242 minus
849 2211 1047 2250 probandum
1073 2211 1113 2247 si,
1140 2210 1299 2250 quidquid
1325 2213 1442 2250 potest,
1469 2209 1626 2250 quidquid
1653 2210 1745 2247 valet,
1769 2210 1896 2242 Christo

274 2263 415 2296 libenter
430 2265 538 2296 omnia
554 2262 720 2296 concedat.

567 2326 591 2359 e)
606 2324 635 2352 In
650 2329 686 2357 te,
703 2323 820 2359 Christe,
835 2322 895 2357 plus
911 2322 999 2350 habeo
1014 2322 1119 2359 ﬁduciae
1130 2329 1210 2359 quam
1223 2321 1250 2349 in
1265 2322 1407 2350 conatibus
1421 2322 1519 2349 meis...

567 2326 591 2359 e)
606 2325 635 2352 In
650 2329 686 2357 te,
703 2325 820 2356 Christe,
835 2325 895 2357 plus
911 2325 999 2350 habeo
1014 2325 1119 2350 ﬁduciae
1130 2329 1210 2357 quam
1223 2325 1250 2349 in
1265 2325 1367 2350 conati!

555 2325 589 2395 έν)
604 2360 643 2387 Ex
657 2359 739 2395 teLin
758 2363 795 2391 te,
812 2358 1012 2395 Beate,»rursu_s
1025 2358 1130 2395 intueor
1145 2357 1228 2395 robur
1245 2364 1367 2395 meum...

556 2392 595 2430 (ᾖ)
606 2395 664 2422 Rex
678 2394 796 2428 Christe,
812 2398 839 2421 tu
852 2393 919 2420 mihi
935 2393 1033 2428 patria,
1047 2393 1141 2425 robur,
1153 2392 1264 2424 divitiae,
1280 2393 1381 2419 omnia.

276 2455 314 2485 Et
331 2457 450 2494 quanta
466 2454 507 2484 sit
524 2453 630 2492 gratim
647 2452 759 2489 virtus,
787 2453 904 2491 quanta
929 2451 999 2490 ejus
1016 2451 1047 2481 in
1063 2450 1158 2481 corde
1179 2451 1342 2481 movendo
1365 2449 1543 2486 eﬁicacitas,
1566 2452 1660 2482 nobis
1685 2450 1821 2491 graviter
1846 2450 1896 2480 in-

276 2505 389 2541 culcat,
405 2505 481 2536 dum
499 2503 592 2534 toties
606 2501 727 2543 profert
742 2501 893 2533 miracula
917 2509 989 2540 quae
1016 2500 1162 2531 Christus
1187 2499 1376 2539 corporibus
1401 2501 1553 2531 sanandis
1572 2501 1684 2538 edidit,
1701 2505 1736 2532 ut
1751 2501 1819 2540 ejus
1835 2508 1894 2539 po—

275 2555 407 2586 tentiam
431 2554 591 2585 illustrius
614 2553 825 2584 demonstret.
845 2563 860 2581 α
897 2552 1005 2582 Jesum
1025 2550 1160 2587 videbis,
1190 2550 1297 2589 inquit
1313 2549 1566 2590 (h),angelorum
1587 2550 1765 2582 ministerio
1783 2550 1842 2587 uti,
1861 2556 1892 2580 et

266 2607 403 2646 morbos
420 2614 532 2638 omnes
548 2614 583 2636 ac
599 2605 770 2642 languores
787 2611 911 2640 curare,
928 2605 958 2632 et
978 2605 1123 2632 mortuos
1140 2601 1178 2632 ad
1196 2601 1291 2631 vitam
1310 2609 1470 2637 revocare,
1485 2600 1756 2640 quemadmodum
1771 2601 1893 2632 utinam

265 2659 305 2687 ite
321 2665 453 2696 quoque
475 2655 551 2688 ﬁdei
570 2653 724 2695 pravitate
743 2656 917 2684 mortuum.
930 2663 945 2681 »
963 2653 1094 2683 Tantam
1111 2651 1228 2682 divinae
1253 2650 1364 2689 gratiae
1380 2650 1540 2688 ﬁduciam,
1558 2653 1676 2682 tantam
1697 2651 1735 2683 de
1751 2659 1807 2682 sua
1824 2649 1893 2681 efﬁ-

310 2725 332 2741 ⁵³
346 2725 418 2754 Psal.
441 2725 573 2758 cxxv1,L
594 2725 617 2740 ³⁵
634 2724 716 2752 Exod.
754 2731 846 2757 xxxtv,
862 2723 907 2751 20.
947 2724 969 2740 ⁸⁵
983 2723 1052 2752 Psal.
1065 2731 1156 2757 Lxxvi,
1170 2724 1208 2750 ll.

310 2794 348 2829 (ιι)
364 2792 410 2829 9r.
423 2793 540 2829 f9,u.8.
1148 2793 1182 2829 (ε)
1200 2792 1343 2829 Carm.97.

311 2828 348 2866 (tt)
359 2826 460 2866 9L“,
475 2829 544 2866 n._8.
594 2863 622 2866 μ
651 2863 680 2866 __

1148 2826 1181 2866 (ﬁt
1197 2827 1288 2866 C_arin.
1300 2829 1329 2866 8ὲ
1341 2834 1368 2853 v.
1387 2831 1486 2866 penult.
1519 2861 1523 2866 _

314 2864 347 2898 (ε)
358 2862 447 2890 Carm.
460 2863 495 2891 al.
507 2863 533 2896 5,
551 2871 576 2889 v.
591 2863 635 2895 66,
648 2863 690 2891 67.
1148 2863 1186 2897 (g)
1204 2863 1294 2898 Carm.
1309 2862 1346 2888 De
1359 2864 1411 2898 reb.
1423 2864 1487 2895 suis,
1501 2862 1570 2890 circa
1588 2863 1675 2892 ﬁnem.

316 2896 353 2932 (di
364 2898 444 2932 Aug,
456 2898 474 2925 l.
485 2906 510 2926 xi
524 2903 592 2926 com.
607 2898 674 2933 Jul.,
689 2907 715 2926 n.
734 2899 760 2928 7.
1149 2898 1186 2933 (Ii)
1197 2896 1243 2926 Or.
1260 2897 1303 2931 58,
1321 2905 1346 2924 n.
1362 2896 1401 2924 16.
