2058 3128
152 170 206 199 199
647 172 833 200 ΡΒᾹΞΡΑΤΙΟ
851 171 964 200 GENER

972 171 1058 199 ALlS.
1079 187 1114 192 —
1132 170 1223 198 PARS
1244 170 1289 200 lll.
1730 171 1784 198 150

154 232 287 262 cacitate
309 232 495 271 Opinionem
532 233 563 261 et
586 231 859 262 existimationem
885 231 918 261 in
951 233 1057 261 mente
1086 228 1209 265 habuit,
1232 231 1266 258 ut
1294 228 1433 259 carmine
1460 228 1504 258 De
1528 227 1620 258 rebus
1647 236 1713 258 suta
1746 237 1782 259 ea

156 283 276 313 virtute
296 291 358 322 qua
385 282 462 313 olim
482 281 630 313 Christus
646 282 777 312 morbos
793 281 931 321 depulit,
948 280 1111 311 diemones
1128 279 1321 315 exturbavit.
1338 282 1485 310 mortuos
1506 279 1546 311 ab
1560 279 1674 311 inferis
1696 279 1785 312 exci-

155 332 244 370 tavit,
265 332 365 364 slmili
382 332 570 372 operatione
588 331 650 362 vim
667 332 776 371 gratiae
792 332 826 362 in
842 339 935 362 suam
951 330 1092 362 animam
1109 337 1241 360 exerere
1263 328 1491 361 ardentissime
1509 333 1650 370 exoptat.

809 392 847 427 (α)
864 391 971 420 Fortem
984 396 1056 419 tuam
1074 398 1182 418 manum

438 426 523 458 Mitte,
550 431 576 453 et
598 428 719 454 dolorum
738 427 778 454 fer
802 425 960 459 remedium,
998 435 1030 454 ac
1048 427 1073 454 in
1092 433 1133 453 me
1149 425 1241 452 omnia

438 461 576 493 Miracola,
593 467 620 488 et
632 463 814 496 prodigiorum
832 463 971 495 virtutem,
988 467 1017 489 ut
1031 462 1107 494 olim,
1119 462 1241 489 ostende.

442 498 497 532 pie,
514 503 540 523 et
553 497 694 524 celerrime
707 497 794 524 ﬂuxus
809 497 972 532 sanguineus
988 497 1104 524 desinat.

438 531 497 563 Dic,
509 537 536 558 et
550 539 691 566 porcorum
711 539 819 567 gregem
839 530 872 559 ιη’
880 532 997 560 furorem
1010 537 1072 567 agat
1089 530 1204 566 legionis

440 567 565 600 Spiritus,
575 571 602 594 et
614 567 639 593 in
657 575 731 594 mare
745 567 836 598 cadat,
855 571 884 594 et
900 575 915 594 a
931 575 973 595 me
992 569 1110 594 recedat.

438 601 552 636 Lepram
571 604 673 629 tristem
692 610 810 634 remove,
827 602 915 630 lumen
933 603 1043 630 accedat

440 637 532 664 Oculis
548 637 638 668 caecis,
652 641 680 664 et
697 644 778 665 aures
793 645 888 664 sonum
903 637 1024 664 audiant.

439 671 549 708 Qridam
559 679 668 699 manum
685 680 772 699 meam
786 674 910 700 extende.
924 671 1036 699 Vincula
1052 672 1150 708 lingua:

440 706 555 742 Rumpe,
574 711 600 734 et
611 707 707 741 pedum
720 710 796 734 tirma
814 715 936 741 gressum
953 707 1079 735 debilem.

439 742 477 768 Ex
494 742 599 769 modico
615 749 683 776 pane
698 743 776 769 satia.
796 742 892 769 Sterne
906 750 980 769 mare

438 776 578 804 Terribile.
598 777 770 811 Splendidius
783 777 839 804 sole
859 784 984 805 corusca.

436 811 500 846 Fige
513 812 632 839 membra
648 812 872 846 ingravescentia,
885 816 912 839 et
927 819 961 839 cx
977 812 1093 839 mortuis

439 847 544 874 Rursus
559 847 658 874 suscita
674 847 831 880 l'mtentem;
846 855 896 874 nec
908 855 951 874 me
966 847 1175 881 inlrucluosum,

438 882 583 917 Postquam
597 882 679 909 veluti
693 883 774 909 ﬁcum
790 882 900 915 videris,
912 882 1058 919 arefacias.

160 943 258 982 Igitur
273 941 424 973 miracula
440 949 512 982 quae
534 941 678 972 Christus
698 940 798 972 edidit
814 940 1007 980 corporibus
1026 945 1194 972 sanitatem
1216 941 1428 979 restituendo,
1466 945 1595 976 nonnisi
1623 947 1736 978 umbra
1756 951 1786 977 et

160 995 267 1034 ﬁguras
281 993 506 1024 miraculorum
525 1001 596 1033 quae
612 992 757 1032 quotidie
774 995 938 1031 operatur,
963 992 1038 1022 dum
1057 991 1206 1023 homines
1226 992 1264 1023 ad
1283 992 1418 1024 salutem
1439 993 1582 1032 reducit;
1599 1004 1657 1027 nec
1673 996 1786 1027 minori

161 1047 276 1077 virtute
292 1054 328 1076 ac
343 1045 482 1085 potentia
499 1045 529 1075 in
554 1045 675 1075 animas
693 1045 765 1083 'agit
781 1052 879 1084 quam
899 1044 932 1074 in
955 1051 1087 1083 cOrpora
1102 1066 1110 1081 ,
1133 1045 1283 1084 quinimo
1303 1045 1435 1084 majori,
1464 1055 1535 1078 cum
1560 1050 1590 1079 et
1615 1049 1788 1080 voluntatis

161 1095 402 1134 repugnantiam
419 1094 612 1132 compellere
627 1102 762 1125 necesse
778 1093 832 1132 sit,
850 1096 881 1124 et
900 1093 971 1133 ejus
987 1093 1165 1125 libertatem
1186 1095 1386 1134 permulcere
1403 1105 1438 1127 ac
1455 1101 1586 1129 tractare
1598 1121 1607 1136 ,
1626 1102 1660 1130 ut
1677 1109 1789 1140 pravos

160 1147 265 1177 cordis
280 1146 411 1178 affectus
424 1154 488 1177 non
504 1146 659 1186 cogendo,
679 1146 734 1177 sed
752 1146 831 1178 mira
848 1146 1005 1178 suavitate
1027 1147 1242 1184 immutando,
1260 1147 1403 1179 animum
1418 1149 1459 1180 ad
1474 1158 1508 1182 se
1523 1151 1691 1184 efﬁcaciter
1709 1162 1788 1184 con-

161 1201 272 1229 vertat.
332 1191 334 1193 ⁷

199 1249 230 1280 Si
259 1249 370 1288 gratias
388 1249 610 1281 necessitatem
637 1253 669 1280 et
690 1249 754 1280 vim
771 1249 868 1280 tantis
882 1248 1005 1280 attollat
1022 1249 1336 1290 studiis,'saqualiter
1357 1251 1566 1284 saluberrima
1582 1261 1654 1294 quae
1673 1254 1789 1285 exinde

160 1300 308 1331 oriantur
325 1299 452 1339 pietatis
478 1298 596 1330 monita
622 1299 758 1338 prodere
776 1299 840 1339 ipsi
857 1308 934 1331 cura
957 1302 1019 1338 est,
1043 1302 1079 1331 ut
1099 1300 1145 1331 sic
1171 1301 1298 1332 sincera
1322 1301 1402 1340 grati
1426 1303 1525 1334 animi
1554 1306 1733 1337 reverentia
1754 1314 1790 1336 ac

161 1351 267 1382 cordis
286 1351 466 1382 humilitate
487 1351 620 1390 gratiam
637 1351 675 1382 ad
695 1359 754 1382 nos
779 1351 1002 1391 pelliciamus,
1035 1354 1066 1383 et
1087 1351 1217 1384 assidua
1242 1353 1387 1386 oratione
1407 1362 1598 1394 summaque
1624 1355 1789 1395 vigilantia

158 1410 229 1432 eam
247 1401 280 1431 in
297 1400 390 1432 nobis
408 1400 574 1431 foveamus
594 1405 624 1431 et
639 1401 866 1439 adaugeamus.

438 1473 562 1513 Gradior,
573 1481 631 1513 _non
644 1475 702 1502 sine
716 1476 819 1513 praemii
833 1484 890 1511 spe,
905 1477 974 1505 inter
992 1477 1156 1506 currendum
1173 1477 1294 1506 membra
1309 1480 1485 1513 protendens,

384 1509 521 1550 ill‘hristlttn‘
537 1508 638 1536 habens
652 1518 700 1550 pro
717 1508 822 1550 alliam,
836 1508 973 1540 Christum
985 1521 1034 1548 pro
1046 1514 1154 1546 robore,
1168 1521 1217 1548 pro
1229 1508 1325 1548 opibus
1336 1508 1530 1550 amplissiniis:

389 1544 440 1584 Qui
459 1544 522 1583 mihi
535 1549 562 1570 et
579 1546 751 1584 perspicaees
764 1547 866 1584 oculos,
882 1552 910 1574 et
923 1544 1068 1582 prosperos
1081 1544 1176 1576 cursus
1187 1544 1307 1584 praestat.

390 1578 455 1616 §iue
476 1579 537 1616 ipso
549 1578 647 1616 onmes
658 1588 726 1607 vana
745 1581 859 1609 ludibria
875 1578 938 1610 sun't
953 1578 1092 1616 mortales,

389 1614 421 1657 lit
441 1615 540 1654 mortui
555 1615 684 1654 vivi-rites,
705 1615 788 1657 fmtidi
810 1618 928 1657 peccatis

391 1649 483 1686 ﬁequc
499 1649 570 1686 enim
582 1650 640 1676 sine
654 1658 716 1677 aere
727 1649 817 1678 vidisti
833 1653 966 1679 volantem
981 1661 1074 1686 avem;

391 1683 483 1723 ltitique
498 1684 556 1723 sine
573 1691 647 1723 aqua
663 1687 744 1713 maris
760 1694 855 1714 cursor
875 1689 977 1715 natavit
988 1683 1141 1721 delphinus.

392 1720 437 1757 §ic
449 1720 571 1757 neesinc
584 1720 695 1757 Christo
712 1722 835 1748 mortalis
849 1723 943 1757 pedem
958 1724 1067 1750 attollit.

390 1754 569 1791 Quamobrem
585 1763 618 1781 nc
630 1755 741 1782 nimium
756 1754 890 1791 glorieris,
905 1766 954 1785 nec
970 1763 1022 1786 tum

393 1790 499 1828 Yiribus
510 1790 609 1828 mentis
623 1790 814 1828 conlidas.etsi
831 1800 993 1828 magnopere
1009 1801 1117 1828 sapiens
1133 1794 1232 1821 fueris:

389 1824 480 1859 Neque
491 1825 609 1861 aliquem
620 1826 714 1852 \‘ideus
729 1824 915 1860 abjectiorenl,
931 1824 957 1854 in
971 1824 1054 1855 altum
1072 1830 1216 1861 attollaris,

392 1861 474 1895 Quasi
491 1860 616 1888 onmibus
631 1862 754 1895 superior
769 1862 818 1894 sis,
834 1868 860 1890 et
876 1864 909 1890 ad
925 1868 1024 1890 metam
1042 1865 1152 1899 propius
1165 1860 1290 1892 accedas.

201 1922 275 1952 Hinc
291 1920 398 1960 procul
416 1919 517 1950 dubio
533 1917 610 1949 satis
633 1919 785 1951 evincunt
803 1920 930 1963 Griecos
954 1921 1077 1957 Patres,
1095 1925 1125 1953 et
1144 1922 1283 1954 maxime
1299 1923 1488 1963 Gregorium
1500 1947 1509 1962 ,
1536 1925 1575 1957 de
1600 1925 1699 1965 gratia
1726 1931 1789 1958 tam

161 1973 253 2003 docte
276 1976 307 2003 et
323 1971 502 2002 luculenter
519 1979 615 2011 quam
640 1971 771 2004 Latinos
791 1972 963 2011 disserere,
983 1982 1043 2004 nec
1062 1973 1170 2005 minus
1187 1975 1300 2014 .ipsam
1326 1975 1496 2015 praedicare
1513 1981 1543 2008 et
1565 1979 1790 2010 commendare

160 2022 315 2054 sollicitos
329 2021 444 2052 fuisse.

905 2063 948 2093 De
975 2062 1044 2102 ﬁde.

200 2115 258 2145 Per
273 2113 367 2144 ﬁdem
386 2112 434 2142 via
451 2112 561 2144 salutis
578 2113 769 2152 capescitur,
791 2112 948 2151 salusque
967 2117 1182 2152 comparatur.
1208 2115 1382 2146 Doctorum
1402 2116 1522 2155 pariter
1538 2120 1569 2148 et
1586 2117 1790 2149 indoctorum

161 2171 208 2195 est
224 2163 322 2199 ﬁdes;
352 2162 420 2202 «(c)
445 2163 521 2192 Nam
541 2162 620 2192 siin
643 2162 788 2194 eruditos
815 2166 938 2194 tantum
965 2163 1052 2194 viros
1078 2164 1204 2195 caderet
1229 2165 1329 2202 ﬁdes,
1363 2166 1443 2195 nihil
1472 2167 1539 2197 Deo
1567 2168 1673 2199 minus
1698 2169 1790 2200 dives

159 2215 240 2246 foret
253 2225 261 2244 :
280 2225 295 2242 ι
326 2213 359 2239 El.
369 2213 390 2239 6‘
403 2213 443 2243 εἰς
455 2212 552 2246 σοφοὺς
567 2211 680 2238 ἔπιπτεν
693 2213 710 2248 ἡ
722 2212 812 2244 πίστις
830 2213 920 2248 μόνον,
937 2212 971 2238 Θε

978 2212 1003 2239 5-3
1018 2215 1083 2250 παρ’
1100 2216 1167 2250 ἡμῖν
1185 2215 1260 2242 οὐδὲν
1271 2213 1305 2250 ἦν
1321 2215 1492 2251 πενέστερον.
1517 2217 1700 2249 Sermonem
1718 2219 1790 2249 sim.

160 2269 253 2308 plicis
268 2267 342 2298 ﬁdei
358 2266 503 2308 sufﬁcere
519 2267 611 2297 docet
625 2267 800 2307 Gregorius
820 2277 828 2298 :
843 2267 927 2301 Λόγος
946 2269 972 2303 γε

977 2276 999 2303 [ρ
1014 2268 1094 2303 ἀρκεῖ
1112 2270 1158 2296 καὶ
1183 2269 1264 2305 ψιλῆς
1282 2269 1332 2304 τῆς
1355 2269 1481 2302 πίστεως,
1499 2270 1559 2306 μεθ’
1575 2269 1608 2306 ἧς
1630 2271 1748 2307 ἀτέχνως
1759 2272 1789 2298 τὸ

159 2322 240 2349 πλέον
257 2319 339 2354 σώζει
360 2319 438 2352 θεός;
466 2330 480 2346 α
495 2318 537 2359 (d)
554 2320 631 2350 Nam
649 2329 754 2351 sermo
769 2321 924 2360 simplicis
942 2322 971 2352 lit

976 2322 1013 2352 Iei
1031 2321 1166 2355 sumsit,
1188 2330 1260 2352 cum
1286 2330 1347 2360 qua
1368 2330 1439 2360 pars
1461 2322 1627 2352 hominum
1654 2322 1788 2353 maxima

160 2370 293 2402 salutem
318 2375 492 2410 comparat.
510 2381 524 2399 »
552 2369 705 2408 Mysteria
731 2373 853 2404 autem,
884 2370 1022 2401 maxime
1045 2378 1118 2400 vero
1145 2370 1324 2406 Trinitatis,
1353 2370 1480 2408 penitus
1505 2379 1697 2410 cognoscere
1724 2380 1788 2402 non

159 2422 430 2461 prmsumendum,
447 2426 478 2452 et
498 2421 689 2461 perscrutari
709 2420 810 2452 nefas.
843 2421 916 2451 «Ne
929 2421 1029 2451 Patris
1056 2425 1201 2452 naturam
1224 2421 1388 2460 inquiras,
1411 2421 1520 2460 inquit
1545 2421 1595 2462 (ε),
1624 2422 1790 2462 Unigeniti

159 2479 278 2511 ortum,
295 2475 434 2514 Spiritus
450 2474 699 2519 sanetiglorinm
717 2478 748 2504 et
765 2473 963 2512 potentiam;
982 2482 1090 2510 unam,
1110 2474 1256 2513 inquam,
1273 2477 1304 2504 et
1322 2473 1464 2504 eamdem
1482 2474 1514 2504 in
1527 2474 1630 2505 tribus
1643 2474 1789 2514 personis

157 2527 310 2558 deitatem
327 2531 357 2558 et
369 2527 558 2564 claritatem,
578 2526 780 2557 individuam
810 2527 897 2558 illam
915 2530 1074 2563 naturam,
1097 2535 1133 2557 ac
1149 2526 1401 2564 confessionem,
1418 2530 1448 2558 et
1469 2527 1615 2567 gloriam,
1632 2536 1788 2567 spemque

156 2580 326 2610 hominum
353 2579 413 2609 fide
441 2578 659 2617 prwdilorum.
685 2578 790 2609 Verba
813 2579 889 2616 illa,
917 2579 1036 2618 quibus
1060 2578 1155 2609 simul
1182 2586 1254 2608 cum
1281 2579 1360 2609 lacte
1382 2579 1525 2610 imbutus
1547 2588 1600 2614 es,
1627 2578 1789 2609 mordicus

158 2632 286 2662 retine:
304 2631 464 2661 sermonis
480 2633 586 2662 autem
602 2634 635 2662 et
651 2630 882 2670 disputationis
901 2639 1010 2662 curam
1036 2631 1273 2662 eruditioribus
1293 2631 1418 2662 manda.
1447 2632 1528 2662 Satis
1551 2639 1713 2670 superque
1728 2629 1787 2660 tibi

158 2687 206 2714 est
222 2682 467 2713 fundamentum
486 2681 603 2712 habere
621 2693 629 2712 :
644 2682 1064 2720 superstruatarchitectus.
1080 2692 1094 2710 ιι
1118 2681 1188 2712 Non
1210 2681 1353 2720 cujusvis
1376 2690 1447 2712 esse
1469 2683 1513 2712 ait
1535 2682 1575 2712 de
1599 2681 1666 2712 Deo
1681 2681 1786 2712 disse-

157 2742 250 2770 rere;
267 2733 322 2764 sed
337 2733 388 2763 his
402 2734 555 2763 duntaxat
572 2732 631 2764 hoc
645 2733 787 2763 muneris
805 2732 974 2769 incumbit,
992 2732 1049 2772 qui
1066 2730 1272 2762 exactissime
1289 2736 1365 2763 sunt
1378 2733 1544 2772 explorati.
1565 2743 1579 2760 ι(
1592 2732 1661 2762 Non
1680 2733 1789 2772 cujus-

158 2784 206 2814 vis
222 2787 281 2818 est,
298 2783 403 2822 inquit
429 2783 465 2824 (Γ)
481 2784 520 2814 de
539 2784 605 2814 Deo
626 2783 797 2821 disserere,
813 2791 890 2819 non,
907 2783 1052 2822 inquam,
1071 2782 1268 2821 cujusvis....
1290 2782 1411 2814 Addam
1433 2782 1526 2814 etiam
1553 2790 1618 2814 non
1644 2783 1789 2823 cujusvis

192 2845 333 2882 (u)Qarm.
350 2844 387 2882 ρετ
406 2847 535 2882 νεὺπειιίε,
560 2847 631 2874 circa
649 2846 738 2875 liuent.

444 2848 535 2882 visitis,
560 2847 631 2874 circa
649 2846 738 2875 liuent.
1034 2845 1256 2882 (d)lli..f.1228.

205 2880 231 2914 b)
247 2880 338 2908 Carm.
354 2880 397 2912 59,
416 2888 441 2907 v.
455 2881 490 2908 98
504 2887 530 2909 et
543 2889 619 2914 seqq.

192 2881 229 2952 ξε)
244 2915 335 2944 Carm.
354 2915 389 2943 De
404 2917 454 2944 vita
465 2925 524 2950 sua,
541 2925 566 2944 v.
579 2917 655 2945 1250.

476 2882 490 2908 8
504 2887 530 2909 et
543 2889 627 2924 seqq;
1034 2882 1069 2936 se)
1081 2881 1126 2907 0r.
1142 2880 1186 2912 32,
1204 2889 1230 2909 ιι.
1245 2881 1288 2909 2|.

479 2925 524 2950 ua,
541 2917 655 2945 v.1250.
1035 2915 1067 2952 ὶί)
1079 2917 1125 2944 0r.
1135 2916 1180 2950 27,
1198 2923 1224 2943 ι).
1237 2915 1265 2943 5.
1286 2950 1288 2952 _

205 2917 229 2951 c)
244 2915 335 2944 Carm.
354 2915 389 2943 De
404 2917 454 2944 vita
465 2925 524 2950 sua,
541 2925 566 2944 v.
579 2917 655 2945 1250.

479 2925 524 2950 ua,
541 2925 566 2944 v.
579 2917 655 2945 1250.
1034 2915 1067 2952 (ί)
1079 2917 1125 2944 0r.
1135 2916 1180 2950 27,
1198 2923 1224 2943 ι).
1237 2915 1265 2943 5.
1286 2949 1289 2954 1
