2058 3128
245 163 291 192 151
737 161 922 188 ΡΙΏΕΓΑΤΙΟ
942 160 1057 189 GENER

1062 160 1149 188 ALIS.
1171 177 1205 182 —
1223 161 1314 189 PARS
1334 162 1376 191 Ill.
1420 172 1423 175 ·
1821 162 1874 190 lit!

245 227 412 266 temporis,
438 234 498 257 nec
522 225 605 264 apud
634 224 781 262 quosvis,
805 232 863 254 nec
883 223 922 254 de
944 222 1127 262 quibusvis,
1144 223 1200 253 sed
1217 226 1303 254 certo
1322 226 1465 262 tempore
1481 225 1511 253 et
1529 222 1613 262 apud
1640 225 1744 253 certos
1767 222 1875 253 homi-

245 285 354 309 nes....
371 279 440 308 Non
449 277 772 318 cujuslibetquidem,
788 275 939 315 quoniam
952 275 1001 305 his
1011 274 1163 306 duntaxat
1178 275 1238 307 hoc
1249 275 1391 306 muneris
1413 275 1582 310 incumbit,
1599 275 1654 314 qui
1672 274 1875 305 exactissime

245 329 401 368 explorati
417 333 504 365 sunt,
523 338 558 359 ac
574 329 820 367 contemplando
838 328 933 367 longe
951 332 1189 367 processerunt,
1207 329 1361 367 priusque
1379 328 1473 358 etiam
1497 332 1525 358 et
1545 336 1671 367 corpus,
1688 331 1718 358 et
1733 327 1875 357 animam

244 387 262 409 a
277 380 428 411 vitiorum
446 380 596 411 sordibus
615 381 811 418 purgarunt;
833 382 899 415 aut,
917 382 951 408 ut
968 377 1156 416 parcissime
1172 377 1296 415 loquar,
1311 376 1374 415 jam
1392 376 1452 406 hoc
1466 379 1576 415 agunt,
1590 379 1623 406 ut
1635 385 1669 406 se
1687 385 1703 407 a
1720 376 1874 406 vitiorum

245 429 316 460 labe
336 432 487 469 purgent.
502 451 530 460 ..
545 450 551 457 .
568 428 703 465 Quando
716 429 846 464 autem?
862 431 930 458 tum
951 427 1118 462 videlicet,
1139 435 1210 457 cum
1226 426 1265 456 ab
1282 429 1422 456 exlerno‘
1434 426 1501 456 luto
1518 431 1548 456 et
1567 426 1706 456 tumultu
1730 427 1873 466 quietem

247 480 386 518 agimus,
417 487 475 509 nec
499 479 648 517 princeps
677 479 778 508 nostri
803 486 874 516 pars
901 478 1057 516 improbis
1084 477 1238 516 vagisque
1262 476 1443 507 simulacris
1468 476 1753 507 confunditur....
1779 478 1874 516 Apud

247 536 330 568 quos
347 529 465 566 porro?
480 527 599 566 Nempe
614 527 698 566 apud
718 535 787 563 eos,
803 527 857 565 qui
875 535 939 556 rem
958 526 1145 565 hujusmodi
1162 526 1307 556 studiose
1322 535 1357 556 ac
1379 526 1466 556 serio
1483 525 1734 564 amplectuntur,
1753 527 1875 566 quique

247 571 313 609 non
333 582 365 608 ut
384 578 548 617 quidpiam
572 578 673 613 aliud,
699 579 747 608 sic
761 577 820 608 hoc
835 585 964 616 quoque
987 576 1096 615 inepta
1124 575 1304 614 nbgacitate
1339 580 1590 615 prosequuntur,
1624 580 1693 615 post
1715 577 1875 608 circenses

248 627 342 658 ludos
365 631 395 657 et
411 629 601 666 spectacula,
619 631 689 666 post
705 628 883 662 cautiones,
909 630 976 664 post
993 627 1136 665 denique
1156 635 1259 665 quam
1282 627 1384 657 ventri
1402 629 1432 657 et
1449 626 1488 656 iis
1510 635 1581 666 qua:
1597 630 1671 657 sunt
1688 627 1748 657 sub
1765 632 1876 658 ventre

247 677 452 708 indulserint.
479 677 541 713 Qui
560 677 693 716 quidem
711 678 752 707 ita
770 678 893 716 perdite
909 677 1014 708 affecti
1035 681 1120 713 sunt,
1138 682 1172 707 ut
1190 678 1248 708 hoc
1264 686 1396 717 quoque
1413 678 1445 707 in
1464 677 1770 708 oblectamentorum
1785 683 1874 717 parte

248 733 432 765 numerent,
451 729 605 759 nimirum
623 728 662 759 de
680 728 801 758 divinis
821 728 917 757 rebus
943 727 1070 766 nugari,
1087 732 1182 766 atque
1203 731 1310 766 arguta
1337 727 1555 766 disputatione
1580 731 1774 758 concertare.
1804 729 1874 758 Jam

247 780 287 810 de
305 779 677 818 quibus,.ct-quousque
691 777 1003 816 disputandum?'De
1028 776 1206 812 hissolum,
1228 777 1426 817 quteingenii
1450 777 1550 807 nostri
1576 777 1753 813 modulum,
1778 782 1875 817 atque

249 828 407 859 auditoris
437 831 565 866 captum
593 836 658 858 non
687 827 928 858 excedunt....
956 828 995 868 (a)
1024 828 1134 868 Neque
1158 837 1234 859 vero
1260 827 1326 858 haec
1348 827 1518 866 quisquam
1544 827 1587 857 ita
1609 828 1753 865 accipiat,
1781 828 1874 867 quasi

249 879 353 908 Deum
379 882 532 916 perpetua
550 877 702 908 memoria
719 877 889 907 colendum
906 885 977 908 esse
997 886 1145 916 negem..
1158 901 1166 909 .
1179 901 1186 908 .
1204 878 1269 909 Nec
1289 878 1373 908 enim
1397 881 1460 908 tam
1478 885 1561 915 saepe
1579 877 1726 916 spiritum
1744 878 1876 914 ducere,

248 937 344 973 quam
361 929 418 959 Dei
437 929 622 959 meminisse
646 928 822 964 debemus;
850 927 926 961 imo,
955 928 980 958 si
998 928 1060 958 dici
1083 932 1201 968 potest,
1219 929 1305 959 aliud
1326 928 1404 958 nihil
1424 936 1520 966 quam
1537 926 1598 957 hOc
1613 926 1792 957 faciendum
1805 949 1812 956 .

248 980 414 1015 Quocirca,
436 988 475 1009 ne
495 979 567 1019 quis
583 983 740 1018 perpetuo
756 979 858 1008 Deum
876 978 1028 1008 memoria
1045 981 1161 1014 teneat,
1178 977 1262 1010 haud
1276 982 1358 1015 veto,
1375 978 1429 1009 sed
1445 986 1485 1008 ne
1502 977 1540 1008 de
1555 978 1622 1008 Deo
1638 977 1797 1017 disputet;
1811 977 1878 1008 imo

253 1037 311 1061 nec
332 1029 391 1059 hoc
407 1029 574 1068 prohibeo,
592 1028 623 1058 id
640 1029 726 1059 enim
745 1028 834 1066 pium
853 1034 913 1066 est,
932 1030 1044 1060 sedne
1062 1030 1298 1069 intempestive.
1314 1039 1328 1056 ι

291 1079 380 1115 Quod
398 1082 502 1109 autem
524 1078 661 1109 maxime
675 1078 822 1117 prohibet
841 1079 1017 1118 Gregorius
1034 1081 1112 1111 illud
1130 1085 1196 1117 est,
1219 1089 1259 1111 ne
1278 1081 1317 1110 de
1338 1079 1498 1118 mysteriis
1520 1077 1639 1109 nostris
1661 1077 1873 1110 immoderato

251 1129 379 1160 dicentii
398 1130 444 1159 vel
462 1129 621 1160 scribendi
639 1129 748 1159 studio
766 1129 976 1161 irreverenter
995 1130 1212 1170 disputemus.
1248 1130 1315 1170 «(b)
1345 1129 1427 1160 illud
1447 1129 1559 1160 saltem
1581 1129 1665 1159 inter
1680 1137 1738 1159 nos
1758 1137 1879 1160 conve-

251 1179 328 1216 niat,
354 1183 387 1209 ut
408 1179 539 1218 mystica
569 1179 715 1218 mystice,
740 1183 770 1209 et
792 1184 900 1210 sancta
923 1185 1030 1211 sancte
1055 1182 1296 1221 proloquamur,
1322 1189 1380 1211 nec
1396 1181 1429 1211 in
1448 1180 1594 1219 profanas
1613 1184 1728 1217 a'ures,
1754 1190 1826 1219 quas
1846 1181 1879 1210 in

252 1231 370 1269 vulgus
388 1229 494 1260 eﬂ'erri
512 1229 600 1260 nefas
617 1233 676 1265 est,
694 1229 921 1268 projiciainus;
938 1239 996 1260 nec
1021 1231 1178 1269 patiamur
1195 1230 1414 1269 religiosiores
1431 1239 1527 1270 quam
1546 1239 1604 1262 nos
1618 1231 1719 1264 videri
1738 1241 1804 1269 eos,
1822 1231 1881 1272 qui

252 1287 416 1313 daemones
430 1281 563 1311 adorant
579 1286 610 1312 et
626 1279 767 1318 turpium
786 1271 967 1310 fabularum
983 1289 1019 1310 ac
1036 1289 1142 1311 rerum
1167 1280 1289 1311 cultum
1311 1281 1510 1318 proﬁtentur.
1523 1292 1537 1308 ι)

774 1332 817 1361 De
832 1332 960 1362 lectione
979 1331 1133 1362 librorum
1159 1332 1361 1363 elhnicorum.

284 1377 406 1414 Juveni
422 1382 625 1413 ethnicorum
643 1381 799 1412 librorum
819 1381 949 1412 lectioni
969 1381 1169 1411 incuuibenti
1191 1382 1256 1412 haec
1273 1381 1405 1412 consilia
1425 1382 1478 1412 dat
1497 1381 1674 1420 Gregorius
1691 1393 1699 1413 :
1717 1385 1782 1422 «(a)
1801 1384 1881 1414 Dili-

254 1436 366 1472 genter
383 1434 514 1472 optimis
533 1433 713 1470 disciplinis
739 1432 903 1467 incumbe,
928 1435 958 1462 et
984 1432 1016 1461 in
1045 1431 1136 1461 libris
1166 1435 1348 1470 poetarum,
1371 1431 1598 1465 historicorum
1626 1437 1880 1473 commentariis,

251 1484 372 1515 ﬂuente
387 1487 549 1514 oratorum
568 1481 738 1518 facundia,
765 1480 940 1511 subtilibus
967 1479 1233 1519 philosophorum
1259 1480 1525 1512 meditationibus
1551 1485 1648 1513 temet
1673 1493 1806 1522 exerce;
1834 1486 1882 1516 sic

251 1538 370 1569 tamen,
398 1537 432 1563 ut
456 1534 629 1572 prudenter
653 1534 685 1564 in
713 1533 866 1564 omnibus
886 1533 974 1563 hisce
1001 1532 1152 1563 verseris.
1175 1532 1280 1562 Debes
1303 1532 1388 1562 enim
1411 1533 1573 1571 sapienter
1594 1543 1632 1564 ex
1659 1535 1705 1566 eis
1731 1535 1883 1575 colligere

255 1592 459 1623 quaecunque
476 1589 550 1614 sunt
567 1583 656 1615 utilia
671 1596 679 1621 ;
694 1589 868 1624 contraque
889 1583 998 1614 solerti
1012 1583 1139 1622 judicio
1158 1584 1257 1614 vitare
1274 1584 1432 1624 quidquid
1453 1585 1484 1614 in
1511 1585 1647 1624 singulis
1671 1591 1718 1618 est
1735 1589 1881 1631 noxium,

251 1634 396 1674 adeoque
408 1634 615 1672 apis'argutas
631 1635 824 1665 industriam
843 1634 975 1664 imitari.
998 1634 1075 1664 Nam
1090 1643 1125 1664 ea
1141 1635 1342 1673 quibuslibet
1360 1635 1490 1665 floribus
1508 1636 1648 1668 insidere
1660 1646 1730 1669 cum
1747 1647 1884 1670 consue-

250 1684 345 1719 verit,
364 1683 404 1714 de
420 1683 560 1722 singulis
578 1684 669 1714 utilia
688 1687 810 1714 tantum
830 1684 991 1722 decerpit,
1018 1683 1173 1722 singulari
1195 1684 1332 1722 quadam
1353 1685 1508 1723 sapientia
1529 1689 1672 1717 naturam
1694 1688 1794 1727 ipsam
1818 1699 1884 1721 ma-

251 1734 380 1773 gistram
401 1737 522 1764 secuta.
539 1733 587 1763 Tu
606 1741 682 1764 Vero
698 1734 857 1764 rationem
882 1741 1024 1772 sequens
1040 1733 1101 1763 alia
1119 1732 1250 1771 quidem
1269 1733 1399 1772 largiter
1420 1733 1567 1774 decerpe,
1591 1737 1617 1766 si
1639 1746 1710 1776 quae
1729 1739 1882 1777 prodesse

252 1790 388 1825 possunt
406 1796 414 1816 :
431 1794 459 1816 sx
482 1788 587 1816 autem
613 1784 737 1823 aliquid
761 1782 920 1822 ejusmodi
946 1782 1040 1812 situt
1066 1782 1294 1813 detrimentum
1315 1783 1446 1821 aﬁ‘erat,
1479 1786 1626 1818 celeriter
1656 1787 1816 1820 intellecta
1837 1791 1883 1822 rei

252 1841 405 1880 pravitate
419 1840 521 1871 avola.
544 1839 671 1878 Quippe
692 1846 783 1869 mens
799 1836 992 1868 hominibus
1009 1836 1080 1866 data
1105 1839 1153 1866 est
1175 1836 1245 1874 ejus
1268 1835 1455 1872 celeritatis,
1479 1840 1513 1868 ut
1533 1838 1684 1870 velociter
1707 1833 1880 1873 admodum

251 1892 380 1922 avelare
399 1891 510 1930 possit.
528 1890 728 1929 Quapropter
744 1886 903 1927 quidquid
922 1887 960 1917 ab
984 1886 1024 1917 iis
1043 1886 1254 1926 perscriptum
1273 1890 1332 1922 est,
1350 1886 1397 1917 vel
1416 1887 1454 1918 ad
1478 1889 1606 1920 virtutis
1636 1891 1763 1922 laudem
1787 1897 1884 1932 atque

252 1943 521 1982 p'r‘tﬁdicationem,
539 1941 586 1972 vel
604 1951 620 1970 e
637 1940 764 1971 diverso
787 1939 824 1969 ad
844 1938 998 1968 vitiorum
1021 1937 1330 1977 reprehensionem;
1355 1947 1392 1969 ea
1417 1943 1451 1970 tu
1476 1941 1570 1972 velim
1598 1938 1753 1981 singulari
1774 1945 1883 1975 studio

251 2001 436 2032 cognoscas,
454 2001 490 2023 ac
502 1995 568 2023 tum
583 1996 720 2024 mentem
737 1997 767 2024 et
782 2001 912 2023 sensum
928 2001 1040 2024 earum
1058 1992 1210 2029 retineas,
1222 1996 1289 2023 tum
1302 1992 1455 2024 dictionis
1469 1993 1672 2031 elegantiam.
1687 1994 1882 2030 Qumantem

251 2041 292 2073 de
307 2042 370 2072 diis
387 2042 598 2080 scripserunt,
620 2041 763 2080 insignes
781 2051 882 2080 nugas
898 2041 1110 2078 continentia,
1128 2042 1216 2073 verbi
1235 2041 1353 2080 gratia,
1373 2043 1497 2074 fabulas
1512 2043 1700 2075 inhonestas
1716 2053 1753 2076 ac
1769 2044 1885 2082 foedas,

254 2092 409 2124 malorum
423 2093 592 2131 geniorum
612 2093 790 2129 doctrinas,
807 2093 944 2128 fabulas,
966 2094 1111 2132 inquam,
1130 2097 1196 2124 tum
1214 2094 1281 2124 risu
1300 2098 1365 2124 tum
1382 2094 1532 2134 lacrymis
1547 2094 1678 2133 dignas;
1693 2097 1760 2126 haec
1774 2097 1882 2126 omnia

252 2147 402 2182 tanquam
419 2143 550 2183 laqueos
574 2146 604 2173 et
621 2142 786 2182 decipulas
805 2151 966 2174 aversare.
989 2144 1138 2182 Cumque
1154 2143 1250 2174 simul
1272 2147 1406 2184 utraque
1429 2145 1557 2184 legeris,
1579 2146 1657 2176 deos
1682 2146 1824 2184 ipsorum
1851 2152 1884 2177 et

252 2193 428 2230 orationes,
445 2193 522 2224 deos
542 2193 716 2230 ridiculos,
735 2197 765 2224 et
784 2194 949 2224 orationes
968 2193 1141 2229 amabiles;
1162 2194 1240 2225 deos
1261 2194 1394 2234 quidem
1412 2196 1487 2226 illos
1511 2195 1733 2234 voluptuarios
1753 2204 1882 2235 respue,

253 2252 366 2274 verum
393 2244 556 2275 orationes
574 2245 709 2276 maximi
728 2245 847 2276 facito:
871 2245 963 2286 quasi
987 2246 1110 2277 scilicet
1129 2247 1169 2278 de
1190 2248 1303 2279 eodem
1327 2247 1442 2279 frutice
1463 2249 1572 2288 spinas
1595 2254 1721 2285 caveto,
1746 2253 1777 2280 et
1795 2258 1883 2280 rosas

253 2292 429 2332 decerpito.
444 2290 549 2332 Atque
561 2293 628 2325 htec
639 2294 771 2334 quidem
790 2295 911 2334 optima
923 2294 963 2326 de
977 2295 1133 2326 doctrinis
1148 2296 1311 2327 extraneis
1327 2295 1380 2327 lex
1394 2295 1504 2328 fuerit.
1524 2310 1539 2327 )›
1568 2299 1685 2331 Eadem
1705 2300 1883 2339 prtescribit

253 2343 391 2374 Basilius
411 2343 546 2382 Magnus
564 2340 665 2375 libros
683 2343 888 2375 ethnicorum
907 2344 1101 2383 legentibus.
1426 2383 1435 2390 _

705 2395 750 2426 De
780 2401 934 2435 potestate
961 2395 1127 2435 temporali
1151 2400 1180 2426 et
1206 2396 1424 2428 ecclesiastica.

293 2445 377 2483 Quid
405 2447 444 2477 de
466 2447 621 2485 potestate
649 2446 817 2487 temporali
842 2447 984 2486 cogitare
1003 2447 1198 2486 debeamus,
1220 2452 1316 2487 atque
1337 2448 1431 2479 etiam
1456 2449 1534 2488 quid
1550 2451 1690 2488 cogitare
1705 2450 1844 2482 debeant
1859 2450 1883 2481 ii

253 2500 329 2538 ipsi,
346 2499 402 2539 qui
425 2508 461 2530 ea
484 2498 630 2538 insigniti
651 2503 738 2535 sunt,
755 2495 806 2530 his
829 2499 935 2530 verbis
961 2499 1121 2538 signiﬁcat
1142 2500 1319 2538 Gregorius
1339 2511 1346 2530 :
1366 2500 1435 2540 «(ἀ)
1465 2500 1692 2539 Imperatores,
1710 2510 1881 2541 purpuram

255 2551 479 2583 revereamini.
492 2574 498 2581 .
513 2572 539 2581 ..
556 2551 745 2589 Cognoscite
764 2556 922 2591 quantum
941 2552 972 2584 id
993 2552 1052 2589 sit,
1070 2553 1156 2592 quod
1176 2558 1288 2584 vestrae
1307 2554 1380 2584 ﬁdei
1396 2554 1603 2585 commissum
1625 2559 1684 2591 est,
1703 2559 1880 2595 quantum-

255 2611 318 2642 que
334 2602 415 2634 circa
437 2610 492 2632 vos
514 2601 715 2641 mysterium.
738 2600 836 2632 Orbis
855 2602 1027 2632 universus
1045 2603 1155 2633 manui
1179 2607 1291 2634 vestrae
1311 2604 1476 2642 subjectus
1501 2609 1561 2640 est,
1588 2604 1770 2636 diademate
1785 2613 1884 2643 parvo

255 2660 352 2694 atque
374 2653 491 2694 exiguo
516 2661 621 2693 panno
640 2657 795 2685 retentus.
817 2653 937 2693 Supera
953 2654 1086 2693 quidem
1105 2655 1206 2686 solius
1221 2656 1281 2686 Dei
1298 2660 1391 2694 sunt;
1409 2648 1511 2687 infera
1533 2662 1639 2688 autem
1666 2653 1771 2688 vestra
1786 2657 1883 2688 etiam

255 2711 342 2738 sunt.
359 2706 500 2738 Subditis
513 2705 626 2737 vestris
643 2707 720 2738 deos
737 2715 792 2738 vos
807 2707 962 2746 prabete;
982 2706 1073 2738 liceat
1090 2707 1174 2738 enim
1195 2708 1346 2739 audacius
1363 2707 1483 2747 aliquid
1501 2708 1627 2740 dicere:
1646 2720 1660 2738 «
1677 2709 1738 2740 Cor
1753 2709 1838 2748 regis
1852 2710 1885 2739 in

256 2769 272 2787 α
293 2767 387 2789 manu
402 2759 460 2789 Dei
469 2758 577 2798 est",»
586 2761 618 2791 ut
633 2766 671 2789 ex
682 2756 840 2796 Scriptura
855 2756 1004 2788 audimus
1015 2765 1051 2789 ac
1061 2753 1234 2789 credimus.
1244 2750 1304 2788 Hic
1315 2758 1483 2788 imperium
1493 2763 1632 2790 vestrum
1644 2760 1697 2795 sit,
1707 2761 1884 2790 nonautem

295 2811 319 2828 "
331 2811 410 2839 Prov.
427 2819 472 2839 xxi
486 2832 494 2845 ,
511 2813 537 2840 1.

294 2859 331 2894 (a)
343 2858 390 2886 0r.
409 2859 454 2890 27.
466 2868 492 2887 n.
511 2860 538 2886 4.
1135 2858 1169 2892 (ε’)
1182 2857 1280 2894 Garm._
1296 2857 1329 2883 ad
1347 2856 1498 2894 Seleucum,
1511 2865 1537 2884 v.
1551 2856 1586 2884 55
1596 2861 1622 2884 et
1635 2863 1711 2890 seqq.

295 2859 331 2931 t2;
343 2859 538 2928 ﬁtfit."

1135 2859 1169 2892 (ε’)
1182 2859 1274 2884 Carm.
1296 2859 1329 2883 ad
1347 2859 1390 2884 Sel

1136 2893 1175 2928 (ά)
1187 2892 1232 2919 Or.
1247 2892 1292 2925 36,
1310 2901 1335 2919 ιι.
1348 2892 1390 2918 Η.
