2058 3128
142 157 193 186 135
635 159 821 187 ΡΒιΕῈΑἸῚΟ
840 159 954 187 GENER

959 159 1047 188 ALIS.
1068 175 1102 180 —
1121 159 1211 187 PAltS
1229 159 1272 187 ΙΙΙ.
1716 163 1767 191 154

140 216 174 246 in
190 223 270 246 auro
285 215 357 246 etin
368 215 572 248 exercitibus.
591 217 710 252 Aulici,
729 225 887 255 proceres,
898 225 933 247 ac
948 216 1145 247 sublimibus
1163 216 1286 247 thronis
1298 215 1545 255 etdignitatihus
1557 218 1712 257 insignes,
1729 228 1770 251 ne
1807 234 1811 238 -

141 266 182 296 ob
195 268 369 304 potentiam
394 276 584 307 magnopere
600 268 724 298 animos
741 267 891 303 efferatis,
912 276 969 298 nec
984 267 1024 297 de
1047 267 1233 298 mortalibus
1250 268 1344 298 rebus
1363 272 1516 308 tanquam
1532 269 1769 302 immortalibus

141 319 300 357 cogitetis.
315 319 424 349 Fidem
440 319 686 358 imperatoribus
702 323 836 354 servate,
853 319 908 349 sed
919 318 1006 357 prius
1018 319 1096 355 Deo,
1114 323 1240 358 propter
1253 327 1350 352 auem
1364 319 1414 350 his
1433 321 1527 351 etiam
1547 322 1667 361 quibus
1683 331 1771 354 com-

142 368 230 399 missi
249 371 279 398 et
296 369 399 398 traditi
413 370 499 399 estis.
515 380 529 396 ιο
1555 377 1561 382 ·

181 417 434 448 Ecclesiaslicam
454 421 642 456 potestatem
679 416 835 454 agnoscit,
852 416 967 456 hisque
985 416 1090 447 verbis
1113 425 1218 447 coram
1249 416 1394 456 praefecto
1411 418 1583 456 provincias
1610 421 1761 458 praadicat

142 471 172 498 et
189 471 321 499 tuetur:
340 479 353 494 α
369 466 409 506 (a)
426 468 491 498 Vos
507 475 638 506 quoque
663 466 799 504 imperio
823 475 893 495 meo
917 475 954 496 ac
973 466 1088 496 throno
1112 465 1162 496 lex
1183 465 1302 496 Christi
1323 467 1463 506 subjicit.
1480 468 1652 507 Imperium
1680 471 1768 502 enim

142 525 202 547 nos
229 526 361 557 quoque
386 517 547 556 gerimus;
569 516 651 547 addo
675 517 768 546 etiam
793 514 996 554 praestantius
1021 523 1057 544 ac
1088 515 1260 553 perfectius
1277 526 1286 544 :
1305 517 1367 546 nisi
1391 525 1466 547 vero
1486 526 1613 558 aequum
1637 519 1678 549 sit
1703 521 1770 559 spi-

142 566 237 596 ritum
266 567 366 601 carni,
383 571 413 597 et
431 567 570 597 caelestia
599 565 734 597 terrenis
762 565 888 596 cedere.
903 576 917 592 η
940 565 1002 596 Nec
1021 566 1128 595 minus
1147 569 1251 596 tamen
1275 565 1478 605 principibus
1505 569 1679 606 parendum
1697 578 1768 601 esse

141 617 232 647 docet
248 616 288 656 (b)
306 627 313 646 :
333 617 590 647 «Submittamus
619 624 693 652 nos,
715 620 781 646 tum
812 617 892 651 Deo,
910 619 975 645 tum
1002 615 1054 645 alii
1075 615 1159 650 aliis,
1178 619 1242 645 tum
1274 615 1314 646 iis
1343 616 1397 656 qui
1416 617 1447 646 in
1465 618 1557 648 terris
1591 618 1766 658 imperium

141 667 278 702 gerunt:
297 665 361 695 Deo
381 667 511 704 quidem
542 665 693 695 omnibus
721 666 760 696 de
790 665 907 699 causis,
926 664 981 694 alii
997 669 1104 696 autem
1120 666 1192 696 aliis
1212 670 1341 704 propter
1357 667 1522 697 charitatis
1534 667 1636 698 flEdUS
1656 679 1664 698 :
1681 670 1769 708 prin-

140 715 264 754 cipibus
292 715 441 754 denique,
473 719 600 754 propter
624 715 769 746 ordinem
802 714 1001 754 publicaeque
1028 715 1206 755 disciplinae
1232 716 1411 754 rationem;
1430 716 1528 756 idque
1559 722 1646 749 tanto
1671 720 1766 750 etiam

141 766 252 804 magis,
271 770 390 805 quanto
405 766 605 798 facilioribus
623 767 689 797 illis
706 775 742 797 ac
757 765 1004 804 benignioribus
1022 765 1157 797 utimur.
1179 778 1193 794 »
1438 767 1439 772 ‘

589 829 633 858 De
648 828 826 859 hicrarchia
846 831 872 857 et
888 826 1033 857 ca'libatu
1047 828 1311 867 presbyterorum.
1343 855 1350 862 .

178 879 270 916 Quod
288 879 399 910 attinet
416 878 637 914 hierarchiam,
656 879 710 909 ubi
736 879 908 918 Gregorius
935 879 976 909 de
1002 879 1088 909 clero
1106 879 1462 918 Constantinopolitano
1483 879 1578 910 verba
1594 879 1681 915 facit,
1698 880 1766 920 epi-

139 937 322 969 scoporum,
345 929 615 968 presbyterorum,
633 929 840 960 diaconorum
869 932 900 960 et
917 929 1070 960 lectorum
1102 932 1222 958 tantum
1252 929 1398 960 meminit
1417 929 1465 970 (c).
1480 941 1494 958 ιι
1508 931 1586 964 Vide
1604 933 1768 972 presbyte-

144 988 251 1010 rorum
282 979 466 1016 concilium,
493 981 609 1012 canitie
626 984 657 1011 et
678 981 846 1019 prudentia
875 983 1073 1016 ornatorum,
1090 979 1298 1010 diaconorum
1324 981 1578 1013 modestiam.....
1611 983 1765 1015 lectorum

138 1028 426 1060 concinnitatem.»
455 1030 577 1061 Primos
606 1031 639 1061 in
664 1031 839 1062 hierarchia
865 1029 1078 1061 ecclesiastica
1104 1030 1221 1068 gradus
1249 1030 1405 1070 episcopi,
1427 1033 1589 1063 secundos
1612 1037 1768 1072 occupant

138 1081 320 1111 sacerdotes
337 1089 344 1108 :
361 1080 399 1110 ad
419 1081 639 1119 episcopatum
661 1089 724 1111 non
742 1080 804 1111 nisi
835 1089 891 1120 per
907 1080 1077 1111 inferiores
1095 1081 1211 1118 gradus
1227 1081 1472 1112 ascendebatur.
1489 1082 1640 1118 Qnandiu
1656 1083 1768 1114 Eccle-

138 1130 185 1160 sia
201 1130 321 1167 ﬂoruit,
346 1133 375 1161 et
405 1131 495 1169 vigor
512 1131 706 1170 disiciplinte
733 1131 820 1162 stetit
848 1131 1032 1166 incolumis,
1046 1131 1196 1170 quisquis
1211 1131 1249 1161 ad
1266 1139 1453 1169 supremum
1472 1132 1643 1163 sacerdotii
1661 1132 1767 1164 hono-

138 1188 205 1210 rem
235 1181 473 1218 promovendus
498 1185 577 1218 erat,
603 1182 643 1212 ob
668 1181 843 1211 sanctitatis
864 1180 1013 1210 meritum
1032 1180 1268 1217 assumebatur,
1286 1189 1322 1211 ac
1340 1181 1512 1219 diligenter
1529 1183 1568 1213 de
1595 1183 1665 1222 ejus
1690 1183 1765 1218 vita,

138 1228 283 1258 moribus
299 1231 329 1259 et
344 1229 487 1261 doctrina
501 1230 740 1269 exquirebatur.
758 1231 878 1260 Verum
895 1237 960 1268 quo
980 1233 1122 1267 tempore
1141 1230 1276 1262 nefanda
1294 1231 1488 1262 Arianorum
1509 1231 1640 1263 haeresis
1658 1233 1766 1263 omnia

137 1277 278 1313 miscuit,
297 1278 348 1309 hic
376 1280 454 1309 ordo
484 1281 702 1318 perturbatus,
732 1280 924 1311 conculcataa
952 1281 1051 1320 leges.
1068 1282 1151 1312 Hinc
1174 1281 1237 1312 illae
1263 1283 1409 1321 Gregorii
1435 1283 1576 1322 querelae
1592 1283 1634 1323 (ά)
1650 1293 1658 1312 z
1676 1284 1767 1314 «Nos

136 1337 213 1360 vero
229 1335 373 1367 cunctos,
393 1331 484 1362 facile
503 1331 697 1362 collocamus
726 1331 759 1361 in
786 1330 964 1361 antistitum
985 1331 1078 1367 solia,
1100 1332 1195 1362 modo
1213 1332 1273 1371 ipsi
1287 1333 1408 1363 velint:
1426 1341 1631 1373 nequaquam
1653 1342 1765 1364 recen-

135 1381 230 1419 tium,
254 1387 307 1413 aut
331 1382 521 1421 priscorum,
543 1381 590 1412 vel
608 1382 751 1412 actiones
779 1381 1033 1417 considerantes,
1063 1381 1112 1411 vel
1136 1381 1326 1418 doctrinam,
1346 1382 1393 1413 vel
1412 1383 1759 1415 conversationem.....

135 1431 206 1462 Non
225 1440 280 1462 eos
296 1433 455 1463 antistites
471 1433 620 1469 facimus,
640 1432 695 1471 qui
716 1431 825 1470 aliquo
843 1433 993 1471 temporis
1013 1433 1116 1471 spatio
1131 1432 1252 1463 fuerint
1276 1433 1469 1469 examinati;
1488 1434 1544 1463 sed
1569 1434 1623 1472 qui
1640 1437 1766 1465 suomet

132 1483 257 1522 judicio
278 1483 364 1522 digni
380 1483 539 1514 videntur.
554 1495 568 1510 ››
586 1483 670 1512 Hinc
688 1485 748 1512 tant
768 1482 886 1518 tristes,
905 1486 966 1513 tam
987 1483 1140 1513 luctuosae
1158 1483 1255 1523 hujus
1274 1483 1427 1521 temporis
1444 1485 1667 1522 episcoporum
1684 1483 1767 1514 ima-

135 1536 240 1574 gines.
257 1539 319 1566 tam
336 1534 436 1574 nigris
457 1534 621 1564 coloribus
648 1533 686 1563 ab
715 1533 786 1572 ipso
803 1533 835 1562 in
862 1533 1056 1563 carminibus
1073 1534 1256 1564 elformatte.
1271 1533 1322 1564 Sic
1337 1534 1369 1564 in
1385 1534 1529 1564 oratione
1543 1533 1583 1564 de
1599 1533 1660 1565 hoc
1673 1542 1767 1572 argn-

135 1589 244 1617 mento
265 1584 300 1625 (ε)
321 1595 328 1615 :
346 1596 361 1612 at
375 1585 521 1615 Aliorum
552 1593 601 1614 me
632 1583 758 1621 puduit,
775 1583 830 1623 qui
857 1591 929 1613 cum
955 1583 1119 1623 plerisque
1137 1584 1239 1615 nihilo
1270 1580 1420 1616 meliores
1436 1585 1514 1621 sint,
1531 1589 1627 1623 atque
1643 1584 1765 1615 utinam

136 1644 200 1666 non
221 1636 316 1666 etiam
347 1635 445 1665 multo
462 1635 599 1674 pejores,
620 1633 733 1671 illotis,
752 1637 786 1663 ut
803 1632 864 1663 dici
885 1633 978 1670 solet,
996 1634 1156 1670 manibus.
1182 1635 1393 1676 profanisque
1417 1636 1535 1667 animis
1551 1635 1583 1665 in
1601 1635 1767 1666 sanctissi-

136 1694 187 1716 ma
205 1685 355 1725 mysteria
372 1693 442 1716 sese
460 1685 612 1721 inferunt,
625 1693 660 1714 ac
674 1684 859 1724 priusquam
875 1682 967 1722 digni
986 1683 1062 1721 sint,
1079 1685 1136 1724 qui
1153 1685 1191 1716 ad
1207 1694 1257 1716 res
1279 1694 1384 1716 sacras
1400 1687 1560 1725 accedant,
1580 1688 1763 1718 sacrarium

135 1737 244 1776 ipsum
265 1737 424 1771 ambiunt,
441 1740 472 1766 et
490 1735 606 1766 circum
637 1739 868 1766 sacrosanctam
899 1744 1042 1767 mensam
1066 1743 1136 1766 sese
1169 1735 1306 1766 invicem
1327 1740 1476 1775 premunt
1494 1746 1530 1768 ac
1559 1737 1763 1775 protrudunt,

135 1791 288 1827 tanquam
304 1795 367 1816 non
385 1786 513 1816 virtutis
537 1785 734 1824 exemplum,
757 1786 811 1816 sed
830 1785 934 1816 victus
954 1786 1084 1824 parandi
1108 1785 1308 1816 occasionem
1327 1789 1358 1817 et
1373 1786 1556 1816 subsidium
1576 1786 1662 1817 hunc
1680 1786 1765 1816 ordi-

136 1846 210 1868 nem
232 1847 303 1868 esse
323 1838 517 1877 judicantes,
534 1846 569 1868 ac
597 1845 662 1868 non
692 1845 810 1868 munus
839 1835 1015 1866 referendis
1043 1835 1220 1866 rationibus
1251 1835 1443 1873 obnoxium,
1461 1835 1517 1866 sed
1534 1835 1704 1874 imperium
1723 1835 1764 1866 ab

136 1886 224 1917 omni
240 1894 374 1917 censura
391 1885 547 1916 immune.
559 1896 574 1913 in

176 1935 211 1966 In
227 1936 357 1968 Oriente
377 1936 554 1975 presbyteri
572 1943 634 1967 non
653 1939 714 1967 tam
732 1937 841 1968 stricte
865 1937 986 1968 caelibis
1015 1936 1086 1967 vita)
1103 1937 1203 1975 legem
1231 1937 1421 1967 observasse
1440 1936 1600 1972 videntur,
1623 1935 1702 1976 quin
1721 1935 1760 1966 ah

136 1994 173 2016 ea
190 1986 289 2026 aliqui
307 1987 504 2022 recederent,
521 1987 607 2026 quod
634 1987 704 2026 ipse
727 1987 885 2026 signiﬁcat
901 1987 1089 2026 Gregorius.
1110 1987 1166 2017 ubi
1197 1987 1308 2017 scribit
1327 1994 1398 2017 esse
1413 1986 1569 2025 quosdam
1585 1985 1642 2024 qui
1659 1985 1763 2024 bapti-

136 2043 240 2066 smum
257 2037 297 2067 ab
314 2045 353 2067 eo
377 2037 564 2076 presbytero
579 2037 677 2067 velint
692 2037 868 2076 suscipere,
885 2036 923 2077 (/')
940 2037 1021 2076 «qui
1036 2036 1149 2068 cwlebs
1165 2036 1219 2074 sit,
1236 2036 1293 2076 qui
1320 2036 1527 2067 continentiae
1539 2035 1634 2067 laude
1665 2039 1762 2075 atque

137 2086 278 2126 angelica
295 2087 424 2119 vivendi
441 2088 564 2119 ratione
579 2088 702 2120 ﬂoreat.
718 2099 732 2115 ››

743 2149 787 2179 De
802 2148 905 2179 causis
921 2146 1147 2177 ecclesiasticis.

176 2198 348 2230 Causarum
367 2199 654 2231 ecclesmsticarum
668 2199 796 2239 judices
811 2201 902 2229 erant
918 2197 1084 2236 episcopi;
1101 2201 1132 2228 et
1146 2206 1173 2228 ει
1191 2197 1319 2237 quando
1335 2206 1386 2228 res
1408 2197 1630 2229 ecclesiasticas
1651 2199 1756 2238 publi-

136 2251 182 2281 cis
200 2252 355 2290 prtetoriis
380 2251 638 2286 traducebantur,
655 2251 686 2280 id
705 2258 788 2288 tegre
808 2248 964 2283 ferebant,
982 2252 1013 2278 et
1039 2248 1156 2279 exinde
1173 2248 1394 2288 querimonias
1413 2247 1637 2288 apudjudices
1658 2248 1756 2280 hahe~

135 2301 223 2336 bant,
241 2305 276 2332 ut
301 2301 434 2340 epistola
449 2301 594 2340 Gregorii
609 2301 649 2331 de
663 2299 813 2339 episcopo
836 2299 1015 2339 Bospliorio
1038 2302 1224 2338 argumento
1241 2301 1300 2329 est.
1318 2298 1431 2328 «Hanc
1448 2297 1517 2335 tibi,
1531 2309 1546 2326 ι
1562 2299 1668 2338 inquit
1684 2299 1761 2330 scri—

135 2351 215 2382 bens
228 2351 375 2383 Nectario
392 2350 446 2391 (g),
463 2362 478 2380 α
493 2351 706 2390 precationem
722 2358 824 2380 ausus
839 2358 912 2380 Sum
928 2350 1044 2380 offerre
1059 2358 1117 2389 pro
1137 2348 1406 2380 reverendissimo
1432 2348 1583 2388 episcopo
1609 2349 1757 2388 Bospho-

135 2401 248 2432 rio.....
276 2401 531 2432 Controversiam
548 2404 632 2432 certe
659 2400 698 2431 de
727 2400 1055 2431 circummaneutibus
1075 2403 1217 2431 exortam
1235 2399 1304 2438 ipse
1330 2399 1482 2430 nimirum
1499 2398 1758 2438 dissolvesjuxta

135 2451 272 2490 Spiritus
291 2452 438 2490 gratiam,
454 2461 525 2492 qum
552 2452 586 2482 in
615 2455 645 2482 te
662 2453 722 2487 est,
739 2454 771 2482 et
788 2459 946 2481 canonum
961 2455 1115 2482 tenorem.
1131 2449 1216 2480 Illud
1234 2452 1340 2480 autem
1360 2449 1494 2480 minime
1508 2449 1678 2480 ferendum
1696 2453 1759 2480 tua)

134 2503 321 2533 reverentia
337 2503 494 2539 videatur,
510 2503 597 2543 quod
612 2506 720 2533 nostra
736 2500 873 2541 publicis
889 2500 1047 2539 praetoriis
1078 2499 1294 2530 traducantur.
1318 2499 1395 2530 Nam
1428 2499 1552 2530 tametsi
1582 2499 1646 2530 sint
1669 2499 1758 2529 Chri—

133 2553 243 2586 stiani.
261 2556 295 2583 ut
307 2556 392 2584 certe
407 2554 465 2585 Dei
483 2553 682 2592 benignitate
697 2556 784 2588 sunt,
801 2552 959 2591 ejusmodi
978 2551 1182 2590 negotiorum
1197 2550 1344 2590 judices;
1363 2549 1442 2590 quid
1463 2557 1634 2581 commune
1649 2549 1756 2588 gladio

133 2607 163 2633 et
185 2604 337 2641 spiritui?
365 2604 457 2641 Quod
485 2605 512 2635 si
545 2605 639 2636 etiam
666 2601 934 2637 concesserimus,
953 2600 1114 2641 quomodo
1131 2603 1184 2631 aut
1202 2600 1330 2631 ubinam
1344 2599 1485 2639 justum,
1502 2599 1754 2638 disputationem

133 2653 173 2684 de
188 2652 249 2684 (ide
264 2661 336 2684 cum
349 2653 420 2684 aliis
436 2654 662 2686 controversiis
678 2651 876 2693 implicari?»
892 2651 985 2687 Quod
1007 2650 1065 2681 hac
1081 2651 1216 2690 epistola
1233 2650 1414 2690 postulabat
1431 2650 1620 2689 Gregorius,
1636 2657 1754 2681 conse-

179 2769 207 2802 ᾳ)
223 2768 270 2797 0r.
290 2769 334 2802 I7,
346 2777 374 2796 n.
389 2769 417 2797 8.

1011 2765 1042 2801 te)
1118 2765 1147 2802 ᾖ
1161 2773 1188 2792 ιι.
1202 2765 1229 2802 8τ

179 2797 205 2836 6;
222 2804 300 2836 Ibid.,
314 2797 340 2831 n’.
357 2805 383 2831 6.

1009 2797 1040 2836 (fl
1055 2801 1102 2836 ρι’.
1118 2799 1263 2836 40,}t‘126.

193 2834 265 2880 9r.
279 2834 326 2870 η,
339 2839 425 2880 ηειιι.
448 2850 454 2855 ·
571 2873 578 2880 _
589 2873 610 2880 ,_
631 2873 646 2880 ,,
728 2873 761 2880 -,.

417 2858 425 2867 ’
448 2850 454 2855 ’
571 2873 610 2880 ...
631 2873 646 2880 ..
728 2873 761 2880 η
1009 2834 1043 2872 (‘9)
1057 2835 1106 2870 Ep.
1117 2836 1151 2863 al.
1168 2834 1229 2861 227.

168 2873 206 2910 (ά)
218 2874 309 2902 Carm.
329 2875 390 2902 adv.
405 2881 499 2909 episc.,
509 2873 580 2901 apud
589 2873 670 2906 Toll.,
684 2881 709 2908 p.
728 2873 773 2900 59.
