2058 3128
276 154 326 182 I35
766 148 951 177 ΡιιιΕιτΑτιο
970 149 1088 177 (ἓΕΝΕῐίη

1084 149 1175 177 Αιδιδ.
1204 165 1232 170 -
1250 149 1339 177 PARS
1359 149 1403 178 ΙΙΙ.
1847 153 1896 180 156

258 214 368 243 ‘eutus
382 211 520 246 videtur,
536 209 804 249 occasionemque
827 208 954 239 dedisse
973 209 1126 247 rescripto
1156 208 1342 245 Theodosii,
1366 209 1439 240 dato
1458 209 1475 239 ιι
1503 209 1594 240 Febr.
1620 217 1672 240 au.
1687 210 1747 241 381t-
1762 210 1810 241 vel
1825 211 1896 248 385,

282 262 320 293 ad
335 261 487 300 Optatum
504 260 630 300 Egypti
643 259 838 299 praefectum,
858 268 923 299 quo
938 259 1090 295 sancitur,
1107 270 1122 286 α
1139 258 1180 298 (α)
1194 268 1232 289 ne
1252 267 1368 289 nomen
1389 259 1624 298 episcoporum,
1641 259 1690 290 vel
1717 268 1826 291 eorum
1842 261 1898 300 qui

273 314 425 344 Ecclesim
456 311 702 343 necessitatibus
731 310 889 346 Serviunt,
922 309 962 340 ad
984 309 1103 348 judicia
1129 309 1199 340 sive
1227 308 1465 339 ordinariorum
1484 308 1552 340 sive
1568 309 1896 340 extraordinariorum

275 364 490 403 pertrahatur.
508 360 634 392 Habent
650 361 696 391 illi
709 360 838 399 judices
854 368 945 397 suos,
959 367 1019 390 nec
1035 359 1212 398 quidquam
1231 359 1280 389 his
1296 359 1434 398 publicis
1455 368 1625 390 commune
1640 369 1712 391 cum
1742 361 1867 400 legibus
1885 373 1893 393 :

275 417 431 452 quantum
448 413 486 443 ad
505 419 615 442 causas
633 415 738 441 tamen
753 410 987 441 ecclesiasticas
1012 410 1161 448 pertinet,
1173 419 1254 448 quas
1281 411 1370 440 decet
1385 409 1556 449 episcopali
1572 411 1757 442 auctoritate
1771 412 1889 443 decidi.

274 463 527 502 Quibuscunque
555 461 651 500 igitur
672 464 755 491 mota
780 460 877 492 fuerit
904 462 1038 500 quaestio
1055 470 1126 501 quae
1141 463 1180 492 ad
1197 460 1408 492 Christianam
1427 462 1583 500 pertineat
1603 462 1814 497 sanctitatem,
1838 471 1894 494 eos

274 512 399 544 decebit
413 513 474 543 sub
493 521 531 544 eo
545 512 655 553 judice
672 511 809 551 litigare,
826 512 882 552 qui
908 514 1023 552 prmsul
1041 514 1137 544 estin
1154 514 1223 544 suis
1243 511 1387 551 partibus
1405 511 1550 543 omnium
1569 512 1781 548 sacerdotum,
1797 523 1812 541 ι
1830 517 1891 544 etc.

859 563 899 593 De
913 563 1092 603 virginibus
1108 568 1135 594 et
1152 563 1320 593 monachis.

313 611 480 642 Notatione
497 613 629 652 dignum
649 613 787 644 maxime
803 614 890 653 quod
907 614 953 644 ait
970 615 1147 652 Gregorius
1165 614 1203 644 de
1220 613 1399 652 viaginibus
1418 613 1486 644 Deo
1514 613 1718 649 consecratis,
1735 614 1838 654 deque
1857 614 1897 645 iis

274 662 436 697 omnibus,
450 662 504 701 qui
523 667 594 702 post
610 668 792 702 nuncupata
809 665 873 694 Deo
892 667 974 702 vota,
994 664 1152 704 promissa
1179 671 1243 694 non
1259 667 1370 694 curant
1389 663 1584 702 persolvere,
1596 671 1650 696 aut
1675 667 1812 705 graviter
1827 666 1896 698 oili-

274 714 357 744 cium
377 715 553 745 deserant:

503 765 540 799 (ὁ)
554 765 604 798 Qui
622 765 804 799 virginitatem
823 764 929 791 Christo
943 765 998 799 regi
1017 764 1125 795 obtulit,
1143 767 1149 789 :

503 800 642 827 Rationale
657 799 832 831 sacriﬁcium,
852 800 987 826 victimam
1005 800 1183 830 incruentam,

503 835 614 869 Nuptias
630 835 651 861 si
668 835 792 868 deinceps
808 835 955 868 quaesierit,
975 842 1026 860 non
1039 835 1143 868 jactura
1159 839 1262 861 tantum
1284 834 1338 865 illi,
1349 841 1441 861 verum
1460 835 1634 870 gravissimus

501 870 548 896 Est
565 878 653 900 casus,
669 870 747 895 morti
765 870 913 903 proximus,
925 877 956 896 ac
972 876 1102 903 pneterea
1116 869 1291 903 opprobrium
1307 869 1483 897 ittdelebile.I.

502 906 568 938 Quis
584 913 648 931 vero
666 905 778 930 audiens
793 904 952 938 Sappltiratu
970 905 1104 931 infelicem
1120 910 1146 930 et
1160 905 1293 931 Ananiam

502 939 587 966 Lucro
602 941 647 974 qui
665 947 714 966 suo
731 939 829 965 malum
845 943 957 965 mortem
971 944 1170 966 commularttnt
1180 939 1213 970 ⁵⁷,

501 974 559 1001 Non
575 980 698 1002 vereatur
713 974 753 1000 vel
769 974 864 1000 leviter
884 974 1014 1007 promissa
1034 974 1153 1000 violare?

504 1009 634 1044 Regulam
649 1010 728 1035 etiam
743 1010 802 1042 quis
814 1016 922 1035 auream
936 1017 996 1035 cum
1015 1009 1105 1035 furtim
1122 1009 1302 1043 subripuisset

502 1045 523 1072 Ε
537 1045 625 1079 pupnli
642 1045 814 1079 primoribus,
833 1044 917 1070 inscio
934 1045 1018 1074 duce,

501 1078 610 1106 Vestem
625 1078 652 1107 et
667 1080 787 1113 pecunia:
803 1080 953 1111 modicum;
974 1080 1021 1105 toti
1038 1078 1130 1106 nocuit
1147 1078 1253 1112 populo.

503 1115 575 1141 Talis
592 1120 642 1147 est,
655 1115 700 1148 qui
718 1114 898 1149 virginitatem
912 1114 1060 1148 aiuplexus,
1083 1119 1155 1141 retro
1167 1114 1300 1148 graditur;
1315 1118 1360 1141 aut
1371 1115 1451 1142 etiam
1468 1115 1593 1142 deterior.

315 1160 463 1191 Nazianzi
490 1161 717 1192 monachorum
749 1161 897 1192 exercitia
918 1162 964 1191 sic
981 1161 1136 1191 describit
1152 1161 1326 1199 Gregorius
1345 1161 1382 1200 (ε)
1402 1173 1408 1192 :
1426 1173 1441 1190 «
1458 1162 1594 1200 Vigilim,
1621 1163 1755 1202 jejunia,
1774 1172 1895 1203 preces,

277 1210 433 1252 Iarerymao,
459 1211 575 1242 callosa
604 1220 720 1251 genua,
747 1212 883 1252 pectoris
912 1211 1227 1248 conVerberationes,
1245 1212 1421 1251 suspirium
1451 1221 1488 1243 ex
1518 1213 1582 1243 imo
1604 1221 1749 1250 manans,
1769 1223 1891 1252 pernox

250 1272 258 1282 -
275 1251 384 1297 st‘atio,
401 1261 517 1292 mentis
542 1262 580 1293 ad
611 1263 711 1294 Deum
735 1251 962 1302 peregrinatio,
981 1263 1087 1293 tenuis
1109 1263 1192 1293 inter
1206 1262 1360 1293 orandum
1376 1262 1481 1297 ﬂetus,
1496 1262 1697 1294 audientium
1714 1251 1840 1295 animos
1855 1266 1892 1296 ad

276 1313 555 1352 compunctionem
571 1313 721 1349 incitans,
736 1312 922 1352 psallentes,
940 1312 996 1342 Dei
1014 1313 1146 1351 gloriam
1160 1312 1368 1348 celebrantes,
1388 1313 1488 1350 legem
1504 1311 1633 1342 Domini
1659 1311 1715 1342 diu
1732 1317 1894 1353 noctuque

278 1363 480 1399 meditantes,
508 1363 717 1394 exaltatioues
742 1363 800 1393 Dei
830 1363 862 1393 in
885 1363 1069 1401 gutturibus
1082 1367 1105 1383 ³⁸
1119 1363 1278 1396 ferentes;
1303 1365 1399 1401 atque
1423 1362 1489 1392 hac
1517 1362 1611 1392 etiam
1632 1362 1702 1392 vitae
1719 1363 1785 1393 Deo
1801 1367 1896 1401 gratas

278 1412 409 1451 pulchra
428 1412 545 1442 indicia
558 1416 588 1443 et
603 1417 800 1452 argumenta,
819 1413 970 1452 tacitique
986 1421 1160 1451 praecones,
1172 1412 1300 1443 sordida
1312 1412 1463 1442 nimirum
1482 1415 1512 1442 et
1524 1412 1671 1451 squalida
1684 1420 1785 1448 coma,
1800 1414 1895 1452 pedes

277 1463 370 1498 nudi,
388 1466 418 1494 et
430 1464 622 1502 apostolicos
635 1463 809 1498 imitantes,
826 1462 906 1493 nihil
927 1466 1089 1494 mortuum
1109 1463 1263 1499 ferentes,
1283 1466 1353 1501 apta
1366 1466 1397 1492 et
1415 1462 1578 1492 moderata
1603 1465 1744 1499 tonsura,
1759 1462 1894 1493 amictus

276 1511 392 1543 fastum
407 1522 568 1550 coercens,
582 1522 660 1544 zona
681 1514 721 1544 ob
735 1517 867 1544 ornatus
884 1512 1063 1551 neglectum
1079 1513 1161 1544 culta
1179 1516 1209 1543 et
1228 1516 1404 1544 ornata.....
1418 1513 1531 1544 oculus
1549 1513 1680 1544 minime
1696 1522 1805 1552 vagus,
1820 1514 1897 1544 sub-

278 1563 362 1593 risus
391 1563 592 1596 blandus.....
614 1565 779 1595 silentium
799 1572 949 1595 sermone
977 1563 1190 1601 praestantius,
1219 1563 1359 1594 laudatio
1375 1563 1442 1594 sale
1458 1564 1597 1599 condita,
1615 1572 1677 1593 non
1705 1563 1743 1593 ad
1772 1563 1897 1594 blandi-

278 1616 338 1646 tias
362 1620 552 1654 comparata,
570 1615 625 1646 sed
645 1615 683 1646 ad
707 1615 838 1646 meliora
863 1614 1017 1652 dirigens,
1038 1612 1219 1652 objurgatio
1248 1613 1431 1645 laudatione
1443 1613 1682 1652 optabilior.....
1701 1613 1814 1643 modus
1829 1617 1895 1644 tum

278 1666 310 1696 in
330 1674 501 1697 commune
530 1665 720 1704 prodeundi,
742 1670 808 1696 tum
826 1665 1009 1702 secedendi,
1029 1665 1090 1696 hoc
1114 1668 1147 1696 ut
1162 1665 1225 1704 ipsi
1250 1664 1387 1704 Spiritus
1401 1664 1562 1703 mysteriis
1580 1663 1783 1700 imbuantur;
1798 1667 1894 1703 atque

277 1717 319 1747 ita
335 1719 523 1755 utrumque,
539 1720 574 1747 ut
603 1719 633 1747 et
661 1716 694 1746 in
723 1716 884 1746 communi
915 1716 1122 1747 solitudinem
1141 1719 1284 1753 servent,
1303 1719 1333 1745 et
1352 1715 1384 1744 in
1413 1713 1587 1745 solitudine
1610 1713 1777 1744 fraternam
1796 1713 1896 1743 bette-

278 1766 448 1797 volentiam
464 1770 495 1797 et
510 1766 711 1803 charitatem;
728 1770 770 1803 et,
784 1775 856 1806 quae
871 1766 921 1797 his
935 1766 1038 1797 adhuc
1060 1766 1176 1805 majora
1191 1769 1221 1796 et
1238 1765 1426 1796 sublimiora
1452 1768 1539 1800 sunt,
1557 1773 1635 1804 opes
1654 1764 1686 1793 in
1701 1767 1896 1802 paupertate,

277 1817 438 1855 possessio
455 1817 486 1847 in
507 1817 774 1856 peregrinatione,
793 1816 893 1855 gloria
909 1817 939 1847 in
957 1821 1154 1856 contemptu,
1172 1815 1311 1856 potentia
1330 1815 1363 1845 in
1378 1814 1571 1850 inﬁrmitate,
1589 1814 1766 1844 fecunditas
1785 1813 1817 1843 in
1837 1821 1897 1843 cm.

279 1868 389 1904 libatu,
411 1867 569 1907 siquidem
592 1868 818 1907 prestantiores
834 1868 917 1899 fetus
934 1868 980 1898 illi
1000 1871 1087 1902 sunt,
1104 1867 1161 1906 qui
1178 1866 1355 1896 secundum
1380 1865 1480 1894 Deum
1503 1863 1674 1898 exsistunt,
1691 1871 1786 1901 quant
1805 1861 1859 1900 qui
1877 1869 1894 1891 a

276 1925 371 1952 carne
386 1922 489 1949 ortum
505 1918 626 1950 ducunt
643 1930 651 1950 :
669 1920 723 1957 qui
743 1919 868 1949 deliciis
886 1919 1017 1948 minime
1036 1917 1166 1947 studere
1192 1925 1247 1955 pro
1263 1915 1386 1946 deliciis
1415 1914 1554 1950 habent;
1569 1913 1624 1953 qui
1644 1913 1731 1952 regni
1758 1913 1896 1943 caelestis

276 1976 371 1999 causa
386 1969 522 2001 humiles
540 1973 625 2008 sunt,
642 1970 699 2009 qui
717 1969 797 2000 nihil
814 1970 847 2000 in
866 1969 985 2001 mundo
1005 1970 1122 2000 habent
1141 1972 1171 2000 et
1191 1975 1287 2006 supra
1303 1966 1458 1996 mundum
1476 1964 1647 2000 θιείδιιιηῐ,
1664 1963 1721 2002 (ιυὶ
1740 1962 1834 1994 eliam
1857 1961 1890 1992 in

276 2027 368 2049 carne
387 2022 474 2049 extra
494 2028 619 2050 carnem
645 2021 768 2057 vivunt,
785 2021 841 2060 qui
871 2029 926 2059 pro
945 2022 1093 2060 portione
1119 2022 1222 2051 Deum
1252 2017 1382 2051 habent,
1399 2015 1455 2055 qui
1481 2018 1610 2054 propter
1626 2021 1759 2053 regnum
1784 2011 1895 2052 inopia

277 2067 429 2106 laborant,
447 2073 476 2099 et
495 2073 621 2108 prepter
637 2070 777 2108 inottiam
795 2075 937 2109 regnant.
954 2084 968 2100 υ

316 2119 361 2149 De
376 2119 540 2150 monachis
559 2123 590 2151 et
609 2120 785 2159 virginibus
801 2122 867 2152 Deo
891 2123 988 2153 sacris
1006 2123 1053 2154 sic
1069 2123 1183 2152 iterum
1201 2121 1234 2151 in
1251 2119 1390 2151 carmine
1415 2117 1551 2150 iambico
1573 2117 1615 2156 (ἁ)
1634 2128 1640 2146 :

627 2170 679 2198 Sed
694 2171 764 2206 quod
777 2179 884 2205 seraper
899 2180 930 2199 ac
943 2173 1067 2200 omnibus
1084 2172 1254 2199 notissimum
1268 2174 1319 2202 est,

628 2206 722 2241 ρει-1115
737 2207 874 2233 insomnes
892 2208 1024 2241 virginum
1042 2207 1216 2241 psalmodias,

625 2240 748 2268 Virorum
766 2250 798 2268 ac
811 2240 951 2268 mulierum
969 2240 1071 2269 natura:
1084 2242 1229 2268 oltlitorum
1243 2260 1250 2270 ,

625 2277 696 2309 Quot
708 2281 735 2303 et
745 2277 864 2310 qualiutu
875 2278 882 2303 ‘.
895 2285 974 2312 quam
992 2278 1025 2303 ad
1040 2277 1213 2303 Divinilatem
1224 2274 1419 2312 _:tccetlentiutu

626 2313 816 2338 Cotteiuentcm
831 2317 858 2339 et
871 2310 973 2346 angelis
987 2312 1191 2346 respondentem
1207 2310 1318 2337 chorum

631 2346 779 2380 Duplieem,
799 2347 824 2373 iu
839 2348 909 2373 cudo
922 2353 948 2373 et.
962 2348 986 2373 in
1001 2352 1070 2373 terra
1085 2347 1248 2375 ordinatum,

628 2381 730 2408 Divina:
744 2382 908 2409 laudatorem
926 2382 1072 2416 majestatis
1089 2387 1116 2407 et
1131 2386 1245 2407 naturae.

277 2425 347 2456 Non
363 2433 425 2456 una
441 2426 586 2456 omnium
611 2427 772 2466 virginum
791 2428 864 2464 vita,
883 2428 1060 2466 eademque
1080 2426 1205 2456 vivendi
1224 2426 1367 2456 instituta
1391 2435 1398 2454 :

538 2476 571 2513 (ε)
586 2477 618 2503 Al
633 2477 682 2512 μὲν
697 2478 847 2513 ὁμηγερέες
865 2478 941 2513 ξυνὸν
956 2478 1036 2504 πόθον
1049 2476 1234 2513 ἀμνφιέπουσαι

624 2512 754 2546 Οὐρανίού
772 2512 855 2547 ζωῆς,
871 2512 917 2540 ἶσα
931 2522 960 2539 τε
979 2512 1064 2548 μέτρα
1083 2512 1151 2546 βίον.

279 2558 355 2587 Alite
372 2558 502 2597 quidem
520 2559 618 2590 simul
633 2564 841 2598 congregata,
865 2561 924 2590 sub
942 2568 1006 2590 uno
1023 2560 1162 2590 conclavi
1178 2567 1349 2590 commune
1367 2557 1495 2587 vivendi
1513 2558 1694 2587 institutum
1710 2561 1882 2587 servabant

278 2617 449 2640 commune
467 2609 662 2640 desiderium
679 2609 825 2639 foventes
842 2610 981 2640 scelestis
1001 2610 1083 2645 vitm,
1104 2609 1292 2647 similesque
1311 2608 1438 2639 vivendi
1459 2609 1571 2638 modos
1590 2611 1718 2638 secutae.

576 2657 645 2696 536‘
661 2658 703 2693 ἄρ’
720 2659 774 2696 eoi;
786 2659 911 2696 ταχέεσσι
925 2660 1080 2696 παρήμενω
1097 2659 1277 2696 αὸραφέουσιν,

579 2693 624 2719 Ἥὲ
638 2695 810 2728 κασιγνήτοις
823 2695 940 2730 μάρτυσι
957 2693 1143 2730 ἁωφροσύνηέ.

311 2740 333 2755 ⁵⁷
351 2742 410 2767 Act.
422 2739 530 2773 v,|-ll.
568 2739 591 2755 ⁸⁸
604 2739 674 2767 Psal.
689 2748 779 2773 cxux,
793 2741 819 2767 6.

312 2800 349 2834 (η)
365 2799 469 2834 Lege3,
480 2800 549 2833 apud
557 2800 741 2829 Sirmumltnn.
751 2800 776 2826 in
791 2801 936 2833 appentlice
949 2800 1053 2827 Cotlicis

542 2800 741 2829 iSirmumltnn.
751 2800 776 2826 in
791 2801 936 2833 appentlice
949 2800 1053 2827 Cotlicis
1148 2799 1182 2831 (τ)
1199 2797 1244 2834 0r.
1255 2796 1282 2827 6,
1293 2797 1354 2834 n._";’.

278 2831 387 2865 11:254..
407 2831 472 2861 ῖοιιι.
486 2831 582 2868 Γορετ.
595 2836 743 2866 variorum,
757 2843 782 2868 p.
796 2831 850 2865 72—0,
1147 2835 1185 2866 (rt)
1203 2833 1292 2857 Carm.
1311 2831 1348 2868 ile
1365 2837 1464 2857 vir/utr.

314 2871 348 2903 (υ)
359 2870 447 2897 Carm.
460 2869 489 2902 ’4,
509 2867 545 2897 De
557 2868 634 2904 μήτε.
650 2872 683 2896 ad
695 2867 813 2905 virgines.

764 2878 813 2897 ues.
1148 2872 1182 2902 tu}
1198 2869 1287 2894 (ἔπη).
1304 2867 1348 2898 48,
1366 2868 1397 2893 ad
1413 2867 1576 2894 lleileuium,.
