2058 3128
152 153 204 183 157
649 157 834 188 ΡΒΑΞΡᾹΤΙΟ
852 159 964 188 GENEH

970 158 1057 188 ALlS.
1078 176 1112 181 -—
1131 158 1221 189 PARS
1241 158 1284 188 ili.
1732 161 1782 193 I38

153 213 232 244 Alite
250 223 325 247 vero
344 216 426 248 intra
445 218 722 258 paternashdomos
745 219 881 250 inﬁrmis
900 219 1086 250 assidebant
1108 221 1305 258 parentibus,
1323 228 1462 260 quorum
1488 230 1595 252 curam
1612 221 1783 262 'suscipie-

155 262 244 300 bant,
267 270 364 304 atque
382 267 477 297 etiam
494 267 649 304 affinium,
667 277 751 308 quos
766 277 833 300 sum
848 269 1054 301 continentiae
1081 274 1178 301 testes
1204 270 1375 302 habebant.
1400 271 1450 302 Sic
1464 271 1664 310 Marcelline,
1682 274 1784 305 sancti

156 313 315 345 Ambrosii
334 323 438 353 soror,
455 325 542 347 sacra
566 318 631 348 Deo
649 317 708 348 fuit
728 319 816 356 virgo
834 317 867 348 in
891 319 1030 356 paternis
1048 319 1214 354 domibus;
1242 320 1288 351 sic
1307 321 1529 358 Eustochium,
1546 322 1592 353 sic
1608 323 1783 361 Principia,

155 364 292 404 aliazque
309 373 372 395 non
390 375 513 406 pauere.
529 367 782 408 Hieronyniiano
802 369 924 399 calamo
946 367 1125 406 celebratae,
1146 378 1217 409 quae
1249 370 1346 400 nullis
1363 379 1398 401 se
1430 372 1636 403 monasteriis
1653 372 1786 405 addixe-
1807 388 1818 400 ι

155 417 236 450 rant,
263 418 293 445 et
310 416 370 446 sub
395 425 457 447 una
475 423 643 456 parentum
673 427 748 450 cura
762 419 930 458 degebant.
952 419 1181 457 Progrediente
1199 420 1486 459 tempore,abusus
1501 422 1659 460 irrepsere
1677 433 1685 453 :
1705 431 1787 454 non—

155 464 250 495 nullas
266 474 305 496 ex
321 466 370 496 his
387 467 569 507 virginibus
594 469 770 507 interdum,
795 473 850 501 aut
881 469 1070 508 parentibus
1095 469 1316 511 fratribusque
1345 471 1476 507 orbatae,
1505 475 1560 502 aut
1586 472 1786 511 inﬁrmitate,

153 517 207 544 aut
227 520 488 555 paupertate,aut
505 518 578 549 aliis
596 519 734 550 incitatas
763 519 954 555 rationibus,
973 519 1108 550 clericos
1125 529 1286 560 vagosque
1300 521 1472 552 monachos
1488 522 1520 553 in
1537 523 1786 554 contubernium

153 565 359 605 asciverunt;
387 573 484 607 atque
500 569 541 600 ita
555 569 673 601 factum
691 575 739 601 est
765 575 799 601 ut
830 574 996 608 parentum
1017 580 1052 601 ac
1084 570 1218 602 fratrum
1249 572 1318 602 loco
1348 573 1556 604 succederent
1585 573 1692 604 clerici
1719 574 1787 605 sive

155 617 315 654 monachi,
334 626 515 660 συνείπακτοι,
534 621 761 658 introductitii,
782 622 837 661 qui
865 621 960 652 etiam
992 620 1137 652 honestis
1163 622 1350 653 nominibus
1378 622 1472 654 talem
1504 627 1535 653 et
1562 627 1624 654 tam
1658 624 1786 654 noxiam

154 668 421 701 consuetudinem
440 672 643 710 obtegebant.
677 671 760 701 Hinc
780 675 986 710 agapetorum
1012 675 1043 701 et
1074 675 1277 710 agapetarum
1303 671 1405 710 origo,
1437 673 1558 711 quibus
1599 672 1788 703 nominibus

155 719 216 746 tam
239 719 451 756 periculosam
472 722 602 753 vivendi
621 730 767 752 normam
793 722 998 752 decorabant.
1026 722 1113 752 Hinc
1139 727 1322 753 sanctorum
1343 723 1485 765 Patrum,
1509 723 1646 753 maxime
1674 723 1790 753 Hiero-

155 768 242 805 nymi
262 771 403 808 querelas
421 772 617 811 deplorantis
634 772 790 803 indictum
820 771 995 810 virginitati
1027 772 1144 803 vulnus
1161 782 1170 809 ;
1187 773 1218 802 in
1248 773 1342 812 epist.
1371 773 1415 803 De
1438 772 1581 804 custodia
1591 773 1788 813 virginitatis

153 816 190 846 ad
208 817 416 853 Eustochium
435 832 443 851 :
470 833 485 851 α
504 823 601 854 Pudet
620 823 741 860 dicere,
765 822 884 862 inquit,
902 821 980 860 proh
997 821 1104 852 nefasl
1121 821 1221 858 triste,
1240 822 1294 852 sed
1314 831 1423 852 verum
1450 827 1507 852 est.
1525 823 1614 853 Unde
1634 824 1664 852 in
1682 823 1789 854 Eccle-

154 865 216 895 sias
233 874 436 908 agapetnrum
456 873 556 911 pestis
573 873 724 903 introiit?
743 872 831 903 Unde
854 872 925 902 sine
951 870 1073 908 nuptiis
1093 870 1178 901 aliud
1199 879 1315 901 nomen
1344 873 1506 902 uxorum?
1529 871 1597 903 lmo
1616 871 1700 903 unde
1726 880 1787 902 no‘

155 925 228 948 vum
253 921 504 953 concubinarum
531 923 658 961 genus?
676 934 690 950 ι
715 926 774 953 etc.
804 921 915 952 Tantis
938 919 1031 950 malis
1047 921 1147 950 sant-ti
1180 921 1289 951 Patres
1320 921 1462 960 querelis
1493 921 1574 958 suis,
1595 921 1789 952 admonitio-

154 968 248 999 nibus
271 973 303 1000 et
337 971 478 1011 scriptis,
497 981 556 1004 nec
584 981 648 1005 non
675 972 811 1004 concilia
835 971 957 1003 severis
973 971 1087 1002 edictis
1115 971 1242 1002 obviam
1263 971 1311 1002 ire
1329 980 1392 1003 non
1414 975 1598 1007 cessarunt;
1622 980 1694 1011 quae
1712 971 1788 1010 qui-

153 1017 225 1049 dem
247 1020 273 1050 si
291 1021 418 1060 singula
449 1032 701 1055 commemorare
732 1023 860 1055 animus
893 1025 990 1058 esset,
1016 1021 1109 1060 longa
1142 1021 1235 1052 nobis
1260 1021 1400 1052 texenda
1426 1025 1513 1053 esset
1540 1021 1686 1052 historia.
1715 1018 1789 1052 Hinc

153 1066 273 1100 dixisse
288 1075 335 1102 sat
355 1078 421 1109 est;
450 1073 505 1112 qui
530 1074 620 1113 plura
641 1074 738 1111 volet,
754 1074 838 1112 legat
854 1072 989 1104 Antonii
1016 1071 1184 1102 Muratorii
1208 1072 1478 1112 Disquisitionem
1499 1070 1535 1102 de
1560 1072 1737 1108 Sunisactis
1761 1073 1789 1102 et

152 1119 300 1160 Agapetis
324 1120 355 1151 in
373 1122 540 1154 Anecdatis
559 1121 687 1161 ercis,
707 1128 783 1161 etc.,
801 1124 916 1154 Patavii
934 1122 1025 1158 in-Is',
1044 1131 1095 1152 an.
1118 1122 1206 1158 1709,
1225 1131 1255 1160 p.
1271 1122 1343 1152 218.

413 1171 644 1204 Observationes
668 1181 754 1205 circa
776 1173 920 1204 Ecclesia
935 1173 1134 1212 disciplinam
1159 1182 1199 1203 ea:
1216 1173 1364 1212 Gregorii
1377 1174 1517 1213 scriptis.

192 1219 330 1251 Plurima
348 1221 380 1252 in
397 1223 544 1262 Gregorii
563 1225 690 1264 scriptis
709 1224 937 1256 observatione
952 1223 1049 1262 digna
1066 1227 1251 1259 occurrunt,
1268 1228 1331 1254 tam
1359 1224 1441 1254 circa
1461 1224 1613 1255 Ecclesiae
1639 1223 1789 1263 discipli-

154 1275 239 1307 nam,
259 1280 354 1310 quam
372 1273 453 1304 circa
472 1283 596 1305 morum
614 1275 753 1314 regulas.
784 1274 933 1305 Ecclesia)
961 1272 1087 1313 asylum
1117 1273 1158 1303 iis
1188 1278 1289 1307 erant.
1310 1273 1365 1312 qui
1391 1274 1430 1304 ad
1461 1283 1514 1305 eas
1538 1275 1789 1312 confugiebant;

155 1321 240 1350 unde
257 1323 377 1353 nemini
396 1332 451 1354 eos
467 1325 635 1357 extrahere
653 1326 782 1357 licabat.
810 1325 938 1363 Insigne
954 1323 1073 1363 profert
1099 1324 1281 1362 exemplum
1310 1324 1487 1363 Gregorius
1517 1324 1550 1354 in
1573 1327 1721 1355 oratione
1750 1325 1790 1355 de

155 1369 273 1402 Basilio
290 1371 346 1412 (α).
374 1385 389 1402 ι
406 1375 535 1406 Mulieri
558 1377 684 1407 cuidam
703 1376 904 1415 amplissimo
931 1375 1000 1405 loco
1019 1379 1112 1411 naue,
1130 1374 1223 1413 cujus
1239 1374 1373 1405 maritus
1388 1375 1473 1406 haud
1500 1375 1622 1414 pridem
1646 1378 1790 1406 extremo

155 1419 228 1451 vita)
249 1421 301 1453 die
316 1422 447 1456 functus
462 1429 539 1462 erat,
553 1426 673 1465 judicis
689 1435 834 1457 assessor
863 1426 926 1456 vim
946 1425 1113 1462 afferebat,
1141 1425 1343 1463 invitumque
1359 1425 1396 1455 ad
1415 1425 1546 1465 nuptias
1574 1425 1789 1465 pertrahebat.

153 1468 215 1500 Ista
232 1475 352 1509 autem,
369 1482 442 1506 cum
459 1475 545 1506 nulla
567 1476 689 1506 ratione
709 1476 790 1508 hanc
809 1478 874 1508 vim
909 1476 1052 1514 eti'ugere
1069 1479 1216 1514 posset...
1242 1475 1280 1506 ad
1310 1483 1432 1505 sacram
1463 1483 1606 1506 mensam
1634 1474 1790 1514 confugit,

155 1519 322 1560 Deumque
338 1524 493 1555 adversus
512 1524 593 1556 hanc
610 1526 760 1564 injuriam
793 1529 1062 1565 propugnatorem
1081 1524 1143 1556 sibi
1163 1524 1304 1563 adoptat.
1337 1525 1422 1562 Quid
1441 1525 1577 1563 igitur...
1609 1525 1789 1557 faciendum

153 1568 227 1605 fuit,
244 1578 308 1601 non
326 1571 397 1602 dico
415 1573 531 1612 Magno
550 1574 679 1610 Basilio,
695 1575 750 1614 qui
772 1575 812 1605 de
834 1575 883 1605 his
899 1576 994 1606 rebus
1014 1575 1099 1614 leges
1130 1584 1261 1614 quoque
1278 1576 1431 1606 omnibus
1460 1579 1630 1613 statuerat,
1655 1576 1710 1607 sed
1735 1575 1791 1607 alii

154 1619 292 1658 cuipiam
311 1622 404 1662 longe
422 1623 476 1654 illo
498 1623 747 1660 inferior-Ldum
781 1629 885 1655 tamen
919 1626 1106 1656 sacerdoti?
1135 1625 1219 1662 Quid
1248 1625 1349 1662 aliud,
1377 1626 1438 1656 nisi
1457 1631 1490 1657 ut
1519 1635 1587 1657 eam
1619 1629 1789 1663 assereret,

154 1671 318 1709 retineret,
335 1675 422 1704 omni
439 1684 515 1706 cura
532 1680 688 1709 tueretur.
706 1675 763 1707 Dei
794 1676 972 1706 clementiae
988 1678 1018 1706 et
1046 1675 1120 1714 legi,
1154 1684 1226 1715 qute
1245 1675 1400 1706 altaribus
1427 1676 1582 1707 honorem
1607 1676 1715 1706 haberi
1737 1675 1791 1715 ju-

153 1721 220 1757 bet,
241 1732 369 1753 manum
389 1725 577 1763 porrigeret,
595 1726 703 1756 omnia
719 1725 861 1764 denique
877 1726 966 1764 prius
994 1725 1112 1756 faceret
1133 1728 1165 1755 et
1196 1728 1369 1765 pateretur,
1397 1735 1493 1765 quam
1521 1729 1555 1757 ut
1579 1726 1790 1756 inhumanius

155 1772 256 1803 ullum
273 1773 427 1804 adversus
457 1782 525 1805 eam
557 1774 730 1805 consilium
761 1774 877 1811 iniret;
904 1775 1017 1814 sicque
1033 1779 1064 1806 et
1093 1783 1236 1805 mensam
1255 1780 1503 1812 sacrosanctam,
1539 1781 1570 1807 et
1586 1776 1678 1806 ﬁdem
1694 1777 1791 1806 etiam

155 1822 242 1853 illam
262 1832 333 1854 cum
350 1833 411 1862 qua
434 1825 570 1863 supplex
598 1828 676 1861 erat,
694 1825 886 1856 contumelia
906 1825 1044 1856 aiiiceret
1059 1827 1072 1855 '?
1090 1837 1104 1853 »
1135 1826 1202 1856 Non
1234 1834 1349 1864 passus
1368 1829 1415 1856 est
1440 1826 1578 1857 Basilius
1608 1827 1704 1857 ullam
1730 1826 1791 1865 pias

155 1873 262 1904 vidum
276 1874 425 1913 iniuriam
444 1875 566 1910 inferri,
582 1875 638 1906 sed
657 1884 725 1906 eam
743 1876 897 1905 adversus
914 1876 983 1915 ejus
1002 1879 1258 1914 persecutorem,
1274 1876 1426 1916 quamvis
1445 1876 1621 1908 Dominicte
1637 1877 1791 1915 Augustin

156 1923 304 1963 praesidio
326 1924 455 1959 fretum.
471 1925 559 1955 omni
577 1934 638 1964 ope
663 1930 694 1956 et
710 1934 804 1964 opera
822 1929 943 1956 tutatus
961 1931 1020 1957 est.

195 1975 311 2005 Priscis
327 1975 479 2006 Ecclesia;
502 1976 702 2014 temporibus
722 1975 979 2006 Christianorum
1000 1985 1067 2007 mos
1086 1980 1165 2014 erat,
1183 1979 1217 2007 ut
1232 1977 1371 2017 quilibet
1400 1977 1539 2017 propriis
1557 1977 1705 2008 manibus
1722 1977 1788 2008 Eu-

155 2025 313 2057 charislite
329 2026 491 2057 materiam
509 2026 659 2063 efﬁceret,
682 2027 781 2067 hique
799 2035 897 2067 panes
914 2035 1027 2058 omnes
1044 2027 1074 2057 in
1097 2027 1207 2058 divina
1225 2036 1333 2059 mensa
1359 2028 1564 2060 offerrentur.
1579 2029 1626 2060 Ne
1647 2029 1789 2068 impera-

156 2079 205 2106 tor
218 2077 348 2116 quidem
366 2076 404 2107 ab
420 2075 478 2107 hoc
495 2085 555 2107 usu
573 2076 652 2107 liber
668 2081 746 2112 erat,
769 2083 802 2108 ut
819 2076 968 2115 exemplo
998 2076 1143 2107 Valentis
1160 2076 1315 2107 discimus
1333 2087 1341 2108 :
1362 2089 1377 2106 α
1396 2076 1474 2108 Cum
1504 2078 1600 2115 dona,
1616 2086 1688 2118 qua:
1706 2078 1791 2117 ipse-

156 2130 233 2164 met,
249 2131 283 2158 ut
299 2127 409 2157 scribit
424 2127 600 2166 Gregorius
620 2127 676 2166 (ὁ),
698 2128 861 2163 eti'ecerat,
883 2126 999 2156 divinae
1022 2135 1140 2157 mensas
1155 2127 1318 2158 oti‘erenda
1335 2135 1454 2164 essent,
1475 2140 1488 2156 »
1513 2133 1574 2158 etc.
1757 2135 1760 2140 '

195 2177 315 2208 Omnes
329 2177 423 2208 simul
447 2178 568 2213 ﬁdeles,
589 2177 648 2208 viri
667 2186 702 2208 ac
721 2177 885 2214 mulieres,
902 2177 1083 2217 psalmosin
1099 2176 1239 2208 Ecclesia
1250 2177 1453 2208 decantantes
1481 2177 1634 2208 sedebant
1657 2187 1665 2207 :
1685 2189 1698 2205 α
1723 2178 1788 2208 Nos

156 2237 228 2259 cum
248 2228 362 2258 vetulis
386 2228 535 2258 sedemus
558 2231 589 2258 et
625 2227 793 2266 psallimus
825 2227 876 2266 (c).
898 2239 911 2255 η
935 2227 1067 2266 Signum
1089 2228 1191 2259 crucis
1210 2229 1240 2259 in
1257 2229 1372 2268 quovis
1383 2238 1456 2259 casu
1482 2228 1592 2259 etlicax
1610 2228 1787 2259 remedium

157 2278 346 2310 habebatur.
368 2278 492 2315 Quanta
506 2278 548 2308 sit
565 2278 661 2317 hujus
679 2278 762 2317 signi
782 2279 843 2315 vis,
863 2278 1070 2309 manifestum
1089 2283 1136 2310 est
1165 2288 1205 2310 ex
1224 2287 1262 2310 co
1290 2279 1375 2318 quod
1397 2279 1528 2309 Juliano
1551 2280 1590 2309 de
1608 2279 1703 2309 rebus
1719 2278 1788 2310 suis

156 2331 317 2361 dtemoues
344 2329 525 2360 consulenti
555 2330 729 2368 contigisse
762 2335 866 2361 narrat
896 2330 946 2361 his
975 2330 1083 2361 verbis
1104 2329 1278 2367 Gregorius
1297 2328 1340 2368 (ά)
1368 2339 1376 2359 τ
1403 2341 1415 2356 ει
1432 2329 1470 2360 Ut
1489 2333 1594 2359 autem
1623 2328 1787 2367 egregium

157 2379 260 2410 virum
281 2380 535 2420 progredientem
557 2384 694 2410 terrores
711 2380 828 2410 adoriri
846 2385 1022 2420 coeperunt,
1042 2390 1078 2411 ac
1095 2380 1233 2410 subinde
1264 2379 1372 2418 plures
1397 2388 1433 2409 ac
1450 2379 1719 2410 fortnidabiliores
1737 2387 1790 2410 so‘

156 2440 216 2463 nos
239 2430 393 2470 quosdam
419 2429 579 2462 insuetos.
605 2430 709 2467 aiunt,
736 2434 900 2469 tetrosque
914 2432 1029 2462 odores
1045 2435 1143 2470 atque
1163 2430 1257 2468 ignea
1282 2434 1416 2469 spectra,
1433 2435 1464 2461 et
1492 2430 1601 2461 nescio
1622 2439 1701 2469 quas
1729 2439 1790 2461 nu-

156 2490 212 2521 gas
232 2485 263 2512 et
278 2481 498 2516 deliramenta,
518 2480 564 2510 rei
584 2480 725 2511 novitate
744 2481 949 2520 perculsus...
965 2481 1002 2511 ad
1017 2489 1145 2512 crucem
1165 2485 1322 2519 vetusque
1339 2481 1518 2511 remedium
1540 2480 1696 2519 confugit,
1714 2479 1790 2511 hoc-

155 2541 219 2572 que
236 2541 271 2563 se
301 2532 453 2562 adversus
474 2535 612 2561 terrores
640 2531 821 2569 consignat,
851 2540 1003 2570 eumque,
1025 2539 1121 2570 quem
1152 2530 1427 2570 persequebatur,
1448 2531 1675 2570 Opitulatorem
1704 2531 1786 2561 asci-

157 2584 255 2614 scit...
276 2583 381 2614 Valuit
406 2581 622 2621 signaculum,
644 2581 763 2611 cedunt
793 2581 965 2619 daemones,
995 2582 1160 2621 pelluntur
1181 2582 1324 2612 timores.
1361 2581 1445 2618 Quid
1475 2581 1616 2612 deinde?
1643 2581 1790 2619 itespirat

157 2633 299 2671 malum;
321 2641 433 2664 rursus
452 2631 616 2663 audaciam
644 2631 794 2670 concipit,
815 2640 928 2662 rursus
953 2631 1147 2670 aggreditur,
1174 2640 1285 2661 rursus
1304 2631 1399 2662 iidem
1422 2637 1558 2662 terrores
1576 2634 1700 2669 urgent,
1721 2637 1791 2660 rur-

156 2693 212 2715 sus
233 2683 434 2724 signaculum
461 2683 644 2718 adhibetur,
677 2691 713 2714 ac
729 2683 896 2712 daemones
918 2684 1164 2722 conquiescunt.
1183 2681 1288 2712 Haeret
1304 2681 1431 2712 consilii
1453 2682 1547 2719 inops
1568 2681 1759 2719 discipulus.
1774 2692 1789 2709 ι

155 2736 266 2767 Sacros
280 2734 393 2775 iejunii
413 2734 482 2765 dies
498 2733 606 2764 ﬁdeles
621 2733 848 2771 observabant,
864 2733 995 2771 quidam
1024 2733 1120 2763 etiam
1148 2730 1231 2762 ultra
1248 2731 1343 2762 vires.
1379 2741 1393 2759 ιι
1411 2729 1570 2769 Christus,
1590 2731 1695 2770 inquit
1710 2730 1791 2762 Gre-

192 2842 230 2877 ((1)
246 2840 294 2869 Or.
310 2841 356 2873 45,
372 2849 399 2867 n.
411 2840 455 2868 56.

1034 2836 1073 2877 ,(Ῠ)
1084 2836 1129 2877 9"
1143 2834 1172 2877 ξ’
1196 2833 1290 2877 "L35;

191 2869 228 2912 ibi
246 2878 326 2909 tbid.,
349 2869 380 2902 'u.
392 2877 436 2904 52.

1031 2869 1069 2909 (ξι)
1082 2872 1129 2900 Or.
1142 2871 1169 2904 4,
1182 2877 1208 2899 n.
1220 2869 1266 2904 55,
1276 2869 1317 2897 56.

274 2925 412 2955 PA‘I‘ROL.
437 2922 495 2954 Gn.
519 2918 652 2954 XXXV.
1589 2917 1608 2948 ti
