2058 3128
275 157 329 188 {59
764 162 948 193 PREFATIO
965 164 1170 193 GENEBAHS.
1191 180 1224 184 —
1245 163 1336 191 PARS
1354 160 1399 190 ill.
1849 158 1901 188 HO

276 220 390 258 gorius
406 218 458 258 (α),
477 221 570 258 pauiu
583 226 656 253 ante
672 223 882 255 ’tentationem
896 224 1070 263 jejunavit;
1101 231 1159 254 nos
1175 226 1246 255 ante
1262 222 1419 253 Pascha...
1432 220 1489 252 Ille
1506 223 1589 252 totos
1606 221 1813 261 quadraginta
1833 220 1901 251 dies

274 280 292 303 a
311 271 383 302 cibo
407 271 573 306 abstinuit.
592 276 700 310 utpote
723 273 826 308 Deus;
850 282 908 304 nos
935 278 1042 305 autem
1065 274 1103 304 ad
1130 273 1247 305 virium
1271 278 1450 305 nostrarum
1479 271 1644 303 modulum
1662 271 1830 311 tjejuninm
1857 275 1902 302 at-

274 321 540 360 temperavimus,
558 321 681 352 etiamsi
700 323 842 362 quidam,
861 324 928 354 zelo
947 323 1091 362 impulsi,
1113 323 1193 354 ultra
1212 324 1329 355 virium
1359 324 1541 355 facultatem
1568 324 1600 354 in
1615 323 1792 363 jejunando
1829 332 1900 362 pro-

281 373 399 404 siliant.
418 384 433 401 ι
452 372 514 409 Qui
540 380 625 403 sacra
650 372 772 411 jejunia
797 381 858 403 non
882 372 1096 409 celebrabant,
1116 372 1340 411 arguebantur.
1372 372 1421 402 Sic
1444 372 1619 410 Gregorius
1646 371 1760 401 acriter
1790 370 1900 410 praefe-

280 425 376 458 ctum,
397 422 438 453 ob
455 421 599 452 violatam
615 422 727 461 jejunii
758 422 872 461 legem,
894 423 1037 462 increpat
1054 423 1095 461 (b)
1118 433 1125 453 :
1147 434 1161 450 et
1178 423 1293 462 Inique
1321 422 1401 461 agis,
1416 430 1435 453 ο
1455 422 1567 462 judex,
1597 423 1653 460 qui
1680 431 1742 453 non
1761 423 1899 462 jejunes.

274 476 313 506 Et
333 475 495 515 quomodo
513 475 599 513 leges
616 471 772 504 humanas
789 473 950 510 servabis,
967 473 1024 513 qui
1040 473 1169 504 divinas
1184 473 1376 508 contemnis,
1401 476 1432 503 et
1452 480 1507 510 pro
1534 472 1637 502 nihilo
1653 472 1744 503 ducis
1756 473 1770 502 ‘I
1786 483 1801 500 ιο

311 525 509 557 MortuOrum
526 532 656 563 corpora
677 531 790 562 magno
812 528 963 562 apparatu
980 523 1088 553 tideles
1116 522 1241 552 tumulo
1262 522 1506 561 componebant,
1531 522 1736 560 ut.exemplo
1753 528 1800 552 est
1818 522 1901 554 Con-

276 575 422 605 stantius
441 575 622 613 imperator.
641 586 655 602 α
673 574 729 604 Ille
759 574 869 613 igitur,
905 578 938 604 ut
964 577 1068 604 narrat
1089 572 1261 611 Gregorius
1294 572 1346 612 (c),
1378 572 1513 612 publicis
1541 572 1708 611 prteconiis
1724 572 1901 611 faustiSque

271 623 449 659 ominibus,
467 633 502 654 ac
521 623 636 655 Celebri
662 631 775 663 pompa
798 622 981 662 deducitur,
1012 624 1238 664 religiosisque
1261 624 1355 654 etiam
1378 624 1428 654 his
1459 623 1577 654 nostris
1605 624 1729 661 oll'iciis,
1753 626 1814 657 hoc
1840 631 1899 665 est,

272 674 436 704 nocturnis
453 675 668 709 cantionibus,
685 683 721 705 ac
736 682 901 705 cereorum
930 674 1070 712 ignibus,
1093 673 1211 713 quibus
1231 682 1290 704 nos
1306 673 1478 704 Christiani
1498 675 1584 713 pium
1604 684 1621 707 e
1638 675 1700 706 vita
1719 677 1898 708 discessum

271 723 450 754 ornandum
469 724 701 756 existimamus.
717 737 732 753 ι»
753 725 803 755 Sic
822 726 915 755 etiam
936 724 1105 763 exsequias
1122 723 1274 754 describit
1293 724 1466 762 Gregorius
1484 725 1540 765 (ἀ).
1561 726 1677 758 «Nobis
1700 737 1831 767 magnus
1849 730 1900 761 ille

273 775 432 807 Cmsarius
449 779 592 806 servatus
609 782 669 810 est,
686 775 767 806 cinis
799 775 971 814 pretiosus,
992 778 1138 804 mortuus
1155 773 1313 810 laudatus,
1341 773 1470 813 hymnis
1488 775 1550 805 sibi
1576 777 1824 810 succedentibus
1840 779 1898 810 de-

272 826 401 862 ductus,
419 824 457 856 ad
483 829 655 864 martyrum
672 825 805 856 sacraria
829 833 900 855 cum
924 832 1036 864 pompa
1055 825 1182 861 ductus,
1199 824 1315 855 sanctis
1341 828 1506 862 parentum
1538 827 1687 858 manibus
1710 827 1896 865 honoratus,

272 878 373 905 matre
396 875 528 906 candida
555 880 640 907 veste
659 875 769 907 induta
788 875 935 914 pietatem
957 874 1082 905 maerori
1107 874 1313 912 subrogante,
1331 873 1478 912 lacrymis
1495 883 1513 905 a
1532 875 1735 916 philosophia
1764 887 1899 917 supera-

271 925 326 960 tis,
343 925 530 964 psalmodiis
547 926 666 957 luctum
693 926 920 957 sedantibus...
954 926 991 964 (c)
1006 926 1110 964 Atque
1136 924 1197 954 alia
1223 924 1353 962 quidem
1386 925 1613 963 persolvimus,
1633 927 1694 957 alia
1714 935 1788 958 vero
1812 927 1900 958 dabi-

273 984 356 1011 mus,
374 976 608 1008 anniversarios
629 976 767 1008 honores
785 981 815 1007 et
841 977 1161 1007 commemoratimtes
1177 977 1361 1013 otferentes,
1377 976 1398 1006 ii
1422 976 1554 1015 quidem
1589 979 1686 1012 certe,
1707 975 1761 1014 qui
1786 984 1899 1015 super-

272 1025 362 1056 stites
381 1030 487 1058 erunt.
507 1037 523 1054 »
547 1024 629 1057 Hinc
647 1029 729 1065 patet
748 1026 1016 1057 consuetudinem
1041 1026 1142 1057 fuisse
1169 1026 1276 1061 etiam,
1296 1029 1329 1057 ut
1353 1025 1492 1057 honores
1520 1026 1731 1057 anniversarii
1757 1030 1788 1058 et
1813 1035 1900 1058 com-

271 1077 521 1108 memorationes
542 1077 581 1107 ab
598 1076 649 1112 iis,
665 1077 720 1116 qui
746 1077 935 1116 superstites
955 1080 1056 1112 erant,
1074 1077 1276 1108 ott‘errentur.

309 1125 425 1157 Praeter
439 1125 517 1157 festa
534 1127 704 1165 praecipua,
734 1135 848 1166 nempe
872 1126 992 1157 Natalis
1017 1127 1158 1163 Domini,
1184 1127 1382 1166 Epiphaniae,
1411 1127 1555 1165 Paschm,
1575 1129 1791 1164 Pentecostes,
1818 1127 1899 1159 festa

271 1178 366 1209 etiam
390 1179 607 1217 apostolorum
635 1175 913 1216 Constantinopoli
942 1178 1197 1212 celebrabantur,
1219 1186 1275 1209 nec
1301 1186 1366 1208 non
1397 1183 1584 1218 martyrum,
1609 1187 1692 1219 quos
1723 1179 1804 1209 inter
1830 1187 1893 1208 nu-

269 1229 478 1262 merabanlur
494 1229 675 1260 Machabeei.
694 1228 922 1266 Apostolorum
948 1237 1086 1267 namque
1101 1227 1181 1258 festa
1204 1227 1248 1258 ibi
1267 1236 1302 1259 se
1331 1228 1522 1264 celebrasse,
1541 1229 1599 1260 etsi
1617 1239 1680 1260 non
1706 1239 1802 1269 saepe,
1818 1231 1900 1261 inter

269 1278 515 1309 valedicendum
534 1283 666 1310 testatur
680 1279 853 1317 Gregorius
871 1277 919 1318 (ﬁ.
952 1290 966 1306 α
985 1278 1112 1315 Vah-le,
1127 1278 1275 1316 apostoli,
1302 1279 1447 1318 prteclara
1470 1278 1606 1315 colonia,
1625 1281 1808 1310 certaminis
1837 1281 1897 1311 mei

269 1328 425 1366 magistri,
442 1327 500 1359 etsi
530 1329 638 1360 minus
665 1337 750 1368 smpe
776 1328 855 1359 festa
885 1331 986 1359 vestra
1008 1327 1179 1359 celebravi.
1212 1339 1226 1356 π
1254 1329 1290 1359 In
1317 1329 1433 1360 festum
1460 1330 1558 1361 sancti
1583 1329 1730 1369 Cypriani
1754 1330 1900 1369 martyris

269 1380 446 1410 orationem
465 1380 503 1409 ad
526 1380 678 1418 popuium
697 1381 807 1411 habuit
823 1379 1011 1418 Gregorius,
1037 1388 1095 1410 nec
1112 1387 1175 1409 non
1201 1378 1293 1409 aliam
1319 1379 1350 1409 in
1383 1378 1500 1410 festum
1527 1378 1795 1416 Machabmorum,
1814 1389 1898 1419 quo-

269 1438 341 1460 rum
358 1429 428 1460 dies
443 1428 543 1459 festus
563 1429 839 1469 Constantinopoli
858 1430 1010 1468 agebatur
1029 1438 1037 1458 :
1065 1439 1080 1456 σ
1096 1428 1156 1465 Qui
1177 1429 1325 1467 quamvis
1342 1428 1396 1468 (g),
1416 1429 1499 1467 apud
1525 1428 1642 1459 multos
1659 1437 1722 1460 non
1741 1429 1900 1461 honoren-

271 1486 332 1517 tur,
349 1480 425 1520 quia
449 1488 513 1511 non
541 1484 612 1520 post
629 1481 789 1512 Christum
807 1481 1022 1514 decertarunt,
1040 1479 1127 1518 digni
1146 1484 1222 1509 sunt
1248 1482 1352 1509 tamen
1371 1478 1427 1519 qui
1446 1479 1484 1509 ab
1503 1479 1654 1510 omnibus
1681 1479 1803 1511 hortere
1830 1480 1898 1511 atii-

268 1530 406 1566 ciantur,
424 1530 577 1569 quoniam
613 1539 668 1569 pro
703 1530 826 1569 legibus
851 1530 1073 1569 institutisque
1111 1530 1221 1568 patriis
1251 1528 1364 1560 fortem
1397 1531 1540 1561 animum
1579 1530 1805 1568 praestiterunt.
1832 1531 1893 1568 Qui

270 1593 365 1624 porro
381 1587 452 1614 ante
477 1582 594 1613 Christi
612 1582 794 1621 passionem
811 1581 1000 1620 martyrium
1031 1580 1213 1616 subierunt,
1229 1580 1306 1619 quid
1341 1581 1466 1611 tandem
1505 1580 1619 1612 facturi
1652 1585 1753 1616 erant,
1776 1581 1803 1611 si
1829 1586 1898 1620 post

269 1634 432 1666 Christum
457 1632 711 1672 persecutionem
729 1631 811 1670 passi
829 1631 979 1666 fuissent,
1007 1630 1141 1668 ejusque
1166 1634 1299 1660 mortem
1325 1630 1437 1660 salutis
1462 1635 1578 1661 nostra}
1603 1640 1696 1662 causa
1720 1639 1896 1672 SUSCCptﬂltl

270 1687 308 1718 ad
323 1686 516 1717 imitandum
536 1682 732 1723 propositam
748 1681 959 1712 habuissent?
977 1691 990 1708 η
1008 1680 1134 1716 Quibus
1159 1680 1330 1710 virtutibus
1349 1681 1540 1720 pietatisque
1555 1682 1708 1721 operibus
1729 1684 1807 1714 festa
1823 1693 1897 1714 san-

265 1742 410 1773 clerum,
423 1736 581 1776 praecipue
595 1738 782 1773 martyrum,
793 1732 1057 1767 cohonestentur,
1070 1730 1167 1768 digno
1177 1735 1331 1761 caractere
1344 1731 1541 1771 exprimit,et
1553 1732 1671 1764 exinde
1682 1734 1713 1764 in
1728 1734 1792 1765 hrec
1805 1736 1898 1766 verba

264 1786 477 1826 prosequitur
492 1784 533 1825 (It)
549 1795 557 1815 :
576 1797 591 1813 ς(
604 1784 634 1814 Si
650 1784 691 1814 ita
706 1782 930 1818 convenimus,
943 1784 996 1811 aut
1013 1780 1248 1817 concurrimus,
1267 1790 1375 1812 revera
1388 1781 1503 1813 festum
1517 1782 1601 1813 hunc
1613 1783 1710 1819 diem,
1728 1789 1761 1815 ut
1773 1785 1898 1815 Christo

269 1841 395 1876 gratum
417 1841 478 1871 est,
502 1836 712 1871 celebramus,
731 1841 839 1864 revera
858 1835 1012 1870 martyres
1027 1832 1148 1862 honore
1168 1831 1345 1868 atTecimus,
1359 1835 1414 1863 aut
1428 1832 1616 1868 afﬁciamus,
1646 1841 1755 1864 revera
1786 1835 1899 1865 trium-

271 1889 398 1930 phalem
417 1889 564 1919 cboream
582 1886 717 1924 agimus.
733 1883 787 1913 Sin
814 1885 920 1914 autem
936 1889 974 1911 eo
990 1880 1214 1916 cenvenimus,
1228 1884 1261 1911 ut
1282 1882 1401 1912 ventris
1420 1882 1637 1921 voluptatibus
1656 1883 1894 1922 indulgeamus,

271 1944 303 1970 et
319 1938 416 1970 ﬂuxis
431 1947 467 1970 ac
484 1937 574 1969 brevi
599 1933 750 1974 perituris
772 1932 897 1964 deliciis
929 1931 1084 1967 fruamur,
1109 1939 1222 1969 eaque,
1255 1939 1326 1970 quae
1357 1939 1429 1961 mox
1459 1937 1665 1968 evacuantur,
1684 1934 1896 1970 .inferamus;

271 1994 367 2030 atque
386 1989 451 2020 hmo
474 1987 556 2024 loca,
581 1993 644 2016 non
663 1983 890 2023 temperantia),
907 1981 962 2013 sed
979 1981 1127 2020 crapulae,
1147 1985 1177 2011 et
1195 1981 1260 2011 haec
1287 1985 1442 2019 tempora,
1460 1990 1523 2012 non
1540 1982 1714 2021 spiritualis
1730 1993 1896 2021 ascensus,

265 2048 306 2071 tae
323 2038 397 2078 (nisi
424 2037 484 2068 hoc
506 2046 522 2068 a
542 2045 591 2067 me
607 2034 760 2066 audacius
787 2033 907 2063 dictum
929 2031 1086 2070 videatur)
1112 2031 1288 2061 divinitatis
1317 2032 1564 2070 consequentiae,
1588 2033 1679 2071 cujus
1705 2035 1895 2066 mediatores

271 2096 346 2123 sunt
371 2095 537 2125 martyres,
560 2086 616 2116 sed
634 2092 739 2115 rerum
755 2081 965 2122 gerendarum
986 2084 1017 2111 ct
1033 2080 1285 2118 tiegetiatimtum
1316 2084 1456 2119 tempora
1487 2089 1558 2110 esse
1583 2082 1773 2113 arbitremur
1792 2094 1799 2113 :
1829 2083 1896 2122 pri-

271 2121 358 2172 alia.
372 2121 506 2180 quidem
529 2121 613 2178 quod
635 2135 693 2164 hoc
711 2121 843 2170 tempori
860 2129 1039 2165 conveniat,
1057 2129 1141 2160 haud
1168 2137 1318 2167 agnosco.
1337 2129 1422 2166 Quid
1439 2131 1525 2161 enim
1543 2131 1640 2162 palea)
1669 2139 1741 2161 cum
1767 2121 1897 2162 tritico?

269 2191 347 2230 quiti
364 2179 466 2222 carnis
486 2185 640 2226 voluptati
663 2191 736 2215 cum
756 2186 930 2221 martyrum
955 2179 1205 2211 certaminibus?
1225 2192 1239 2208 ι)

309 2239 489 2278 Hospitales
509 2240 598 2268 erant
612 2232 803 2266 Christianis
819 2230 1022 2270 excipiendis
1038 2230 1165 2266 domus,
1183 2238 1255 2270 qum
1280 2235 1313 2261 ut
1339 2231 1523 2271 perfugium
1540 2231 1695 2263 adversus
1715 2231 1890 2262 humanam

270 2289 484 2320 inﬁrmitatem
499 2291 595 2326 atque
620 2284 774 2315 adversus
794 2281 940 2312 miserias
959 2282 1154 2321 paupertatis
1173 2281 1381 2313 habebantur.
1399 2284 1497 2314 Unam
1516 2283 1653 2314 Basilius
1670 2286 1761 2313 extra
1783 2283 1893 2313 urbem

269 2339 442 2369 Caesaream
458 2335 638 2371 aedificavit,
658 2334 751 2373 cujus
781 2331 1032 2370 descriptionem
1057 2340 1072 2362 a
1103 2331 1258 2370 Gregorio
1287 2331 1401 2362 factam
1434 2333 1496 2363 huc
1524 2333 1641 2364 referre
1666 2332 1809 2371 juvabit,
1837 2339 1896 2362 nec

270 2389 376 2427 tegere
397 2386 518 2425 pigebit
544 2384 578 2425 (ἰ)
600 2396 607 2416 :
627 2396 641 2412 tl
655 2382 824 2414 Paululum
842 2385 930 2412 extra
946 2381 1106 2411 civitatem
1128 2381 1240 2420 pedem
1263 2383 1353 2418 ell'er,
1380 2391 1415 2414 ac
1430 2391 1542 2414 novam
1556 2383 1714 2414 civitatem
1732 2383 1894 2421 conspice,

270 2438 351 2469 illud
370 2435 497 2476 pietatis
516 2433 780 2474 promptuarium,
795 2439 966 2462 comtnune
982 2431 1178 2470 locupletum
1203 2431 1363 2468 aerarium,
1378 2432 1411 2462 in
1426 2442 1503 2472 quo.
1521 2441 1584 2464 non
1601 2433 1697 2464 modo
1714 2433 1896 2464 redundan-

270 2492 317 2519 tes
328 2496 364 2518 ac
379 2484 549 2525 superﬂuae
563 2492 653 2522 opes,
668 2482 722 2514 sed
737 2482 800 2521 jam
821 2481 1008 2512 necessariae
1029 2489 1158 2520 quoque
1172 2480 1340 2512 facultates
1358 2483 1511 2521 perillius
1528 2483 1766 2516 cohortationes
1782 2493 1895 2516 recon-

268 2539 427 2568 duntur...
443 2535 475 2566 in
491 2543 556 2574 quo
565 2533 695 2564 morbus
711 2541 804 2571 aequo
819 2531 927 2562 animo
940 2531 1103 2566 toleratur,
1120 2535 1151 2561 et
1170 2532 1332 2562 calamitas
1346 2534 1435 2564 beata
1451 2538 1610 2571 censetur,
1630 2538 1660 2566 et
1675 2534 1894 2565 misericordia

269 2587 504 2626 exploratur....
522 2583 601 2614 Mihi
622 2591 696 2614 vero
712 2581 797 2613 nulla
815 2590 865 2612 res
884 2581 1013 2620 perinde
1032 2581 1231 2612 admirabilis
1250 2583 1388 2621 videtur,
1405 2587 1501 2624 atque
1521 2586 1759 2625 compendiaria
1772 2584 1840 2616 hec
1855 2584 1893 2615 ad

269 2635 404 2668 salutem
423 2634 484 2672 via,
500 2633 605 2665 facilis
618 2633 652 2664 in
667 2632 781 2666 costum
797 2640 964 2665 ascensus.
981 2643 996 2661 ι

302 2729 341 2762 (a)
356 2729 404 2756 Or.
415 2733 460 2759 at),
476 2737 503 2754 ιι.
513 2726 558 2755 50.

1147 2725 1179 2761 (Γ)
1196 2725 1242 2762 ρτ.
1259 2725 1304 2758 ιε,
1321 2734 1347 2754 n.
1368 2726 1411 2754 26.

302 2759 338 2798 (b)
352 2764 436 2798 Epist.
449 2765 484 2790 al.
503 2763 546 2791 74.
1151 2759 1238 2798 (ιηρτ.
1254 2762 1297 2793 l5,
1314 2770 1340 2788 ιι.
1353 2762 1379 2798 1η

301 2796 337 2831 (ε)
454 2798 547 2834 ιι.

1144 2796 1302 2834 (ωυρμ,
1321 2796 1388 2834 llr-'5.

303 2835 341 2867 (il)
359 2833 406 2860 Or.
420 2832 447 2866 7,
462 2842 487 2860 n.
502 2832 545 2862 l5;

1145 2833 1174 2868 (ι)
1187 2833 1233 2860 Οι·.
1245 2832 1288 2866 ιδ,
1306 2840 1333 2861 u.
1350 2833 1392 2859 65.

305 2870 338 2904 (ε)
355 2869 432 2902 lbid.,
449 2876 476 2896 ιι.
492 2868 533 2895 ΓΙ.
