2058 3128
187 169 236 201 ut
680 170 866 206 an‘uto
885 177 1089 206 emensus.
1111 193 1144 198 -
1163 171 1253 206 mas
1268 174 1311 206 In.
1759 175 1812 205 tte

228 233 375 264 Julianus
391 236 456 266 rem
473 235 592 266 nullam
610 235 797 267 Christiana;
829 237 989 276 religioni,
1006 246 1077 278 quae
1104 238 1165 276 ipsi
1195 242 1262 269 erat
1288 236 1501 274 invisissima,
1523 240 1586 267 tam
1601 235 1809 268 honoriﬁcam

189 295 271 323 esse,
289 296 382 327 quam
398 286 570 325 hospitales
589 285 701 317 domos
719 289 751 317 et
769 295 945 326 pauperum
964 296 1071 318 curam
1087 288 1358 323 ouimadvertens,
1390 295 1448 318 nec
1485 287 1550 318 ulla
1582 295 1615 318 re
1649 290 1711 317 tam
1738 296 1810 318 cre—

190 338 285 373 visse,
301 339 411 369 statuit
427 337 611 377 hujusmodi
628 337 743 368 domus
760 343 960 374 construere,
979 338 1126 378 datisque
1142 339 1258 370 litteris
1273 339 1310 369 ad
1327 339 1498 377 quemdam
1525 337 1679 376 gentilem
1707 345 1813 368 sacer-

188 386 307 424 dotem,
338 387 504 418 Arsacium
533 387 675 423 nomine,
699 389 798 427 jussit
827 389 937 419 crebra
962 389 994 419 in
1024 389 1162 427 singulis
1191 387 1375 419 civitatibus
1407 386 1606 419 xenodochia
1636 386 1806 417 constitui.

187 438 372 475 Apostatam
389 437 500 468 audire
514 438 615 477 juvat.
633 437 706 479 αλιι)
727 439 855 478 Religio
873 439 1043 478 gentilium
1072 439 1214 470 nondum
1232 448 1271 469 ex
1289 438 1388 469 animi
1416 437 1518 469 nostri
1535 437 1696 468 sententia
1711 437 1809 476 viget,

187 487 279 525 culpa
297 495 406 517 eorum
424 488 478 526 qui
493 488 579 518 illam
592 490 790 527 proﬁtentur.
807 489 885 520 Nam
905 498 941 519 ea
958 489 1089 528 quidem
1107 498 1178 528 quae
1194 490 1232 520 ad
1258 490 1336 522 deos
1366 491 1537 532 pertinent,
1571 486 1718 526 praeclara
1734 490 1810 517 sunt

187 539 285 574 atque
301 538 478 575 magnitica,
496 539 650 578 omnique
666 544 740 570 voto
757 549 792 571 ac
805 548 860 579 spe
881 539 1049 578 majora....
1066 539 1150 575 Quid
1167 548 1241 578 ergo
1253 542 1267 570 7
1280 545 1471 579 putamusne
1489 548 1547 570 nos
1560 540 1621 569 ista
1638 539 1810 569 suilicere?

187 586 249 616 Nec
264 588 460 620 attendimus
476 590 553 630 quid
574 591 827 623 Christianorum
847 590 1034 629 religionem
1051 589 1189 625 auxerit,
1220 589 1402 621 immanitas
1419 590 1542 621 scilicet
1557 589 1589 620 in
1607 589 1809 628 peregrinos,

188 639 219 667 et
236 636 266 666 in
283 637 477 674 sepeliendis
491 641 625 672 mortuis
641 641 777 672 sollicita
793 641 974 680 diligentia,
995 645 1026 672 et
1044 640 1192 672 simulata
1209 648 1332 671 morum
1349 641 1497 679 gravitas.
1515 640 1661 677 Quorum
1678 641 1808 680 singula

186 693 202 716 δ
219 687 313 716 nobis
332 690 507 720 exercenda
526 699 596 721 esse
611 692 772 722 existima.
798 691 865 722 Nec
893 690 1010 721 squicit
1037 690 1122 730 quod
1150 696 1182 721 tu
1213 691 1398 730 hujusmodi
1424 691 1480 728 sis,
1500 691 1557 722 sed
1584 695 1745 730 quotquot
1771 692 1804 722 in

186 735 305 766 Galatia
319 740 395 768 sunt
411 738 555 770 ﬂamines
574 740 651 771 tales
675 750 746 772 csse
764 741 894 772 decet...
912 739 1064 778 Singulos
1091 741 1235 771 ﬂamines
1255 740 1392 776 hortare,
1422 744 1456 772 ut
1488 750 1546 772 nec
1571 740 1609 772 ad
1641 741 1803 772 theatrum

186 790 346 826 accedant,
363 799 422 822 nec
439 790 471 821 in
501 791 639 822 tabernis
665 792 788 826 bibant,
814 801 874 823 nec
893 795 991 822 artem
1016 790 1126 827 ullam,
1158 795 1212 822 aut
1242 791 1404 830 opificium
1425 795 1516 830 turpe
1549 800 1586 821 ac
1607 792 1799 830 probrosum

186 844 406 871 exerceant....
423 841 539 873 Crebra
555 841 586 872 in
603 842 737 880 singulis
749 841 930 873 civitatibus
943 841 1137 872 xenodochia
1149 841 1320 879 constitue,
1336 845 1369 871 ut
1385 841 1540 880 peregrini
1557 851 1620 873 non
1639 851 1677 873 ex
1690 844 1808 874 nostris

186 891 303 929 solum,
322 893 378 924 sed
395 902 434 924 ex
452 892 520 923 aliis
538 892 645 930 etiam,
665 891 691 923 si
712 892 844 930 pecunia
863 891 944 922 forte
959 899 1040 930 opus
1052 890 1234 927 habuerint,
1249 891 1446 922 humanitate
1462 896 1568 922 nostra
1587 892 1806 931 perfruantur.

186 940 282 972 Porro
295 943 377 973 unde
393 947 538 981 sumptus
549 943 794 981 tibisuppetant,
809 951 825 973 a
837 951 885 974 me
895 942 960 982 jam
977 942 1138 981 provisum
1146 942 1360 980 est....',Turpe
1369 941 1453 972 enim
1463 950 1501 972 ex
1512 941 1630 973 Iudaeis
1644 943 1807 974 neminem

187 994 377 1029 mendicare,
396 995 519 1033 impios
528 1003 602 1026 vero
618 995 775 1032 Galilaaos,
795 998 907 1034 praeter
920 1003 995 1024 suos
1010 991 1283 1033 pauperes,etiam
1301 995 1426 1022 nostros
1441 991 1679 1024 alereznostros
1697 996 1805 1023 autem

186 1043 350 1075 mendicos
366 1047 474 1076 nostra
489 1053 548 1085 ope
565 1053 600 1076 ac
615 1045 761 1076 subsidio
776 1044 947 1076 destitutos
962 1044 1074 1075 videri.
1095 1052 1111 1072 υ

356 1103 365 1112 ⁸
808 1095 901 1126 Circa
915 1103 1034 1124 morum
1048 1092 1185 1132 regulas.

222 1142 431 1174 Bibliotheca:
447 1143 736 1176 ecclesiasticarum
753 1145 945 1185 scriptorum
963 1150 1074 1176 auctor
1103 1145 1224 1182 scribit,
1241 1145 1432 1184 Gregorium
1451 1153 1576 1176 morum
1602 1144 1806 1185 disciplinam

183 1193 296 1226 docere
316 1196 540 1236 ratione,'quae
554 1197 746 1237 philosopho
773 1198 874 1238 magis
893 1207 987 1237 quam
1019 1196 1135 1237 populo
1151 1195 1317 1226 conveniat
1335 1195 1445 1234 :quod
1471 1195 1616 1235 quidem,
1648 1195 1675 1226 si
1694 1204 1806 1226 verum

181 1243 275 1282 foret,
297 1254 360 1276 non
375 1247 459 1277 laudi
477 1248 533 1278 sed
551 1248 628 1279 vitio
641 1247 829 1280 vertendum
843 1255 928 1282 esset
945 1247 1189 1290 episcopo,qUi,
1201 1254 1272 1277 cum
1289 1249 1388 1276 arlem
1401 1245 1514 1276 callere
1530 1245 1642 1276 debeat
1668 1245 1806 1277 docendi

182 1304 306 1331 omnes,
323 1297 368 1328 sic
386 1298 563 1329 orationem
595 1306 685 1330 suam
715 1299 847 1330 auribus
881 1301 1062 1332 auditorum
1084 1296 1327 1332 accommodet;
1345 1303 1476 1326 necesse
1492 1297 1551 1330 est,
1568 1298 1603 1325 ut
1621 1298 1681 1325 tam
1708 1296 1806 1326 rudes

181 1353 277 1383 quam
294 1346 403 1377 doctos
417 1347 600 1379 coelestibus
619 1349 740 1380 imbuat
759 1349 953 1389 disciplinis.
968 1347 1124 1387 Quisquis
1144 1351 1249 1378 tamen
1276 1345 1390 1384 legerit
1407 1345 1552 1383 Gregorii
1575 1353 1754 1382 sermones,
1775 1345 1804 1376 si

182 1393 353 1433 diligenter
367 1398 507 1428 attendat
524 1400 686 1438 quomodo
704 1399 789 1431 varia
807 1399 889 1431 circa
906 1406 1010 1430 mores
1025 1398 1180 1429 doctrinae
1207 1397 1308 1435 capita
1326 1399 1480 1434 proponat
1495 1400 1526 1426 et
1538 1395 1682 1433 explicet
1695 1404 1802 1426 coram

180 1442 339 1483 frequenti
358 1448 488 1486 populo,
503 1448 596 1479 facile
611 1453 721 1480 noscet
750 1449 954 1488 Gregorium,
981 1449 1106 1481 ﬁdelem
1125 1448 1156 1478 in
1183 1447 1278 1478 domo
1297 1446 1353 1477 Dei
1370 1446 1638 1485 dispensatorem,
1673 1448 1806 1487 provida

182 1502 279 1525 manu
299 1495 453 1528 frumenta
470 1498 709 1537 patrisfamilias
737 1500 876 1538 singulis
904 1501 947 1531 ita
964 1508 1125 1539 erogasse,
1153 1503 1188 1530 ut
1218 1498 1342 1534 nullus,
1364 1506 1403 1528 ne
1427 1498 1644 1536 pauperculus
1660 1499 1805 1538 quidem,

180 1545 263 1577 fante
279 1547 454 1585 laboraret;
471 1551 502 1579 et
517 1549 684 1587 sapientiae
700 1548 807 1580 fontes
827 1553 910 1580 tanta
931 1558 1091 1581 reserasse
1119 1548 1299 1588 prudentia,
1318 1552 1351 1578 ut
1377 1555 1501 1583 omnes,
1518 1547 1587 1579 sive
1607 1548 1709 1588 parvi,
1736 1549 1807 1580 sive

180 1596 299 1634 magni,
316 1596 400 1627 sitim
418 1602 548 1637 possent
565 1600 779 1638 restinguere.
794 1599 1005 1638 Paucisjuvat
1020 1599 1175 1638 exemplis
1199 1607 1264 1629 rem
1281 1597 1515 1628 demonstrare.

221 1647 250 1676 1⁹
263 1646 293 1677 Si
308 1655 432 1686 quaeras
447 1657 463 1679 a
479 1649 644 1688 Gregorio,
673 1649 836 1688 quomodo
868 1650 941 1689 quis
966 1657 1163 1685 sermonem,
1182 1648 1229 1679 vel
1250 1656 1316 1679 rem
1333 1647 1473 1686 aliquam
1487 1647 1646 1686 auspicari
1664 1647 1805 1679 debeat?

181 1708 197 1727 at
213 1698 362 1737 Optimus
393 1698 444 1730 hic
462 1700 539 1730 ordo
569 1703 629 1736 est,
659 1699 764 1738 inquit
789 1698 844 1737 (ὁ),
871 1702 904 1729 ut
923 1699 978 1738 qui
996 1698 1045 1729 vel
1062 1705 1258 1734 sermonem,
1277 1696 1328 1727 vel
1357 1705 1423 1726 rem
1440 1695 1580 1735 aliquam
1598 1697 1798 1735 auspicatur,

181 1757 200 1779 θ
227 1749 294 1780 Deo
324 1749 454 1781 initium
483 1751 588 1787 ducat,
617 1753 648 1780 et
673 1749 706 1779 in
733 1750 800 1780 Deo
825 1749 1043 1788 conquiescat.
1075 1758 1089 1776 ιο
1120 1747 1194 1778 time
1232 1746 1381 1778 omnium
1423 1746 1587 1777 actionum
1622 1750 1804 1778 nostrarum

182 1806 303 1830 norma.

221 1849 250 1879 2°
265 1849 348 1886 Quid
364 1851 430 1882 Deo
449 1842 647 1882 oti'erendnm
659 1852 674 1882 ‘2
691 1862 705 1879 «
726 1850 764 1890 to)
781 1848 1014 1888 Unusquisque
1032 1849 1109 1884 Deo,
1128 1847 1214 1887 quod
1232 1850 1359 1884 poterit,
1380 1846 1504 1882 otl'erat,
1517 1845 1632 1884 quovis
1649 1847 1805 1884 tempore.

183 1901 300 1938 quovis
318 1909 434 1939 genere
451 1901 522 1932 vitae
537 1905 566 1932 et
582 1901 731 1938 fortunae,
750 1909 806 1940 pro
825 1900 992 1940 praesentis
1008 1898 1170 1930 facultatis
1197 1897 1339 1934 modulo,
1370 1904 1427 1935 pro
1446 1895 1545 1934 gratia
1560 1894 1623 1925 sibi
1639 1903 1803 1932 concessa,

183 1954 215 1981 ut
230 1959 285 1989 per
302 1958 413 1982 omnes
429 1951 556 1982 virtutis
570 1952 693 1988 modos,
710 1958 823 1981 omnes
839 1949 978 1980 cwlcstis
995 1948 1084 1987 regni
1100 1947 1284 1979 mansiones
1297 1946 1499 1985 impleamus.
1518 1956 1534 1974 υ

218 2001 249 2031 3⁸
264 2001 340 2031 Tam
357 2001 527 2040 benignus,
547 2005 609 2032 tam
624 2001 764 2032 clemens
781 2005 828 2031 est
844 2000 942 2036 Deus,-
961 2003 997 2029 ut
1021 1998 1071 2030 vel
1095 1998 1228 2029 minima
1248 1997 1364 2027 lubens
1378 1995 1523 2034 accipiat,
1555 1995 1581 2025 si
1606 1995 1805 2026 voluntatem

181 2052 338 2091 cupiditas
357 2061 421 2083 non
440 2053 639 2092 comprimat,
655 2056 685 2084 et
701 2051 860 2091 angustiis
880 2049 1017 2090 pectoris
1033 2056 1166 2079 munera
1182 2055 1245 2078 non
1263 2050 1482 2078 coarctentur:
1499 2044 1572 2085 «((1)
1592 2044 1675 2074 Nihil
1692 2053 1803 2075 eorum

180 2110 252 2140 quas
268 2103 334 2134 Deo
350 2102 541 2139 otieruntur,
558 2107 618 2134 tam
638 2111 769 2141 parvum
783 2105 841 2137 est,
857 2100 1005 2140 quamvis
1023 2099 1117 2130 etiam
1136 2097 1263 2128 minimi
1291 2097 1445 2128 momenti
1464 2094 1518 2131 sit,
1539 2095 1687 2134 quamvis
1711 2096 1806 2134 longe

148 2147 150 2151 ’
181 2151 262 2182 infra
275 2151 362 2181 illius
378 2151 577 2190 dignitatem,
590 2152 676 2190 quod
693 2158 756 2181 non
772 2149 904 2181 omnino
920 2149 1067 2188 accipiat,
1085 2152 1278 2187 gratumque
1304 2147 1473 2178 habeat....
1491 2145 1575 2176 Illud
1592 2144 1723 2183 quidem
1740 2144 1803 2174 mi-

182 2202 268 2232 nime
283 2202 417 2233 dubium
435 2207 495 2240 est,
511 2202 602 2241 quin,
619 2200 745 2232 etiamsi
763 2200 872 2232 omnia
891 2198 1135 2232 contulerimus,
1163 2197 1271 2227 minus
1286 2201 1391 2227 tamen
1413 2195 1559 2227 collaturi
1577 2195 1691 2230 simus,
1707 2203 1804 2233 quam

180 2252 373 2290 accepimus.
388 2251 653 2291 Quandoquidem
684 2250 784 2282 divini
807 2249 952 2281 beneﬁcii
980 2252 1039 2284 est,
1067 2248 1155 2288 quod
1182 2255 1308 2284 sumus,
1335 2246 1421 2285 quod
1448 2246 1552 2276 Deum
1568 2244 1804 2282 cognoscimus,

180 2302 331 2341 quodque
348 2302 455 2339 etiam,
467 2302 552 2342 quod
567 2302 752 2337 offeramus,
770 2300 936 2332 habemus.
965 2299 1072 2338 Atque
1101 2298 1180 2329 illud
1198 2298 1451 2337 pulcherrimum
1465 2294 1805 2338 humanissimumque

180 2353 376 2384 censendum
395 2357 455 2389 est,
471 2353 557 2392 quod
571 2354 657 2384 Deus
674 2351 891 2391 largitionem,
911 2357 976 2380 non
990 2348 1104 2380 oblata)
1125 2348 1171 2379 rei
1200 2348 1305 2388 pretio
1322 2351 1352 2379 et
1367 2346 1534 2386 dignitate.
1551 2345 1607 2375 sed
1635 2343 1802 2374 oti‘erentis

181 2404 294 2433 atlectu
314 2403 505 2434 etfacultate
519 2404 658 2434 metitur.
677 2414 692 2431 »

219 2453 250 2483 Ir
267 2453 351 2489 Quid
378 2453 518 2484 maxime
535 2454 672 2493 postulet
688 2462 703 2483 a
725 2452 829 2490 nobis,
845 2455 946 2484 totum
974 2452 1062 2491 gravi
1086 2449 1243 2481 sententia
1273 2452 1305 2480 et
1329 2450 1509 2479 memoratu
1525 2446 1622 2486 digna
1649 2446 1801 2477 inculcat.

182 2514 197 2531 ι
213 2503 249 2542 (ε)
264 2503 350 2533 Dixit
365 2505 461 2534 abbas
479 2503 654 2541 Gregorius
680 2502 872 2540 Theologus
887 2510 896 2530 :
912 2499 984 2530 Tria
1002 2499 1067 2530 haec
1083 2499 1183 2538 exigit
1205 2499 1292 2529 Deus
1308 2499 1346 2530 ab
1364 2498 1452 2529 omni
1473 2497 1606 2528 homine
1628 2495 1803 2535 baptizata.

182 2554 273 2583 [idem
291 2557 409 2584 rectam
421 2561 458 2583 ex
474 2553 594 2590 animo,
616 2552 778 2584 veritatem
794 2551 826 2581 in
843 2551 951 2589 lingua
966 2555 998 2581 et
1013 2549 1254 2588 temperantiam
1271 2549 1311 2579 de
1326 2556 1471 2586 corpore.
1487 2557 1503 2579 ι

219 2606 249 2637 5⁸
263 2605 388 2642 Quibus
408 2613 449 2636 ex
466 2603 582 2640 causis,
611 2611 675 2642 quo
694 2602 756 2632 tine
774 2601 921 2640 prasclara
937 2599 1076 2630 facinora
1091 2599 1241 2638 quisquis
1266 2598 1470 2637 aggrediatur
1486 2599 1608 2637 optime
1624 2597 1804 2634 constituit,

181 2663 309 2686 omnem
318 2655 438 2686 aditum
448 2662 534 2685 vanm
542 2649 923 2692 glorimobstruendo.«(/)
933 2650 965 2682 Si
978 2649 1085 2688 gloriae
1096 2649 1282 2688 cupiditate,
1291 2659 1325 2680 ac
1336 2657 1399 2688 non
1413 2646 1670 2692 veritatis'studio
1678 2649 1709 2676 et
1718 2654 1807 2677 amo-

182 2715 214 2736 re
224 2714 283 2736 nos
292 2704 526 2744 periculaadire
538 2702 929 2742 existimabat{Julianus),
942 2703 1008 2731 haec
1017 2707 1094 2731 sane
1103 2699 1187 2740 apud
1195 2699 1268 2731 illos
1278 2700 1388 2731 ludant
1398 2699 1619 2740 Empedocles.
1630 2703 1659 2730 et
1668 2699 1806 2735 Aristaei,

227 2799 253 2836 (ι)
270 2798 380 2827 Sozam.
392 2800 410 2827 l.
427 2800 453 2833 5,
470 2808 495 2828 c.
510 2800 550 2836 16,
568 2808 595 2836 p.
607 2799 673 2828 619:
908 2831 911 2834 Α
1055 2796 1088 2833 (ρ)
1105 2795 1210 2830 Apoph.
1225 2795 1284 2823 Pat.
1298 2794 1369 2832 apud
1382 2794 1480 2828 Cotel.,
1504 2802 1530 2830 ι).
1558 2793 1622 2828 410,
1649 2798 1669 2822 t.
1691 2793 1712 2821 ll
1729 2792 1804 2820 Man.

229 2839 253 2867 υ)
270 2836 356 2866 (ιι-,2,
375 2844 402 2863 ηε
422 2837 447 2862 1.
1019 2832 1066 2860 Εἰ·
1085 2831 1172 2867 ίῖἷωει

228 2850 253 2903 ες
265 2850 316 2898 5;:
329 2850 459 2904 textis.
1019 2850 1039 2860 “

1019 2850 1184 2904 “(Opi-"fi,
1202 2875 1227 2893 ιι.
1243 2865 1285 2893 50.

217 2906 256 2940 κά)
270 2905 348 2940 ιυω..
363 2914 390 2933 n.
408 2905 433 2932 8.
