2058 3128
269 168 321 196 “3
762 165 945 193 PREFATIO
963 164 1167 194 GENEBALIS.
1189 179 1222 185 —
1241 163 1332 192 PARS
1352 164 1395 191 lli.
1837 160 1889 190 144

270 233 301 261 et
312 226 522 267 Empedolimi
538 226 679 266 quidam,
691 235 726 257 ac
741 227 929 266 Trophonii,
941 229 1035 265 atque
1047 225 1231 265 hujusmodi
1243 225 1432 256 miserorum
1445 223 1609 254 hominum
1625 221 1780 252 chorus...
1793 220 1833 262 (α)
1850 222 1889 253 At

271 279 463 311 Christianis
477 277 654 318 jucundius
667 281 713 307 est
731 277 858 316 pietatis
877 285 971 307 causa
999 276 1072 315 pati,
1104 275 1230 306 etiamsi
1258 283 1353 305 nemo
1375 275 1406 305 id
1431 274 1609 305 resciturus
1634 271 1688 308 sit,
1704 280 1799 310 quam
1814 271 1885 302 aliis

271 340 343 363 cum
361 329 526 368 impietate
542 328 666 364 Durare,
683 331 779 366 atque
794 327 827 357 iu
842 326 939 365 gloria
958 325 1295 357 versari.Hominibus
1307 325 1426 364 quippe
1443 324 1579 363 placere,
1597 331 1706 362 parum
1718 323 1888 354 admodum

271 391 438 418 curamus;
457 381 489 412 id
509 387 607 410 unum
639 380 839 417 expetentes,
865 380 899 406 ut
930 374 1082 407 honorem
1107 383 1125 405 a
1148 376 1213 405 Deo
1229 383 1487 413 consequamur;
1504 374 1570 404 imo
1595 373 1769 404 sublimius
1789 373 1886 404 etiam

269 435 478 474 assurgimus.
497 432 553 473 (De
570 430 611 461 iis
628 430 753 469 loquor,
771 428 826 468 qui
845 436 917 458 vere
936 423 1133 465 philosnphi,
1150 432 1290 463 veroque
1308 423 1363 454 Dei
1380 431 1487 455 amore
1505 423 1627 463 praediti
1645 427 1746 466 sunt).
1762 427 1890 467 Quippe

271 488 328 526 qui
344 488 427 517 bono
445 482 596 524 conjungi
614 483 743 519 propter
760 479 866 518 ipsum
885 478 1004 508 bonum
1022 478 1224 514 emptamus,
1243 481 1305 504 non
1324 477 1430 505 autem
1448 477 1575 513 propter
1594 475 1732 508 honores
1750 477 1781 507 in
1792 478 1891 510 altero

271 523 339 569 (evo
355 523 547 567 reconditos.
568 531 734 562 Secundus
751 530 836 560 enim
859 527 910 557 hic
929 527 1138 565 honestorum
1155 527 1185 555 et
1198 523 1406 555 laudabilium
1421 524 1561 555 virorum
1579 526 1695 564 gradus
1711 531 1769 563 est,
1788 529 1892 567 pretio

273 597 308 619 ac
325 585 470 618 mercede
486 582 606 622 aliquid
626 581 746 617 facere;
770 578 1041 618 quemadmodum
1056 575 1087 604 in
1106 574 1195 604 tertia
1210 572 1310 604 classe
1326 573 1501 605 collocandi
1518 578 1606 612 sunt,
1622 576 1678 616 qui
1691 586 1789 616 pmnaa
1805 583 1893 609 metu

272 646 288 668 a
306 636 427 667 scelere
442 638 472 664 et
489 632 644 664 maleﬁcio
658 631 874 662 deterrentur.
893 638 907 655 ι

312 689 344 719 6°
359 688 461 725 Leges
471 684 617 717 amicitia;
640 683 680 712 ita
696 679 860 715 describit,
878 681 912 708 ut
936 675 975 707 ad
995 679 1179 714 perpetuam
1198 676 1366 707 hominum
1384 677 1585 709 concordiam
1605 680 1635 709 et
1656 678 1819 709 societatis
1842 679 1892 710 in-

272 737 492 769 columitatem
522 733 601 765 nihil
624 731 760 770 amplius
786 726 1049 760 desiderandum.
1075 725 1101 755 si
1121 733 1225 756 mores
1251 727 1288 757 ad
1314 727 1397 758 illud
1430 727 1590 766 exemplar
1619 727 1891 758 iuformarenlur:

274 799 289 816 α
305 787 346 827 (b)
364 786 456 826 Apud
472 783 669 815 Christianos
687 781 737 811 lex
756 783 786 810 et
808 785 916 808 norma
934 775 1083 827 amicitiae
1104 775 1243 827 quisque
1260 776 1329 816 ipse
1344 781 1402 814 est,
1414 781 1508 818 atque
1522 779 1630 809 eadem
1648 777 1803 816 proximis
1815 778 1894 809 velle

273 825 345 876 qum
365 825 400 867 et
423 835 484 866 sibi
501 834 574 873 ipsi.
599 831 727 862 Crimen
743 834 861 862 autem.
880 834 944 857 non
964 825 1058 856 modo
1078 826 1194 856 malum
1221 827 1404 864 exstitisse,
1429 828 1484 858 sed
1511 828 1606 859 etiam
1635 838 1652 859 a
1681 830 1762 860 malo
1781 838 1892 869 parum

274 875 428 924 abfuisse,
440 896 511 918 cum
527 883 685 924 cupiditas
699 882 765 920 ipsa
783 888 863 918 pene
883 881 918 909 ut
938 876 1021 908 actio
1038 875 1214 914 plectatur;
1231 877 1312 915 apud
1336 885 1419 916 quos
1432 881 1553 908 tantum
1571 878 1732 918 pudicitiae
1746 879 1888 910 studium

276 943 334 974 est,
352 943 386 969 ut
400 937 513 969 oculus
527 942 657 976 quoque
669 932 767 963 frenet
777 939 813 960 ur
826 937 862 960 ac
881 929 1090 966 reprimatur;
1108 929 1139 956 et
1163 934 1275 957 manus
1292 927 1494 966 sanguinaria
1513 932 1544 959 et
1561 930 1719 962 mortifera
1734 932 1776 962 ita
1793 931 1888 971 longe

275 994 411 1025 arcetur,
425 991 459 1019 ut
473 988 518 1018 ira
536 985 631 1017 etiam
643 983 711 1020 ipsa
728 983 927 1014 coercentur;
944 977 1122 1017 perjurium
1141 979 1244 1007 autem
1264 976 1344 1008 adeo
1358 981 1448 1009 atrox
1464 983 1495 1009 et
1512 978 1669 1011 nefarium
1681 987 1840 1019 censetur,
1855 985 1889 1013 ut

271 1039 497 1081 jusjurandum
517 1043 646 1077 quoque
660 1034 765 1072 ipsum
778 1030 869 1062 nobis
884 1028 961 1060 solis
973 1026 1178 1058 interdictum
1193 1026 1247 1058 sit.
1265 1039 1279 1056 ι

313 1077 346 1120 ἦ·
367 1087 600 1127 Benignitatem
627 1091 700 1121 erga
732 1087 885 1120 pauperes
916 1085 978 1110 non
1004 1082 1125 1111 tantum
1163 1078 1289 1114 suadet,
1319 1077 1374 1107 sed
1407 1078 1555 1109 maximis
1581 1084 1670 1118 urget
1700 1081 1884 1112 momentis.

277 1141 318 1180 (c)
341 1151 355 1168 α
370 1139 419 1169 An
441 1143 474 1169 tu
490 1134 737 1173 benignitatem,
754 1139 818 1161 non
844 1129 1070 1164 necessariam,
1093 1128 1148 1159 sed
1168 1129 1224 1159 tibi
1245 1127 1375 1159 liberam
1395 1136 1466 1160 esse
1484 1131 1597 1167 putas?
1613 1130 1658 1161 Ac
1681 1139 1746 1161 non
1772 1131 1872 1170 legem
1886 1153 1894 1166 ,

277 1179 334 1224 sed
352 1188 548 1223 consilium?
568 1187 637 1217 Hoc
654 1191 785 1224 quoque
802 1182 872 1221 ipse
891 1189 1082 1220 magnopere
1100 1180 1214 1212 vellem
1238 1183 1269 1211 et
1294 1179 1523 1210 existimarem.
1540 1180 1598 1211 Sed
1617 1189 1666 1212 me
1683 1182 1810 1213 sinistra
1840 1183 1893 1215 illa

277 1250 392 1274 manus
417 1241 525 1274 terret,
541 1241 571 1269 et
590 1235 684 1268 hardi,
703 1238 733 1264 et
750 1232 877 1273 probra,
894 1240 965 1271 quae
980 1231 1019 1262 ab
1037 1241 1088 1268 eo,
1103 1241 1119 1263 a
1137 1239 1202 1271 quo
1218 1230 1281 1260 illic
1301 1229 1444 1261 collocati
1466 1233 1552 1265 sunt,
1570 1231 1807 1270 conjiciuntur;
1830 1243 1894 1265 non

277 1293 354 1333 quia
373 1297 488 1322 manus
512 1286 627 1319 alienis
646 1284 740 1315 bonis
759 1281 948 1317 attulerunt,
967 1290 1025 1312 nec
1050 1281 1126 1321 quia
1155 1279 1270 1316 templa
1291 1278 1507 1317 diripuerunt,
1527 1283 1582 1310 aut
1608 1281 1800 1313 abulterium
1827 1292 1898 1321 per-

279 1326 454 1383 petrarunt,
471 1340 525 1370 aut
541 1335 628 1367 aliud
647 1332 800 1374 quiddam
820 1340 858 1362 ex
887 1330 960 1362 aliis
976 1339 1049 1370 quae
1074 1329 1242 1361 interdicta
1271 1331 1357 1362 sunt.
1373 1326 1580 1365 admiserunt,
1599 1328 1658 1360 hoc
1678 1330 1792 1363 ordine
1815 1332 1898 1363 mul-

279 1381 366 1429 elati,
382 1391 436 1422 sed
453 1389 527 1430 quia
543 1386 703 1419 Christum
723 1392 778 1423 per
796 1390 950 1420 pauperes
966 1381 1098 1412 minime
1116 1383 1276 1412 curarunt.
1294 1391 1308 1408 ιι

318 1442 350 1473 8'
367 1428 508 1471 Tandem
523 1435 741 1468 Christianum
760 1431 926 1463 beneﬁciis
944 1430 1064 1462 divinis
1079 1435 1134 1461 aut
1149 1429 1358 1466 cumulatum,
1375 1431 1430 1459 aut
1443 1428 1576 1460 multum
1596 1433 1741 1469 egentem
1754 1432 1896 1470 seipsum

280 1492 402 1524 intueri
426 1488 584 1528 cogendo,
597 1485 724 1524 egregie
746 1484 784 1515 ad
809 1482 972 1514 charilalis
997 1482 1100 1514 oﬁicia
1133 1481 1287 1514 accendit.
1307 1492 1322 1509 ιι
1338 1480 1381 1521 (d)
1408 1481 1514 1512 Habes
1534 1481 1736 1521 beneﬁcium,
1754 1485 1840 1524 quod
1868 1489 1899 1516 te

282 1543 456 1573 multorum
486 1538 708 1569 mandatorum
742 1535 934 1566 submoneat
957 1544 964 1564 :
991 1541 1032 1564 ne
1070 1533 1278 1572 contemptim
1311 1536 1493 1572 praetereas.
1522 1533 1645 1573 Pauper
1679 1536 1836 1566 accessit?
1863 1537 1900 1568 In

282 1598 422 1626 mentem
444 1589 500 1621 tibi
528 1587 648 1622 veniat,
676 1595 717 1617 ex
745 1593 839 1625 quam
859 1583 946 1622 gravi
976 1585 1159 1623 paupertate
1176 1583 1214 1614 ad
1240 1586 1378 1622 quantas
1405 1582 1534 1613 divitias
1561 1589 1729 1621 provectus
1747 1594 1793 1616 es.
1817 1587 1900 1619 Pane

281 1650 405 1678 carens,
428 1644 482 1671 aut
502 1643 591 1678 potu,
616 1641 713 1676 atque
739 1635 835 1666 etiam
864 1634 1000 1664 fertasse
1027 1634 1165 1664 Lazarus
1195 1632 1356 1672 quispiam
1373 1631 1411 1662 ad
1441 1632 1557 1663 domus
1586 1640 1649 1663 tuas
1673 1633 1758 1666 fores
1787 1645 1901 1675 provo-

284 1692 392 1723 Intus?
413 1691 537 1720 Moveat
553 1691 583 1718 te
609 1685 741 1725 mystica
767 1692 888 1720 mensa,
913 1684 951 1714 ad
978 1691 1075 1730 quam
1098 1683 1280 1720 accessisti;
1307 1685 1431 1713 moveat
1461 1686 1491 1713 te
1510 1682 1601 1722 panis
1620 1683 1675 1714 ille
1707 1685 1797 1724 cujus
1828 1695 1901 1724 par-

283 1744 384 1782 ticeps
407 1740 509 1772 factus
531 1747 578 1774 es,
604 1737 686 1768 calix
710 1736 775 1772 ille,
802 1742 898 1773 quem
929 1734 1102 1773 accepisti,
1120 1742 1191 1764 cum
1209 1733 1327 1764 Christi
1359 1733 1565 1772 passionibus
1593 1733 1778 1766 initiareris.
1803 1736 1899 1768 Pere-

282 1794 395 1832 grinus
411 1791 449 1823 ad
473 1799 576 1830 genua
594 1793 645 1820 tua
663 1786 845 1826 procubuit.
863 1786 958 1816 domo
973 1794 1099 1823 carens,
1114 1785 1256 1816 advena?
1279 1786 1337 1815 Per
1353 1784 1438 1815 hunc
1453 1793 1526 1816 eum
1551 1786 1674 1824 excipe,
1700 1787 1755 1826 qui
1775 1794 1902 1827 propter

284 1850 315 1875 te
333 1843 553 1883 peregrinatus
576 1843 635 1875 est,
654 1838 752 1878 idque
775 1836 808 1866 in
838 1835 990 1876 propriis,
1017 1835 1139 1875 quique
1160 1844 1215 1875 per
1233 1835 1364 1873 gratiam
1395 1836 1433 1865 ad
1461 1838 1491 1866 te
1508 1835 1719 1874 immigravit,
1744 1841 1840 1877 teque
1863 1839 1899 1870 ad

285 1895 411 1927 cmleste
435 1891 635 1924 domicilium
663 1888 827 1928 pertraxit.
858 1887 1024 1919 Zachaaum
1051 1886 1223 1922 imitare",
1252 1886 1366 1922 illum,
1394 1887 1547 1927 inquam,
1576 1886 1644 1917 heri
1674 1888 1902 1927 publicanum,

285 1947 380 1978 hodie
408 1945 508 1976 animi
536 1941 758 1981 magnitudine
784 1943 814 1972 et
842 1940 1034 1971 liberalitate
1053 1940 1234 1980 praeditum.
1265 1939 1443 1972 Facultates
1470 1949 1584 1973 omnes
1614 1945 1685 1973 tuas
1710 1942 1902 1981 ingredienti

284 1997 412 2029 Christo
426 1995 517 2031 offer,
535 1997 580 2028 ut,
604 1993 677 2023 licet
695 1991 851 2031 corporali
869 1995 988 2022 statura
1005 1991 1154 2030 pusillus,
1172 1990 1279 2022 animo
1296 1995 1402 2022 tamen
1419 1991 1578 2028 eveharis,
1597 1991 1757 2024 Christum
1775 1994 1904 2032 egregie

286 2046 502 2086 conspicatus.
517 2043 667 2081 Egrotus
696 2044 826 2080 prostat,
843 2049 879 2071 ac
899 2040 1053 2072 saucius?
1075 2041 1200 2071 Moveat
1224 2044 1254 2072 te
1275 2041 1395 2072 sanitas
1423 2045 1492 2078 tua,
1518 2045 1549 2072 et
1579 2043 1711 2074 vulnera
1729 2044 1848 2083 quibus
1875 2048 1904 2074 te

285 2097 432 2129 Christus
453 2093 611 2126 liberavit.
626 2092 658 2122 Si
685 2091 803 2121 videris
819 2090 955 2127 nudum,
982 2090 1071 2129 operi
1089 2099 1175 2126 eum,
1204 2095 1292 2122 tuum
1314 2092 1564 2130 incorruptionis
1590 2093 1828 2129 indumentum.
1846 2094 1905 2126 hoc

287 2154 352 2186 cst,
374 2146 536 2178 Christum
565 2144 688 2174 honore
717 2149 938 2180 prosequens:
963 2144 1121 2181 quotquot
1148 2142 1233 2172 enim
1253 2141 1286 2173 in
1313 2141 1476 2174 Christum
1503 2144 1654 2183 baptizati
1672 2153 1798 2180 sumus,
1814 2144 1906 2174 Chri-

287 2203 371 2230 stum
401 2196 566 2228 induimus
582 2193 616 2223 ‘°.
648 2193 679 2223 Si
705 2191 879 2222 debitorem
919 2195 1030 2222 nactus
1060 2191 1104 2221 sis
1129 2191 1168 2222 ad
1197 2191 1293 2230 pedes
1320 2196 1391 2223 tuos
1418 2200 1490 2224 sese
1525 2194 1749 2232 abiicientem.
1774 2202 1905 2232 syngra-

288 2250 382 2287 pham
420 2255 570 2283 omnem,
589 2248 650 2274 tam
679 2242 939 2281 justam,’quam
965 2241 1114 2280 injustam
1155 2241 1312 2274 rescinde.
1338 2243 1456 2273 Decem
1488 2243 1542 2274 illa
1573 2244 1764 2274 talentorum
1794 2243 1905 2280 millia,

288 2308 359 2340 quae
376 2298 431 2329 tibi
447 2297 592 2328 Christus
612 2293 747 2329 remisit,
771 2294 803 2324 in
820 2293 1006 2325 memoriam
1029 2302 1155 2325 revoca.
1173 2293 1243 2324 Noli
1263 2297 1292 2325 te
1320 2295 1470 2325 acerbum
1498 2295 1631 2325 minoris
1658 2295 1755 2326 debiti
1782 2299 1907 2326 exacto-

289 2359 354 2382 rem
371 2351 523 2390 praehere,
540 2346 715 2387 etquidem
734 2345 912 2382 conservis,
929 2353 1000 2376 cum
1020 2345 1077 2377 tibi
1097 2355 1113 2376 a
1129 2346 1265 2377 Domino
1296 2347 1395 2386 major
1422 2355 1548 2378 summa
1576 2347 1754 2378 condonata
1781 2346 1838 2383 sit;
1868 2355 1906 2376 ne

290 2402 499 2434 humanitatis
522 2408 655 2440 quoque
674 2399 774 2435 illius,
792 2408 888 2438 quam
914 2399 972 2430 tibi
998 2399 1031 2430 in
1054 2399 1235 2439 exemplum
1267 2400 1460 2439 prooositam
1489 2399 1734 2440 haudquauuam
1762 2401 1906 2431 imitatus

290 2463 336 2490 es,
360 2461 458 2493 paena)
473 2461 490 2484 a
507 2456 536 2484 te
552 2454 742 2492 expetantur
752 2450 786 2482 “.
801 2461 815 2479 υ

327 2504 466 2535 Plurima
485 2507 561 2534 sunt
578 2503 612 2534 in
641 2502 794 2542 operibus
819 2501 968 2541 Gregorii
990 2501 1156 2532 historiam
1185 2502 1371 2541 spectantia,
1387 2511 1459 2542 qua;
1481 2502 1605 2541 singula
1631 2502 1748 2533 referre
1777 2502 1906 2542 longum

289 2555 379 2586 foret.
398 2554 497 2584 Pauca
514 2562 530 2583 e
554 2552 664 2584 multis
686 2552 828 2590 seligam.
845 2552 880 2582 lu
901 2552 1045 2583 oratione
1059 2561 1101 2582 xx

1095 2561 1167 2582 [xm
1196 2553 1240 2591 (n‘
1256 2552 1305 2590 11)
1331 2552 1441 2584 scribit
1469 2553 1595 2583 Petrum
1614 2552 1648 2583 in
1670 2553 1778 2584 Ju-iaaa
1807 2554 1907 2585 Evan-

289 2604 406 2643 gelium
434 2603 635 2642 praedicasse.
651 2603 768 2634 Lucam
790 2603 823 2632 in
841 2602 973 2639 Achaia,
995 2602 1161 2634 Andraeam
1181 2602 1215 2634 in
1240 2602 1348 2642 Epiro,
1372 2604 1528 2635 Joannem
1550 2603 1680 2643 Ephesi,
1698 2603 1852 2636 Thomam
1877 2605 1908 2635 in

289 2657 391 2694 India,
406 2656 548 2687 Marcum
563 2656 598 2687 in
614 2655 716 2686 Italia.

323 2732 346 2748 "
359 2731 424 2759 Luc.
439 2731 567 2765 xix,2-9.
605 2731 627 2749 ⁸ο
640 2730 700 2760 Gal.
720 2738 763 2766 ιιι,
773 2729 818 2759 27.
857 2730 879 2747 “
892 2730 987 2760 Matth.
1003 2738 1080 2767 xvm,
1093 2730 1190 2760 24-55.

327 2800 363 2836 (ιι)
383 2801 431 2829 0r.
447 2802 473 2835 ι,
489 2809 514 2830 n.
536 2801 580 2829 60.

1162 2800 1197 2836 (c)
1210 2799 1256 2836 0r.
1274 2799 1318 2832 Η,
1332 2808 1358 2828 η.
1373 2799 1417 2836 59.

328 2801 363 2836 (ιι)
383 2801 431 2829 0r.
447 2802 473 2835 ι,
489 2809 514 2830 n.
536 2801 580 2829 60.

328 2837 364 2872 (ιι)
384 2837 430 2866 0r.
445 2837 471 2870 4,
488 2845 515 2865 n.
529 2837 579 2865 125

1161 2801 1197 2870 ξε)
1210 2801 1256 2828 0r.
1274 2801 1318 2832 Η,
1332 2808 1358 2828 η.
1373 2801 1418 2828 59.

1172 2836 1199 2871 ἀ)
1214 2835 1260 2864 οι·.
1275 2835 1319 2868 ιυ,
1337 2844 1364 2864 ιι.
1383 2835 1427 2864 5t.
