2058 3128
163 192 214 219 “Ti
659 193 843 223 ΡΙΙΑΞΓΑΤΙΟ
861 194 1065 223 GENERALIS.
1085 210 1120 216 —
1138 194 1228 223 PARS
1246 194 1279 222 Ill
1740 195 1789 224 “6

204 251 338 283 Videtur
354 252 438 283 inter
459 253 603 284 victimas
627 262 684 293 pro
700 254 827 286 Christo
852 263 950 286 caesas
975 263 1144 286 recensere
1172 254 1226 285 SS.
1241 255 1356 285 Lucam
1379 257 1410 285 et
1436 254 1603 285 Joannem.
1624 265 1639 282 α
1665 253 1705 294 (a)
1720 255 1789 286 Non

164 303 309 334 victimas
331 312 386 341 pro
401 303 532 334 Christo
550 312 646 335 caesas
672 305 792 335 veritus
815 306 875 336 es?
892 313 949 337 nec
966 313 1097 344 magnos
1124 303 1248 343 pugiles
1274 304 1467 340 extimuisti,
1496 304 1651 335 Joannem
1678 304 1788 341 illum,

164 354 305 391 Petrum,
331 354 486 391 Paulum,
511 354 683 392 Iacobum,
708 355 915 395 Stephanum,
947 352 1085 390 Lucam,’
1102 355 1280 391 Andraeam,
1309 353 1472 390 Theclam,
1497 362 1551 385 eos
1573 355 1629 395 qui
1659 360 1690 386 et
1720 359 1790 394 post

165 406 251 443 illos,
269 414 324 445 pro
343 406 473 436 veritate
499 405 650 444 periculis
666 415 701 438 se
725 407 922 446 objecerunt.
937 406 998 443 Qui
1015 414 1086 437 cum
1108 404 1188 445 igni,
1217 409 1248 436 et
1263 405 1359 442 ferro,
1375 409 1406 436 et
1430 405 1560 442 belluis,
1577 408 1608 436 et
1632 407 1790 444 tyrannis,

167 461 196 489 et
223 455 435 496 prtnsenlibus
465 455 596 491 malis,»
626 459 687 486 etc.
710 456 850 486 Joannes
881 460 984 487 tamen
1013 459 1043 487 et
1070 456 1183 492 Lucas,
1207 455 1354 495 quamvis
1377 456 1480 488 crucis
1513 455 1790 487 mortificationem

164 507 285 547 jugiter
302 506 335 536 in
351 505 421 536 suis
439 506 628 545 corporibus
653 507 859 545 pertulerint,
877 511 908 538 et
928 506 1103 545 permultas
1121 511 1253 547 propter
1268 507 1432 538 Christum
1449 511 1480 551 et
1497 507 1566 546 ejus
1580 507 1792 546 Evangelium

169 559 363 592 calamitates
387 558 470 597 passi
493 559 577 589 sint:
597 559 897 599 «Haudquaquam,
916 562 948 589 ut
968 559 1080 590 scribit
1098 559 1184 590 Elias
1204 559 1367 590 Cretensis
1387 557 1442 600 (b),
1457 558 1636 590 Comment.
1657 559 1688 590 in
1712 564 1792 591 orat.

168 610 222 649 ιιι,
245 621 331 643 nunc
355 621 399 648 xv,
423 611 608 651 interempti
634 615 722 649 sunt,
738 620 850 643 verum
876 611 909 643 in
939 620 1016 652 pace
1046 611 1086 643 ad
1112 620 1204 648 eum,
1233 611 1290 652 qui
1320 611 1407 651 pacis
1436 612 1523 642 Deus
1550 615 1599 643 est
1612 614 1646 650 θ’,
1674 615 1795 646 reversi

169 668 256 697 sunt.
268 676 283 694 ιο

210 715 324 746 Scribit
344 715 518 754 Gregorius
547 715 671 746 Petrum
700 714 822 753 lupinis
860 713 955 745 unico
981 722 1053 745 asse
1076 713 1194 752 emptis
1225 713 1321 745 vitam
1352 713 1530 745 tolerasse:
1553 712 1716 744 «Pulchra
1746 721 1796 744 res

172 768 276 799 victus
295 769 448 804 tenuitas,
463 767 570 807 inquit
586 767 625 807 (c)
643 779 650 798 :
668 768 860 798 documento
877 767 956 798 mihi
974 770 1037 798 est.
1052 788 1060 798 .
1075 789 1083 798 .
1097 789 1105 798 .
1121 767 1233 797 Petrus
1257 766 1314 805 qui
1339 765 1461 806 lupinis
1481 765 1577 797 unico
1595 773 1666 796 asse
1681 765 1798 804 emptis

172 817 352 848 alebatur.»
369 835 406 840 —
425 831 440 848 α
454 820 523 851 Hoc
544 823 663 856 autem,
680 819 724 850 ait
751 820 889 857 Nicetes,
912 819 1036 851 Comm.
1058 819 1091 850 in
1114 822 1196 850 orat.
1211 819 1253 850 al.
1269 828 1338 855 xvr,
1358 827 1387 858 p.
1403 819 1474 856 659,
1491 827 1530 848 ex
1554 816 1692 856 quodam
1714 816 1798 848 libro

173 871 380 910 desumptum
411 875 459 903 est
487 873 520 903 i-n
550 872 803 904 ecclesiasticum
835 880 991 903 canonem
1031 871 1165 903 minime
1204 875 1376 911 recepto.»
1400 870 1574 910 Gregorius
1606 870 1673 901 haec
1704 870 1798 902 verba

173 922 266 952 Petro
282 922 413 953 ascribit
436 923 470 954 in
495 922 630 963 epistola
654 922 694 953 al.
726 932 792 959 xvt,
820 932 849 960 p.
885 922 946 953 778
974 933 983 953 ε
1014 934 1029 951 «
1056 923 1150 962 IEgra
1178 922 1285 954 anima
1317 922 1421 954 vicina
1440 926 1490 953 est
1516 923 1596 959 Deo,
1624 924 1658 952 ut
1683 921 1801 952 eximie

175 973 290 1005 alicubi
313 975 460 1015 loquitur
478 977 627 1007 Petrus.»
649 975 788 1007 Annotat
817 976 903 1007 Elias
933 976 1020 1007 hunc
1045 976 1152 1007 locum
1184 978 1348 1014 sumptum
1379 983 1451 1005 esse
1469 983 1508 1005 ex
1537 984 1576 1006 eo
1596 975 1717 1012 libello,
1744 976 1800 1015 qui

176 1025 329 1056 Doctrina
358 1026 447 1058 Petri
473 1027 682 1058 inscribitur:
702 1027 939 1058 Commentario
971 1027 1002 1058 in
1025 1030 1108 1058 orat.
1131 1026 1172 1057 al.
1199 1035 1281 1063 xvu,
1300 1035 1331 1066 p.
1348 1026 1418 1057 681s.
1439 1026 1513 1058 Hth
1539 1031 1646 1058 autem
1683 1028 1801 1058 verba:

177 1076 255 1117 ¢|(d)
277 1078 403 1108 Petrum
429 1076 588 1108 dicentem
616 1077 811 1108 audiamus:
839 1077 1026 1109 Erubescite
1053 1077 1109 1117 qui
1140 1076 1242 1108 aliena
1271 1076 1439 1113 detinetis,
1465 1077 1589 1116 Deique
1616 1077 1800 1117 aequitatem

176 1130 267 1160 vobis
291 1129 475 1160 imitandam
495 1129 674 1169 proponite,
696 1134 728 1161 et
748 1139 842 1161 nemo
863 1130 923 1161 erit
946 1139 1065 1169 pauper
1079 1140 1086 1159 :
1100 1142 1114 1158 ι
1134 1139 1172 1161 ex
1196 1130 1276 1161 libro
1296 1129 1552 1170 Apostolicarum
1579 1130 1803 1170 Quintianum.

176 1190 272 1221 quem
300 1186 408 1221 postea
426 1185 517 1214 sexta
537 1182 681 1221 synodus
709 1181 913 1220 improbavit,
932 1186 1082 1222 tanquam
1101 1181 1140 1212 ab
1161 1181 1317 1213 haereticis
1343 1182 1553 1221 depravatum
1570 1187 1602 1214 et
1632 1183 1804 1214 adumbra-

177 1237 257 1270 tum,
272 1237 400 1282 sumpta
415 1243 487 1266 esse
502 1234 613 1265 scribit
632 1235 769 1271 Nicetas,
785 1234 964 1266 Comment.
980 1234 1015 1265 in
1034 1238 1114 1265 orat.
1131 1234 1171 1265 al.
1188 1243 1255 1271 xvr,
1278 1243 1309 1274 p.
1325 1234 1396 1266 672.

216 1293 331 1324 Scribit
349 1294 525 1333 Gregorius
544 1295 581 1334 (ο)
607 1295 758 1326 Theclam
783 1295 938 1334 virginem
967 1295 1055 1326 necis
1086 1295 1286 1336 ﬂammaeque
1316 1296 1460 1334 periculo
1480 1296 1619 1335 primum
1648 1298 1806 1333 ereptam,

179 1344 255 1374 dcin
282 1344 443 1375 morsibus
471 1345 703 1384 unguibusque
730 1345 882 1382 leonum,
907 1345 962 1384 qui
999 1353 1174 1384 generosos
1204 1345 1339 1384 virginis
1368 1348 1454 1376 artus
1482 1347 1579 1376 dente
1607 1352 1752 1383 premere
1777 1346 1807 1374 et

180 1396 361 1435 discerpere
386 1397 518 1427 minime
535 1397 604 1428 ausi
624 1400 711 1433 sunt,
733 1406 750 1427 e
779 1403 914 1436 tyranno
932 1396 1037 1436 ipsius
1064 1405 1161 1436 proco
1184 1405 1245 1436 ope
1261 1397 1380 1427 Christi
1397 1401 1567 1428 servatam.
1589 1396 1625 1437 (f)
1651 1394 1805 1432 Quamvis

179 1454 248 1476 eam
268 1455 323 1485 pro
340 1445 466 1477 Christo
483 1447 671 1486 sanguinem
697 1455 793 1478 suum
815 1446 938 1478 fudisse
960 1455 1024 1477 non
1041 1450 1173 1484 asserat,
1192 1447 1272 1478 hanc
1298 1451 1404 1478 tamen
1433 1450 1580 1478 numerat
1612 1447 1697 1477 inter
1711 1453 1808 1477 ctesas

181 1500 212 1526 et
234 1495 374 1527 illustres
401 1505 457 1535 pro
479 1496 606 1527 Christo
636 1497 804 1528 victimas:
823 1497 905 1528 hanc
935 1497 990 1528 alii
1014 1501 1184 1537 martyrem
1207 1498 1379 1537 appellant.
1410 1497 1539 1528 Sacrum
1570 1497 1707 1537 egregiae
1733 1495 1807 1526 huic

180 1549 297 1587 virgini
323 1549 478 1588 templum
503 1553 569 1580 erat
594 1548 760 1588 Seleucia),
783 1558 861 1590 quo,
878 1549 1019 1581 abdicata
1048 1550 1125 1581 sede
1154 1549 1521 1590 Constantinopolitana,
1545 1549 1722 1588 Gregorius
1737 1556 1810 1579 sese

181 1601 312 1639 recepit.

222 1660 267 1690 De
286 1660 405 1692 Iudaeis
425 1660 505 1698 haac,
522 1661 616 1701 digna
635 1670 708 1702 quin
729 1662 952 1700 observentur,
972 1663 1067 1696 habet
1095 1664 1269 1703 Gregorius
1294 1664 1360 1703 (g):
1380 1664 1475 1696 «Una
1498 1663 1610 1702 utique
1636 1662 1700 1693 illis
1729 1669 1811 1692 ca.a-

183 1712 302 1743 mitalis
325 1713 473 1744 columna
490 1718 575 1745 totus
603 1719 757 1746 terrarum
776 1716 863 1747 orbis
888 1721 949 1755 est,
972 1726 1030 1757 per
1047 1726 1144 1758 quem
1165 1717 1252 1748 varie
1274 1716 1336 1748 fusi
1355 1717 1523 1756 sparsique
1541 1719 1636 1751 sunt,
1660 1714 1812 1745 divinus-

181 1771 244 1801 que
263 1762 368 1794 cultus
383 1773 585 1804 compressus
609 1770 640 1796 et
658 1767 850 1805 exstinctus,
868 1768 1042 1808 ipsumque
1066 1767 1146 1799 adeo
1173 1767 1451 1807 Jerosolymitanm
1468 1767 1556 1797 urbis
1584 1765 1707 1801 solum,
1724 1765 1811 1804 quod

183 1813 236 1843 vix
251 1816 315 1852 jam
331 1816 529 1854 agnoscitur,
545 1820 642 1855 atque
659 1817 813 1849 hactenus
832 1819 985 1849 duntaxat
1009 1819 1072 1850 illis
1093 1823 1188 1858 patet,
1208 1818 1305 1858 idque
1324 1817 1480 1849 duntaxat
1497 1817 1617 1847 fructus
1643 1824 1681 1846 ex
1709 1815 1812 1846 veteri

185 1872 241 1894 sua
261 1864 359 1903 gloria
377 1869 407 1896 et
422 1866 634 1905 amplitudine
656 1868 798 1907 capiunt,
815 1873 849 1899 ut
873 1878 928 1908 per
944 1870 1028 1901 diem
1052 1869 1218 1908 conspicui
1236 1868 1308 1900 facti
1328 1867 1537 1899 solitudinem
1561 1866 1702 1905 lugeant.
1716 1876 1731 1893 ι
1755 1865 1815 1896 Ea-

184 1916 257 1946 dem
283 1920 314 1947 et
342 1917 432 1956 plura
460 1918 555 1949 etiam
578 1919 617 1950 de
648 1919 770 1951 Judaais
799 1920 931 1960 plurimi
962 1925 1090 1952 narrant
1126 1920 1311 1960 scriptores,
1336 1920 1474 1951 maxime
1503 1920 1723 1958 Hieronymus
1756 1917 1812 1958 qui

186 1968 229 1998 ait
249 1966 304 2006 (It),
320 1977 423 2008 usque
447 1969 484 2000 ad
502 1978 560 2000 sua
585 1974 724 2010 tempora
747 1971 876 2002 Iudaeos
898 1971 1060 2010 prohiberi
1086 1972 1266 2003 Jerusalem
1293 1970 1435 2010 ingredi;
1463 1978 1599 2010 eosque,
1615 1968 1672 2009 qui
1697 1967 1814 1998 Christi

185 2018 374 2057 sanguinem
399 2024 554 2057 emerant,
571 2030 678 2052 emere
707 2021 860 2061 lacrymas
888 2031 974 2059 suas,
1000 2022 1032 2053 id
1052 2026 1101 2053 est
1134 2023 1271 2062 pecunia
1287 2021 1469 2052 facultatem
1487 2020 1669 2051 obtinuisse
1693 2021 1728 2049 ut
1750 2025 1816 2058 quo

186 2071 237 2101 die
253 2080 268 2101 a
284 2072 437 2103 Romanis
459 2077 547 2111 capta
564 2073 737 2114 dirutaque
751 2077 782 2105 et
798 2082 908 2105 eversa
924 2074 985 2106 fuit
1002 2075 1197 2111 Jerusalem,
1213 2074 1262 2104 illi
1282 2081 1410 2112 campos
1428 2072 1482 2103 ubi
1500 2070 1678 2103 Jerusalem
1697 2068 1814 2103 fuerat.

186 2119 327 2158 veniant,
344 2125 374 2152 et
398 2121 446 2153 eis
465 2123 589 2153 ruinam
617 2123 755 2155 civitatis
780 2123 856 2155 ﬂere
884 2124 986 2156 liceat.
1015 2125 1176 2157 Eusebius
1204 2128 1339 2157 testatur
1362 2124 1463 2155 lib.iv
1481 2123 1580 2160 Hist,
1596 2130 1664 2161 cap.
1681 2121 1712 2157 6,
1743 2119 1817 2151 uni-

188 2181 310 2204 versam
328 2178 454 2212 gentem
473 2175 655 2206 Judmorum
673 2176 704 2206 in
724 2175 887 2214 regionem
906 2177 987 2208 circa
1004 2177 1227 2218 Hierosolyma
1244 2177 1336 2208 sitam
1349 2177 1460 2216 pedem
1480 2175 1598 2206 inferre
1617 2173 1811 2214 prohibitam

187 2222 289 2254 fuisse
320 2223 561 2256 constitutione
589 2225 720 2256 Adriani
751 2226 972 2265 imperatoris;
998 2228 1077 2258 adeo
1107 2233 1140 2259 ut
1170 2237 1210 2259 ne
1238 2227 1419 2267 prostiicere
1450 2227 1580 2266 quidem
1598 2235 1614 2256 θ
1640 2224 1818 2263 IOnginquo

188 2273 324 2313 patrium
341 2274 445 2305 solum
463 2275 542 2314 ipsis
566 2274 687 2307 liceret.
706 2275 799 2312 Quod
825 2280 930 2309 tamen
948 2282 1059 2317 postea
1076 2286 1277 2316 concessum,
1295 2279 1342 2308 vel
1371 2277 1478 2317 potius
1504 2276 1638 2317 pecunia
1655 2278 1818 2315 emplum,

187 2327 222 2355 ut
241 2328 326 2355 notat
341 2325 524 2364 Gregorius.

227 2387 273 2418 Ex
302 2388 374 2427 ipso
398 2389 554 2421 discimus
581 2391 793 2424 Maximinum
818 2393 992 2426 crudeliori
1017 2395 1173 2427 adversus
1207 2395 1407 2427 Christianos
1436 2393 1665 2435 persecutione
1691 2399 1821 2432 grassa-

191 2441 269 2473 tum,
295 2447 393 2478 quam
421 2439 672 2480 Diocletianum,
702 2444 732 2474 et
760 2442 830 2482 ejus
863 2452 1081 2477 successorem
1112 2446 1356 2478 Maximianum.
1373 2447 1406 2488 (ί)
1435 2445 1648 2477 «Persecutio
1677 2446 1764 2480 erat,
1790 2446 1822 2474 et

189 2489 322 2528 quidem
354 2491 616 2529 persecutionum
642 2493 788 2524 omnium
814 2495 1034 2532 atrocissima,
1061 2497 1265 2536 maximeque
1287 2496 1458 2528 horrenda.
1478 2496 1523 2527 lis
1550 2495 1677 2535 loquor,
1702 2493 1822 2534 quibus

189 2539 357 2570 Maximini
381 2541 562 2578 persecutio
586 2546 659 2574 nota
681 2547 749 2580 est;
774 2544 848 2583 qui,
873 2553 945 2576 cum
971 2551 1042 2585 post
1068 2548 1199 2584 multos,
1226 2547 1281 2587 qui
1310 2547 1407 2586 paulo
1437 2550 1511 2578 ante
1545 2545 1746 2580 exstiterant,
1771 2544 1822 2574 in-

189 2590 341 2628 gruisset,
366 2591 426 2621 hoc
453 2591 576 2628 etfecit,
604 2597 637 2622 ut
660 2601 774 2625 omnes
803 2594 935 2626 humani
953 2605 989 2628 ac
1013 2596 1124 2628 faciles
1153 2597 1256 2628 fuisse
1283 2597 1510 2629 viderentur.»
1534 2595 1716 2627 Praeclaram
1742 2594 1822 2625 hanc

191 2650 301 2672 vocem
323 2642 439 2674 dictam
467 2644 600 2676 referta
625 2646 829 2678 Constantini
856 2648 962 2688 Magni
989 2653 1080 2689 patre
1107 2650 1310 2686 Constantio,
1337 2649 1481 2689 principe
1500 2648 1637 2688 optimo,
1663 2645 1721 2686 qui
1749 2654 1822 2677 cum

229 2715 252 2731 "
267 2715 383 2752 Philipp.
401 2725 438 2750 iv,
453 2717 480 2745 9.

229 2777 266 2814 (a)
277 2778 325 2806 Or.
339 2780 366 2812 ι,
380 2788 408 2807 n.
426 2780 471 2807 49.

1076 2780 1110 2814 (f)
1124 2780 1170 2807 0r.
1186 2780 1232 2813 ‘21,
1245 2780 1331 2808 η.10.

229 2814 266 2852 (b)
282 2814 310 2852 lu
328 2816 394 2852 edit.
411 2815 482 2847 Bill.,
497 2820 515 2843 t.
532 2815 565 2848 ll,
577 2824 637 2852 pag.
653 2815 715 2850 222,
732 2815 795 2844 223.

532 2815 565 2848 ΙΙ,
577 2824 637 2852 pag.
653 2815 715 2850 222,
732 2815 795 2844 Ξῖδ.
1078 2816 1115 2851 (q)
1127 2816 1174 2852 Ου’.
1192 2817 1219 2848 6,
1238 2826 1263 2843 ιι.
1286 2817 1328 2844 Ικ.

229 2849 487 2888 regnumne,
559 2847 626 2852 "'
710 2847 714 2850 ’

1074 2847 1113 2885 (In)
1131 2851 1163 2878 lu
1178 2860 1235 2888 cap.
1256 2859 1262 2878 I
1280 2852 1406 2888 Sep/mm,
1420 2854 1438 2878 t.
1453 2849 1495 2883 Ill,
1510 2857 1535 2884 ῃ.
1552 2847 1630 2876 1655.

229 2884 269 2919 (r1)
285 2884 332 2922 Or.
352 2887 438 2922 14,7".
455 2885 499 2913 24.

1075 2889 1107 2922 μ)
1124 2886 1225 2919 0r.13,
1244 2895 1269 2913 ιι.
1287 2887 1311 2913 5.

230 2922 265 2955 ξε)
281 2921 370 2948 Carm.
390 2921 427 2948 De
441 2929 519 2956 ιιι-(ιτ.
538 2922 571 2948 ad
587 2922 705 2956 virginea.
