2058 3128
251 187 303 215 U1
904 189 983 216 VlTA
1006 189 1036 218 ε.

1095 187 1228 218 κεεοιιιι.
1832 179 1881 206 N8
1914 223 1918 227 ,

248 248 289 279 ad
315 248 575 287 persecutionem
602 250 798 283 Christianis
832 250 1023 281 movendam
1051 251 1101 282 his
1130 248 1237 282 verbis
1261 247 1345 278 inter
1370 243 1432 276 alia
1455 252 1473 274 a
1501 239 1662 274 malevolo
1689 237 1871 278 impellere-

248 301 302 330 tur
320 298 360 339 (a)
381 311 389 331 :

650 353 847 396 Fﬁgﬁ‘slfsct'r‘;
863 353 937 394 ὲςτὶν
950 353 1145 396 ἡμερώτερονζ

602 388 672 414 Ἀλλ’
689 389 742 414 οὐδ’
758 389 850 424 ἐκείνη
861 388 914 415 τῶν
929 387 1091 424 τρυγώντων)
1108 387 1235 422 φείδεται·

603 444 686 481 [Istue
702 445 799 472 animal
816 453 865 481 ape
879 445 990 481 mitius?

607 478 660 506 Sed
673 488 722 508 nec
738 481 781 514 illa
794 478 869 508 favos
881 480 1064 508 auferentibus
1076 480 1179 515 parcit;

251 537 458 575 constantius
476 537 645 577 respondit
662 547 671 568 :

601 588 665 623 Πῶς
678 588 727 614 οὐκ
741 586 823 619 οἶδας.
839 584 862 614 ὦ
880 587 1001 623 βέλτιστε
1015 588 1058 624 ob,

612 625 657 654 Ὡς
671 624 724 650 οὐδ’
743 623 836 658 ἐκείνῃ
849 621 962 658 κέντρον
975 621 1192 656 ἐστὶν’ἀσφαλές;

602 659 680 685 Παίει
703 658 763 694 μὲν,
782 657 850 694 afri-i1
863 658 884 684 δ’
902 657 1004 690 εὐθέως
1020 657 1178 685 ἀπόλλυται.

601 715 640 741 Au
660 719 684 742 te
700 714 777 748 fugit,
789 715 832 740 vir
843 715 943 748 optimc.
956 734 963 745 .

601 750 677 783 Quod
696 750 779 783 ipsius
792 750 900 777 aculeus
915 749 1033 784 periculo
1045 756 1097 776 non
1114 748 1213 776 vacat?

601 785 660 819 Ipse
673 785 780 819 quidetu
793 786 899 820 pungit,
917 786 964 812 sed
978 786 1024 812 iila
1039 786 1130 812 statim
1145 784 1269 812 moritur.

247 844 392 876 Plurima
415 844 454 875 de
476 843 665 879 Constantio
689 842 868 874 honoriﬁce
889 843 1052 881 praedicat;
1081 843 1309 883 imperatorem
1338 841 1532 880 piissimum.
1557 837 1675 870 Christi
1695 834 1885 867 amantissia

252 904 353 930 mum.
374 894 429 934 qui
457 894 525 924 Deo
551 893 723 932 adjunctus
750 892 810 928 sit,
837 892 892 931 qui
913 892 1051 924 coelestis
1079 893 1189 932 gloriae
1209 892 1425 923 hmreditotem
1452 890 1628 929 acceperit,
1652 888 1708 928 qui
1739 887 1879 917 moriens

249 948 421 988 imperium
439 955 510 978 cum
535 945 669 977 meliore
691 945 909 975 commutarit.
927 945 996 975 Non
1018 945 1084 976 haec
1108 945 1265 981 Hilarius,
1284 953 1346 975 non
1369 944 1435 975 haec
1451 942 1657 977 Athanasius,
1684 949 1748 971 non
1777 939 1880 969 Theo-

251 1001 397 1034 doretus,
425 999 546 1038 aliique
573 997 750 1036 scriptores
783 997 1003 1032 ecclesiastici.
1026 997 1085 1028 Sed
1107 997 1171 1036 jam
1199 997 1231 1028 in
1259 996 1437 1037 Praeloquio
1461 996 1500 1027 ad
1528 995 1703 1027 orationem
1735 996 1877 1033 quartam

251 1051 318 1082 haec
341 1050 514 1089 diligenter
532 1057 666 1081 excussa
690 1052 777 1080 sunt.
803 1049 974 1089 Monilum,
995 1050 1022 1080 si
1048 1050 1139 1087 velit,
1162 1051 1253 1081 adeat
1279 1050 1396 1086 lector;
1423 1049 1516 1080 nobis
1542 1047 1641 1079 semel
1668 1047 1752 1078 dicta
1782 1040 1887 1077 retraJ

251 1101 354 1133 ctandi
378 1101 479 1132 otium
507 1109 572 1132 non
591 1104 656 1137 est;
677 1100 756 1140 quin
771 1101 866 1131 etiam
884 1109 954 1131 cum
977 1102 1152 1132 voluminis
1175 1104 1241 1139 tum
1260 1101 1415 1140 temporis
1435 1100 1592 1139 angustius
1621 1107 1679 1130 nos
1701 1102 1818 1136 cogunt
1846 1099 1886 1131 ul.»

249 1151 404 1192 prtel'andi
423 1152 597 1183 terminum
619 1151 671 1182 hic
687 1151 815 1183 tandem
835 1151 1022 1184 habeamus.

284 1213 323 1249 (α)
334 1212 424 1241 Carm.
437 1214 497 1241 adv.
513 1213 592 1241 iram.

953 1378 1183 1462 VITA

475 1525 759 1591 SANCTI
815 1527 1197 1591 GREGORII
1255 1526 1661 1591 THEOLOGI

549 1651 1584 1700 JNHSCOPICONSTANTINOPOLITANI

722 1761 764 1795 I‘EX
777 1761 876 1791 IPSIUS
888 1760 1074 1782 POTISSIMUM
1086 1759 1221 1782 SCRIPTIS
1234 1759 1412 1783 ADORNATA.

289 1899 437 1936 Gregorius
462 1899 669 1932 Nazianzenus,
698 1901 742 1937 qui
772 1902 806 1935 at)
826 1901 926 1938 eximia
949 1910 1039 1937 rerum
1056 1906 1078 1935 Α
1093 1901 1278 1930 suburbanum
1293 1901 1431 1928 Nazianzo
1445 1900 1551 1928 censeri
1571 1896 1691 1934 putant':
1717 1900 1798 1935 idque
1821 1899 1886 1927 inde

253 1943 405 1972 divinarum
423 1945 537 1972 scientia
554 1945 679 1981 T/ieologi
695 1953 792 1973 nomen
809 1947 883 1974 soltts
900 1952 962 1981 post
979 1956 1045 1982 apo-

253 1991 352 2018 stolum
368 1989 500 2019 Joannem
523 1991 641 2023 invenit,
657 1991 735 2025 quis,
760 1992 847 2026 qualis
874 1997 901 2019 et
924 1998 1044 2026 quantus

253 2037 345 2067 fuerit,
360 2044 454 2064 omnes
467 2044 520 2063 uno
533 2044 580 2064 ore
595 2036 681 2064 Graeci
693 2042 720 2063 et
735 2037 822 2064 Latini
838 2037 958 2065 melioris
973 2044 1044 2066 notze

252 2082 402 2116 scriptores
429 2081 605 2109 ecclesiastici
637 2082 914 2110 honorificentissime
951 2084 1043 2111 testati

253 2132 331 2160 sunt;
351 2128 478 2163 pauciora
497 2131 586 2154 tamen
605 2127 638 2154 de.
654 2127 712 2161 ejus
731 2128 784 2154 vita
804 2127 938 2163 rebusque
961 2130 1045 2163 gestis

254 2173 351 2202 litteris
375 2173 548 2201 mandarunt.
573 2172 670 2200 Verum
689 2173 745 2208 ipse
768 2173 916 2209 Gregorius
937 2176 1045 2210 proprio

254 2218 360 2250 calamo
372 2219 518 2254 Supplevit,
534 2223 589 2245 tum
605 2219 630 2246 in
647 2219 751 2254 prolixo
766 2221 909 2255 etegregio
925 2221 1045 2249 carmine

254 2263 325 2295 quod
340 2263 372 2298 de
387 2264 444 2297 suis
457 2264 538 2291 rebus
552 2264 608 2298 ipse
620 2265 740 2299 scripsit,
756 2270 811 2291 tmn
825 2267 907 2292 variis
922 2266 947 2292 in
965 2267 1043 2297 locis.

254 2316 301 2335 seu
318 2309 467 2336 carminum
486 2314 656 2342 caeterorum,
671 2318 719 2338 seu
733 2312 888 2339 orationttm
905 2317 931 2339 et
947 2313 1045 2347 episto-

255 2354 359 2386 iarutn,
378 2355 404 2380 in
423 2355 520 2389 quibus
539 2356 655 2390 plurima
679 2357 712 2384 de
731 2357 821 2392 seipso
837 2363 1044 2386 commemorat.

254 2399 346 2433 Quare
363 2401 464 2435 scripta
483 2401 618 2437 Gregorii,
637 2402 704 2430 Vita:
718 2403 812 2437 ipsius,
831 2411 864 2430 ac
876 2411 969 2431 eorum
986 2412 1046 2439 qua:

255 2446 288 2473 de
304 2446 361 2480 ipso
379 2447 534 2479 scribimus,
550 2447 622 2475 basis
638 2453 700 2476 sunt
714 2456 746 2476 ac
763 2448 977 2477 fundamentum.

254 2503 274 2531 I.
304 2503 425 2538 Gregorii
443 2504 531 2538 patria
557 2511 567 2530 :
591 2511 627 2530 an
650 2503 832 2538 Nazianzum,
859 2514 894 2532 an
916 2505 1047 2533 Arianzus

602 2547 695 2574 pagus.

290 2584 456 2612 iiazianzum
471 2584 648 2622 Cappadocia:
668 2585 816 2618 civitatem,
831 2586 903 2614 haud
919 2587 1011 2621 procul
1029 2595 1044 2620 a

255 2631 378 2660 Ca-sarca
391 2653 398 2664 ,
415 2632 442 2659 ir.
456 2632 533 2666 cujus
554 2631 664 2659 ditecesi
682 2639 756 2665 erat,
770 2633 894 2670 Gregorii
916 2642 976 2662 esse
999 2643 1044 2670 pa-

255 2679 354 2712 triam,
381 2678 499 2712 indeque
521 2677 722 2706 Nazianzenum
747 2687 808 2706 cum
834 2680 936 2708 dictum
962 2680 1046 2709 fuisse

253 2723 376 2758 plerique
400 2724 567 2751 existimant.
596 2723 667 2750 Sunt
693 2729 782 2751 tamen
810 2725 856 2760 qui
887 2733 964 2758 eum,
991 2734 1044 2754 non

254 2769 394 2803 Nazianzi,
419 2771 466 2798 sed
480 2771 590 2798 Arianzi
606 2776 698 2798 natum
716 2771 895 2799 arbitrantur.
912 2770 1045 2799 Arianzus

253 2821 344 2843 autem
363 2824 448 2850 pagus
465 2817 566 2844 eratin
586 2817 695 2851 regione
710 2817 836 2844 Tiberina
855 2817 942 2849 situs,
963 2824 1043 2852 quem

255 2861 403 2889 doctissimi
420 2861 611 2893 Tillemoutius
625 2867 652 2890 et
671 2861 853 2891 Gothofredus
870 2863 1044 2897 llermantius

291 2932 329 2975 (ιι)
341 2933 360 2969 9
370 2934 444 2970 pan,
458 2943 483 2970 p.
501 2934 562 2963 376.

1095 1950 1239 1984 colligunt,
1265 1949 1353 1982 quod,
1383 1955 1445 1976 cum
1470 1955 1500 1975 ea
1527 1948 1601 1982 regio
1623 1945 1754 1981 grandine
1777 1949 1884 1972 vastata

1097 1995 1203 2027 fuisset,
1224 1995 1408 2022 Nazianzenos
1435 1995 1468 2021 ad
1494 1993 1680 2028 paenitentiam
1699 1993 1822 2020 hortatus
1846 1991 1884 2018 sit

1095 2039 1254 2075 Gregorius,
1272 2044 1301 2067 ut
1318 2047 1385 2074 quos
1401 2047 1431 2066 ea
1452 2039 1593 2066 calamitas
1608 2038 1719 2073 propius
1736 2040 1882 2072 spectaret.

1095 2084 1123 2111 id
1138 2085 1263 2111 haustutn
1281 2091 1322 2111 est
1337 2093 1370 2112 ex
1398 2083 1540 2111 collatione
1558 2083 1575 2111 5
1591 2082 1691 2118 Synodi
1709 2090 1738 2114 v,
1761 2081 1805 2108 tibi
1830 2081 1885 2108 Eu-

1096 2130 1227 2165 phrautas
1252 2130 1395 2164 cpierpus
1421 2128 1590 2164 Thyanensis
1615 2128 1681 2155 ait:
1715 2137 1725 2153 ‹
1752 2127 1885 2154 Arianzus

1097 2175 1204 2210 quidem
1217 2175 1347 2210 prmdium
1360 2180 1411 2208 est,
1424 2175 1495 2201 unde
1509 2178 1584 2201 ortus
1599 2173 1650 2200 fuit
1663 2172 1820 2206 Gregorius,
1835 2172 1886 2199 sub

1096 2221 1233 2248 aniaulo
1246 2222 1410 2248 constitutus
1421 2219 1470 2256 (ι).
1491 2229 1501 2246 ›
1517 2219 1689 2246 Bollaudistte
1705 2219 1779 2245 aiunt
1792 2226 1820 2245 se
1833 2226 1886 2245 non

1098 2266 1247 2302 intelligere
1269 2275 1279 2292 ι
1295 2274 1344 2294 cur
1356 2267 1413 2300 hac
1425 2266 1540 2293 debeant
1555 2266 1587 2292 ad
1600 2265 1766 2292 nativitatem
1779 2264 1885 2296 referri,

1098 2320 1158 2339 cum
1186 2311 1320 2343 sufﬁciat,
1346 2312 1369 2338 si
1392 2319 1425 2339 ex
1449 2311 1494 2339 illo
1516 2319 1571 2338 sua:
1589 2311 1768 2345 possessionis
1782 2310 1885 2344 priedio

1098 2358 1224 2392 Gregorii
1250 2364 1337 2393 pater,
1355 2363 1400 2385 aut
1422 2365 1498 2390 avus,
1525 2357 1551 2384 iu
1577 2358 1662 2392 ipsam
1687 2356 1884 2384 Nazianzenam

1098 2405 1237 2432 civitatem
1254 2405 1390 2440 migravit,
1408 2404 1497 2438 ibique
1507 2403 1666 2439 Gregorium
1683 2403 1766 2429 lilium
1782 2402 1887 2437 peperit

1098 2457 1194 2479 mater.
1216 2462 1225 2478 ι
1247 2451 1380 2478 Prmtcrea
1399 2451 1523 2485 inquiunt
1542 2458 1549 2476 :
1569 2458 1579 2475 ‹
1599 2449 1734 2476 Ariauzus
1751 2456 1802 2475 non
1816 2455 1887 2482 pra:-

1098 2499 1172 2524 dium
1194 2497 1278 2524 fuisse
1301 2496 1419 2528 videtur,
1437 2496 1484 2522 sed
1510 2502 1612 2530 pagus,
1633 2495 1659 2522 in
1685 2502 1739 2530 quo
1756 2495 1886 2529 prauiinm

1101 2542 1192 2571 habuit
1205 2542 1352 2577 Gregorius
1365 2549 1379 2568 a
1395 2542 1509 2576 quodam
1523 2541 1646 2576 Rhegino
1659 2546 1790 2576 emptum.
1810 2549 1820 2567 ι
1837 2539 1888 2568 Le-

1062 2578 1085 2606 Β
1100 2587 1174 2614 viora
1191 2588 1248 2615 haec
1262 2593 1325 2615 sunt
1339 2595 1420 2622 quam
1437 2592 1466 2614 ut
1483 2587 1516 2614 iis
1531 2587 1707 2614 immorentur
1722 2587 1841 2619 diutius;
1857 2594 1888 2614 ac

1098 2640 1193 2667 parum
1211 2633 1337 2672 interest.
1354 2638 1468 2667 natusue
1491 2633 1525 2660 sit
1539 2633 1686 2668 Gregorius
1698 2633 1836 2666 Nazianzi,
1853 2641 1886 2660 an

1099 2676 1224 2709 Ariauzi;
1249 2678 1366 2705 maxime
1389 2686 1450 2706 cum
1475 2683 1580 2706 constet
1599 2678 1746 2713 Arianzum
1768 2678 1888 2705 vicinum

1099 2724 1182 2751 fuisse
1201 2724 1345 2751 Naziauzo.

1135 2770 1167 2797 ll.
1190 2770 1264 2797 Mala
1280 2776 1394 2798 veterum
1411 2770 1444 2798 de
1458 2770 1633 2805 Cappadocia:
1652 2770 1745 2798 incolis
1765 2770 1864 2802 opinio.

1098 2819 1106 2825 ‘
1135 2816 1253 2844 Patriam
1271 2817 1360 2851 igitur,
1375 2822 1405 2844 ut
1417 2817 1455 2844 ait
1469 2817 1619 2852 Gregorius
1636 2817 1775 2853 presbyter
1787 2817 1813 2843 in
1831 2816 1890 2851 ejus

1102 2862 1181 2896 Vita,
1205 2863 1351 2891 secundam
1369 2862 1557 2901 Cappadocum
1584 2863 1749 2899 provinciam
1774 2862 1887 2888 Ilalmil.
