2058 3128
258 160 306 189 151

914 162 995 191 VITA
1015 162 1043 190 S.
1064 162 1238 192 GREGORII.

1834 162 1888 189 152

257 220 365 248 Clerico
379 219 467 247 visum
487 217 539 252 est,
561 219 608 247 sed
626 220 696 255 ignis
722 224 768 248 aut
795 220 967 248 lucernarum
994 222 1050 249 ele-
1065 224 1087 252 Α
1106 230 1231 256 corpore,
1249 221 1332 249 multo
1349 223 1445 257 magis,
1470 229 1551 256 quam
1571 223 1616 257 qui
1631 223 1694 249 olim
1710 229 1724 249 a
1740 221 1830 256 Moyse
1848 226 1890 248 ta-

257 270 350 292 menta
367 264 527 299 Gregorium
547 266 713 294 intellexisse
727 287 734 298 ,
751 267 778 294 in
805 268 908 295 monito
925 268 958 295 ad
982 275 1045 294 ora-

258 311 359 338 tionem
375 318 441 337 mn
466 312 635 338 ostendimus
651 311 694 347 (P.
717 312 797 347 529);
816 312 896 347 idque
915 320 948 340 ex
976 312 1048 339 rela—

258 358 295 384 tis
310 356 434 392 Gregorii
461 357 551 384 verbis
567 361 661 391 aperte
679 358 843 386 declaratur.
861 358 937 391 Quod
956 364 1046 386 autem

260 403 491 439 llypsistariornm
510 411 608 431 nomen
627 409 744 438 spectat,
762 405 858 432 Grteco
875 405 948 432 fonte
963 405 1046 438 cadit,

259 458 355 485 nempe
369 458 433 477 voce
446 450 569 485 ὕψιστος,
586 459 645 484 qua:
658 451 817 478 altissimum
831 457 927 483 sonat;
942 451 1048 485 sibique

259 495 489 531 llypsistariornm
511 504 608 523 nomen
627 497 783 529 vindicant,
801 498 872 532 quod
893 497 980 524 solum
999 497 1046 524 Al-

260 541 393 568 tissimum
412 542 534 569 adorent.
554 543 590 570 De
605 543 655 570 hac
670 544 768 571 haeresi
781 543 847 570 nihil
866 544 964 578 legitur
978 543 1048 578 apud

259 586 451 621 Epiphanium,
466 588 656 622 Augustinum,
673 595 842 624 cteterosque
854 590 897 624 qui
914 590 947 616 de
963 589 1050 616 hatre—

263 633 341 660 sibus
366 634 510 668 scripsere.
526 635 683 662 Consituilia
702 640 791 662 tatncn
815 636 871 664 fere
887 636 920 662 de
942 635 1049 670 Euphe-

261 678 346 712 mitis,
367 686 414 705 scu
433 679 615 712 Massalianis,
635 685 727 707 narrat
749 681 932 716 Epiphanius,
952 681 1048 708 harresi

259 733 349 758 Lux;
371 726 409 752 ait
424 726 496 752 cnim
515 726 575 753 illos
589 734 624 753 ex
644 727 788 762 gentilibus
799 748 807 759 ,
826 735 876 755 nec
889 727 1047 758 Judaismo,

261 777 310 797 nec
321 769 529 799 Christianismo
539 772 722 804 attendentes,
736 773 800 800 deos
813 774 922 807 quidem
937 774 1027 802 dicere
1040 783 1047 807 ;

260 816 362 843 nullum
387 822 478 844 autern
493 818 619 851 adorare,
636 819 683 846 sed
698 827 781 846 unutn
808 819 895 846 solum
913 822 1048 855 venerari,

261 870 341 898 quem
355 864 566 898 omnipotentem
583 870 690 892 vocant.
702 865 852 898 Quamdam
863 867 944 893 etiam
953 867 1050 895 simili-

263 908 383 936 tudinem
411 909 512 936 habent
535 909 696 946 liypsistarii
720 917 783 937 cttm
807 911 927 938 subortis
958 917 1050 945 postea

262 953 399 981 C(elicolis
415 954 514 983 Africae
528 976 536 989 ,
562 956 593 983 de
617 956 716 988 quibus
730 956 895 991 Augustinus
907 977 915 988 ,
938 957 1049 992 epistola

261 1007 344 1029 cunt
358 1008 366 1033 ;
392 1000 480 1028 Codex
495 1001 708 1034 Theudosianas,
734 1002 779 1029 lih.
797 1010 872 1035 XLIII,
891 1003 929 1030 De
945 1004 1050 1030 hereti-

262 1053 276 1073 ε
287 1054 311 1077 ι,
331 1050 359 1073 et
373 1046 417 1073 lib.
432 1055 489 1078 xu,
504 1046 541 1073 De
554 1047 658 1075 Judwis
676 1046 804 1074 Caelica/is
820 1053 844 1074 et
863 1047 1050 1077 Samaritanis.

468 1093 498 1122 ι’.
521 1093 608 1120 Mores
621 1093 741 1129 Gregorii
755 1094 848 1128 patris.

298 1139 392 1174 Longo
407 1139 556 1175 Gregorius
580 1146 657 1175 pater
681 1146 803 1175 tempore
820 1141 846 1168 in
872 1140 1053 1176 llypsistario-

263 1191 322 1210 runt
343 1192 455 1216 errore,
473 1185 601 1212 nimirum
617 1185 650 1212 ad
672 1185 914 1220 quadragesimum
929 1187 1052 1220 quintum

263 1229 349 1257 ferme
370 1231 460 1257 aetatis
475 1239 530 1258 sua:
554 1239 654 1258 annum
668 1251 676 1264 ,
689 1237 815 1259 versatus
839 1237 892 1260 est.
911 1232 1054 1260 Verumta-

263 1283 325 1304 men
350 1277 508 1311 priusquam
530 1277 691 1312 religionem
712 1277 895 1304 Christianam
918 1279 1056 1313 proﬁtere-

263 1323 318 1352 tur,
336 1321 457 1348 moribus
478 1326 539 1348 erat
553 1321 737 1349 Christianus.
755 1331 764 1347 ‹
782 1321 828 1349 Ille
852 1323 923 1349 enim
937 1344 944 1354 ,
963 1323 1050 1357 inquit

264 1365 412 1400 Gregorius
427 1373 520 1394 noster
537 1367 588 1403 (α),
605 1372 669 1394 ante
682 1367 765 1394 etiant
779 1375 860 1403 quam
883 1368 916 1394 ad
932 1374 1054 1395 nostram

265 1413 373 1439 caulam
396 1420 425 1440 se
441 1413 615 1446 contulisset,
644 1417 737 1440 noster
752 1417 823 1441 erat.
844 1413 934 1441 Mores
958 1415 1055 1448 quippe

265 1459 352 1493 ipsum
376 1459 452 1486 nobis
470 1459 650 1486 asciscebant.
667 1459 702 1488 Ut
719 1462 791 1486 enim
815 1459 891 1486 multi
907 1468 940 1488 ex
956 1462 1056 1489 nostris

264 1505 405 1533 nobiscum
422 1513 474 1532 non
489 1510 565 1536 sunt.
586 1513 655 1540 quos
678 1505 783 1533 scilicet
801 1513 816 1533 a
829 1506 966 1533 comtnuni
993 1515 1055 1534 cor-

264 1559 331 1587 pore
346 1552 400 1578 vita
420 1557 561 1585 removet;
586 1552 625 1579 sic
641 1557 735 1579 contra
750 1552 826 1579 multi
847 1559 1002 1580 exterorum
1022 1553 1054 1579 ad

264 1605 315 1626 nos
335 1602 477 1632 spectant,
501 1598 657 1632 quicunque
679 1598 807 1624 nimirum
831 1598 910 1625 tidem
936 1599 1056 1626 moribus

265 1649 449 1677 antevortunt,
462 1652 495 1672 ac
507 1644 564 1672 solo
578 1644 688 1672 nomine
702 1649 808 1677 carent,
821 1653 881 1672 cum
897 1653 954 1672 rem
970 1645 1055 1680 ipsam

266 1695 386 1720 teneant.
403 1690 462 1723 Quo
483 1690 510 1717 in
533 1697 647 1717 numero
669 1697 746 1717 meus
769 1698 877 1726 quoque
890 1697 966 1725 pater
979 1696 1056 1724 erat;

265 1744 359 1767 ramus
373 1738 481 1772 quidem
495 1737 540 1764 ille
552 1736 668 1769 alienus,
686 1741 814 1764 caeterum
829 1738 883 1764 vita
896 1741 923 1765 et
939 1737 1058 1764 moribtts

267 1783 301 1814 ad
325 1791 374 1811 nos
398 1783 581 1819 propendens.
600 1793 610 1810 ι
636 1784 778 1815 Pudicitiae
803 1784 883 1811 laude
906 1784 1058 1812 excellebat

266 1829 434 1865 Gregorius;
456 1830 526 1857 idem
549 1830 631 1858 simul
657 1831 871 1858 amabilissimus
886 1835 915 1858 et
936 1831 1059 1858 castissi-

267 1886 339 1910 mus,
363 1886 422 1913 quae
446 1878 499 1906 duo
521 1878 592 1905 haud
613 1878 694 1905 facile
720 1877 748 1905 in
771 1885 854 1905 unum
878 1881 1058 1905 concurruet.

271 1923 388 1953 Justitize
403 1929 457 1951 tam
482 1928 563 1951 tenax
586 1923 636 1950 fuit
650 1943 657 1955 ,
675 1927 704 1949 ut
724 1923 751 1949 in
772 1923 878 1958 magnis
904 1922 1060 1957 reipublicae

271 1969 429 1999 muneribus
446 1973 579 2001 versatus,
597 1976 630 1996 ne
647 1969 771 1996 teruncio
785 1968 894 2003 quidem
915 1967 1060 1994 facultates

269 2023 333 2046 suas
344 2014 461 2041 auxerit.
473 2013 525 2041 Sed
537 2014 578 2040 his
588 2014 709 2046 omissis,
719 2014 754 2040 ad
766 2021 877 2046 annum,
889 2020 943 2048 quo
953 2013 1060 2041 Christo

269 2067 367 2090 nomen
383 2060 468 2092 dedit,
493 2067 524 2087 ac
544 2060 727 2088 Christianam
744 2059 901 2094 religionem
917 2059 1058 2094 professus

268 2114 403 2141 verasque
426 2107 540 2133 virtutes
561 2111 603 2132 est
623 2111 781 2136 assecutus,
803 2104 997 2133 veniamust
1011 2105 1062 2132 fuit

272 2159 362 2178 annus
375 2172 382 2184 ,
396 2159 448 2186 quo
463 2151 554 2178 habita
571 2156 613 2178 est
626 2151 745 2186 synodus
761 2151 882 2184 Nil-mna,
897 2157 958 2185 post
973 2150 1062 2185 Virgi-

268 2198 312 2227 nis
325 2205 431 2232 partnm
445 2199 509 2226 3'25.
527 2199 632 2225 Etenim
646 2199 679 2225 ah
692 2198 839 2233 episcopis,
854 2198 899 2232 qui
916 2197 982 2224 illuc
997 2205 1060 2225 con-

1106 268 1182 296 hulas
1196 269 1332 303 accepturi
1359 274 1447 300 erant,
1466 269 1647 304 puriﬁcasset.
1669 278 1678 294 ι
1702 269 1738 296 Ex
1757 268 1799 295 his
1815 272 1891 302 patet

1107 314 1267 349 Gregorium
1283 319 1387 349 tempus
1416 315 1524 349 aliquod
1544 314 1718 348 impendisse,
1742 318 1772 340 ut
1795 312 1891 340 sordes

1106 360 1209 387 clueret
1225 360 1380 394 priusquam
1405 361 1482 395 aquis
1497 360 1622 396 baptismi
1638 364 1808 394 purgaretur,
1835 365 1889 392 quo

1105 407 1230 441 purgatio
1248 407 1348 441 pra‘via
1365 407 1532 441 purgationis
1547 407 1617 433 dono
1640 405 1794 432 ﬁrmitatem
1814 411 1888 430 asse-

1104 457 1187 484 reret,
1203 460 1249 479 seu
1271 453 1385 486 gratiam
1407 453 1434 479 in
1453 457 1509 479 tuto
1532 456 1654 486 poneret.
1676 450 1819 485 Egressum
1853 456 1886 475 ex

1105 505 1174 532 aqua
1189 498 1279 525 lumen
1303 498 1484 525 circumfulsit
1506 507 1512 524 :
1530 506 1583 533 quo
1598 496 1727 524 miraculo
1749 494 1888 530 perculsus

1104 545 1258 578 episcopus,
1289 543 1448 578 Gregorium
1468 545 1516 571 sihi
1535 544 1560 570 in
1581 544 1734 578 episcopatu
1748 548 1889 568 successu-

1104 597 1165 616 rttm
1183 590 1268 623 palam
1285 598 1317 616 ac
1336 591 1442 624 publice
1458 590 1596 617 clamavit.
1624 589 1651 616 ld
1669 593 1828 623 argumento
1846 589 1890 613 est

1103 641 1163 661 eum
1182 633 1310 662 Nazianzi
1326 636 1359 661 ab
1383 635 1441 669 ejus
1455 634 1580 662 Ecclesiae
1601 633 1728 668 episcopo
1753 632 1886 665 baptisma

1103 681 1265 715 suscepisse,
1285 688 1337 708 non
1352 688 1416 707 vero
1429 689 1443 706 a
1454 679 1567 708 Leontio
1583 678 1753 708 Caesariensi,
1767 683 1795 704 ut
1813 681 1890 711 putat

1105 725 1247 758 Baronius,
1262 733 1341 760 quem
1363 726 1485 760 sequitur
1503 724 1714 760 Papebrochius.
1737 723 1813 756 Quod
1827 729 1888 748 cum

1104 777 1193 798 mater
1210 771 1279 806 ejus,
1306 772 1430 798 ﬁctorum
1454 771 1595 798 numinum
1612 769 1694 797 culttti
1717 769 1835 801 addicta,
1849 767 1892 794 in-

1104 819 1182 852 digne
1201 818 1294 851 ferret,
1307 818 1421 853 patriam
1439 817 1531 853 fugere
1546 823 1657 845 cnactus
1672 821 1713 844 est
1726 816 1774 851 (c),
1787 815 1891 842 «Patris

1104 864 1223 892 codcstis
1238 872 1269 891 ac
1282 872 1350 892 verae
1365 865 1530 892 htcreditatis
1549 871 1641 896 causa,
1659 868 1685 891 et
1700 868 1796 894 matre,
1812 866 1840 888 et
1853 862 1891 887 fa-

1069 907 1089 935 Β
1105 911 1250 938 cultatibus
1269 911 1425 946 aliquandiu
1443 919 1536 939 carere
1552 911 1698 943 sustinens,
1716 916 1795 944 atque
1821 909 1891 936 hanc

1104 957 1281 991 ignominiam
1313 959 1416 993 aequius
1440 963 1467 986 et
1483 958 1587 986 facilius
1601 966 1682 994 qttatn
1708 957 1753 985 alii
1770 962 1892 985 summos

1104 1003 1222 1031 honores
1237 1004 1309 1031 tulit.
1333 1014 1342 1030 ›

1318 1049 1382 1078 Vill.
1400 1050 1542 1084 Episcopus
1563 1055 1676 1077 creatur.

1140 1094 1216 1129 Quod
1230 1096 1264 1123 de
1278 1095 1408 1130 Gregorio
1423 1103 1438 1122 e
1459 1095 1567 1122 lavacro
1582 1095 1746 1121 ascendente
1763 1100 1890 1128 praenun-

1105 1141 1201 1168 tiatum
1217 1142 1315 1174 fuerat,
1333 1141 1457 1174 contigit.
1468 1141 1582 1167 Creatus
1602 1146 1643 1167 est
1661 1140 1802 1174 episcopus
1821 1146 1892 1164 anno

1104 1187 1167 1217 529.
1184 1187 1225 1214 vel
1242 1187 1304 1220 528,
1317 1191 1346 1213 ιιι
1367 1187 1455 1222 placet
1468 1186 1630 1214 Gothofrido
1652 1186 1790 1215 ilermaut,
1805 1191 1892 1210 annos

1106 1238 1186 1261 natus
1207 1233 1293 1260 ferme
1320 1233 1531 1267 quinquaginta;
1550 1239 1666 1266 cumque
1688 1230 1889 1258 Nazianzenam

1107 1279 1254 1306 Ecclesiam
1278 1286 1325 1313 per
1344 1279 1523 1313 quadraginta
1549 1279 1668 1312 quinque
1687 1285 1772 1304 attnos
1788 1276 1894 1311 sapien-

1107 1326 1212 1352 liS>illle
1228 1325 1453 1357 adtuinistrasset,
1469 1325 1572 1352 exactis
1588 1332 1655 1359 pene
1677 1329 1784 1350 centum
1804 1324 1892 1354 annis,

1106 1372 1201 1406 plenus
1216 1372 1332 1404 dierum,
1351 1371 1522 1399 sanctissime
1533 1371 1601 1398 obiit
1615 1378 1686 1397 anno
1700 1369 1752 1397 373
1766 1375 1892 1401 exeunte,

1107 1419 1147 1445 vel
1165 1419 1274 1445 ineunte
1288 1417 1319 1444 57
1326 1418 1350 1445 ι.

1107 1464 1154 1493 IX.
1174 1462 1283 1496 Nomia,
1299 1468 1382 1490 mater
1396 1461 1528 1497 Gregorii,
1546 1470 1559 1488 ε
1575 1461 1666 1488 radice
1682 1464 1774 1488 sancta
1785 1459 1892 1492 prodiit.

1143 1510 1196 1544 ipsi
1212 1518 1264 1536 non
1279 1510 1324 1536 diu
1340 1513 1480 1544 superstes
1499 1508 1551 1536 fuit
1567 1508 1689 1543 piissimo
1707 1514 1802 1540 coniux
1825 1505 1895 1532 Nou-

1108 1563 1140 1582 na
1156 1564 1163 1582 :
1178 1555 1223 1581 tali
1240 1554 1319 1589 digna
1333 1561 1432 1588 sponso
1442 1558 1512 1586 erat,
1528 1558 1557 1580 ut
1572 1553 1628 1586 ipse
1643 1553 1688 1579 tali
1703 1551 1799 1587 dignus
1812 1559 1895 1586 spon-

1108 1610 1155 1634 sa;
1169 1606 1262 1636 atque,
1279 1606 1310 1628 ut
1325 1600 1360 1635 pii
1377 1600 1424 1627 lilii
1443 1599 1534 1627 verbis
1552 1604 1613 1626 utar
1634 1599 1684 1633 (di,
1706 1607 1715 1624 ι
1739 1598 1766 1625 Si
1787 1598 1847 1632 quis
1862 1597 1896 1624 ah

1107 1646 1211 1673 ultimis
1227 1651 1360 1672 terrarum
1380 1645 1490 1678 finibus,
1507 1650 1589 1679 atque
1606 1644 1790 1671 ett-universo
1810 1643 1895 1670 homi-

1109 1700 1172 1719 num
1190 1698 1299 1726 genere,
1315 1690 1567 1723 prmstantissimum
1584 1689 1736 1723 conjugium
1752 1688 1896 1716 conciliare

1109 1738 1270 1770 studuisset,
1284 1738 1388 1765 nullutn
1406 1745 1520 1772 usquam
1539 1738 1590 1764 hoc
1611 1736 1782 1770 pra-stantius
1794 1735 1895 1769 aptius-

1110 1792 1164 1819 que
1185 1784 1300 1819 reperiri
1318 1783 1460 1818 potuisset.
1478 1783 1514 1810 lta
1529 1783 1601 1810 enim
1618 1782 1736 1809 virorum
1757 1788 1789 1808 ac
1808 1779 1898 1806 mulie-

1111 1839 1170 1857 rum
1191 1831 1293 1865 optima
1309 1835 1336 1857 et
1352 1828 1561 1864 prarclarissima
1577 1834 1689 1862 qumque
1701 1827 1727 1854 in
1742 1833 1822 1853 unum
1835 1832 1896 1852 con-

1110 1875 1256 1908 fluxerant,
1270 1879 1300 1902 ιιι
1315 1875 1367 1902 hoc
1384 1873 1596 1904 matrimonium,
1609 1879 1661 1899 non
1677 1870 1765 1897 mintts
1778 1868 1896 1901 virtutis,

1111 1931 1191 1958 quant
1203 1929 1346 1956 corporum
1376 1927 1461 1948 nexus
1476 1924 1559 1947 esset.
1575 1928 1584 1944 ι
1605 1917 1703 1945 Habuit
1716 1916 1897 1951 Nonna,quod

1111 1977 1144 1997 ex
1170 1969 1252 1996 editis
1275 1975 1290 1995 a
1316 1967 1473 1995 doctissimo
1493 1965 1641 1993 Muratorio
1660 1962 1897 1998 epigrammatibus

1112 2017 1252 2048 discimus,
1271 2019 1377 2050 patrem
1391 2014 1498 2040 nomine
1513 2012 1686 2043 Philtatium;
1705 2009 1782 2036 matri
1801 2004 1896 2035 nomen

1112 2061 1162 2090 fuit
1183 2061 1332 2097 Gorgonia.
1352 2059 1429 2087 fratri
1452 2057 1666 2093 Amphilochius,
1689 2063 1722 2083 ex
1748 2062 1801 2088 quo
1823 2059 1898 2081 ortus

1112 2115 1226 2142 magnus
1249 2107 1293 2133 ille
1313 2105 1518 2140 Amphilochius
1535 2103 1616 2130 lconii
1636 2103 1787 2137 episcopus.
1805 2100 1897 2128 Nonne

1112 2160 1144 2179 ex
1166 2152 1255 2178 radice
1266 2155 1358 2178 sancta
1375 2150 1491 2184 prodiit;
1512 2153 1704 2183 acceptamque
1715 2154 1729 2172 a
1743 2144 1898 2179 parentibus

1114 2199 1222 2225 virtutis
1239 2195 1475 2225 hmredilatctn‘ita
1491 2191 1592 2230 pietate
1602 2201 1649 2221 sua
1663 2192 1798 2228 praeclaris
1814 2190 1898 2216 actio-

271 2245 419 2272 tendebant
439 2250 469 2272 ut
487 2245 541 2272 Arii
561 2245 696 2272 furoribus
718 2244 883 2271 obsistereut
897 2264 904 2275 ,
924 2244 1060 2278 przccipue
1076 2255 1097 2282 ῃ
1114 2245 1192 2272 nibus
1207 2244 1293 2275 auxit,
1311 2247 1340 2270 ut
1355 2243 1377 2269 si
1395 2243 1501 2276 singula
1515 2246 1675 2275 percurrere
1694 2238 1800 2265 animus
1816 2239 1897 2282 esset,

269 2298 336 2318 vero
349 2299 364 2318 a
380 2290 494 2318 Leontio
506 2312 513 2324 ,
538 2292 582 2326 qui
600 2297 655 2318 tum
680 2290 851 2325 Inetropolim
875 2290 1060 2325 gubernabat,

269 2345 332 2364 cum
346 2342 442 2372 sponte
458 2345 506 2365 sua
522 2338 688 2364 desiderium
706 2345 783 2365 suum
798 2336 941 2363 confessus
954 2335 1060 2366 fuisset.

267 2384 476 2418 communisque
497 2384 593 2411 salutis
620 2384 751 2411 auxilium
778 2383 961 2418 poposcisset,
988 2386 1061 2409 cale-

268 2431 362 2463 ehesis
375 2431 547 2458 sertnonibus
564 2432 694 2463 imhutus,
712 2430 878 2464 baptismum
894 2429 1025 2464 suscepit.

271 2488 316 2519 Vl,
335 2487 390 2515 VII.
402 2487 545 2521 Gregorius
558 2492 634 2521 pater
646 2487 804 2520 baptismum
819 2487 927 2521 suscipit
950 2487 982 2512 ab
1005 2487 1059 2520 epi-

306 2532 383 2551 πονο
407 2522 623 2550 Nazianzeno.-—
649 2522 770 2549 Patrium
792 2523 880 2558 fugere
907 2528 1011 2557 cogitur
1028 2524 1060 2548 ub

305 2565 374 2585 trum
391 2565 485 2586 matre.

307 2618 385 2643 Auno
411 2616 494 2651 igitur
510 2615 563 2643 525
581 2615 733 2651 baptizatus
759 2619 801 2642 est
829 2614 987 2650 Gregorius,
1016 2619 1063 2641 aut

273 2663 413 2698 aliquanto
428 2668 488 2698 post
508 2669 645 2697 tempore;
672 2662 817 2696 siquidem,
850 2666 917 2688 teste
932 2660 1063 2696 Gregorio

273 2714 367 2736 nostin
395 2709 446 2744 (b),
465 2719 474 2734 ε
494 2709 534 2735 Ad
564 2709 700 2735 lavacrum
726 2706 853 2739 accessit,
873 2713 934 2733 cum
960 2713 990 2732 sc
1015 2713 1063 2740 pro

275 2755 378 2781 viribus
389 2755 446 2781 suis
457 2755 534 2788 prius
554 2758 693 2789 purgasset
706 2762 713 2786 ;
728 2757 808 2787 atque
822 2757 877 2779 tum
894 2751 994 2784 anittto,
1007 2755 1062 2779 tuin

307 2799 331 2815 “
346 2800 356 2826 l
372 2799 435 2827 Cor.
456 2807 504 2832 vn,
525 2799 568 2826 14.

307 2858 345 2890 (rt)
366 2857 412 2884 0r.
430 2857 472 2885 18.
490 2865 518 2884 n.
541 2856 566 2886 6η

309 2892 347 2934 (ο)
365 2893 442 2926 unan
457 2901 484 2920 ιι.
501 2893 543 2921 ιδ.

1113 2291 1146 2318 de
1158 2291 1213 2318 illis
1227 2290 1351 2316 volumen
1369 2289 1540 2322 impleretur.
1557 2286 1609 2313 Sed
1633 2292 1664 2312 ea
1693 2283 1800 2311 suavius
1820 2281 1898 2315 leget,

1113 2342 1141 2364 et
1167 2344 1200 2364 ex
1220 2337 1278 2371 ipso
1297 2334 1371 2362 fonte
1401 2334 1508 2361 hauriet
1530 2332 1626 2363 lector,
1644 2337 1755 2357 versans
1778 2326 1899 2361 Gregorii

1115 2383 1199 2410 nostri
1213 2382 1326 2416 scripta,
1343 2381 1370 2408 in
1396 2381 1494 2415 quibus
1510 2379 1607 2414 satpius
1621 2377 1723 2404 Nonnse
1741 2375 1770 2401 lit
1789 2373 1898 2400 mentio.

1115 2427 1238 2463 Legenda
1258 2427 1393 2461 imprimis
1405 2425 1492 2452 oratio
1506 2432 1583 2456 XVIII,
1606 2429 1665 2457 quae
1680 2425 1733 2448 tota
1750 2420 1783 2446 de
1798 2417 1899 2452 Grego-

1115 2475 1155 2502 rio
1173 2480 1258 2509 patre,
1270 2478 1298 2500 ct
1312 2473 1346 2500 de
1368 2471 1461 2499 Nomia
1474 2480 1481 2503 ;
1493 2470 1613 2497 carmina
1630 2477 1638 2496 I
1656 2472 1683 2494 et
1694 2475 1724 2499 II,
1746 2471 1797 2493 etc.
1814 2463 1901 2492 Unum

1115 2521 1246 2548 duntaxat
1266 2519 1393 2550 referam,
1417 2519 1487 2552 quod
1503 2515 1707 2551 prmtermittere
1730 2512 1806 2539 nefas
1821 2515 1899 2538 esset.

1117 2567 1218 2594 Nonntc
1239 2566 1397 2593 ascrihentia
1414 2569 1455 2592 est
1471 2564 1512 2590 sui
1536 2562 1570 2589 ah
1585 2560 1815 2597 Hypsistariurum
1830 2562 1900 2584 secta

1116 2610 1206 2647 sponsi
1235 2613 1268 2640 ad
1288 2611 1471 2639 Christianam
1489 2609 1644 2644 religionem
1669 2606 1801 2635 transitio,
1822 2610 1901 2638 quain

1117 2659 1234 2686 assiduis
1260 2659 1292 2685 ad
1309 2659 1390 2685 Deum
1408 2658 1543 2692 precibus,
1558 2655 1615 2682 dies
1630 2661 1661 2680 ac
1677 2656 1770 2679 noctes
1784 2657 1844 2676 cum
1866 2649 1901 2674 la-

1117 2706 1219 2741 crytnis
1232 2710 1258 2732 et
1272 2705 1382 2739 jejuniis
1393 2702 1569 2733 obsecrando,
1584 2699 1735 2734 impetravit
1751 2705 1758 2723 :
1777 2695 1899 2724 Sanctiﬁ-

1118 2756 1193 2778 t‘utus
1207 2757 1244 2778 est
1270 2751 1309 2778 uir
1327 2750 1444 2784 inﬁdelis
1463 2757 1509 2783 per
1526 2747 1658 2776 mulierem
1671 2745 1773 2781 ﬁdelem
1785 2743 1818 2770 θ’.
1832 2742 1903 2769 Non-

1153 2851 1186 2886 (τ)
1198 2850 1245 2878 0r.
1262 2849 1304 2881 l8,
1317 2849 1389 2886 n.75.

1155 2885 1283 2923 (d)|bid.,
1305 2894 1331 2912 II.
1349 2885 1392 2913 7.·
