2058 3128
149 203 202 232 153

784 206 863 236 VlTA
890 206 920 237 S.
939 206 1113 235 GRECORII.

1718 205 1768 233 £54

151 269 192 292 tim
205 265 358 292 ascribendi
372 267 614 294 suntabttndantes
634 267 718 302 ipsius
739 267 764 294 in
780 267 936 302 episcopatu
952 270 974 298 Α
988 267 1180 302 cum-legibus
1205 266 1398 294 ecclesiasﬁcis
1425 266 1501 293 valde
1531 273 1690 294 consonum.
1714 266 1768 293 Sed

151 311 272 343 ﬂuctus;
289 311 390 339 Nomia:
398 313 556 340 ascribenda
569 317 611 340 est
624 318 749 340 natorum
763 314 933 348 pietas,qnos

150 357 230 383 cnila
244 364 298 384 non
315 357 404 385 minus
420 358 515 392 spiritu
529 366 613 392 quam
637 366 730 390 carne,
752 359 834 386 Deum
849 367 932 385 untnn

151 403 247 430 timere
256 407 383 430 etamare
399 404 507 436 docuit;
525 411 591 439 quos
611 409 665 431 tam
683 405 797 439 egregiis
814 405 933 432 moribus

154 456 185 475 ac
204 449 347 484 prteceptis
363 449 519 477 informavit
535 455 618 490 atque
629 451 734 481 imbttit,
756 456 784 476 ut
802 451 932 484 singulos,

152 495 288 528 aspirante
310 496 406 528 gratia,
422 496 520 523 ardens
537 497 570 523 ad
591 497 679 523 sidera
702 495 788 523 virtus
805 497 933 527 erexerit,

152 544 232 573 atque
263 540 334 567 inter
350 545 458 568 sanctos
482 541 532 575 ipsi
551 546 726 568 numerentur
747 549 807 568 cttm
833 542 933 568 sanctis

152 585 325 620 parentibus;
353 585 478 612 nimirum
502 585 647 620 Gorgonia,
676 593 736 619 qute
760 585 849 612 forsan
870 591 933 612 natu

154 630 271 657 maxima
286 630 334 657 fuit
345 640 353 663 ;
366 631 524 663 Gregorius,
534 632 566 658 de
578 631 655 664 cujus
667 631 732 663 vita,
748 631 827 658 rebus
841 631 933 666 gestis,

154 681 181 704 et
196 676 305 711 scriptis
322 677 418 703 dielttri
437 685 540 707 sutntts,
555 682 582 703 et
596 676 740 703 Caesarius.

293 722 326 748 Χ.
344 722 401 754 Quo
417 730 485 748 anno
501 727 578 748 natus
592 722 625 748 tit
641 720 793 756 Gregorius.

188 768 268 796 llisce
293 776 357 800 ergo
383 769 540 802 parentibus
562 772 640 794 natus
666 772 708 794 est
723 767 869 803 Gregorius
883 768 934 802 (α),

157 824 166 840 l
183 820 266 849 atque
283 816 315 841 ad
328 814 409 840 Deum
428 822 442 840 a
461 814 538 840 vulva
559 813 615 847 ipsa
628 813 775 848 proiectus,
793 819 819 840 et
831 822 862 840 ex
878 822 935 840 nta-

155 865 230 887 terna
246 859 502 894 pollicitationeipsi
528 861 652 887 donatus.
671 868 680 885 ι
699 859 804 886 Etenim
831 859 935 890 Nonna,

153 907 266 939 cupiens
287 905 433 932 masculum
455 905 566 938 prolem.
585 912 645 932 cum
658 912 716 932 eam
732 905 835 931 crebris
851 905 937 938 preci-

987 314 1066 340 verba
1083 313 1175 340 Graeca
1188 313 1264 339 aliter
1279 312 1438 347 intelligere,
1457 319 1491 339 ne
1504 312 1544 339 vel
1561 312 1669 344 ipsimet
1684 311 1768 345 Pape-

986 359 1100 386 brochio
1110 359 1238 393 possibile
1249 363 1290 385 est
1302 358 1358 394 (d);
1374 357 1472 392 quippe
1488 358 1532 392 qui
1544 357 1622 385 aliter
1634 365 1665 385 ea
1687 357 1770 384 inter-

986 404 1085 439 pretari
1099 403 1199 437 nequit,
1226 403 1276 430 nisi
1292 403 1419 430 mutando
1439 402 1561 436 Gregorii
1580 403 1660 429 verba
1674 402 1767 430 Graeca

986 450 1098 477 arbitrio
1112 456 1172 481 suo,
1183 448 1281 475 nullius
1296 449 1445 483 scriptoris,
1459 448 1557 474 nullius
1569 448 1671 475 codicis
1687 455 1768 474 manu

986 497 1088 523 exarati
1106 496 1276 522 auctoritate.
1303 494 1379 527 Quod
1409 495 1507 521 mirttm
1526 494 1609 520 videri
1638 493 1722 528 possit
1742 494 1768 520 in

988 542 1059 573 viro,
1078 542 1124 576 qui
1149 542 1182 568 de
1199 541 1367 568 versionibns
1393 540 1554 575 expostulat,
1579 545 1660 574 atque
1684 540 1768 567 inter-

989 592 1078 620 pretes
1107 587 1216 613 minime
1245 587 1365 613 curiOsos
1393 585 1486 617 fuisse,
1513 585 1556 612 ubi
1580 593 1628 612 cos
1654 586 1770 612 maxime

987 633 1162 668 scrupulosos
1177 640 1238 660 esse
1253 633 1430 667 oportuisset,
1451 631 1590 659 clamitat?

1023 678 1174 711 Legendnnt
1189 679 1270 712 igitur
1286 678 1400 713 ἐτησίων
1415 686 1463 712 pro
1475 677 1576 705 θυσιῶν
1586 676 1713 712 coniicit:

1024 726 1104 756 ’Όσος
1119 724 1201 760 διῆλθ¹
1219 725 1332 760 ἐτησίων
1346 725 1406 760 ἐμοὶ
1423 724 1525 760 χρόνος.

1024 761 1098 792 Quod
1115 762 1256 787 etesiarum
1272 760 1374 786 transiit
1389 759 1488 793 tempus
1503 759 1577 785 mihi.

989 806 1054 839 Qua:
1083 805 1163 833 lectio
1188 805 1262 832 nullo
1288 805 1384 832 nititur
1411 804 1597 836 fundamento,
1613 810 1663 830 nec
1677 802 1730 829 ulla
1745 802 1771 829 ei

989 853 1081 879 subest
1109 851 1191 878 notio.
1210 851 1276 884 Quis
1291 851 1362 877 enim
1379 850 1472 877 credat
1487 848 1646 883 Gregorium
1667 853 1770 882 patrem

990 899 1142 932 signiﬁcare
1161 897 1289 928 voluisse,
1306 896 1423 923 nondum
1438 900 1476 921 tot
1487 901 1576 922 annos
1590 894 1690 921 vixisse
1705 893 1772 920 Gre.

153 951 204 979 bus
227 959 241 978 a
271 952 324 978 Deo
349 952 530 984 impetrasset,
549 955 578 977 ut
591 950 654 978 olitn
676 950 752 977 Anna
774 950 937 982 Sanun-lem,
954 949 974 976 Β
989 944 1090 979 sarium
1108 942 1342 977 ﬁlium,quotipse
1357 940 1546 968 vixerit?Nam
1561 940 1601 967 sic
1613 940 1669 975 ipse
1689 939 1772 966 inter-

154 997 208 1024 voli
226 1005 335 1030 compos
364 996 433 1023 facta
452 997 493 1030 pia
521 1000 618 1029 mater,
636 996 720 1022 lilium
736 996 875 1022 sibi'dono
891 995 937 1023 Dei

153 1049 313 1070 concessum
341 1042 378 1068 illi
407 1050 422 1068 a
448 1049 502 1076 qtto
517 1045 669 1075 acceperat,
682 1041 786 1067 Annam
804 1041 936 1073 :emulata,

153 1091 323 1117 consecravit
346 1089 379 1117 ⁸³.
406 1089 465 1122 Quo
480 1097 551 1116 anno
579 1089 604 1116 id
633 1089 778 1123 contigerit
795 1089 884 1124 gravis
897 1094 939 1116 est

154 1135 307 1168 dmi-ultas,
326 1141 353 1162 et
371 1140 479 1163 certqu
505 1135 574 1162 inter
589 1142 618 1162 se
638 1136 794 1169 scriptores.
812 1135 939 1168 Quamvis

154 1187 276 1208 nastrnm
295 1189 347 1208 non
359 1182 394 1208 sit
409 1187 495 1208 tantas
505 1182 565 1208 lites
578 1189 751 1216 componere,
769 1181 831 1215 quid
850 1186 938 1207 tamen

154 1227 304 1254 εεηιίτιιιιιιε
330 1226 500 1253 dissimulare
530 1227 571 1253 lex
588 1227 678 1261 operis
703 1234 755 1253 non
773 1226 858 1253 sinit:
892 1226 939 1252 sed

154 1273 230 1306 prius
253 1272 420 1299 diversarum
445 1273 602 1308 opinionum
620 1273 794 1308 expendenda
809 1278 870 1299 sunt
887 1280 940 1299 mo-

155 1324 259 1345 menta.
275 1318 452 1346 Doctissimus
467 1326 499 1345 ac
514 1317 652 1353 piissimus
669 1319 866 1349 Tillentomius,
879 1325 940 1344 cum

154 1364 217 1391 aliis
242 1365 376 1398 pluribus,
395 1364 555 1398 Gregorium
573 1372 622 1391 nec
641 1365 720 1391 citius
731 1371 779 1390 nec
793 1364 879 1390 serius
892 1370 941 1389 an-

155 1416 189 1435 no
204 1414 244 1436 ter
260 1409 407 1436 centesimo
427 1410 554 1436 vicesimo
570 1417 641 1436 nouo
656 1415 747 1436 natmn
767 1416 826 1436 esse
848 1408 941 1436 statuit

155 1462 187 1481 ex
215 1454 337 1488 pluribus
359 1455 481 1488 Gregorii
502 1455 587 1490 ipsius
601 1455 702 1487 verbis,
723 1462 777 1488 quo
792 1459 865 1481 certe
889 1461 939 1480 non

155 1503 197 1525 est
209 1499 279 1525 alius
295 1500 383 1526 aetatis
399 1501 539 1526 suaetcstis
557 1499 727 1534 locupletior.
748 1499 881 1526 Pulmaria
895 1500 941 1525 im.

156 1544 251 1577 primis
264 1545 388 1572 videntur
402 1546 458 1572 ltmc
471 1544 594 1579 Gregorii
610 1545 696 1578 patris
712 1543 791 1570 verba
811 1544 893 1570 lilium
907 1544 940 1571 ad

156 1590 355 1624 suscipiendum
370 1598 468 1616 tnutttts
488 1583 656 1624 pastoritittm
675 1589 834 1624 itnpcllenlis
849 1588 884 1624 (ὑ)
898 1596 906 1616 :

192 1635 275 1662 οὔπω
290 1635 416 1661 τοσοῦτον
427 1636 635 1670 ὲκμεμὲτρηκας
650 1635 716 1668 βίον,

193 1671 275 1702 Ὄσος
282 1670 371 1705 διῆλθε
387 1670 484 1697 θυσιῶν
503 1672 563 1706 ἐμοὶ
574 1670 677 1705 χρόνος.

194 1727 319 1754 Nondum
336 1731 373 1753 tot
390 1735 471 1754 annos
485 1728 536 1754 vita
552 1727 678 1761 percurrit
692 1731 747 1758 tua,

196 1763 265 1794 Quot
276 1763 311 1788 mi
326 1762 354 1788 in
371 1763 453 1788 sacris
462 1763 519 1796 jam
533 1767 593 1789 sunt
614 1763 713 1797 peracti
731 1761 857 1787 victimis.

159 1815 209 1842 llis
238 1815 342 1843 duobus
365 1817 506 1843 versiculis
527 1815 698 1843 manilestum
718 1820 759 1842 est
786 1814 941 1849 Gregorium

158 1859 361 1888 Nazianzettum
380 1867 472 1888 natum
491 1868 561 1894 esse,
579 1869 640 1888 ctttn
653 1861 709 1896 jam
728 1861 781 1887 Deo
794 1860 852 1894 t'jus
868 1865 944 1894 pater

159 1907 285 1934 victimas
307 1906 434 1939 oﬂerret;
461 1907 519 1934 sive
552 1906 674 1933 victimas
702 1914 749 1933 eas
779 1905 944 1933 intellexeris

160 1960 228 1986 quas
242 1952 355 1987 quilibet
370 1951 544 1980 Christianus
560 1960 592 1979 ex
608 1953 690 1979 corde
705 1959 772 1986 puro
783 1951 870 1982 offert.
887 1952 944 1978 sive

159 2004 228 2032 quas
239 1998 323 2024 solius
335 2002 377 2024 est
391 1998 541 2025 sacerdotis
555 2003 600 2025 aut
620 1998 751 2032 episcopi,
770 2003 798 2024 ut
817 1997 941 2026 ministri.

159 2044 267 2072 θῆαι-[ιθ.
279 2044 345 2071 Cum
361 2049 449 2071 autetn
463 2044 607 2079 Gregorius
624 2052 677 2071 non
697 2049 760 2070 ante
774 2052 872 2070 annum
891 2043 943 2070 328

159 2095 267 2117 creatus
289 2091 325 2117 sit
348 2090 476 2117 sacerdos
497 2094 525 2116 et
539 2090 693 2124 episcopus,
711 2097 822 2116 necesse
846 2095 887 2116 est
916 2093 945 2115 ttt

159 2135 306 2169 Gregorius
322 2135 393 2162 iilins
408 2143 440 2162 ex
456 2140 532 2168 patre
546 2136 671 2170 episcopo
685 2136 719 2162 sit
736 2139 903 2169 procreatus,
921 2135 943 2162 si

159 2181 284 2207 victimas
300 2188 368 2214 quas
391 2180 498 2211 obtulit,
516 2182 673 2215 priusquam
691 2186 848 2208 nasceretur
862 2181 942 2214 ﬁlius,

160 2233 206 2252 eas
221 2233 281 2252 esse
295 2226 452 2258 credideris,
464 2233 531 2260 quas
545 2226 593 2253 soli
610 2226 744 2253 sacerdoti
762 2225 860 2253 olfcrre
871 2235 945 2253 com-

160 2272 236 2305 petit,
252 2272 373 2305 adeoque
389 2280 440 2298 non
464 2277 527 2299 ante
547 2280 646 2299 annuttt
660 2272 712 2300 528
731 2276 778 2299 aut
798 2271 862 2305 3'29,
891 2280 944 2307 quo

160 2321 269 2343 creatus
283 2322 322 2343 est
339 2317 490 2352 episcopus.

161 2369 280 2399 ΣΙ-ΧΙΙΙ.
297 2371 420 2398 Bollandi
435 2373 563 2399 sententia
579 2373 610 2400 de
631 2381 711 2405 anno,
734 2381 785 2407 quo
806 2377 884 2399 natus
907 2377 944 2399 est

197 2407 346 2441 Gregorius.
360 2408 428 2443 Quot
440 2409 514 2433 armis
528 2407 785 2443 GregoriusrAt/tenis
796 2407 947 2443 eloquentia:

195 2450 300 2476 operam
314 2443 395 2469 dedit.
414 2442 550 2477 Reletlt’tur
564 2445 651 2477 opimo
665 2442 801 2470 Bollandi.

196 2498 356 2526 Reclamant
371 2497 541 2525 Bollandistce
558 2499 606 2534 (ε),
620 2499 781 2533 interpretes
803 2502 943 2529 accusant.

160 2543 243 2571 vel-ha
259 2544 351 2571 Grmca
368 2543 401 2570 ab
415 2544 481 2579 ipsis
501 2544 570 2571 male
595 2545 697 2571 reddita
715 2544 811 2571 Latine
826 2551 946 2578 querun-

161 2596 215 2622 tur,
240 2595 268 2617 et
288 2590 516 2617 absurdissimum
532 2597 592 2617 esse
613 2590 743 2621 clamant,
758 2590 780 2616 si
801 2589 946 2624 Gregorius

161 2636 348 2663 Nazianzenus
370 2636 476 2663 dicatur
491 2641 567 2671 patre
587 2637 727 2663 sacerdote
755 2637 796 2663 vel
820 2638 946 2671 episcopo

160 2681 259 2709 editus.
275 2680 303 2708 ld
317 2681 425 2716 quidem
449 2683 546 2709 mirum
562 2687 588 2710 et
605 2690 714 2717 prorsus
729 2681 877 2710 insolitum.
895 2690 944 2710 nec

197 2747 221 2764 ⁸³
237 2747 355 2783 lﬂeg.t,
370 2748 414 2780 ll,
429 2749 474 2776 28.

211 2818 237 2849 ιι)
254 2817 300 2842 Ur.
311 2816 340 2848 2,
355 2824 382 2841 n.
393 2815 434 2842 77.

212 2852 236 2883 ιι)
251 2852 340 2876 Carm.
358 2851 396 2876 De
407 2851 457 2876 vita
474 2859 532 2879 sua.
551 2859 575 2878 v.
594 2851 655 2880 512.

197 2887 233 2916 ιτ)
251 2885 268 2911 9
285 2885 356 2924 Maii,
369 2885 474 2927 p.270,
488 2886 549 2914 5H.

197 2916 236 2951 (tl)
248 2920 264 2947 9
276 2920 346 2951 Muli,
361 2929 385 2953 ιι.
397 2921 455 2947 oti.

988 993 1109 1024 pretatnr
1125 988 1324 1022 Papebrochius
1336 987 1372 1022 (e)
1388 995 1397 1014 ι

988 1047 1005 1091 ἓ
1025 1034 1104 1101 sitas
1121 1039 1226 1068 peracta
1240 1038 1292 1060 tam
1308 1033 1386 1068 longa
1402 1033 1517 1060 nondum
1533 1037 1572 1059 est
1591 1031 1648 1064 tibi,

997 1091 1002 1099 ι
1052 1075 1107 1101 ttat,
1125 1075 1178 1096 etc.

997 1075 1004 1099 ξ
1028 1075 1107 1101 Quot,
1125 1075 1178 1096 etc.

989 1115 1042 1142 Sed
1061 1113 1235 1142 correctiOnis
1258 1120 1312 1139 sua:
1333 1121 1342 1138 ε
1369 1111 1514 1144 licentiam,
1534 1120 1543 1137 ι
1562 1111 1600 1138 sic
1621 1112 1692 1137 enim
1713 1108 1772 1144 ipse

995 1160 1120 1195 appellat,
1149 1158 1256 1193 agnovit
1282 1164 1392 1192 postea;
1415 1157 1554 1184 confessus
1578 1160 1619 1183 est
1634 1156 1715 1182 etiam
1731 1155 1773 1182 vir

991 1205 1123 1233 candidus
1139 1212 1197 1230 eam
1218 1203 1317 1230 nullitts
1332 1203 1504 1237 tuanttscripli
1531 1202 1692 1228 auctoritate
1717 1199 1770 1226 ful-

990 1251 1050 1282 ciri,
1071 1258 1102 1276 ac
1115 1250 1221 1275 detnnm
1235 1248 1369 1282 pollicitus
1385 1247 1455 1274 hanc
1469 1254 1498 1274 se.
1513 1247 1627 1274 libenter
1642 1245 1770 1272 dimissu-

991 1304 1062 1327 rum,
1078 1302 1139 1322 cum
1159 1294 1199 1321 vel
1215 1294 1294 1320 aliatu
1311 1293 1395 1329 magis
1410 1293 1547 1319 fundatam
1564 1297 1718 1325 certantque
1733 1290 1775 1317 in-

991 1342 1096 1369 venerit
1122 1341 1268 1375 quispiam,
1291 1340 1332 1366 vel
1351 1338 1519 1374 explicandte
1533 1339 1663 1373 pltraseos
1695 1336 1775 1363 istius

992 1387 1124 1414 rationem
1140 1387 1281 1419 aptiorem.
1300 1386 1385 1412 Aliam
1404 1385 1460 1420 ipse
1475 1382 1673 1418 Papebrochitts
1687 1381 1777 1408 lectio-

991 1439 1052 1458 nem
1073 1431 1172 1458 invenit
1190 1431 1223 1465 (f)
1235 1451 1242 1463 ,
1263 1438 1309 1457 seu
1325 1430 1413 1464 potius
1425 1429 1517 1460 ﬁnxit;
1534 1428 1611 1461 cuius
1624 1434 1677 1454 non
1692 1425 1777 1459 major

991 1484 1072 1512 quam
1101 1476 1198 1511 prioris
1223 1476 1371 1502 auctoritas
1396 1482 1456 1502 esse
1471 1477 1572 1509 petest,
1591 1479 1652 1499 cum
1679 1470 1776 1497 nullius

991 1524 1048 1558 ipsa
1079 1522 1180 1550 codicis
1196 1522 1358 1549 auctoritate
1385 1521 1527 1552 fulciatur;
1545 1523 1572 1546 et
1591 1525 1650 1552 qnte
1664 1524 1724 1548 suo,
1752 1516 1776 1543 si

992 1568 1192 1599 admitteretur,
1209 1567 1268 1601 plus
1293 1571 1414 1599 noceret,
1440 1573 1520 1600 quam
1543 1565 1644 1591 [averet
1661 1563 1776 1591 fabrica-

956 1617 979 1648 C
996 1615 1044 1641 tori
1068 1623 1074 1641 :
1092 1614 1129 1640 sic
1150 1614 1231 1647 igitur
1251 1613 1391 1647 legendum
1406 1612 1526 1646 suggerit
1541 1619 1548 1637 :

1029 1660 1110 1690 "0:0;
1120 1659 1209 1694 διῆλθε
1227 1658 1268 1689 δὶς
1286 1658 1332 1684 ἰὼν
1346 1658 1407 1718 spot
1421 1657 1524 1692 χρόνος.

1029 1694 1073 1718 Bis
1088 1700 1213 1718 mmnltmt
1230 1696 1314 1718 eundo
1332 1693 1356 1718 In
1377 1694 1429 1718 itur
1446 1697 1524 1718 lerunt

1025 1694 1073 1721 Bis
1088 1690 1213 1729 quantum
1230 1696 1314 1719 eundo
1332 1690 1543 1722 lubiturr'lemnua
1558 1690 1631 1716 milii.

994 1739 1083 1766 Satius
1099 1745 1151 1770 est,
1168 1743 1196 1764 ut
1211 1738 1248 1763 ait
1272 1741 1365 1764 noster
1383 1736 1544 1762 Prudentius
1569 1735 1659 1761 Muran
1674 1734 1700 1760 in
1718 1732 1778 1760 Vita

993 1786 1076 1811 sancti
1100 1784 1197 1811 basilii
1213 1785 1250 1817 (p.
1267 1783 1323 1818 58),
1344 1791 1353 1807 t
1371 1789 1431 1808 cum
1449 1781 1621 1808 Tilletrontio
1639 1780 1726 1812 fateri,
1741 1779 1779 1807 le-

993 1838 1052 1865 gem
1079 1829 1291 1856 ecclesiasticam
1325 1827 1358 1854 de
1389 1826 1555 1853 continentia
1589 1825 1776 1858 episcoporum

994 1876 1111 1902 nondum
1145 1875 1171 1901 in
1202 1874 1328 1901 omnibus
1353 1872 1464 1899 omnino
1493 1871 1623 1898 Ecclesiis
1648 1871 1778 1904 viguisse,

994 1929 1073 1955 quam
1091 1920 1290 1954 apertissimum
1310 1918 1398 1945 locum
1418 1917 1550 1951 ejusmodi
1562 1917 1726 1950 conjecturis
1739 1921 1778 1942 at-

995 1971 1109 1993 tentare.
1134 1975 1142 1992 t
1160 1965 1251 1996 Recte,
1268 1965 1288 1992 si
1302 1964 1376 1998 prius
1397 1962 1576 1990 demonstrari
1589 1967 1679 1996 posset
1693 1956 1777 1995 legem

994 2012 1066 2039 illam
1082 2012 1107 2038 in
1137 2011 1306 2045 Cappadocia
1338 2016 1391 2036 non
1421 2008 1549 2042 viguisse,
1573 2008 1644 2043 quod
1671 2008 1779 2042 quidem

993 2057 1107 2093 probare
1119 2064 1170 2082 non
1186 2056 1262 2082 iucile
1278 2054 1365 2081 fuerit.

1031 2099 1077 2126 Est
1096 2099 1165 2125 alius
1183 2097 1304 2132 Gregorii
1331 2102 1430 2129 textus,
1455 2096 1499 2131 tpti
1515 2096 1548 2122 ad
1567 2094 1778 2122 conﬁrmandam

995 2143 1155 2171 sententiam
1170 2142 1332 2169 Ttlletnontii
1350 2143 1383 2168 de
1398 2149 1469 2168 anno
1490 2149 1542 2176 qtto
1555 2141 1596 2167 vir
1612 2145 1721 2167 sanctus
1734 2148 1782 2165 na-

996 2194 1038 2215 tus
1066 2193 1118 2221 est,
1148 2196 1200 2215 non
1223 2188 1313 2214 minus
1337 2187 1447 2214 idoneus
1463 2187 1590 2213 videtur:
1613 2186 1650 2211 ait
1665 2192 1780 2218 namque

995 2235 1153 2270 Gregorius,
1174 2242 1234 2261 cum
1249 2234 1363 2261 Athenis
1374 2234 1399 2260 in
1415 2233 1528 2267 patriam
1543 2231 1656 2258 reditum
1669 2231 1781 2265 parabat

960 2284 982 2313 ο
997 2288 1068 2307 anno
1080 2280 1146 2311 355,
1164 2288 1193 2307 se
1208 2280 1316 2314 longum
1333 2285 1441 2313 tempus
1452 2278 1541 2304 studio
1559 2276 1718 2311 eloquentiae
1732 2277 1782 2303 im-

997 2326 1134 2360 pendisse,
1151 2333 1182 2352 ac
1194 2333 1224 2352 se
1243 2325 1298 2359 jam
1322 2325 1430 2351 circiter
1445 2324 1555 2350 triviuta
1575 2330 1660 2350 annos
1677 2328 1780 2350 natum.

998 2373 1058 2400 llaec
1073 2377 1135 2400 sunt
1149 2373 1207 2406 ejus
1228 2373 1306 2399 verba
1324 2381 1331 2399 :

1032 2419 1088 2445 Καὶ
1099 2418 1153 2454 γὰρ
1165 2418 1248 2449 πολὺς
1259 2418 1385 2453 τὲτριπτο
1396 2420 1452 2451 τοῖς
1466 2418 1668 2454 λόγοις-χρᾴνος.

1034 2451 1110 2490 Ἥδή
1121 2451 1280 2489 τριαχοστόν
1296 2451 1340 2488 μοι
1357 2454 1449 2489 σχεδὸν
1463 2453 1535 2480 τοῦτ’
1554 2451 1588 2488 ip}
1603 2452 1662 2483 ἔτος
1677 2452 1725 2487 ig).

997 2500 1096 2527 Verum
1114 2508 1146 2527 ex
1164 2501 1278 2527 adverso
1292 2505 1440 2527 occurrunt
1453 2499 1625 2526 Bollandistae
1637 2497 1686 2532 (It),
1701 2503 1782 2530 atque

994 2546 1019 2572 in
1033 2553 1066 2573 eo
1080 2546 1227 2580 disputant.
1247 2555 1256 2571 ι
1279 2545 1385 2577 Gratis,
1400 2546 1541 2580 inquiunt,
1559 2543 1730 2578 praesumitur
1743 2542 1782 2567 si-

993 2591 1069 2624 gnari
1088 2599 1175 2617 annus
1202 2591 1302 2623 artatis,
1320 2591 1364 2617 ubi
1392 2598 1478 2617 annus
1497 2589 1590 2620 studii,
1611 2587 1781 2622 acquirenth

993 2637 1156 2671 eloquentiae
1178 2636 1292 2664 Athenis
1319 2637 1444 2671 itupensi,
1473 2635 1557 2662 multo
1587 2633 1780 2668 congruentius

994 2687 1082 2717 potest
1095 2682 1265 2718 intelligi.....
1286 2682 1359 2710 Alias
1371 2683 1442 2710 cuitu
1465 2680 1599 2716 quomodo
1619 2685 1721 2713 tempus
1731 2684 1782 2705 au-

1036 2816 1071 2848 (έ)
1084 2816 1162 2843 Tom.
1179 2815 1200 2841 11
1222 2814 1294 2845 Maii.
1313 2822 1339 2849 ρ.
1353 2813 1414 2842 διες.

1035 2851 1068 2885 (Ῑ)
1085 2851 1160 2877 Tutu.
1177 2849 1219 2885 Vll
1234 2850 1305 2880 Maii,
1325 2859 1350 2883 p.
1367 2850 1428 2876 6.37.

1037 2883 1073 2919 (g)
1087 2887 1175 2911 Carm.
1192 2884 1229 2911 De
1242 2885 1292 2910 t-t'ta
1304 2893 1362 2917 sua,
1384 2893 1408 2911 ν,
1423 2883 1484 2910 2⁸58.

1038 2921 1076 2956 (ΙΙ)
1093 2922 1108 2948 9
1122 2920 1192 2951 Maii,
1204 2919 1301 2954 p.37l.
