2058 3128
133 201 186 230 157

775 202 857 229 VITA
876 201 906 228 S.
927 200 1100 229 GREGORII.

1714 201 1764 228 1-58

172 261 361 296 Properantem
378 265 405 287 ut
422 267 499 287 sacra
515 260 623 288 victima
639 261 723 302 ﬁeret,
737 259 771 288 ad
788 269 861 302 aram
879 260 926 301 a_d-
942 261 966 289 Α
984 259 1086 287 nullum
1099 259 1194 292 fuisse,
1211 266 1400 294 quamcunque
1411 258 1567 293 religionem
1580 257 1762 292 proﬁteretur.

823 295 923 332 [duzih

172 332 248 360 Sara:
262 331 407 363 (ordinarat
419 329 526 364 prolem.
548 351 556 358 .
578 349 585 357 .
607 350 614 358 .
637 352 644 359 .

171 366 252 393 Nunc
265 375 311 401 ego
330 371 353 393 te
371 363 456 393 uinum
471 364 525 392 Deo
541 363 646 400 munus,
662 371 691 393 ut
707 367 816 401 promisi
827 386 834 397 .

172 401 272 437 Olfero.

136 447 219 474 Suam
245 454 362 482 namque
390 453 503 476 matrem
527 449 671 477 conferens
698 447 844 483 Gregorius
863 455 923 474 cum

136 494 274 528 tardipara
289 494 369 526 Sara,
392 502 451 522 eam
470 503 588 530 quoque,
605 500 633 522 ut
647 496 732 530 ipsius
745 496 835 522 verbis
851 501 922 527 utar,

135 539 272 574 ὀψίτοκον,
290 541 453 574 tardiparam
478 541 560 568 fuisse
585 542 651 568 satis
670 542 783 568 indicat.

135 585 204 614 XVI.
225 586 259 613 In
281 587 410 614 sententia
436 586 597 648 Tillen;onlt'i
623 588 777 622 gravissima
803 592 840 614 est
857 587 925 622 diffi-

485 631 515 648 cu
530 628 580 648 tas.

485 628 580 650 cultas.

173 666 270 694 Verum
285 675 336 694 ana
356 675 434 703 longe
459 669 569 703 gravior
582 673 624 696 est
649 669 675 696 in
698 669 825 702 opinione
841 669 923 697 Tille-

136 713 231 741 montii
257 713 419 747 diliicultas,
435 722 495 749 qua:
520 717 636 741 maxime
654 715 809 749 scrupulum
834 720 924 742 movet

135 759 332 793 Papebronliio,
361 768 411 787 nec
435 760 589 793 immerito,
619 766 699 795 alque
733 761 812 788 etiam
847 762 924 788 nobis

139 806 212 840 ipsis.
227 806 275 832 Vix
291 806 362 832 enim
377 806 474 833 adduci
490 814 643 840 p055umus,
659 811 686 833 ut
699 813 775 841 patre
785 808 924 841 episcopo,

136 851 181 885 qui
200 851 433 885 quinquagenaria
447 851 534 886 major
548 857 607 879 erat
622 859 682 878 cum
695 852 847 886 episcopale
863 861 923 879 mu-

135 905 186 924 nus
211 898 342 932 suscepit,
375 902 468 925 natum
496 905 556 925 esse
583 899 725 926 credamus
751 898 920 933 Gregorium.

977 306 1022 339 qui
1035 305 1094 340 ejus
1104 304 1287 336 sermonibus,
1303 305 1336 331 ad
1349 312 1417 339 quos
1431 311 1564 331 concursu
1578 311 1674 338 magno
1688 309 1764 329 acce-

978 352 1089 384 debant,
1105 359 1157 378 non
1168 351 1361 378 delectaretur.
1378 350 1446 383 Quid
1462 350 1484 377 si
1498 349 1681 377 addiderimus
1697 348 1765 375 Gre-

978 397 1097 431 gorium,
1119 401 1260 431 postquam
1289 394 1380 421 relicta
1401 391 1636 426 Constantinopoli
1660 393 1685 418 in
1710 391 1764 418 otia

977 446 1034 468 tuta
1047 441 1171 473 recessit,
1188 440 1299 474 longum
1312 439 1351 466 De
1365 439 1424 465 Vita
1434 447 1483 465 sua
1498 444 1618 468 carmen,
1631 436 1765 471 hujusque

975 487 1103 514 carminis
1119 486 1200 514 veluti
1212 486 1356 521 quamdam
1374 485 1547 520 appendicem
1565 483 1615 519 (sic
1627 484 1697 510 enim
1716 489 1764 509 no-

976 533 1017 561 bis
1028 533 1164 567 appellare
1173 532 1236 559 licet
1253 531 1387 558 conditum
1399 531 1424 557 in
1440 530 1581 564 episcopos
1590 536 1682 556 eorum
1696 533 1764 555 tem-

975 577 1209 613 porum),carmen
1226 578 1280 603 acri
1293 584 1326 604 ac
1339 576 1491 604 vehementi
1501 575 1581 610 slylo,
1590 574 1643 601 imo
1652 574 1764 600 immen-

975 631 1032 652 sam
1046 623 1160 651 aliorum
1175 623 1344 653 carminum,
1365 630 1424 656 qua:
1447 631 1457 647 ι
1480 621 1605 648 Carmina
1618 627 1725 655 cygmca
1750 627 1760 645 ι

974 675 1082 701 vocant,
1099 670 1202 703 copiam
1219 668 1392 696 condidisse?
1407 668 1517 699 Deinde,
1531 671 1559 694 ut
1573 672 1670 694 αξιοι-³
1684 666 1764 692 omit-

975 721 1041 748 tam,
1059 715 1216 750 Gregorius,
1235 714 1279 749 qui
1300 721 1370 741 anno
1393 713 1445 740 562
1464 713 1495 739 ad
1510 712 1705 739 sacerdotalem
1721 710 1763 738 di-

975 762 1106 797 gnitatem
1124 766 1233 788 evectus
1248 765 1290 787 cst
1305 767 1357 786 una
1375 767 1436 786 cum
1459 758 1568 789 Basilio,
1585 765 1670 784 annos
1687 765 1764 784 sexa-

975 809 1048 842 ginta
1064 812 1118 834 trcs
1137 807 1277 834 habuisset
1298 814 1330 833 ex
1346 806 1438 833 Suidzc
1452 804 1565 835 calculo,
1580 804 1703 831 videlicet
1720 812 1765 830 na-

977 859 1019 881 tus
1039 862 1111 880 anno
1128 853 1191 880 299.
1213 852 1340 886 Querilur
1364 856 1454 878 tamen
1470 851 1602 877 maturius
1617 857 1645 876 se
1664 849 1762 876 factum

978 900 1157 931 sacerdotem,
1177 900 1202 926 in
1231 899 1354 926 oratione
1381 898 1509 924 secunda.
1538 905 1547 922 ι
1576 895 1615 922 Ne
1640 901 1762 922 extrema

142 942 215 970 Nihil
232 943 284 970 tale
299 943 368 978 apud
387 951 480 970 omnes
497 943 575 977 hujus
594 943 683 970 saeculi
703 943 864 978 scriptorcs,
880 943 925 977 qui
942 943 964 970 Β
978 946 1086 979 quidem
1110 950 1246 976 senectus,
1277 944 1364 978 inquit
1386 944 1436 978 (b),
1460 943 1522 969 huic
1542 942 1580 968 rei
1603 942 1762 976 praestituta,

135 989 169 1016 de
191 989 324 1024 Gregorio
347 991 427 1016 verba
455 990 564 1024 fecere,
593 991 735 1025 reperitur.
761 990 833 1017 Nihil
854 991 924 1025 apud

136 1034 342 1070 Hieronymum,
360 1036 406 1071 qui
421 1036 500 1071 hujus
516 1037 637 1064 doctoris
652 1038 846 1064 Consuetudine
862 1044 925 1064 usus

134 1086 186 1114 est,
208 1089 262 1116 quo
285 1082 366 1108 etiam
387 1083 516 1116 magistro
543 1089 573 1110 se
596 1082 751 1117 Scripturas
771 1090 862 1109 sacras
881 1083 924 1109 di-

135 1127 234 1154 dicisse
255 1127 397 1161 gloriatur.
427 1128 455 1155 Si
487 1133 564 1162 patre
593 1129 719 1163 episcopo
744 1134 825 1156 natus
853 1134 925 1156 esset

134 1173 294 1208 Gregorius,
322 1173 457 1207 quomodo
480 1173 670 1209 Hieronymus,
687 1174 733 1208 qui
758 1175 784 1201 id
804 1175 924 1209 profecto

135 1226 187 1246 non
202 1219 365 1253 ignorasset,
386 1219 429 1245 his
442 1219 532 1247 verbis
552 1219 728 1247 Pammachio
744 1220 898 1254 scripsisset
915 1229 922 1247 z

136 1274 146 1290 ι
167 1265 302 1300 Episcopi,
315 1265 473 1301 presbyteri,
488 1266 604 1298 diaconi,
622 1271 668 1292 aut
691 1266 808 1301 virgines
821 1266 925 1300 eligun-

135 1316 189 1342 tur,
200 1315 246 1337 ant
260 1312 341 1344 vidui,
353 1316 399 1338 aut
411 1316 482 1338 certe
493 1316 552 1346 post
564 1312 743 1341 sacerdotium
758 1313 783 1339 in
793 1317 922 1338 mternum

133 1357 243 1395 pudici?
256 1367 265 1383 ι
275 1357 414 1390 Quomodo
425 1357 494 1384 idem
511 1362 622 1385 sanctus
641 1358 736 1385 doctor
751 1357 922 1385 Jovinianum

133 1402 174 1429 sic
190 1401 289 1436 alloqui
302 1410 383 1429 ausus
399 1401 492 1430 fuisset
507 1402 544 1438 (η)
566 1411 572 1429 :
590 1412 599 1428 ‹
617 1402 697 1430 Certe
718 1402 855 1430 conﬁteris
870 1411 922 1430 non

133 1456 214 1483 posse
233 1456 293 1476 esse
313 1449 480 1482 episcopum,
499 1449 545 1484 qui
569 1449 596 1476 in
618 1449 775 1484 episcopatu
797 1450 867 1477 ﬁlios
883 1450 923 1476 {a-

132 1495 206 1528 cial;
220 1495 350 1529 alioquin,
366 1495 388 1522 si
404 1495 585 1530 deprehensus
610 1495 701 1527 fuerit,
722 1503 773 1522 non
791 1497 866 1530 quasi
881 1496 923 1522 vir

134 1540 280 1572 tenebitur,
293 1541 338 1567 sed
351 1540 429 1574 quasi
444 1540 549 1567 adulter
562 1541 750 1567 damnabitur?
769 1551 777 1566 ι
793 1541 845 1568 Nec
860 1548 923 1568 vero

134 1585 326 1626 Hieronymum
348 1585 382 1612 de
404 1586 599 1613 consuetudine
619 1590 721 1612 tantum
741 1586 921 1614 Occidentalis

133 1632 262 1670 Ecclesia:
281 1632 352 1668 laqui
370 1634 533 1667 respondere
554 1632 627 1665 licet,
654 1633 676 1659 si
697 1633 804 1667 quidem
825 1638 920 1660 contra

133 1677 308 1712 Vigilantium
336 1678 513 1712 disputans:
545 1687 554 1704 ε
583 1678 652 1711 Quid
679 1679 799 1710 faciunt,
822 1679 919 1712 inquit,

133 1723 254 1750 Oiientis
266 1723 403 1754 Ecclesi:e,
417 1723 480 1758 quid
493 1722 614 1758 lEgypti,
627 1728 654 1750 et
669 1724 741 1750 sedis
755 1724 920 1758 apostoliczn,

133 1776 194 1803 qua:
214 1774 259 1795 aut
281 1770 401 1804 virgines
418 1769 532 1796 clericos
550 1770 695 1804 accipiunt,
715 1774 761 1796 aut
777 1770 920 1796 continen-

133 1819 191 1846 tes;
218 1819 264 1841 aut
286 1814 308 1841 si
333 1822 430 1842 uxores
458 1815 619 1848 habuerunt,
638 1815 726 1842 mariti
750 1823 810 1842 esse
833 1815 920 1842 desie—

133 1860 215 1887 runt?
231 1870 240 1886 ι
259 1860 415 1888 Innumeros
431 1860 606 1888 conciliorum
630 1868 758 1893 canones,
785 1867 921 1887 veterum-

133 1913 188 1940 que
216 1906 327 1933 Patrum
357 1907 511 1934 testimonia
539 1907 580 1933 fas
604 1907 648 1934 hic
675 1912 748 1934 esset
765 1901 919 1941 ’snbjiccre,

133 1952 233 1987 quibus
249 1952 404 1981 sacerdotes
423 1959 520 1987 quarto
534 1953 633 1979 sacculo
650 1953 683 1980 ab
697 1952 826 1980 uxoribus
837 1953 920 1979 absti-

133 2000 227 2027 nuisse
240 1999 412 2027 manifestum
427 2004 479 2030 est,
497 2000 596 2033 quique
620 2007 671 2026 non
694 1999 786 2026 sinunt
809 1999 920 2026 credere

137 2043 300 2079 Gregorium
326 2050 403 2079 patrc
425 2046 552 2079 episcopo
567 2049 657 2072 natum
671 2053 739 2071 esse.
754 2044 774 2072 E
791 2045 878 2071 medio
898 2045 920 2071 si

133 2092 242 2120 abesset
254 2092 287 2124 is,
307 2092 352 2126 qui
368 2097 408 2119 est
426 2093 451 2118 in
467 2092 632 2120 Tillemonlii
655 2092 793 2126 opinione,
808 2099 920 2126 scrupu—

133 2137 185 2169 lus,
212 2138 282 2165 hanc
308 2146 357 2173 per
373 2139 511 2166 obstantes
541 2138 711 2165 diliicnltates
732 2145 919 2172 sequeremur,

132 2193 193 2220 qua:
215 2185 323 2220 quidem
347 2185 462 2212 leviores
486 2191 549 2211 sunt
571 2193 652 2220 quam
675 2192 735 2219 qua:
757 2185 783 2211 in
805 2183 919 2211 aliorum

132 2232 306 2267 opinionibus
322 2235 479 2258 occurrunt.

221 2277 303 2304 XVII.
327 2277 476 2304 Contraria:
497 2277 628 2311 opinionis
653 2277 829 2303 incommoda.

169 2323 268 2351 Snidas
283 2324 378 2350 scribit
400 2323 559 2358 Gregorium
583 2322 766 2356 nonagenario
790 2321 919 2355 majorem

131 2369 243 2399 obiisse,
263 2369 383 2402 adeoque
410 2374 502 2395 natum
523 2376 593 2395 anno
614 2368 684 2400 299;
703 2375 734 2395 ex
751 2375 804 2402 quo
826 2375 921 2402 seque-

131 2421 210 2441 retur
223 2415 383 2449 Grcgorium
397 2415 598 2449 octogenarium
612 2414 704 2445 fuisse,
717 2422 777 2440 cum
792 2414 920 2440 Constan-

132 2460 273 2494 tinopolim
286 2462 319 2486 ad
340 2461 533 2487 defendendam
550 2460 708 2487 catholicam
729 2459 806 2485 ﬁdem
830 2457 919 2492 profe-

130 2511 192 2532 ctus
202 2510 254 2532 est.
267 2505 319 2533 Sed
334 2507 394 2540 quis
406 2506 498 2533 credat
507 2506 594 2532 virum
606 2506 807 2540 oclogcnarium
824 2505 876 2531 illic
887 2512 919 2532 ea

130 2552 302 2587 praestitisse,
317 2560 377 2586 qua:
388 2553 513 2587 prmstitit
526 2560 533 2584 ;
546 2560 679 2587 paresque
693 2552 774 2578 tantis
783 2551 920 2579 laboribus

130 2597 281 2624 subeundis
293 2598 343 2625 hac
358 2603 438 2625 :etate
450 2599 520 2625 vires
536 2598 673 2630 habuisse,
689 2602 760 2624 tanta
775 2598 799 2623 vi
812 2597 918 2624 dicendi

131 2643 249 2670 valuisse
265 2648 293 2670 ct
309 2643 439 2677 eﬂicacia,
456 2649 485 2670 ut
499 2644 636 2671 auditores
650 2651 755 2676 omnes,
770 2651 822 2670 non
840 2642 920 2669 modo

128 2691 272 2718 catholica:
289 2691 349 2717 ﬁdei
365 2691 488 2718 addictos
501 2711 508 2723 ,
528 2691 575 2718 sed
592 2691 661 2725 ipsos
676 2689 756 2717 etiam
779 2689 918 2716 luereticos

130 2737 181 2764 sibi
206 2736 372 2764 devincirct?
391 2737 430 2764 Ex
454 2737 512 2773 ipso
532 2737 604 2765 enim
625 2736 757 2772 Gregorio
778 2735 917 2768 discimus,

164 2827 187 2844 “
202 2826 297 2859 Eccli.,
315 2835 344 2859 ι,
364 2826 391 2853 5.

165 2917 202 2951 (a)
218 2915 277 2944 Lib.
293 2924 302 2943 ι
321 2917 382 2944 adu.
398 2916 485 2944 Jovin.

165 2952 201 2987 (ιιι)
215 2952 247 2979 n.
264 2951 309 2978 72.

977 991 1086 1026 longum
1105 996 1211 1024 tempus
1224 992 1329 1017 censeri
1348 990 1437 1017 debet.
1455 998 1463 1015 ι
1484 988 1586 1021 Quibus
1604 988 1693 1014 verbis
1707 995 1764 1014 ma-

976 1037 1073 1065 nifeste
1087 1037 1155 1064 satis
1170 1037 1273 1063 indicat
1289 1043 1317 1063 se
1332 1036 1466 1070 iuniorem
1485 1035 1568 1061 fuisse
1583 1041 1664 1068 quam
1682 1041 1764 1067 opor-

976 1085 1088 1116 tuisset;
1121 1089 1269 1118 posteaque
1294 1083 1369 1115 luce,
1398 1082 1430 1109 ad
1457 1082 1669 1108 conﬁrmandum
1691 1080 1763 1115 quod

975 1130 1092 1162 diacral,
1112 1129 1190 1156 affert
1207 1130 1288 1156 verba
1304 1128 1459 1155 Salomonis
1476 1137 1482 1155 :
1504 1137 1514 1153 ‹
1533 1127 1577 1154 Va:
1596 1127 1642 1154 tibi
1656 1127 1763 1159 civitas,

975 1176 1052 1211 cujus
1065 1184 1110 1203 rex
1127 1175 1220 1210 junior
1232 1180 1274 1202 cst
1287 1175 1325 1202 “.
1344 1184 1353 1200 ι
1370 1174 1418 1201 Vir
1428 1179 1501 1201 certe
1516 1173 1693 1208 sexagenario
1707 1181 1766 1199 ma-

971 1220 1015 1255 jor
1026 1222 1101 1255 queri
1116 1228 1169 1247 non
1184 1224 1283 1255 potest,
1297 1227 1346 1247 nec
1357 1219 1447 1247 debet.
1460 1226 1489 1246 se
1502 1219 1583 1245 citius
1597 1217 1765 1245 sacerdotale

974 1274 1072 1294 munus
1093 1267 1255 1301 suscepisse.

1010 1312 1086 1344 Quod
1114 1316 1217 1345 spectat
1245 1310 1439 1341 Bollandistas.
1468 1310 1494 1336 in
1517 1317 1564 1337 sua
1587 1308 1765 1342 (Ilrronologin

978 1357 1046 1384 Vita:
1067 1356 1101 1384 S.’
1118 1356 1238 1391 Gregorii
1255 1365 1367 1391 expertia
1391 1361 1416 1382 at
1441 1355 1577 1388 innovala,
1593 1355 1682 1383 Suida:
1703 1353 1763 1387 opi-

974 1404 1081 1431 nionem
1105 1403 1323 1438 amplectuntur;
1342 1410 1422 1437 quam
1442 1408 1471 1428 ut
1487 1407 1622 1432 tueantur.
1638 1400 1764 1427 omnibus

974 1449 1064 1476 nervis
1079 1449 1247 1476 comeudnnt
1262 1449 1288 1475 in
1307 1448 1444 1475 vertendis
1460 1447 1680 1482 explieandisquc
1703 1446 1764 1480 qui-

973 1495 1085 1522 busdam
1105 1494 1227 1529 Gregorii
1261 1494 1438 1526 testimoniis,
1454 1500 1512 1527 anc
1528 1493 1594 1527 ipsis
1617 1492 1765 1518 incommo-

973 1542 1053 1573 dant;
1073 1549 1121 1569 nec
1139 1545 1227 1568 tamen
1251 1541 1374 1571 feliciter.
1391 1540 1413 1567 si
1436 1539 1545 1573 quidem
1564 1538 1621 1565 vela
1640 1539 1703 1564 dare
1722 1544 1763 1564 re-

975 1591 1104 1617 trorsum,
1125 1595 1263 1622 novasque
1278 1586 1392 1613 subinde
1408 1585 1649 1620 interpretationes
1667 1583 1764 1610 all'erre

975 1638 1115 1668 coguntur,
1139 1641 1199 1668 qua:
1227 1632 1268 1659 vel
1297 1632 1363 1667 ipsis
1391 1640 1442 1658 non
1473 1631 1618 1658 admodum
1645 1629 1762 1663 placent.

975 1678 1144 1713 Quapropter
1173 1678 1223 1705 sibi
1253 1686 1305 1705 non
1332 1681 1469 1707 constant,
1497 1675 1548 1702 nisi
1573 1675 1599 1701 in
1624 1682 1667 1705 eo,
1692 1674 1763 1707 quod

975 1724 1136 1758 Gregorium
1164 1729 1241 1757 patre
1266 1724 1394 1757 episcopo
1421 1727 1513 1748 natum
1539 1724 1698 1747 constanter
1718 1726 1765 1745 nc-

974 1777 1047 1807 gent.
1071 1771 1191 1799 Candide.
1221 1770 1319 1797 fatetur
1340 1769 1538 1803 l’apcbrorhius
1559 1767 1655 1803 (cujus
1680 1765 1763 1791 animi

975 1818 1100 1845 candoris
1126 1817 1178 1844 alia
1209 1817 1286 1844 laude
1311 1817 1390 1851 digna
1420 1815 1550 1841 habemus
1574 1812 1726 1840 testimonia
1741 1810 1763 1847 ),

975 1871 1035 1890 cum
1074 1862 1268 1890 eruditioribus
1307 1861 1467 1896 quibusdam
1501 1859 1596 1886 amicis
1630 1857 1758 1884 notmnlla

974 1915 1078 1939 eorum,
1096 1915 1156 1941 quae
1178 1908 1317 1940 proposuit
1333 1905 1490 1933 iunovandtu
1506 1903 1687 1936 chronologizc
1701 1902 1760 1928 I'un-

975 1954 1110 1985 damenta,
1127 1953 1370 1985 cooimunicasset;
1394 1959 1423 1979 se
1437 1959 1490 1978 non
1507 1956 1602 1976 omnes
1620 1956 1697 1982 atque
1719 1955 1763 1975 as-

974 1999 1120 2027 scntientcs
1136 1999 1273 2025 habuisse.
1297 2007 1306 2024 ι
1335 1998 1428 2029 Erant,
1445 1997 1531 2030 inquit
1546 1996 1592 2031 (c),
1608 1995 1706 2029 quibus
1722 1995 1762 2020 vi-

974 2045 1086 2072 debatur
1101 2045 1288 2080 superstitiosa
1304 2044 1456 2071 sollicitudo
1470 2043 1598 2073 cavendi,
1614 2049 1646 2068 ne
1663 2048 1695 2067 cx
1714 2049 1760 2074 pa-

976 2097 1016 2119 trc
1038 2092 1094 2126 jam
1124 2092 1250 2126 episcopo
1275 2096 1353 2117 natus
1376 2091 1532 2117 crederetur
1556 2087 1760 2119 Nazianzenus;

977 2138 1186 2171 metuebantque
1211 2145 1244 2163 ne
1271 2144 1304 2163 ex
1333 2141 1433 2163 nostra:
1456 2142 1487 2161 ac
1513 2133 1591 2168 paulo
1615 2131 1763 2166 superioris

974 2184 1064 2210 :utatis
1084 2183 1243 2219 prmjudicio
1260 2183 1416 2218 procederet.
1435 2181 1487 2211 illa,
1510 2179 1645 2206 haereticis
1663 2182 1762 2210 nuptu~

976 2229 1108 2255 rientihus
1130 2229 1213 2254 risum
1240 2232 1356 2258 tnotura,
1385 2235 1393 2252 ι
1412 2231 1464 2252 etc.
1484 2225 1595 2250 Demum
1620 2227 1760 2256 postquam

975 2274 1020 2301 diu
1033 2274 1194 2308 disputavit,
1208 2274 1287 2300 modo
1302 2273 1363 2303 huc,
1381 2272 1458 2297 modo
1475 2271 1535 2296 ilinc
1549 2269 1692 2297 inclinans,
1710 2267 1761 2301 ipsi

974 2321 1119 2350 alternanti
1147 2320 1206 2347 fere
1233 2319 1322 2355 potior
1354 2317 1461 2344 videtur
1488 2315 1596 2342 Baronii
1626 2314 1760 2341 sententia

973 2375 982 2391 ι
1001 2367 1124 2398 interim,
1144 2365 1230 2399 inquit
1246 2365 1295 2399 (τι).
1315 2363 1360 2398 qui
1380 2362 1446 2389 nihil
1465 2366 1596 2389 umtatum
1616 2360 1697 2391 volct,
1714 2366 1759 2391 eo,

970 2413 1042 2447 quod
1064 2412 1186 2447 Ἐτήσιαι
1208 2411 1257 2445 ipsi
1282 2417 1334 2436 non
1353 2409 1496 2435 videantur
1510 2415 1559 2442 pro
1582 2416 1591 2432 ι
1613 2406 1675 2432 anni
1698 2412 1761 2431 cur-

970 2457 1056 2484 riculo
1085 2466 1094 2482 ι
1121 2464 1199 2491 posse
1227 2463 1274 2490 per
1299 2455 1485 2489 metaphoram
1513 2453 1610 2487 accipi,
1630 2455 1760 2486 sequatur

972 2513 982 2530 ι
1006 2503 1112 2532 Baronii
1131 2503 1301 2530 sententiain.
1326 2512 1336 2528 ι

1181 2546 1202 2573 Χ
1209 2546 1271 2573 Vlll.
1288 2545 1399 2573 Baronii
1413 2543 1549 2571 sententia.

1004 2595 1042 2622 Ea
1063 2599 1152 2622 autem
1176 2598 1217 2620 est
1240 2592 1384 2619 Annalium
1408 2591 1528 2626 parentis
1548 2587 1697 2618 sententia;
1712 2591 1761 2619 per

970 2640 1138 2676 hyperboien
1156 2640 1275 2667 locutum
1295 2638 1380 2666 inisse
1391 2637 1551 2671 Gregorium
1569 2639 1682 2670 patrem,
1696 2639 1756 2658 num

968 2688 1010 2715 his
1029 2687 1130 2718 verbis,
1157 2696 1167 2712 ‹
1195 2687 1312 2713 nondum
1335 2689 1374 2712 tot.
1396 2691 1490 2716 annos,
1516 2687 1582 2712 etc.,
1608 2690 1617 2707 ι
1644 2678 1759 2706 suadere

968 2734 1024 2762 ﬁlio
1041 2739 1196 2767 conaretur,
1222 2737 1251 2760 ut
1280 2730 1449 2767 pastoritiam
1474 2736 1566 2757 curam
1589 2726 1759 2760 susciperet;

1008 2913 1044 2946 (ι)
1061 2911 1127 2946 App.
1146 2911 1178 2946 ad
1189 2914 1214 2946 rt.
1235 2908 1279 2946 vn
1297 2907 1369 2946 itan,
1385 2914 1411 2941 ρ.
1426 2905 1487 2932 att.

1005 2944 1043 2982 (α)
1059 2944 1136 2977 Ibid”
1151 2945 1213 2978 855,
1229 2945 1279 2972 col.
1296 2944 1320 2970 i.
