2058 3128
310 182 362 209 159

950 186 1028 214 \‘iTA
1046 186 1076 214 S.
1097 185 1275 214 GREGORII.

1885 184 1934 212 160

309 242 445 275 quomodo
467 251 538 277 δεῖρε
562 252 615 271 non
638 244 751 271 mullum
771 245 930 280 grandiores
953 251 1015 273 natu
1042 249 1096 272 tau-
1111 247 1134 274 Α
1192 246 1317 273 Nondum
1334 251 1433 273 tantum
1444 254 1561 274 emensus
1578 254 1604 272 es
1620 246 1709 277 vitam,

311 287 368 314 lilln
389 295 418 316 se
433 288 586 322 junioribus
600 291 703 320 dicunt.
727 298 756 317 se
776 291 802 317 id
823 291 857 317 de
872 298 924 325 quo
939 292 1028 326 agitur
1041 291 1094 318 sci-

310 333 381 360 visse
394 334 550 368 priusquam
565 341 742 362 nasceremur
752 335 808 362 alii.
825 335 881 363 lIac
897 337 1003 363 ratione
1018 345 1095 363 scru-

310 379 400 412 pulum
418 380 449 406 iis
468 388 498 407 ex
521 380 612 407 animo
629 381 730 412 evellit,
750 381 795 415 qui
818 386 847 407 ιιι
863 382 976 408 credam
993 381 1095 417 Grego-

309 425 377 452 rium
400 430 477 459 patre
500 426 627 460 episcopo
647 432 740 453 natum
763 434 823 453 esse
838 426 934 454 adduci
963 435 1014 454 non
1033 435 1094 462 pos-

309 476 380 497 sunt.
404 471 501 498 Censet
524 472 563 506 (α)
581 479 698 506 namque
712 480 773 498 eum
790 473 872 498 etiam
897 481 907 497 ι
933 477 1010 507 patre
1027 481 1095 500 nou-

309 516 369 541 dum
385 515 538 543 Christiano
555 522 658 543 natttm.
679 526 688 542 ι
711 517 808 544 Verum
833 517 964 545 Barouius
982 526 1095 552 scrupu-

309 560 362 587 lum
378 561 456 588 simul
479 570 526 589 sua
544 563 766 597 interpretatione
783 564 866 590 donat
886 569 913 590 et
927 564 1026 592 aufert.
1042 565 1095 592 IIIis

308 607 414 640 quidem
435 609 538 640 aufert.
564 609 609 643 qui
628 615 739 636 censent
757 609 917 645 Gregorium
939 617 1015 645 patre
1039 610 1095 644 epi-

307 659 388 685 seopo
400 658 491 679 natum
508 662 558 679 non
569 661 643 685 esse;
661 654 744 680 donat
758 659 846 681 autem
859 654 929 686 aliis,
942 659 1023 688 atque
1040 655 1095 681 int-

307 698 401 731 primis
413 697 594 730 Tillemontio,
606 699 650 732 qui
664 699 824 734 Gregorium
837 700 939 734 absque
953 700 1094 728 utendacio

308 743 347 770 sic
362 743 433 777 loqui
456 751 508 771 non
534 745 668 778 potuisse.
686 750 714 772 et
739 745 785 772 tali
807 745 954 781 hyperbole
975 746 1094 781 graviter

306 789 406 816 offendi
423 790 563 817 veritatem
580 790 706 818 affirmat.

307 844 380 884 XIX:
411 845 538 884 Quttrlibet
561 847 649 880 opinio
674 847 728 874 suis
756 847 861 875 laborat
886 849 1093 884 diﬁirultntibus.

341 880 495 919 dftrtortbus
517 887 707 919 urgeturrqute
727 884 821 919 statuit
847 880 1004 917 Gregorium
1021 891 1095 919 patre

339 916 494 947 christiana,
512 919 555 942 sed
574 918 688 943 nandum
709 918 827 952 episcopo
847 916 949 946 nutum.

339 972 417 999 Nulla
438 981 471 1000 ex
498 973 540 1000 his
555 973 679 1001 omnibus
697 979 738 1001 est
755 975 944 1008 opinionibus,
965 983 1024 1009 qua:
1040 984 1092 1004 non

307 1018 398 1044 multis
409 1018 590 1052 gravibusque
603 1019 803 1046 difﬁcultatibus
815 1020 927 1048 laboret.
940 1020 985 1047 Illa
999 1028 1091 1054 porro,

305 1061 382 1088 nobis
406 1061 497 1087 ouutia
523 1063 717 1090 meditantibus
734 1064 922 1095 iucouuuoda.
942 1066 1092 1093 minoribus

304 1107 394 1140 urgeri
425 1109 482 1136 visa
510 1116 561 1141 est,
589 1119 649 1145 quia
679 1112 839 1147 Gregorium
872 1118 949 1147 patre
974 1115 1091 1141 nondqu

303 1153 440 1189 episcopo,
461 1157 508 1183 sed
523 1157 578 1190 jam
600 1158 756 1186 Christiano
781 1166 873 1186 natttm
889 1168 961 1187 anno
973 1160 1026 1188 5‘25
1045 1166 1092 1188 aut

303 1199 413 1227 ineunte
429 1201 481 1229 526
500 1204 593 1230 Statuit
608 1212 640 1231 ex
653 1205 738 1239 ipsius
750 1205 872 1240 Gregorii
892 1207 991 1234 verbis.
1009 1216 1018 1232 ι
1036 1208 1092 1234 An—

303 1252 353 1272 nus
367 1246 443 1277 utihi,
467 1257 476 1272 ι
494 1247 580 1282 inquit
595 1248 634 1283 (ιι)
650 1259 659 1274 ι
672 1249 727 1283 jam
741 1257 809 1284 pene
828 1251 980 1279 tricesimus
992 1257 1061 1285 erat,
1078 1261 1088 1278 ι

301 1299 362 1318 cum
382 1292 505 1326 Athenis,
521 1301 593 1321 anno
612 1296 664 1322 5‘i5
680 1296 720 1323 vel
739 1296 802 1329 356,
827 1297 966 1325 discedere
986 1298 1091 1334 cogita-

302 1336 358 1364 bat.
389 1337 467 1366 Nusci
493 1347 557 1375 ergo
587 1341 679 1368 debuit
711 1350 784 1370 anno
808 1343 860 1370 5233
890 1348 1016 1376 exeunte,
1043 1348 1091 1371 aut

302 1383 412 1411 ineunte
434 1385 497 1417 5‘26,
512 1392 541 1413 ut
566 1387 721 1421 lrigesimus
740 1388 778 1415 illi
795 1397 881 1417 annus
900 1394 973 1416 esset
993 1390 1016 1417 is
1035 1398 1089 1425 quo

301 1427 422 1457 Athenas
432 1431 551 1465 reliquit.
561 1431 626 1466 Ejus
638 1439 715 1467 pater
727 1435 844 1462 nondum
857 1440 914 1463 erat
928 1435 1088 1470 episcopus;

302 1474 349 1501 sed
364 1483 424 1502 eum
446 1476 630 1505 Christianum
653 1484 717 1506 tttnc
738 1479 833 1512 fuisse,
851 1482 976 1516 quamvis
992 1486 1088 1508 contra

301 1521 400 1548 sentiat
414 1521 558 1556 Baronius,
574 1525 726 1559 colligimus
744 1533 776 1552 ex
793 1527 914 1554 carmine
930 1527 1024 1561 quinto
1043 1527 1087 1555 ubi

301 1565 340 1592 ait
356 1565 502 1602 Gregorius
524 1575 553 1596 se
569 1574 660 1596 natum
677 1570 769 1597 statim
787 1578 801 1597 a
817 1571 912 1598 Nonua
936 1571 991 1599 Deo
1013 1572 1087 1599 obla-

1187 282 1322 314 Quantum
1336 281 1466 316 praeteriit
1481 282 1544 308 mihi
1555 281 1742 314 sacrificiorum
1755 284 1865 313 tempta.

1149 328 1206 355 Non
1233 329 1270 355 ait
1291 328 1437 362 Gregorius
1458 328 1529 355 facta
1553 335 1568 354 a
1592 335 1632 359 se,
1656 327 1713 354 sive
1736 331 1765 353 ut
1784 325 1933 356 sacerdote,

1150 375 1207 402 sive
1220 378 1249 401 ut
1267 375 1406 409 episcopo,
1429 373 1580 406 sacriﬁcia;
1602 373 1649 400 sed
1671 371 1850 399 ﬁlium'suum
1877 375 1936 398 tan-

1150 426 1203 448 tam
1229 422 1347 447 nondum
1364 420 1445 447 vitam
1461 427 1521 447 esse
1548 427 1700 451 emensum,
1726 423 1857 453 quantutn
1883 417 1932 444 sibi

1149 467 1198 502 ipsi
1223 467 1421 494 sacriﬁciorum
1449 471 1553 500 tempus
1581 474 1590 491 ι
1616 465 1798 500 ρτῖριετίίεςει.
1830 474 1840 490 υ
1866 463 1934 496 Ouid

1149 521 1230 548 porro
1245 517 1318 539 vetat
1343 513 1486 546 quominus
1520 512 1640 539 dicamus
1665 510 1797 537 sacriﬁcia
1825 517 1856 536 ea
1876 517 1934 537 esse

1149 566 1227 586 sacra
1254 557 1394 592 mysteria,
1417 558 1514 591 quibus
1541 561 1602 590 post
1624 561 1781 591 susceptum
1801 555 1933 590 baptisma

1150 602 1319 634 interfuerat,
1349 610 1462 636 quortnn
1493 602 1626 635 particeps
1656 601 1766 633 fuerat,
1796 601 1850 627 into
1875 607 1934 635 qua:

1148 650 1241 680 etiam,
1256 649 1278 676 si
1298 648 1386 675 minus
1400 654 1429 675 ut
1447 648 1587 680 sacerdos,
1609 647 1704 674 saltem
1720 652 1748 674 ut
1765 646 1934 674 Christianus

1149 703 1198 723 suo
1215 695 1293 721 modo
1310 702 1357 728 per
1380 693 1480 728 aliquot
1499 701 1585 720 annos
1599 692 1744 724 obtulerat,
1760 692 1934 725 quemadmo-

1148 741 1212 768 dum
1228 740 1322 767 ﬁdeles
1334 739 1432 766 oﬁ‘erre
1446 739 1544 772 solent,
1558 738 1634 772 juxta
1650 740 1708 766 haec
1720 738 1809 765 Missae
1823 738 1934 766 canonis

1151 786 1229 813 verba
1247 793 1254 812 ι
1282 785 1411 812 Memento
1438 785 1528 815 etiam,
1548 783 1690 810 Domine...
1709 787 1731 810 et
1747 784 1860 810 omnium
1881 783 1933 809 cir-

1147 831 1345 862 cumstantium,
1372 838 1482 862 quorum
1508 830 1554 855 tibi
1570 829 1634 864 [ideo
1650 830 1753 863 cognita
1772 833 1808 855 est
1827 833 1851 854 et
1873 833 1934 854 nota

1147 879 1262 908 devotio,
1275 885 1323 910 pro
1338 877 1433 911 quibus
1451 877 1500 902 tibi
1521 875 1672 910 offerimus,
1689 875 1726 902 vel
1745 875 1789 909 qui
1805 874 1849 900 tibi
1870 874 1933 908 olfe-

1106 928 1127 956 B
1142 929 1202 952 runt
1222 923 1270 949 hoc
1289 923 1450 956 sacriﬁcium
1473 922 1582 949 laudis?
1596 926 1648 949 etc.
1675 921 1714 948 Ex
1729 929 1782 955 quo
1796 928 1860 956 ergo
1873 927 1932 947 sus-

1146 971 1258 1002 ceperat
1284 968 1415 1001 baptisma
1448 967 1606 1002 Gregorius,
1627 967 1713 994 sacris
1740 967 1876 1001 mysteriis
1898 967 1934 992 iu-

1145 1013 1284 1045 terfuerat,
1306 1013 1401 1039 horum
1418 1013 1554 1047 particeps
1570 1012 1667 1043 fuerat,
1684 1010 1782 1038 exinde
1800 1019 1810 1036 ι
1831 1010 1934 1038 sacriﬁo

1143 1060 1246 1087 ciorum
1264 1068 1272 1084 ι
1289 1063 1393 1093 tempus
1409 1059 1458 1092 ipsi
1475 1058 1561 1086 ﬁuere
1576 1062 1708 1092 coeperat,
1735 1062 1764 1084 ut
1783 1057 1832 1091 ipsi
1844 1058 1933 1084 dicere

1143 1103 1249 1131 licuerit
1264 1103 1349 1130 filium
1363 1103 1523 1138 alloquendo
1537 1111 1543 1130 :
1560 1112 1569 1129 ι
1586 1102 1708 1130 Nondum
1725 1107 1826 1130 tantam
1841 1110 1933 1130 emen-

1143 1158 1190 1178 sus
1211 1158 1240 1177 es
1259 1150 1354 1181 vitam,
1367 1155 1497 1184 quantum
1517 1149 1647 1184 praeteriit
1661 1149 1725 1176 mihi
1739 1149 1932 1177 sacriﬁciorum

1143 1200 1258 1229 tempus.
1285 1204 1295 1220 ι
1323 1194 1398 1228 Quod
1421 1195 1531 1229 quidem
1557 1195 1636 1229 longe
1656 1194 1830 1221 verissimum
1861 1199 1931 1222 erat.

1142 1241 1222 1274 Quin,
1239 1240 1391 1275 Theologus
1405 1241 1472 1274 ipse.
1489 1240 1610 1267 carmine
1625 1239 1662 1266 De
1683 1239 1741 1266 Vita
1754 1247 1801 1266 sua
1827 1238 1880 1275 (ἀ),
1893 1240 1933 1266 sic

1142 1286 1226 1314 Deum
1247 1284 1344 1312 affatur
1360 1293 1367 1312 :
1384 1295 1393 1311 ι
1407 1285 1514 1319 Precor,
1527 1286 1548 1313 si
1564 1286 1670 1318 quando
1682 1290 1707 1312 te
1722 1290 1797 1319 pater
1808 1290 1835 1312 et
1852 1292 1930 1312 vene-

1141 1332 1224 1358 randa
1242 1335 1328 1357 mater
1343 1336 1389 1358 aut
1403 1331 1518 1358 victimis
1540 1331 1613 1365 puris
1631 1336 1657 1358 et
1674 1331 1778 1357 sanctis
1792 1330 1924 1357 munerati

1141 1382 1223 1410 sunt;
1239 1386 1248 1402 ι
1265 1376 1438 1404 victimarum
1458 1376 1566 1404 nomine
1581 1376 1623 1410 pia
1643 1384 1724 1410 opera
1737 1384 1769 1403 ex
1786 1376 1928 1403 charitatis

1141 1423 1238 1450 affectu
1257 1423 1310 1450 Deo
1322 1422 1412 1449 oblata
1432 1423 1502 1449 haud
1517 1423 1597 1449 dubie
1613 1423 1784 1456 intelligens;
1797 1427 1824 1449 et
1840 1430 1925 1449 carm.

1141 1476 1169 1496 ιι
1197 1468 1244 1504 (ε),
1272 1478 1281 1495 ι
1301 1469 1398 1496 animae
1417 1469 1542 1496 victimas
1568 1469 1723 1496 incruentas
1746 1478 1755 1494 ι
1777 1474 1926 1495 menmrat:

1140 1514 1204 1549 quid
1223 1514 1304 1548 igitur
1331 1514 1430 1545 obstat,
1451 1514 1596 1547 quominus
1612 1515 1706 1540 eodem
1727 1520 1807 1540 sensu
1829 1512 1928 1547 Grego-

1140 1561 1196 1588 rius
1216 1566 1293 1595 pater
1318 1567 1412 1587 sacras
1437 1559 1562 1586 victimas
1585 1558 1763 1590 intellexerit;
1780 1558 1860 1592 idque
1882 1566 1926 1585 so-

301 1615 357 1637 tum
373 1620 380 1639 :
398 1598 494 1640 deinde
512 1615 597 1647 addit,
616 1624 626 1640 α
645 1621 673 1643 οι
692 1624 706 1643 ε
724 1617 883 1650 ρδι-εηιῃηιε
901 1618 1019 1652 διιεορρίι
1040 1618 1087 1645 άο,
1101 1598 1122 1627 C
1139 1606 1194 1632 lum
1217 1606 1341 1633 versibus
1367 1605 1422 1652 illis
1437 1605 1634 1652 declaraverit;
1656 1604 1785 1652 rvidclicet
1807 1612 1861 1652 non
1892 1609 1928 1652 tot

301 1665 364 1684 num
387 1666 394 1684 :
415 1667 423 1684 ι
442 1660 488 1686 καὶ
503 1661 535 1686 ὲκ
550 1662 651 1688 τοκέων
667 1663 800 1689 ὑπέδεκτο
815 1663 910 1698 δῶρον.
931 1663 1015 1697 Igitur
1032 1663 1089 1698 ipse

300 1711 407 1738 quoque
423 1704 570 1739 Gregorius
593 1712 668 1742 pater
689 1709 772 1735 ﬁlium
789 1716 853 1736 vero
872 1709 926 1736 Deo
943 1709 1088 1741 obtulerat,

300 1751 468 1786 proindeque
503 1761 564 1780 eum
594 1758 658 1781 tunc
694 1755 810 1781 colebat.
845 1754 973 1782 Carmine.
1005 1756 1086 1782 etiam

299 1796 353 1823 alio
367 1796 416 1833 (τ),
429 1801 573 1834 postquam
589 1801 710 1827 narravit
725 1801 861 1836 quomodo
879 1802 923 1828 vix
940 1805 1019 1828 natus
1033 1801 1087 1828 Deo

299 1842 403 1870 dicatus
430 1843 511 1871 fuerit
533 1850 561 1872 et
583 1846 700 1880 oblatus,
728 1848 813 1874 instar
841 1847 917 1874 vituli
940 1847 981 1874 vel
1008 1846 1086 1881 agni;

302 1897 311 1914 ι
328 1897 380 1916 non
395 1891 465 1917 enim
482 1891 574 1918 dicere
588 1892 683 1925 audeo,
699 1898 727 1919 ut
741 1901 827 1920 novus
839 1893 948 1928 quidatn
963 1892 1085 1925 Samuel,

299 1934 352 1961 nisi
367 1935 400 1961 ad
413 1942 505 1963 eorum
520 1937 566 1972 qui
579 1938 713 1965 dederttnt
723 1939 887 1966 desideriqu
902 1939 1055 1974 respiciam.
1073 1947 1083 1964 ι

302 2002 358 2029 XX.
375 2002 435 2039 dlis
455 2004 591 2039 verborum
615 2003 734 2038 Gregorii
750 2006 833 2036 patris
853 2005 1035 2039 interpretatio
1050 2013 1082 2033 ea:

379 2037 491 2064 Mentor.
515 2037 590 2065 Trev.
609 2037 675 2073 Apr;
692 2039 770 2073 i707,
786 2045 838 2066 art.
858 2048 883 2072 ι,
898 2037 926 2073 p.
941 2040 1003 2067 711.

334 2093 393 2122 Jam
420 2102 484 2121 vero
503 2094 525 2121 si
543 2102 619 2130 roges
635 2103 687 2131 qua
709 2097 814 2124 ratione
832 2096 955 2132 Gregorii
983 2101 1084 2125 textum

297 2139 519 2175 interpretemur,
535 2148 567 2168 ex
585 2148 639 2175 quo
654 2141 698 2168 alii
715 2149 776 2169 eum
793 2147 869 2176 patre
884 2143 1012 2180 episcopo
1033 2151 1083 2169 na-

297 2191 352 2212 tum
370 2187 510 2222 colligunt,
523 2188 627 2223 accipe.
647 2187 734 2215 Verba
749 2188 804 2223 ipsa
819 2189 873 2216 huc
888 2190 1039 2216 revocanda
1056 2195 1084 2217 et

296 2232 381 2260 oculis
394 2234 571 2268 subjicienda.

334 2288 417 2326 ρῦπω
431 2289 556 2326 roso-371w
575 2289 787 2326 ἐκμεμέτρηκας
804 2291 872 2326 βίον,

334 2324 416 2356 "Octo;
432 2325 555 2361 παρῆλθε
569 2324 668 2352 θυσιῶν
686 2324 747 2361 apta
761 2324 866 2362 χρόνος.

332 2381 456 2417 Nondum
473 2387 510 2408 tot
523 2391 604 2409 annos
618 2384 667 2410 vita
684 2384 812 2417 percurrit
833 2388 889 2417 tua,

332 2416 401 2449 Quot
413 2417 448 2444 mi
462 2417 489 2444 in
503 2417 585 2444 sacrit
600 2418 660 2452 jam
670 2424 729 2445 sunt
743 2420 839 2452 peracti
848 2419 969 2446 victimis.

292 2473 415 2509 Gregorii
430 2474 510 2500 verba
527 2474 566 2501 sic
580 2474 695 2502 reddunt
715 2475 760 2510 qui
776 2483 836 2502 eum
858 2481 935 2511 patre
951 2476 1078 2510 episcopo

293 2524 386 2546 natum
399 2525 460 2546 esse
475 2519 640 2547 contendunt
655 2528 662 2545 :
680 2528 771 2547 verum
786 2521 812 2547 hi
822 2521 924 2548 addunt
938 2521 965 2548 in
976 2528 1022 2548 sua
1035 2521 1078 2548 iu-

292 2564 496 2599 terpretatione,
514 2564 586 2598 quod
613 2565 639 2591 in
666 2564 761 2592 Graeco
789 2571 862 2593 textu
885 2574 938 2594 non
955 2571 1077 2601 apparet,

291 2617 389 2644 uetupe
411 2619 421 2635 ι
441 2610 553 2644 peracti.
575 2620 585 2636 ι
605 2610 689 2638 Porro
705 2611 790 2638 textui
808 2611 874 2638 nihil
892 2612 1007 2639 addatur
1029 2619 1078 2640 nec

290 2656 460 2687 detrahatur,
480 2656 527 2683 sed
551 2656 584 2683 ad
615 2656 726 2683 verbum
753 2657 889 2684 reddatur.
918 2657 964 2685 Sic
978 2658 1078 2692 optime

291 2701 407 2728 reddidit
423 2707 518 2729 auctor
544 2702 676 2737 epistolm,
693 2703 719 2729 in
743 2703 947 2732 commentariis
971 2703 1078 2732 'frevol-

290 2747 380 2780 tiauis,
399 2755 433 2774 ex
453 2755 504 2782 qua
522 2747 579 2775 lucc
591 2748 730 2776 hausimus
745 2757 752 2774 :

325 2845 364 2879 (rt)
383 2846 400 2873 9
416 2845 487 2878 Maii,
503 2855 530 2881 ῃ.
551 2847 614 2879 375.
632 2848 684 2875 col.
702 2848 728 2880 1,
742 2857 768 2875 ιι.
784 2849 809 2877 9.

325 2881 362 2914 (lt)
381 2881 471 2907 (iartu.
491 2883 526 2908 Ite
541 2883 623 2910 anim.
637 2891 691 2909 sum
705 2884 814 2916 cultum,
834 2891 858 2911 v.
875 2884 932 2912 199.

326 2918 361 2952 (ι’)
375 2915 465 2943 Carm.
486 2917 521 2944 De
536 2918 585 2944 rita
601 2927 659 2950 sua,
675 2926 698 2945 ν.
715 2921 757 2947 88.

1140 1652 1202 1679 vita:
1215 1659 1301 1678 annos
1317 1651 1470 1678 decurrisse
1482 1651 1578 1681 tilium.
1592 1651 1662 1685 quod
1679 1651 1735 1686 ipse
1746 1651 1773 1678 in
1784 1650 1928 1678 offereudis

1140 1697 1194 1725 Deo
1207 1698 1368 1726 Christianis
1385 1698 1513 1732 operibus
1530 1697 1716 1732 impenderat?

1139 1753 1209 1781 XXI.
1224 1754 1344 1790 Gregorii
1361 1756 1445 1782 verbis
1458 1755 1589 1782 mendacii
1606 1760 1668 1782 nota
1686 1763 1736 1781 non
1755 1755 1829 1782 debet
1843 1755 1925 1782 inuri.

1175 1811 1320 1843 Praeterea,
1338 1819 1398 1839 cum
1418 1811 1610 1838 Baroniolicet
1622 1812 1723 1841 dicere.
1736 1819 1783 1846 per
1795 1811 1925 1846 hyperbo-

1139 1857 1181 1884 len
1201 1858 1241 1884 sic
1260 1857 1378 1884 locutum
1395 1857 1480 1884 fuisse
1494 1857 1672 1892 Gregorium;
1691 1857 1761 1891 quod
1781 1857 1864 1884 illaesa
1882 1865 1924 1884 ve.

1139 1903 1219 1930 ritate
1234 1903 1319 1937 putuit
1332 1908 1420 1938 poeta.
1436 1903 1516 1930 Certe
1533 1903 1679 1938 Gregorius
1691 1908 1768 1937 pater
1778 1903 1820 1930 his
1832 1903 1924 1930 verbis

1138 1956 1188 1975 nec
1212 1947 1308 1976 fefellit
1326 1948 1419 1980 ﬁlium,
1435 1956 1485 1976 nec
1504 1948 1599 1977 fallere
1620 1949 1742 1981 intendit,
1760 1954 1807 1975 aut
1827 1949 1924 1984 potuit,

1137 2001 1187 2021 nec
1201 1994 1274 2021 aliud
1290 1994 1397 2021 demum
1415 1994 1569 2029 signiﬁcare
1586 1994 1671 2021 voluit
1688 2002 1770 2029 quam
1785 1996 1856 2029 quod
1870 1995 1926 2022 ﬁlio

1137 2041 1308 2066 notissimum
1323 2044 1391 2066 erat.
1418 2039 1514 2066 Mirum
1541 2040 1665 2074 profecto
1679 2045 1720 2067 est
1745 2040 1786 2067 his
1797 2039 1925 2075 Gregorii

1136 2085 1227 2111 verbis
1256 2084 1387 2112 mendacii
1415 2090 1504 2112 notam
1530 2085 1601 2112 inuri
1622 2086 1655 2112 ab
1678 2086 1722 2118 iis,
1740 2086 1784 2120 qui
1806 2086 1926 2113 fatentur

1135 2137 1196 2157 cum
1213 2129 1384 2158 Bollandistis
1416 2131 1547 2166 Gregorio
1573 2131 1681 2160 licuisse
1700 2133 1791 2160 dicere
1818 2133 1923 2166 absque

1136 2176 1286 2209 mendacio,
1297 2181 1408 2204 matrem
1422 2185 1497 2205 suam
1508 2182 1670 2205 comtaueam
1679 2177 1762 2205 fuisse
1771 2178 1853 2212 patri,
1864 2177 1922 2205 ἴσον

1136 2221 1215 2256 πολιῇ
1226 2230 1255 2247 τε
1264 2222 1311 2248 καὶ
1321 2222 1407 2258 ἤθεσι,
1420 2223 1542 2257 quamvis
1551 2224 1628 2250 annis
1642 2223 1734 2251 decem
1744 2229 1825 2256 atque
1840 2225 1923 2252 etiam

1099 2271 1122 2300 ι)
1135 2267 1248 2300 amplius
1260 2275 1318 2295 eam
1333 2269 1466 2303 juuiorem
1487 2270 1569 2298 fuisse
1582 2271 1743 2298 concedant.

1137 2321 1219 2351 XXII.
1240 2323 1317 2351 Patre
1335 2325 1452 2352 nondum
1465 2326 1584 2360 episcopo
1609 2331 1687 2353 natus
1706 2332 1743 2354 est
1768 2326 1921 2363 Gregorius.

1170 2378 1218 2406 llis
1245 2379 1371 2408 omnibtts
1396 2381 1544 2415 expensis.
1570 2382 1738 2410 arbitramur
1761 2383 1922 2419 Gregorium

1134 2431 1210 2461 patre
1221 2427 1336 2454 nondum
1347 2427 1474 2462 episcopo
1486 2432 1590 2460 natum,
1603 2432 1629 2454 et
1642 2428 1800 2464 Gregorium
1817 2435 1920 2465 patrem

1134 2481 1182 2508 per
1205 2473 1367 2509 hyperbolen
1381 2473 1599 2508 locutumfuisse,
1615 2483 1664 2503 nec
1679 2476 1738 2510 ejus
1752 2477 1842 2504 verbis
1858 2477 1922 2504 ulla-

1133 2524 1209 2546 tenus
1224 2519 1363 2546 veritatem
1383 2519 1521 2546 attentari.
1540 2521 1581 2546 An
1603 2528 1665 2547 vero
1689 2520 1836 2556 Gregorius
1850 2521 1919 2550 Gor-

1127 2564 1204 2600 gonia
1229 2571 1324 2592 sorore
1341 2564 1446 2598 juniur,
1460 2565 1587 2592 seniorve
1604 2565 1694 2599 fuerit,
1715 2567 1840 2594 dubitant
1853 2575 1919 2594 non-

1129 2609 1205 2639 nulli,
1222 2617 1272 2637 nec
1283 2609 1363 2637 facile
1373 2614 1413 2637 est
1428 2609 1551 2642 deﬁnire,
1569 2616 1597 2636 ut
1619 2611 1804 2645 Papebrochio
1818 2613 1916 2647 placet.

1129 2666 1139 2682 ι
1155 2656 1244 2683 Potuit
1261 2655 1462 2690 certe,‘inquit,
1477 2656 1564 2690 primo
1580 2661 1658 2691 partu
1673 2663 1734 2684 nata
1757 2657 1871 2690 femina.
1890 2660 1915 2686 in

1127 2708 1212 2729 matre
1226 2701 1331 2729 acuisse
1343 2702 1506 2729 desiderium
1524 2703 1607 2736 prolis
1621 2704 1755 2731 masculae.
1779 2713 1788 2730 ι
1803 2704 1856 2732 Sed
1878 2705 1915 2732 le-

1128 2748 1277 2781 \‘issimam,
1295 2748 1348 2776 imo
1363 2748 1462 2775 nullam
1479 2748 1548 2776 hanc
1567 2756 1627 2777 esse
1645 2748 1828 2778 ditlicultatem
1852 2750 1914 2786 quis

1166 2849 1204 2880 (tl)
1221 2848 1252 2876 V.
1265 2849 1326 2879 “6.
1340 2850 1401 2876 H9.

1167 2884 1201 2916 (ε)
1213 2884 1302 2912 Carm.
1319 2885 1354 2911 De
1368 2886 1420 2913 die.
1441 2885 1498 2912 vita!
1513 2886 1639 2921 generib.,
1656 2893 1680 2913 ν.
1699 2886 1744 2914 «10.
