2058 3128
134 179 180 208 Nil

796 176 873 204 VI'I'A
896 176 923 204 S.
944 175 1118 204 GREGORII.

1717 180 1766 208 I69

133 246 184 264 uou
205 237 358 271 intelligat?
370 237 411 264 An
429 244 494 264 vero
510 237 537 264 in
560 236 649 264 Anna.
663 243 744 271 quam
760 243 820 263 cum
841 243 928 262 matre
942 239 965 264 Α
981 236 1062 262 certis
1078 235 1286 270 cogitationibus
1305 235 1420 262 formam
1448 235 1555 270 accipit.
1576 235 1624 264 His
1645 236 1766 272 Gregorii

134 290 182 309 sua
197 282 325 310 conferre
336 282 404 309 solet
416 281 576 317 Gregorius,
594 286 621 308 et
636 281 690 308 illic
708 280 816 315 quidem
835 280 921 314 potis-

131 328 243 360 simum,
263 336 272 353 σ
285 327 374 363 primo
385 332 464 362 partu
480 332 541 354 nata
556 327 655 354 femina
673 326 746 354 acuit
761 325 924 353 desiderium

132 375 216 409 prolis
241 375 384 403 mascula-‘3
407 384 416 401 I
435 375 469 403 Ut
486 383 550 410 ergo
569 380 621 402 stet
640 375 809 409 comparatio
823 373 926 401 Nonnus

133 429 193 448 cum
210 421 300 454 Anna,
319 421 419 449 rectius
430 420 594 456 Gorgoniam
605 421 741 455 juniorem
758 420 841 448 fratre
858 420 925 448 Gre-

133 467 208 501 gorio
224 467 309 494 fuisse
324 465 489 499 inferretur;
513 466 584 501 quod
601 466 692 501 plures
706 465 866 493 Scholiasta:
886 465 924 501 (ιι)

132 513 260 540 coulirtna
265 521 280 540 n
285 518 304 540 ι.

132 566 227 595 XXIII.
243 567 387 603 Gregorius
402 569 531 596 nascitur.
558 568 649 596 Prima
663 568 786 596 educatio
803 568 833 595 in
847 568 925 596 domo

468 611 588 639 paterna.

169 650 263 684 Itaque
279 655 361 678 natus
381 650 490 678 videtur
513 650 661 685 Gregorius
675 650 742 685 (sive
755 650 855 682 senior,
868 651 925 687 sive

128 695 220 729 junior
237 696 373 731 Gorgonis
395 696 487 732 fuerit)
516 704 588 724 anno
613 696 667 724 525
698 696 739 724 vel
767 695 829 728 516,
847 701 925 731 patre

131 743 250 770 nondum
274 745 414 778 episcopo,
432 744 480 770 sed
497 743 665 776 Christiano,
680 747 709 770 ut
723 743 780 777 jam
795 743 923 770 diximus.

131 788 174 815 Ab
189 789 255 824 ipsis
269 789 440 817 incunabulis
455 790 498 824 pie
509 797 523 816 a
538 789 590 824 piis
614 790 771 824 parentibus
793 789 925 816 educatus

132 839 184 866 cst,
203 834 248 869 qui
267 835 393 869 regendae
411 835 495 869 ipsius
513 835 636 868 pueritiae
653 842 745 861 curam
763 834 812 868 ipsi
830 840 924 861 susce-

131 887 205 915 pere.
215 881 282 908 Cum
297 888 357 908 eam
372 885 490 912 aetatem,
504 887 585 916 quam
597 880 691 908 dicunt
708 880 821 907 rationis
830 887 925 914 exper-

979 281 1071 308 verhis
1088 281 1261 308 manifestum
1277 287 1329 313 est,
1347 281 1373 308 id
1389 281 1534 316 contigisse
1548 290 1608 309 cum
1632 283 1718 311 adhuc
1739 286 1766 312 in

977 327 1056 354 dottto
1066 332 1185 361 paterna,
1206 336 1258 354 non
1286 332 1375 354 autem
1393 334 1456 354 cum
1475 328 1531 361 jam
1545 328 1658 356 Athenis
1672 336 1765 358 versa-

978 379 1063 406 retur,
1079 378 1107 400 ut
1125 373 1239 400 Rufinus
1257 381 1399 408 perperam
1416 374 1533 409 scripsit.

978 430 1062 458 XXV.
1083 430 1172 458 Visum
1183 437 1404 491 noctnrnun‘tiguo
1416 431 1548 458 castitatis
1569 440 1660 460 amore
1675 441 1767 460 accen-

1348 473 1411 491 11111⁷.

1348 473 1411 492 ιιην.

1020 511 1146 547 Virgines
1162 512 1230 539 duas
1240 512 1334 539 videre
1349 513 1398 539 sibi
1413 512 1554 539 videbatur
1568 513 1679 548 propius
1693 518 1768 541 stan-

978 562 1029 589 tes,
1042 557 1219 591 candidisque
1234 558 1354 584 vestibus
1365 558 1541 589 collucentes,
1554 558 1647 586 ambas
1662 558 1765 586 formo-

977 612 1031 636 sas,
1045 604 1223 639 ejusdemque
1235 605 1334 634 atatis,
1351 604 1449 637 quibus
1463 609 1623 632 ornamento
1645 609 1704 632 erat
1722 606 1764 631 in-

976 655 1072 677 ornata
1098 650 1195 676 forma.
1214 649 1349 682 Quaerenti
1369 649 1500 683 Gregorio
1516 657 1640 683 quautam
1657 654 1758 683 essent,

976 701 1004 723 et
1021 696 1091 723 unde
1109 696 1257 727 venissent,
1274 695 1360 722 altera
1378 702 1407 722 se
1433 695 1588 722 castitatem
1600 703 1661 722 esse
1685 695 1764 729 dixit,

976 742 1061 768 altera
1074 742 1281 776 temperantiam
1295 750 1302 768 :
1316 741 1526 776 cumqueipsum
1536 741 1649 768 hortata:
1663 745 1764 773 essent,

976 792 1006 815 ut
1023 788 1159 815 utentibus
1172 793 1289 815 mentem
1303 792 1330 815 et
1346 787 1432 814 facem
1451 787 1555 814 facibus
1567 788 1702 822 jungeret,
1712 795 1766 822 quo

975 842 1037 862 eum
1069 835 1139 862 miro
1165 834 1270 868 fulgore
1283 833 1468 868 splendentem
1491 833 1517 860 in
1536 834 1634 860 ctelum
1651 833 1764 866 ferrent,

977 882 1101 916 protinus
1117 882 1142 909 in
1159 881 1257 908 cmlum
1279 880 1432 908 evolarunt.
1458 879 1526 907 Cum
1550 880 1631 915 igitur
1645 881 1703 908 viso
1719 887 1767 907 no-

133 931 198 959 let".
216 926 419 961 periraItSiSSel.
445 933 508 953 eum
529 931 626 958 mater.
655 934 735 961 quem
757 926 814 961 jam
832 926 922 953 statim
939 923 960 950 Β
976 933 1073 956 cturno
1100 928 1227 955 incensus
1251 931 1325 955 esset
1350 926 1508 961 Gregorius,
1527 933 1603 952 amor
1620 925 1767 959 castitatis,

130 973 165 999 ab
180 977 241 999 ortu
258 972 313 1000 Deo
329 972 477 1003 obtulerat.
507 977 588 1006 atque
603 972 684 999 etiam
697 972 857 1007 priusquam
875 979 923 999 na-

131 1024 255 1045 sceretur
272 1019 421 1050 dicaverat,
437 1018 535 1045 iterum
552 1018 650 1045 obtulit
666 1023 692 1046 et
705 1018 824 1051 dicavit;
839 1019 924 1046 sacris

137 1064 236 1092 litteris
249 1065 324 1099 pueri
339 1071 435 1091 manus
451 1064 588 1095 lustravit,
599 1063 683 1091 libros
698 1064 804 1092 divinos
825 1065 924 1092 teneris

133 1110 259 1137 manibus
281 1109 438 1137 tractandos
463 1108 634 1142 exhibendo;
661 1109 758 1144 quibus
773 1116 835 1136 eum
853 1109 924 1136 votis

130 1156 326 1187 obstrinxisset
345 1154 520 1190 signiﬁcavit,
535 1160 617 1189 atque
639 1155 744 1182 hortata
762 1160 804 1183 est
818 1160 847 1182 ut
865 1163 924 1182 ma-

132 1203 181 1229 tris
195 1202 327 1237 promissa
340 1201 418 1229 fartis
444 1201 576 1235 expleret.
603 1200 661 1236 Ipse
679 1201 802 1236 protinus
818 1201 922 1233 annuit,

132 1250 255 1283 quamvis
269 1248 295 1274 in
315 1253 406 1275 tenera
423 1252 511 1279 :etate.
530 1252 642 1281 rataque
657 1248 748 1274 omnia
766 1247 870 1278 habuit,
892 1254 924 1274 ac

131 1295 263 1330 perlicere
281 1301 388 1329 semper
401 1294 504 1321 studuit
520 1295 572 1329 (ιι).
590 1293 705 1328 Optimis
721 1293 747 1320 in
777 1293 857 1321 domo
876 1301 925 1328 pa-

133 1348 220 1374 terna,
235 1340 280 1368 ubi
310 1340 439 1375 praeclara
456 1342 587 1367 virtutqu
615 1340 740 1374 exempla
760 1347 815 1374 pra:
838 1340 924 1367 oculis

131 1387 261 1418 habebat.
287 1387 428 1422 praeceptis
454 1387 636 1420 informatus,
664 1387 804 1422 gravitatis
829 1395 923 1414 sentttn

133 1435 235 1469 aliquid
253 1433 425 1469 praeferebat,
441 1438 521 1460 aetate
535 1433 615 1460 simul
628 1437 655 1460 et
671 1433 775 1460 ratione
785 1440 922 1460 crescens.

131 1480 279 1508 Crescebat
289 1484 315 1507 et
335 1479 399 1506 boui
414 1478 563 1513 cupiditas.
582 1479 810 1513 quemadmodum
825 1487 858 1506 ex
874 1486 924 1506 nr-

132 1527 212 1555 bibus
238 1526 323 1554 nubes
348 1526 421 1553 coire
438 1526 537 1553 solent.
556 1524 712 1558 Librorum,
731 1525 776 1560 qui
792 1526 826 1553 de
844 1525 923 1552 rebus

132 1573 234 1601 divinis
261 1577 390 1606 tractant,
407 1572 522 1600 lectione
545 1571 744 1599 oblectabatur.
758 1572 824 1599 Cum
857 1571 923 1599 viris

132 1619 224 1654 probis
248 1618 377 1653 frequens
390 1622 460 1645 erat.
479 1618 524 1645 Sic
543 1621 635 1644 tenera
655 1625 730 1645 mens
745 1617 855 1651 optimis
872 1618 924 1644 im‘

132 1666 267 1693 bue’batur
289 1667 424 1698 moribus,
448 1667 620 1700 formamque
649 1664 755 1699 pietatis
785 1664 925 1696 induebat,

132 1712 219 1739 donec
251 1718 356 1748 tempus
388 1713 504 1744 adesset,
537 1711 608 1746 quod
646 1718 708 1738 eum
742 1717 820 1737 sacro
852 1709 927 1737 fonte

131 1758 298 1784 ahluendum
312 1765 373 1785 esse
385 1758 512 1786 Christus
525 1762 617 1784 notum
636 1756 812 1791 faceret;qui
833 1756 926 1790 singu-

135 1805 184 1832 lari
199 1805 332 1833 beneflcio
345 1812 454 1832 servum
483 1813 560 1832 suum
582 1803 684 1834 affecit,
702 1810 819 1838 eumque
835 1803 926 1830 verbis

132 1851 297 1886 compellare
312 1852 437 1887 dignatus
448 1855 489 1879 est
509 1851 557 1887 (ε).
570 1851 694 1879 Castitati
716 1850 846 1884 alligavit,
864 1857 925 1877 car-

133 1905 197 1924 nem
215 1896 343 1930 frenavit,
369 1896 527 1932 ﬂagrantem
559 1897 701 1932 sapientiae
726 1896 823 1922 divime
848 1902 925 1922 arno-

133 1951 191 1970 retn
219 1943 372 1979 inspiravit,
391 1951 423 1971 ac
450 1944 511 1971 vita:
534 1943 701 1975 monasticx,
726 1943 843 1977 μονάχου
872 1941 927 1977 βιό-

132 1996 201 2020 τοιο,
220 1996 280 2024 qua!
295 1989 356 2015 vitae
374 1988 471 2016 futurae
483 1989 640 2023 pra‘ludium
653 1993 705 2015 est.
747 2018 750 2021 λ

277 2034 373 2062 XXIV.
386 2035 474 2062 Ardor
482 2035 619 2062 nrt-amite
636 2034 783 2068 pudicitia.

171 2080 284 2108 Divinus
304 2081 415 2116 quidam
436 2081 546 2108 incessit
567 2080 677 2114 juvenis
701 2080 821 2107 animum
846 2080 928 2107 ardor

134 2127 277 2153 servanda:
293 2126 440 2161 pudicitiae,
467 2133 547 2161 Quem
578 2127 663 2153 visum
690 2126 802 2153 caeleste
835 2126 885 2160 ipsi
901 2126 926 2152 in

134 2171 238 2199 somnis
266 2178 406 2200 ostensum
432 2173 518 2207 magis
545 2173 684 2206 magisque
715 2171 843 2198 firmavit.
865 2170 928 2197 Ilaec

135 2224 210 2249 sunt,
225 2223 253 2244 ut
272 2225 322 2252 ego
336 2218 445 2253 quidem
461 2218 569 2252 opinor,
593 2217 734 2248 miracula,
752 2217 829 2251 queis
846 2216 926 2250 Deus,

976 974 1053 1009 cujus
1069 974 1159 1008 fulgor
1180 974 1283 1002 intimis
1297 973 1383 1000 animi
1398 972 1552 1001 recessibus
1564 971 1699 999 contineri
1712 978 1767 1000 non

975 1026 1090 1054 poterat,
1107 1021 1134 1047 in
1149 1027 1182 1047 eo
1199 1018 1344 1054 splenduit.

1010 1066 1104 1093 XXVI.
1121 1065 1235 1092 Piorum
1246 1065 1365 1092 uirorum
1386 1066 1606 1094 consuetudinem
1620 1066 1728 1101 expetit.

1012 1112 1131 1139 Primum
1155 1112 1238 1147 igitur
1264 1119 1438 1147 congressum
1457 1113 1562 1147 piorum
1584 1113 1705 1139 virorum
1720 1119 1767 1147 ap-

975 1158 1079 1192 petivit,
1103 1158 1148 1192 qui
1175 1157 1342 1185 matrimonii
1366 1158 1472 1185 vincula
1487 1158 1625 1193 fugerant,
1648 1165 1732 1193 seque
1751 1166 1766 1185 a

977 1204 1095 1231 terrenis
1111 1203 1265 1230 hominibus
1280 1204 1467 1238 sejunxerant.
1481 1209 1509 1230 ut
1525 1205 1662 1231 Christum
1676 1212 1767 1240 regem

975 1250 1059 1277 animi
1075 1250 1170 1284 pennis
1192 1255 1370 1284 sequerentur
1384 1249 1431 1285 (Γ).
1446 1249 1500 1278 llos
1515 1251 1596 1277 unice
1619 1257 1715 1277 amans
1740 1255 1768 1277 et

977 1303 1033 1324 toto
1062 1298 1144 1324 corde
1171 1297 1365 1332 complectens,
1388 1297 1444 1331 spei
1479 1296 1597 1324 ctelestis
1626 1297 1707 1324 duces
1722 1296 1768 1323 ba-

975 1343 1032 1370 buit
1046 1344 1094 1378 (g).
1114 1342 1209 1370 Postea
1227 1350 1310 1377 grave
1335 1342 1499 1369 matrimonii
1522 1343 1616 1378 jugum
1637 1343 1768 1375 excussit,

977 1388 1133 1423 praeclaram
1154 1395 1260 1421 eorum,
1278 1388 1323 1422 qui
1352 1392 1480 1423 perpettta
1503 1388 1659 1422 virginitate
1682 1387 1763 1414 Ilore-

975 1440 1036 1462 rent
1046 1440 1147 1462 sortem
1168 1439 1311 1470 exoptans.
1327 1433 1384 1461 Non
1403 1434 1537 1467 convivia,
1551 1440 1579 1460 ct
1594 1441 1764 1468 quaecunque

972 1481 1119 1518 juvenibus
1150 1489 1224 1509 cura:
1244 1489 1305 1509 esse
1328 1481 1427 1513 solent,
1457 1481 1508 1515 ipsi
1536 1481 1696 1515 placebant;
1711 1488 1764 1507 non

976 1527 1066 1554 mollis
1077 1527 1171 1559 vestis,
1198 1535 1251 1554 non
1278 1527 1401 1562 petulans
1425 1527 1506 1558 risus,
1535 1534 1588 1552 non
1617 1526 1719 1561 scopuli
1738 1530 1766 1552 et

977 1578 1094 1605 montes,
1108 1581 1160 1600 non
1180 1574 1242 1608 equi
1253 1579 1280 1601 et
1296 1581 1380 1600 canes
1391 1573 1518 1600 venatici.
1535 1572 1571 1599 Ei
1592 1572 1682 1599 omnia
1702 1574 1768 1600 mis-

977 1628 1007 1648 sa
1024 1619 1106 1651 fecit;
1120 1619 1294 1654 projectaqne
1308 1619 1382 1646 oumi
1393 1620 1455 1646 vitae
1470 1619 1550 1653 hujus
1567 1618 1706 1650 felicitate,
1723 1625 1770 1644 au-

977 1669 1058 1691 stera:
1083 1665 1268 1698 temperantia:
1293 1664 1392 1692 collum
1416 1664 1552 1691 submisit.
1571 1663 1609 1690 Ex
1636 1663 1767 1698 singulari

977 1710 1033 1745 illo,
1065 1717 1147 1741 quem
1175 1715 1241 1737 tunc
1264 1710 1354 1737 hausit
1379 1710 1483 1742 animo,
1506 1710 1640 1736 castitatis
1662 1716 1768 1741 amore,

978 1757 1084 1784 condita
1099 1757 1271 1791 postmodum
1292 1757 1325 1784 ab
1342 1764 1375 1783 co
1391 1756 1476 1783 fuisse
1501 1756 1545 1783 illa
1573 1755 1687 1790 insignia
1706 1764 1769 1790 pou-

978 1807 1060 1835 mata,
1087 1804 1185 1838 quibus
1213 1803 1308 1831 laudes
1336 1802 1500 1838 virginitatis
1523 1807 1550 1830 et
1578 1807 1711 1836 praecepta
1734 1801 1768 1828 ad

977 1848 1100 1883 virgines
1118 1847 1305 1879 continentur,
1337 1851 1409 1874 recte
1425 1854 1486 1873 cum
1510 1845 1696 1880 Papebrochio
1710 1843 1766 1871 col-

978 1892 1055 1928 ligas.

1015 1938 1121 1967 XXVII.
1137 1937 1257 1974 Gregorii
1270 1938 1360 1966 studia
1372 1943 1448 1966 castra
1460 1937 1539 1965 limen
1553 1937 1734 1973 proferuntur.

1012 1983 1161 2019 Postquam
1186 1984 1258 2011 inira
1288 1984 1397 2011 domum
1423 1989 1564 2018 paternam
1584 1983 1624 2010 sic
1651 1983 1768 2017 primum

978 2029 1104 2056 ittstituta
1122 2029 1173 2055 fuit
1189 2028 1314 2064 Gregorii
1338 2029 1467 2063 pueritia,
1492 2028 1770 2062 sacrarumquelitte-

979 2082 1070 2102 rarum
1091 2075 1189 2102 studiis
1209 2079 1237 2101 et.
1252 2075 1327 2102 omni
1347 2075 1477 2102 virtutum
1491 2081 1590 2110 genere
1611 2075 1768 2107 informata,

978 2125 1054 2146 extra
1071 2119 1152 2146 limen
1179 2119 1285 2154 prolata
1305 2124 1368 2147 sunt
1388 2119 1448 2154 ejus
1467 2119 1556 2146 studia
1572 2119 1622 2155 (lt).
1641 2119 1770 2152 Quamvis

980 2167 1051 2195 enim
1071 2167 1138 2194 nihil
1160 2175 1277 2202 unquam
1296 2167 1435 2202 antiquius
1458 2167 1543 2194 sacris
1558 2167 1653 2194 litteris
1668 2166 1770 2193 habue-

979 2213 1024 2244 rit,
1051 2219 1180 2240 externas
1205 2219 1294 2240 tamen
1321 2213 1485 2248 investigare
1499 2218 1527 2239 et
1542 2219 1700 2246 comparare
1717 2219 1769 2238 non

135 2266 181 2299 qui
197 2265 235 2291 sic
248 2265 305 2299 pias
316 2271 421 2292 mentes
435 2265 468 2292 ad
487 2265 600 2292 salutem
614 2265 706 2296 trahit,
723 2263 783 2297 ejus
796 2264 929 2292 desiderio
945 2269 967 2296 ι)
981 2265 1024 2286 est
1036 2259 1207 2294 dedignatus,
1224 2267 1257 2286 eo
1280 2259 1406 2286 nimirum
1424 2258 1549 2290 consilio,
1563 2264 1591 2284 ut
1609 2258 1681 2285 veris
1698 2258 1772 2286 litte-

136 2310 228 2337 calcar
241 2310 354 2341 addidit.
370 2315 398 2338 ut
410 2311 468 2345 ipse
485 2310 582 2338 scribit
607 2309 756 2345 Gregorius
774 2309 825 2344 (ἀ),
850 2309 928 2337 dubi-

137 2360 198 2382 tans
212 2363 247 2382 an
263 2363 294 2382 ea
320 2360 409 2391 tegere
431 2356 537 2388 debeat,
554 2355 625 2390 quod
642 2355 725 2382 animi
741 2363 836 2389 parum
857 2356 926 2391 grati

136 2406 191 2432 est,
219 2409 254 2428 an
284 2402 443 2437 prtedicare,
468 2402 540 2436 quod
567 2402 665 2428 fastum
691 2402 798 2428 videtur
820 2409 926 2437 sapere.

138 2446 204 2474 Item
223 2451 311 2474 tamen
329 2448 386 2482 ipse
401 2452 482 2474 totam
504 2447 629 2482 aperitin
645 2447 766 2474 carmine
786 2446 824 2474 De
833 2447 928 2474 animm

137 2501 194 2520 suae
210 2492 413 2520 calamitatibus
426 2493 472 2528 (et,
489 2498 707 2526 nocturnumque
724 2493 811 2520 visum
825 2497 929 2526 narrat,

137 2543 193 2570 quo
222 2535 290 2563 Deus
322 2537 370 2571 ipsi
399 2537 527 2564 castioris
557 2537 619 2564 vita:
652 2544 772 2564 amorem
809 2537 930 2570 immisit,

141 2591 150 2608 ι
171 2589 233 2609 curn
249 2582 337 2610 adhuc
349 2589 416 2616 puer
436 2582 564 2617 parvulus
583 2588 665 2615 esset,
694 2591 743 2610 nec
769 2588 858 2610 tamen
872 2591 930 2610 oru-

139 2634 204 2654 ntno
218 2628 357 2662 parvulus,
378 2637 388 2654 I
417 2628 463 2655 sed
491 2636 523 2655 ea
548 2634 629 2656 aetate
655 2636 707 2663 qua
733 2628 795 2656 boui
822 2633 849 2656 ct
867 2628 930 2656 mali

140 2674 273 2709 imagines
289 2674 316 2701 in
342 2674 434 2703 animo
451 2673 647 2708 inscribuntur,
664 2681 795 2709 mensque
809 2675 928 2703 nondum

175 2764 214 2797 ((ι)
229 2763 302 2791 Elias
317 2764 403 2793 Cret..
416 2765 443 2792 in
456 2764 521 2792 edit.
534 2764 605 2796 BiII.,
624 2769 644 2792 ι.
657 2764 691 2797 II,
704 2772 730 2800 ῃ.
751 2764 813 2792 761.

188 2800 215 2831 lt)
230 2800 322 2835 Carm.
335 2799 379 2835 _l)e
387 2800 442 2826 vita
454 2808 514 2831 sua,
530 2808 557 2827 v.
573 2800 608 2827 95
623 2806 650 2827 et
662 2799 719 2835 suq.

188 2834 212 2868 α’)
224 2834 315 2861 Carm.
328 2833 368 2860 De
384 2836 470 2866 rebus,
491 2843 517 2862 v.
531 2835 594 2862 455.

177 2870 216 2903 (ά)
234 2869 324 2906 Carm.
341 2869 356 2906 I
375 2869 412 2896 De
425 2871 477 2906 tuta
490 2878 550 2905 sua,
566 2877 591 2899 v.
615 2869 702 2899 I05et
714 2878 772 2906 seq.

179 2907 213 2939 (ες
226 2905 319 2934 Carm.
338 2905 364 2938 5,
382 2913 407 2932 ν.
423 2904 485 2932 905.

981 2306 1019 2333 ris
1034 2314 1082 2340 per
1099 2306 1195 2333 nothas
1213 2305 1298 2332 ferret
1317 2313 1415 2339 opem;
1435 2312 1469 2332 ne
1486 2304 1772 2339 superbejactitarent

979 2360 1022 2384 se,
1040 2353 1086 2387 qui
1118 2353 1186 2380 nihil
1206 2357 1304 2384 pra'ter
1319 2353 1425 2379 inanem
1451 2352 1633 2386 eloquentiam
1656 2352 1683 2379 in
1708 2356 1771 2387 gnt-

982 2403 1042 2425 ture
1056 2403 1084 2425 et
1100 2398 1228 2425 suavibus
1246 2405 1342 2425 voctun
1367 2398 1443 2424 SOIIIS
1465 2397 1546 2424 sitam
1567 2402 1684 2430 norunt;
1705 2405 1773 2424 neve

984 2443 1182 2478 sopbtsmatum
1201 2444 1315 2470 nexibus
1338 2444 1532 2478 itnplicaretur.
1551 2448 1654 2478 Itaque,
1671 2453 1682 2469 ι
1704 2444 1781 2480 Cum

992 2494 1073 2517 a-tate
1086 2489 1141 2524 jam
1154 2489 1327 2522 adolevisset,
1343 2489 1430 2524 inquit
1446 2489 1503 2524 ejus
1518 2489 1586 2516 Vitae
1596 2490 1713 2522 scriptor
1729 2489 1771 2525 (ἰ).

982 2535 1135 2564 Caesaream
1170 2535 1317 2570 profectus,
1351 2535 1460 2570 illicque
1487 2543 1549 2562 cum
1579 2535 1771 2570 praestantibus

982 2582 1144 2617 quibusdam
1161 2582 1300 2617 magistris
1310 2582 1505 2609 consuetudin
1519 2582 1623 2613 habita,
1637 2582 1774 2608 doctrina-

981 2635 1035 2663 que
1058 2635 1112 2655 non
1138 2628 1235 2663 exigua
1261 2628 1386 2661 collecta,
1414 2628 1442 2655 in
1468 2627 1642 2655 Palatstinatn
1660 2626 1773 2661 naviga-

981 2679 1030 2702 Vll.
1049 2685 1059 2700 ι

1018 2765 1052 2799 tf)
1068 2765 1117 2798 Ih.,
1136 2773 1161 2793 ν.
1175 2765 1238 2792 281.

1018 2799 1056 2828 itu)
1073 2801 1122 2828 Ib..
1141 2809 1166 2827 v.
1179 2801 1238 2827 505.

1013 2799 1056 2834 ειη)
1073 2801 1122 2832 n...
1141 2809 1166 2827 v.
1179 2801 1241 2827 505.

1017 2837 1053 2869 (lt)
1066 2837 1156 2863 Carm.
1174 2836 1210 2862 De
1223 2838 1274 2862 vita
1287 2843 1348 2869 cna,
1362 2844 1387 2864 v.
1404 2835 1455 2864 IIS
1467 2841 1493 2864 et
1504 2842 1563 2872 seq.

1017 2873 1051 2907 ti)
1073 2871 1131 2899 Vita
1151 2871 1243 2907 Grt‘g.,
1263 2881 1288 2906 lt.
1303 2871 1330 2898 ι.

1029 2880 1051 2906 ι)
1073 2880 1131 2899 vrta
1151 2880 1243 2907 urrg.,
1263 2881 1288 2906 p.
1303 2880 1330 2898 ο.
