2055 3130
152 183 204 212 465

800 176 882 204 VITA
902 177 932 204 S.
953 171 1129 203 GREGORII.

1723 171 1775 198 N30

151 243 247 278 geritis
266 238 431 274 Czesaream,
448 239 481 268 de
497 247 548 275 qua
566 238 696 274 loquitur,
714 247 723 264 ι
742 237 878 267 civitatem
891 243 938 264 no-
953 237 977 267 Α
990 239 1034 262 est
1062 240 1218 269 tempestas,
1248 239 1327 268 quam
1358 231 1467 266 egregio
1495 235 1582 257 metro
1606 229 1704 257 cecinit
1727 230 1774 266 (ε).

152 293 236 315 stram
256 297 265 313 I
288 287 422 322 appellet,
437 287 501 322 quia
526 296 535 312 ι
557 287 640 322 ipsitts
659 286 810 314 studiorum
832 285 885 312 dux
909 288 938 311 et

154 333 284 368 magistra
300 332 426 364 exstitit;
445 342 454 358 I
471 332 541 367 quod
555 352 562 365 ,
582 333 708 367 inquam,
722 331 813 364 objicit
828 329 871 356 'vir
891 330 938 356 do-

152 383 223 410 ctus,
238 383 267 405 ιιι
287 378 383 412 probet
400 378 457 404 haec
474 378 555 404 verba
572 385 624 404 non
648 383 710 403 esse
725 375 880 410 accipienda
905 375 938 402 de

151 426 274 451 Czesarea
305 423 502 458 Cappadocite,
527 431 608 458 quant
641 422 773 456 Gregorio
803 430 812 446 ι
831 428 906 447 suam
925 429 935 445 ι

153 469 212 496 aliis
227 469 260 495 de
275 469 376 499 causis,
392 473 472 503 atque
490 468 623 503 imprimis
637 468 709 502 quod
721 475 776 494 sum
793 465 939 501 provinci-.2

154 514 312 548 metrotiolis
325 519 412 547 esset,
428 514 565 549 appellare
580 513 694 546 licebat,
711 512 738 539 in
760 513 845 548 ipsum
862 518 938 545 rege-

152 563 230 590 ritur.
246 562 363 593 Etenim,
377 569 438 588 cum
458 561 610 588 Ca'saream
632 559 778 594 Gregorius
799 559 833 585 ob
857 557 938 584 disci-

154 609 252 643 plinas,
271 603 338 642 quas
354 607 390 634 ibi
406 608 544 638 hauserat,
561 614 613 633 non
630 605 715 632 solum
733 605 767 631 ob
780 603 938 637 metropoli-

153 654 205 681 tica
217 654 288 687 jura,
305 663 314 679 ι
329 661 403 679 suam
417 662 425 678 ι
441 653 561 684 diceret;
576 652 705 678 rationem
718 650 817 677 addere
829 649 933 681 debuit,

153 705 202 725 cur
231 705 290 724 eam
312 697 439 732 singulari
459 696 537 723 modo
556 703 632 722 suam
656 695 823 729 appellaret,
840 692 938 725 alioqui

152 751 231 771 nemo
246 750 298 770 non
313 743 496 770 existimassct
508 749 570 768 eum
585 741 618 768 ad
637 740 698 775 jura
719 739 875 774 metropolis
897 745 939 765 re-

152 789 256 824 spicere
275 787 324 823 (ιι).

151 854 251 883 XXXI.
273 853 432 881 Litterarum
452 860 540 879 amare
554 851 580 879 in
601 851 770 878 Pahettinam
787 858 814 877 se
826 848 938 884 confert.

187 910 260 938 idem
277 910 430 936 litterarutn
444 915 527 939 amor,
540 907 583 942 qui
597 906 724 933 Basiliam
734 910 760 932 et
775 905 935 939 Gregorium
953 915 973 942 Β

151 955 279 983 Caesarea:
295 955 482 988 Cappadocunt
510 954 702 987 coniunxerat,
716 951 829 978 alterum
847 951 880 978 ab
898 950 937 976 fol-

152 1007 210 1029 tcro
224 1002 359 1028 distraxit.
377 1000 492 1028 Basilius
510 1007 625 1034 namque
652 999 714 1025 inde
736 997 872 1031 profectus
896 999 938 1022 est

151 1047 427 1082 Constantinopolim,
445 1046 591 1079 Gregorius
616 1052 678 1071 vero
708 1043 734 1070 in
766 1041 936 1068 Pahestinam

151 1093 310 1128 navigabit;
330 1101 339 1118 ι
361 1091 400 1119 0b
417 1092 484 1118 artis
503 1090 629 1118 oratoria:
650 1097 769 1116 antorem
793 1089 818 1114 in
850 1086 937 1113 Palm-

151 1139 228 1166 slina:
241 1138 351 1169 scholis,
367 1143 422 1164 tmn
432 1137 596 1168 ﬂorentibus,
610 1135 778 1170 tnoratus.(l;)
796 1143 804 1159 ι
820 1134 938 1160 lilustres

150 1183 222 1211 enim
240 1189 316 1210 erant
332 1183 429 1210 schola:
443 1182 493 1209 illa-
512 1190 542 1208 ac
557 1181 757 1208 ﬂorentissimae
770 1199 776 1211 ,
791 1179 817 1205 in
840 1179 938 1212 quibus

152 1237 183 1256 ex
201 1229 364 1256 Christianis
381 1229 455 1260 olim,
467 1227 621 1261 Pamphilus
640 1231 751 1261 martyr,
782 1225 912 1251 Eusebius
925 1245 934 1257 ,

151 1274 252 1308 aliique
268 1273 416 1300 doctissimi
434 1274 482 1298 viri
505 1272 619 1306 professi
635 1271 759 1302 fuerant;
780 1270 821 1296 his
847 1274 936 1295 autem

153 1319 329 1353 temporibus,
345 1318 520 1352 'l'ltesperiuvn
538 1317 695 1352 Gregorius,
713 1321 741 1343 ut
761 1316 854 1343 scribit.
873 1315 937 1342 Ilie—

152 1371 291 1399 ronymus,
321 1364 467 1395 rhetorem,
493 1362 653 1397 eloquentia:
671 1366 866 1396 praeceptorem
887 1361 937 1387 ba-

150 1407 225 1441 buit;
241 1415 267 1436 et
288 1409 357 1436 inter
373 1409 459 1436 socios
475 1409 601 1435 Euzoium
617 1428 623 1440 ,
637 1409 680 1442 qui
694 1414 785 1442 postea
799 1427 806 1439 ,
855 1408 939 1441 impe-

151 1459 228 1480 rante
243 1453 363 1488 Valente,
373 1454 522 1488 patrocinio
537 1453 698 1478 Arianorum
713 1458 821 1479 creatus
832 1451 936 1486 episco-

150 1507 210 1533 pus,
224 1499 416 1526 Ca-sariensem
434 1499 524 1526 sedem
542 1499 695 1533 occupavit.

338 1554 446 1582 XXXII.
470 1554 660 1581 Alexandriam
683 1555 757 1588 petit.

186 1600 348 1634 Aliquandiu
375 1603 556 1627 commoratus
580 1600 605 1626 in
623 1599 765 1626 Palestina
783 1599 930 1634 Gregorius
947 1587 970 1617 ο

152 1648 343 1675 Alexandriam
358 1653 386 1672 se
405 1646 527 1677 contulit,
544 1646 620 1678 cujus
647 1645 720 1671 urbis
739 1645 845 1671 scholas
869 1645 933 1673 olim

154 1694 322 1720 illustrarant
337 1691 471 1722 Clemens,
489 1690 628 1725 Origenes,
646 1690 746 1725 aliique
764 1691 813 1716 viri
835 1691 935 1724 pietate

151 1745 177 1766 et
191 1740 301 1766 scientia
317 1738 532 1768 commendaudi,
547 1743 573 1763 et
587 1744 654 1771 quas
675 1737 786 1763 demutn
806 1737 936 1772 Didymus

151 1785 313 1812 celebriorcs
329 1783 453 1810 reddidit.
475 1784 569 1810 Adhuc
592 1788 683 1810 noster
697 1781 856 1816 Gregorius,
875 1782 936 1809 licet

152 1838 184 1856 ex
201 1837 261 1856 voto
284 1829 336 1856 Deo
361 1829 477 1861 oblatus,
495 1833 552 1855 erat
576 1828 799 1860 catechumenos,
817 1834 850 1853 ex
874 1835 935 1860 usu,

151 1883 200 1902 seu
212 1875 299 1909 potius
310 1875 393 1902 abttsu
408 1875 512 1901 illorum
531 1879 691 1906 temporum,
708 1873 828 1907 antiquis
841 1872 935 1900 Eccle-

151 1922 199 1948 sia:
211 1921 328 1948 moribus
342 1920 583 1954 traditimtibusque
595 1919 750 1953 apostolicis
763 1920 934 1950 adversante,

151 1974 230 2001 quem
246 1967 302 2000 ipse
318 1966 486 2000 postmodum
502 1964 662 1998 Gregorius,
681 1964 807 1997 Basilius,
833 1964 937 1998 Grego-

153 2020 209 2038 I'IUS
223 2011 359 2048 Nyssenus
372 2012 489 2046 graviter
502 2011 627 2038 insectati
648 2015 721 2037 sunt.

150 2064 401 2096 XXXIII-XXXIV.
420 2068 534 2095 Allienus
561 2067 666 2101 navigat
692 2071 716 2092 et
738 2067 811 2100 graui
839 2071 936 2100 tempe-

188 2111 254 2130 nutc
264 2104 392 2137 jucmtnr.
415 2118 449 2123 —
473 2103 601 2128 l’utirlitns
629 2102 750 2136 baptismi
784 2110 828 2136 per
855 2102 935 2128 laico:

186 2140 274 2166 collati
288 2147 338 2164 non
357 2141 420 2165 sutis
437 2144 495 2164 nata
509 2137 617 2164 Grarcis.

188 2192 298 2218 Demum
311 2192 414 2218 haustis
430 2193 571 2226 utriusque
582 2191 711 2218 CEBSHI'CIIB
723 2196 750 2218 et
765 2191 936 2218 Alexandria:

151 2237 323 2263 Scientiarum
339 2237 467 2270 fontibus,
484 2238 578 2271 majori
598 2238 680 2264 animi
701 2239 799 2264 ardore
814 2239 936 2264 Athena-

152 2290 212 2309 rum
230 2282 337 2309 llumina
350 2283 452 2315 sitiens.
468 2290 604 2318 morteque
615 2283 773 2317 impatiens,
787 2290 935 2310 conscensa

153 2329 213 2355 navi
229 2329 341 2363 :Eginea
357 2331 427 2356 circa
445 2330 564 2356 medium
580 2329 770 2361 Novembrem,
792 2337 844 2363 quo
863 2335 932 2356 tein-

153 2383 218 2409 pore
235 2375 469 2409 periculosissima:
485 2380 658 2410 tempestates
676 2375 779 2402 exoriri
795 2375 893 2407 solent,
909 2375 936 2402 in

151 2421 285 2448 Graeciam
300 2428 347 2456 per
360 2429 433 2448 mare
445 2421 636 2448 Partheuicum
651 2421 773 2456 navigat.
787 2421 879 2456 Itaque
892 2421 936 2448 vix

150 2466 205 2502 jam
220 2467 354 2501 paululum
376 2467 450 2494 navis
463 2471 643 2502 processerat,
656 2474 715 2494 cum
730 2467 823 2501 gravis
841 2471 935 2493 exorta

188 2544 226 2579 (α)
245 2543 404 2578 Scrupulum
419 2544 534 2578 aliquem
550 2544 614 2570 milii
627 2543 749 2579 inliciunt
762 2545 842 2570 verba
855 2543 934 2571 Grc—

153 2576 221 2613 gorii
247 2576 322 2606 orat:
341 2580 366 2606 in
391 2576 494 2606 laudem
516 2580 623 2606 Cmsarii
648 2576 699 2614 (or.
723 2576 749 2610 7,
769 2587 796 2606 ιι.
811 2580 860 2614 6),
890 2579 933 2605 ubi

153 2620 292 2648 postquam
317 2613 349 2640 de
379 2615 465 2649 pritna
492 2614 649 2641 educatione
674 2614 803 2645 Cmsarii,
831 2621 935 2648 suaque

153 2650 237 2684 ipsius
250 2650 411 2676 mentionem
426 2649 497 2680 iecit,
512 2650 551 2675 sic
565 2650 734 2682 prosequitur
748 2658 755 2676 :
775 2658 784 2673 ι
799 2648 865 2676 Cum
876 2649 932 2682 jam

153 2685 379 2719 peregrinationis
392 2690 494 2717 tempus
509 2691 568 2710 esse
585 2685 730 2715 videretur,
751 2691 783 2710 ac
802 2689 855 2710 tum
876 2684 932 2718 pri-

154 2718 230 2745 muni
242 2719 310 2745 alter
327 2719 360 2745 ab
378 2719 462 2746 altero
477 2718 597 2745 distracti
616 2727 708 2745 sumus
722 2727 729 2750 ;
743 2726 792 2752 ego
806 2718 932 2745 nimirum

152 2754 188 2780 ob
206 2755 271 2780 artis
288 2754 414 2780 oratoriae
435 2761 570 2786 antorem,
596 2754 620 2780 in
644 2753 793 2780 Palaestinae
807 2753 908 2780 scholis
920 2773 929 2786 ,

154 2794 210 2815 tum
226 2789 393 2820 ﬂorentibus,
411 2793 541 2820 moratus,
566 2788 608 2814 ille
626 2794 714 2815 autem
739 2789 928 2814 Alexandriam

153 2823 298 2858 prolectus.
317 2832 326 2848 ι
344 2823 372 2850 Si
387 2831 448 2850 cuin
463 2824 576 2857 primutn
596 2822 741 2857 Gregorius
757 2828 782 2858 et
799 2823 930 2849 Caesarius

152 2860 221 2886 alter
237 2859 271 2885 ab
282 2858 366 2885 altero
381 2858 499 2884 distracti
511 2863 582 2888 sunt.
598 2858 743 2892 Gregorius
759 2857 928 2884 Palaestinam

154 2894 241 2928 petiit.
257 2899 283 2921 et
295 2893 322 2920 iu
333 2893 434 2922 scholis
445 2897 486 2920 est
497 2897 624 2927 moratus,
633 2892 756 2922 Caesarea
770 2892 929 2923 Palaestini».

990 281 1085 308 Omnia
1111 284 1268 315 prmsentem
1293 278 1417 306 omnibus
1440 282 1552 304 mortem
1578 276 1772 303 intentabant:

989 326 1119 361 Gregorio
1132 332 1220 353 autem
1237 332 1308 352 ntors
1328 324 1425 351 animae
1439 323 1518 357 longe
1533 321 1662 356 maiorem
1683 322 1777 348 formi-

989 375 1079 402 dinem
1100 373 1237 401 aﬂ‘erebat.
1257 382 1266 398 ‹
1294 372 1321 399 In
1337 371 1485 406 perieulum
1501 370 1572 396 enim
1596 369 1679 395 miser
1695 376 1777 396 vene-

989 428 1059 451 ram,
1079 421 1165 455 inquit
1177 421 1227 455 (ιι),
1246 426 1279 446 ne
1293 425 1344 445 non
1359 418 1479 444 initiatus
1494 424 1508 443 e
1522 416 1576 442 vita
1594 415 1773 448 discederem,

988 467 1156 501 spiritualcnt
1186 473 1282 499 aquam
1314 464 1384 491 inter
1409 463 1539 489 exitiosus
1564 466 1591 489 et
1617 462 1775 488 mortiferas

989 514 1075 539 nudas
1093 511 1261 539 desiderans.
1282 519 1291 536 ι
1319 509 1469 539 Clamabat,
1493 507 1664 539 obsecrabat,
1691 507 1773 533 breve

992 559 1126 593 quoddam
1144 557 1271 591 temporis
1290 555 1407 590 spatium
1425 555 1588 588 expetebat;
1611 557 1700 579 tantos
1726 553 1775 579 de-

989 611 1061 630 ιιιιιιιι
1077 603 1193 638 gemitus
1206 602 1317 638 edebat,
1336 605 1364 626 nt
1379 600 1469 627 ca‘teri
1481 621 1488 632 ,
1505 599 1575 633 quod
1593 599 1632 626 vix
1647 598 1776 626 credibile

991 654 1032 676 est
1043 669 1050 683 ,
1076 649 1184 675 omissis
1200 649 1314 682 quisque
1330 649 1445 683 propriis
1461 646 1664 675 calamitatibus
1677 666 1684 678 ,
1712 652 1775 672 suas

991 694 1114 729 Gregorii
1127 693 1272 728 cjulatibus
1284 702 1377 728 preces
1387 694 1541 728 jnngerent,
1554 693 1611 726 ejus
1625 691 1775 718 infortunio

990 743 1177 769 condolcntes.
1194 742 1304 774 Omnes,
1323 741 1404 768 etiam
1425 741 1470 775 qui
1486 740 1567 766 Deum
1583 743 1645 765 ante
1662 746 1713 765 non
1727 746 1775 764 no-

989 792 1061 820 rant,
1089 788 1171 814 Deum
1200 787 1374 819 invocabant,
1393 791 1422 813 ut
1445 786 1540 813 scribit
1561 783 1773 819 Grcgorins(e);

990 833 1060 867 quod
1085 839 1158 860 certe
1178 838 1336 867 argumento
1352 838 1392 859 est
1409 833 1498 867 plures
1513 832 1537 857 in
1554 839 1585 858 ca
1602 831 1663 858 navi
1692 831 1775 856 fuisse

993 877 1085 904 ﬁdeles
1100 878 1266 904 Christianos
1277 897 1284 910 ,
1301 878 1434 912 baptismo
1450 877 1569 903 initiatos
1582 895 1590 907 ,
1607 884 1621 901 a
1637 876 1734 910 quibus
1749 879 1777 902 el

989 923 1047 957 ipse
1061 922 1208 957 Gregorius
1232 923 1394 949 necessitate
1407 922 1560 956 compulsus
1573 929 1632 947 eum
1649 925 1738 954 petere
1748 924 1776 947 et

990 968 1127 1002 suscipere
1153 973 1258 1002 poterat
1272 968 1308 1003 (t‘)
1326 977 1332 994 :
1351 968 1422 1002 quod
1446 967 1554 1001 quidem
1576 965 1656 993 licere
1673 965 1774 992 ducent

991 1015 1184 1046 Tertullianus,
1203 1014 1393 1050 Hieronymus,
1409 1014 1573 1048 Augustinus
1591 1032 1598 1044 ,
1614 1012 1712 1046 aliique
1728 1012 1776 1038 do-

988 1067 1094 1094 ctores,
1117 1067 1197 1096 atque
1219 1062 1299 1087 etiam
1323 1061 1455 1095 approbat
1481 1058 1608 1088 Ecclesia.
1635 1058 1775 1091 Quomodo

987 1114 1052 1142 ergo
1068 1107 1117 1140 ipsi
1133 1108 1158 1134 iu
1175 1112 1294 1133 mentem
1313 1114 1366 1133 non
1380 1106 1466 1137 venit,
1485 1110 1512 1131 ut
1527 1114 1542 1132 a
1557 1110 1692 1132 vectorum
1705 1111 1775 1139 quo-

988 1153 1059 1187 piam
1083 1153 1246 1187 baptismum
1273 1152 1396 1186 peteret?
1420 1151 1552 1178 Validitas
1582 1151 1710 1185 baptismi
1729 1158 1777 1185 per

988 1199 1072 1225 laicos
1086 1198 1177 1225 collati
1195 1206 1246 1224 non
1277 1199 1343 1225 satis
1361 1202 1421 1224 nota
1438 1197 1521 1224 fuisse
1543 1197 1644 1224 Graecis
1660 1197 1774 1222 videtur.

988 1244 1032 1271 Sic
1047 1244 1176 1276 Basilius,
1195 1249 1254 1277 post
1275 1244 1443 1280 Cyprianum
1470 1248 1497 1272 et
1520 1242 1708 1270 Firmilianum
1722 1262 1729 1273 ,
1747 1242 1775 1268 in

987 1290 1099 1324 epistola
1128 1290 1278 1321 canonica,
1302 1297 1404 1316 canone
1427 1290 1479 1316 l°:
1504 1298 1515 1314 ε
1539 1288 1629 1318 Quare
1647 1295 1704 1318 eos,
1733 1287 1777 1314 in-

988 1336 1045 1370 quit
1061 1335 1108 1370 (ῃ),
1125 1335 1169 1369 qui
1185 1335 1218 1361 ab
1239 1335 1356 1368 ipsortnn
1370 1336 1493 1369 partibus
1506 1334 1627 1364 :labunt,
1644 1337 1773 1367 tanquam

989 1388 1003 1406 a
1021 1380 1094 1406 laicis
1109 1379 1276 1413 baptizatos,
1294 1379 1432 1414 jusserunt
1449 1383 1512 1409 rere
1537 1378 1665 1406 Ecclesiw
1685 1378 1773 1411 bapti-

989 1430 1077 1452 smale
1094 1425 1127 1451 ad
1154 1425 1301 1452 Ecclesium
1318 1425 1456 1451 venientes
1471 1424 1626 1458 cxgtzt'gari.
1649 1433 1657 1449 ι
1674 1423 1776 1456 Quibus

988 1471 1079 1497 verbis
1104 1470 1188 1504 liquet
1215 1471 1339 1497 collatum
1371 1477 1386 1496 τι
1408 1470 1482 1497 laicis
1510 1469 1643 1504 baptisma
1669 1469 1775 1496 irritum

990 1517 1061 1552 apud
1073 1516 1182 1543 Graecos
1198 1516 1318 1543 habitum
1334 1516 1426 1543 fuisse.

989 1570 1219 1598 XXXV-XXXVI.
1234 1571 1367 1596 I’romitlit
1378 1569 1519 1604 Gregorius
1535 1579 1562 1597 se
1581 1569 1633 1596 Deo
1645 1570 1774 1596 victurum

1023 1607 1045 1632 si
1063 1614 1150 1636 sospes
1166 1606 1269 1645 erudiit.
1285 1620 1321 1625 —-
1335 1606 1478 1632 Pttretttum
1504 1613 1530 1632 se
1545 1605 1664 1639 precibus
1690 1613 1776 1631 Serva-

1023 1647 1077 1668 Ium
1094 1647 1221 1674 agnoscit.

1022 1693 1074 1720 Per
1087 1693 1182 1727 viginti
1194 1693 1250 1719 dies
1264 1692 1352 1719 sa:viit
1364 1697 1520 1726 tempestas,
1538 1693 1703 1726 totidemque
1716 1691 1773 1718 die-

987 1737 1036 1765 bus
1057 1739 1252 1773 gemebundus
1274 1745 1354 1772 supra
1376 1738 1484 1772 puppim
1504 1738 1588 1771 jacuit
1608 1738 1772 1771 Gregorius,

987 1784 1069 1811 Deum
1088 1784 1197 1818 supplex
1213 1792 1339 1816 exorans,
1358 1784 1491 1817 pollicitus
1505 1784 1526 1810 si
1546 1783 1628 1810 maris
1653 1783 1774 1817 periculo

988 1829 1159 1859 liberaretur,
1176 1835 1258 1864 atque
1272 1830 1391 1861 expetito
1409 1829 1543 1863 baptismo
1564 1829 1710 1861 frueretur,
1728 1830 1770 1862 ei.

988 1882 1003 1901 a
1030 1882 1083 1908 quo
1110 1874 1224 1901 salutent
1254 1875 1422 1909 accepisset,
1448 1882 1508 1901 sese
1537 1879 1773 1902 consecratur-nm.

989 1928 1000 1944 ι
1015 1919 1088 1946 Tuus
1113 1926 1191 1951 sutn,
1219 1919 1379 1946 inclamabat
1403 1919 1442 1955 (Ιι)
1477 1929 1484 1946 :
1515 1924 1592 1946 antea
1610 1920 1665 1954 jam
1686 1927 1774 1953 eram,

987 1968 1016 1992 et
1027 1972 1097 1991 ttunc
1110 1965 1217 1992 iterum.
1235 1964 1274 1991 Tu
1293 1973 1335 1991 me
1353 1965 1394 1991 bis
1413 1965 1530 1999 accipies
1544 1984 1551 1997 ,
1567 1965 1711 1998 pretiosam
1727 1966 1774 1992 tibi

988 2010 1203 2044 possessionem,
1229 2015 1307 2036 terrae
1323 2010 1464 2044 ntarisque
1482 2018 1578 2037 lllllllus
1590 2030 1597 2042 ,
1613 2011 1661 2037 tibi
1678 2019 1775 2038 conse-

988 2061 1092 2082 cratttm
1109 2061 1171 2082 voto
1189 2056 1308 2090 parentis
1325 2061 1352 2082 et
1368 2061 1440 2083 ntetn
1463 2057 1634 2090 gravissimo.
1659 2056 1717 2083 Tibi
1733 2057 1774 2083 vi-

989 2110 1062 2133 vam,
1082 2102 1106 2129 si
1131 2102 1227 2136 duplex
1245 2102 1394 2136 periculum
1418 2102 1548 2136 cllugero.
1567 2103 1594 2129 Si
1620 2110 1663 2129 me
1684 2103 1773 2137 perire

990 2147 1099 2179 siveris,
1116 2147 1203 2174 cultor
1227 2148 1274 2174 tibi
1291 2148 1398 2183 peribit.
1414 2147 1607 2182 Expergisccre
1629 2148 1705 2179 ntihi,
1727 2154 1774 2174 aut

989 2192 1105 2226 gradere
1117 2214 1124 2225 ,
1141 2197 1283 2224 etinctum
1306 2200 1456 2227 compesce.
1478 2202 1487 2218 ι
1512 2192 1559 2219 Vix
1581 2193 1636 2220 [nec
1652 2193 1772 2224 dixerat,

989 2245 1049 2264 cum
1062 2238 1156 2264 statim
1172 2238 1266 2264 sedata
1283 2242 1363 2264 estet
1379 2242 1541 2264 commutata
1557 2237 1583 2264 in
1598 2245 1690 2264 auram
1710 2245 1773 2272 pro-

990 2283 1068 2310 cella.
1088 2282 1230 2309 Servatum
1250 2290 1279 2309 se
1293 2283 1415 2317 agnoscit
1429 2282 1576 2317 Gregorius
1591 2283 1622 2318 (ἰ)
1649 2285 1774 2317 precibus

993 2333 1148 2363 parentum,
1167 2329 1212 2362 qui
1231 2329 1258 2355 in
1274 2329 1377 2355 somnis
1393 2328 1522 2354 admoniti
1543 2336 1622 2362 quem
1640 2329 1665 2355 lll
1679 2337 1773 2357 casutn

989 2375 1122 2402 adductus
1137 2381 1210 2402 esset
1225 2375 1308 2406 ﬁlius,
1324 2375 1493 2402 orationibus
1505 2383 1536 2401 ac
1548 2366 1676 2410 laerymis
1689 2375 1773 2402 Deum

990 2421 1199 2448 obsecraverant
1225 2425 1254 2447 ιιι
1272 2420 1434 2455 periclitanti
1450 2428 1528 2454 opem
1549 2420 1642 2448 ferret.
1661 2420 1730 2454 Quin
1745 2426 1773 2448 et

991 2467 1018 2493 in
1030 2467 1087 2501 ipsa
1107 2465 1219 2501 periculi
1239 2465 1358 2499 ﬂantum,
1373 2466 1467 2501 juveni
1487 2466 1592 2493 cuidam
1607 2474 1640 2494 ex
1653 2467 1773 2494 rectori;

989 2551 1041 2570 non
1064 2543 1250 2578 Cappadocum
1274 2549 1315 2570 est
1337 2543 1506 2578 intelligenda
1522 2564 1529 2576 ,
1549 2543 1599 2571 nisi
1626 2543 1773 2572 dixerimus

989 2584 1133 2612 utrumque
1164 2584 1227 2604 tunc
1261 2584 1395 2605 versatum
1421 2580 1551 2605 (LL-sarem
1572 2581 1771 2612 Cappadocum,

988 2614 1058 2639 ttnde
1072 2615 1141 2640 alter
1154 2613 1320 2640 Palatstinam
1332 2634 1340 2644 ,
1359 2615 1428 2640 alter
1440 2614 1634 2640 Alexandriam
1649 2614 1734 2648 petiit.

1023 2648 1060 2681 (ιι)
1076 2648 1124 2674 Or.
1144 2649 1186 2678 l0.
1208 2657 1232 2680 μ.
1250 2649 1310 2681 ισδ,
1324 2650 1357 2675 Α.

1021 2682 1055 2718 (ι)
1073 2684 1166 2718 Carm.
1177 2683 1214 2709 De
1234 2682 1294 2709 Vim
1314 2691 1373 2716 sua,
1390 2691 1415 2710 v.
1432 2683 1480 2710 151
1498 2687 1524 2710 et
1538 2689 1596 2717 seq.

1022 2717 1060 2752 (ά)
1076 2717 1123 2745 Or.
1139 2717 1181 2749 ‘18,
1198 2726 1224 2744 ιι.
1239 2718 1298 2745 151.

1020 2753 1054 2788 (ε)
1073 2753 1150 2785 Boll.,
1163 2754 1179 2779 9
1194 2753 1265 2785 Maii,
1284 2761 1309 2787 p.
1323 2754 1387 2781 579.

1018 2789 1052 2855 ξι)
1068 2788 1185 2819 'l'illent.,
1204 2793 1223 2814 t.
1242 2788 1295 2829 IX,
1312 2797 1337 2823 p.
1356 2788 1416 2816 5'26.

1030 2823 1056 2855 α)
1073 2822 1104 2848 Τ.
1121 2822 1153 2849 lll
1166 2830 1241 2849 nova:
1254 2824 1330 2855 etltt.,
1347 2832 1372 2855 p.
1386 2824 1416 2850 ‘27

1030 2823 1056 2857 α)
1073 2822 1104 2858 Ἰξ.
1121 2822 1153 2849 lll
1166 2822 1330 2858 novmgnlih,
1347 2832 1372 2858 p.
1386 2822 1447 2850 ‘270.

1018 2856 1056 2895 (tt)
1070 2856 1166 2895 Carm.
1185 2858 1222 2883 De
1233 2857 1306 2895 _l_’ita
1320 2856 1378 2893 διία,
1393 2867 1417 2887 v.
1435 2859 1486 2888 194
1502 2864 1528 2887 et
1542 2867 1600 2895 seq.

1020 2893 1051 2927 ti)
1066 2893 1112 2921 0r.
1130 2893 1172 2926 l8,
1189 2901 1215 2919 ιι.
1232 2893 1276 2920 ὃίι
