2055 3130
148 158 162 185 ί
167 159 201 186 69

805 156 884 184 VITA
905 155 932 182 S.
953 155 1126 184 GRECOIIII.

1734 161 1784 188 170

146 224 212 245 ante
225 218 374 245 discessum
391 225 423 244 el
436 218 488 246 hac
500 217 565 250 vita,
580 218 643 246 hinc
658 219 847 254 migraremus.
862 219 938 252 Quod
957 221 978 247 A
994 222 1044 247 est.
1058 223 1085 244 et
1096 218 1261 246 carminibus
1271 219 1347 255 leges
1359 221 1510 254 praescribit
1521 229 1528 253 ;
1540 221 1597 248 slve
1616 221 1642 248 in
1657 224 1782 251 omnibus

145 263 256 298 quidem
270 263 347 291 nobis
359 263 394 290 oh
407 263 500 291 oculos
511 268 655 299 ponentes,
669 265 752 292 vitam
763 265 939 299 actionesque

146 317 244 337 omnes
262 314 369 337 nostras
381 310 591 346 .dirigebamus,
615 315 672 338 tum
697 311 780 339 divini
806 312 937 346 prazcepti

147 357 256 383 ductum
270 361 432 391 sequentes,
448 362 504 384 tum
518 358 590 385 alter
604 358 681 386 alteri
697 359 805 386 virtutis
819 359 938 386 studium

147 407 326 436 exacuentes;
340 408 433 437 atque,
450 403 501 430 nisi
525 404 579 431 hoc
592 405 765 439 arrogantius
784 405 875 432 dicere
894 405 935 431 vi-

148 451 223 482 dear,
239 456 354 484 uterque
370 450 448 478 alteri
464 458 558 478 norma
576 457 603 478 et
615 452 733 479 amussis
748 459 869 484 eramus,
886 459 939 486 qua

149 499 252 522 rectum
267 503 283 523 a
301 503 384 530 pravo
401 497 576 524 discernitur.
598 497 657 524 Non
673 497 745 524 enim
770 504 832 524 cum
858 497 939 524 soda—

149 541 213 568 lium
234 545 388 569 nostrorum
413 543 639 576 petulantissimis
658 549 685 570 et
698 543 938 579 impudicissimis,

149 587 196 613 so-d
221 595 282 614 cum
307 589 470 616 castissimis
496 589 719 617 consuetudinem
749 589 938 624 habebamus;

149 639 199 659 nec
210 639 269 658 cum
277 633 494 667 pugnacissimis,
506 635 552 661 sed
563 642 624 662 cum
636 634 829 668 pacatissimis,
839 634 939 669 iisque,

149 685 265 712 quorum
290 679 457 706 consuetudo
490 680 624 707 maximos
651 671 756 707 [ructus
777 679 911 707 al‘l‘erebat
931 689 938 708 :

150 724 214 750 illud
238 725 366 752 nimirum
390 725 559 760 exploratum
586 726 736 759 habentes,
753 725 858 753 facilius
880 733 941 753 esse

150 770 243 797 vitium
256 771 427 803 contrahere,
439 779 520 805 quam
534 771 661 799 virtutem
679 771 831 806 impertiri;
848 779 941 806 quem-

150 816 293 844 admodum
311 817 393 844 etiam
418 816 524 844 facilius
550 825 611 844 esse
630 817 724 845 morbo
742 817 831 844 alieno
847 817 940 849 inﬁci,

148 870 230 897 quam
248 862 390 890 sanitatem
406 862 508 898 largiri.
522 863 678 898 Disciplinis
698 870 791 898 porro,
810 871 862 891 non
884 868 937 890 tam

146 907 352 941 jucundissimis
365 928 372 939 ,
388 897 469 942 quam
488 897 604 942 optimis
622 897 827 936 oblectabantur
842 917 848 935 :
875 916 938 934 nam
956 897 977 926 Β

148 953 212 980 hinc
222 960 339 988 quoque,
352 953 394 979 Vel
409 953 443 980 ad
456 953 596 984 virtutem.
609 953 651 980 vel
663 953 696 980 ad
711 953 938 987 vitium,juveues

149 999 341 1026 informantur.
358 1009 367 1024 ι

148 1055 323 1083 XLIII-XLV.
344 1055 377 1082 In
402 1056 485 1083 sacris
505 1056 626 1083 domibus
649 1057 761 1082 assidui.
791 1056 937 1082 Christiani

183 1097 206 1118 et
220 1100 276 1118 esse
290 1097 312 1117 et
325 1092 458 1118 nominari
473 1092 573 1118 uolunt.
590 1090 727 1125 Pestifcrw
739 1092 800 1118 alii:
813 1092 935 1123 Allienw,

183 1127 250 1153 nihil
268 1126 320 1153 illis
336 1131 439 1160 nutent,
456 1126 501 1153 sed
520 1127 554 1152 ad
568 1126 647 1160 ﬁdem
659 1126 832 1160 conﬁrmant.

188 1192 197 1208 ι
219 1183 281 1209 Duae
304 1183 381 1210 nobis
400 1183 449 1210 via:
467 1187 536 1210 uola:
561 1186 639 1210 erant
662 1192 669 1210 :
691 1182 776 1209 altera
803 1183 888 1218 prima
912 1187 940 1210 ct

149 1229 332 1264 praestantior,
344 1229 430 1257 altera
447 1229 565 1256 secunda
578 1233 605 1256 et
618 1228 757 1256 inferioris
775 1230 854 1264 pretii
871 1239 876 1256 :
894 1229 938 1257 illa

149 1284 257 1311 nempe,
278 1284 338 1310 qua:
353 1276 386 1302 ad
404 1283 497 1303 sacras
516 1279 624 1303 nostras
647 1276 742 1303 domos
753 1296 762 1309 ,
777 1283 879 1311 eosque
893 1277 938 1312 qui

150 1322 205 1348 illic
225 1327 303 1349 erant
326 1322 469 1362 doctores,
484 1321 607 1355 ferebat;
627 1322 684 1350 lucc
698 1327 788 1349 autem
802 1343 809 1354 ,
831 1330 891 1357 quae
906 1323 939 1350 ad

148 1374 276 1396 externos
289 1372 481 1403 praeceptores.
494 1368 613 1395 Caeteras
624 1375 729 1400 omnes,
742 1376 801 1403 quae
813 1369 846 1395 ad
858 1367 937 1401 festa,

149 1415 320 1449 spectacula,
335 1415 458 1442 celebres
479 1419 647 1446 conventus,
671 1415 767 1449 epulas
783 1414 937 1446 ducebant,

149 1468 226 1495 a-quo
246 1467 278 1487 ac
299 1459 392 1487 libenti
418 1459 510 1486 animo
529 1459 590 1486 aliis
614 1459 861 1494 reliqueramus....
878 1459 938 1486 Jam

149 1513 209 1531 cum
224 1505 285 1532 aliis
301 1504 352 1531 alia
373 1505 495 1539 quaedam
513 1510 693 1539 cognomenta
711 1504 781 1535 sint,
799 1504 840 1531 vul
858 1513 872 1531 a
889 1512 938 1540 pa—

149 1551 272 1578 rentibus
283 1556 404 1585 accepta,
416 1550 457 1577 vel
471 1557 505 1577 ex
520 1550 627 1584 seipsis,
643 1549 694 1578 hoc
714 1554 755 1577 est
771 1558 803 1577 ex
820 1551 939 1585 propriis

149 1597 211 1623 vita:
231 1596 328 1624 studiis
344 1596 529 1630 institutisque
543 1599 700 1630 comparata
715 1603 721 1621 :
743 1595 822 1622 nobis
844 1601 938 1623 contra

151 1650 247 1677 magna
265 1649 307 1669 res
326 1645 355 1668 et
371 1648 498 1676 magnum
521 1648 619 1668 nomen
634 1645 712 1674 erat,
727 1641 900 1668 Christianos
913 1645 940 1667 et

149 1697 210 1716 esse
224 1693 251 1715 et
264 1687 433 1715 nominari...
451 1687 549 1722 Atque,
567 1691 596 1713 ut
612 1694 668 1714 rem
685 1687 712 1713 in
727 1694 812 1721 pauca
827 1692 938 1714 contra-

151 1735 231 1768 ham,
246 1734 380 1769 pestifera:
394 1733 504 1769 quidem
518 1732 578 1760 aliis
589 1753 596 1766 ,
615 1733 686 1767 quod
703 1729 737 1760 ad
753 1732 850 1760 anima:
867 1733 941 1760 salu-

151 1787 204 1810 tem
217 1782 324 1814 attinct,
341 1781 452 1808 Athena:
470 1785 568 1808 sunt...
581 1780 658 1807 nobis
673 1784 762 1806 autem
780 1778 847 1806 nihil
859 1779 942 1806 detri-

151 1829 235 1856 menti
250 1828 284 1854 ab
298 1829 331 1855 iis
342 1827 452 1854 allatum
467 1832 523 1858 est,
546 1831 639 1861 utpote
653 1826 698 1860 qui
714 1825 805 1852 animo
819 1832 941 1852 commu-

151 1875 200 1902 nili
218 1879 245 1901 et
267 1873 371 1908 obsepti
395 1880 515 1901 eramus.
531 1871 602 1906 Quin
626 1872 715 1906 potius
731 1871 794 1898 hinc
811 1871 844 1898 ad
861 1871 940 1898 ﬁdem

150 1921 303 1949 conlirmati
318 1928 423 1948 sumus.
440 1929 450 1946 ι
463 1919 527 1947 lude
539 1918 664 1953 contigit,
677 1922 706 1944 ut
718 1918 856 1952 egregium
872 1917 939 1944 illud

150 1975 199 2002 par
220 1967 369 1994 amicorum
379 1986 387 1998 ,
404 1974 457 1993 non
470 1966 496 1992 in
515 1966 639 1992 universa
652 1964 756 1992 Graecia
776 1964 861 1991 solum
874 1983 882 1995 ,
895 1963 941 1990 sed

149 2020 226 2041 extra
236 2014 368 2042 Graeciam
380 2013 580 2045 celebraretur;
593 2017 621 2038 et
637 2019 698 2039 cum
714 2018 808 2038 eorum
819 2010 941 2045 mag‘stri

152 2060 252 2087 farinam
269 2059 438 2086 Athenarum
463 2057 655 2092 adzequarent,
674 2057 723 2092 ipsi
742 2063 865 2092 quoque,
882 2056 942 2083 ubi-

151 2113 259 2140 cunque
277 2105 334 2133 noti
357 2109 435 2132 erant
450 2103 592 2139 magistri,
613 2104 639 2130 in
657 2103 796 2130 hominum
812 2109 861 2129 ore
878 2109 941 2129 ver-

150 2158 288 2186 sarentur,
316 2157 344 2179 et
366 2152 456 2180 Oresti
480 2159 512 2179 ac
534 2150 619 2178 Piladi
646 2149 725 2184 longe
751 2149 786 2176 ab
809 2148 937 2175 omnibus

151 2200 353 2235 pra-ferrentur.

186 2246 322 2281 Quidquid
338 2249 469 2280 praeterea
488 2244 522 2271 de
532 2241 631 2270 Basilio
647 2239 776 2274 privatim
791 2238 940 2274 Gregorius

150 2293 300 2320 houorilice
315 2292 454 2327 praedicat,
472 2290 506 2318 de
518 2290 576 2323 ipso
591 2294 699 2322 quoque
714 2286 848 2320 Gregorio
863 2285 940 2312 intel-

152 2340 289 2375 ligendum
313 2346 374 2366 esse
394 2337 494 2365 nemini
520 2336 645 2363 dubitare
667 2333 746 2364 licet,
769 2331 894 2366 quamvis
915 2331 940 2358 id

152 2386 259 2413 silentio
267 2384 456 2420 prmtermittat
468 2382 508 2409 vir
516 2387 569 2409 tam
579 2381 725 2411 modestus,
737 2383 766 2405 ut
777 2377 814 2413 (a)
827 2387 835 2403 ι
849 2377 941 2405 laudes

151 2440 215 2460 suas
233 2439 265 2458 ne
287 2431 321 2458 ah
335 2430 387 2458 alio
399 2430 508 2465 quidem
531 2434 650 2463 Unquam
677 2425 818 2462 prazdicari
834 2429 941 2458 patere-

152 2484 205 2507 tur.
221 2488 230 2504 ι
247 2478 344 2505 Dicere
355 2484 420 2512 ergo
433 2476 523 2507 liceat,
539 2481 600 2501 cum
616 2473 683 2500 Vita:
695 2472 781 2507 ipsius
793 2471 938 2504 scriptore,

150 2525 184 2552 de
194 2524 336 2558 Gregorio,
357 2522 429 2558 quod
447 2521 504 2555 ipse
517 2519 666 2555 Gregorius
680 2522 774 2544 noster
788 2517 821 2543 de
835 2515 937 2543 Basilio

151 2568 277 2603 scripsit;
304 2574 399 2601 nempe
427 2566 590 2601 Gregorium
617 2564 659 2591 his
686 2562 828 2598 praeditum
854 2560 939 2588 fuisse

151 2615 287 2646 moribus,
303 2613 351 2648 qui
373 2614 454 2640 etiam
472 2612 532 2639 sine
551 2610 674 2638 doctrina
694 2608 801 2635 laudem
826 2607 939 2635 habuis-

150 2665 210 2688 sent
222 2669 229 2694 ;
244 2661 290 2687 sed
304 2660 337 2687 ad
350 2660 399 2687 hos
412 2666 502 2686 mores
514 2662 541 2685 et
553 2656 690 2693 egregiam
705 2654 822 2681 indolem
835 2658 937 2680 tantam

150 2707 298 2735 accessisse
318 2706 447 2734 doctrina:
460 2705 576 2739 copiam,
594 2708 623 2730 ut
639 2709 718 2729 nemo
732 2708 793 2728 cum
812 2707 844 2727 eo
860 2707 936 2727 com-

150 2753 286 2788 parandus
310 2757 380 2779 esset
394 2772 401 2784 ,
415 2752 472 2779 sive
486 2751 512 2777 iu
530 2749 678 2779 rhetorica,
695 2755 755 2782 qua:
772 2747 889 2781 linguam
905 2746 937 2772 ad

150 2799 325 2826 Crtccismum
344 2798 453 2830 format,
471 2797 611 2824 historiam
627 2795 742 2830 colligit,
759 2793 851 2820 metris
871 2801 937 2827 pra:-

188 2857 225 2889 (ἡ)
241 2857 288 2882 0r.
309 2856 354 2887 45,
374 2864 399 2881 ιι.
415 2854 461 2882 32.

190 2894 225 2927 (1))
243 2894 289 2919 Ur.
312 2892 338 2923 5,
358 2900 384 2917 ιι.
401 2890 445 2916 at.

293 2940 428 2969 I’ATROI.
446 2938 504 2968 GR.
523 2935 656 2967 XXXV.

995 264 1172 299 philosophia:
1186 265 1309 299 partibus
1321 274 1328 292 :
1345 274 1378 292 ne
1392 266 1566 301 geometriam
1580 268 1688 302 quidem
1700 268 1735 295 ab
1749 275 1782 296 eo

992 310 1140 346 neglectam
1155 310 1248 344 fuisse,
1264 319 1313 339 nec
1328 313 1533 345 astronomiam,
1549 321 1600 341 nec
1629 315 1783 342 arithmeti-

991 365 1071 390 cam;
1099 360 1145 385 sed
1163 359 1195 385 iis
1219 358 1341 391 relictis,
1362 366 1423 394 qua:
1446 359 1479 386 ad
1502 360 1630 392 pietatem
1655 362 1784 396 prodesse

991 411 1043 431 non
1066 409 1209 439 poterant,
1235 409 1340 432 tantum
1363 413 1396 432 ex
1414 405 1446 433 iis
1467 406 1616 440 disciplinis
1637 407 1687 435 sibi
1708 415 1781 435 sum-

991 449 1078 485 psisse
1090 469 1098 482 ,
1114 455 1246 484 quantum
1261 451 1327 477 satis
1343 455 1421 484 erat,
1439 455 1468 477 ut
1489 450 1523 478 ab
1538 451 1571 478 iis
1583 471 1590 483 ,
1613 452 1659 485 qui
1676 459 1737 480 sese
1756 453 1775 480 ir

990 496 1042 523 hoc
1057 503 1158 530 genere
1174 496 1362 529 venditabant,
1376 497 1510 532 exagitari
1524 505 1576 524 non
1592 503 1693 533 posset.

1052 539 1144 567 XLVI.
1163 539 1342 575 Pra'ceptores
1354 542 1448 576 quibus
1466 550 1528 569 usus
1545 547 1583 569 est
1598 543 1714 571 Athenis.

1025 586 1210 621 Prmceptores
1221 607 1229 619 ,
1247 587 1344 621 quibus
1356 595 1421 615 usus
1435 593 1478 615 est
1489 588 1604 616 Athenis
1620 588 1782 624 Gregorius,

991 632 1061 666 apud
1079 636 1118 659 tot
1133 633 1258 660 homines
1269 632 1392 660 celebres
1406 638 1494 666 erant,
1507 635 1577 669 apud
1591 639 1656 669 quot
1670 635 1781 662 Athena:
1801 650 1804 653 -

992 679 1065 713 ipsae.
1094 678 1126 705 Ili
1157 678 1231 706 luere
1260 678 1396 706 Himerius
1416 684 1444 707 et
1466 679 1651 708 Proawesius:
1679 681 1782 715 primus

993 724 1102 757 gentilis
1117 730 1175 752 erat
1186 745 1193 757 ,
1210 725 1279 754 alter
1292 733 1355 753 vero
1368 725 1551 752 Christianus.
1571 726 1611 759 Is,
1626 727 1661 754 oh
1673 728 1781 755 dicendi

990 771 1108 806 copiam,
1121 772 1238 806 primum
1254 771 1281 798 in
1294 771 1406 805 Gallias,
1419 772 1482 799 inde
1498 772 1610 799 Romam
1624 781 1638 799 a
1651 772 1783 800 Constan-

992 817 1031 844 tio
1058 817 1178 850 missus,
1204 817 1259 844 illic
1283 825 1316 844 ex
1341 818 1576 846 senatusconsulto
1598 818 1716 846 donatus
1740 823 1783 846 est

990 867 1080 890 statua
1097 862 1228 896 ejusmodi
1244 863 1422 898 inscriptione
1435 864 1578 891 nobilitata
1592 875 1598 891 :
1617 872 1713 892 neum
1731 873 1781 892 nr:-

992 916 1047 937 ιιιιιι
1063 916 1132 937 non
1150 917 1209 936 nec:
1225 917 1409 941 amour:an
1427 909 1611 938 Christianum
1630 911 1700 938 hunc
1714 912 1782 939 dixi-

993 963 1070 987 mus,
1088 956 1218 990 quidquid
1243 956 1383 991 scripserit
1406 957 1564 991 Eunapius,
1589 957 1633 992 qui
1659 957 1729 984 hunc
1753 963 1783 985 ut

993 1001 1119 1036 gentilem
1131 1001 1183 1029 sibi
1197 1001 1327 1029 vindicat.
1343 1001 1508 1030 Promresius
1524 1003 1596 1029 enim
1618 1002 1780 1037 Christiana:

993 1047 1116 1083 religioni
1137 1048 1176 1075 sic
1198 1048 1321 1075 addictus
1354 1047 1415 1081 fuit,
1433 1053 1463 1075 ut
1484 1056 1546 1076 cum
1568 1048 1711 1082 Julianus,
1725 1049 1783 1084 lege

993 1093 1055 1120 data
1086 1100 1120 1120 ne
1150 1092 1301 1120 Christiani
1336 1093 1488 1120 liberalium
1516 1094 1616 1120 artium
1655 1094 1781 1121 doctores

993 1143 1092 1172 essent,
1106 1139 1155 1174 ipsi
1168 1138 1338 1167 Christianos
1350 1139 1447 1167 docere
1461 1140 1628 1173 permisisset
1638 1160 1645 1171 ,
1661 1140 1780 1167 scholam

993 1190 1089 1219 sponte
1108 1185 1261 1211 deseruerit
1282 1193 1289 1212 :
1314 1184 1384 1220 quod
1405 1193 1437 1212 ex
1460 1184 1624 1221 Hieronymo
1640 1185 1780 1213 discimus.

993 1229 1062 1263 Quin
1080 1230 1137 1266 ipse
1152 1230 1290 1265 Eunapius
1303 1231 1418 1263 scribit,
1443 1230 1622 1258 Prmercsium
1647 1232 1782 1259 sententia

992 1275 1092 1303 Iuliani
1104 1284 1118 1303 a
1132 1276 1248 1304 lectione
1259 1281 1391 1304 remotum
1406 1277 1497 1305 fuisse.
1511 1279 1551 1304 Au
1565 1285 1630 1305 vero
1644 1269 1781 1311 Julianus,

993 1322 1163 1350 ethnicorum
1179 1322 1401 1357 philosophorum
1419 1322 1650 1356 studiosissimus,
1672 1328 1781 1350 senten-

993 1368 1029 1396 tia
1059 1376 1107 1396 sua
1134 1376 1149 1395 a
1173 1368 1289 1396 lectione
1314 1369 1474 1396 removisset
1501 1368 1700 1403 Prozeresium,
1730 1369 1782 1397 nisi

993 1412 1176 1440 Christianam
1191 1413 1347 1448 religionem
1360 1413 1456 1440 fuisset
1470 1412 1627 1447 professus?

1096 1457 1196 1485 XLVII.
1217 1458 1256 1485 De
1268 1457 1380 1484 Iuliano
1394 1457 1514 1492 Gregorii
1532 1457 1682 1491 augurium.

1029 1503 1129 1531 Habuit
1140 1504 1253 1531 Athenis
1264 1504 1421 1539 Gregorius,
1435 1505 1505 1530 inter
1515 1504 1666 1530 studiorum
1681 1503 1781 1536 socios,

992 1551 1129 1579 Iulianum
1150 1555 1364 1586 exmquatorcm,
1378 1557 1459 1584 quem
1481 1549 1508 1576 in
1530 1550 1656 1577 oratione
1677 1550 1782 1577 decima

995 1605 1064 1626 nona
1081 1598 1128 1632 (η.
1150 1597 1184 1624 l9.
1199 1601 1226 1624 et
1244 1596 1294 1632 l6)
1309 1596 1472 1630 alloquitur;
1488 1595 1602 1622 alterum
1619 1596 1683 1622 item
1697 1595 1782 1623 Julia-

993 1652 1056 1671 num
1073 1644 1152 1679 longe
1168 1642 1352 1670 lainosiorem.
1365 1641 1390 1668 Is
1405 1646 1463 1668 erat
1478 1640 1612 1674 Julianus,
1626 1640 1779 1669 Constantii

992 1689 1104 1724 Augusti
1123 1696 1275 1722 successor,
1297 1695 1346 1715 sua
1363 1695 1378 1714 a
1402 1687 1533 1722 religione
1551 1687 1707 1715 Christiana
1732 1689 1780 1715 de—

993 1736 1109 1763 fectione
1139 1735 1317 1766 notissimus,
1351 1735 1532 1768 omnibusque
1571 1738 1642 1761 retro
1676 1734 1781 1762 satculis

992 1781 1183 1809 exsecrandus.
1209 1779 1277 1808 Cum
1300 1779 1418 1806 Athenas
1441 1779 1561 1806 venisset
1579 1779 1652 1806 circa
1680 1787 1779 1806 amunu

992 1827 1044 1856 555
1062 1828 1196 1859 medium,
1222 1826 1267 1854 ubi
1283 1827 1400 1861 primum
1421 1833 1482 1853 cum
1500 1833 1533 1853 eo
1553 1833 1717 1860 congressus
1740 1830 1781 1853 est

991 1873 1150 1909 Gregorius,
1169 1872 1307 1900 hominem
1330 1871 1423 1904 novit;
1441 1876 1468 1898 et
1482 1871 1612 1906 quidquid
1633 1876 1727 1906 postea
1744 1872 1781 1898 in-

993 1922 1056 1949 felix
1069 1920 1254 1955 comprobavit
1265 1925 1390 1952 eventus,
1404 1919 1541 1953 perspexit
1555 1923 1582 1945 et
1595 1919 1780 1953 praanuntiare

993 1975 1046 1994 non
1071 1966 1205 1994 dubitavit
1219 1966 1262 1993 his
1282 1965 1373 1992 verbis
1385 1965 1445 1999 (b):
1467 1974 1476 1988 ι
1496 1963 1582 1997 Quale
1599 1964 1781 1991 Romanorum

994 2013 1067 2047 regio
1079 2011 1178 2039 malum
1195 2010 1262 2038 alit!
1279 2020 1288 2037 ι
1308 2007 1370 2037 υἶον
1391 2010 1473 2036 κακὸν
1489 2011 1505 2045 ἡ
1525 2010 1669 2045 Ῥωμαίων
1687 2010 1781 2045 τρέφει

993 2058 1080 2090 πόλις.

1089 2101 1203 2130 ΧΙΝΙΙΙ.
1220 2101 1343 2128 Reditum
1358 2102 1386 2128 in
1399 2102 1513 2136 putrium
1528 2101 1680 2127 medilatur.

1027 2149 1086 2176 Non
1100 2149 1145 2175 diu
1159 2154 1220 2184 post
1234 2147 1335 2175 Juliani
1349 2148 1511 2178 adventum,
1525 2146 1671 2181 Gregorius
1685 2151 1713 2174 et
1727 2147 1781 2173 Ba-

992 2197 1087 2228 silius,
1112 2197 1190 2231 plena
1210 2196 1343 2223 doctrina:
1364 2194 1500 2222 mercibus
1514 2201 1599 2227 nave,
1618 2194 1735 2221 reditum
1753 2194 1780 2220 in

994 2243 1129 2278 patriam,
1153 2247 1183 2269 ut
1205 2242 1301 2269 initum
1327 2240 1474 2268 sanctioris
1497 2239 1613 2266 instituti
1636 2239 1781 2266 consilium

994 2289 1135 2324 perﬁciant
1146 2309 1153 2321 ,
1169 2289 1334 2315 meditantur
1347 2287 1395 2321 (c).
1412 2295 1421 2312 ι
1438 2286 1539 2312 Aderat
1560 2286 1695 2313 discessus
1711 2287 1779 2318 dies,

993 2340 1021 2363 et
1037 2334 1168 2369 quidquid
1182 2335 1215 2360 ad
1231 2333 1382 2360 discessum
1396 2331 1559 2365 pertinebat,
1573 2336 1702 2358 extrema:
1717 2332 1781 2359 allo-

993 2382 1126 2415 cutioues,
1138 2380 1351 2415 prosccutiones,
1364 2378 1560 2410 revocationes,
1573 2377 1700 2412 gemitus,
1711 2385 1782 2404 com-

993 2428 1108 2461 plexus,
1133 2426 1268 2460 lacrymae.
1295 2433 1304 2450 I
1337 2423 1406 2450 Tum
1436 2430 1483 2450 eos
1510 2423 1670 2450 circumstat
1700 2424 1781 2450 soda-

992 2473 1056 2499 lium
1074 2471 1125 2507 (d),
1151 2469 1316 2505 equalium,
1340 2476 1372 2496 ac
1395 2469 1587 2502 magistrorum
1608 2469 1689 2495 etiam
1712 2476 1780 2496 non-

993 2517 1129 2544 nullorum
1146 2516 1246 2542 chorus
1258 2523 1265 2541 :
1282 2518 1380 2549 negant
1393 2522 1423 2541 se
1436 2515 1476 2541 eis
1489 2514 1605 2541 abeundi
1619 2519 1780 2550 potestatem

991 2564 1126 2594 facturos;
1148 2562 1311 2593 obsecrant,
1326 2561 1379 2588 vim
1392 2560 1508 2593 faciunt,
1529 2561 1684 2593 hortantur,
1699 2569 1780 2594 spon-

991 2610 1055 2637 dent
1069 2616 1099 2636 se
1110 2608 1221 2636 calculis
1234 2608 1291 2635 suis
1301 2608 1412 2634 daturos
1424 2607 1587 2641 eloquentia:
1597 2607 1779 2642 principatum

990 2655 1144 2690 Gregorio:
1162 2654 1230 2681 nihil
1252 2662 1304 2681 non
1324 2652 1444 2681 elﬁciunt
1464 2659 1492 2679 ut
1512 2653 1626 2679 reditum
1649 2652 1778 2679 interclu-

990 2703 1064 2729 dant.
1088 2700 1185 2728 Omnia
1210 2700 1362 2736 perrumpit
1385 2699 1521 2731 Basilius;
1541 2699 1588 2726 sed
1611 2697 1777 2733 Gregorius,

991 2747 1088 2782 partim
1114 2746 1261 2774 amicorum
1286 2747 1411 2781 precibus
1437 2745 1593 2776 emollitus,
1619 2745 1717 2780 partim
1745 2746 1779 2771 ah

990 2791 1047 2828 ipso
1063 2792 1163 2819 Basilio
1178 2792 1303 2826 proditus
1314 2812 1322 2825 ,
1342 2792 1382 2818 sic
1397 2791 1470 2818 enim
1489 2792 1546 2826 ipse
1558 2790 1687 2818 Basilium
1703 2791 1780 2820 incu-

1025 2851 1061 2890 rri
1078 2849 1124 2890 9r-
1141 2843 1228 2890 ιδ.
1247 2848 1293 2890 2}-

1026 2883 1064 2921 (ιι)
1080 2884 1170 2912 Carm.
1191 2884 1225 2911 Ι)ι
1239 2885 1290 2910 ritu
1312 2893 1371 2918 sua,
1390 2891 1414 2910 τ.
1431 2883 1483 2909 9-4ζί
1497 2888 1523 2909 ct
1536 2890 1582 2914 seq

1582 2929 1600 2958 6
