2055 3130
287 171 336 199 171

934 170 1014 198 VITA
1032 171 1059 198 S.
1081 171 1101 199 G
1108 171 1258 200 REGORII.

1865 169 1914 195 I72

287 233 339 261 sat,
354 228 439 255 victus
453 233 504 261 est,
520 233 546 255 et
561 227 661 254 invitus
680 228 795 255 Athenis
820 228 959 256 remansit.
974 228 1073 256 Verum
1089 235 1112 262 Α
1127 235 1232 257 cturnm
1245 236 1286 257 me
1301 235 1456 264 receperam
1469 233 1498 255 ut
1512 233 1598 256 tecum
1616 227 1677 254 vitze
1695 225 1914 254 consuetudinem

285 283 348 302 cum
360 275 405 301 diu
416 275 451 302 ab
461 275 558 301 anima:
570 282 624 301 sua:
635 274 747 302 dimidio
761 274 882 309 separari
897 282 967 309 πει-ο
979 274 1074 308 ferret,

285 326 312 348 et
337 325 468 355 przeterca
488 320 584 355 patria:
598 324 795 355 parentumque
814 320 951 348 desiderio
975 325 1077 348 terrere-

288 371 342 400 tur,
357 367 436 402 paulo
451 372 510 401 post
522 366 614 394 furtim
627 374 656 394 se
669 367 799 395 subduxit
815 371 842 395 et
856 367 890 394 ad
903 375 968 394 suos
983 374 1076 394 rever-

286 421 334 442 sus
348 419 400 441 est.
422 422 433 440 ι
454 413 511 441 Nec
533 419 620 441 tamen
638 413 665 440 in
686 413 814 448 longum,
835 414 923 449 inquit
936 413 993 450 (a),
1008 414 1074 441 mihi

285 460 415 494 producta
436 465 477 487 est
500 460 557 487 lucc
584 459 771 489 calamitas...
786 460 842 488 Sed
865 467 917 488 non
941 460 978 487 ita
991 460 1074 488 multo

285 511 407 541 tempore
428 505 545 533 Athenis
572 511 666 540 postea
698 511 901 540 commoratus,
922 506 998 534 velut
1019 514 1075 542 pra:

285 552 367 578 animi
391 552 526 579 desiderio
545 559 644 586 equum
671 551 745 579 illum
770 551 945 580 Homericum
972 553 1073 585 lmitor,

284 597 592 633 perfractisqueeorum
605 619 612 631 ,
628 606 643 626 a
659 598 758 633 quibus
775 598 924 630 retinebar,
939 598 1054 626 vinculis
1065 618 1073 631 ,

287 651 396 679 catnpos
417 644 530 679 pedibus
552 645 648 678 pulso,
673 648 755 678 atque
777 643 810 671 ad
838 644 957 671 sodalem
983 651 1072 671 meum

282 690 385 724 impetu
411 689 496 716 feror.
518 699 527 715 ι
552 689 580 716 Id
601 689 715 724 contigit
733 697 804 716 anno
822 689 885 722 556,
910 694 958 717 aut
980 689 1072 717 forsan

284 737 394 762 ineunte
410 735 470 762 357.

282 780 376 809 XLIX.
394 781 434 807 Ad
454 787 574 816 parentes
585 789 644 808 cum
660 781 742 815 fratre
762 782 880 810 Cwsario
898 781 977 809 simul
991 782 1069 810 redit.

319 828 459 862 Digressus
486 829 598 855 Athenis
629 827 776 863 Gregorius
805 828 1070 864 Constantinopolim

283 879 356 901 terra
380 874 477 909 petiit;
494 882 574 908 quam
596 874 622 901 in
639 874 731 901 urbem
755 873 890 902 Ctesarius
906 874 965 909 ejus
988 875 1072 903 frater

282 921 446 948 Alexandria
463 921 610 954 profectus,
623 921 717 948 eodem
731 926 852 956 tempore
865 921 975 956 appulit.
994 922 1071 956 Quod
1088 909 1108 936 Β

282 968 391 1002 quidem
408 967 556 1002 Gregorius
572 975 625 995 non
647 973 750 995 temere
766 975 799 995 ac
815 968 939 1001 fortuito,
954 970 1001 997 sed
1015 969 1071 997 sin-

280 1012 368 1048 gulari
382 1013 428 1040 Dei
446 1013 625 1047 providentia,
640 1018 782 1048 parentum
797 1015 865 1042 votis
876 1014 991 1048 favente,
1007 1023 1072 1044 con-

281 1058 375 1094 tigisse
393 1061 519 1086 observat
533 1059 582 1095 (b).
605 1069 613 1086 ι
634 1059 681 1086 Pia
701 1068 817 1095 namque
833 1066 930 1094 mater,
947 1067 1070 1090 materno

279 1105 395 1140 quodam
419 1111 500 1139 voto,
521 1112 602 1142 atque
619 1107 722 1134 amoris
738 1114 802 1143 erga
821 1107 890 1135 filios
905 1107 995 1142 pleno,
1012 1109 1070 1142 ,hoc

279 1151 413 1186 optabat,
444 1153 670 1186 quemadmodum
701 1153 797 1181 ambos
824 1153 919 1181 eodem
949 1159 1070 1189 tempore

278 1198 418 1230 emiserat,
437 1197 476 1225 sic
493 1198 586 1225 ambos
603 1205 711 1232 quoque
730 1198 812 1225 simul
834 1198 980 1226 redeuntes
1007 1206 1068 1226 cer-

279 1248 366 1271 neret.
388 1254 398 1270 ι
418 1244 511 1279 Itaque
527 1243 673 1278 Cwsarius,
688 1245 787 1280 spretis
803 1245 952 1273 honoribus
968 1245 1068 1280 quibus

279 1291 407 1325 princeps
433 1291 528 1318 civitas
555 1291 667 1326 ipseque
691 1291 839 1325 imperator
864 1299 925 1318 eum
951 1292 1069 1320 retinere

279 1336 443 1369 nitebantur,
461 1337 600 1372 proposito
625 1337 708 1364 nobili
727 1337 899 1364 matrimonio
923 1333 1066 1372 ablataque

281 1382 417 1409 senatoria
431 1382 574 1417 dignitate,
590 1382 697 1410 itineris
710 1383 814 1410 sorium
827 1390 857 1409 ac
873 1383 999 1410 comitem
1014 1383 1068 1410 fra-

277 1428 313 1454 tri
340 1435 369 1454 se
397 1428 528 1461 adjunxit,
554 1433 635 1463 atque
662 1428 699 1455 ita
726 1429 759 1455 ad
779 1433 920 1462 paternam
941 1429 1066 1462 domum,

278 1474 348 1499 unde
367 1474 446 1500 simul
459 1475 551 1501 emissi
568 1474 691 1507 fuerant,
708 1474 788 1502 simul
803 1474 918 1503 rediere.

277 1540 309 1573 L,
324 1541 366 1569 LI.
389 1541 505 1576 Rogatus
525 1551 540 1568 a
552 1542 704 1577 parentibus
715 1548 738 1569 et
759 1542 857 1569 ciuibus
873 1564 879 1576 ,
905 1543 1002 1570 mundo
1016 1544 1067 1570 ali-

313 1577 472 1611 quantulum
483 1578 607 1613 temporis
617 1578 753 1612 impendit.
767 1577 858 1604 Pietas
872 1587 933 1612 erga
945 1585 1066 1613 parentes

313 1613 385 1638 domi
397 1614 487 1639 retinet
502 1612 658 1647 Gregorium
669 1633 676 1645 ,
696 1614 780 1648 ibique
800 1612 970 1640 monasticam
987 1615 1066 1641 vitam

313 1648 377 1682 agit.

313 1706 407 1733 ltedux
420 1706 446 1733 in
461 1707 575 1740 patriam
589 1706 746 1742 Gregorius,
761 1712 789 1734 ut
802 1707 917 1735 Basilius
932 1708 958 1735 ir.
972 1715 1060 1741 suam,

279 1753 381 1780 mundo
397 1757 425 1780 et
445 1761 532 1781 scenaa
550 1753 746 1789 aliquantulum
767 1755 896 1790 temporis
915 1755 1061 1790 impendit,

276 1799 400 1833 quamvis
413 1799 447 1826 ab
463 1799 614 1827 ambitione
631 1804 657 1827 et
674 1799 805 1827 theatrica
829 1800 929 1836 ingenii
943 1805 1065 1827 ostenta-

277 1845 350 1872 tione
363 1852 444 1880 quam
459 1845 575 1872 maxime
588 1845 747 1873 abhorreret
759 1854 766 1878 ;
779 1846 827 1874 sed
840 1846 944 1874 civibus
955 1851 983 1874 et
996 1847 1066 1873 ami-

275 1892 316 1919 cis
327 1891 496 1927 rogantibus,
513 1896 542 1919 ut
554 1896 737 1927 comportatas
747 1892 781 1920 ab
795 1893 896 1920 exteris
910 1893 1066 1928 regionibus

274 1944 340 1971 opes
356 1941 501 1971 promeret,
519 1937 619 1972 ingenii
637 1937 676 1965 sui
696 1938 843 1972 specimina
861 1938 994 1973 denegare
1012 1946 1065 1966 non

276 1982 370 2015 licuit;
383 1987 428 2016 et,
444 1988 473 2010 ut
490 1983 575 2018 ipsius
593 1984 681 2011 verbis
697 1989 759 2010 utar
770 1984 819 2019 (ε),
835 1985 928 2011 amicis
944 1985 1062 2018 saltavit,

274 2029 331 2060 τοῖς
355 2029 443 2064 φίλοις
465 2029 646 2065 ὠρχησάμην.
669 2030 842 2065 Propositum
868 2038 985 2065 namque
1014 2032 1064 2066 ipsi

274 2079 335 2102 erat
359 2075 394 2102 ab
418 2074 506 2107 initio,
532 2075 663 2110 proiectis
677 2076 812 2109 omnibus,
827 2077 911 2103 etiam
934 2077 1065 2104 facundiae

275 2120 423 2153 laboribus,
438 2121 482 2147 uni
500 2120 676 2156 philosophia:
690 2128 800 2155 operam
816 2122 880 2149 dare
891 2142 898 2154 ,
913 2129 962 2149 seu
980 2123 1062 2149 vitam

275 2167 452 2194 monasticam
478 2166 625 2202 amplecti;
640 2165 669 2194 Si
698 2166 795 2194 Rufino
814 2166 853 2202 (Δ)
878 2168 1063 2202 credendum,

276 2213 419 2240 rhetoricae
458 2220 556 2240 munus
595 2212 737 2248 magnifice
768 2211 887 2240 Basilius
921 2213 1063 2246 exercuit,

1128 277 1276 309 haberem,
1303 275 1437 310 simulque
1460 274 1680 310 philosopharer.
1705 272 1799 300 Fidem
1826 277 1914 299 autem

1127 322 1221 355 fefelli,
1237 322 1308 349 haud
1325 327 1422 356 sponte
1443 329 1476 348 ac
1502 320 1638 347 libenter:
1663 326 1757 346 rerum
1776 320 1848 353 quod
1868 319 1908 346 lex

1126 367 1213 402 legem
1227 367 1372 402 superarit,
1389 374 1420 394 ea
1437 366 1565 393 nimirum
1576 386 1583 398 ,
1607 372 1667 399 qua:
1685 369 1813 400 parentes
1828 363 1915 391 colere

1123 413 1210 448 jubet,
1224 413 1310 448 legem
1329 413 1482 441 sodalitatis
1499 419 1531 440 ac
1545 411 1754 439 familiaritatis.
1782 420 1792 437 ι
1808 410 1914 438 Interea

1127 464 1215 487 tamen
1237 459 1397 495 Gregorius,
1420 464 1551 494 quantum
1577 458 1628 493 ipsi
1651 451 1739 490 licuit,
1760 457 1833 490 quod
1858 457 1912 484 Deo

1125 505 1297 545 promiserat,
1314 506 1376 532 vitae
1391 512 1476 540 genus
1488 510 1529 533 est
1540 509 1668 537 secutus;
1683 511 1802 538 cumque
1817 504 1869 538 ipsi
1884 503 1911 530 in

1125 551 1297 580 solitudinem
1323 558 1383 579 sese
1408 551 1558 586 reeipiendi
1576 551 1691 578 facultas
1712 557 1764 577 non
1791 549 1913 581 daretur.

1125 598 1159 626 ab
1172 599 1251 626 amici
1265 599 1403 626 consortio
1422 599 1577 626 abstractus
1595 597 1634 624 sic
1651 597 1732 624 vitam
1748 592 1775 623 in
1789 596 1910 630 paternis

1124 644 1227 672 aedibus
1252 645 1384 679 instituit,
1406 649 1436 671 ut
1460 643 1548 671 media
1562 643 1678 679 quadam
1698 643 1741 670 via
1765 642 1912 673 incedens.

1124 699 1185 719 cum
1211 692 1311 720 actioni
1339 697 1395 719 tum
1415 691 1637 726 contemplationi
1659 694 1780 717 vacaret.
1805 689 1911 724 Quippe

1124 738 1212 766 media
1227 739 1283 766 hate
1298 739 1350 771 via,
1367 738 1475 765 tametsi
1490 737 1554 764 illud
1571 737 1633 764 vitae
1655 743 1739 772 genus
1756 743 1808 763 non
1825 740 1912 766 esset,

1123 784 1195 819 quod
1213 791 1243 812 se
1266 785 1292 811 iu
1309 784 1453 811 solitudine
1471 791 1532 811 cum
1549 783 1649 810 Basilio
1666 786 1790 809 acturum
1807 781 1910 816 promi-

1123 834 1207 863 serat,
1220 830 1331 857 minime
1344 834 1434 857 tamen
1449 837 1464 856 a
1475 828 1620 864 propositae
1635 828 1812 863 philosophia:
1826 834 1910 862 scopo

1124 876 1210 904 aliena
1224 881 1295 904 erat.
1312 876 1368 903 lmo
1382 876 1436 903 vita
1456 876 1513 910 ipsa
1530 874 1680 902 monastica
1696 879 1767 905 erat,
1786 873 1807 901 si
1823 873 1913 899 minus

1123 931 1237 959 corpore
1252 923 1278 950 in
1293 924 1403 951 deserto
1417 927 1444 950 et
1457 922 1601 950 solitudine
1617 926 1689 953 acta,
1705 921 1802 948 saltem
1822 924 1914 947 mente

1123 974 1148 995 et
1165 968 1295 997 moribus.
1314 978 1323 994 ι
1339 968 1444 997 Morum
1460 968 1533 995 enim
1545 973 1588 995 est
1601 967 1657 994 vita
1672 967 1823 994 monastica
1834 986 1842 997 ,
1857 973 1910 992 non

1122 1023 1278 1050 corporum,
1298 1025 1308 1041 ι
1331 1020 1360 1042 ut
1382 1016 1440 1050 ipse
1467 1014 1614 1049 Gregorius
1644 1014 1686 1041 bis
1711 1013 1801 1040 verbis
1828 1017 1910 1038 testa-

1123 1067 1165 1088 tur
1176 1061 1224 1097 (ι’),
1244 1062 1289 1089 ubi
1305 1062 1374 1089 viam
1400 1061 1473 1088 illam
1488 1061 1606 1088 mediam
1627 1059 1776 1087 describit:
1795 1058 1912 1094 Τρόπωι

1121 1108 1175 1144 γὰρ
1187 1105 1255 1134 εἶναι
1270 1108 1320 1143 τὴν
1339 1107 1433 1144 μονὴν,
1449 1107 1480 1134 οὐ
1498 1107 1643 1142 σωμάτων.
1666 1105 1711 1133 Sic
1726 1105 1807 1132 etiam
1825 1105 1912 1131 δοιο-

1121 1160 1227 1186 menus,
1242 1153 1467 1188 φιλοσοφοῦντας,
1483 1153 1631 1180 monachos
1642 1150 1758 1186 appellat
1777 1158 1831 1177 non
1850 1155 1911 1176 tan-

1122 1205 1177 1227 tum
1192 1207 1238 1228 eos
1254 1209 1264 1225 t
1284 1200 1329 1234 qui
1354 1199 1380 1226 in
1401 1198 1546 1227 solitudine
1570 1198 1753 1230 delituerant,
1784 1205 1793 1222 ι
1816 1203 1911 1223 verum

1120 1246 1201 1273 etiam
1217 1253 1274 1278 eos,
1308 1254 1317 1271 ‹
1345 1245 1402 1280 qui,
1421 1245 1483 1272 licet
1508 1244 1534 1272 in
1560 1243 1647 1271 media
1665 1243 1807 1271 civitatum
1820 1242 1910 1271 turba.

1120 1293 1236 1320 vixerint
1256 1292 1322 1320 viles
1339 1297 1367 1319 et
1382 1291 1500 1327 abiecti,
1516 1297 1565 1318 nec
1580 1298 1595 1317 a
1612 1290 1691 1325 vulgo
1706 1289 1841 1316 ullatenus
1856 1288 1912 1315 dis-

1119 1344 1260 1374 crepantes
1270 1338 1438 1374 (g).iVeram
1452 1338 1533 1372 igitur
1552 1337 1677 1364 tnonachi
1691 1336 1772 1362 vitam
1792 1335 1817 1361 in
1829 1334 1911 1360 domo

1119 1391 1242 1420 paterna,
1258 1384 1376 1411 nondum
1389 1385 1416 1411 in
1431 1391 1534 1416 eremo,
1546 1384 1644 1417 agebat
1657 1381 1822 1416 Gregorius;
1837 1388 1910 1406 vere-

1118 1438 1171 1466 que
1186 1431 1353 1462 mouachus,
1381 1438 1435 1457 non
1451 1438 1565 1464 corpore
1577 1449 1584 1462 ,
1606 1429 1652 1455 sed
1668 1429 1722 1454 vita
1746 1434 1773 1454 et
1789 1427 1911 1454 moribus

1118 1477 1177 1503 fuit.

1117 1554 1172 1582 LII.
1201 1554 1285 1581 Vitam
1310 1555 1481 1582 monasticam
1498 1563 1525 1581 se
1546 1553 1740 1588 amplexurum,
1756 1553 1836 1580 etiam
1850 1559 1910 1580 uoto

1410 1599 1437 1617 ne
1451 1591 1621 1617 astrinxerat.

1144 1659 1209 1693 Quis
1215 1661 1353 1688 enimvero
1365 1668 1453 1695 plura,
1463 1666 1610 1694 quamqua:
1620 1657 1909 1694 prmstititGrcgorius,

1118 1707 1240 1741 requirat
1253 1711 1282 1733 ut
1296 1706 1358 1740 quis
1373 1706 1456 1732 vitam
1474 1705 1652 1733 monasticam
1666 1704 1755 1738 egisse
1770 1705 1908 1735 credatur,

1117 1756 1145 1779 et
1156 1752 1305 1779 monachus
1321 1752 1522 1779 existimandus
1538 1752 1584 1785 sit,
1603 1760 1635 1779 eo
1654 1751 1771 1778 maxime
1787 1755 1909 1786 tempore

1118 1806 1172 1833 quo
1198 1799 1316 1826 nondum
1336 1803 1394 1826 erat
1418 1799 1445 1826 iu
1470 1807 1520 1826 usu
1547 1798 1678 1826 solenmis
1703 1803 1828 1826 votorum
1855 1799 1909 1826 Deo

1117 1844 1303 1879 nuncupatio?
1327 1844 1382 1872 Sua
1404 1852 1465 1872 eum
1491 1850 1579 1872 mater
1600 1844 1656 1872 Deo
1678 1844 1788 1875 dicavit,
1817 1852 1832 1871 a
1856 1852 1910 1879 quo

1117 1895 1276 1925 acceperat;
1294 1898 1464 1926 quaecunque
1482 1896 1569 1918 mater
1584 1890 1675 1918 fuerat
1688 1890 1820 1925 pollicita,
1838 1890 1910 1918 Gre-

1117 1938 1207 1971 gorius
1224 1941 1282 1963 rata
1300 1936 1404 1963 habuit.
1415 1935 1476 1971 Ipse
1492 1944 1544 1964 non
1559 1936 1643 1964 semel
1657 1943 1686 1964 se
1702 1936 1756 1964 Deo
1770 1936 1868 1963 obtulit
1883 1941 1908 1964 et

1117 1983 1239 2014 addixit;
1252 1982 1335 2009 vitam
1351 1983 1531 2010 monasticam
1548 1982 1737 2017 amplexurmn
1751 1983 1834 2010 etiam
1847 1987 1909 2010 voto

1117 2036 1146 2056 se
1163 2029 1310 2061 astrinxit,
1332 2036 1393 2055 cum
1411 2033 1574 2063 tempestate
1594 2028 1714 2062 iactatus
1731 2029 1757 2055 in
1775 2028 1908 2063 periculo,

1116 2075 1188 2110 quod
1204 2075 1327 2109 precibus
1342 2080 1370 2102 ct
1389 2079 1451 2102 voto
1468 2075 1646 2110 propulsavit,
1663 2080 1829 2102 versaretur.
1846 2074 1908 2102 Pro-

1118 2121 1201 2148 missa
1216 2119 1332 2148 ﬁdeliter
1346 2120 1459 2155 perfecit
1479 2120 1531 2156 (Ii).
1547 2120 1655 2154 Omnia,
1673 2121 1755 2148 etiam
1774 2121 1909 2149 facundia:

1118 2165 1237 2198 labores,
1249 2167 1413 2202 contempsit
1426 2175 1478 2194 non
1492 2175 1571 2195 secus
1583 2175 1615 2195 ac
1627 2168 1664 2195 illi
1676 2168 1729 2195 duo
1740 2167 1906 2203 philosophi,

1119 2220 1233 2246 quorum
1248 2213 1317 2241 alter
1333 2213 1434 2248 praedia
1448 2221 1495 2240 sua
1513 2214 1668 2249 dereliquit,
1681 2214 1751 2242 alter
1763 2215 1908 2242 collectum

272 2258 421 2294 Gregorius
445 2266 509 2286 vero
533 2259 753 2295 magnificentius
769 2260 947 2295 contempsit.
963 2259 1063 2288 Basilio
1079 2267 1101 2294 ι)
1115 2265 1149 2285 ex
1165 2259 1283 2287 venditis
1306 2260 1379 2294 agris
1400 2265 1543 2295 argentum
1567 2260 1595 2288 in
1622 2268 1698 2288 mare
1721 2261 1837 2295 projecit
1862 2262 1906 2296 (ἱ).

273 2305 374 2337 etiam,
391 2312 453 2332 cum
479 2306 594 2333 Athenis
617 2310 804 2338 versarentur,
827 2306 1008 2340 promiserat,
1033 2315 1063 2334 se

272 2357 334 2376 cum
347 2350 419 2377 eoin
432 2351 555 2378 eamdem
572 2351 745 2379 solitudinem
762 2360 945 2380 recessttrum.
961 2353 1061 2381 Verum

273 2396 300 2423 in
317 2396 387 2423 aedes
412 2401 540 2431 paternas
563 2405 702 2426 reversum
719 2405 787 2426 tetas
809 2399 904 2427 senilis
917 2405 1060 2434 parentum

272 2443 344 2470 domi
363 2449 473 2470 manere
487 2443 628 2478 compulit,
646 2449 674 2471 ut
689 2451 782 2472 eorum
807 2453 902 2472 cttram
927 2446 1039 2473 haberet
1052 2467 1060 2478 ,

271 2489 418 2524 datamque
439 2490 528 2517 amico
553 2489 632 2517 fidem
659 2491 756 2519 debitae
781 2493 939 2526 parentibus
965 2494 1059 2528 pietati

270 2535 433 2569 posthaberc
454 2535 553 2570 coegit.
577 2544 586 2561 ε
606 2535 751 2564 Promissis
769 2545 821 2564 n0n
840 2539 914 2571 steti,
935 2539 1030 2571 fateor,
1049 2549 1058 2565 ν

270 2581 359 2615 inquit
376 2579 494 2616 querelis
506 2580 596 2608 Basilii
614 2582 781 2615 respondens
795 2582 831 2616 (ε)
846 2591 853 2609 :
869 2593 878 2608 ε
896 2585 1059 2619 quippejam

270 2625 332 2652 itide
344 2625 377 2652 ab
392 2625 506 2652 Athenis
521 2625 646 2660 illiusque
662 2626 712 2653 loci
729 2628 847 2655 amicitia
865 2633 891 2655 et
904 2630 1058 2657 animorum

269 2671 440 2699 connexione
453 2670 462 2707 (
473 2678 522 2698 nec
534 2672 607 2699 enim
623 2672 714 2707 aptius
729 2674 839 2701 verbum
861 2675 1001 2710 occurrit)
1018 2677 1058 2703 ra-

305 2761 342 2795 (a)
358 2761 405 2788 0r.
424 2761 469 2792 d5,
485 2770 510 2788 n.
525 2762 570 2790 ‘24.

303 2796 340 2831 (b)
355 2796 401 2823 0r.
419 2796 445 2829 7,
463 2805 489 2823 ti.
504 2798 531 2824 8.

303 2831 339 2866 (τ)
358 2831 448 2857 Carm.
472 2831 509 2858 De
533 2832 582 2858 vita
596 2841 654 2864 sua,
671 2840 695 2862 ν,
715 2833 777 2861 274.

304 2866 346 2902 (tl)
368 2866 452 2898 ΗΜΛ,
473 2868 517 2893 lib.
537 2875 565 2899 It,
581 2877 605 2895 ς.
625 2871 651 2895 9.

299 2906 337 2934 (ε)
357 2903 439 2936 Lpist.
456 2902 491 2928 ul.

1116 2304 1229 2332 Missum
1248 2305 1299 2332 fuit
1316 2306 1533 2340 matrimonium,
1551 2307 1704 2334 castitatem
1719 2308 1803 2340 vat-it,
1823 2315 1905 2343 quam

1116 2351 1241 2386 amplecti
1258 2351 1341 2378 fixum
1357 2352 1409 2387 ipsi
1426 2353 1622 2389 immotumque
1637 2360 1744 2388 semper
1759 2354 1810 2381 fuit
1825 2361 1832 2380 :
1849 2354 1908 2381 Πά-

1115 2397 1159 2424 λαι
1183 2398 1345 2434 δεδογμένον
1362 2399 1384 2425 τ’
1397 2396 1448 2435 ἧν;
1467 2399 1593 2427 omnibus
1621 2407 1652 2428 se
1676 2401 1782 2435 penitus
1802 2401 1879 2428 exuit
1899 2410 1906 2428 :

1117 2453 1127 2470 ί
1145 2444 1248 2472 Caetera
1284 2444 1410 2479 quidem,
1440 2445 1528 2480 inquit
1553 2446 1602 2481 (λ),
1629 2447 1756 2474 mandato
1773 2451 1800 2474 et
1818 2446 1908 2482 Spiri-

1115 2493 1154 2520 tui
1169 2493 1262 2528 reliqui
1275 2502 1281 2525 ;
1296 2501 1327 2520 ac
1342 2494 1491 2528 pretiosam
1506 2494 1683 2528 margaritam
1701 2501 1762 2521 cum
1778 2495 1905 2522 omnibus

1115 2539 1159 2571 iis,
1173 2547 1233 2574 quae
1247 2540 1382 2574 quondam
1401 2540 1545 2573 habebam,
1561 2541 1745 2571 commutavi;
1762 2540 1906 2575 factuSqne

1114 2591 1185 2617 sum,
1203 2589 1260 2617 aut,
1278 2589 1309 2612 ut
1321 2586 1422 2613 rectius
1442 2585 1548 2621 loquar,
1565 2585 1624 2614 fieri
1649 2591 1713 2622 opto
1729 2594 1846 2621 magnus
1862 2587 1906 2614 ille

1113 2631 1277 2666 negotiator,
1299 2631 1344 2666 qui
1361 2632 1468 2668 exiguis
1493 2633 1574 2660 rebus
1596 2639 1678 2669 atque
1703 2635 1814 2662 omnino
1843 2641 1905 2670 per-

1113 2676 1193 2705 ituris
1210 2685 1306 2712 magna
1324 2682 1351 2705 et
1367 2683 1469 2706 aeterna
1486 2679 1561 2706 emit.
1573 2689 1584 2705 ι

1151 2767 1185 2802 (1⁸)
1203 2767 1293 2796 Carm.
1314 2768 1351 2795 De
1367 2769 1420 2796 vita
1437 2778 1503 2802 sua,
1521 2779 1546 2798 v.
1576 2771 1638 2799 529.

1151 2803 1188 2841 (g)
1205 2805 1329 2841 Sozam,
1341 2805 1356 2830 I.
1376 2813 1416 2837 in,
1429 2813 1453 2832 c.
1471 2807 1514 2838 I7,
1530 2816 1555 2841 ιη
1569 2807 1632 2835 528.

1149 2839 1297 2874 (nitimur.
1317 2840 1353 2865 De
1370 2841 1421 2866 vita
1439 2851 1498 2874 sua,
1514 2839 1537 2869 νζ
1557 2843 1620 2870 272.

1148 2873 1179 2907 (ἱ)
1196 2873 1272 2902 nuit,
1291 2882 1314 2900 ν.
1331 2874 1392 2900 ass.

1148 2909 1180 2942 ri)
1197 2910 1242 2936 Ur.
1257 2909 1283 2942 ὕ,
1300 2918 1327 2936 n.
1341 2910 1367 2937 5.
