2055 3130
143 191 202 219 ιΙῚ5

802 189 878 217 νιτΑ
899 189 927 216 S.
949 189 1124 218 GREGOItII.

1727 195 1776 222 HI

149 246 215 274 LIII.
231 245 368 281 Buptiama
385 245 505 280 suscipit.
531 245 590 278 Quo
614 250 730 279 tempore
754 253 806 272 non
824 250 936 273 constat.
953 249 976 277 Α
991 247 1117 274 omnibus
1131 252 1160 273 se
1176 246 1296 280 exuerit,
1313 248 1384 282 quod
1402 247 1501 275 dudutn
1517 251 1668 282 statuerat,
1693 257 1778 287 πρου-

184 292 251 320 Tatn
266 291 416 327 perfectntn
432 291 493 318 vitre
511 298 596 326 genus
611 291 680 318 haud
695 290 776 318 dubie
788 297 934 326 aggreSSus

146 342 190 366 est
206 337 355 371 Gregorius
378 341 438 372 post
453 341 607 370 susceptum
625 336 759 371 baptisma
773 345 781 370 ;
797 338 868 372 quod
885 345 938 371 quo

150 389 272 418 tempore
291 383 453 417 susceperit,
473 382 544 408 inter
561 381 710 416 scriptores
732 390 785 409 non
801 383 935 410 convenit.

148 429 304 457 Arbitratur
319 427 452 460 Batonius
471 428 509 462 (a)
529 427 554 454 id
570 427 717 462 contigisse
732 436 793 455 cum
816 427 937 456 Athenas

149 475 209 503 navi
229 480 349 509 peteret,
368 479 510 509 postquam
535 482 550 501 e
574 474 694 508 periculo
717 474 850 501 liberatus
875 473 935 501 fuit.

151 533 161 549 ι
181 522 260 556 Quod
275 526 364 548 autetn
380 521 418 547 ait
434 520 605 556 (Gregorius)
622 529 637 547 e
654 520 776 555 periculo
794 520 936 547 liberatum

147 575 181 596 ex
199 572 262 594 voto
277 567 368 593 statim
385 573 415 593 se
433 566 489 593 Deo
504 566 634 593 obtulisse
646 586 654 598 ,
670 566 740 593 haud
765 566 837 592 aliud
861 571 937 600 pitta-

147 621 208 641 mus
220 614 247 640 id
260 620 330 644 esse,
342 619 425 646 quam
437 611 508 645 quod
523 611 689 645 baptismutn
703 603 938 645 tantopereexpe-

147 660 226 687 titum
241 659 276 686 sit
289 663 438 686 assecutus.
456 668 465 684 ι
479 657 606 693 Gregorii
621 656 689 684 Vita:
703 659 820 691 scriptor
833 663 935 691 censet,

146 712 208 734 eum
228 704 364 732 distulisse
379 704 514 739 baptisma
531 711 616 738 usque
639 703 672 730 ad
689 703 855 731 tricesimum
870 709 936 732 aua-

147 752 183 780 tis
201 759 313 784 annum,
344 759 405 778 cum
425 751 540 778 Athenis
559 756 601 778 est
618 757 742 777 reversus
759 750 784 776 in
809 751 934 785 patriam.

148 808 158 824 ε
174 797 239 832 Nos,
257 798 346 832 inquit
373 797 574 832 Papebrochins
603 796 653 831 (b),
680 804 766 831 neque
793 798 826 823 ad
857 797 935 824 tinent

145 843 366 872 commorationis
406 842 581 870 Atheniensis
620 842 784 877 baptismum
823 841 934 869 diiattnn

146 890 229 919 fuisse
245 895 383 926 putamus,
402 896 488 923 neque
510 889 600 916 statim
617 893 773 923 susceptum
788 893 849 923 post
865 897 933 915 nau-

991 293 1076 329 θέμην
1093 292 1179 328 ῥίψαι,
1195 298 1223 320 ιιι
1241 293 1377 320 Christum
1394 299 1468 322 totus
1484 294 1617 322 indueret.

989 349 1044 377 LV.
1065 350 1125 377 Non
1139 351 1235 385 affectu
1250 352 1422 391 tarttum,_sed
1436 352 1521 386 τείρεα
1539 361 1566 379 se
1583 353 1658 380 exuit
1675 353 1778 389 Grego-

1351 394 1372 413 ιί
1377 395 1406 413 ιιι
1410 407 1415 412 .

1024 431 1080 459 Nec
1102 439 1166 459 vero
1191 431 1287 459 alI'ectu
1308 436 1423 464 tantum,
1449 438 1478 459 ut
1503 433 1664 468 quibusdam
1688 435 1778 462 visum

988 482 1041 511 est,
1060 477 1107 505 sed
1126 477 1212 512 reipsa
1233 477 1358 504 omnibus
1382 485 1411 505 se
1428 477 1506 505 bonis
1528 479 1603 505 exuit
1618 478 1776 514 Gregorius.

989 523 1060 550 Nihil
1077 527 1170 550 contra
1190 530 1223 551 ex
1242 523 1326 557 ipsius
1343 527 1504 552 testamento
1520 524 1602 559 objici
1621 530 1726 560 potest;
1741 527 1779 554 si~

988 570 1106 604 quidem,
1122 577 1171 603 pro
1188 574 1338 604 temporum
1366 569 1471 596 illorum
1498 571 1704 604 consuetudine,
1727 580 1777 607 pa-

988 619 1094 641 rentum
1111 614 1293 640 ltaarcditatctn
1309 614 1359 648 ipsi
1374 615 1449 642 adire
1462 615 1560 642 licebat
1574 616 1623 649 (g).
1639 615 1775 644 Praeterea

989 667 1040 687 non
1058 659 1159 686 idcirco
1179 659 1363 687 literedilatem
1379 661 1455 692 adiit,
1482 665 1511 687 ut
1531 669 1591 688 eam
1614 662 1664 689 sibi
1682 670 1775 690 serva-

989 711 1045 737 ret;
1068 706 1113 733 sed
1132 711 1160 732 ut
1175 706 1279 740 piorum
1299 711 1451 741 parentum,
1477 708 1522 742 qui
1547 708 1691 736 facultates
1710 717 1775 737 suas

988 751 1151 785 pauperibus
1165 751 1316 786 erogandas
1332 752 1509 786 reliquerant,
1525 758 1663 782 extremas
1679 755 1774 782 volun-

989 802 1056 824 tates
1071 803 1275 831 exsequeretur.
1293 797 1432 830 Quinimo,
1448 806 1483 826 ne
1496 799 1521 826 in
1537 801 1693 834 episcopatu
1713 801 1774 835 qui~

987 844 1047 871 dem
1069 845 1156 870 minus
1169 852 1270 878 pauper
1283 845 1399 871 exstitit.
1413 844 1512 872 Factus
1527 845 1693 873 Sasimorum
1717 847 1774 881 epi-

986 896 1094 923 scopus,
1110 895 1160 916 nec
1173 897 1268 923 panetn
1282 889 1389 923 quidem
1408 891 1509 918 habere
1525 898 1555 918 se
1572 892 1610 918 ait
1625 891 1675 927 (It),
1693 900 1773 926 quem

145 937 224 972 fragii
246 921 407 971 periculum,
422 935 470 962 sed
486 939 547 969 post
563 934 678 961 alterum
703 934 766 961 vita:
785 934 931 962 discrimen

987 921 1085 968 hospiti
1098 921 1203 967 offerat,
1220 934 1279 969 μῄδ¹
1291 921 1376 970 ’ἄρτον
1393 934 1461 968 ἕξων
1477 935 1516 971 τῷ
1530 936 1598 972 ξένῳ
1617 921 1770 965 έιιίιξλάσαι.

145 991 160 1010 a
178 988 258 1010 terrae
278 987 363 1009 motu.
383 990 392 1006 ι
412 980 486 1008 Idem
502 980 705 1015 Papebrochius
723 979 772 1016 (ε),
788 981 814 1008 in
830 988 932 1015 appen-

144 1027 205 1055 dice
225 1026 259 1053 ad
281 1026 352 1053 diem
368 1032 467 1053 nonam
483 1024 556 1058 Maii,
573 1024 650 1059 ﬁngit
662 1024 825 1060 Gregorium
845 1025 932 1052 Athe-

144 1073 186 1100 nis
201 1073 356 1100 excurrisse
379 1071 561 1104 Antiochiam,
592 1075 621 1097 ut
644 1070 788 1098 Libanium
817 1071 933 1103 audiret,

142 1127 229 1155 eaque
243 1120 389 1147 occasione
405 1117 542 1146 Nazianzo
567 1119 619 1145 iter
637 1118 766 1146 habuisse
786 1123 815 1145 ut
839 1126 932 1146 susce-

143 1170 218 1201 ptum
230 1166 324 1200 patria
339 1165 523 1200 episcopatum
537 1164 607 1200 patri
620 1164 811 1200 gratularetur.
822 1164 934 1200 ejusque

144 1210 269 1237 manibus
282 1210 444 1244 baptismum
460 1209 623 1244 suscepisse,
639 1212 720 1244 atque
736 1209 835 1236 iterum
849 1209 934 1237 Athe-

143 1263 193 1283 nas
220 1263 250 1283 se
266 1255 424 1283 contulisse.
450 1255 503 1282 Sed
532 1256 660 1289 tigtnenta
687 1255 746 1282 hac
771 1260 844 1287 sunt,
874 1263 934 1290 quae

143 1302 217 1330 nullo
231 1303 337 1337 penitus
355 1302 477 1330 nituntur
493 1300 681 1329 fundamento.
698 1300 834 1328 Prtelerea
852 1301 932 1329 Liba-

143 1348 202 1376 nius
223 1348 373 1376 Antiochiae
394 1355 447 1375 non
472 1348 523 1375 nisi
545 1351 608 1382 post
635 1355 734 1374 annttm
751 1347 801 1374 55I
830 1348 931 1375 docuit.

142 1395 235 1430 Itaque
260 1394 386 1422 standum
411 1399 469 1426 est,
500 1398 530 1421 ut
553 1394 630 1421 ttobis
657 1393 782 1425 videtur,
805 1393 931 1429 Gregorii

142 1442 292 1477 presbyteri
321 1441 474 1472 sententiae,
506 1440 551 1475 qui
581 1440 678 1467 scribit
708 1439 746 1476 (ti)
768 1439 930 1475 Gregorium

143 1493 266 1515 nostrum
286 1487 379 1522 patria:
397 1482 568 1518 restitutum,
588 1486 704 1521 primum
729 1486 820 1513 divino
843 1486 929 1521 bapti~

143 1539 230 1562 amate
249 1535 374 1566 tinctum,
394 1534 420 1560 vi
443 1536 470 1560 et
487 1531 614 1560 facultate
631 1531 687 1566 jam
708 1536 771 1559 ante
788 1532 931 1560 collustra-

143 1585 209 1608 tum.

142 1626 209 1653 LIV.
226 1624 370 1660 Nunquam
387 1625 500 1660 ,νηγαηαὶ
517 1625 598 1659 legem
615 1625 666 1651 sibi
683 1624 776 1651 indicit
791 1629 816 1652 et
834 1630 928 1652 servat.

177 1671 247 1698 Tum
270 1671 320 1699 sibi
341 1670 428 1705 legem
455 1677 592 1705 nunquam
611 1669 732 1703 jurandi,
756 1670 875 1704 quandiu
903 1671 929 1697 in

141 1718 195 1746 bac
210 1717 265 1744 vita
287 1721 453 1748 versaretur,
477 1723 558 1750 quam
581 1715 662 1742 etiam
680 1723 765 1750 usque
787 1717 820 1743 ad
838 1721 930 1744 extre-

142 1770 215 1790 mum
237 1762 306 1789 diem
330 1762 459 1794 servavit,
481 1761 588 1789 indixit.
605 1760 673 1788 Tum
694 1762 746 1788 sibi
770 1762 926 1794 consulens,

142 1805 198 1832 Deo
215 1812 244 1832 se
266 1805 371 1836 obtulit,
388 1810 445 1832 uta
463 1805 564 1832 mundo
583 1805 732 1840 sejunctas,
752 1813 813 1833 cum
831 1814 863 1833 eo
883 1807 929 1842 qtti

142 1851 217 1878 solus
236 1851 396 1885 purissimus
411 1855 452 1878 est
466 1851 528 1878 vita:
545 1852 741 1879 consuetudine
759 1851 929 1887 jungeretur,

144 1903 224 1932 atque
242 1905 276 1924 ex
294 1905 433 1925 sacrorum
453 1897 583 1925 lihrorttm
602 1897 730 1925 familiari
750 1898 865 1926 lectione
882 1906 929 1926 ve-

143 1944 233 1970 ritatis
256 1943 425 1979 splendorem
443 1944 574 1970 hauriret.
594 1943 671 1977 Quod
696 1944 778 1971 etiam
805 1952 854 1978 per
870 1952 929 1972 om-

143 1996 204 2016 nem
221 1989 304 2016 vitam
322 1990 414 2016 facere
440 1997 494 2016 non
519 1989 633 2017 destitit.
659 1999 668 2015 ι
698 1991 846 2019 monachus
870 1999 931 2020 esse

142 2037 232 2071 potius
248 2036 360 2068 habens,
378 2045 387 2061 ι
406 2036 493 2070 inquit
511 2035 570 2069 ejus
587 2034 656 2062 Vitae
671 2029 796 2071 scriptor,
820 2046 829 2062 ι
849 2045 930 2071 quam

142 2083 310 2115 mundanus,
325 2088 352 2109 et
374 2089 476 2117 pauper
492 2089 572 2116 quam
597 2082 792 2116 qutestuarius.
814 2091 823 2108 ι
854 2083 930 2110 Tunc

141 2129 178 2161 ei,
198 2130 243 2164 qni
260 2136 322 2156 eum
346 2128 373 2155 in
400 2133 501 2155 sortem
521 2128 626 2162 accepit
647 2133 674 2155 et
690 2129 821 2162 servavit,
839 2129 930 2156 omnia

142 2176 213 2203 dono
232 2175 315 2207 dedit,
330 2182 412 2209 opes,
428 2175 611 2208 splendorem,
629 2181 681 2202 etc.
703 2184 712 2200 ι
735 2175 807 2202 Nam
826 2175 931 2202 caeteris

143 2221 171 2248 in
195 2220 287 2253 rebus,
319 2221 406 2254 inquit
426 2221 473 2256 (ε),
502 2228 545 2248 me
567 2220 663 2256 quovis
688 2221 797 2248 homine
826 2221 932 2256 segnio-

985 979 1077 1014 Neque
1096 981 1177 1008 ditior
1193 981 1242 1007 fuit
1254 981 1496 1016 Constantinopoli.
1513 991 1522 1008 (
1539 982 1682 1015 Pecunias,
1701 994 1710 1010 ι
1725 983 1773 1010 in-

985 1027 1043 1062 qnit
1057 1026 1104 1062 (i),
1124 1036 1134 1052 ι
1165 1028 1302 1062 eripient‘t
1321 1027 1349 1054 Si
1368 1035 1443 1055 meas
1461 1028 1589 1062 quidem,
1610 1030 1660 1064 ipsi
1676 1031 1770 1059 eadem

984 1080 1064 1107 opera
1085 1081 1186 1107 pennas
1204 1074 1296 1106 etiam,
1319 1074 1416 1109 quibus
1438 1075 1550 1102 minimc
1568 1077 1678 1104 indutus
1699 1085 1772 1111 sum,

985 1119 1153 1146 :tbscindant.
1168 1129 1177 1145 ι
1192 1119 1219 1146 In
1236 1120 1367 1152 carmine,
1384 1128 1437 1155 quo
1451 1120 1586 1149 Julianutn
1616 1129 1773 1157 exasquato-

985 1172 1041 1191 rem
1058 1168 1142 1199 rogat,
1157 1169 1185 1192 ut
1207 1172 1263 1192 rem
1278 1164 1441 1192 familiarem
1460 1167 1637 1202 vectigalibus
1653 1168 1767 1201 eximat,

984 1211 1022 1237 ait
1033 1211 1074 1246 tj)
1086 1218 1150 1238 suas
1162 1218 1193 1238 se
1204 1218 1271 1246 opes
1284 1212 1459 1246 pauperibus,
1473 1213 1562 1240 studio
1577 1213 1696 1241 ferendae
1709 1223 1772 1242 cru-

984 1257 1033 1288 cis,
1044 1264 1179 1291 erogasse,
1195 1264 1298 1293 easque
1310 1265 1481 1286 communem
1504 1259 1695 1292 navigantibus
1708 1268 1771 1295 por.

984 1307 1039 1329 tum
1060 1310 1130 1336 esse,
1151 1310 1294 1335 commune
1309 1303 1491 1339 indigentibus
1510 1305 1652 1333 auxilium.
1669 1306 1729 1334 Alio
1744 1307 1771 1335 itt

983 1348 1103 1376 carmine
1119 1349 1154 1384 (k)
1173 1356 1203 1377 sc
1225 1349 1282 1384 ipse
1309 1350 1480 1385 interrogans
1500 1351 1544 1377 ubi
1560 1351 1615 1378 sitit
1636 1360 1712 1386 opes,
1726 1361 1770 1380 re-

983 1395 1096 1430 spondet
1112 1404 1119 1422 :
1136 1404 1145 1420 t
1155 1395 1265 1424 Partem
1279 1396 1350 1424 Deus
1364 1397 1458 1428 habet,
1471 1402 1574 1431 partem
1589 1398 1702 1425 alteram
1715 1406 1762 1426 see

983 1441 1084 1468 leratus
1097 1440 1171 1468 livor
1185 1441 1329 1476 rapacibus
1341 1441 1466 1469 manibus
1481 1442 1601 1469 tradidit.
1616 1451 1626 1467 ι
1642 1443 1771 1470 Scriberis
1788 1441 1791 1444 “

983 1487 1071 1514 amico
1094 1487 1139 1521 qui
1158 1486 1301 1514 nonnullos
1327 1487 1361 1514 ab
1386 1495 1418 1514 eo
1439 1487 1521 1514 libros
1537 1494 1706 1522 poposcerat,
1731 1489 1772 1516 his

982 1539 1042 1560 eum
1062 1533 1153 1561 verbis
1172 1533 1320 1568 alloquitur
1337 1533 1370 1568 ll)
1394 1541 1401 1560 :
1419 1543 1428 1559 r
1449 1533 1525 1566 Quod
1548 1534 1570 1561 si
1592 1534 1638 1561 tibi
1667 1535 1772 1562 videtur

984 1578 1095 1605 minime
1119 1579 1333 1613 philosophicum
1356 1586 1419 1606 esse
1441 1579 1571 1606 librorum
1587 1580 1703 1614 pretium
1721 1588 1771 1615 po-

982 1623 1101 1657 stulare,
1117 1628 1145 1651 tu
1166 1624 1232 1651 mihi
1258 1624 1400 1658 pecuniam
1420 1625 1503 1655 solve,
1516 1624 1692 1658 objectionetn
1721 1635 1773 1653 att-

982 1673 1035 1696 tetn
1051 1674 1122 1696 tuam
1144 1670 1248 1697 solvent
1264 1677 1406 1705 pauperes.
1428 1680 1438 1695 ι
1464 1670 1529 1703 Qu:e
1544 1670 1651 1705 quidem
1680 1671 1773 1698 omnia

981 1714 1140 1750 Gregorium
1154 1715 1280 1743 omnibus
1298 1723 1328 1744 se
1347 1715 1522 1744 facultatibus
1536 1717 1646 1744 exuisse
1670 1717 1773 1752 liquido

981 1761 1178 1789 demonstrant.

983 1829 1049 1862 LVI,
1066 1830 1144 1857 LVII.
1165 1830 1262 1857 Omnia
1273 1853 1280 1864 ,
1294 1830 1395 1857 litteras
1412 1838 1522 1864 quoque,
1540 1830 1643 1856 Christo
1659 1831 1772 1857 dimisit.

1018 1866 1078 1892 Alia
1096 1875 1171 1897 vanu,
1189 1866 1243 1892 ulta
1258 1871 1295 1892 est
1310 1866 1384 1892 utilis
1397 1865 1554 1899 eloquentia,
1572 1865 1674 1899 [urnula
1691 1867 1770 1893 verbi.

1017 1901 1094 1927 Hunc
1109 1901 1158 1927 sibi
1180 1907 1201 1926 et
1218 1901 1308 1927 amicis
1330 1905 1436 1933 exoptat
1458 1899 1610 1934 Gregorius.
1636 1899 1712 1927 Hanc
1728 1909 1773 1926 so-

1017 1936 1069 1962 lam
1085 1935 1285 1970 complectitur:
1302 1938 1351 1962 hac
1367 1943 1447 1970 quam
1464 1937 1577 1962 maxime
1595 1936 1752 1962 delectatur.

1018 1990 1089 2018 Nihil
1103 1991 1174 2017 enim
1190 1990 1240 2017 sibi
1260 1998 1292 2018 ex
1308 1990 1434 2017 omnibus
1457 1990 1576 2017 servavit
1599 1997 1697 2026 praeter
1715 1992 1772 2018 elo<

984 2038 1132 2072 quentiam,
1149 2045 1229 2072 quant
1249 2041 1325 2064 tanto
1352 2037 1458 2069 labore,
1479 2038 1630 2072 peragratis
1648 2038 1772 2072 pluribus

983 2083 1101 2112 Orientis
1113 2087 1192 2117 atque
1202 2082 1358 2110 Occidentis
1373 2083 1529 2117 regionibus
1541 2089 1746 2117 comparaverat
1761 2092 1769 2112 :

986 2138 995 2154 ι
1017 2129 1104 2157 Unum
1124 2128 1189 2156 ntihi
1215 2129 1241 2155 in
1261 2129 1399 2156 amoribus
1416 2128 1483 2162 fuit,
1512 2129 1599 2163 inquit
1619 2128 1678 2163 (ιη),
1698 2129 1771 2156 ιίιιες

984 2183 1074 2202 rarum
1101 2176 1201 2206 decus,
1226 2182 1294 2208 quas
1318 2175 1384 2202 mihi
1405 2178 1597 2208 compararunt
1622 2175 1719 2202 Oriens
1744 2180 1772 2202 et

983 2221 1126 2254 Occidens,
1140 2225 1169 2248 et
1182 2219 1295 2248 Graeciaa
1309 2225 1510 2252 ornamentum,
1527 2220 1651 2248 Athenae.
1677 2220 1704 2247 III
1730 2221 1773 2248 his

142 2274 200 2293 rem
213 2274 245 2293 ac
257 2266 452 2301 languidiorem
467 2274 527 2294 esse
541 2275 593 2294 non
608 2266 726 2298 inlicior,
736 2273 844 2294 omnem
857 2267 929 2294 enim
946 2265 969 2292 D
983 2267 1028 2293 diu
1046 2266 1214 2300 multumque
1230 2266 1366 2297 laboravi;
1385 2265 1432 2292 sed
1445 2270 1473 2292 et
1489 2265 1548 2292 illas
1565 2272 1664 2299 pronas
1678 2273 1772 2292 coram

142 2312 318 2346 cupiditatem
341 2312 438 2346 abjeci,
461 2320 495 2339 ex
513 2320 567 2347 quo
583 2312 692 2339 Christo
708 2320 805 2340 nomen
824 2313 897 2345 dedi,
917 2322 926 2338 ι

141 2357 187 2392 ἀφ’
205 2354 237 2384 οὗ
259 2357 368 2393 Χριστῷ
384 2357 590 2394 συνεταξάμην;
611 2366 621 2383 ‹
645 2365 731 2392 neque
748 2365 781 2385 ex
805 2358 931 2386 omnibus

141 2402 234 2434 rebus,
256 2409 317 2436 quae
331 2402 392 2430 aliis
409 2403 538 2438 jucunda:
553 2407 581 2430 et
602 2403 760 2437 expetendae
775 2403 860 2430 videri
883 2411 927 2430 so-

141 2447 208 2478 lent,
224 2447 277 2474 ulla
301 2452 404 2481 teneor,
424 2455 476 2475 tton
497 2448 604 2482 opibus,
632 2457 642 2474 ι
662 2453 714 2475 etc.
738 2447 857 2475 Plurima
877 2449 930 2476 alia

140 2492 183 2520 fas
197 2493 242 2520 hic
255 2498 328 2520 esset
339 2492 442 2520 referre
460 2493 493 2520 de
507 2493 563 2520 vita
578 2493 716 2528 gestisoue
731 2493 854 2529 Gregorii
870 2501 931 2529 post

139 2543 298 2573 Susceptum
335 2539 488 2573 baptisma,
520 2539 598 2574 cujus
633 2539 719 2574 gratia
756 2547 790 2567 eo
820 2540 930 2567 uberior

139 2584 191 2610 iuit
205 2583 250 2618 (f),
266 2584 338 2618 quod
352 2585 434 2612 simul
450 2592 480 2612 se
498 2586 622 2612 asceticze
639 2585 701 2612 vitae
720 2586 887 2613 consecrarit
901 2590 927 2613 et

188 2705 214 2747 ει)
229 2705 341 2747 μεθ
354 2705 463 2747 Maiin.
479 2705 541 2738 378,
557 2704 608 2733 col.
621 2704 647 2733 t.

188 2740 207 2768 b'
229 2741 246 2768 9
262 2740 335 2772 Maii,
354 2748 380 2774 p.
399 2740 461 2767 579.

187 2747 213 2816 c5
227 2775 305 2816 IOHI.
327 2775 372 2816 VII
387 2775 458 2808 Maii,
475 2783 502 2810 p.
517 2775 579 2809 659,
596 2775 648 2804 col.
670 2776 683 2803 1
707 2780 733 2804 et
747 2776 777 2804 2.

187 2811 216 2845 ά)
231 2810 284 2838 Vit.
302 2819 329 2845 p.
345 2811 372 2838 8.

187 2849 212 2880 ε)
225 2846 272 2873 0r.
286 2846 332 2877 Ἡ,
348 2854 374 2872 n.
388 2846 415 2872 5.

188 2881 210 2915 Ῑ)
222 2881 312 2908 Carm.
331 2881 368 2912 De
382 2882 435 2907 vita
448 2889 507 2909 sua.
528 2888 554 2908 v.
575 2880 638 2909 270.

179 2915 215 2950 (ιι)
230 2916 302 2949 'I‘il|.,
315 2921 334 2944 t.
352 2915 404 2951 ix,
419 2924 445 2951 p.
460 2915 522 2943 337.

984 2312 1095 2340 Christo
1108 2311 1214 2342 demisi,
1231 2311 1360 2345 humique
1373 2309 1457 2343 aﬂixi,
1469 2313 1597 2338 cedentes
1612 2318 1710 2345 magno
1726 2311 1773 2338 Dei

987 2355 1084 2385 Verbo.
1112 2356 1183 2390 quod
1209 2363 1316 2383 omnem
1344 2355 1470 2382 humanae
1496 2355 1597 2382 mentis
1621 2355 1727 2382 varium
1745 2361 1771 2382 et

984 2402 1138 2430 mutabiletn
1154 2409 1308 2429 sermonem
1325 2401 1403 2435 longe
1422 2406 1544 2435 superat.
1564 2410 1574 2426 ι
1591 2400 1696 2428 Caetera
1715 2402 1774 2436 quiv

983 2449 1042 2475 dem
1064 2448 1154 2475 omnia
1171 2447 1324 2474 volentibus
1349 2447 1458 2481 reliquit
1471 2466 1479 2478 ,
1499 2454 1573 2481 opes,
1597 2447 1705 2482 generis
1724 2455 1773 2474 uo-

982 2494 1124 2526 bilitatem,
1135 2494 1260 2529 gloriam,
1274 2499 1346 2527 etc.;
1361 2499 1389 2520 at
1402 2493 1584 2528 eloquentiam
1601 2494 1685 2521 solam
1701 2501 1774 2521 cont-

982 2539 1076 2575 plexos
1093 2544 1148 2572 est,
1166 2547 1216 2567 nec
1234 2540 1366 2574 suscepti,
1394 2545 1423 2566 ut
1438 2547 1497 2566 eam
1514 2540 1565 2566 sibi
1590 2545 1772 2573 compararet.

981 2585 1083 2613 laboris
1102 2593 1163 2612 eunt
1189 2592 1307 2621 unquam
1333 2585 1469 2621 ptenituit.
1495 2584 1529 2612 Ut
1556 2585 1627 2611 enim
1653 2591 1720 2610 rana
1745 2589 1773 2613 et

962 2696 969 2703 '
1017 2705 1054 2741 (It)
1072 2707 1162 2735 Carm.
1174 2707 1213 2735 De
1233 2707 1293 2734 Vita
1306 2716 1367 2740 sua,
1381 2716 1406 2736 ν.
1421 2709 1484 2736 tvo.

1017 2742 1048 2774 (ὁ)
1062 2743 1108 2770 0r.
1124 2743 1169 2775 26,
1185 2751 1213 2770 n.
1229 2743 1273 2770 16.

1019 2777 1052 2811 (j)
1067 2777 1158 2811 Carm.
1177 2778 1212 2804 al.
1230 2777 1275 2810 ιε),
1291 2779 1323 2805 ad
1342 2778 1442 2806 Julian.

1020 2813 1057 2845 (lt)
1073 2813 1161 2844 Carm.
1179 2813 1213 2839 al.
1235 2812 1260 2845 8,
1274 2814 1307 2840 ad
1321 2814 1448 2848 seipsum.

1021 2848 1051 2882 (Ι)
1072 2848 1118 2881 Ep.
1136 2848 1170 2874 al.
1190 2848 1249 2876 I99.

1021 2887 1067 2917 (nt)
1086 2883 1174 2915 Carm.
1194 2884 1230 2910 De
1244 2884 1298 2912 reb.
1315 2885 1381 2918 suis,
1394 2892 1418 2912 ν.
1439 2884 1474 2912 98
1493 2889 1518 2912 et
1532 2892 1594 2921 aeq.
