2055 3130
288 189 342 218 175

933 182 1015 210 ῊΤΑ
1035 182 1064 210 S.
1086 179 1262 210 GREGOBII.

1865 174 1915 202 ΠΕ

288 245 394 276 inutilis
409 250 450 272 est
467 243 622 279 eloquentia
633 263 640 276 ,
654 251 713 277 qua:
729 243 754 270 in
772 241 862 270 verbis
879 241 1010 268 duntaxat
1023 239 1073 266 sita
1091 243 1114 270 Α
1127 243 1154 265 et
1171 238 1252 263 vitam
1276 235 1424 263 solitariam
1445 237 1554 268 ageret,
1576 237 1602 259 et
1625 231 1781 267 parentibus
1797 231 1913 258 debitam

287 297 343 327 est,
357 299 437 327 quant
455 295 617 326 aspernatur
628 293 656 316 et
669 290 780 316 damnat
792 287 956 321 Gregorius;
968 287 1007 314 sic
1023 286 1075 312 alia

289 345 333 368 est
345 339 423 374 cujus
437 337 580 366 utilitatem
596 336 729 371 agnoscit,
745 339 774 362 et
787 334 964 368 patrocinium
978 333 1076 360 adver-

289 393 336 414 sus
353 385 488 414 Iulianum
501 384 625 419 suscipit,
639 390 719 419 quem
738 383 764 410 in
784 381 854 409 nulla
872 389 902 408 re
925 381 1010 416 magis
1025 380 1075 406 ini-

290 440 372 466 qtmm
388 436 416 458 et
431 430 593 458 sceleratum
610 437 641 457 se
662 428 812 464 przebnisse
829 426 979 459 existimat,
995 433 1076 461 quam

292 485 352 505 cum
368 484 507 504 sermones
521 476 628 511 eripere
642 474 806 503 Christianis
821 473 945 501 tentavit.
971 482 981 500 ι
1001 472 1077 500 Unde

291 523 383 558 igitur,
411 533 421 549 ι
446 523 532 557 inquit
555 522 692 549 Iulianum
717 520 857 555 alloquens
880 520 929 555 (α),
960 528 969 545 ι
996 519 1078 546 11οῐῺο

290 570 410 599 omnium
429 568 584 601 levissime,
602 567 654 595 hoc
671 567 720 594 tibi
746 567 773 594 in
798 571 915 594 mentem
941 565 1024 597 venit,
1049 569 1078 591 ut

292 622 431 643 sermones
446 613 611 641 Christianis
627 611 766 647 eriperes?
795 621 803 636 ι
831 610 877 638 Sic
895 610 1077 638 Christianam

290 661 472 697 eloquentiam
502 664 591 687 tuetur
615 663 709 686 contra
730 659 907 692 Apostatam;
935 656 1005 683 hanc
1027 655 1078 682 sibi

291 712 318 734 et
337 706 432 733 amicis
448 708 559 739 exoptat
575 711 582 730 :
607 712 616 729 ι
638 702 677 738 (b)
694 703 781 737 Atque
796 702 898 728 utinam
916 701 992 733 mitti,
1011 701 1078 728 anti-

291 753 383 787 cisque
397 751 464 778 meis
477 757 631 778 sermonum
645 749 727 776 robur
741 747 828 775 adsit!
845 757 854 773 t
869 747 942 774 llanc
953 747 1036 774 solam
1050 753 1080 774 se

291 798 446 833 complecti,
467 802 559 832 utpote
577 795 651 823 verbi
675 795 814 827 famulam,
835 802 885 822 nec
909 801 1026 828 unquam
1047 792 1080 820 li-

291 844 387 871 bcnter
416 842 602 878 neglecturum
638 841 707 868 hanc
735 840 934 875 possessionem
961 839 1078 871 fatetur;

292 889 357 924 quin
372 888 462 924 potius
477 895 536 914 eam
552 891 580 914 et
596 886 687 914 colere
703 890 731 912 et
747 884 909 916 exosculari,
935 883 1080 917 majorem-

293 942 346 968 que
366 941 398 961 ex
413 941 446 960 ea
461 932 626 967 voluptatem
652 938 769 965 capere,
792 937 872 965 quam
899 937 932 957 ex
955 929 1080 956 omnibus

293 981 354 1008 aliis
371 979 452 1006 rebus
470 979 496 1006 in
515 981 598 1005 tinum
617 977 754 1010 collectis,
771 977 868 1012 quibus
889 976 1011 1010 plerique
1031 975 1081 1003 de-

294 1026 429 1054 lectantur
445 1033 453 1052 z
467 1025 539 1052 hanc
553 1024 603 1051 sibi
619 1024 701 1051 totius
716 1023 778 1050 vitae
792 1022 904 1055 sociam,
926 1027 952 1048 ut
967 1022 1080 1056 probum

294 1070 493 1102 consiliarium,
509 1074 591 1104 atque
606 1076 802 1104 congerronem
813 1088 821 1100 ,
835 1072 862 1095 et
875 1068 969 1094 ducem
987 1067 1038 1094 vite
1053 1068 1080 1093 in

294 1117 392 1145 malum
408 1116 532 1148 ferentis,
552 1123 584 1142 ac
598 1120 750 1151 promptum
763 1113 975 1141 commilitonem
992 1113 1082 1140 adsci-

294 1171 379 1191 scere.
396 1163 428 1190 Et
441 1162 503 1197 quia
518 1161 715 1197 jucnmlitatem
733 1167 839 1186 omnem
853 1159 925 1186 humi
941 1159 1021 1186 sitam
1035 1166 1081 1185 as-

295 1210 471 1244 pernabatur,
486 1207 575 1234 omnis
595 1206 666 1233 illius
686 1212 763 1231 amor
785 1209 844 1239 post
867 1203 950 1230 Deum
973 1203 999 1230 in
1025 1203 1083 1230 elo-

295 1255 433 1290 quentiam
460 1253 642 1281 Christianam
663 1250 766 1278 etlusus
790 1255 847 1282 est,
874 1249 916 1277 vel
941 1249 1030 1284 potius
1055 1249 1081 1276 in

295 1301 378 1328 Deum
393 1306 516 1335 quoque,
532 1297 749 1333 quandoquidem
770 1297 803 1323 ad
829 1296 914 1322 Deum
933 1302 994 1322 cum
1020 1302 1083 1330 pru-

296 1348 386 1375 dentia
405 1346 485 1381 rapit,
500 1353 547 1381 per
561 1351 641 1380 quam
659 1343 742 1371 etiam
760 1343 829 1370 Deus
844 1343 949 1369 sincere
964 1341 1081 1376 percipi-

297 1399 351 1427 tur,
364 1399 391 1420 et
402 1396 589 1425 conservatur,
604 1396 685 1425 atque
697 1391 724 1416 in
739 1389 817 1416 nobis
832 1389 974 1415 adolescit.

297 1440 386 1467 LVIII.
412 1439 505 1466 Fidem
525 1439 616 1465 datam
644 1437 696 1463 Deo
718 1444 768 1462 non
794 1434 888 1469 fefellit
912 1434 1083 1470 Gregorius:

435 1482 485 1510 qua
502 1473 579 1500 modo
594 1473 682 1498 datam
699 1471 798 1498 Basilio
815 1470 949 1505 fefellerit.

333 1520 386 1548 Sed
403 1527 457 1554 quo
477 1526 527 1546 nos
545 1518 615 1552 rapit
637 1517 736 1549 oratio,
759 1517 792 1543 de
810 1516 933 1551 Gregorii
949 1514 1034 1542 ell‘uso
1057 1515 1083 1542 in

297 1565 478 1602 eloquentiam
503 1571 595 1592 amore
611 1562 794 1590 disserentes?
815 1563 854 1589 Ad
875 1562 962 1596 ipsutn
982 1560 1085 1596 Grego-

298 1613 367 1639 rium
387 1615 566 1643 revertamur,
590 1616 669 1644 quem
685 1608 799 1636 Athenis
816 1608 941 1635 reducem
956 1607 982 1634 in
1005 1607 1085 1634 domo

298 1663 411 1694 paterna
432 1657 609 1692 reliquimus,
631 1655 719 1683 media
746 1655 916 1682 incedentem
935 1655 978 1682 via
1003 1662 1083 1690 quam

299 1705 406 1734 inierat.
423 1708 453 1730 ut
471 1702 552 1730 simul
569 1701 622 1729 voti
638 1701 822 1736 sponsionem,
838 1708 890 1735 qua
907 1700 962 1728 Deo
982 1701 1086 1736 obliga-

299 1754 344 1776 tus
371 1753 441 1779 erat.
471 1747 606 1782 impleret,
629 1751 657 1775 et
684 1746 782 1774 debitre
807 1747 965 1781 parentibus
992 1747 1084 1782 pietati

301 1795 404 1821 faceret
419 1793 500 1823 satis.
518 1792 557 1820 sic
575 1793 690 1827 agendo,
714 1792 853 1827 vitamque
872 1792 1040 1820 instituendo
1058 1797 1087 1819 ut

300 1842 416 1869 alterum
445 1840 523 1867 alteri
557 1848 610 1867 non
641 1843 836 1875 postponeret,
865 1841 912 1867 sed
942 1845 1087 1874 utrumque

299 1887 430 1922 expleret.
453 1886 544 1914 Basilii
567 1886 677 1920 quidem
702 1885 819 1920 querelis
838 1885 1005 1920 respondens
1017 1885 1087 1913 Gre~

300 1933 402 1967 gorins,
419 1932 518 1958 fatetur
540 1938 570 1958 se
582 1931 725 1966 promissis
746 1938 797 1958 non
815 1931 934 1962 stetisse,
956 1937 984 1957 et
1006 1931 1085 1958 ﬁdem

300 1979 437 2005 fefellisse.
452 1977 550 2004 Verum
566 1977 697 2012 promissa
719 1977 776 2005 hazc
790 1981 817 2003 et
833 1977 912 2004 fidem
929 1975 1088 2003 datatn‘Ba-

301 2025 363 2051 sitio
377 2023 512 2058 intelligit,
524 2023 567 2049 cui
582 2022 696 2049 Athenis
715 2029 745 2049 se
761 2029 822 2049 cum
843 2022 900 2056 ipso
917 2022 943 2048 in
958 2022 1084 2048 solitudi-

303 2078 375 2102 nem,
392 2074 421 2096 ut
437 2069 518 2096 vitam
541 2073 634 2103 ageret
654 2067 814 2099 solitariam,
837 2075 1007 2095 recessurum
1026 2075 1089 2103 pro-

302 2117 424 2144 miserat.
439 2114 488 2142 His
501 2114 652 2149 promissis,
665 2113 760 2147 utjam
775 2118 953 2140 memoratum
968 2118 1019 2146 est,
1035 2121 1087 2140 non

303 2163 389 2196 stetit,
401 2162 472 2190 hanc
486 2161 566 2189 ﬁdem
582 2160 678 2189 fefellit
692 2168 700 2186 :
720 2169 730 2186 ί
747 2159 783 2195 (c)
803 2159 880 2187 Haud
895 2164 991 2193 sponte
1006 2167 1038 2187 ac
1053 2160 1088 2186 li-

304 2210 415 2241 benter;
428 2208 475 2235 sed
487 2207 558 2242 quod
572 2206 616 2234 lex
630 2205 715 2241 legem
730 2205 886 2240 superarit,
905 2213 936 2233 ea
950 2205 1087 2236 nimirum,

303 2262 363 2289 qua:
382 2258 507 2288 parentes
521 2251 707 2286 colerejubet,
725 2251 810 2287 legem
825 2251 977 2278 sodalitatis
993 2259 1024 2278 ac
1048 2251 1088 2278 fa-

303 2298 477 2326 miliaritatis.
496 2307 505 2323 ι
522 2297 576 2325 Sed
597 2298 676 2324 tidem
695 2297 784 2324 datam
800 2296 856 2324 Deo
877 2296 1030 2324 nullatenus
1047 2295 1087 2324 fc-

304 2343 383 2375 feltit,
396 2343 592 2378 promissisque
611 2343 697 2376 stetit,
714 2350 775 2370 eam
799 2343 915 2378 primum
938 2342 963 2369 in
986 2342 1088 2370 :edibus

304 2389 425 2425 paternis
443 2390 526 2416 vitam
541 2389 654 2424 agendo,
670 2397 751 2424 quam
767 2389 793 2416 in
810 2388 953 2416 solitudine
966 2394 1088 2416 aeturum

304 2442 334 2461 se
346 2435 436 2461 fuerat
454 2433 607 2468 pollicitus;
627 2441 659 2462 ac
683 2433 780 2461 deinde
797 2434 822 2461 in
840 2440 942 2465 eremo,
957 2433 983 2460 in
1007 2440 1087 2467 quain

304 2479 349 2507 ubi
362 2479 478 2514 primum
494 2478 571 2505 licuit
583 2486 613 2506 se
626 2478 739 2512 recepit.

304 2526 373 2554 LIX.
395 2524 483 2552 Vitam
497 2532 599 2559 quoque
619 2525 769 2551 solitariam
789 2524 871 2559 egisse
885 2523 1040 2558 Gregorium
1059 2524 1086 2550 in

320 2561 451 2593 Tiberina,
466 2561 493 2586 in
507 2568 559 2595 qua
573 2560 654 2594 situm
668 2566 723 2586 erat
736 2560 892 2596 Arianzum,
905 2559 1027 2586 credibile
1038 2564 1087 2586 est.

340 2607 408 2640 Quin
426 2607 508 2633 etiam
523 2605 652 2633 credibile
664 2611 705 2632 est
717 2604 888 2639 Gregorium,
901 2611 962 2631 cum
974 2605 1092 2633 Athenis

306 2654 333 2680 in
343 2654 414 2680 κύθε
425 2658 554 2688 paternas
569 2651 704 2684 rediisset,
717 2650 781 2678 hinc
797 2652 822 2676 in
835 2649 989 2678 Tiberinam
1003 2651 1091 2685 regin-

305 2706 367 2726 nem
384 2705 413 2726 se
428 2697 584 2730 contulisse,
604 2696 648 2724 ubi
673 2696 819 2723 Arianzum
840 2703 904 2727 rus,
925 2695 983 2729 ejus
1001 2696 1091 2724 natale

306 2744 404 2776 solum,
420 2744 500 2770 situm
523 2748 581 2771 erat
598 2750 651 2770 non
666 2742 744 2777 longe
761 2749 774 2769 a
791 2741 946 2775 Nazianzo;
964 2746 992 2769 ut
1011 2742 1090 2770 simul

341 2801 597 2835 (a)0r.4.n.10l.
918 2793 923 2799 ⁷

342 2839 378 2870 (b)
395 2837 472 2870 lbid.,
489 2846 517 2864 ιι,
537 2837 599 2864 100.

341 2871 441 2907 (1:)I‘Ip.
464 2873 499 2899 al.
521 2873 547 2900 ες.

343 2912 382 2941 (τι)
396 2907 453 2933 l’ua
463 2908 558 2940 Basil.,
570 2916 595 2942 p.
605 2908 649 2935 Ilii.

1127 284 1289 311 charitatem
1318 286 1409 316 posset
1435 280 1577 312 exhibere;
1607 286 1639 305 ac
1665 283 1796 312 praeterea
1825 277 1914 302 datam

1128 328 1206 355 fidem
1221 327 1321 354 Basilio
1333 330 1461 357 servaret,
1479 332 1558 359 quem
1573 328 1603 351 ut
1617 323 1643 350 in
1658 323 1727 350 hanc
1744 321 1915 348 solitudinem

1128 381 1158 401 se
1176 373 1313 401 conferret
1328 372 1426 400 litteris
1440 370 1572 398 invitavit.
1590 369 1655 397 llluc
1668 367 1774 395 venisse
1789 363 1916 395 Basiliam

1127 419 1276 446 verisimile
1290 422 1350 451 est,
1366 416 1491 452 quamvis
1508 415 1601 449 longas
1622 421 1674 442 non
1689 413 1797 440 duxerit
1816 418 1917 438 moras.

1128 465 1208 492 Nova:
1227 464 1353 492 editionis
1370 463 1549 498 epistolarum
1567 460 1660 488 Basilii
1677 464 1770 487 auctor
1787 457 1917 492 agnoscit,

1128 511 1216 545 primo
1229 510 1357 537 Basilium
1370 510 1396 537 in
1410 508 1567 535 Tiberinam
1580 507 1701 540 recipere
1714 512 1774 532 sese
1784 503 1915 536 voluisse,

1128 556 1199 590 quod
1225 555 1268 582 bis
1292 555 1372 588 epist.
1397 553 1431 580 M
1456 552 1546 580 verbis
1571 551 1714 579 confirmat
1736 550 1775 584 (Δ)
1790 557 1798 576 :
1815 557 1825 574 ι
1844 548 1920 575 Nunc

1130 599 1211 634 igitur
1231 598 1376 633 intelligis,
1393 605 1447 632 quo
1467 603 1518 631 ego
1534 594 1646 630 periculi
1669 593 1769 620 stultus
1787 591 1919 622 venerim,

1130 647 1176 683 qui
1203 647 1291 674 locum
1309 645 1440 681 ejusmodi
1460 651 1521 671 cum
1536 642 1675 673 Tiberina,
1690 641 1764 668 orbis
1785 646 1920 667 terrarum

1130 694 1269 725 barathro,
1280 692 1453 719 'commutare
1467 688 1664 717 contenderim.
1679 697 1689 714 ι

1130 749 1272 778 LX-LXII.
1296 748 1371 775 Nihil
1394 748 1481 774 minus
1497 755 1552 773 esse
1574 745 1709 773 videbatur
1734 743 1877 778 Gregorius
1894 743 1922 769 in

1500 782 1571 817 quod
1591 781 1677 814 reipsa
1699 773 1921 817 elabudlolestiqs

1165 821 1236 854 parit
1253 814 1430 853 Cregoriorréi
1447 814 1590 854 [arniliaris
1611 823 1685 854 cura.
1707 814 1839 853 Basilium
1855 814 1922 840 invi-

1166 849 1203 882 tat
1219 861 1246 881 ut
1264 855 1297 880 ad
1305 849 1338 880 ’ξςε
1355 849 1452 886 veniat,
1468 859 1494 878 ut
1510 852 1597 879 omnia
1610 852 1661 878 sint
1677 849 1836 876 communia.

1098 917 1118 944 Β
1168 911 1226 945 Qun
1241 918 1305 945 ergo
1328 915 1449 944 tempore
1470 907 1615 942 Gregorius
1640 905 1823 933 coniectorum
1843 903 1922 931 annis

1135 961 1278 992 parentum
1293 962 1386 982 curant
1402 953 1496 990 gessit,
1513 951 1580 979 nihil
1596 951 1685 978 minus
1702 957 1763 977 csse
1781 949 1923 976 videbatur

1134 1011 1214 1038 quam
1230 1003 1301 1036 quod
1320 1001 1409 1036 reipsa
1425 1004 1494 1028 erat.
1513 999 1580 1026 Pars
1597 1004 1713 1032 namque
1728 997 1786 1030 ejus
1804 995 1922 1029 philoso-

1134 1049 1203 1085 phiae
1218 1049 1275 1076 haec
1291 1048 1352 1079 fuit,
1368 1056 1377 1072 ι
1398 1045 1432 1081 (ε)
1449 1045 1507 1072 Νοη
1525 1044 1610 1072 videri
1624 1043 1761 1078 primaria).
1775 1041 1836 1068 vita:
1849 1041 1925 1067 labo-

1135 1103 1179 1123 res
1193 1094 1346 1125 exantlare.
1361 1093 1500 1127 magisque
1513 1099 1575 1118 esse
1590 1097 1671 1125 quam
1685 1088 1771 1116 videri
1787 1087 1842 1114 Deo
1856 1087 1924 1114 ami-

1135 1149 1207 1169 cum.
1225 1140 1278 1167 Sed
1304 1140 1389 1173 major
1405 1146 1466 1165 eum
1489 1139 1600 1165 tenebat
1623 1137 1815 1167 monachorum
1835 1141 1923 1164 amor,

1135 1187 1262 1222 quamvis
1279 1185 1416 1212 videretur
1433 1185 1505 1211 inter
1525 1184 1622 1211 multos
1637 1182 1750 1209 versari.
1769 1191 1778 1207 ι
1798 1180 1853 1208 Nec
1872 1181 1926 1207 mi-

1136 1240 1187 1260 nus
1208 1232 1311 1258 interea
1329 1231 1484 1266 parentibus
1499 1237 1606 1256 omnetn
1629 1228 1772 1255 exhibebat
1793 1227 1925 1254 sollicitu-

1136 1278 1235 1310 dinem,
1256 1285 1351 1304 eorum
1376 1281 1514 1303 senectam
1535 1274 1640 1304 fovens,
1669 1273 1734 1300 nihil
1752 1272 1835 1307 magis
1851 1272 1926 1307 pium

1137 1328 1210 1351 ratus
1222 1330 1301 1358 quam
1318 1322 1433 1356 primum
1451 1328 1511 1354 post
1525 1321 1606 1346 Deum
1620 1319 1775 1354 parentibus
1795 1319 1925 1345 honorem

1138 1377 1274 1406 prmstare.
1302 1368 1494 1395 Verumtamen
1521 1367 1559 1394 rei
1587 1366 1728 1393 familiaris
1757 1372 1849 1391 curam
1875 1364 1926 1391 sibi

1137 1416 1270 1450 maximas
1284 1414 1386 1441 fatetttr
1405 1412 1529 1439 attulisse
1545 1411 1693 1438 molestias.
1712 1420 1720 1437 ι
1741 1410 1778 1446 (f)
1796 1409 1927 1437 Parentes

1137 1461 1245 1495 quidem
1262 1460 1409 1486 observans
1425 1463 1452 1485 et
1463 1457 1557 1485 fovens
1572 1457 1726 1484 laborantes
1736 1476 1744 1488 ,
1760 1457 1858 1491 spebus
1869 1456 1926 1482 ani-

1138 1514 1211 1533 mum
1229 1505 1403 1536 dcliniebam,
1419 1503 1516 1537 inquit,
1534 1508 1563 1530 ut
1577 1503 1708 1537 optitnum
1723 1502 1825 1536 aliquid
1840 1501 1927 1528 adim-

1138 1553 1225 1587 plens,
1245 1558 1271 1579 et
1290 1552 1416 1586 imposito
1438 1550 1552 1584 [erigens
1573 1558 1588 1576 a
1611 1554 1706 1576 natura
1724 1549 1823 1576 ollicio.
1843 1547 1926 1576 Certo

1098 1600 1120 1628 C
1138 1605 1245 1626 constat
1260 1598 1396 1625 baratltris
1413 1597 1541 1624 refertam
1566 1602 1625 1623 esse
1639 1595 1823 1630 itnproborum
1842 1595 1927 1627 viam,

1140 1645 1358 1680 quandoquidem
1381 1643 1446 1670 mihi
1460 1643 1541 1669 etiam
1558 1650 1591 1669 ex
1606 1642 1677 1668 bono
1701 1642 1800 1668 malum
1825 1642 1926 1668 evenit.

1140 1690 1206 1718 Nam
1225 1691 1314 1717 multa:
1329 1697 1370 1716 me
1385 1694 1412 1715 et
1426 1688 1545 1715 molesta:
1558 1687 1763 1720 sollicitudines,
1779 1694 1840 1722 qua:
1856 1694 1930 1714 men-

1142 1743 1194 1764 tem
1213 1744 1245 1764 ac
1263 1736 1383 1763 tnembra
1403 1734 1447 1761 die
1467 1742 1499 1761 ac
1518 1738 1598 1761 nocte
1624 1733 1731 1765 rodunt,
1749 1741 1765 1760 e
1781 1732 1851 1760 coelo
1868 1733 1928 1760 ani-

1141 1791 1212 1810 tnam
1228 1783 1253 1809 in
1268 1787 1356 1809 terras
1371 1780 1509 1816 dejiciunt.
1524 1779 1643 1807 Primum
1658 1779 1764 1814 quidem
1779 1780 1865 1806 servis
1879 1780 1930 1806 im-

1142 1836 1237 1864 perare
1263 1828 1342 1862 quale.
1363 1827 1438 1854 exitii
1459 1826 1537 1853 rete?
1553 1826 1598 1861 qui
1615 1826 1729 1853 acerbos
1749 1826 1858 1860 quidem
1878 1825 1929 1853 do-

1142 1875 1230 1902 minos
1260 1881 1368 1908 semper
1400 1874 1534 1905 oderunt,
1564 1873 1623 1906 pios
1645 1878 1735 1899 autem
1761 1872 1931 1906 impudenter

1142 1920 1319 1951 conculcant;
1338 1926 1387 1946 nec
1404 1919 1481 1946 malis
1497 1919 1605 1953 placidi,
1620 1925 1669 1946 nec
1682 1918 1760 1945 bonis
1773 1918 1884 1945 dociles.
1898 1937 1907 1944 .
1921 1936 1930 1944 .

1143 1967 1244 1994 Deinde
1258 1974 1321 1993 vero
1336 1974 1391 1993 rem
1406 1966 1566 1993 familiarem
1585 1965 1785 1998 administrare,
1802 1970 1829 1992 et
1841 1965 1931 1992 Ctesa~

1142 2014 1180 2040 ris
1197 2013 1302 2047 pondus
1331 2013 1449 2039 humeris
1474 2019 1581 2046 semper
1604 2012 1753 2044 sustinere,
1777 2019 1810 2039 ac
1835 2012 1931 2040 duram

1143 2059 1236 2086 audire
1249 2059 1382 2085 exacturis
1405 2065 1534 2086 vocem...
1550 2057 1667 2085 Posthac
1681 2063 1770 2085 autem
1786 2056 1859 2085 circa
1875 2057 1931 2085 fre-

1144 2104 1250 2137 quentis
1265 2103 1314 2130 fori
1335 2104 1489 2135 tumultum,
1512 2108 1539 2130 et
1556 2103 1634 2130 sedes
1657 2103 1797 2136 excelsas,
1821 2104 1932 2131 miseris

1144 2148 1236 2176 lttlbllS
1249 2149 1380 2176 sollicitos
1396 2149 1511 2180 versari,
1526 2153 1552 2176 et
1562 2156 1717 2175 sermonum
1735 2148 1931 2183 dehtigantium

1144 2194 1258 2229 strepitu
1281 2195 1404 2225 obtundi,
1418 2202 1450 2221 ac
1466 2194 1552 2229 legum
1569 2194 1730 2221 volubilibus
1746 2193 1850 2229 laqueis
1873 2202 1932 2222 mo~

1145 2241 1237 2268 lestias
1251 2240 1323 2275 pati;
1340 2241 1383 2268 ubi
1396 2249 1492 2277 pugna:
1505 2247 1533 2269 et
1552 2242 1669 2274 labores,
1682 2249 1714 2269 ac
1726 2242 1804 2269 malis
1815 2242 1875 2276 plus
1888 2243 1933 2270 tri-

1105 2281 1127 2309 D
1143 2286 1232 2312 buitur
1253 2293 1333 2320 qualn
1351 2286 1441 2318 bonis,
1461 2286 1564 2320 ipsique
1587 2286 1674 2321 legum
1700 2285 1794 2313 arbitri
1809 2286 1932 2321 utrisque

1143 2331 1270 2365 venales;
1288 2336 1315 2359 et
1329 2332 1468 2367 improbus
1481 2332 1504 2359 si
1521 2332 1602 2359 ditior
1618 2333 1663 2364 sit,
1678 2332 1701 2360 is
1715 2332 1832 2366 optimus
1846 2337 1899 2360 est.
1918 2342 1929 2359 ι

1142 2378 1217 2404 Licet
1238 2382 1294 2404 tota
1325 2377 1382 2405 haec
1408 2377 1530 2413 Gregorii
1556 2378 1624 2405 ratio
1652 2378 1679 2406 in
1705 2378 1767 2405 vitae
1794 2378 1930 2411 instituto,

1142 2424 1220 2450 laudo
1242 2429 1322 2458 atque
1345 2424 1527 2451 admiratione
1556 2424 1635 2459 digna
1661 2424 1796 2456 videatur,
1826 2424 1932 2451 dubitat

1145 2475 1235 2497 tamen
1246 2469 1287 2496 vir
1303 2475 1415 2497 sanctus
1432 2469 1481 2506 (g),
1500 2478 1534 2497 au
1551 2470 1612 2498 hinc
1632 2470 1684 2498 sibi
1703 2470 1791 2497 omnis
1804 2470 1865 2497 vita
1878 2469 1930 2498 dif-

1144 2516 1250 2543 ficultas
1265 2516 1450 2550 asperitasque
1469 2515 1588 2548 ﬂuxerit,
1610 2523 1659 2551 per
1680 2524 1761 2552 quam
1778 2516 1929 2544 incommo-

1144 2562 1206 2589 dunt
1225 2569 1256 2589 ac
1274 2562 1441 2588 salebrosum
1459 2562 1491 2588 ad
1509 2562 1705 2596 philosophiam
1721 2562 1773 2589 iter
1788 2562 1927 2593 habuerit,

1142 2615 1191 2635 nec
1209 2607 1342 2634 desiderio
1355 2615 1404 2634 suo
1417 2608 1554 2642 animique
1569 2609 1709 2643 proposito
1723 2608 1789 2635 satis
1806 2609 1925 2643 dignum.

1105 2683 1111 2690 Ι
1144 2652 1234 2685 Quare
1249 2651 1350 2679 Basilio
1365 2652 1487 2680 scribens
1501 2653 1660 2687 objectanti,
1676 2653 1746 2688 quod
1765 2661 1817 2680 ttna
1834 2661 1925 2680 secum

1142 2698 1169 2724 in
1185 2697 1356 2724 solitudinem
1379 2705 1438 2725 sese
1460 2706 1512 2725 non
1527 2698 1686 2733 recepisset,
1705 2699 1928 2732 quemadmodum

1143 2743 1176 2770 ab
1201 2743 1316 2770 Athenis
1342 2750 1371 2770 se
1398 2742 1518 2771 facturos
1546 2751 1639 2771 mutuo
1659 2745 1860 2778 promiserant,
1880 2745 1928 2771 da-

1179 2801 1215 2834 (e)
1228 2800 1318 2828 Carm.
1335 2801 1370 2827 De
1383 2802 1435 2828 vita
1448 2811 1506 2832 sua,
1521 2809 1546 2828 ν.
1564 2801 1627 2829 525.

1180 2836 1217 2870 (Ῑ)
1236 2836 1326 2871 Carm.
1345 2836 1383 2863 De
1398 2837 1451 2863 reb.
1473 2839 1537 2869 suis,
1555 2845 1578 2866 ν.
1601 2837 1649 2864 157
1667 2843 1694 2864 ct
1711 2844 1769 2871 seq.

1181 2871 1218 2906 (g)
1237 2870 1284 2897 0r.
1300 2870 1344 2903 45,
1365 2881 1391 2898 n.
1408 2872 1453 2901 25.
