2055 3130
129 193 177 221 ΓΠ
633 204 644 216 ι

758 199 760 202 ’
777 196 857 224 VITA
877 195 906 222 S.
926 194 1102 223 GREGORII.

1706 189 1758 218 178

129 259 236 288 tamque
255 254 333 281 fidem
348 255 496 289 fefellisset,
512 257 537 284 id
549 257 619 285 ultro
633 259 742 289 fatetur,
757 266 787 286 ac
802 258 915 292 pl‘mllil-
931 259 953 286 A
969 257 1109 292 agebatur,
1129 260 1156 283 ct
1178 264 1259 292 quam
1280 256 1338 291 ipse
1363 253 1501 286 traduxit,’
1516 261 1577 282 cum
1595 252 1674 288 panis
1690 252 1758 278 adeo

128 299 160 326 tit
183 300 312 335 deinceps
328 307 358 328 se
380 301 459 330 ﬁdem
478 309 659 334 servaturum.
679 314 688 331 ι
706 305 800 333 Fidem
824 304 916 338 fefelli,

129 345 215 380 inquit
233 346 282 383 (η).
302 367 309 374 .
335 367 342 376 .
361 367 370 376 .
392 357 445 376 non
471 355 561 378 autem
580 359 690 386 prorsus
708 353 816 385 fallam,
833 352 917 387 siqui-

128 391 189 418 dem
208 392 259 419 hoc
276 398 381 428 gratum
402 395 448 422 tibi
467 395 586 425 futurum
600 403 653 425 est.
667 398 768 426 Partim
782 399 854 426 enim
869 406 918 426 nos

129 440 216 462 tecum
231 437 342 470 erimus,
353 439 450 473 partim
463 439 520 473 ipse
532 441 671 469 nobiscum
683 449 744 469 esse
758 450 800 475 ne,
816 450 916 476 qumso,

132 482 265 516 graveris,
279 488 308 510 ut
322 485 411 511 omnia
429 486 483 512 sint
497 487 650 514 couununia
661 508 668 520 ,
681 493 709 515 et
723 488 835 523 aequalis
851 489 918 514 ami-

129 528 202 554 citia.
218 528 264 556 Sic
276 530 346 556 enim
362 531 420 564 lict,
434 536 464 558 ut
481 539 529 559 nec
544 538 669 566 parentes
686 541 803 562 maerore
816 533 919 561 allicia-

128 582 198 608 mus,
214 580 241 602 el
258 580 284 603 te
302 576 434 604 fruamur.
454 587 463 604 ι
483 578 520 605 Ita
539 579 688 614 Gregorius
712 581 827 608 amicum
851 582 919 608 invi-

128 625 167 648 tat
179 627 209 648 ut
223 623 256 649 ad
273 630 303 650 se
319 623 421 656 veniat,
437 624 541 652 scilicet
557 626 583 652 in
598 626 769 654 solitudinem
784 627 918 655 Tiberinre

128 668 260 703 regionis,
279 677 336 704 quae
351 677 412 696 eum
437 670 579 699 Nazianzo
597 672 685 699 vicina
706 678 787 707 esset,
813 674 837 700 id
862 682 918 701 mo-

129 712 197 740 leste
215 722 268 741 non
286 713 388 742 (errent
401 721 539 749 parentes,
551 717 649 751 quibus
664 717 745 744 etiam
762 722 852 751 posset
868 717 919 745 sol-

129 758 299 787 licitudinem
319 761 485 795 impendere,
504 767 532 789 et
547 763 628 790 simul
647 771 708 790 cum
723 764 811 790 amico
826 763 918 790 solita-

130 804 198 831 riam
220 805 302 832 vitam
321 813 412 841 agere,
435 811 465 834 ut
487 807 621 843 pollicitus
643 808 741 836 fuerat.
763 808 819 836 Non
837 810 919 844 igitur

128 849 245 877 Basilius
270 851 421 886 Gregorio,
448 858 477 879 ut
499 853 584 880 visum
602 853 774 882 Bollaudistis
796 855 845 891 (b).
872 854 917 882 sed

128 894 275 931 Gregorius
300 896 399 925 Basilio
422 899 536 926 suadere
551 905 664 927 conatus
685 906 727 928 est
748 906 776 928 ut
796 901 821 928 in
836 901 918 929 Tibe—

128 942 216 969 rinatn
244 943 382 977 regionem
406 945 554 973 secederet.
581 945 664 973 Recte
684 951 773 974 tamen
800 947 874 974 aiunt
890 955 919 976 se
934 934 955 962 Β

129 995 180 1014 non
195 989 331 1022 dubitare,
345 991 410 1025 quin
426 990 574 1019 Arianium
591 994 744 1020 excurrerit
758 992 871 1020 Basilius
885 993 918 1020 ad

129 1034 270 1062 visendum
286 1036 414 1063 amicum.

129 1090 225 1119 LXIII.
248 1092 382 1127 Basilius,
407 1099 541 1131 exstrue/0
567 1097 744 1128 monasterio,
765 1094 919 1131 Gregorium

405 1129 511 1156 allicere
525 1135 647 1157 conatur.

162 1174 269 1201 Interea
283 1173 413 1207 Basilius,
433 1176 479 1210 qui
497 1176 612 1203 docendi
626 1184 723 1203 munus
744 1177 814 1211 apud
835 1176 920 1204 Czrsa-

129 1218 232 1246 rienses
244 1219 392 1254 abiecerat,
404 1223 437 1248 ad
454 1223 524 1255 quod
541 1230 602 1249 eum
624 1222 744 1255 piissima
770 1231 848 1250 soror
864 1223 920 1249 Μη-

129 1266 204 1293 crina
218 1286 225 1298 ,
242 1274 295 1295 nec
325 1275 377 1294 non
404 1268 551 1303 Gregorius
580 1269 748 1303 impulerant
764 1289 772 1302 ,
790 1270 863 1296 varia
893 1270 918 1297 in

129 1311 240 1340 Oriente
257 1318 283 1340 et
297 1314 414 1350 Egypto
428 1315 520 1341 invisit
537 1316 700 1342 monasteria
713 1335 720 1347 ,
739 1320 766 1342 et
781 1317 853 1343 circa
876 1324 921 1342 an-

128 1367 192 1385 num
221 1360 274 1387 558
293 1360 319 1386 in
345 1361 460 1394 patriam
487 1368 630 1392 reversus,
653 1361 725 1388 nulla
757 1362 920 1396 interposita

129 1413 205 1432 mora
221 1426 228 1437 ,
248 1406 274 1433 in
293 1406 466 1434 solitudinem
492 1414 552 1434 sese
575 1408 691 1442 recipit,
716 1407 813 1434 ardens
831 1409 920 1436 studio

128 1451 259 1484 praeclara
274 1452 402 1478 virtutum
419 1453 541 1486 exempla
559 1453 694 1485 imitandi,
707 1461 768 1488 quae
780 1453 806 1480 in
826 1461 921 1481 mona-

129 1498 221 1524 steriis
237 1497 358 1533 Egypti,
373 1492 526 1526 Palaestinae
536 1519 543 1531 ,
555 1499 713 1534 Guelesyriae
726 1505 753 1526 et
767 1499 921 1534 Mesopota-

130 1541 201 1573 ntire,
220 1549 271 1568 non
286 1542 346 1569 sine
365 1547 475 1577 stupore
485 1550 675 1577 conspexerat.
690 1544 819 1572 Idoneum
836 1552 922 1572 seces-

129 1587 171 1612 sui
186 1586 277 1613 locum
304 1587 336 1613 ad
357 1588 442 1622 ripam
469 1587 549 1615 Iridis
563 1588 655 1621 ﬂuvii,
677 1590 722 1624 qui
744 1597 776 1618 ex
793 1588 920 1617 Armenia

129 1637 206 1659 ortus
221 1631 337 1659 Pontum
356 1633 471 1668 irrigat,
487 1634 521 1660 ab
537 1635 610 1661 omni
638 1642 751 1669 prorsus
779 1635 920 1663 hominum

129 1678 325 1705 consuetudine
341 1682 474 1706 remotum
490 1679 570 1715 elegit
584 1688 600 1707 e
623 1681 733 1715 regione
751 1683 922 1715 monasterii,

128 1724 200 1757 quod
220 1726 252 1751 ad
268 1724 383 1752 alteram
398 1725 521 1760 ejusdem
540 1725 614 1753 ﬂuvii
630 1727 714 1762 ripam
729 1727 850 1755 Macrina
861 1736 924 1755 con-

129 1774 279 1797 struxerat.

128 1826 223 1854 LXIV.
234 1827 267 1854 In
282 1827 451 1855 solitudinem
462 1827 497 1854 ad
513 1827 643 1864 Basiliam
662 1837 689 1855 se
706 1829 806 1864 confert
823 1838 832 1856 :
847 1831 923 1857 ambo

163 1864 247 1889 vitam.
272 1864 411 1889 nacetiram
438 1867 531 1897 agunt.
558 1863 625 1890 Vita:
650 1867 812 1898 austeritas,
834 1873 921 1892 rerum

162 1898 267 1930 inopia,
282 1906 408 1924 manuum
419 1898 503 1930 labor,
520 1903 573 1926 etc.

165 1953 226 1982 Illic
238 1955 343 1990 primus
356 1954 477 1982 omnium
492 1954 519 1980 in
533 1953 703 1989 Cappadocia
727 1957 809 1983 vitam
831 1964 924 1984 cteno-

132 2001 258 2033 biticam,
277 2008 357 2036 quant
381 2001 511 2028 solitariae
523 2000 602 2036 longe
618 2001 814 2035 praeferendam
832 2003 924 2030 existi-

130 2047 237 2080 mabat,
254 2047 372 2074 instituit
385 2047 667 2082 Basilius.0ptaverat
682 2048 794 2075 fratrem
806 2049 923 2083 aliquem

131 2093 254 2127 reperire
267 2111 275 2124 ,
291 2093 336 2128 qui
352 2093 436 2120 vitam
451 2093 597 2120 asceticam
619 2092 803 2128 proﬁteretur,
818 2099 847 2121 ut
872 2103 924 2122 una

130 2146 191 2167 cum
209 2146 244 2166 eo
269 2139 379 2166 brevem
407 2139 487 2174 hujus
509 2140 571 2167 vitae
596 2139 706 2166 ﬂuctqu
732 2141 922 2174 pertransirct.

131 2185 299 2219 Speraverat
310 2193 338 2212 se
349 2193 411 2212 cum
424 2185 554 2220 Gregorio
569 2186 722 2218 victurum;
736 2187 785 2213 sed
798 2187 923 2222 imposita

131 2232 222 2259 amico
235 2231 358 2259 fovendae
373 2237 515 2266 parentum
541 2232 691 2260 senectutis
707 2233 858 2261 necessitas
871 2235 922 2261 im-

970 302 1053 328 durus
1072 306 1265 336 apponeretur,
1281 305 1311 327 ut
1328 300 1422 327 dentes
1445 299 1599 338 frangeret;
1629 301 1758 330 tantaque

969 352 1028 375 erat
1053 354 1144 374 rerum
1167 346 1289 374 omnimn
1314 346 1404 381 inopia
1420 365 1428 378 ,
1445 349 1474 372 ut
1491 344 1544 372 nisi
1561 347 1649 370 mater
1659 341 1755 368 Basilii

968 398 1118 427 opportune
1132 392 1315 419 succurrisset
1328 411 1336 423 ,
1352 390 1524 418 moriendum
1552 389 1660 417 fuisset.
1674 388 1757 415 Gom-

970 442 1103 464 mcmorat
1122 438 1204 465 etiam
1225 437 1373 472 Gregorius
1389 435 1510 463 laborem
1536 442 1663 461 manuum
1677 453 1684 464 ,
1700 433 1755 460 Au-

970 483 1020 517 gia:
1045 483 1137 510 limum
1165 491 1181 510 e
1206 483 1286 511 domo
1314 487 1486 518 exportatum
1519 486 1549 508 ut
1578 481 1649 508 horti
1678 480 1756 507 I'erli-

969 529 1008 557 les
1021 530 1208 562 redderentur,
1221 537 1253 556 ae
1268 530 1388 556 immane
1398 528 1549 564 plaustrum
1564 535 1613 555 sua
1628 531 1655 555 et
1664 526 1757 554 Basilii

969 577 1077 604 cervice
1106 577 1287 611 manibusque
1312 579 1440 604 tractum.
1455 574 1504 602 His
1524 574 1599 602 addit
1622 573 1757 609 lignorum

969 623 1197 657 comportationes
1214 627 1240 650 et
1255 622 1426 657 lapicidinas.
1445 621 1573 648 arborum
1589 620 1758 648 consitiones

969 673 994 695 et
1012 669 1191 704 irrigationes.

970 724 1051 753 LXV.
1074 724 1169 752 Studio
1191 732 1328 751 sacrarum
1356 723 1504 750 litterarum
1520 723 1663 755 incumbit,
1677 729 1758 756 eoque

1093 760 1182 786 studio
1195 759 1308 792 miriﬁce
1324 758 1468 786 delectatur
1481 758 1633 793 Gregorius.

1006 806 1083 840 Quod
1106 809 1249 840 supererat
1276 804 1324 832 otii
1343 804 1377 831 ab
1399 803 1525 831 asceticae
1548 803 1610 830 vitae
1636 803 1758 835 muniis,

971 853 1176 886 Scripturarum
1198 851 1370 878 meditationi
1392 850 1594 885 impendebant.
1625 849 1652 876 ld
1678 849 1758 884 longe

969 899 1152 934 gratissimum
1181 902 1242 926 erat
1265 897 1396 932 Gregorio
1410 917 1418 928 ,
1437 897 1480 924 cui
1506 896 1539 923 de
1553 896 1616 923 vitae
1633 895 1760 922 instituto

970 945 1135 972 consultanti
1153 951 1184 971 ac
1200 943 1341 971 fluctuanti
1365 950 1455 970 utrum
1473 942 1606 977 eligeret,
1624 941 1689 969 illud
1704 948 1759 976 pne

971 991 1031 1019 aliis
1042 991 1195 1026 eligendum
1210 990 1299 1017 visum
1314 990 1415 1021 fuerat,
1433 990 1460 1016 in
1473 996 1527 1024 quo
1541 988 1710 1023 frequentius
1726 995 1760 1014 ac.

971 1037 1085 1064 liberius
1113 1043 1208 1064 sacros
1229 1035 1315 1063 libros
1327 1042 1437 1062 versare
1462 1042 1493 1061 ac
1516 1033 1641 1061 meditari
1658 1036 1760 1067 posset.

969 1083 1058 1111 Ambo
1076 1083 1161 1119 igitur
1173 1082 1358 1110 concordibus
1379 1080 1488 1110 animis.
1505 1080 1563 1115 pari
1580 1079 1670 1107 studio
1684 1079 1760 1113 pari-

972 1137 1025 1165 que
1039 1137 1167 1157 successu
1179 1136 1267 1156 saerae
1281 1127 1344 1155 huic
1364 1127 1473 1154 lectioni
1492 1126 1662 1157 incumbunt,
1677 1129 1761 1158 atque

972 1183 1021 1203 eos
1037 1175 1142 1203 fructus
1160 1174 1321 1209 percipiunt,
1340 1174 1385 1207 qui
1398 1179 1450 1200 non
1466 1173 1545 1199 modo
1558 1172 1584 1199 in
1595 1179 1671 1199 suam
1688 1170 1762 1205 ipso-

971 1230 1042 1254 rum,
1055 1228 1149 1248 verum
1171 1219 1292 1247 etiamin
1314 1218 1442 1246 Ecclesia:
1461 1218 1544 1245 totius
1559 1217 1702 1244 utilitatem
1717 1223 1762 1243 re-

971 1269 1136 1296 dundarunt.
1161 1266 1258 1293 Nullus
1284 1265 1379 1292 dubito
1405 1265 1471 1300 quin
1497 1263 1556 1291 haec
1579 1263 1612 1290 ad
1644 1263 1760 1297 primum

971 1313 1094 1349 Gregorii
1121 1320 1259 1340 secessum
1277 1311 1447 1346 pertineant,
1462 1317 1513 1336 nee
1524 1309 1648 1337 dubitare
1668 1307 1763 1335 sinunt

972 1361 1030 1388 hmc
1054 1359 1135 1386 verba
1162 1358 1247 1392 ipsius
1273 1356 1398 1392 Gregorii
1419 1355 1520 1382 Basilio
1543 1354 1710 1386 scribentis,
1734 1357 1763 1380 et

971 1411 1032 1442 post
1044 1406 1147 1440 aliquot
1161 1411 1249 1432 annos
1261 1403 1393 1439 pristinas
1404 1402 1467 1430 illas
1479 1401 1603 1433 delicias,
1618 1406 1687 1434 quas
1700 1406 1762 1426 cum

972 1452 1030 1487 ipso
1060 1452 1087 1479 in
1114 1458 1222 1479 secessu
1254 1450 1467 1485 degustaverat,
1494 1446 1675 1475 desiderantis
1693 1445 1756 1480 (d):

975 1507 984 1524 ι
1003 1497 1069 1531 Quis
1086 1504 1129 1524 me
1144 1496 1293 1524 secundum
1308 1493 1487 1530 pristinorum
1502 1491 1624 1519 .illorum
1654 1490 1760 1517 diermu

973 1548 1071 1571 statum
1087 1545 1249 1572 constituet.
1262 1541 1289 1568 in
1307 1541 1406 1574 quibus
1420 1546 1471 1574 ego
1485 1543 1575 1566 tecum
1588 1536 1762 1564 alllictiouem

974 1597 1022 1623 pro
1047 1588 1151 1616 deliciis
1166 1587 1297 1615 habebant
1311 1586 1368 1613 λ...
1391 1585 1457 1618 Quis
1471 1582 1637 1619 psalmodias
1652 1582 1713 1610 illas
1736 1587 1764 1609 et

975 1635 1082 1669 vigilias
1098 1634 1183 1664 dabit,
1197 1639 1279 1667 atque
1302 1633 1334 1659 ad
1352 1633 1435 1658 Deum
1454 1638 1502 1665 per
1514 1630 1665 1657 orationem
1681 1635 1760 1663 pere-

974 1682 1142 1717 grinationes
1157 1676 1312 1713 {illamque
1336 1678 1410 1705 velut
1437 1676 1550 1703 materia
1567 1680 1708 1702 vacantem
1734 1679 1763 1701 et

974 1727 1163 1759 ineorpoream
1178 1724 1260 1750 vitam
1274 1723 1285 1749 ‘l
1301 1723 1367 1755 Quis
1380 1722 1496 1748 fratrum
1512 1728 1617 1753 eorum,
1631 1719 1677 1754 qui
1703 1726 1717 1746 a
1736 1724 1762 1746 te

975 1773 1011 1799 dii
1028 1771 1215 1799 efﬁciebantur
1227 1774 1310 1804 atque
1334 1769 1360 1796 in
1378 1768 1463 1794 altum
1479 1767 1676 1798 evehebantur,
1694 1773 1761 1792 con-

975 1819 1096 1846 cordiam
1111 1817 1320 1851 animorumque
1336 1813 1556 1849 conjunctionem
1569 1814 1582 1839 ?
1597 1812 1663 1846 Quis
1673 1812 1763 1838 virtu-

975 1864 1010 1891 tis
1024 1869 1173 1894 certamen,
1186 1865 1213 1890 et
1233 1861 1266 1888 ad
1279 1867 1338 1888 eam
1353 1859 1550 1892 incitationem,
1562 1865 1644 1893 quam
1655 1857 1766 1892 scriptis

976 1909 1082 1944 legibus
1107 1898 1138 1935 ac
1159 1907 1261 1942 regulis
1279 1905 1506 1934 obﬁrmavimus?
1520 1904 1586 1938 Quis
1611 1904 1765 1931 divinorum

975 1953 1147 1981 oraculorum
1162 1951 1294 1984 studium,
1309 1951 1451 1984 lucemque
1465 1949 1491 1976 in
1508 1949 1574 1983 ipsis
1589 1949 1670 1976 ductu
1683 1953 1765 1982 atque

976 2000 1103 2034 auspiciis
1129 1998 1247 2034 Spiritus
1270 1997 1357 2025 sancti
1376 1995 1538 2024 inventam?
1557 2004 1567 2021 ι
1592 1993 1659 2022 Cum
1674 1998 1765 2021 autent

976 2047 1003 2074 in
1036 2046 1239 2080 Scripturarum
1266 2044 1357 2071 studio
1389 2043 1450 2078 plus
1482 2041 1603 2077 antiquis
1626 2041 1768 2075 scriptori-

977 2093 1026 2120 bus
1057 2099 1136 2126 quam
1168 2090 1278 2125 ingenio
1308 2089 1419 2124 proprio
1450 2087 1620 2120 tribuerent,
1650 2087 1765 2122 plurima

975 2146 1010 2165 ex
1041 2138 1157 2172 Origene
1184 2136 1350 2170 collegerunt
1373 2134 1562 2162 observatione
1583 2134 1684 2167 digna,
1707 2141 1766 2165 quze

975 2185 1003 2212 in
1038 2192 1120 2211 unum
1160 2190 1260 2218 corpus
1293 2181 1404 2209 redacta
1434 2180 1612 2207 Philoroliam
1643 2179 1767 2214 appella-

977 2235 1049 2258 I'IIIII.

129 2278 291 2312 Ῥθάίιηεηίο
309 2276 359 2304 tu“
371 2297 379 2310 ι
396 2285 449 2312 (ιυο
471 2278 560 2306 minus
575 2278 602 2305 id
618 2278 690 2313 Ψ]οά
716 2278 786 2306 Inter
802 2286 844 2312 se!
861 2287 921 2307 cum
940 2290 962 2317 D
978 2287 1071 2316 LXVI.
1085 2286 1235 2314 Philocnlia
1249 2291 1272 2312 et
1291 2285 1397 2318 Regula!
1411 2284 1564 2311 monasticm
1585 2288 1644 2311 sunt
1663 2283 1766 2318 fructus

130 2323 249 2350 Athenis
263 2329 452 2357 versarentur,
470 2324 541 2358 pacti
555 2324 663 2351 fuerant
677 2344 684 2356 ,
697 2331 922 2359 exsequerentur.

131 2370 307 2404 Quapropter
322 2377 354 2397 eo
368 2370 514 2397 destitutus
528 2369 655 2404 prmsidio
667 2391 674 2403 ,
688 2375 830 2405 postquam
847 2372 924 2399 varia

131 2414 261 2442 lusuavit
279 2416 462 2447 monasteria,
481 2417 556 2443 solus
573 2416 598 2442 in
619 2416 793 2443 solitudinem
811 2424 841 2444 se
853 2418 924 2445 reci-

131 2461 191 2495 pit;
207 2461 286 2495 cujus
311 2461 423 2488 delicias
450 2462 494 2488 ubi
515 2462 630 2496 primum
644 2462 784 2495 delibavil,
798 2463 868 2490 datis
889 2464 923 2491 ad

137 2506 300 2541 Gregorium
326 2506 445 2539 litteris,
463 2504 629 2542 periucunda
660 2507 712 2534 loci
739 2507 924 2542 descriptione

133 2561 194 2580 eum
213 2552 323 2580 allicere
337 2558 452 2581 conatus
469 2557 522 2580 est.
536 2552 684 2588 Gregorius
697 2553 778 2580 amici
793 2558 820 2580 et
833 2554 926 2581 solitu-

132 2599 205 2627 dinis
230 2599 370 2626 desiderio
393 2599 510 2634 ﬂagrans
526 2618 534 2631 ,
549 2607 630 2633 quam
649 2599 764 2633 primum
783 2599 879 2632 licuit,
899 2600 925 2626 in

133 2645 252 2672 Pontum
264 2645 297 2672 ad
314 2645 446 2672 Basiliam
463 2653 493 2672 se
507 2645 632 2677 contulit,
651 2652 723 2672 anno
743 2645 795 2673 358
815 2645 857 2673 vel
874 2645 926 2673 559

133 2692 179 2723 te).
194 2691 254 2718 Illic
270 2692 385 2718 miratur
404 2695 432 2718 et
452 2691 542 2718 laudat
561 2691 689 2718 eximiam
715 2691 842 2725 fratrum.
859 2700 928 2728 quos

133 2739 167 2765 ad
185 2739 314 2773 pietatem
333 2737 449 2765 Basilius
466 2738 643 2769 instituebat,
655 2738 828 2765 concordiam
841 2747 849 2772 ;
862 2746 926 2766 sua-

137 2792 197 2812 vem
213 2785 378 2818 psalmorum
393 2789 420 2810 et
435 2784 597 2818 hymnorum
609 2788 729 2815 cautum,
744 2791 798 2818 quo
812 2792 924 2819 magno-

132 2838 198 2864 pere
222 2831 374 2858 delectatus
400 2830 470 2862 l‘uit;
499 2830 581 2857 vitam
605 2837 752 2864 pauperem
768 2849 775 2861 ,
792 2838 852 2866 qum
869 2830 925 2858 illic

169 2890 209 2922 ίη)
225 2890 271 2922 Ep,
285 2889 319 2916 al.

169 2925 234 2961 (ιηει
254 2925 313 2952 Maii
330 2933 355 2959 p.
370 2923 432 2957 585,
450 2923 501 2951 col.
518 2923 544 2957 l,
558 2931 614 2951 not.
628 2923 656 2950 Β.

1157 2322 1302 2348 studiorum
1319 2319 1414 2346 Basilii
1423 2325 1446 2346 et
1461 2319 1589 2353 Gregorii.

1013 2369 1042 2396 In
1069 2367 1223 2395 ediscendis
1248 2366 1396 2399 Scripluris
1424 2365 1539 2393 Basilius
1564 2369 1591 2392 et
1616 2365 1767 2401 Gregorius

978 2420 1100 2443 mutuam
1120 2414 1171 2441 sibi
1187 2420 1297 2448 operam
1312 2411 1496 2447 praestabant,
1515 2406 1664 2439 familiares
1684 2412 1767 2439 etiant

977 2462 1010 2489 de
1027 2461 1070 2488 his
1087 2461 1160 2487 inter
1182 2466 1212 2486 se
1228 2465 1370 2486 sermones
1386 2457 1553 2485 conferendo
1564 2477 1572 2489 ,
1587 2465 1648 2484 cum
1665 2457 1691 2485 in
1704 2466 1766 2485 ere-

980 2514 1024 2534 mo
1038 2525 1045 2537 .
1065 2505 1109 2532 ubi
1137 2508 1271 2532 testantur
1287 2510 1334 2530 eas
1358 2509 1388 2529 se
1412 2502 1541 2529 didicisse
1554 2521 1563 2534 ,
1579 2507 1765 2529 versarentur.

980 2551 1032 2579 Sed
1059 2550 1222 2585 praecipuum
1252 2549 1278 2576 in
1302 2549 1458 2575 divinorum
1477 2548 1650 2579 oraculorum
1677 2549 1766 2575 studio

977 2597 1134 2632 magistrum
1150 2595 1269 2622 habuere
1285 2594 1415 2628 Spiritum
1434 2598 1572 2625 sanctum,
1593 2593 1670 2628 cujus
1683 2594 1764 2620 ductu

976 2647 1004 2669 et
1032 2641 1160 2676 auspiciis
1177 2640 1264 2667 lucem
1294 2640 1320 2667 in
1341 2640 1407 2674 ipsis
1429 2648 1444 2666 a
1469 2647 1498 2667 se
1521 2641 1658 2666 iuventam
1677 2639 1767 2666 deela-

977 2693 1049 2716 rant.
1064 2687 1166 2714 Praeter
1183 2685 1370 2717 l’hilocaliam,
1384 2686 1454 2712 alius
1465 2690 1553 2713 exstat
1568 2685 1672 2712 fructus
1689 2693 1766 2712 cout-

977 2734 1138 2762 morationis
1164 2733 1288 2768 Gregorii
1309 2732 1336 2759 in
1350 2732 1518 2759 monasterio
1530 2731 1636 2763 Basilii,
1649 2735 1676 2758 et
1690 2739 1766 2758 com-

979 2788 1060 2808 mune
1074 2780 1216 2814 utriusque
1231 2787 1299 2814 opus
1314 2799 1321 2811 ,
1339 2783 1367 2805 ut
1392 2785 1433 2805 ex'
1445 2778 1503 2812 ipso
1527 2777 1659 2813 Gregorio
1683 2777 1766 2804 disci-

979 2834 1041 2854 mus
1056 2846 1064 2858 ,
1079 2833 1175 2861 nempe
1187 2826 1260 2860 leges
1276 2825 1431 2852 monastica:
1444 2828 1470 2852 ct
1485 2823 1592 2859 rcgulm.
1609 2833 1618 2849 ε
1636 2823 1702 2857 Quis
1719 2824 1769 2851 da-

1018 2885 1052 2921 (c)
1067 2886 1148 2920 Greg.
1166 2894 1207 2919 ep.
1225 2885 1258 2912 al.
1277 2885 1303 2913 9.

1017 2922 1055 2959 (at)
1076 2922 1125 2956 Ep-
1141 2922 1176 2948 al.
1192 2923 1219 2949 υ.
